4018 6388
627 383 698 452 ιι
1061 404 1064 406 ν
2024 369 2438 432 ΡξιιεΡΑΤιο.
3785 358 3846 421 12

757 543 2335 572 _____________________________..

1693 715 2752 874 ΡΒᾹΞΕΑΤΙΟ.

1426 994 1918 1064 LECTORIBUS
1970 990 2257 1054 DOCTIS
2302 993 2403 1052 ΕΤ
2459 989 2911 1052 BENEVOLIS
2963 992 3023 1051 S.

689 1205 819 1256 Post
855 1210 932 1253 tot
960 1197 1215 1270 praeclara
1242 1206 1577 1250 summorum
1611 1191 1850 1244 virorum
1882 1187 1950 1242 de
1983 1167 2176 1240 horum
2208 1189 2250 1244 Α
2282 1181 2432 1235 bant.
2478 1181 2730 1235 Adhibita
2762 1195 2891 1250 ergo
2939 1179 3263 1244 attentione,
3313 1180 3614 1251 diligentia,
3663 1183 3852 1240 modeo

619 1289 1144 1349 Commentariorum
1166 1294 1386 1340 auctore
1405 1281 1628 1354 judicia,
1645 1279 1841 1348 quibus
1859 1277 1906 1330 ei
1932 1272 2176 1344 proprie-

621 1395 784 1439 tatem
838 1381 1128 1441 sermonis,
1191 1375 1510 1438 doctrinam,
1573 1385 1780 1434 curam,
1845 1364 2178 1437 diligentiam

618 1491 675 1531 et
698 1487 926 1528 acumen
956 1457 1243 1532 testantur,
1274 1458 1381 1520 non
1425 1467 1648 1517 necesse
1683 1459 1918 1521 videtur,
1952 1462 2012 1509 ut
2046 1453 2180 1508 mul.

621 1581 673 1622 ta
697 1567 813 1634 ejus
835 1564 888 1616 in
913 1561 1125 1616 laudent
1154 1569 1591 1613 comunt-morem.
1616 1551 1752 1605 illud
1791 1559 1998 1604 tantum
2022 1543 2179 1607 addo,

620 1659 786 1720 nulla,
819 1663 912 1709 aut
959 1661 1104 1707 certe
1156 1647 1479 1720 paucissima
1531 1644 1860 1699 Litterarum
1907 1651 2181 1695 sacrarum

619 1747 901 1812 vocabula,
955 1759 1074 1814 qua:
1121 1742 1175 1796 in
1227 1749 1458 1811 quatuor
1519 1735 1822 1806 Evangeliis
1859 1732 1943 1787 vel
1979 1730 2184 1784 .minus

624 1843 834 1903 Graeca,
868 1838 952 1892 vel
983 1837 1230 1898 obscura,
1262 1839 1574 1894 occurrunt,
1606 1829 1672 1884 ab
1711 1829 1815 1882 hoc
1850 1821 2181 1895 praetermis-

623 1949 680 1987 sa
714 1946 854 1992 esse.
886 1927 1016 1998 quin
1048 1923 1321 1980 vocabulis
1366 1921 1534 1992 magis
1566 1917 1866 1990 perspicuis
1905 1924 1959 1970 et
1986 1912 2184 1984 proba-

620 2023 901 2081 bilioribus
933 2001 1235 2088 explicarit.
1271 2015 1477 2070 Nexum
1529 2012 1790 2068 orationis
1832 2017 1887 2065 et
1919 2005 2185 2062 narratio-

619 2132 750 2170 num
778 2117 899 2168 cuin
927 2109 1282 2180 singulorum,
1315 2115 1427 2160 tum
1449 2105 1681 2176 plurium
1712 2101 2182 2172 evangelistarum,

621 2200 932 2256 acutissime
960 2193 1344 2251 animadvertit
1375 2208 1437 2248 ac
1459 2200 1648 2248 notat:
1685 2190 1993 2246 dissensum
2027 2185 2184 2241 facile

625 2303 682 2347 et
705 2290 976 2345 subtiliter
999 2288 1294 2356 componit.
1329 2283 1443 2338 Etsi
1494 2293 1677 2337 autem
1722 2283 1891 2335 multa
1949 2280 2184 2348 Chryso-

620 2392 818 2447 stomo,
856 2377 1302 2448 praestantissimo
1337 2375 1479 2429 inter
1502 2384 1732 2436 veteres,
1765 2386 1827 2425 ac
1860 2386 1997 2441 pene
2023 2372 2182 2422 dixe-

623 2475 744 2535 rizn,
804 2471 894 2526 uni
943 2468 1226 2537 interpreti
1270 2467 1430 2520 debet
1467 2465 1676 2518 :multa
1729 2465 1854 2516 item
1896 2476 1963 2517 ex
2003 2464 2187 2518 multis

2280 1273 2403 1337 stia,
2435 1281 2508 1331 et.
2545 1287 2664 1341 qua:
2691 1271 2776 1326 bis
2799 1271 2951 1325 libris
2983 1271 3035 1324 in
3086 1271 3271 1339 primis
3310 1272 3560 1335 debetur,
3616 1275 3721 1328 ﬁde
3750 1275 3850 1329 viri

2282 1368 2519 1431 honesti,
2559 1367 2700 1422 haud
2731 1366 2868 1421 adeo
2897 1366 3184 1422 dilﬁculter
3206 1369 3392 1422 verum
3414 1383 3442 1420 a
3469 1368 3600 1422 falso
3635 1387 3856 1440 separa-

2281 1463 2387 1509 tur.
2425 1454 2536 1508 Etsi
2572 1462 2754 1509 autem
2800 1453 3149 1524 Euthymium
3184 1454 3318 1509 satis
3335 1450 3653 1525 diligentem
3697 1468 3754 1511 et
3787 1457 3854 1510 li-

2281 1545 2455 1600 dclem
2492 1545 2742 1614 cognovi,
2803 1555 2983 1599 tamen
3043 1545 3314 1600 interdum
3365 1547 3484 1600 loca
3541 1547 3852 1602 litterarum

2281 1653 2558 1691 sacrarum
2593 1653 2702 1691 non
2743 1651 2811 1691 ex
2843 1635 3022 1691 Libris
3054 1637 3242 1700 sacris,
3275 1638 3370 1691 sed
3413 1653 3475 1690 ex
3502 1637 3856 1692 Commenta-

2281 1729 2376 1784 riis
2409 1730 2765 1798 interpretum
2799 1729 3002 1783 laudat.
3033 1728 3148 1794 Qua
3173 1729 3240 1783 de
3271 1744 3328 1781 re
3357 1729 3645 1798 aliquoties
3665 1731 3854 1782 monui

2282 1816 2336 1870 in
2371 1815 2955 1870 animadversionibus.
3006 1815 3348 1886 Deprehendi
3382 1818 3544 1871 etiam
3591 1819 3856 1872 vocabula

2281 1908 2350 1963 ab
2382 1909 2500 1978 ipso
2531 1908 2764 1978 primum
2791 1909 2957 1969 illata,
2986 1909 3244 1962 nonnulla
3283 1909 3445 1963 etiam
3492 1909 3714 1974 omissa,
3755 1911 3857 1965 sed

2283 2001 2556 2070 pauciora.
2585 1999 2813 2055 Codices
2849 1998 3263 2070 Evangeliorum
3317 2016 3499 2056 autem
3545 2015 3668 2056 cum
3690 2001 3857 2056 Com-

2283 2093 2563 2149 mentaiiis
2617 2102 2670 2148 et
2702 2093 2928 2157 catenis,
2959 2094 3115 2148 sicuti
3172 2092 3611 2164 Tthphylactus
3663 2094 3856 2160 etiam,

2282 2186 2349 2240 ad
2383 2201 2579 2240 manus
2631 2185 2820 2240 habuit
2857 2186 3143 2257 ejusmodi,
3191 2185 3498 2257 cuiusmodi
3556 2196 3685 2241 sunt
3744 2187 3858 2242 mei

2282 2276 2636 2343 Mosquenses
2691 2293 2743 2330 ο.
2782 2277 2835 2331 d.
2885 2292 2935 2332 e.
2985 2293 3037 2346 ε.
3073 2277 3161 2338 ltl,
3188 2278 3255 2332 de
3297 2277 3493 2348 quibus
3527 2277 3748 2347 exposui
3802 2277 3860 2331 in

2282 2363 2606 2420 Praefatione
2669 2382 2805 2421 mea:
2869 2365 3001 2421 Novi
3059 2367 3394 2423 Testantenti
3457 2370 3713 2425 editionis
3785 2369 3861 2423 ad

2287 2457 2632 2526 Evangirlium
2657 2458 2838 2512 Marci.
2872 2458 3076 2514 llorum
3107 2460 3413 2516 simillimos
3444 2461 3498 2515 in
3529 2461 3858 2518 bibliotheca

621 2564 740 2619 aliis
771 2561 952 2615 hausit
989 2577 1002 2613 :
1037 2574 1222 2614 omnes
1249 2558 1391 2612 enim
1420 2565 1543 2610 ante
1570 2569 1630 2609 se
1661 2553 2002 2609 consuluisse
2033 2555 2181 2609 vide-
2217 2525 2258 2580 Β
2287 2547 2530 2602 Parisina
2553 2557 2607 2602 et
2639 2547 3041 2603 Vindoboncnsi
3074 2553 3302 2616 servari,
3355 2554 3584 2623 cognovi
3642 2569 3704 2608 ex
3761 2553 3864 2607 Ri-

624 2667 709 2711 tur
738 2655 1056 2721 interpretes
1089 2667 1103 2704 :
1130 2661 1307 2704 tamen
1340 2647 1394 2700 in
1420 2654 1668 2716 promptu
1699 2654 1846 2710 sunt,
1868 2660 1985 2713 qua:
2003 2645 2070 2700 ab
2105 2646 2184 2716 ip-

622 2751 737 2803 sius
773 2746 1040 2809 doctrina,
1073 2743 1252 2798 studio
1281 2750 1335 2796 ct
1375 2740 1592 2811 ingenio
1635 2747 2002 2793 accesserunt.
2051 2738 2184 2804 Qni-

621 2841 726 2896 bus
759 2852 887 2908 ergo
915 2837 1090 2890 adhuc
1119 2835 1332 2905 ignotus
1365 2841 1448 2886 est
1475 2831 1816 2902 Euthymius,
1851 2831 1952 2896 eis,
1993 2839 2051 2884 u't
2102 2831 2185 2883 in-

623 2937 890 2990 notescat,
931 2925 1214 2988 suaserim,
1269 2933 1327 2977 ut
1362 2922 1548 2977 saltem
1585 2921 1770 2975 ultima
1791 2917 1903 2974 'tria
1939 2922 2184 2992 Evange-

622 3018 680 3072 lii
711 3013 944 3068 Matthxi
979 3011 1152 3081 capita
1183 3011 1531 3081 perlustrent.
1567 3007 1720 3062 lianc
1755 3009 1899 3062 enim
1953 3021 2184 3079 evange-

627 3112 742 3162 lica:
803 3104 1132 3160 narrationis
1180 3113 1386 3173 partem
1433 3110 1488 3156 et
1530 3117 1561 3154 a
1608 3100 2012 3172 Chrysostotno,
2055 3111 2111 3155 ct
2155 3117 2185 3156 a

626 3198 842 3268 Cyrillo,
892 3195 1050 3250 etab
1085 3192 1202 3246 aliis
1257 3190 1530 3246 veteribus
1587 3190 1943 3260 negligentius
1989 3199 2185 3245 tractae

626 3302 734 3344 tam
763 3285 1109 3357 deprehendi.
1145 3285 1221 3338 Ex
1253 3282 1498 3354 Origenis
1526 3291 1729 3347 autem,
1761 3282 1968 3347 nescio,
2002 3292 2184 3337 utrum

625 3385 800 3437 dicant
857 3373 1300 3437 Commentariis,
1353 3391 1421 3428 an
1475 3373 1928 3438 cavillationibus,
1976 3375 2187 3429 etiamsi

622 3471 806 3528 omnia
837 3471 954 3541 ejus
979 3469 1176 3537 scripta
1210 3466 1276 3520 ad
1322 3481 1512 3520 manus
1563 3464 1832 3529 habuerit,
1889 3465 2026 3519 nihil
2058 3481 2185 3536 pro-

627 3563 792 3615 ﬁcere
821 3554 1016 3629 potuit.
1041 3556 1296 3618 Textum,
1323 3570 1484 3624 quem
1517 3563 1731 3614 vocant.
1772 3554 2186 3626 EvangeliOrum

629 3648 802 3700 multo
860 3644 1078 3714 quidem
1147 3643 1464 3709 modestius,
1535 3642 1840 3696 accuratius
1882 3654 1933 3696 ct
1976 3643 2188 3698 fidelius

626 3738 895 3802 tractavit,
936 3751 1096 3806 quam
1156 3731 1494 3792 consuetudo
1533 3733 1634 3789 fuit
1671 3734 1884 3790 illorum
1915 3748 1968 3790 et
2020 3752 2186 3806 supe-

626 3831 832 3884 riorum
888 3838 1193 3898 temporum
1260 3831 1637 3895 interpretum.
1698 3824 1961 3894 Origenes
2018 3829 2183 3895 enim,

629 3923 856 3991 ejusque
881 3920 1083 3972 nimius
1115 3916 1410 3970 admirator
1440 3931 1501 3970 ac
1523 3916 1778 3983 imitator,
1805 3917 2187 3991 Hieronymus,

627 4014 682 4067 in
715 4012 899 4066 multis
921 4011 1139 4076 leviter,
1183 4009 1235 4062 in
1274 4009 1394 4063 aliis
1429 4008 1716 4078 perﬁdiose
1747 4010 1905 4065 etiam
1938 4020 2187 4082 egerunt.

630 4106 1046 4174 tilirysostomus
1083 4110 1283 4163 autem,
1308 4099 1630 4155 abundantis
1657 4099 1924 4157 facundia:
1961 4101 2185 4157 ﬂumine

629 4200 905 4267 abreptus,
949 4196 1148 4250 inultos
1174 4194 1500 4264 scriptorum
1551 4208 1831 4248 sacrorum
1886 4195 2031 4250 locos
2075 4203 2191 4249 tur-

629 4289 797 4353 bavit,
833 4286 1046 4357 disjecit
1097 4297 1155 4339 et
1214 4284 1504 4354 oppressit.
1555 4283 1632 4338 Ac
1689 4283 1953 4362 proiecto.
1989 4285 2033 4340 si
2069 4285 2189 4340 libri

631 4377 1078 4448 evangelistarum
1133 4383 1186 4429 et
1209 4375 1570 4443 apostolorum
1601 4391 1696 4439 per
1744 4378 1885 4431 solos
1926 4380 2193 4448 interpre-

634 4481 735 4534 tes,
763 4469 1117 4539 dogmaticos,
1151 4466 1440 4520 bomiletas
1467 4474 1521 4521 et
1549 4476 1758 4521 ascetas
1811 4467 1880 4522 ad
1932 4483 2032 4523 nos
2069 4483 2190 4538 per-

632 4563 930 4626 venissent,
963 4561 1163 4615 dudum
1193 4560 1244 4612 in
1277 4559 1441 4614 dubio
1497 4575 1859 4627 versaremur,
1890 4562 2020 4631 quid
2073 4571 2193 4616 tan-

633 4656 759 4710 dem
805 4652 883 4706 illi
933 4651 1273 4719 scripserint.
1322 4649 1476 4704 Nunc
1537 4649 1718 4704 autem
1767 4650 1953 4722 plures
2001 4653 2191 4707 scribae

633 4745 877 4800 codicum
917 4743 1081 4807 docti,
1122 4742 1312 4795 attenti
1353 4749 1401 4792 et
1445 4741 1647 4798 tideles.
1696 4756 1885 4811 parum
1936 4753 2189 4797 curantes

635 4837 713 4906 (α)
741 4833 1163 4905 dogmaticoruiu
1195 4841 1251 4887 et
1298 4835 1652 4900 interpretum
1683 4832 1767 4887 vel
1790 4849 1886 4902 per
1917 4833 2188 4888 levitatem

635 4939 689 4984 et
744 4928 1149 4998 negligentiam,
1209 4927 1293 4981 vel
1346 4941 1442 4997 per
1504 4925 1748 4980 fraudem
1803 4938 1854 4980 et
1907 4929 2186 4996 malitiam,

635 5031 824 5077 contra
855 5022 1098 5076 codicum
1151 5020 1310 5075 fidem
1363 5030 1417 5074 et
1465 5019 1838 5074 auctoritatem
1873 5021 2047 5077 illatas
2082 5024 2192 5077 lec-

636 5115 810 5169 tiones
835 5123 890 5168 et
924 5114 1235 5176 sententias,
1266 5111 1336 5177 id,
1393 5111 1533 5180 quod
1569 5113 1622 5164 in
1656 5112 1770 5165 suis
1823 5113 1954 5166 Novi
2005 5114 2191 5169 Testa-

637 5205 805 5259 menti
835 5203 1113 5258 codicibus
1145 5203 1503 5271 reperiebant,
1549 5203 1602 5256 in
1635 5218 1816 5267 suum,
1867 5205 1920 5256 in
1957 5205 2181 5258 aliorum

638 5297 937 5358 hominum,
966 5295 1019 5346 in
1059 5294 1311 5347 Ecclesia:
1339 5309 1492 5347 usum
1541 5294 1812 5362 publicum
1864 5297 2190 5352 transcribe-

711 5474 1101 5543 (ailtecordor,
1163 5477 1356 5527 ullCUbl
1390 5474 1441 5526 in
1496 5475 1713 5544 scriptis
1760 5475 2047 5539 Michaelis,
2088 5479 2186 5532 viri

635 5546 976 5613 perillus'tris,
1013 5548 1253 5598 eamdem
1308 5560 1613 5612 expressain
1673 5561 1788 5599 esse
1845 5550 2184 5601 sententiam.

639 5615 744 5666 b‘cd
782 5616 952 5665 locum
986 5617 1130 5666 illum
1164 5629 1306 5666 nunc
1344 5630 1448 5666 llUll
1483 5625 1717 5683 poterant
1745 5618 2002 5684 reperire.
2057 5620 2187 5672 Illud

637 5695 815 5735 autem
868 5685 1049 5736 Critici
1095 5686 1361 5737 acutiores
1392 5695 1446 5736 et
1482 5702 1508 5734 a
1541 5686 1771 5751 partium
1807 5687 1986 5739 studio
2027 5689 2186 5740 alit-ni

638 5764 832 5804 norunt
870 5769 1074 5816 omnes,
1111 5756 1157 5805 in
1203 5757 1388 5807 horum
1439 5770 1662 5808 numero
1702 5755 1849 5809 nullo
1898 5759 2054 5811 modo
2094 5758 2188 5811 lia-

2287 2639 2488 2694 cbardo
2523 2639 2786 2707 Simonio,
2824 2639 3131 2706 Lainbccio,
3171 2641 3502 2698 Treschovio
3525 2653 3579 2699 et
3601 2647 3861 2713 nuperri-

2286 2747 2372 2785 me
2411 2746 2476 2785 ex
2520 2731 2722 2785 Altero.
2774 2729 2992 2785 Similes
3040 2733 3201 2787 etiam
3233 2732 3484 2789 Birchius
3514 2736 3762 2790 adhibuit
3798 2736 3862 2790 in

2285 2821 2522 2877 editione
2556 2822 2874 2897 Hauniensi,
2923 2824 2996 2877 uti
3059 2838 3123 2877 ex
3175 2826 3450 2879 nonnullis
3491 2827 3646 2881 abeo
3693 2827 3863 2883 editis

2285 2914 2476 2985 eolligo
2503 2915 2744 2970 Scholiis.
2781 2914 2836 2969 Si
2870 2931 2998 2985 ergo
3031 2916 3354 2987 Euthymius
3385 2919 3523 2973 cum'
3545 2920 3864 2989 huiusmodi

2286 3007 2582 3072 codicibus,
2617 3018 2707 3060 aut
2734 3021 2856 3061 cum
2889 3006 3296 3078 Chrysostomo,
3323 3010 3551 3080 aliisque
3586 3011 3864 3080 interpre-

2289 3100 2431 3154 tibus
2462 3099 2751 3162 consentit,
2801 3099 2920 3168 ejus
2950 3109 3135 3154 contra
3166 3100 3422 3155 meliores
3461 3101 3675 3156 codices
3707 3102 3864 3156 nulla

2288 3198 2467 3261 potest
2507 3203 2626 3243 esse
2675 3190 2992 3242 auctoritas.
3047 3189 3189 3243 lllud
3243 3188 3404 3242 etiam
3443 3190 3496 3242 in
3549 3189 3865 3260 Euthymio,

2288 3279 2444 3336 sicuti
2468 3279 2519 3333 in
2562 3280 2804 3350 pluribus
2851 3278 3052 3334 Griecis
3095 3290 3150 3335 et
3193 3279 3404 3335 Latinis
3448 3281 3863 3350 interpretibus,

2287 3374 2552 3442 displicet,
2617 3371 2758 3441 quod
2825 3371 3174 3441 ἀντιγράφων
3219 3372 3538 3426 vocabulum
3578 3372 3866 3430 indetinite

2288 3465 2532 3529 adhibet,
2563 3477 2671 3517 non
2725 3463 2793 3516 de
2823 3461 2954 3517 solis
2982 3462 3118 3518 Novi
3169 3463 3504 3518 Testamcnti
3553 3466 3864 3531 codicibus,

2288 3553 2384 3606 sed
2412 3551 2478 3606 de
2506 3552 2866 3621 interpretum
2889 3552 3052 3605 etiam
3103 3550 3545 3610 Commentariis.
3568 3551 3676 3609 Sed
3727 3555 3866 3612 illud

2291 3643 2480 3697 vitium
2533 3655 2827 3695 commune
2856 3641 3130 3709 quondam
3180 3643 3301 3695 fuit.
3339 3641 3416 3697 ita
3464 3645 3868 3701 recentioribus

2290 3735 2452 3788 etiam
2485 3731 2838 3802 temporibus,
2860 3731 3080 3785 inventa
3117 3741 3233 3786 arte
3264 3733 3665 3803 typograpbiea,
3703 3736 3867 3790 multi

2215 3851 2262 3915 ο
2291 3841 2354 3881 ex
2387 3824 2588 3880 criticis
2611 3833 2662 3880 et
2681 3823 2976 3878 editoribus
3007 3823 3181 3879 editos
3210 3825 3374 3879 etiam
3412 3825 3580 3880 libros
3609 3827 3868 3882 codicum

2289 3925 2344 3973 ct
2370 3915 2758 3986 exemplarium
2802 3916 3022 3971 nomine
3048 3916 3410 3987 appellarunt.
3445 3917 3515 3972 Ut
3541 3928 3722 3972 autem
3759 3919 3870 3974 hos

2290 4008 2722 4062 Commentarios
2750 4009 2989 4074 ederem,
3041 4008 3093 4061 in
3122 4009 3314 4078 primis
3360 4024 3446 4064 me
3475 4021 3871 4080 permoverunt

2293 4109 2373 4154 tot
2424 4098 2864 4154 doctissimorum
2912 4100 3175 4165 virorum,
3218 4099 3563 4170 maximeque
3605 4100 3867 4157 Ricbardi

2293 4191 2542 4255 Simonii,
2585 4191 2651 4246 de
2679 4191 2744 4245 iis
2767 4191 3006 4262 judicia;
3055 4193 3254 4247 deinde
3278 4193 3386 4247 duo
3419 4194 3865 4263 praestantissimi

2288 4282 2504 4339 codices
2532 4280 2921 4352 Mosquenses;
2969 4283 3201 4357 denique
3231 4299 3442 4338 summa
3483 4285 3646 4354 hujus
3693 4285 3868 4340 libelli

2289 4375 2506 4430 raritas.
2553 4363 2785 4426 Mirabili
2841 4373 2987 4426 enim
3028 4389 3156 4428 casu
3216 4377 3431 4430 videtur
3474 4379 3763 4444 accidisse,
3803 4390 3871 4434 ut

2290 4465 2434 4520 inter
2463 4472 2540 4519 tot
2567 4464 2792 4519 Joannis
2839 4464 3094 4519 llentenii
3139 4466 3407 4521 editiones
3455 4469 3722 4522 versionis
3755 4469 3869 4524 La-

2291 4557 2419 4611 tina:
2463 4557 2546 4610 vix
2594 4570 2699 4609 uua
2738 4556 2966 4625 reperiri
3014 4557 3203 4626 possit.
3259 4560 3522 4629 Equidem
3565 4575 3716 4619 certe
3765 4582 3870 4635 per

2289 4664 2462 4704 annos
2511 4649 2796 4704 duodecim
2832 4648 3030 4703 frustra
3051 4651 3134 4705 vel
3169 4667 3334 4706 unum
3383 4643 3516 4708 mihi
3549 4659 3866 4726 exemplum

2289 4743 2534 4811 quaesivi,
2559 4757 2621 4798 ac
2653 4751 2930 4812 postremo
2963 4745 3174 4798 tandem
3203 4746 3387 4813 didici,
3420 4748 3487 4801 ab
3531 4749 3651 4801 aliis
3695 4753 3866 4804 etiam

2291 4834 2436 4889 inter
2481 4835 2647 4890 libros
2702 4836 2937 4889 rariores
2983 4834 3194 4891 referri.
3258 4839 3318 4892 ln
3381 4841 3647 4909 principio
3699 4843 3868 4911 hujus

2290 4927 2542 4983 editionis
2571 4942 2699 4998 ergo
2727 4942 2856 4982 usus
2883 4943 3001 4982 sum
3040 4939 3183 4984 tomo
3207 4929 3324 4983 XIX
3371 4932 3708 4986 bibliothecae
3744 4951 3866 4989 ma-

2293 5021 2449 5074 xima:
2495 5019 2874 5090 Lugdunensis
2904 5023 3061 5085 1677,
3092 5037 3251 5090 quem
3274 5021 3402 5074 mihi
3434 5038 3499 5076 ex
3532 5025 3866 5081 bibliotheca

2294 5115 2610 5183 amplissimi
2655 5123 2877 5170 senatus
2913 5114 3211 5183 Lipsiensis
3253 5117 3695 5171 commodaverat
3737 5135 3869 5186 per-

2294 5205 2523 5258 illustris
2559 5203 2830 5267 Mullerus,
2866 5205 3215 5257 serenissimo
3268 5205 3513 5260 Saxoniae
3558 5207 3781 5260 electori
3836 5228 3866 5262 a

2295 5295 2536 5348 consiliis
2581 5295 2788 5349 bellicis
2847 5295 3273 5360 secretioribus,
3335 5298 3676 5366 civitatisque
3734 5297 3869 5368 Lip-

2296 5481 2500 5534 bcndos
2528 5498 2646 5535 esse
2674 5481 2879 5535 scribas
2910 5481 3170 5534 Codicum
3211 5481 3698 5550 Cantabrigiensis,
3739 5481 3859 5536 Cla-

2296 5551 2620 5614 rotltontaui,
2656 5554 3161 5621 Sangcrmancnsis,
3218 5554 3524 5620 Augiensis,
3578 5552 3867 5606 Boerneii-

2294 5622 2403 5677 ani,
2441 5633 2872 5690 (ticteroruuique
2904 5626 3020 5685 eius
3056 5623 3406 5689 generisﬁcd
3463 5623 3526 5675 de
3563 5624 3863 5677 Cantabri—

2296 5691 2467 5763 giensi
2520 5701 2571 5743 cl
2618 5691 3008 5746 ilocrucriano.
3050 5695 3091 5744 si
3141 5693 3469 5759 prodierint,
3515 5697 3698 5763 plures
3762 5693 3861 5748 κει-ἱ

2297 5761 2438 5815 docti
2471 5763 2648 5816 verius
2689 5773 2741 5816 et
2772 5775 3075 5818 accmuttus
3121 5764 3462 5832 judicabttttt.
