4078 6396
190 435 246 496 13
1608 418 2030 482 PILEFATIC.
3385 405 3452 474 tt

180 543 369 601 siensis
411 541 630 598 consul.
674 539 841 612 Typis
883 541 994 612 jam
1025 551 1283 610 expresso
1316 533 1447 593 folio
1488 543 1644 590 sexto
1693 534 1758 589 ad
1791 539 1834 594 Α
1865 547 1975 605 quo
2011 541 2190 588 tamen
2227 531 2385 587 valde
2429 529 2640 586 dubito.
2690 523 2973 582 Parisinus
3021 524 3186 588 2&01,
3221 539 3252 580 a
3292 538 3456 578 manu

182 637 418 706 paginam
473 633 564 689 96.
605 631 849 703 Ileynius
881 630 1069 694 etiam,
1106 627 1496 699 augustissimo
1554 623 1761 696 Magna:

179 726 464 782 Britanniae
510 725 627 796 regi
682 740 712 779 a
753 723 998 779 consiliis
1032 721 1248 786 aulicis,
1290 719 1374 774 vir
1407 717 1758 790 perillustris,

177 820 237 873 ad
267 833 350 872 me
373 817 687 872 transmisit
718 816 1032 880 editionem,
1072 824 1128 869 ut
1154 812 1408 876 arbitror,
1434 811 1760 885 principem,

178 911 576 966 Lovaniensem
618 909 778 964 i545.
811 906 1110 962 Codicibus
1160 913 1346 960 textus
1379 903 1552 960 Graeci
1584 904 1764 959 adhuc

179 998 357 1052 inediti
406 1013 544 1053 usus
582 1013 703 1053 sum
745 995 960 1050 duobus
1005 993 1441 1062 Mosquensibus,
1488 995 1764 1050 membra-

180 1090 378 1154 naceis,
414 1090 666 1144 auctoris
706 1096 867 1142 aetate
895 1087 1134 1159 scriptis.
1173 1087 1325 1142 Alter
1353 1089 1418 1141 Α.
1453 1096 1538 1142 est
1564 1087 1766 1142 biblio-

178 1182 341 1237 thecae
379 1179 742 1252 typographei
787 1179 1064 1251 synodalis
1105 1178 1293 1234 in-l'ol.
1320 1192 1475 1234 num.
1516 1179 1568 1242 l,
1615 1194 1769 1233 com-

177 1271 415 1341 plectens
456 1271 594 1326 folia
629 1271 759 1326 276.
798 1270 952 1325 Alter
977 1270 1017 1322 Β
1042 1280 1128 1326 est
1151 1269 1496 1325 bibliotheca:
1538 1269 1746 1322 sanctis

176 1365 321 1418 sima:
357 1363 561 1435 synodi
599 1363 657 1417 in
694 1362 788 1420 fol.
823 1378 981 1417 num.
1013 1361 1185 1416 XLIX
1235 1361 1492 1417 foliorum
1521 1359 1650 1416 410.
1709 1356 1768 1412 ln

177 1454 263 1508 illo
287 1463 478 1510 textus
507 1453 937 1527 Evangeliorum
977 1455 1214 1524 scriptus
1242 1462 1324 1509 est
1378 1451 1575 1508 litteris
1605 1450 1769 1523 paulo

176 1547 502 1616 majoribus,
529 1546 976 1603 Commentarios
995 1546 1315 1602 minoribus.
1351 1545 1410 1600 in
1436 1545 1539 1601 hoc
1562 1545 1768 1601 caulem

176 1648 297 1694 sunt
328 1640 535 1696 litterae
565 1641 620 1695 in
649 1649 800 1696 textu
824 1649 881 1694 et
903 1640 959 1694 in
991 1639 1219 1695 scholiis
1250 1679 1265 1705 ,
1299 1639 1395 1694 sed
1430 1639 1559 1706 iste,
1594 1639 1771 1710 liquo-

177 1746 230 1786 re
253 1732 443 1797 rubro,
498 1731 643 1795 haec,
685 1740 994 1787 atramento
1045 1731 1247 1802 scripta
1297 1740 1446 1787 sunt.
1493 1730 1661 1786 Istum
1713 1730 1769 1785 in

177 1836 288 1876 mea
312 1820 447 1876 Novi
487 1821 829 1877 Testantcnti
859 1820 1100 1876 editione
1139 1821 1408 1892 appellavi
1444 1837 1498 1886 η,
1534 1821 1681 1876 hunc
1724 1822 1763 1875 i.

1867 624 2159 680 recentiori
2193 623 2490 694 aSCriptum
2555 621 2723 676 habet
2755 634 2958 675 nomen
3016 617 3218 674 Nicette
3264 615 3460 672 Serra-

1867 734 2010 784 rum,
2043 719 2134 789 qui
2159 717 2318 788 vulgo
2355 715 2738 771 Heracleensis
2761 712 3085 784 appellatur.
3128 711 3279 766 Alter
3306 709 3430 764 Pari

1867 812 2043 876 sinus,
2081 819 2138 864 ut
2165 810 2423 874 arbitror,
2460 805 2754 874 recentior,
2801 805 2994 861 tribuit
3024 803 3458 875 Theolihylacto.

1867 916 2028 972 quem
2082 901 2337 971 appellat,
2393 898 2486 952 τὸν
2537 896 2834 968 ἱερώτατον
2885 894 3246 964 Βουλγαρίις,
3300 893 3465 948 nitui-

1869 978 2003 1046 rum.
2046 991 2500 1062 ἁρχιεπίσκοπον.
2563 988 2716 1044 Meus
2750 986 2811 1041 B.
2864 987 2986 1043 loco
3037 985 3242 1041 Indicis
3300 984 3466 1040 habet

1869 1086 2104 1156 spatium
2149 1098 2403 1146 vacuum,
2437 1083 2557 1138 ideo
2577 1081 2811 1138 fortasse
2853 1123 2868 1148 ,
2898 1089 2958 1135 ut
2989 1090 3178 1151 postea
3200 1095 3231 1134 a
3256 1079 3466 1151 pictore

1869 1191 2028 1239 auro,
2057 1173 2248 1230 aliisve
2289 1174 2570 1230 coloribus
2605 1173 2901 1228 adderetur
2938 1181 3103 1242 atque
3150 1179 3464 1227 ornaretur.

1871 1267 2114 1322 Iudicem
2160 1266 2366 1322 codicis
2397 1265 2438 1319 Α
2479 1263 2724 1335 expressi
2767 1280 2822 1334 p.
2861 1263 2950 1320 10.
3005 1261 3309 1319 llentenius
3343 1262 3470 1317 nul-

1871 1357 1982 1412 lum
2012 1359 2231 1414 videtur
2279 1357 2570 1428 reperisse,
2611 1364 2668 1411 ut
2692 1371 2760 1412 ex
2794 1355 2914 1424 ejus
2940 1355 3266 1426 praefatione
3296 1363 3352 1410 et
3385 1355 3471 1409 in-

1874 1449 2271 1520 terpretatione
2305 1464 2361 1519 p.
2400 1449 2454 1514 9,
2483 1448 2666 1520 colligi
2698 1455 2896 1520 potest.
2956 1448 3014 1502 In
3040 1464 3106 1503 eo
3138 1457 3322 1502 autem
3373 1463 3472 1504 ve-

1873 1540 2161 1596 hementer
2199 1550 2347 1595 errat
2385 1541 2691 1596 Richardus
2739 1539 3038 1604 Simonius,
3088 1540 3232 1611 quod
3263 1541 3473 1596 litteras

1874 1634 1975 1703 ἀμ.
2009 1648 2109 1703 pro
2145 1631 2452 1703 Ἀμμώνιος
2487 1631 2719 1702 accepit.
2764 1632 2896 1686 Nam
2934 1633 3212 1688 Ammonii
3249 1647 3472 1698 nomen,

1879 1727 2016 1798 quod
2048 1725 2308 1797 frequens
2336 1734 2422 1782 est
2453 1724 2507 1779 in
2544 1727 2755 1780 catenis
2803 1725 3031 1792 Graecis,
3089 1728 3144 1781 in
3190 1727 3477 1782 codicibus

1876 1820 2099 1891 quidem
2135 1818 2556 1890 Mosquensibus
2583 1833 2867 1890 nunquam
2905 1818 3088 1874 inveni
3125 1834 3236 1874 uno
3267 1839 3307 1888 μ
3338 1820 3478 1876 scri-

177 1911 246 1967 De
290 1922 532 1984 utroque
574 1914 800 1984 exposui
834 1914 902 1967 ad
935 1913 1220 1984 epistolam
1256 1912 1405 1967 Pauli
1441 1913 1509 1968 ad
1537 1913 1774 1968 Thessa-
1801 1907 1849 1968 B
1882 1925 2059 1986 ptum,
2102 1913 2206 1970 etsi
2249 1913 2385 1985 sigla
2407 1919 2572 1968 esset.
2628 1911 2754 1981 Ἀμ.
2789 1927 2940 1982 ergo,
2994 1913 3139 1983 quod
3194 1913 3358 1966 etiam
3421 1912 3474 1966 in

177 2006 513 2070 loniccnses,
544 2021 600 2075 p.
625 2005 754 2064 20:2.
800 2004 927 2060 205.
966 2005 1282 2076 Specimina
1322 2005 1628 2060 litterarum
1665 2021 1774 2062 aare

179 2113 438 2168 expressa
503 2098 732 2153 exhibui
788 2099 854 2153 ad
921 2098 1274 2169 Evangeliutn
1327 2096 1555 2154 Joannis
1615 2099 1776 2154 istius

175 2190 447 2244 editionis.
482 2191 670 2245 Codex
705 2189 766 2245 Β.
818 2191 1171 2262 praestantior
1216 2200 1299 2246 est
1332 2191 1524 2254 altero,
1559 2207 1588 2246 a
1636 2193 1775 2247 scri-

176 2280 236 2335 ba
264 2282 609 2350 diligentiori
636 2298 700 2338 ac
740 2283 975 2339 fideliori
1001 2284 1262 2354 scriptus.
1313 2281 1447 2338 Nam
1476 2284 1614 2340 alter
1635 2285 1777 2340 scri-

180 2376 239 2428 ba
294 2377 502 2448 sar-pius
562 2378 838 2433 aberravit
886 2388 943 2434 et
995 2379 1050 2433 in
1098 2378 1326 2434 scholiis
1392 2378 1459 2433 ad
1509 2376 1777 2440 Joannem

181 2469 341 2523 multa
369 2473 452 2524 vel
483 2486 588 2540 per
627 2472 925 2542 pigritiam,
958 2473 1044 2526 vel
1086 2486 1185 2542 per
1242 2471 1490 2526 fraudem
1550 2483 1777 2542 praeter-

182 2560 342 2615 misit.
395 2561 454 2614 In
505 2574 740 2632 utroque
815 2564 1028 2628 codice,
1092 2563 1257 2618 sicuti
1303 2563 1358 2617 in
1408 2563 1676 2618 Parisinis
1726 2572 1780 2618 et

181 2649 455 2719 llentenii,
493 2653 666 2706 multa
707 2652 916 2708 scholia
967 2655 1036 2710 ab
1087 2654 1282 2709 iisdem
1333 2655 1532 2710 scribis
1577 2656 1779 2726 scripta

182 2745 388 2797 suntin
425 2745 702 2814 margine,
734 2745 803 2799 de
832 2760 942 2814 quo
967 2746 1020 2798 in
1064 2745 1201 2800 locis
1257 2746 1491 2817 singulis
1544 2747 1780 2801 lectores

184 2833 388 2887 monui.
449 2832 720 2887 Videntur
750 2847 930 2889 autem
955 2836 1058 2889 ista
1078 2835 1286 2891 scholia
1318 2846 1541 2892 auctore
1568 2835 1778 2906 Euthy-

189 2925 292 2979 niio
326 2926 472 2995 ipso,
513 2937 640 2996 post
684 2927 830 2995 ejus.~
861 2929 1150 2996 repetitam
1198 2927 1516 2990 lectionem,
1556 2928 1775 2983 adlecta

186 3030 322 3081 esse,
354 3032 457 3087 per
488 3021 716 3072 eosdem
752 3018 979 3073 scribas.
1013 3019 1073 3074 Id
1103 3020 1236 3074 satis
1269 3020 1326 3073 tit
1352 3021 1632 3090 probabile
1655 3037 1778 3077 cum

186 3125 251 3165 ex
287 3112 411 3165 aliis
457 3111 619 3178 locis,
662 3120 775 3165 tum
808 3126 872 3166 ex
906 3111 1114 3167 scholio
1165 3113 1232 3167 ad
1261 3113 1393 3169 Luc.
1420 3131 1495 3182 ix,
1667 3115 1780 3171 Ad-

188 3201 289 3255 huc
322 3203 475 3257 eniin
520 3204 575 3256 in
606 3205 888 3258 codicibus
916 3205 1116 3258 desunt
1155 3207 1336 3259 omnia
1383 3207 1451 3260 ab
1480 3208 1592 3259 Καὶ
1622 3203 1778 3261 εἶπεν

186 3294 279 3349 οὐκ
317 3297 384 3351 ad
417 3296 561 3350 ἀλλὰ
594 3297 788 3350 σῶσαι.
849 3296 974 3352 "me
1032 3298 1179 3352 enim
1215 3299 1396 3369 primo
1460 3299 1782 3370 Euthymius

187 3389 513 3443 auctoritate
572 3389 951 3460 Chrysostomi
1011 3390 1375 3446 excluserat:
1436 3391 1490 3446 in
1553 3393 1785 3463 repetia

188 3490 363 3534 autem
401 3483 670 3546 lectione,
707 3490 765 3535 ut
797 3483 931 3536 satis
978 3483 1142 3536 docet
1191 3482 1464 3537 scholium
1511 3484 1576 3537 ad
1620 3485 1782 3538 istum

190 3578 388 3637 locum,
424 3575 679 3644 ejusdem
707 3575 1037 3629 auctoritate
1087 3574 1392 3630 addiderat.
1431 3577 1595 3632 Forte
1637 3578 1786 3632 hunc

188 3665 426 3720 laborem
471 3667 642 3720 etiam
682 3705 697 3729 ,
726 3666 884 3720 sicuti
934 3666 1272 3736 PanOpliam,
1312 3668 1546 3737 jubenle
1595 3669 1785 3724 Alexio

189 3763 472 3812 (.omneno
522 3759 789 3828 suscepit,
825 3773 888 3813 ac
937 3759 1124 3829 plures
1155 3762 1366 3816 scribas
1413 3762 1786 3832 imperatoriis

190 3845 453 3919 impensis
490 3851 798 3904 conductos
850 3850 1060 3906 habuit.
1116 3850 1222 3906 Sed
1275 3853 1327 3907 id
1363 3852 1562 3908 deinde
1597 3869 1788 3908 recen-

193 3942 350 3998 tiores
389 3945 564 3998 etiam
597 3946 788 3999 scriba:
839 3947 1032 4001 imitati
1083 3955 1230 4012 sunt,
1285 3959 1345 4003 ut
1399 3963 1463 4002 ex
1514 3947 1785 4004 lientenio

189 4035 436 4089 discitur.
468 4033 609 4089 Nam
637 4034 894 4091 Hentenii
931 4039 1125 4104 codex,
1162 4038 1265 4093 etsi
1297 4040 1428 4094 satis
1467 4040 1663 4104 bonus,
1690 4041 1782 4113 ju-

189 4123 302 4180 dice
324 4125 494 4180 etiam
530 4126 800 4192 Siinonio,
838 4129 1026 4184 haberi
1064 4130 1244 4196 debet,
1288 4140 1468 4186 tamen
1508 4131 1630 4188 sine
1675 4133 1784 4187 ullo

188 4217 347 4273 dubio
379 4220 524 4273 meis
564 4219 672 4274 fuit
711 4224 1009 4277 recentior.
1073 4223 1288 4278 Etenim
1333 4225 1636 4280 tlentenius
1668 4226 1785 4296 ipse

190 4314 550 4380 conqueritur
596 4311 664 4366 de
726 4312 915 4367 multis
948 4328 1013 4368 ac
1069 4313 1377 4369 difﬁcilibus
1432 4317 1606 4387 siglis,
1663 4334 1784 4388 qua:

189 4418 372 4473 paucae
408 4416 465 4459 et
496 4414 643 4459 notae
677 4413 808 4459 sunt
863 4407 919 4460 in
984 4408 1142 4462 meis.
1209 4406 1478 4464 Prmterea
1524 4409 1784 4467 llentcnii

189 4496 524 4563 appendices
555 4496 716 4549 etiam
748 4496 912 4551 habet
933 4512 997 4552 ex
1024 4495 1431 4570 Theophylacto
1466 4509 1522 4556 et
1548 4501 1781 4558 aliorum

1878 2022 2004 2064 meo
2036 2010 2076 2060 Α
2115 2005 2410 2076 reperitur,
2447 2004 2795 2076 ηοιιιιάμήν.
2831 2004 2908 2058 Ex
2951 2004 3035 2059 his
3082 2016 3335 2075 appaiet,
3394 2006 3474 2077 ig—

1879 2109 2068 2156 notum
2105 2114 2227 2155 esse
2257 2113 2458 2154 nomen
2511 2097 2751 2154 auctoris
2806 2099 3002 2154 borum
3044 2098 3483 2155 Commentario-

1879 2207 2024 2245 rum.
2072 2188 2228 2246 Unde
2254 2203 2385 2260 ergo
2441 2188 2815 2260 cognoscitur,
2866 2189 3033 2245 fuisse
3091 2190 3482 2261 Euthymium?

1884 2280 2107 2337 Scilicet
2137 2297 2202 2336 ex
2225 2280 2471 2352 ejusdem
2492 2280 2904 2337 Commentario
2935 2283 2990 2337 in
3016 2283 3279 2349 l‘sahnos,
3314 2301 3479 2355 quem

1883 2373 2212 2438 llentenius,
2255 2373 2741 2439 Montefalconius,
2794 2389 3008 2445 nosque
3065 2377 3164 2446 ipsi
3224 2378 3484 2433 tractavi-

1883 2484 2026 2522 mus.
2058 2467 2344 2534 Quomodo
2379 2466 2605 2524 autem?
2637 2465 2821 2522 Primo
2867 2467 3113 2538 quidem,
3157 2483 3262 2524 nec
3314 2485 3480 2525 ovum

1883 2577 1989 2617 ovo
2051 2561 2126 2615 ita
2164 2570 2248 2615 est
2297 2560 2497 2625 simile,
2546 2568 2606 2614 ut
2651 2577 2776 2615 cum
2825 2559 3099 2618 lientenio
3135 2564 3346 2634 loquar,
3402 2565 3483 2621 uti

1883 2656 2092 2712 similes
2124 2663 2255 2710 sunt
2287 2654 2342 2709 hi
2370 2654 2766 2710 Commentarii
2795 2654 3216 2712 Commentariis
3246 2657 3301 2712 in
3335 2657 3486 2714 Psal-

1884 2763 2025 2804 mos.
2081 2749 2357 2814 Secundo,
2396 2748 2450 2801 in
2509 2748 2737 2802 seboliis
2767 2749 2838 2803 ad
2867 2748 3114 2804 Psalmos
3162 2751 3486 2820 frequenter

1885 2841 2050 2910 hujus
2082 2838 2474 2895 Commentarii
2517 2838 2578 2893 tit
2637 2840 2866 2906 mentio,
2921 2840 2994 2894 ita
3023 2851 3084 2895 ut
3140 2855 3376 2910 quorum
3408 2840 3484 2895 ibi

1884 2931 1980 2985 ﬁat
2017 2932 2248 2996 mentio,
2291 2945 2354 2985 ea
2383 2931 2468 2984 hic
2507 2931 2875 2999 reperiantur.
2930 2929 3139 2995 Tertio,
3191 2930 3485 2986 Commeno

1887 3025 2058 3081 tarius
2094 3025 2146 3078 in
2181 3024 2425 3079 Psalmos
2463 3038 2666 3078 nomen
2701 3022 2976 3094 Euthymii
3015 3023 3261 3078 additum
3295 3023 3486 3090 habet,

1885 3123 1984 3178 etsi
2010 3135 2120 3176 non
2171 3121 2227 3175 iu
2279 3120 2537 3177 omnibus
2571 3121 2871 3175 codicibus.
2931 3119 3164 3176 Codices
3193 3119 3488 3177 Commen-

1891 3219 2154 3272 tariorum
2193 3216 2245 3270 in
2281 3214 2548 3279 Psalmos,
2596 3215 2688 3285 qui
2719 3215 2879 3288 vulgo
2907 3214 3204 3288 Euthymio
3234 3217 3490 3272 tribuun-

1892 3322 2001 3374 tur,
2044 3311 2098 3364 ia
2138 3309 2556 3379 Mosquensibus
2587 3309 2934 3364 bibliothecis
2967 3310 3150 3364 inveni
3181 3311 3346 3367 .duos.
3379 3311 3487 3366 Ac-

1887 3404 2033 3459 cedit
2067 3403 2261 3458 tertius
2305 3401 2413 3456 illis
2455 3401 2611 3456 valde
2658 3401 2873 3456 similis.
2921 3402 2999 3456 De
3038 3402 3125 3457 his
3165 3402 3308 3458 infra
3367 3419 3488 3459 mo-

1887 3495 2006 3546 nui.
2038 3492 2144 3547 Sed
2171 3508 2234 3546 ex
2261 3492 2348 3546 his
2371 3491 2508 3544 nihil
2538 3490 2793 3557 etlicitur,
2813 3491 2959 3561 quod
2985 3491 3232 3547 auctoris
3261 3493 3490 3550 nomine

1886 3597 2096 3642 carent.
2129 3584 2522 3640 Verumtamen
2554 3584 2624 3639 de
2646 3585 2903 3655 Philippo
2934 3585 3122 3652 Saulo,
3146 3588 3238 3657 qui
3276 3587 3490 3658 primus

1889 3679 2082 3734 Latine
2101 3679 2278 3734 edidit
2299 3679 2741 3734 Commentarios
2767 3679 2820 3732 in
2854 3678 3121 3743 l‘salmos,
3156 3695 3364 3751 eosque
3383 3681 3492 3736 Eu-

1891 3773 2098 3842 tbymio
2117 3771 2329 3836 tribuit,
2354 3771 2636 3842 probabile
2655 3770 2892 3826 videtur.
2915 3787 3040 3826 eum
3070 3771 3352 3844 Euthymii
3384 3790 3492 3830 no-

1887 3877 2012 3916 men
2069 3862 2342 3932 reperisse
2386 3861 2441 3914 in
2473 3876 2582 3914 uno
2617 3869 2714 3914 aut
2754 3859 3004 3930 pluribus
3039 3862 3342 3918 codicibus;
3381 3864 3490 3919 Ac-

1886 3955 2032 4011 cedit
2055 3956 2189 4010 tldes
2232 3963 2287 4009 et
2309 3954 2607 4008 auctoritas
2640 3953 3071 4020 Moutefalconii,
3098 3959 3190 4028 qui
3232 3957 3306 4012 ita
3333 3973 3492 4031 repe-

1887 4050 1959 4105 rit
2016 4051 2088 4104 ina
2126 4048 2411 4105 codicibus
2469 4047 2843 4103 Coislinianis.
2887 4049 2966 4104 Ita
3025 4052 3174 4108 enim
3237 4053 3402 4111 habet
3433 4057 3489 4111 in

1888 4142 2028 4198 Bibl.
2089 4141 2345 4205 Coislin.,
2409 4156 2464 4211 p.
2537 4141 2684 4196 178:
2751 4141 3488 4220 EutliymiiZygadeni(sic)

1886 4234 2268 4292 Commentarii
2290 4234 2344 4287 in
2366 4233 2631 4288 Psalmos.
2682 4233 2835 4288 Adde
2873 4235 3131 4290 eumdem
3181 4253 3236 4307 p.
3281 4236 3349 4292 58
3389 4238 3490 4310 Zy-

1886 4331 2132 4402 gabenus
2155 4329 2489 4400 appellatur,
2520 4328 2651 4383 ibid.
2672 4344 2726 4399 p.
2756 4328 2864 4384 200
2891 4339 2946 4385 et
2996 4330 3124 4386 49.5.
3180 4331 3488 4391 lientenius

1884 4440 2012 4481 eum
2031 4425 2370 4497 Zigabonum
2388 4423 2868 4496 appellat.Qulbus
2881 4427 3103 4481 nomina
3120 4429 3275 4499 plura
3295 4446 3490 4487 recen-

1889 4520 2089 4576 tiorum
2111 4519 2425 4574 Graecorum
2445 4529 2574 4575 nota
2601 4527 2748 4586 sunt,
2779 4519 2812 4574 ii
2842 4529 3070 4586 norunt,
3099 4524 3486 4596 etymologiam

191 4587 434 4651 scholiis,
486 4603 614 4658 qua:
655 4588 710 4642 in
748 4599 948 4644 neutro
978 4606 1225 4646 meorum
1276 4603 1616 4664 comparent.
1679 4596 1776 4651 Ni-

1887 4614 2104 4668 illorum
2129 4615 2416 4668 nominum
2431 4612 2588 4668 valde
2605 4629 2728 4670 esse
2743 4614 3085 4684 impeditam.
3105 4616 3164 4671 ln
3186 4618 3288 4672 hoc
3301 4621 3484 4674 nomi-

192 4680 490 4736 hiloininus
543 4691 726 4737 tamen
759 4684 948 4738 multis
981 4685 1034 4738 in
1068 4685 1206 4741 locis
1237 4687 1490 4742 versione
1521 4687 1778 4746 licntenii

192 4789 283 4842 pro
309 4776 506 4830 codice
549 4774 626 4828 uti
659 4777 832 4845 potui.
870 4779 1002 4831 Eam
1021 4777 1184 4849 igitur
1211 4779 1492 4836 hacetiam
1519 4782 1586 4836 de
1615 4798 1780 4840 causa

192 4866 448 4924 intactam
504 4867 698 4938 reliqui
733 4871 950 4941 :adjeei
989 4882 1171 4929 tamen
1205 4875 1403 4945 partim
1440 4876 1493 4930 in
1531 4877 1780 4934 animad-

192 4963 566 5025 versionibus,
600 4966 796 5032 partim
841 4965 897 5020 in
933 4966 1040 5021 line
1078 4970 1264 5039 aperis
1306 4971 1602 5026 nonnullas
1660 4989 1782 5028 cor-

193 5056 482 5109 rectiones.
544 5055 648 5110 Sex
699 5066 882 5112 autem
924 5060 1144 5115 codices
1205 5061 1381 5117 Gra’ci
1422 5063 1778 5119 Commenta-

195 5151 398 5203 riorum
446 5149 729 5220 lautliytnii
771 5153 824 5205 in
857 5152 1147 5220 Evangelia
1215 5155 1351 5209 mihi
1393 5156 1576 5211 adhuc
1619 5157 1777 5212 inno-

194 5251 433 5298 tuerunt.
483 5244 606 5297 Duo
644 5243 1019 5314 Mosquenses,
1057 5247 1332 5312 llentcnii,
1387 5250 1494 5304 duo
1543 5249 1779 5307 Parisini

193 5337 318 5406 regii
363 5353 528 5391 nunt.
584 5337 727 5391 2395
763 5348 816 5392 et
855 5339 1018 5403 240i,
1073 5349 1127 5394 et
1165 5341 1238 5410 (ὁ)
1289 5340 1674 5400 Baroccianus.
1719 5347 1780 5400 In

194 5430 336 5484 nullo
369 5431 571 5485 horum
611 5430 858 5486 codicum
889 5449 1087 5487 nomen
1116 5434 1376 5501 auctoris,
1402 5437 1506 5492 nisi
1547 5438 1688 5493 forte
1724 5443 1778 5494 in

195 5519 548 5587 Barocciano,
595 5537 756 5592 quem
805 5525 1002 5579 Milaius
1053 5529 1322 5595 tractavit,
1374 5532 1663 5599 reperitur,
1713 5535 1781 5589 de

263 5661 332 5727 (ὑ)
369 5659 578 5738 hlillius
617 5661 814 5738 insua
855 5663 922 5738 Ν,
960 5665 1111 5718 ’i‘cst.
1143 5665 1404 5738 editione,
1440 5678 1569 5722 ante
1600 5669 1777 5738 capita

197 5729 407 5786 Eusebii
450 5732 734 5800 l‘hangelii
776 5733 1029 5797 Mutilum,
1079 5737 1188 5789 duo
1220 5737 1335 5790 loca
1387 5729 1777 5792 Οοιιηιιυιιίιιιίἰ

197 5803 461 5880 liuthytnii
495 5802 760 5880 Zigabeni
800 5807 849 5856 in
885 5807 1546 5880 filattumuuiifotat,qua:
1590 5812 1782 5880 legun-

192 5879 274 5925 tur
304 5877 357 5930 in
395 5873 500 5928 hac
537 5876 782 5928 editione
807 5891 857 5947 p.
890 5877 956 5933 15
994 5887 1048 5932 ct
1095 5879 1176 5935 ιδ.
1214 5877 1288 5932 Ea
1321 5873 1506 5937 autem
1546 5873 1774 5952 reperiri

1885 4703 2365 4759 neautemYoriri
2381 4706 2559 4774 potuit
2596 4720 2664 4759 ex
2695 4704 2879 4774 ζυγός.
2931 4705 2999 4760 H.
3020 4721 3086 4761 ex
3111 4709 3282 4778 βαίνω
3338 4713 3396 4764 Δ.
3418 4727 3486 4766 ex

1881 4801 2007 4853 δέω.
2033 4799 2187 4854 Unde
2217 4796 2486 4863 lvenerit,
2513 4813 2678 4854 nemo
2707 4798 2866 4854 facile
2889 4800 3486 4860 hariolabitur.Pr.cter

1881 4892 2104 4947 codices
2152 4890 2692 4948 Commentariorum
2765 4893 3043 4966 Euthymii
3103 4895 3158 4950 in
3213 4896 3480 4965 Psalmos,

1883 4986 2122 5056 Mosqua:
2155 4985 2337 5039 inveni
2396 4985 2562 5041 etiam
2605 4986 2824 5044 codices
2867 4988 3116 5060 ejusdem
3180 4991 3478 5064 Panoplial.

1885 5080 1961 5135 De
2020 5080 2106 5133 bis
2161 5079 2321 5148 paulo
2365 5079 2596 5134 inferius
2645 5079 2780 5135 dixi.
2815 5079 2974 5136 Anna
3001 5081 3306 5152 Comnena,
3380 5087 3479 5144 lib.

1885 5192 1974 5238 xv,
2008 5192 2062 5245 p.
2106 5174 2230 5238 490,
2294 5173 2425 5229 edit.
2468 5173 2641 5228 Paris.
2676 5173 2834 5240 1651,
2869 5185 2923 5231 et
2952 5175 3064 5232 Leo
3127 5179 3355 5236 Allatius
3415 5183 3484 5238 de

1885 5284 2160 5323 consensu
2234 5270 2521 5337 utriusque
2574 5265 2837 5323 Ecclesia;
2871 5283 2997 5341 pag.
3056 5271 3182 5337 658,
3249 5286 3484 5333 extuuc

1887 5362 2153 5432 temporis
2178 5361 2318 5417 libro
2346 5360 2556 5416 inedito
2580 5362 2654 5416 ita
2680 5361 2923 5418 habent:
2948 5363 3320 5439 Παραπέμπω
3357 5372 3484 5436 τοὺς

1889 5459 2251 5528 βουλομένους
2307 5455 2409 5526 τὴν
2465 5454 2594 5524 ὃλην
2688 5455 2903 5526 αἵρεσιν
2979 5458 3090 5512 τῶν
3156 5461 3479 5534 Βογομίὶων

1885 5554 2180 5621 διαγνῶναι
2227 5554 2306 5615 εἰς
2363 5551 2424 5604 τὸ
2481 5551 2625 5604 οὓτω
2679 5553 3022 5625 καλούμενον
3082 5556 3310 5626 βιϐλίον,
3352 5559 3480 5626 δογο

1889 5668 2054 5744 tradit
2097 5666 2373 5744 in__codice
2415 5664 2733 5744 Bodleiano.
2761 5667 2898 5744 Cum
2948 5685 3077 5744 vero
3127 5672 3180 5726 in
3225 5673 3481 5744 Prolego-

1889 5738 2296 5793 menisnullani
2347 5741 2683 5792 mentionem
2724 5740 2914 5795 iecerit
2962 5742 3240 5799 Itndleiani
3271 5738 3480 5800 codicis

1886 5809 2190 5886 liuthymii,
2240 5809 2858 5886 suspicio_suboritur,
2892 5813 3132 5886 rMillium
3190 5835 3288 5886 pro
3336 5817 3478 5876 Und-

1889 5884 2068 5938 lenuo
2106 5881 2345 5938 voluisse
2386 5880 2630 5937 scribere
2676 5882 3035 5942 Barocciano.
