4018 6414
611 395 648 429 Α

626 504 861 576 ματικὴν
913 505 1231 568 πανοπλίαν,
1281 505 1340 570 ἐξ
1380 504 1648 574 ἐπιταγῆς
1709 501 1912 574 τούμοῦ
1973 504 2181 572 πατρὸς
2216 516 2256 571 Α

625 597 989 650 συντεθεῖσαν.
1045 597 1151 648 Καὶ
1213 596 1323 666 γὰρ
1395 599 1628 666 μοναχὸν
1683 613 1805 652 τινα
1879 593 2185 664 Ζυγαδηνδν

623 689 979 758 καλούμενον,
1039 688 1278 755 γνωστὸν
1336 688 1436 758 μὲν
1495 691 1559 758 τῇ
1626 689 1880 759 δεσποίνῃ
1919 687 2182 757 καὶπρὸς

630 783 833 851 μητρὸς
883 781 989 850 ἐμῇ
1040 779 1261 851 μάμμῃ,
1311 780 1405 832 καὶ
1453 783 1586 832 πᾶσι
1619 782 1732 842 τοῖς
1777 781 1871 832 τοῦ
1907 777 2183 848 ἱερατικοῦ

625 872 952 938 καταλόγου,
1006 872 1403 942 γραμματικῆς
1447 870 1503 922 δὲ
1557 870 1636 932 τίς
1670 871 1839 939 ἄκρον
1883 870 2186 940 ἐληλακότα

626 964 720 1017 καὶ
751 963 1047 1034 ῥητορικῆς
1074 963 1174 1016 οὐκ
1210 961 1545 1031 ἀμελέτητον
1594 962 1744 1026 ὄντα,
1775 963 1867 1016 καὶ
1909 963 1970 1014 τὸ
2009 962 2184 1030 δόγμα

621 1056 696 1118 ὠς
722 1059 820 1106 οὐκ
843 1055 998 1116 ἄλλος
1025 1071 1106 1116 τις
1136 1053 1516 1123 ἐπιστάμενον.
1547 1053 1748 1107 Τοῦτον
1771 1057 1798 1106 ὁ
1828 1053 2184 1124 αὐτοκράτωρ

625 1147 1117 1216 μεταπεμψάμενος
1150 1147 1409 1213 ἐπέταξεν
1441 1147 1658 1209 ἁπάσας
1691 1146 1787 1208 τὰς
1821 1146 2066 1218 αίρέσεις
2091 1147 2182 1197 ὲκ-

625 1238 832 1302 οέσθαι,
885 1239 1121 1305 ἑκάστην
1185 1237 1311 1308 ίδίᾳ,
1379 1239 1472 1290 καὶ
1515 1236 1597 1305 ἐφ’
1661 1237 1866 1308 ἑκάστῃ
1916 1235 2184 1306 [ἑκάστῳ

622 1330 751 1383 edit.
805 1329 976 1382 Paris.
1017 1328 1158 1397 quod
1195 1327 1368 1397 ipsum
1409 1343 1625 1398 quoque
1671 1327 1797 1382 l‘erri
1829 1325 2050 1398 potest]
2084 1327 2184 1389 τὰς

618 1421 726 1471 τῶν
775 1421 944 1487 ἁγίων
1003 1421 1261 1490 Πατὲρων
1312 1419 1621 1489 ἀνατροπὰς
1670 1418 2070 1489 έγγρὰψασθαι.
2115 1449 2185 1460 ——

617 1512 833 1580 Ταύτην
861 1511 957 1580 τὴν
1012 1510 1193 1581 βίϐλον
1242 1512 1580 1580 ὀογματικὴν
1625 1511 1928 1564 πανοπλίαν
1961 1512 1988 1563 ὁ
2019 1513 2183 1565 αὐτο·-

619 1605 840 1672 κρατωρ
879 1602 1182 1670 ὠνόμασεν.
1250 1602 1556 1671 Ζυγαδηνδν
1618 1617 1746 1673 ergo
1793 1603 1956 1656 habet
2014 1603 2183 1658 editio

621 1694 1229 1759 l’arisina,Allatiusex
1291 1693 1502 1760 codice,
1564 1710 1666 1749 nec
1733 1693 2183 1749 Montelalconius

634 399 696 460 Ξῖ)
2037 387 2456 457 PILEFATIO.
3791 389 3854 454 I6

2393 505 2470 556 Τὰ
2496 503 2672 574 ,πάντα
2701 503 2768 569 δ’,
2805 504 2880 568 ὡς
2911 503 3035 574 χρὴ,
3073 502 3166 558 καὶ
3197 500 3371 574 καλῶς
3405 501 3741 574 ἐσκεμμένον

2395 573 2503 626 Καί
2532 590 2584 626 τι
2609 574 2780 643 ,πλέον
2801 573 3058 643 φέροντα,
3087 573 3362 642 τολμήσας
3388 573 3532 643 λέγω
3553 589 3565 601 ·

2392 643 2567 712 Χάρις
2599 642 2656 695 δὲ
2691 643 2840 694 πᾶσα
2871 642 2950 712 τῷ
2989 643 3138 712 σοφῷ
3162 642 3555 712 Χρυσοστόμῳ.

2292 753 2402 808 IIos
2451 769 2641 810 versus
2692 753 2960 810 Macarius
2981 752 3472 824 Chrysoccphalus,
3506 753 3743 822 scriptor
3771 767 3858 807 re-

2289 845 2526 909 centior,
2550 845 2625 899 ita
2653 845 2709 898 in
2740 859 2870 900 suos
2903 859 3033 898 usus
3079 845 3370 910 convertit,
3433 854 3492 900 ut
3547 855 3766 900 conStat
3793 860 3860 900 ex

2287 935 2539 1002 Fabricii,
2571 933 2708 992 Bibl.
2740 937 2832 993 Gr.
2879 947 2918 992 t.
2950 937 3060 1002 VII,
3092 954 3125 1008 p
3173 937 3296 992 772.

2393 1027 2612 1100 Πολλῶν
2629 1029 3031 1100 πόνων-ἔρανος
3061 1027 3463 1100 ἠκριϐωμένος,

2393 1099 2473 1168 Τὰ
2501 1101 2677 1151 πάντα
2706 1099 2774 1159 δ’.
2801 1098 2878 1161 ὡς
2906 1100 3034 1168 χρὴ,
3067 1099 3160 1152 καὶ
3191 1099 3372 1161 καλῶς
3397 1101 3619 1168 ἔσκεμμ

2389 1165 2557 1220 Οὐδὲν
2589 1168 2864 1237 περιττὸν,
2891 1165 3020 1221 δοκι
3041 1169 3232 1237 λεῖπον
3259 1169 3467 1235 ἔνθάδι,

2391 1236 2680 1307 Μακάριος
2705 1237 2912 1307 συνῆψε
2947 1236 3344 1309 φιλαδελφείας.

2285 1347 2460 1403 Credo
2490 1357 2694 1413 autern,
2746 1348 2833 1403 Jo.
2917 1349 3374 1420 ChristOphorum
3437 1346 3726 1416 Wolﬂum,
3801 1351 3860 1405 in

2288 1439 2478 1495 codice
2504 1439 2837 1494 Barocciano
2858 1439 2960 1496 bos
2983 1456 3170 1498 versus
3192 1442 3264 1495 ita
3290 1441 3524 1512 scriptos
3543 1443 3818 1513 reperisse
3845 1462 3858 1496 :

3625 1098 3751 1167 ἕνα,

2389 1551 2607 1604 Πολλῶν
2625 1581 2696 1593 --
2717 1551 3105 1623 ἠκριϐωμένος
3125 1569 3139 1584 ·
3172 1553 3340 1608 Οὐδὲν
3365 1585 3430 1596 -
3452 1555 3660 1608 ἐνθάδε.

2388 1623 2468 1675 'I‘a't
2490 1624 2666 1676 πάντα
2711 1651 2782 1662 -
2821 1625 3160 1694 ἐσκεμμένα.
3193 1626 3477 1695 Μακάριος
3508 1625 3860 1767 -[φιὶέδελ-

3602 1712 3666 1763 φε
3734 1714 3787 1759 ς.

618 1786 671 1837 in
695 1786 827 1838 bibl.
858 1784 1081 1838 Coislin.
1137 1798 1193 1853 p.
1248 1784 1351 1877 559
1385 1800 1464 1877 ex,
1499 1799 1598 1838 suo
1654 1785 1842 1840 codice
1905 1787 2008 1840 hoc
2060 1785 2180 1839 loco
2213 1855 2250 1877 η
2284 1805 2398 1877 Ipse
2443 1815 2648 1875 autem,
2707 1816 2768 1862 ιη
2822 1807 3058 1874 videtur.
3143 1808 3390 1864 ordinem
3439 1813 3687 1864 mulavit.
3740 1809 3864 1866 Non

622 1877 834 1931 notavit
886 1878 1214 1930 dissensum.
1270 1876 1525 1945 l’anoplia
1607 1877 1876 1948 Euthyniii
1940 1879 2176 1948 primum
2213 1855 2252 1908 Β

617 1969 759 2022 edita
820 1978 903 2021 est
957 1967 1147 2020 Latine
1173 1981 1234 2021 ex
1271 1969 1524 2023 versione
1547 1969 1689 2023 Petri
1751 1969 2027 2024 Francisci
2055 1970 2176 2026 Zini

618 2057 942 2110 Veronensis
999 2057 1187 2110 Venet.
1262 2059 1398 2112 1555
1457 2076 1487 2112 a
1533 2075 1640 2128 quo
1705 2060 1844 2114 haud
1893 2062 2058 2116 dubie
2114 2077 2178 2116 ex

616 2148 822 2202 codicis
871 2148 1048 2202 indice
1117 2160 1339 2202 vocatur
1386 2151 1708 2220 ligabenus.
1745 2153 1925 2207 Graece
1949 2155 2180 2222 primum

615 2242 866 2310 apparuit
915 2239 1231 2310 Tergobysti
1269 2242 1400 2296 t7l0
1421 2259 1526 2310 qua
1580 2244 1817 2299 editione
1860 2246 1938 2298 usi
1991 2261 2181 2300 sumus

612 2335 866 2401 Illosqum.
919 2333 1017 2386 IIlc
1071 2333 1370 2402 appellatur
1457 2335 1774 2405 Ζιγαδηνός.
1849 2336 2031 2390 Dicam
2113 2338 2180 2391 de

610 2425 888 2480 codicibus
917 2423 1327 2493 llosqucnsibns
1371 2424 1533 2494 hujus
1563 2425 1858 2495 Panopliaz.
1897 2427 2179 2496 Antiquis-

612 2523 786 2573 simus
829 2528 914 2572 est
977 2517 1422 2572 membranaceus
1483 2532 1595 2572 sec.
1671 2534 1743 2571 ιιι
1835 2519 2180 2574 bibliotheca:

613 2605 1452 2676 typographeisynodalisin-lol.
1496 2622 1670 2670 num.,
1715 2606 1814 2671 l0,
1845 2609 1936 2676 qui
1986 2611 2036 2661 in
2074 2610 2174 2662 hoc

613 2700 832 2750 nomine
857 2713 964 2750 non
995 2696 1177 2750 dilIert
1209 2697 1275 2749 ab
1300 2697 1541 2751 editione
1591 2696 2015 2768 Tergobystana.
2083 2699 2181 2753 Se-

611 2789 822 2844 cundus
851 2789 1097 2859 ejusdem
1148 2791 1488 2844 bibliOtbecre
1510 2789 1693 2844 in-l’ol.
1727 2807 1879 2844 num.
1917 2792 2000 2856 15,
2033 2793 2090 2845 Β.
2122 2794 2174 2846 in

609 2883 796 2934 charta
831 2882 1147 2950 bombycina
1181 2880 1340 2934 habet
1366 2882 1682 2950 Ζιγαϐηνός.
1717 2883 1932 2937 Tertius
1959 2885 2177 2938 charta-

609 2988 742 3026 ceus
767 2989 877 3027 sec.
906 2989 994 3034 xv,
1034 2972 1374 3026 bibliotheca:
1392 2974 1745 3026 sanctissimae
1771 2975 1959 3044 synodi
1989 2976 2040 3028 in
2079 2977 2172 3030 fol.

611 3081 763 3119 num.
795 3067 882 3130 50,
909 3065 1175 3135 Zygadcni
1225 3064 1466 3119 exhibet.
1523 3065 1759 3130 Quartus
1823 3069 2065 3136 ejusdem
2099 3069 2177 3121 bi-

608 3157 911 3219 bliothecas,
944 3171 1052 3210 sec.
1098 3172 1205 3221 xw,
1238 3156 1290 3208 in
1316 3158 1498 3209 charta
1529 3158 1850 3227 bombycina
1879 3159 1933 3210 in
1957 3169 2169 3226 quarto,
2199 3183 2244 3245 ρ

609 3265 764 3302 num.
795 3249 896 3304 369
937 3249 1108 3317 primo
1130 3248 1257 3302 lolio
1284 3260 1452 3302 caret.
1491 3249 1598 3302 Etsi
1627 3249 1788 3319 igitur
1821 3251 1953 3303 satis
1976 3253 2173 3319 proha-

609 3343 718 3398 bile
771 3351 874 3403 est,
928 3341 1072 3395 hunc
1129 3341 1594 3395 Commentarium
1655 3343 1916 3411 scriptum
1951 3361 2073 3400 esse
2105 3347 2173 3399 ab

611 3434 941 3502 Euthymio:
982 3441 1158 3487 tamen
1190 3432 1413 3486 dubium
1441 3443 1542 3498 est,
1596 3445 1776 3489 utrum
1835 3435 2168 3507 Zygadenus,

614 3540 682 3576 an
715 3525 1034 3595 Zigadenus,
1067 3540 1135 3576 an
1165 3523 1471 3591 Zigabenus
1493 3525 1668 3579 dictus
1725 3528 1814 3580 sit.
1867 3528 2168 3597 Plerisque,

609 3621 943 3679 ntarintror,
987 3631 1050 3668 ex
1103 3615 1191 3668 his
1223 3630 1341 3683 qua:
1365 3615 1620 3680 diximus,
1655 3617 1971 3685 probabitur
2003 3618 2171 3688 Zyga-

605 3709 801 3769 denos,
850 3706 991 3774 quod
1048 3704 1177 3756 mihi
1230 3705 1392 3758 etiam
1452 3706 1689 3770 interim,
1753 3707 1928 3760 donec
1990 3709 2172 3775 plures

605 3797 821 3847 codices
875 3795 1254 3866 consolantur.
1317 3797 1514 3862 placet.
1580 3795 1647 3850 Ut
1704 3804 1884 3850 autem
1939 3797 2174 3852 lectores

603 3888 830 3951 scirent,
889 3900 1010 3955 quae
1078 3884 1284 3940 scholia
1346 3885 1402 3938 in
1459 3887 1798 3955 marginibus
1864 3887 2173 3956 legerentur

609 3980 910 4032 Ilcntcnius
944 3981 995 4031 in
1025 3979 1295 4047 principio
1333 3993 1543 4043 eorum,
1577 3979 1631 4032 in
1678 3979 1926 4038 versione
1961 3980 2170 4041 Latina,

605 4073 928 4137 ascripserat
993 4071 1206 4137 signum
1293 4069 1494 4132 crucis,
1561 4069 1705 4136 quod
1783 4085 1881 4122 nos
1943 4071 2172 4123 retinui-

603 4176 745 4212 mus.
806 4161 935 4224 Quae
981 4160 1035 4212 in
1093 4159 1239 4213 nullo
1327 4175 1573 4212 meorum
1648 4162 1920 4230 leguntur,
1970 4164 2171 4233 duplici

602 4268 767 4307 cruce
823 4251 1030 4322 signari
1073 4252 1129 4304 in
1186 4261 1443 4305 contextu
1491 4252 1700 4306 Grzeco.
1755 4255 1954 4308 Eodem
2014 4258 2172 4309 modo

603 4345 788 4399 notavi
845 4345 1005 4397 etiam
1062 4344 1116 4396 in
1169 4343 1422 4398 versione
1483 4343 1669 4398 Latina
1725 4361 1785 4399 ea
1855 4363 1974 4416 qum
2029 4351 2170 4417 apud

602 4436 931 4490 Bcntenium
966 4451 1076 4488 non
1141 4437 1508 4502 reperiuntur.
1547 4434 1658 4489 Etsi
1714 4437 1962 4491 Ilentcnii
2002 4441 2171 4494 inter-

600 4529 857 4599 pretatio,
887 4543 952 4580 ex
992 4541 1100 4580 uno
1141 4527 1277 4580 libro
1312 4527 1513 4596 scripto
1547 4544 1821 4598 expresszi,
1853 4531 1924 4584 ita
1980 4533 2030 4584 in
2061 4535 2169 4601 ple-
2207 4520 2247 4573 θ
2282 4487 2380 4601 Hb

599 4620 784 4688 risque
812 4618 964 4681 locis,
997 4626 1260 4685 quantum
1289 4617 1505 4685 quidem
1537 4618 1731 4687 linguze
1763 4622 1967 4688 patitur
1990 4622 2170 4675 diver-

601 4713 756 4772 sitas,
792 4711 962 4763 lidclis
993 4716 1097 4772 est,
1137 4719 1195 4762 ut
1219 4709 1423 4761 codicis
1447 4709 1825 4762 auctoritatem
1873 4711 1925 4763 in
1968 4713 2169 4765 consti-

602 4802 808 4856 tuendo
855 4801 1132 4870 Euthymii
1192 4808 1446 4853 contextu
1506 4801 1708 4853 habere
1736 4801 1928 4869 possit,
1983 4811 2164 4856 tamen

601 4892 1057 4949 occurruntloca.
1093 4889 1206 4942 sive
1239 4890 1573 4956 interpretis,
1629 4890 1743 4943 sive
1803 4891 2006 4946 codicis
2057 4909 2167 4960 quo

603 4995 732 5033 usus
755 4989 836 5032 est
855 4980 1031 5048 culpa,
1053 4979 1105 5030 in
1130 4978 1328 5047 quibus
1351 4977 1548 5045 aliquis
1589 4978 1757 5046 possit
1777 4981 2069 5034 olIendere.
2095 4983 2167 5036 Ea

600 5072 861 5138 deinceps
883 5071 1066 5122 n0lavi
1097 5079 1151 5122 et
1179 5084 1242 5123 ex
1277 5069 1411 5123 meis
1436 5069 1718 5123 codicibus
1766 5074 1995 5126 correxi.
2032 5073 2167 5128 Illud

599 5163 762 5216 ctiam
821 5161 1150 5214 monendum
1213 5162 1361 5226 duxi,
1417 5162 1560 5229 quod
1622 5163 1674 5214 in
1706 5173 1933 5231 utroque
1959 5167 2165 5230 codice,

597 5255 726 5310 folio
747 5255 798 5315 5,
841 5254 891 5305 in
938 5253 1124 5306 codice
1157 5252 1373 5320 quidem
1429 5267 1460 5302 a
1497 5251 1597 5304 sub
1653 5253 1882 5321 imagine
1907 5254 2169 5322 Chrysos-

597 5346 746 5409 torni,
787 5345 838 5398 in
869 5345 917 5403 b,
946 5354 1066 5412 post
1095 5343 1302 5395 Indices
1329 5343 1566 5410 capitum
1592 5353 1820 5410 quatuor
1841 5344 2163 5415 Erangelio-

597 5452 737 5498 rnm,
773 5437 824 5488 hi
855 5451 1042 5489 versus
1074 5436 1347 5505 leguntur.

706 5528 917 5579 Πολλῶν
958 5529 1134 5579 πόνων
1168 5527 1358 5595 ἔρανος
1395 5528 1805 5597 ἡκριὸωμένος·

703 5599 864 5649 caesi
892 5598 1164 5667 περιττὸν,
1197 5598 1350 5649 οὐδὲν
1382 5598 1566 5650 λεῖπον
1599 5599 1783 5651 ἐνθάδε
1806 5617 1817 5629 ·

2261 5509 2521 5564 Initium:
2565 5510 2621 5563 '0
2666 5513 2960 5579 μονογενὴς
3015 5512 3161 5573 Υἱός.

2265 5605 2315 5654 in
2355 5603 2556 5671 capita.
2605 5603 2710 5656 Sed
2773 5604 2822 5655 in
2875 5605 2976 5659 hoc
3031 5606 3219 5658 codice
3263 5616 3345 5658 cst
3393 5607 3604 5659 mutila.
3646 5606 3851 5661 Deficit

2285 1910 2462 1954 autem
2496 1901 2745 1956 mirabile
2773 1911 2875 1966 est,
2908 1901 3154 1956 Graecum
3183 1901 3461 1956 hominem
3492 1901 3632 1956 alius
3681 1905 3865 1957 versi-

2283 1993 2384 2046 bus
2416 2007 2513 2060 pro
2531 1992 2646 2046 suis
2669 2007 2825 2047 usum
2853 2008 2994 2048 esse.
3015 1994 3163 2060 Quos
3181 1995 3326 2048 enim
3346 2009 3446 2066 ego
3462 2011 3528 2049 ex
3549 1994 3862 2065 Mosquensi

2283 2083 2470 2136 codice
2534 2083 2952 2154 Evangeliorum
3014 2103 3068 2150 a,
3135 2088 3202 2140 ad
3259 2085 3557 2155 Epistolam
3585 2085 3736 2139 Pauli
3794 2086 3867 2140 ad

2286 2175 2830 2242 Thessalonicenses,
2879 2193 2934 2247 p.
2974 2179 3102 2243 2H,
3158 2179 3571 2243 edidi,eosdem
3627 2194 3692 2232 ex
3748 2178 3867 2234 alio

2283 2266 2467 2320 codice
2495 2267 2740 2320 ediderat
2769 2268 2881 2322 Leo
2916 2270 3166 2335 Allatius,
3211 2269 3282 2322 De
3328 2269 3475 2322 libris
3512 2269 3660 2334 eccl.,
3715 2269 3866 2338 apud

2282 2357 2517 2423 Fabric.,
2551 2357 2689 2411 Bibl.
2723 2358 2816 2413 Gr.
2855 2361 2963 2415 vol.
3001 2359 3062 2425 V,
3095 2377 3147 2430 p.
3182 2361 3271 2426 28,
3303 2376 3427 2415 cum
3451 2362 3646 2430 exigua
3677 2361 3866 2416 varie-

2284 2460 2414 2504 tate.

2353 2543 2619 2608 Quoniam
2659 2555 2840 2598 autem
2867 2545 3116 2599 idoneam
3156 2544 3243 2598 hic
3265 2547 3412 2599 nacti
3442 2560 3636 2599 sumus
3695 2559 3869 2600 occa-

2282 2636 2488 2690 sionem
2522 2638 2590 2690 de
2629 2635 2920 2707 Euthymio
2976 2638 3298 2699 disserendi,
3324 2637 3500 2706 primo
3533 2637 3620 2690 hic
3647 2636 3868 2690 addidi-

2284 2743 2403 2780 mus
2429 2730 2810 2797 snpplementa
2847 2731 3091 2796 quaedam
3127 2730 3193 2781 ad
3230 2728 3526 2781 editionem
3581 2726 3868 2796 Panoplizc

2282 2818 2738 2890 Tergobystanam
2774 2837 2788 2873 :
2817 2819 3017 2873 deinde
3043 2821 3343 2888 adiecimus
3374 2821 3535 2873 unius
3561 2821 3761 2874 Psalmi
3793 2837 3868 2875 ex

2279 2913 2436 2965 codd.
2463 2913 2671 2966 scholia
2699 2930 2712 2978 ;
2738 2928 2801 2965 ac
2832 2915 3066 2981 denique
3084 2915 3148 2967 de
3168 2915 3290 2965 aliis
3313 2913 3621 2984 Euthymiis
3640 2914 3867 2967 monui-

2279 3022 2422 3069 inus,
2463 3022 2694 3076 quorum
2739 3006 2795 3060 tit
2834 3011 3038 3060 mentio
3065 3007 3118 3058 in
3179 3007 3461 3061 codicibus
3511 3005 3865 3076 Mosquensio

2283 3099 2403 3152 bus.

2348 3291 2742 3360 (Supplementa
2775 3290 2844 3341 ad
2875 3289 3150 3341 editionem
3188 3283 3457 3354 I’ano'pha:
3513 3287 3613 3355 ipsi
3675 3287 3862 3344 Pano—

2278 3385 2396 3453 pth
2424 3382 2771 3451 piwinisimus
2816 3397 2930 3432 cum
2985 3381 3275 3432 recensione
3304 3379 3533 3429 codicum
3564 3377 3861 3446 Mosqucn-

2275 3477 2406 3527 sirint
2435 3491 2452 3536 ;
2486 3471 2681 3525 scholia
2740 3472 2898 3522 etiam
2926 3471 2995 3522 ad
3023 3470 3285 3538 psalmum
3346 3483 3430 3521 cn:
3456 3467 3612 3535 hujus
3655 3470 3856 3534 psalmi

2277 3565 2793 3632 tc.1:tuisubjecimus.
2827 3562 2974 3615 Enir.
3011 3563 3200 3625 Pun.)

2352 3772 2424 3825 De
2455 3773 2576 3825 aliis
2637 3771 2954 3839 Euthymiis.
2992 3785 3218 3838 quorum
3253 3769 3312 3837 fit
3362 3769 3555 3822 mentio
3608 3771 3663 3821 in
3707 3771 3861 3822 codi-

2769 3842 2914 3894 cibus
2943 3843 2987 3892 M
2999 3843 3359 3907 osquensibua.

2346 3938 2397 4006 a)
2468 3935 2788 4005 Euthyinins
2842 3935 3142 3988 monachus
3196 3933 3263 3987 de
3336 3932 3580 4001 apostolo
3639 3930 3858 3985 Thoma

2276 4030 2511 4097 Scripsit.
2540 4027 2595 4079 In
2627 4026 2815 4079 codice
2847 4026 2980 4078 bibl.
3013 4028 3070 4076 5.
3109 4023 3167 4075 S.
3202 4038 3355 4076 num.
3393 4023 3462 4076 26
3495 4021 3674 4075 in-l'ol.
3708 4039 3723 4085 ;
3759 4025 3856 4090 qui

2277 4130 2358 4174 est
2390 4120 2840 4172 membran..ccus
2865 4132 2955 4169 sec
2989 4132 3042 4176 ι,
3069 4124 3162 4168 aut
3187 4130 3261 4179 ιι,
3325 4113 3454 4166 folio
3481 4111 3568 4176 64,
3605 4112 3676 4165 ita
3715 4113 3861 4183 legi-

2279 4222 2403 4265 tur:
2429 4209 2704 4277 Εὑῡυμίου
2741 4209 2835 4260 τοῦ
2876 4206 3137 4259 ταπεινοῦ
3165 4206 3400 4275 μονοιχοῦ
3448 4205 3725 4274 ἐγκώμιον
3775 4209 3863 4269 είς

2273 4307 2362 4358 τὸν
2386 4305 2537 4370 ἅγιον
2569 4303 2770 4370 Θωμᾶν
2818 4302 2909 4352 τὸν
2951 4300 3248 4352 ἀπόστολον
3275 4313 3290 4332 ο
3329 4299 3540 4368 incipit,
3583 4298 3647 4349 'H
3699 4301 3862 4371 πηγὴ

2274 4396 2370 4463 τῆς
2411 4393 2623 4458 σοφίας.
2651 4391 2881 4444 Additur
2932 4401 3214 4459 praetcrea,
3254 4392 3383 4460 μηνὶ
3413 4391 3751 4460 Ὀκτωϐρίῳ.
3776 4389 3857 4454 ς’.

2385 4486 2401 4552 )
2440 4484 2758 4553 Euthymius
2789 4484 2972 4536 abbas.
3014 4483 3070 4536 In
3108 4485 3292 4537 codice
3323 4484 3564 4552 ejusdem
3604 4485 3734 4537 bibl.
3769 4486 3861 4538 in-

2281 4579 2374 4631 l'ol.
2402 4595 2552 4630 nunt.
2583 4578 2645 4631 ll
2678 4577 2768 4646 qui
2789 4587 2872 4630 est
2903 4577 3354 4631 mcmbranaceus
3381 4591 3490 4630 sec.
3528 4593 3602 4641 xi,
3647 4587 3744 4630 ant
3797 4595 3859 4643 ι,

2279 4673 2349 4725 ita
2384 4671 2581 4740 reperi.

2346 4765 2495 4818 Folio
2519 4765 2604 4817 59.
2634 4763 2905 4830 Πρόλογος
2935 4762 3028 4814 τοῦ
3060 4762 3128 4831 (s)
3164 4764 3220 4815 ὲν
3249 4763 3419 4830 ἁγίοις
3452 4763 3662 4832 Πατρός
3688 4766 3860 4833 ἡμῶν

2277 4857 2577 4924 Εὑθυμίου.
2611 4857 2775 4910 Index
2817 4865 2900 4910 est
2951 4873 2966 4910 :
3018 4855 3108 4923 Τῷ
3152 4857 3471 4925 τιμιωτάτῳ
3505 4856 3598 4907 καὶ
3631 4857 3860 4924 ἀληθῶς

2275 4951 2516 5019 ὲναρὲτῳ
2543 4952 2716 5020 Πατρὶ
2747 4950 3102 5018 πνευματικῴ
3127 4951 3271 5020 ὰϐὖᾷ
3301 4951 3577 5019 Γεωργίῳ,
3604 4951 3858 5021 πρεσϐυ-

2275 5045 2417 5113 τέρῳ
2463 5044 2557 5095 καὶ
2596 5044 2904 5113 ἡγουμένῳ,
2939 5043 3248 5115 Θεαρέστως
3300 5043 3628 5112 ἡσυχάζοντι
3677 5044 3737 5095 ὲν
3770 5047 3860 5114 τῷ

2277 5135 2418 5188 κατὰ
2440 5135 2767 5188 Σκυθόπολιν
2789 5139 2958 5205 τόπῳ,
2985 5137 3307 5206 καλουμένῳ
3328 5138 3548 5192 Βεελλὰ.
3577 5137 3856 5206 Κύριλλος

2274 5227 2666 5297 πρεσϐύτερος,
2721 5230 2777 5280 ἐν
2828 5230 3016 5298 Κυρίῳ
3071 5229 3302 5297 χαίρειν.
3350 5229 3570 5282 Initium
3604 5246 3617 5282 :
3655 5231 3856 5296 Πίστις

2272 5322 2643 5391 προηγείσθω.

2345 5414 2492 5468 Folio
2513 5415 2597 5467 40.
2620 5415 2738 5478 Βίος
2756 5416 2852 5466 τοῦ
2871 5419 2926 5468 ἐν
2947 5417 3120 5482 ἁγίοις
3139 5418 3250 5469 Πατ
3262 5421 3350 5485 pb;
3369 5419 3526 5487 ἡμῶν
3544 5417 3853 5486 Ερθυμίου.

3232 5512 3354 5566 Haec
3395 5513 3510 5564 Vita
3543 5512 3713 5565 divisa
3761 5525 3853 5568 est

669 5743 734 5804 (s)
769 5734 868 5815 llic
919 5737 1170 5817 prologus
1224 5754 1328 5792 non
1380 5741 1610 5817 scriptus
1673 5751 1754 5794 est
1803 5741 1869 5794 ab
1918 5741 2225 5812 Euthymio,
2264 5743 2357 5798 scd
2400 5743 2468 5797 ab
2525 5744 2742 5814 Cyrillo,
2789 5756 2844 5800 ut
2897 5763 3015 5800 mox
3081 5748 3400 5817 aperCbit,
3462 5748 3512 5800 in
3569 5747 3844 5802 honorent

597 5807 884 5877 Eutliyinii,
921 5808 1218 5877 legiturque.
1248 5821 1370 5863 ante
1397 5813 1514 5880 ejus
1547 5812 1738 5866 Vitam.
