4078 6430
237 402 311 467 29
1669 405 2094 470 PBEFATIO.
3451 403 3524 460 30

337 714 447 777 Jo.
486 714 792 778 Albertus
828 715 1168 776 FABRICIUS
1209 714 1275 775 in
1313 712 1706 776 Bibliotheca
1753 713 1973 776 Graca
2015 712 2141 775 vol.
2189 711 2321 786 VII,
2364 729 2506 793 pag.
2560 709 2700 772 474.
2751 706 3099 786 Hamhurgi
3141 703 3312 778 1727,
3350 691 3407 766 «i.

293 876 742 934 Commentarios
785 876 1094 947 (Euthymii
1137 875 1438 946 Zigabeni)
1480 876 1534 930 in
1572 884 1814 946 quatuor
1847 886 1887 938 Α
1917 877 2010 931 sed
2063 874 2384 929 reccntioris
2433 888 2628 927 manus
2668 872 2939 940 scriptura
2986 869 3188 924 Nicone
3236 871 3459 924 tribuitu
3487 892 3518 934 -,

231 963 547 1034 Evangelia,
574 979 639 1019 ex
675 961 1063 1035 Chrysostmno
1095 973 1148 1018 et
1177 965 1302 1018 aliis
1334 965 1530 1034 priSeis
1565 966 1816 1022 Patrihus

229 1070 339 1132 non
392 1056 518 1110 sine
558 1056 766 1124 judicio
813 1055 1081 1110 delt-ctus.
1134 1054 1246 1110 Hoc
1292 1071 1510 1126 quoque
1555 1056 1812 1111 eximium

229 1163 364 1219 opus
389 1163 495 1203 nec
523 1148 654 1203 dum
684 1148 872 1204 Graue
898 1148 1072 1203 lucem
1104 1149 1259 1211 vidit,
1295 1148 1419 1203 licet
1458 1149 1508 1202 id
1547 1147 1817 1204 amrtnent

228 1241 328 1296 viri
362 1241 540 1307 docti,
582 1241 819 1304 Caveus,
861 1240 1001 1295 Elias
1035 1241 1106 1295 du
1143 1241 1261 1304 Pin,
1295 1253 1456 1311 atque
1484 1242 1597 1296 alii.
1623 1242 1816 1297 Latine

229 1351 260 1389 e
287 1334 555 1404 praeclaro
582 1333 782 1388 Codice
833 1333 973 1388 Bibl.
1018 1334 1254 1388 ρωποι)ἱί
1298 1333 1543 1405 Deiparte
1577 1331 1816 1407 Virginis

228 1423 669 1494 Cuadalupensis
687 1424 817 1482 0rd.
851 1425 910 1478 D.
935 1423 1244 1496 Hieronymi
1275 1427 1325 1478 in
1357 1441 1525 1497 regno
1543 1425 1812 1488 Castellze,

230 1518 521 1571 transtulit
556 1515 597 1572 ι.
637 1516 960 1583 llcntenius,
997 1515 1304 1570 accuratioi-
1339 1517 1498 1577 Zino,
1535 1514 1814 1587 Sauloque

230 1609 529 1677 interpres,
589 1609 746 1679 cujus
805 1607 984 1662 versiu
1034 1607 1236 1675 prodiit
1286 1608 1524 1677 primum
1582 1608 1811 1664 Lovanii

191 1751 194 1753 Α
231 1700 390 1756 1514.
420 1700 518 1756 fol.
558 1715 751 1755 recusa
783 1699 856 1771 (q)
893 1699 1064 1754 Paris.
1104 1699 1261 1765 1547,
1297 1700 1449 1758 1360,
1488 1699 1645 1766 1002,
1670 1700 1726 1767 8,
1755 1707 1812 1754 et

227 1794 284 1848 in
309 1792 654 1848 Bibliotheca
685 1793 928 1856 Patrum,
963 1803 1094 1846 tom.
1127 1792 1264 1847 XIX.
1294 1792 1426 1848 edit.
1464 1792 1634 1863 Lugd.

296 1884 446 1938 Duos
481 1884 700 1939 codices
727 1901 826 1939 ms.
862 1883 1082 1939 Graocos
1125 1885 1285 1952 hujus
1318 1882 1710 1940 Commentarii
1738 1884 1814 1938 si-

229 1975 450 2029 milibus
489 1977 671 2046 qualia
725 1975 1027 2031 llentenius
1078 1978 1130 2030 in
1180 1991 1279 2031 suo
1328 1977 1536 2046 reperit
1590 1975 1814 2030 scholiis

228 2063 526 2120 instructos
593 2065 646 2120 in
716 2065 852 2120 Bibl.
937 2065 1104 2136 ltvgia
1173 2063 1466 2120 Parisiensi
1535 2065 1808 2121 evolvisse

227 2171 283 2212 se
305 2165 538 2212 testatur
567 2157 726 2212 Rich.
755 2158 991 2219 Siznon.,
1019 2157 1111 2212 lib.
1141 2173 1199 2212 ut
1227 2157 1475 2212 Historia:
1498 2158 1712 2214 (tritica:
1741 2157 1810 2227 (r)

1926 967 2071 1036 quod
2103 982 2211 1020 non
2246 967 2414 1036 magis
2447 964 2728 1029 credibile,
2761 980 2922 1033 quam
2953 979 3142 1016 eorum
3177 964 3516 1022 couicrlu'a,

1923 1061 2014 1130 qui
2070 1061 2152 1115 vel
2206 1059 2544 1115 (Fcumcnio
2593 1058 2676 1112 vel
2722 1057 3012 1110 Ammonio
3058 1055 3244 1110 nescio
3289 1057 3375 1110 cui
3437 1057 3519 1108 vel

1925 1149 2332 1222 Tthphylacto
2358 1149 2631 1203 ascribere
2662 1151 2977 1202 voluerunt.

1999 1243 2153 1298 l‘lura
2207 1245 2321 1298 loca
2354 1243 2536 1298 Gnece
2567 1259 2629 1296 es
2681 1242 2784 1296 hoc
2823 1239 3237 1294 Commentario
3266 1239 3520 1309 producit

1927 1335 2227 1399 Simonius,
2288 1346 2401 1391 tum
2469 1335 2568 1390 hoc
2633 1335 2812 1404 capite
2889 1344 3003 1388 tum
3065 1333 3133 1402 (ε)
3193 1332 3292 1386 lil).
3354 1332 3393 1395 Ι,
3461 1347 3515 1400 p.

1927 1429 2051 1492 120,
2107 1429 2240 1495 145ς
2290 1439 2345 1483 et
2384 1429 2479 1482 lib.
2533 1444 2614 1490 ut.
2659 1445 2711 1498 p.
2755 1427 2845 1491 84,
2889 1436 2944 1482 et
2993 1425 3174 1496 magni
3229 1439 3354 1480 eum
3391 1424 3522 1478 facit

1925 1522 1976 1574 in
2014 1521 2234 1592 primis,
2268 1521 2676 1591 assentiturque
2703 1519 3014 1574 Maldonato
3037 1561 3051 1582 ,
3089 1518 3182 1588 qui
3215 1517 3282 1572 ad
3320 1515 3517 1570 Matth.

1925 1626 2054 1676 xvu,
2087 1611 2142 1672 8,
2173 1609 2518 1682 Euthymium
2548 1609 2601 1663 in
2629 1609 2919 1664 verborum
2956 1607 3386 1678 proprietatibus
3415 1606 3520 1660 ob-

1926 1703 2214 1758 servandis
2272 1702 2750 1769 diligentissimum
2810 1715 2933 1757 esse
2985 1699 3319 1754 observavit.
3367 1699 3522 1752 Inter

1923 1796 2218 1865 scriptores
2249 1809 2278 1847 e
2302 1793 2502 1863 quibus
2533 1791 2708 1847 Aurea
2741 1791 2969 1846 Thomas
2997 1789 3284 1859 Aquinatis
3311 1789 3517 1842 Catena

1921 1890 1974 1943 in
2010 1886 2299 1959 Evangelia
2319 1887 2545 1941 collecta
2574 1896 2678 1946 est,
2708 1884 2987 1956 Euthymii
3017 1897 3219 1936 nomen
3246 1881 3298 1934 in
3324 1895 3519 1934 recen-

1925 1979 2154 2033 tioribus
2197 1979 2521 2049 quibnsdam
2577 1975 2909 2032 editionibus
2953 1974 3226 2034 additum,
3275 1972 3330 2026 in
3368 1971 3517 2024 anti-

1923 2072 2206 2142 quioribus
2247 2081 2301 2126 et
2339 2071 2392 2124 in
2438 2070 2684 2124 Romana
2747 2067 2876 2122 anni
2932 2065 3091 2122 1670.
3150 2064 3513 2120 desideratur.

1927 2164 2076 2218 \‘ide‘
2101 2163 2342 2218 Simonis
2394 2164 2534 2219 Hist.
2581 2163 2842 2220 Criticam
2894 2160 3029 2217 Novi
3079 2158 3229 2216 Test.
3283 2158 3381 2212 lib.
3429 2173 3512 2220 tu,

230 2247 362 2304 Novi
398 2249 556 2306 Test.
590 2265 712 2319 cap.
743 2251 832 2312 ‘29.
861 2251 912 2303 in
945 2264 1178 2319 quorum
1209 2250 1382 2304 altero
1412 2248 1775 2304 Slazariniano
1800 2290 1814 2313 ,
1850 2245 1890 2299 Β
1921 2271 1971 2326 ρ,
2002 2253 2106 2309 409
2134 2264 2186 2309 et
2213 2255 2341 2309 475.

294 2407 365 2479 (q)
407 2407 452 2463 Α
491 2407 704 2479 Voigtio
736 2408 787 2460 in
826 2408 1080 2477 Catalogo
1116 2408 1254 2463 llist.
1295 2409 1427 2462 Crit.
1472 2409 1566 2464 lib.
1604 2424 1713 2463 rar.
1755 2425 1812 2477 p.

231 2478 354 2542 7'56,
388 2489 444 2534 et
477 2480 549 2533 ab
581 2478 699 2532 aliis
735 2488 1068 2532 memoratur
1104 2481 1266 2532 etiam
1298 2493 1364 2534 ex
1405 2479 1656 2548 Theoph.
1688 2479 1816 2532 Sitt-

229 2551 333 2604 ceri
363 2548 629 2603 Biblioth.
666 2549 804 2603 lliSt.
840 2550 956 2603 crit.
997 2549 1088 2604 lib.
1125 2565 1232 2603 rar.
1271 2565 1322 2615 p.
1367 2549 1469 2604 125
1499 2564 1556 2603 se
1604 2591 1614 2601 .
1647 2549 1815 2604 editio

229 2617 473 2672 Parisina
515 2619 646 2672 anni
696 2620 831 2672 1511
879 2618 1015 2672 in-8.
1085 2619 1226 2672 anud
1271 2621 1536 2672 Joannem
1560 2565 1811 2672 (licitum

229 2617 473 2690 Earisina
515 2619 646 2690 anni
696 2620 831 2690 1511
879 2618 1015 2672 in-8.
1080 2619 1226 2690 apud
1271 2621 1536 2690 Joannem
1582 2617 1811 2690 Beigny.

232 2689 542 2744 Excudebat
566 2688 742 2744 Carol.
777 2689 1038 2744 Guillard.
1075 2688 1179 2744 Sed
1214 2693 1265 2742 in
1302 2689 1479 2744 Indice
1509 2690 1668 2754 hujus
1692 2688 1814 2742 edi-

231 2758 410 2820 tionis,
443 2775 610 2827 quem
646 2761 915 2828 integrum
943 2758 1162 2814 videlur
1196 2759 1514 2814 exhibuisse
1547 2759 1812 2824 Voigtius,

231 2844 338 2882 non
383 2831 586 2898 legitur
626 2845 640 2883 :
679 2829 829 2883 Liber
858 2830 943 2882 hic
986 2846 1148 2899 neque
1186 2830 1366 2885 Crwce
1407 2846 1571 2899 neque
1623 2829 1816 2882 Latine

232 2909 381 2955 antea
434 2901 576 2971 typis
619 2916 852 2970 unquam
911 2915 1131 2954 excusas
1183 2909 1256 2955 est
1307 2915 1326 2956 :
1385 2915 1506 2970 quae
1559 2899 1814 2971 leguntur

1917 2411 1970 2466 in
2012 2411 2249 2466 editione
2276 2409 2624 2465 Lovaniensi.
2647 2407 2784 2474 Ergo
2814 2421 2873 2464 ut
2897 2410 3130 2469 videtur.
3155 2405 3516 2461 Lovaniensis

1924 2492 2108 2535 tamen
2143 2491 2228 2536 est
2279 2481 2554 2550 princeps.
2585 2483 2684 2534 etsi
2715 2481 3022 2549 reperiatur
3059 2478 3303 2550 l‘arisina
3359 2476 3512 2550 ejus-

1916 2551 2039 2604 dem
2074 2551 2203 2605 anni
2228 2593 2243 2610 .
2278 2545 2672 2605 Forte'autem
2710 2545 2951 2603 eri-atmn
2997 2557 3082 2602 est
3136 2549 3188 2600 in
3241 2545 3514 2604 numeris.

1914 2635 1978 2675 ac
2014 2636 2123 2692 pro
2172 2621 2311 2692 1511
2354 2621 2648 2692 legendum
2702 2629 2786 2673 est
2858 2619 3028 2692 15H.
3063 2617 3120 2672 In
3183 2626 3334 2672 tanta
3387 2614 3512 2669 libri

1915 2691 2139 2745 raritate
2175 2691 2313 2745 nihil
2351 2689 2453 2744 hac
2484 2691 2550 2744 de
2587 2705 2644 2744 re
2671 2698 2884 2744 certum
2930 2689 3127 2744 habeo.

1998 2762 2067 2828 (ν)
2108 2761 2640 2816 Commentatorum.

1998 2831 2069 2902 (ε)
2113 2829 2187 2885 De
2220 2841 2366 2886 textu
2401 2830 2467 2886 N.
2503 2829 2658 2885 Test.

550 3159 642 3220 Ex
684 3163 860 3222 tomo
897 3159 1106 3240 primo
1143 3160 1625 3221 Dissertationis
1664 3159 1980 3222 historica:
2017 3160 2089 3221 in
2125 3156 2580 3219 Bellarminum
2626 3158 2694 3217 P.
2734 3154 2898 3218 Phil.
2940 3158 3172 3220 LABBE.

298 3312 627 3384 Euthymius
665 3311 973 3383 Zigabenus
996 3353 1010 3378 ,
1046 3326 1353 3368 monacnus
1386 3310 1609 3368 Grzecus
1632 3353 1647 3376 ,
1685 3312 1819 3368 vixit

1929 3329 2218 3369 conversas
2250 3328 2348 3383 per
2373 3311 2434 3364 ﬂ.
2467 3313 2531 3365 P.
2558 3309 2868 3381 Philippum
2896 3309 3165 3375 Saulium,
3192 3307 3514 3379 episcopum

236 3401 452 3458 ineunte
487 3403 694 3457 szeculo
727 3419 800 3457 xu
862 3410 1249 3472 superstesque
1289 3402 1469 3457 adhuc
1509 3411 1630 3457 erat
1667 3417 1813 3457 anno
1843 3391 1887 3451 C
1923 3405 2388 3477 Brugnatensem;
2425 3403 2831 3459 Commentario
2868 3405 2922 3458 in
2977 3403 3300 3474 Evangelia,
3336 3402 3516 3459 inter-

238 3495 387 3563 1118,
431 3511 546 3566 quo
588 3495 812 3550 Alexius
852 3493 1169 3550 Comnenus
1216 3495 1514 3565 imperator
1560 3494 1714 3550 obiit.
1749 3525 1818 3536 —

237 3587 459 3658 Scripsit
492 3588 812 3643 orthodoxae
838 3587 960 3644 ﬁdei
987 3587 1304 3658 Panopiiam
1337 3587 1602 3642 adversus
1626 3601 1818 3640 omnes

239 3683 488 3750 haereses,
527 3684 581 3737 in
620 3684 755 3738 duas
784 3693 967 3753 partes
999 3681 1279 3745 tributam,
1318 3681 1624 3751 interprete
1657 3679 1818 3734 Petro

238 3773 524 3831 Francisco
551 3775 688 3830 Zino
717 3773 1017 3830 Veronensi
1050 3774 1317 3829 canonico
1349 3791 1364 3827 :
1395 3772 1819 3829 Commentatio-

240 3879 331 3918 nes
363 3866 417 3918 in
465 3879 663 3920 omnes
694 3863 796 3920 150
830 3863 1092 3929 Psalmos,
1130 3873 1184 3920 et
1219 3864 1409 3920 decem
1454 3879 1625 3919 sacrae
1672 3863 1820 3918 δτι-1ο

238 3964 404 4025 ptum
449 3956 689 4022 cantica,
748 3971 778 4012 e
839 3955 1026 4012 Grreco
1084 3955 1140 4012 in
1194 3956 1446 4011 Latinum
1500 3971 1812 4012 sermonem

1917 3507 2072 3566 prete
2105 3495 2317 3551 Joanne
2349 3494 2620 3550 chtenio
2653 3494 3051 3550 Mechliniensi.

1991 3587 2089 3642 llic
2116 3597 2307 3643 auctor
2335 3603 2364 3641 a
2399 3585 2552 3642 Sixto
2581 3586 2814 3641 Senensi
2841 3586 3075 3658 diligens
3099 3584 3514 3654 Scripturarum

1921 3681 2233 3751 expositor,
2304 3694 2334 3734 a
2401 3678 2708 3734 cardinale
2753 3678 2986 3733 Baronio
3059 3678 3513 3732 accuratissimus

1917 3772 2234 3829 earumdem
2269 3773 2542 3844 interpres
2572 3787 2602 3827 a
2632 3771 2840 3827 Joanne
2870 3770 3202 3832 Maldonato.
3232 3771 3286 3824 in
3322 3771 3516 3826 obser-

1918 3865 2110 3920 vandis
2139 3865 2434 3921 verborum
2471 3863 2902 3935 proprietatibus
2929 3861 3381 3933 diligentissimus
3412 3874 3515 3931 ap-

1921 3956 2178 4028 pellatur.

488 4253 594 4316 Jo.
635 4254 947 4329 Augustus
976 4250 1254 4312 ERNESTI
1280 4247 1345 4312 in
1377 4250 1787 4313 Institutione
1823 4253 2095 4333 interpr.
2141 4253 2223 4315 N.
2267 4255 2429 4315 Test.
2470 4255 2620 4316 Pars
2649 4254 2728 4327 II,
2775 4270 2917 4334 cap.
2965 4251 3024 4329 9,
3075 4257 3102 4330 ἕ
3136 4252 3239 4316 24.

305 4400 409 4458 Nec
445 4399 868 4471 pmtisretindus
898 4395 1225 4470 Euthymius
1254 4397 1564 4468 Zigabenus
1584 4437 1600 4461 ,
1640 4395 1820 4452 Pauo-

240 4493 353 4563 piiae
388 4489 719 4564 Dogmaticze
757 4489 1010 4559 scriptor,
1056 4505 1088 4544 e
1131 4504 1257 4543 saec.
1291 4505 1406 4555 xu;
1453 4489 1614 4557 cujus
1643 4487 1823 4556 {Com-

203 4598 210 4604 ·
243 4583 526 4640 mentarios
555 4583 613 4636 in
647 4581 933 4652 Evangelia
966 4580 1159 4635 Latine
1185 4580 1364 4636 editos
1394 4595 1424 4634 a
1463 4578 1627 4635 Joan.
1664 4578 1818 4634 lien-

1911 4398 2180 4454 Sadoleto
2204 4399 2288 4470 (ε),
2314 4413 2477 4469 quem
2501 4399 2613 4453 vid.
2641 4398 2816 4468 Epist.
2844 4415 2900 4470 p.
2930 4398 3038 4454 2M
3059 4398 3191 4455 edit.
3218 4414 3349 4455 nov.
3381 4399 3513 4456 add-

1925 4492 2138 4547 Fabric.
2174 4490 2311 4547 Bibl.
2349 4490 2523 4546 Graec.
2559 4500 2600 4546 t.
2641 4492 2756 4558 VII,
2787 4507 2844 4562 ιι.
2879 4491 3006 4546 484.
3040 4491 3106 4547 Et
3136 4500 3517 4547 memorantur

1921 4582 2140 4640 codices
2165 4584 2356 4640 scriuti
2387 4584 2699 4641 Comment.
2732 4584 2786 4640 in
2825 4584 3004 4656 Epist.
3037 4582 3216 4650 Pauli,
3248 4584 3378 4640 item
3408 4582 3518 4642 Ca-

245 4675 383 4731 tenio
409 4668 701 4734 habemus,
732 4672 935 4742 pariter
957 4687 988 4728 e
1013 4672 1406 4743 Chrysostomo
1439 4672 1694 4738 maxime,
1726 4671 1823 4726 sed
1925 4677 2181 4734 tholicas.

245 4771 416 4821 tamen
447 4775 503 4822 et
530 4765 654 4820 aliis
687 4765 914 4830 ductos,
952 4773 1008 4820 et
1031 4763 1208 4819 doctis
1237 4763 1391 4819 valde
1425 4762 1685 4834 probatos
1707 4800 1723 4825 .
1760 4771 1820 4817 ut

307 4925 368 4995 (tl
404 4924 562 4995 Apud
595 4923 915 4979 Sadoletum
943 4923 984 4978 1.
1019 4923 1061 4995 l.
1097 4923 1151 4977 in
1186 4922 1320 4995 edit.
1357 4921 1560 4980 Veron.
1595 4923 1819 4985 1757.4.

1923 4925 2263 4999 tiasiBasilii.
2298 4925 2786 4999 Chrysostomiqne
2832 4926 3118 4999 referenti,
3155 4926 3214 4983 in
3255 4927 3517 4999 Epistolis

253 4993 374 5050 nihil
396 4993 500 5050 nisi
529 4995 633 5050 hoc
662 4995 836 5064 reperi
862 5012 875 5049 :
905 4994 986 5050 Ab
1015 4994 1334 5065 Euthymio,
1359 4994 1448 5048 cui
1469 5009 1568 5066 ego
1597 5003 1824 5049 senten-
1923 4997 2080 5052 Pauli
2113 4993 2622 5053 enotaudis'tribuo
2657 4993 3018 5069 permultum.

415 5316 514 5376 Jo.
561 5318 879 5394 Augustus
929 5318 1258 5381 Nosssevr
1295 5319 1381 5378 De
1425 5317 1682 5380 Catenis
1718 5317 1980 5457 Paégum
2025 5319 2409 5381 Grecorum.
2449 5318 2621 5380 Halm
2660 5316 2737 5380 ad
2773 5318 2979 5380 Solam
3023 5316 3206 5391 1762,
3266 5318 3323 5394 4,

1630 5414 1767 5457 me.
1917 5415 2099 5457 seno.

1630 5414 1767 5474 pug.
1808 5414 1882 5457 2;
1917 5415 2099 5477 seqq.

309 5540 382 5598 Ex
407 5543 600 5599 eodem
634 5561 835 5615 genere
860 5545 938 5616 (τι)
966 5559 1049 5602 est
1077 5547 1351 5620 Euthymii
1392 5550 1650 5622 Zigaheni
1685 5566 1809 5605 saec.

247 5637 577 5691 xumonathi
607 5639 924 5694 monasterii
953 5639 1566 5709 ConstantiuoooLitani,
1602 5657 1805 5713 cogno-

1919 5550 2111 5607 minati
2145 5550 2246 5618 τῆς
2277 5550 2670 5622 περιϐλέπτου,
2707 5549 2984 5622 Panoplize
3029 5549 3350 5620 dogmatiea‘.
3383 5549 3522 5603 Scri-

1914 5644 2111 5715 ptoris,
2175 5643 2620 5700 Commentarios
2676 5641 2733 5699 in
2780 5658 2833 5699 tv
2892 5642 3210 5714 Evangelia,
3271 5658 3435 5711 quem
3486 5655 3524 5696 α

315 5794 381 5860 (ν)
437 5795 780 5866 Exposuerat
829 5799 1072 5870 proxime
1133 5810 1256 5856 ante
1316 5800 1461 5857 hunc
1511 5801 1578 5856 de
1639 5801 2065 5874 'l‘heophylacm.
