4018 6410
178 418 234 483 33
1577 382 1997 450 ΡΗΑΞΡΛΤΙΟ.
3356 354 3434 418 34

180 525 363 591 asserit,
396 521 545 578 nulla
574 518 700 576 Filii
731 516 873 572 facta
908 510 1189 569 mentione
1216 503 1310 579 (ε).
1342 502 1573 573 Reliqua
1604 516 1727 572 quas
1760 507 1805 566 Α

178 617 412 682 Eutlmnii
444 614 665 675 nomine
696 611 950 666 feruntur
989 606 1228 675 scripta,
1267 598 1515 655 nondum
1547 595 1690 649 edita
1710 633 1727 659 ,

179 729 283 770 num
312 712 373 767 ab
392 725 456 764 eo
477 706 723 779 proiecta
747 702 879 765 sint,
910 699 1251 771 exploratum
1281 707 1392 747 non
1434 689 1726 744 habemus.

182 806 314 861 Certe
329 776 570 873 quodvad
602 793 1013 867 Expositionem
1037 786 1394 860 epistolarum
1423 778 1574 836 Pauli
1607 776 1733 831 atti-

242 954 298 1025 (ε)
323 950 486 1025 head
510 947 671 1004 Joan-
706 962 819 1025 ιενι
856 942 941 999 ιο·
963 925 1729 1025 E!_sa,*9r_99§€°s.3."3!£2:

185 995 1168 1095 utpdtezh-ilioprocedeiis;mittitur
1200 995 1332 1095 vero
1351 1018 1381 1057 a
1406 1000 1545 1056 Filio
1574 995 1733 1095 qatzasi

184 1068 1067 1165 ietrnon'contrarius.
1096 1075 1363 1133 Similiter
1393 1088 1444 1126 c.
1471 1087 1565 1132 xv,
1593 1068 1685 1122 26.
1718 1082 1733 1119 :

187 1166 298 1221 Vide
320 1161 687 1231 autem,.qnod
714 1155 885 1213 mittit
907 1151 1129 1224 quidem
1154 1162 1284 1204 eum
1316 1152 1372 1200 et
1394 1141 1589 1207 Filius,
1622 1148 1741 1194 tan-

1834 504 1929 551 net
1958 508 1987 548 ι
2019 486 2301 548 nonnullis
2341 479 2640 554 Euthymio
2676 475 2975 545 ascriptam
2998 511 3013 536 ,
3042 469 3206 526 Rieh.
3240 467 3437 524 Simon

1838 585 1979 642 Bibl.
2010 583 2135 638 erit.
2158 581 2227 635 de
2254 578 2336 633 Du
2374 574 2473 630 Pin
2505 573 2543 627 ι.
2570 587 2622 627 c.
2647 584 2771 641 pag.
2797 568 2925 629 5‘25.
2963 579 3060 621 eos
3083 561 3440 635 Euthymium

1839 693 1965 734 cum
1999 670 2341 731 (Ecumenio
2371 672 2743 723 commutasse
2771 659 3006 731 judicat.

1841 934 2004 992 quam
2037 915 2286 987 ejusdem
2318 923 2444 992 eum
2472 904 2635 992 l’atre
2654 896 2923 992 imperii:
3186 883 3238 992 id
3258 885 3450 992 11":-

1844 959 2603 1060 ?:g...b.,‘iii,"§i6c§aémen.
2629 959 2928 1060 ,Ρι-ρεεὰἰξτ
2951 968 3137 1060 itaque
3187 978 3220 1047 ᾳ
3258 959 3443 1060 Pgtr‘e,

2176 1028 2821 1123 devejus—substantia.
2883 1028 3137 1093 Noesselt
3190 1035 3246 1089 iu
3290 1028 3451 1087 Nolis

1848 1149 1879 1186 a
1987 1168 2003 1184 .
2062 1167 2078 1183 .

191 1300 3427 1381 _____________________________.._———-

640 1542 1161 1641 JOANNIS
1274 1525 1892 1625 HENTENII
2006 1506 2977 1611 MECHLINIENSIS

1286 1727 1669 1796 EPISTOLA
1731 1711 2232 1786 DEDICATORI
2246 1711 2320 1772 A.

245 2098 605 2161 Illustrissiino
634 2110 700 2150 ac
729 2085 1191 2147 reverendissimo
1232 2080 1459 2139 domino
1491 2079 1553 2132 D.
1589 2074 1728 2128 Fran

191 2200 315 2255 cisco
368 2211 397 2249 a
454 2188 730 2246 Bovadilla
809 2184 1068 2255 episcopo
1137 2174 1444 2238 Cauricnsi,
1478 2168 1746 2225 archidia-

192 2302 311 2344 cono
369 2283 654 2344 Tnletano,
705 2286 811 2332 etc.
850 2276 1091 2330 Joannes
1143 2266 1451 2323 chtenius
1527 2260 1754 2316 Mechli-

194 2379 394 2440 niensis,
420 2374 478 2429 S.
510 2372 573 2427 D.

254 2470 305 2526 Si
331 2473 522 2524 bonum
547 2480 614 2519 eo
640 2460 992 2531 praestantius
1012 2471 1133 2514 esse
1156 2460 1361 2525 quanto
1387 2448 1753 2511 commnnius,

198 2574 338 2615 nemo
364 2567 446 2612 est
467 2557 551 2611 vel
574 2552 928 2609 mediocriter
943 2548 1135 2604 morali
1155 2542 1499 2615 philosophia
1524 2542 1759 2594 instruc—

199 2663 273 2707 tus
291 2651 373 2722 qui
394 2650 624 2713 dubitet,
648 2646 845 2717 praesul
866 2641 1225 2714 amplissime,
1246 2638 1510 2692 virtutum
1534 2650 1599 2690 ac
1620 2631 1762 2687 litte-

201 2761 357 2799 rarum
388 2743 621 2797 antistes
659 2760 670 2794 :
710 2753 823 2793 non
847 2739 954 2791 erit
982 2736 1148 2790 etiam
1203 2732 1297 2802 qui
1326 2729 1587 2800 ambigat,
1608 2742 1759 2781 com-

201 2856 344 2893 mune
362 2839 562 2892 bonum
589 2834 805 2904 privato
822 2845 944 2885 esse
965 2826 1413 2898 praponendum.
1435 2821 1601 2891 quue
1626 2820 1764 2874 adeo

201 2948 364 2985 verum
406 2941 511 2993 εει,
544 2938 603 2980 ut
656 2927 831 2979 etiam.
859 2922 1106 2977 Christus
1148 2917 1578 2973 sacratissimum
1618 2913 1763 2966 illam

203 3027 345 3079 vitain
390 3038 541 3079 suam
584 3019 748 3074 vilem
803 3016 1078 3079 habuerit,
1109 3028 1217 3083 quo
1267 3010 1527 3064 universo
1578 3004 1765 3076 generi

205 3121 413 3175 humano
434 3120 579 3174 salus
598 3119 852 3182 adempta
870 3111 1041 3180 possit
1057 3104 1292 3163 restitui.
1307 3102 1513 3157 Verum
1534 3114 1603 3154 ne
1627 3097 1771 3153 dicat

206 3217 442 3285 quispiam
478 3213 684 3269 Christi
716 3225 905 3281 opera,
936 3216 1129 3276 utpote
1177 3200 1389 3265 divina,
1418 3206 1769 3264 nequaquam

208 3307 255 3361 in
289 3321 561 3361 numerum
617 3317 743 3357 esse
795 3296 1092 3369 redigenda
1128 3311 1141 3348 :
1178 3308 1275 3364 age
1323 3298 1379 3345 et
1425 3289 1493 3342 ab
1535 3283 1774 3341 ethnicis

208 3412 399 3468 quoque
444 3409 648 3466 paucos
678 3393 746 3447 de
782 3386 1097 3446 innumeris
1137 3387 1466 3446 reteramus,
1490 3379 1582 3448 qui
1616 3390 1772 3430 suam

210 3505 513 3560 suorumque
546 3487 716 3541 vitam
742 3480 1021 3540 communi
1044 3480 1192 3534 bono
1228 3474 1689 3547 posthabuerunt.
1719 3468 1778 3520 ln

212 3586 379 3657 primis
397 3592 576 3637 autem
599 3577 842 3635 occurrit
860 3573 1061 3628 Junius
1079 3571 1171 3625 ille
1196 3568 1415 3631 Brutus,
1436 3565 1649 3635 primus
1666 3560 1779 3614 Ro-

214 3653 367 3732 iname
395 3672 661 3730 libertatis
716 3677 982 3730 assertor,
1008 3663 1101 3734 qui
1165 3660 1417 3732 pr0prios
1452 3656 1612 3716 ﬁlios,
1636 3653 1780 3723 quod

217 3770 429 3826 fuissent
472 3764 686 3822 consilii
735 3764 803 3817 de
851 3754 1178 3815 reducendis
1219 3751 1435 3823 regibus
1468 3747 1780 3820 participes,

218 3861 381 3917 securi
406 3860 573 3929 jussit
627 3851 841 3926 percuti
874 3870 886 3903 :
915 3847 1131 3904 tametsi
1152 3862 1216 3900 ex
1244 3858 1434 3899 eorum
1463 3838 1610 3894 caede
1633 3838 1785 3909 gravi

215 3954 319 4024 ipse
348 3952 681 4007 sauciaretur
718 3944 945 4000 vulnere
976 3956 991 4006 ;
1022 3939 1145 4009 quis
1176 3936 1322 3991 enim
1363 3947 1518 3988 amor
1580 3926 1786 4000 aequari

217 4020 370 4119 possit
396 4055 606 4116 patrum
640 4055 770 4111 erga
806 4036 948 4092 ﬁlios
980 4032 1195 4088 amori?
1223 4029 1336 4085 Nec
1367 4028 1421 4083 id
1439 4040 1573 4081 sane
1602 4020 1787 4095 Virgi-

217 4141 336 4195 lium
369 4139 544 4200 latuit,
574 4134 670 4206 qui
703 4134 770 4188 de
799 4146 867 4186 eo
906 4129 1149 4200 loquitur
1183 4126 1239 4181 in
1273 4124 1423 4177 hunc
1452 4119 1677 4174 modum
1714 4133 1729 4170 :

220 4230 295 4286 Vis
326 4240 370 4285 et
403 4228 736 4299 Tarquinios,
761 4237 907 4290 reges
937 4219 1279 4299 animamque
1309 4209 1594 4299 supnerbam

226 4283 399 4357 Ultoris
433 4283 609 4360 Bruti,
636 4283 905 4365 {arcesque
939 4290 1116 4365 videre
1148 4283 1375 4353 receptos
1397 4283 1429 4335 7-

224 4371 447 4426 Comuh’s
475 4362 758 4434 imperium
788 4366 872 4417 hic
898 4362 1101 4428 primus
1124 4370 1396 4434 saeuasque
1425 4366 1633 4407 secures

225 4443 434 4510 Accipiet
461 4457 478 4493 :
506 4427 763 4510 natosque
791 4427 1105 4510 paternam
1132 4427 1267 4481 bella
1295 4431 1556 4510 moventes

227 4514 297 4566 Ad
332 4496 527 4582 penam
554 4496 909 4582 pulo-hro'pro
938 4501 1179 4582 libertate
1209 4496 1414 4549 vocabit

228 4571 425 4654 Infelix,
448 4571 711 4647 utcunque
736 4576 903 4654 [erant
936 4588 997 4654 ερ
1030 4571 1174 4641 facta
1207 4576 1414 4649 nepotes
1435 4580 1455 4618 :

235 4632 394 4709 γάιαι
411 4632 570 4705 ἀῆιὸι·
598 4632 817 4716 ῥαιγίιε,
840 4632 1169 4710 laudumque
1201 4640 1462 4691 immensa
1486 4632 1695 4704 cupido.

294 4764 351 4821 P.
370 4764 560 4821 Decius
604 4760 725 4815 Mus
753 4772 879 4813 cum
924 4754 1151 4811 consule
1184 4748 1253 4805 Τ.
1282 4747 1482 4803 Manlio
1516 4746 1797 4817 Torquato

233 4870 403 4914 contra
435 4858 658 4912 Latinos
688 4865 960 4924 pugnans,
987 4862 1110 4905 cum
1136 4858 1462 4914 responsum
1495 4848 1641 4896 esset
1674 4853 1797 4892 ora-

236 4954 365 5020 culo,
397 4951 566 5006 utrius
593 4954 869 5003 exercntus
902 4943 1199 5013 imperator
1248 4936 1487 5007 legiones
1533 4932 1799 4996 hostium,

237 5060 389 5116 seque
430 5058 596 5114 super
641 5054 737 5095 eas
770 5035 1104 5098 devovisset,
1129 5033 1249 5103 ejus
1294 5026 1485 5100 pepuli
1519 5026 1802 5097 partisque

239 5142 343 5197 fore
373 5137 649 5195 victoriam
684 5154 695 5189 :
729 5149 787 5189 se
820 5132 1000 5202 ipsum
1049 5143 1150 5198 pro
1199 5124 1481 5182 communi
1529 5122 1805 5177 exercitus
1864 5126 1869 5135 ‘

241 5232 392 5288 salute
430 5228 669 5285 devovit.

303 5326 549 5394 idemque
584 5321 713 5375 iecit
741 5316 885 5371 (ilius
913 5315 1032 5385 ejus
1062 5312 1254 5369 eodem
1288 5308 1590 5379 appellatus
1625 5302 1809 5360 nomi-

242 5434 324 5481 ne,
345 5433 464 5473 cum
490 5417 599 5485 jam
637 5411 856 5466 tertium
899 5406 1089 5463 consul
1130 5404 1347 5464 fuisset.
1373 5401 1651 5469 semelque
1679 5413 1811 5453 cen-

247 5528 324 5566 sor
354 5532 366 5567 :
396 5524 628 5584 quorum
659 5507 823 5561 etiam
856 5503 940 5557 his
968 5500 1149 5555 verbis
1178 5506 1339 5568 poeta
1372 5494 1623 5549 meminit
1662 5509 1677 5547 :

248 5606 361 5671 Quin
395 5607 574 5659 Decios
610 5601 912 5668 Drusosque
941 5594 1121 5671 simul,
1151 5607 1462 5671 aevumque:
1481 5587 1652 5671 securi

250 5658 411 5744 Rspice
443 5658 773 5745 Torquatum
808 5658 855 5722 ἐι
898 5669 1207 5739 referentem
1240 5658 1395 5732 signa
1424 5658 1737 5713 Camillum.

310 5789 509 5844 Hareus
551 5786 774 5841 Curtius
804 5790 1065 5854 praeterea
1101 5778 1170 5834 ob
1209 5774 1389 5847 populi
1424 5774 1653 5830 salutem
1695 5785 1816 5827 sese

254 5896 373 5947 equo
426 5880 703 5933 invectum
739 5876 793 5929 in
844 5883 1003 5929 terra:
1043 5871 1251 5926 hiatum
1286 5867 1498 5939 injecit.
1534 5866 1631 5937 Sp.
1658 5862 1817 5919 Post-

1783 1918 1855 1932 -ι-

1788 2077 1835 2136 Β
1868 2071 2094 2125 humius
2121 2064 2338 2129 consul,
2366 2062 2460 2133 qui
2483 2054 2904 2129 ignominiosam
2932 2064 3123 2122 pacem
3148 2062 3274 2103 cum
3303 2045 3467 2101 Clau-

1856 2166 1947 2219 dio
1982 2163 2177 2217 Pontio
2220 2155 2549 2212 Samnitium
2580 2153 2720 2206 duce
2749 2148 2815 2201 ad
2847 2145 3032 2199 furcas
3067 2140 3345 2196 Caudinas
3371 2152 3473 2207 pe-

1860 2261 2147 2329 pigeratae
2165 2250 2762 2322 spoponderat,auctor
2789 2240 2889 2295 iuit
2915 2234 3157 2298 senatui,
3175 2242 3234 2288 ut
3258 2248 3317 2287 se
3344 2244 3473 2286 cum

1860 2350 2063 2419 collega
2087 2361 2151 2400 ac
2187 2342 2423 2398 tribunis
2455 2339 2546 2408 qui
2582 2346 2841 2390 auctores
2872 2326 3191 2399 sponsionis
3224 2324 3470 2384 fuerant,

1859 2456 1958 2511 per
1990 2416 2234 2493 fieciales
2282 2434 2461 2487 nudos
2497 2430 2821 2495 vinctosque
2856 2420 3201 2476 Samnitibus
3231 2416 3478 2479 dederet,

1862 2549 1972 2601 quo
2003 2529 2239 2601 populus
2271 2526 2549 2580 Romanus
2584 2520 2653 2574 ab
2686 2519 2776 2572 illa
2817 2530 2951 2587 pace
3001 2514 3327 2568 solveretur.

1936 2625 2001 2689 Ω.
2052 2622 2299 2677 Ceditius
2358 2618 2616 2675 tribunus
2691 2612 2953 2673 militum,
3023 2620 3189 2675 quem
3262 2602 3484 2657 videtur

1867 2717 2025 2772 Titus
2077 2714 2265 2769 Livius
2294 2707 2690 2780 Calphurnium
2720 2705 3022 2759 Flammam
3052 2710 3273 2761 vocare,
3300 2694 3485 2763 primo

1869 2812 2011 2867 bello
2044 2809 2254 2864 Punico
2302 2820 2425 2860 cum
2486 2797 2904 2872 quadringentis
2954 2792 3248 2855 militibus,
3275 2785 3387 2850 vel,
3418 2790 3482 2841 ut

1872 2905 2039 2959 habet
2073 2902 2278 2963 Livius,
2315 2912 2441 2952 cum
2473 2893 2759 2953 trecentis,
2790 2889 2895 2943 nisi
2932 2884 3182 2942 fortassis
3212 2881 3303 2936 hic
3344 2880 3488 2934 alius

1872 2995 2055 3059 fuerit,
2090 2992 2252 3047 morti
2313 3006 2371 3045 se
2423 2986 2646 3042 tradidit
2681 3004 2694 3039 :
2723 2993 2783 3039 ut
2812 2982 2942 3036 dum
2977 2980 3034 3033 in
3066 2992 3183 3041 eos,
3214 2972 3487 3029 tumulum

1877 3086 2177 3157 quemdam
2250 3082 2552 3152 capientes,
2618 3082 2999 3133 averterentur
3058 3071 3247 3124 hostes
3314 3064 3492 3134 legio-

1876 3196 1975 3235 nes
2024 3192 2148 3232 cum
2205 3173 2526 3230 consulibus
2580 3170 2989 3229 circumventae,
3036 3162 3341 3217 incolumes
3421 3170 3492 3211 ex

1890 3272 2181 3329 obsidione
2260 3269 2525 3329 liberatae,
2553 3259 2977 3333 pertransirent.
3004 3254 3194 3310 Simile
3271 3262 3492 3320 quoque

1884 3367 1993 3437 egit
2018 3364 2216 3418 Decius
2244 3362 2497 3416 tribunus
2520 3357 2759 3412 militum
2786 3368 2909 3407 cum
2932 3349 3160 3406 consule
3183 3346 3242 3400 Ρ.
3271 3343 3493 3398 Valerio

1885 3454 2145 3517 Corvino,
2171 3452 2395 3522 junctus
2448 3445 2682 3501 hastatis
2710 3439 3123 3510 uniuslegionis
3158 3437 3493 3509 (quanquam

1887 3551 1987 3604 hos
2031 3546 2247 3602 fortuna
2286 3540 2622 3605 liberaverit)
2651 3552 2720 3591 ne
2757 3536 2943 3589 hostes
2976 3524 3357 3586 Samnites‘in
3399 3540 3495 3580 eos

1885 3645 2215 3712 pugnarent.
2260 3634 2406 3688 Inter
2452 3626 2901 3685 Lacedaemonios
2948 3626 3143 3694 ingens
3192 3629 3279 3676 est
3327 3618 3496 3687 hujus

1888 3731 2037 3787 modi
2098 3728 2255 3799 copia
2311 3723 2689 3795 exemplorum
2746 3731 2991 3773 :verum
3048 3710 3305 3784 praecipui
3372 3722 3497 3763 sese

1889 3824 2026 3881 mihi
2062 3822 2305 3877 offerunt
2337 3818 2497 3871 Buris
2526 3824 2578 3869 et
2614 3812 2850 3883 Spartis,
2883 3810 2977 3880 qui
3004 3809 3069 3862 ad
3111 3806 3329 3860 Xerxen
3361 3801 3498 3856 Per-

1894 3930 2079 3972 sarum
2105 3927 2288 3983 regem
2306 3917 2502 3979 sponte
2522 3903 2750 3977 proieeti
2772 3912 2902 3955 sunt
2922 3894 3129 3953 :daturi
3153 3908 3348 3965 pmnas
3361 3904 3499 3960 quas

1895 4003 2299 4063 Lacedaemonii
2323 4002 2480 4073 juxta
2526 3996 2809 4053 oraculum
2841 3992 3085 4065 pendere
3123 3986 3503 4048 debebant,eo

1892 4102 2039 4174 quod
2072 4098 2335 4152 Oratores
2372 4111 2402 4149 a
2434 4094 2598 4148 Persa
2631 4091 2831 4146 missos
2880 4085 3235 4142 occidissent.
3264 4078 3331 4133 Hi
3368 4091 3503 4148 ergo

1900 4207 2026 4249 cum
2058 4189 2127 4244 ad
2156 4187 2373 4243 Xerxen
2416 4182 2719 4247 venissent,
2752 4179 3039 4248 jusserunt
3072 4182 3134 4228 ut
3160 4187 3221 4226 se
3248 4182 3503 4240 quocun-

1895 4299 2002 4356 que
2040 4280 2205 4337 modo
2240 4279 2543 4341 videretur,
2576 4288 2677 4344 pro
2738 4265 3172 4325 Lacedaemoniis
3225 4260 3504 4317 interﬁce-

1897 4384 2001 4432 ret.
2057 4374 2306 4443 Cumque
2337 4385 2432 4424 rex
2464 4371 2725 4439 pietatem
2782 4364 2836 4417 in
2887 4359 3120 4429 patriam
3177 4356 3504 4419 admiratus,

1900 4468 2323 4534 animorumque
2348 4456 3062 4522 fortitudinem,liberasset
3092 4449 3215 4506 illos
3240 4465 3270 4503 a
3317 4461 3503 4518 paena,

1898 4569 2220 4634 peteretque
2269 4568 2329 4613 ut
2364 4555 2511 4627 apud
2551 4569 2612 4609 se
2658 4558 2949 4606 manerent
2982 4547 3123 4614 :Qui
3186 4557 3506 4615 possumus,

1913 4654 2192 4723 inquiunt,
2224 4650 2314 4707 hic
2344 4651 2551 4713 vivere,
2583 4646 2773 4701 relicta
2810 4641 3007 4715 patria,
3040 4638 3346 4710 patriisque
3374 4633 3509 4707 legi-

1905 4748 2010 4803 bus
2036 4762 2100 4801 ac
2119 4744 2270 4807 viris,
2304 4756 2537 4812 quorum
2566 4738 2738 4812 gratia
2762 4746 2977 4791 tantum
3006 4735 3111 4789 iter
3162 4731 3511 4800 suscepimus

1909 4835 2212 4896 morituri?
2246 4832 2390 4901 Quid
2433 4832 2595 4887 Codri
2630 4828 3052 4884 Atheniensium
3087 4824 3232 4895 regis
3275 4830 3509 4877 mortem

1908 4935 2170 4995 referam,
2202 4930 2295 4999 qui
2359 4942 2483 4982 cum
2540 4925 2752 4980 videret
2814 4922 3094 4994 regionem
3150 4932 3308 4973 suam
3368 4918 3514 4970 [erro

1910 5028 2142 5100 ignique
2174 5023 2403 5086 vastari,
2438 5036 2541 5076 nec
2574 5019 2684 5074 alio
2716 5018 2879 5071 modo
2903 5017 3058 5087 juxta
3090 5012 3359 5083 Apollinis
3388 5026 3513 5065 ora~

1920 5121 2113 5178 culum
2146 5128 2256 5174 tam
2290 5131 2454 5187 grave
2495 5114 2699 5169 bellum
2754 5110 2955 5166 discuti
3005 5116 3215 5179 posset,
3248 5106 3351 5159 nisi
3399 5105 3517 5174 ipse

1911 5214 2157 5271 hostium
2186 5226 2352 5265 manu
2384 5208 2699 5268 occidisset,
2725 5205 2888 5273 idque
2914 5218 3022 5256 non
3057 5200 3237 5255 solum
3295 5198 3350 5251 in
3386 5195 3517 5250 totis

1920 5305 2350 5361 Atheniensium
2395 5300 2612 5366 castris,
2640 5297 2737 5353 sed
2774 5296 2937 5351 etiam
2977 5295 3033 5347 in
3068 5290 3363 5347 contrariis
3390 5302 3521 5357 per-

1914 5400 2243 5463 crebuisset,
2274 5396 2510 5465 ideoque
2569 5391 2811 5447 edictum
2864 5397 3032 5451 esset,
3062 5401 3131 5439 ne
3177 5384 3302 5455 quis
3350 5379 3517 5436 Codri

1922 5508 2128 5563 corpus
2183 5490 2525 5553 vulneraret,
2593 5482 2855 5553 depositis
2908 5478 3121 5551 imperii
3186 5475 3517 5541 insignibus,

1924 5584 2253 5641 familiarem
2286 5580 2463 5635 induit
2490 5579 2721 5641 cultum,
2752 5590 2814 5629 ac
2846 5572 3148 5645 palantium
3190 5567 3353 5640 globo
3396 5579 3521 5621 sese

1923 5676 2145 5745 objccit,
2175 5688 2457 5741 unumque
2512 5688 2581 5725 ex
2628 5670 2716 5725 his
2762 5668 2899 5721 falce
2952 5678 3272 5735 percussum
3329 5661 3383 5713 in
3435 5658 3520 5713 sui

1924 5769 2129 5824 caedem
2161 5766 2446 5835 compulit,
2473 5774 2532 5818 ut
2572 5761 2806 5833 patriam
2841 5766 3119 5822 servaret;
3152 5755 3318 5822 hujus
3349 5749 3520 5820 siqui—

1926 5862 2050 5921 dem
2094 5859 2438 5926 interitu,ne
2476 5858 2704 5913 Athena:
2753 5851 3068 5910 occiderent
3117 5848 3374 5905 etiectuni
3417 5852 3525 5900 est.
