4018 6428
562 416 634 478 35
1983 399 2397 464 PREFATIO.
3729 391 3800 454 36

634 521 768 576 iluic
798 518 907 590 jam
942 518 1019 573 rei
1056 517 1214 572 linem
1267 514 1562 585 impr-nam,
1587 513 1631 568 si
1685 509 1834 582 prius
1880 508 2195 574 bominisA
2221 521 2348 561 men
2400 519 2526 560 cum
2591 502 2824 574 posteris
2879 502 3016 560 adeo
3077 501 3207 558 utile
3241 516 3304 557 ac
3359 499 3800 590 amplectendum

560 611 786 673 ethnici,
823 625 1018 678 nempe
1062 605 1340 662 Ciceronis
1379 603 1456 658 De
1504 605 1704 658 somnio
1760 600 2019 668 Scipionis
2042 601 2124 654 di-

556 717 704 759 ctum
735 718 860 755 vere
888 700 1256 756 Christianum
1301 699 1368 752 de
1401 699 1708 750 communis
1735 693 1862 748 boni
1910 693 2120 763 magni-

564 797 747 851 tudine
770 793 1024 858 retulero,
1053 791 1142 860 qui
1172 792 1250 843 sic
1267 789 1343 842 ait
1381 807 1393 841 :
1433 806 1450 838 ι
1481 786 1598 852 Quo
1627 784 2122 847 sis,:’tfricane,aia-

563 889 707 942 crior
729 887 792 940 ad
819 887 1092 938 tutandam
1125 881 1535 951 rempublicam.
1572 881 1650 932 sic
1676 878 1873 931 habeto
1900 893 1912 928 :
1941 875 2122 930 omni-

563 983 662 1036 bus
685 980 773 1048 qui
797 978 1022 1048 patriam
1045 973 1499 1032 conservaverint.
1525 971 1834 1040 adjuverint
1850 970 2121 1030 auxerint,

561 1054 768 1125 certum
794 1083 915 1122 esse
953 1069 1006 1120 in
1027 1065 1166 1120 οωιυ
1201 1080 1264 1119 ac
1296 1062 1576 1117 definitum
1612 1060 1812 1121 locum,
1835 1059 1924 1112 tibi
1973 1058 2119 1112 beati

563 1177 677 1213 aevo
692 1162 1026 1228 sempiterno
1045 1157 1310 1210 fruantur.
1329 1174 1344 1204 ι
1365 1153 1510 1205 Nihil
1530 1149 1766 1204 estenim
1785 1149 1857 1202 illi
1884 1148 2011 1212 Deo,
2030 1147 2120 1215 qui

559 1269 776 1306 omnem
808 1255 950 1305 hunc
977 1248 1235 1302 mundum
1269 1244 1424 1313 regit,
1452 1245 1592 1312 quod
1620 1243 1837 1313 quidem
1881 1242 1931 1293 in
1966 1241 2123 1293 terris

561 1347 674 1407 iiat,
709 1341 1004 1410 acceptius.
1035 1354 1194 1399 quam
1222 1337 1451 1389 concilia
1506 1343 1786 1402 coetusque
1839 1329 2120 1384 hominum

554 1438 676 1501 jure
706 1433 916 1492 Sociati.
945 1445 1064 1498 qnze
1084 1430 1370 1482 societates
1397 1427 1737 1495 appellantur
1769 1443 1781 1476 :
1815 1424 2005 1478 harum
2033 1439 2121 1478 rc-

558 1536 737 1578 ctores
763 1535 816 1576 et
843 1529 1253 1576 conservatores
1288 1518 1411 1570 hinc
1437 1517 1679 1583 ιιι-οΐυιιὶ,
1705 1521 1811 1569 huc
1836 1526 2119 1569 reverten-

563 1626 669 1668 tur.
701 1613 793 1666 His
819 1613 999 1682 igitur,
1029 1611 1117 1678 qui
1147 1609 1232 1665 vel
1257 1609 1464 1676 seipsos
1496 1608 1707 1660 fortiter
1732 1623 1827 1676 pro
1848 1607 2121 1676 republica

564 1704 720 1757 morti
755 1703 1108 1759 traditeruut.
1142 1701 1317 1752 autin
1358 1699 1476 1765 ejus
1508 1699 1792 1752 utilitatem
1819 1708 1986 1752 artem
2021 1697 2120 1750 aii-

562 1810 722 1863 quam
753 1794 1100 1863 quantumvis
1121 1793 1282 1844 etiam
1312 1790 1628 1843 illiberalem
1651 1804 1714 1843 ac
1738 1789 2116 1848 sedentariam.

2223 596 2534 667 reliquisset
2584 609 2746 664 opus,
2788 604 2937 648 tanta
2985 594 3088 648 fuit
3115 591 3283 646 animi
3327 576 3592 644 modestia
3652 590 3801 658 quod

2221 691 2383 745 etiam
2417 687 2619 758 passim
2654 702 2721 741 ex
2743 687 2864 755 ejus
2894 685 3114 754 scriptis
3135 685 3255 739 luce
3282 682 3485 738 clarius
3519 691 3597 736 est
3661 698 3792 750 pcr-

2222 781 2433 851 spiccre
2465 790 2520 835 ut
2550 779 2653 833 sibi
2688 779 2741 832 id
2774 778 2914 831 adeo
2947 793 3054 830 non
3093 776 3476 836 vindicaverit,
3509 774 3655 843 quod
3687 791 3797 828 nec

2223 872 2506 942 proprium
2530 885 2731 925 nomen
2758 869 3124 938 adjiciendum
3145 868 3445 930 censuerit,
3479 866 3574 920 sed
3604 863 3786 935 Chry-

2222 963 2446 1019 sostomi
2478 961 2660 1032 potius
2688 976 2811 1015 cum
2863 960 3100 1025 caeteris,
3159 972 3391 1029 quorum
3433 959 3663 1026 ingenue
3719 959 3804 1009 fa-

2224 1055 2440 1108 tebatur
2467 1067 2590 1107 esse
2621 1052 2927 1122 potissima,
2969 1065 3090 1120 qua:
3125 1049 3181 1103 in
3215 1065 3381 1103 unum
3415 1049 3531 1118 ipse
3585 1049 3754 1117 colieg
3783 1059 3802 1100 t

2221 1160 2532 1216 quanquam
2579 1156 2633 1199 et
2664 1144 2778 1214 ipse
2807 1159 2907 1199 suo
2948 1153 3123 1198 marte
3153 1143 3386 1212 plurima
3415 1155 3535 1210 quae
3573 1150 3629 1194 et
3657 1155 3802 1208 pne-

2221 1238 2556 1294 stantissima
2599 1246 2778 1300 erant.
2835 1238 3182 1308 adjunxerat,
3237 1244 3298 1290 ut
3348 1233 3478 1287 hinc
3536 1233 3804 1298 coniicias

2221 1338 2482 1398 quantum
2509 1327 2694 1381 animo
2728 1325 3020 1382 dissideret
3036 1327 3103 1381 ab
3125 1327 3186 1381 iis
3215 1326 3308 1394 qui
3341 1324 3395 1378 in
3418 1324 3639 1378 modum
3672 1338 3802 1378 cor-

2222 1421 2418 1474 ιιὶιειιιω
2442 1420 2634 1473 alienis
2657 1433 2778 1473 sese
2810 1429 3089 1472 ornantac
3117 1417 3396 1472 venditant
3435 1414 3806 1485 plumis.l‘lu-

2225 1512 2382 1566 rimis
2430 1524 2559 1563 sane
2593 1519 2784 1563 auctor
2822 1509 2910 1564 hic
2963 1510 3130 1564 fuisse
3156 1509 3369 1562 videtur
3425 1506 3806 1562 OEcumenius

2222 1607 2286 1671 is,
2321 1607 2412 1677 qui
2441 1607 2547 1659 sim
2575 1606 2643 1658 lia
2679 1604 3085 1660 Comnientaria
3139 1621 3200 1658 ex
3230 1603 3432 1658 eisdem
3457 1602 3673 1672 collegit
3708 1618 3810 1655 au—

2220 1701 2485 1762 ctoribus.
2535 1701 2588 1753 in
2645 1699 2778 1753 Acta
2819 1699 3204 1768 apostolorum,
3247 1697 3302 1750 in
3354 1695 3626 1765 Epistolas
3675 1710 3807 1764 quae

2220 1792 2517 1846 Catholicae
2541 1799 2956 1860 nuncupantur.
2999 1804 3063 1843 ac
3096 1789 3149 1841 in
3181 1787 3440 1843 Paulinas
3474 1802 3691 1850 omnes,
3747 1794 3810 1840 ut

564 1900 677 1936 sive
706 1883 985 1952 quidpiam
1013 1882 1149 1934 inea
1179 1881 1512 1950 prmcipuum
1547 1892 1862 1950 gratumque
1889 1881 2121 1950 posteris
2151 1868 2194 1926 Β
2223 1887 2388 1939 certis
2419 1883 2743 1954 quibusdam
2762 1881 3098 1953 argumentis
3131 1880 3422 1951 colligitur,
3447 1880 3662 1933 etiamsi
3700 1894 3811 1934 nec

563 1977 979 2037 adinvenerunt,
1012 1973 1152 2026 vices
1189 1973 1484 2040 rependere
1514 1975 1738 2041 cupiens
1779 1975 2072 2041 antiquitas
2104 1989 2119 2029 :

564 2077 617 2120 et
639 2083 743 2134 qua
767 2066 969 2129 liceret,
997 2073 1310 2134 perpetuam
1331 2079 1519 2118 eorum
1547 2065 1860 2117 memoriam
1887 2065 1953 2118 ab
1979 2064 2120 2118 inte.-

564 2161 670 2211 ritu
699 2157 1211 2220 vindicare,statuas
1231 2168 1401 2208 aereas
1423 2169 1515 2206 seu
1546 2169 1843 2207 marmorea
1876 2154 2122 2221 sepulcra

566 2250 758 2304 erexit.
787 2247 1056 2302 Praeterea
1089 2245 1430 2300 ethnicorum
1466 2246 1632 2299 libros
1665 2249 1868 2315 ingenti
1911 2248 2123 2300 redem-

564 2354 685 2412 ptos
717 2341 890 2410 pretio
919 2355 1111 2409 magna
1149 2339 1249 2391 fide
1287 2337 1369 2390 vel
1401 2339 1664 2406 religione
1695 2348 1873 2404 potius
1915 2338 2120 2392 descri-

565 2430 964 2502 ptos,ceiiriuis
1014 2430 1253 2482 inclusos
1316 2429 1575 2497 capsulis,
1605 2437 1715 2481 tum
1769 2429 1914 2483 cedri
1961 2444 2124 2484 succo

562 2525 776 2586 oblitos,
801 2520 1003 2590 posteri
1036 2520 1088 2572 in
1129 2520 1343 2587 templis
1379 2521 1692 2573 cautissime
1727 2521 2063 2590 repent-bant
2106 2539 2119 2574 :

564 2616 754 2685 partim
799 2625 860 2667 ut
904 2613 978 2666 rei
1022 2623 1126 2666 tam
1157 2627 1344 2668 sacrae.
1371 2623 1586 2681 tamqtte
1635 2613 1832 2667 divina:
1882 2613 2124 2666 custodia

563 2724 671 2762 non
703 2709 823 2760 aliis
848 2721 1007 2776 quant
1034 2706 1160 2775 ipsis
1184 2705 1495 2759 numinibus
1516 2707 1971 2761 concrederetur:
2002 2721 2124 2774 par-

568 2799 664 2850 tim
697 2811 766 2850 nc
799 2796 926 2864 quid
961 2795 1099 2848 situs
1132 2803 1224 2847 aut
1263 2796 1439 2850 caries
1482 2795 1569 2848 illa
1600 2807 1949 2849 monumenta
1970 2797 2127 2848 vitia-

565 2898 665 2941 ret.
695 2887 798 2941 Alii
823 2903 888 2940 ne
944 2887 1044 2939 bac
1073 2886 1290 2954 quidem
1313 2887 1554 2940 contenti
1578 2887 1874 2957 diligentia,
1907 2886 2126 2941 codices

561 2996 661 3034 ceu
705 2981 1013 3034 thesaurum
1055 2978 1532 3048 incomparabilem
1565 2979 1620 3031 in
1652 2977 1929 3033 aitiSsimis
1972 2988 2128 3032 terra

563 3071 782 3126 latebris
830 3071 1198 3126 recondebant
1231 3080 1382 3124 tanta
1431 3085 1582 3134 cura,
1609 3080 1666 3123 ιιι
1697 3084 1799 3124 nec
1839 3069 2124 3131 incendiis,

2224 1979 2298 2032 ibi
2329 1977 2568 2031 voluerit
2601 1991 2758 2030 suum
2787 1990 2987 2029 nomen
3045 1974 3353 2043 exprimere
3389 1989 3405 2027 :
3455 1987 3560 2041 qua
3615 1972 3685 2027 de
3746 1986 3811 2026 re

2226 2069 2472 2138 pluribus
2515 2082 2758 2136 agemus,
2791 2081 2916 2120 cum
2949 2074 3153 2119 tomum
3205 2065 3355 2118 illum
3385 2064 3618 2118 alterum
3669 2079 3811 2134 pro-

2228 2160 2441 2228 pediem
2502 2160 2555 2212 in
2599 2159 2777 2213 lucem
2838 2158 3114 2212 dabimus.
3161 2156 3316 2211 iinnc
3377 2158 3560 2226 itaque
3614 2156 3811 2211 Graeca

2226 2267 2392 2304 manu
2438 2251 2775 2319 descriptum
2805 2261 2931 2304 ante
2959 2249 3157 2303 multas
3206 2259 3394 2303 :etates
3438 2249 3579 2319 quod
3607 2258 3814 2318 praeter

2228 2344 2370 2411 ipsas
2397 2345 2858 2412 evangelistarum
2903 2357 3046 2396 novo
3095 2342 3255 2396 modo
3295 2341 3810 2410 depictas,jamque

2227 2434 2618 2504 propemodum
2684 2441 2955 2488 vetustate
3010 2433 3216 2488 deletas
3267 2433 3551 2502 imagines,
3607 2431 3806 2486 multis

2228 2527 2384 2579 nobis
2413 2527 2751 2596 argumentis
2781 2526 3020 2579 innotuit
3044 2541 3164 2578 cum
3195 2541 3324 2577 casu
3357 2524 3684 2594 reperissetn
3747 2523 3809 2576 in

2229 2617 2555 2671 bibliotheca
2594 2617 2831 2671 cmnobii
2869 2616 3112 2686 Deipara:
3145 2616 3385 2686 Virginis
3410 2630 3437 2669 a
3465 2615 3808 2684 Guadaiupe,

2227 2708 2436 2760 ordinis
2486 2707 2594 2762 divi
2622 2705 2935 2777 Hieronymi
2981 2707 3034 2760 in
3069 2722 3235 2776 regno
3281 2707 3551 2772 Casteilie,
3605 2705 3660 2759 in
3697 2721 3811 2775 qua

2229 2801 2534 2853 etiamnum
2569 2800 2847 2854 delitescit
2883 2817 2896 2853 :
2941 2810 2998 2853 ut
3036 2810 3163 2853 sunt
3191 2799 3311 2867 ejus
3363 2799 3616 2864 sodalitii,
3664 2814 3811 2868 prte-

2228 2891 2416 2942 sertim
2456 2899 2637 2943 autem
2671 2889 3013 2942 celeberrimi
3040 2889 3184 2942 illius
3216 2888 3530 2942 monasterii
3559 2889 3812 2943 coenobi-

2232 2986 2323 3042 ιω,
2356 2995 2460 3031 non
2493 2981 2654 3032 modo
2677 2979 3006 3034 Christianae
3054 2991 3252 3033 nostra:
3283 2980 3575 3050 religionis,
3612 2995 3809 3035 verum

2229 3070 2392 3124 etiam
2426 3072 2999 3140 prastantissimorum
3027 3087 3244 3141 semper
3271 3084 3586 3138 auctorum,
3629 3073 3812 3143 potis-

565 3178 666 3216 nec
699 3162 963 3216 bellorum
1003 3163 1274 3230 procellis,
1297 3160 1494 3231 quibus
1522 3161 1704 3222 omnia
1743 3176 1896 3214 sacra
1941 3159 2123 3229 profa-
2155 3198 2198 3254 C
2232 3163 2427 3216 simum
2464 3173 2641 3217 tamen
2673 3175 2940 3226 veterum,
2991 3164 3392 3235 diligentissimi
3427 3167 3814 3219 observatores

566 3270 738 3323 raque
761 3254 936 3307 solent
955 3255 1188 3313 misceri,
1215 3253 1518 3314 interirent,
1538 3263 1586 3306 et
1608 3253 1839 3321 posteris
1857 3262 2004 3307 certe
2034 3268 2125 3306 su-

565 3355 868 3416 peressent.
903 3346 1069 3398 l’orro
1103 3346 1146 3398 si
1177 3345 1263 3399 hic
1295 3345 1468 3398 honos
1502 3352 1584 3398 est
1617 3346 1833 3397 habitus
1859 3344 2123 3411 supersti-

566 3439 719 3492 tiosis
748 3419 909 3491 etiam
958 3437 1338 3499 voluminibus,
1363 3437 1747 3491 veluti‘Numte
1789 3452 1854 3490 ac
1891 3434 2124 3505 Sj‘billie,

566 3540 658 3582 aut
682 3544 858 3582 rerum
891 3529 959 3583 ab
986 3530 1296 3584 hominibus
1325 3539 1597 3601 gestarum
1628 3529 1946 3582 memoriam
1971 3543 2123 3582 coni-

564 3622 946 3688 piccteutibus,
968 3623 1154 3690 quales
1171 3620 1711 3692 erantﬁgyptiorum
1735 3619 1856 3673 libri
1886 3636 1899 3671 :
1926 3619 2133 3672 autaii:

564 3728 727 3781 quam
784 3714 1033 3766 humana:
1085 3713 1362 3781 sapientiae
1412 3711 1714 3781 portionem
1767 3710 2123 3772 tradentibus,

565 3804 731 3859 veluti
785 3803 1023 3859 Platonis
1068 3815 1122 3858 et
1170 3803 1468 3858 Aristotelis
1497 3823 1511 3857 ε
1540 3813 1742 3872 quanto
1791 3803 1990 3872 justius
2045 3811 2128 3855 est

565 3894 703 3947 idem
739 3893 916 3948 facere
966 3894 1301 3947 Christianos
1336 3894 1390 3946 in
1425 3893 1706 3948 servandis
1758 3893 1967 3946 illorum
2014 3908 2127 3944 tito-

564 3986 840 4039 numentis
866 3985 889 4039 l
917 3988 1006 4054 qui
1033 4001 1184 4040 sacro
1215 3985 1378 4039 alliati
1405 3985 1629 4055 Spiritu,
1660 3999 1767 4039 non
1800 3992 1906 4040 tam
1936 3983 2124 4048 libros,

565 4093 725 4145 quam
751 4076 968 4132 oracula
989 4078 1145 4131 nobis
1171 4077 1530 4146 reliquerunt,
1575 4075 1775 4145 quibus
1801 4075 2124 4140 lectitandis,

567 4178 757 4236 pectus
792 4181 901 4219 non
945 4166 1195 4219 doctrina
1239 4170 1413 4219 soimn
1451 4174 1544 4218 aut
1586 4166 1800 4220 dicendi
1855 4165 2128 4229 facultate,

568 4262 659 4315 sed
691 4259 973 4315 virtutibus
996 4277 1057 4315 ac
1086 4261 1284 4330 pietate
1309 4276 1429 4332 erga
1458 4261 1622 4315 Deum
1650 4261 1974 4333 impleatur:
2006 4281 2128 4320 cum

567 4361 712 4404 certe
731 4352 1066 4405 ethnicorum
1086 4351 1342 4405 librorum
1377 4355 1586 4421 jactura
1611 4352 1662 4406 id
1688 4361 1891 4410 tantum
1915 4349 2128 4422 efficiat,

569 4452 628 4496 ut
658 4443 834 4495 minus
876 4442 1070 4496 eruditi
1119 4446 1309 4506 simus,
1330 4453 1423 4496 aut
1461 4445 1639 4498 minus
1661 4445 1994 4514 eloquentes,
2025 4462 2130 4501 non

571 4545 628 4587 et
655 4534 832 4586 minus
868 4534 963 4602 pii.

643 4625 699 4678 lu
736 4625 820 4677 his
861 4627 1040 4694 itaque
1071 4625 1160 4693 qui
1205 4633 1451 4679 veterum
1486 4633 1770 4680 auctorum
1819 4642 1880 4682 ac
1914 4626 2136 4684 Patrum

571 4713 771 4780 scripta
787 4711 1305 4775 nobistradiderunt,
1324 4717 1555 4770 maxime
1570 4727 1747 4770 autem
1767 4719 2134 4790 Chrysostomi

570 4817 679 4869 quo
714 4815 874 4854 nemo
906 4803 961 4854 in
995 4804 1314 4857 enarrandis
1349 4804 1517 4859 sacris
1566 4808 1930 4864 voluminibus
1961 4812 2139 4866 dexte-

573 4891 685 4944 rius
708 4902 948 4946 versatus
967 4901 1068 4958 est,
1091 4903 1267 4963 etquo
1287 4897 1557 4951 neminem
1588 4898 1832 4955 invenias
1861 4904 2032 4972 magis
2045 4918 2135 4957 ac-

574 4982 973 5037 commodatum
1007 4984 1091 5038 his
1115 4987 1205 5053 qui
1239 4986 1306 5039 ad
1329 5002 1526 5042 munus
1540 4991 1890 5046 concionandi
1909 5008 2028 5048 sese
2045 5010 2137 5064 pa-

580 5084 700 5126 rant
723 5088 830 5127 non
867 5076 1196 5144 posteriores
1232 5079 1353 5133 tulit
1380 5076 1600 5133 Graecus
1638 5083 1854 5149 quidam
1891 5096 2082 5139 auctor
2119 5103 2132 5138 :

577 5168 666 5233 qui
728 5181 963 5221 cernens
1004 5181 1211 5224 veteres
1267 5185 1451 5227 sacros
1478 5182 1726 5228 auctores
1771 5185 1826 5229 et
1867 5180 2138 5248 praecipue

577 5273 670 5310 eos
690 5257 782 5326 qui
817 5259 1108 5327 plurimum
1136 5260 1511 5317 laboraverant
1543 5267 1598 5318 in
1622 5269 1941 5323 enarrandis
1967 5285 2135 5324 cvan-

579 5353 762 5421 geiicze
806 5353 1071 5407 doctrinm
1107 5355 1260 5409 libris
1317 5359 1383 5411 ad
1413 5375 1575 5427 quam
1611 5363 1913 5416 docendam
1970 5364 2136 5419 Filius

583 5444 673 5496 Hei
705 5445 767 5495 ad
808 5453 1005 5498 terrain
1060 5445 1412 5503 desconderat
1443 5466 1780 5522 nequaquam
1816 5471 1912 5524 pro
1943 5459 2135 5510 merito

580 5535 807 5587 iqctitari
829 5552 843 5588 :
868 5537 979 5590 sive
1000 5537 1052 5591 id
1081 5539 1338 5592 librorum
1362 5545 1720 5605 muititudine.
1741 5548 1850 5600 sive
1876 5548 2135 5603 lectorum

583 5629 818 5688 ilistidio,
853 5631 966 5681 sive
998 5634 1255 5700 temporis
1279 5637 1536 5688 acciderit
1571 5640 1793 5705 penni'ia
1830 5657 1842 5692 :
1879 5643 1931 5694 in
1969 5658 2136 5694 unutn

583 5719 797 5787 collegit
853 5721 1123 5784 volumen,
1189 5727 1446 5794 quidquid
1511 5729 1581 5781 illi
1642 5746 1830 5800 magna
1889 5735 2136 5787 codicum

585 5813 738 5866 turba
766 5811 1046 5882 selectum,
1072 5816 1214 5870 circa
1240 5818 1522 5892 Evangelia
1559 5823 1907 5895 reliquerant.
1946 5825 2008 5879 Ει
2060 5837 2138 5881 ta-

2232 3270 2295 3306 ar.
2323 3254 2579 3318 cultores,
2607 3256 2779 3308 visum
2817 3263 2901 3308 cst
2925 3255 3092 3309 invidi
3121 3270 3264 3318 esse,
3315 3271 3382 3308 ne
3417 3256 3593 3309 dicam
3627 3255 3810 3325 impii,

2232 3359 2292 3398 re
2322 3345 2458 3398 adeo
2499 3345 2755 3415 frugiiera
2791 3346 2905 3413 pati
2956 3345 3161 3400 diutius
3189 3347 3386 3415 privari
3418 3345 3658 3400 Latinos.
3690 3346 3814 3401 Nec

2219 3445 2412 3487 tamen
2443 3436 2648 3489 inscrus
2673 3451 2846 3499 cram,
2899 3452 3060 3505 quam
3130 3437 3350 3500 duram,
3397 3452 3668 3507 quamque
3721 3453 3816 3491 ar-

2231 3524 2394 3576 duam
2429 3525 2635 3578 adirem
2688 3526 3018 3594 provinciam
3055 3543 3069 3579 :
3122 3529 3315 3597 partim
3349 3529 3591 3596 quidem,
3657 3531 3811 3599 quod

2232 3629 2466 3683 propriae
2497 3617 2749 3670 conscius
2777 3617 3191 3679 imbecillitatis,
3238 3619 3538 3686 incultique
3576 3618 3812 3689 ingenii,

2235 3705 2530 3761 habueram
2560 3721 2778 3778 semper
2802 3708 2856 3761 in
2887 3711 3091 3773 animo,
3119 3709 3257 3761 nihil
3289 3710 3342 3762 in
3374 3710 3651 3780 publicum
3676 3711 3816 3764 cde-

2235 3813 2295 3852 re
2325 3815 2339 3850 :
2367 3799 2563 3868 partim
2595 3799 2894 3868 vero'quod
2937 3801 3070 3854 mihi
3102 3815 3190 3855 res
3222 3815 3368 3856 esset
3390 3818 3511 3855 cum
3542 3802 3813 3872 ejusmodi

2234 3891 2393 3954 libro,
2421 3907 2582 3962 quem
2622 3894 2714 3946 'vei
2739 3893 2915 3962 legere
2941 3907 3047 3946 non
3078 3892 3370 3948 mediocris
3416 3895 3554 3948 foret
3583 3894 3814 3964 negotii,

2235 3992 2420 4054 utpote
2465 3983 2667 4053 ignotis
2696 3995 2753 4037 ut
2791 3985 3087 4055 plurimum
3122 3996 3346 4040 exarato
3395 3987 3817 4042 charaeleribus

2235 4091 2297 4130 ac
2330 4075 2686 4145 compendiis,
2754 4079 2988 4132 maxima
3021 4078 3150 4133 licet
3187 4092 3316 4131 cura
3358 4092 3422 4132 ac
3477 4078 3756 4150 diligentia
3795 4095 3812 4133 :

2236 4166 2542 4220 litterarum
2569 4166 2732 4220 etiam
2769 4167 2956 4237 ﬁguris
2982 4170 3303 4239 plerumque
3326 4170 3408 4224 vel
3433 4172 3579 4224 carie
3615 4185 3677 4224 ac
3703 4172 3816 4224 situ

2237 4259 2584 4320 oblitteratis,
2605 4259 2690 4312 vel
2719 4258 2987 4314 tinearum
3011 4276 3075 4316 ac
3091 4262 3381 4316 blattarum
3409 4263 3605 4334 injuria
3630 4265 3818 4316 serui—

2238 4351 2400 4412 rosis,
2449 4350 2535 4406 vel
2582 4366 2724 4406 novo
2772 4353 2911 4406 adeo
2940 4367 3092 4408 more
3127 4354 3376 4424 depictis,
3410 4365 3469 4409 ιιι
3515 4359 3568 4410 in
3621 4356 3818 4410 iormis

2238 4441 2399 4494 etiam
2474 4441 2815 4496 noscitandis
2874 4444 3012 4497 mihi
3069 4443 3211 4498 foret
3281 4449 3814 4515 repuerascendum.

2176 4547 2225 4605 ι)
2253 4530 2457 4585 Omitto
2488 4533 2631 4601 quod
2669 4531 2984 4601 frequenter
3018 4535 3073 4588 in
3098 4535 3362 4591 orationis
3393 4547 3646 4591 contextu
3695 4555 3806 4592 non

2241 4631 2369 4675 sunt
2410 4637 2513 4676 asc
2534 4623 2764 4678 invicem
2799 4634 3066 4695 separatae
3110 4627 3382 4683 dictiones
3414 4648 3428 4684 :
3457 4641 3512 4683 et
3544 4646 3574 4685 c
3596 4631 3818 4688 diverso

2240 4715 2486 4782 ejusdem
2529 4714 2784 4770 dictionis
2834 4717 3032 4774 littera:
3090 4729 3186 4773 aut
3238 4721 3456 4792 syllaba:
3523 4724 3816 4795 plusquam

2236 4805 2384 4876 justo
2431 4820 2462 4859 a
2521 4821 2581 4860 se
2609 4807 2840 4863 invicem
2888 4820 3210 4880 separantur
3240 4814 3546 4879 intervallo,
3580 4819 3716 4874 adeo
3753 4829 3816 4874 ut

2239 4908 2342 4949 nec
2371 4909 2563 4948 versus
2593 4897 2853 4966 syllabam
2894 4900 3094 4969 sa-pins
3124 4901 3272 4956 finiat
3305 4921 3318 4956 :
3349 4915 3618 4959 commata
3643 4923 3704 4961 ac
3726 4913 3814 4961 in-

2239 4988 2350 5038 cisa
2398 4985 2488 5038 vix
2543 4986 2840 5054 adduntur,
2897 5000 2992 5044 aut
3033 4992 3123 5045 tibi
3156 4995 3291 5047 nihil
3325 5011 3460 5062 Opus
3520 5007 3603 5051 est
3635 5017 3811 5069 appo-

2240 5086 2491 5129 nuntur:
2547 5092 2668 5145 quae
2723 5093 2810 5133 res
2838 5081 3163 5151 plerumque
3220 5086 3590 5143 ditiicnitatem
3639 5094 3816 5161 gignit

2240 5181 2351 5220 non
2383 5181 2625 5236 parvam.
2683 5169 2933 5227 Sciebam
2956 5188 3218 5245 praeterea
3244 5189 3451 5247 quanto
3483 5190 3540 5235 ut
3583 5183 3646 5236 in
3688 5201 3819 5238 nn:-

2241 5274 2458 5352 versum
2494 5259 2666 5315 dicam
2704 5278 2826 5318 sese
2877 5279 3156 5335 exponant
3193 5272 3454 5340 periculo,
3486 5277 3578 5344 qui
3643 5279 3812 5332 libros

2239 5350 2269 5404 a
2301 5350 2582 5421 peregrina
2618 5352 2797 5421 lingua
2830 5357 3109 5413 traductos
3141 5362 3194 5413 in
3223 5361 3398 5417 lucem
3433 5365 3606 5421 edunt
3637 5385 3648 5420 :
3675 5381 3811 5437 quot

2240 5451 2294 5495 ct
2318 5457 2478 5510 quam
2507 5447 2685 5500 varios
2709 5449 3012 5516 suscipiant
3033 5451 3265 5519 judices,
3295 5469 3526 5522 quorum
3563 5457 3812 5530 plerique

2241 5534 2444 5588 Graecis
2490 5536 3015 5597 iitterisneaiimine
3058 5545 3276 5613 quidem
3316 5548 3582 5614 salutatis,
3635 5555 3707 5607 ob
3759 5554 3808 5608 id

2244 5627 2425 5678 statim
2460 5630 2640 5683 omnia
2671 5631 2954 5698 damnant,
2998 5637 3143 5704 quod
3186 5639 3448 5692 mundum
3488 5639 3636 5697 illum
3682 5645 3813 5698 rhe-

2243 5718 2470 5773 toricum
2509 5737 2616 5790 pra:
2639 5737 2698 5776 se
2731 5739 2837 5778 non
2871 5725 3067 5790 ferant,
3100 5729 3408 5800 ignorantes
3436 5737 3634 5802 quibus
3693 5753 3816 5794 arc-

2242 5817 2386 5866 tetur
2439 5814 2615 5869 modis
2667 5814 2732 5882 is,
2792 5819 2880 5888 qui
2927 5818 3117 5876 alienae
3170 5820 3362 5892 lingua:
3409 5825 3714 5895 depositum
3749 5835 3814 5886 ii-
