4078 6406
187 409 248 477 37
1610 395 2031 458 rumne.
3384 393 3457 454 aii

185 525 364 580 deliter
417 520 659 578 reddere
693 517 928 590 cogitur.
979 514 1342 588 Summopere
1374 515 1521 572 enim
1562 529 1762 570 curan-
1788 522 1836 578 Α
1867 526 2069 568 seriem
2127 510 2301 580 magis
2330 507 2578 575 accedat,
2648 521 2756 562 non
2820 506 2959 562 nihil
2996 515 3180 562 tamen
3240 506 3460 563 subolet

184 613 299 667 dum
330 621 413 667 est
441 610 514 676 ei,
555 609 648 680 qui
676 607 744 663 ab
798 624 904 663 una
938 607 1124 679 lingua
1154 605 1439 676 quidpiam
1495 605 1757 660 transfert

185 704 235 758 in
284 704 441 758 aliain
497 721 511 757 :
575 717 647 756 ne
706 701 835 756 dum
892 701 1130 756 sermoni
1185 697 1384 769 quierit
1451 706 1704 752 ornatum
1737 737 1752 763 ,

186 805 389 866 repente
416 809 516 864 pro
541 793 849 864 interprete
874 793 1274 864 paraphrasten
1298 799 1425 862 agat
1457 808 1471 845 :
1507 804 1758 845 rursum-

185 902 278 957 que
306 901 372 940 ne
409 885 482 939 ita
512 885 695 940 verbis
715 885 939 953 hiereat,
970 893 1031 940 ut
1061 883 1260 955 prioris
1288 883 1489 954 linguae
1511 881 1758 937 idioma-

187 988 232 1032 ta
263 986 351 1031 aut
377 976 644 1031 dialectos
679 973 913 1030 retineat
949 993 964 1029 :
999 975 1096 1029 sed
1132 987 1364 1043 qumque
1394 973 1576 1044 lingua
1609 969 1754 1040 quod

187 1082 332 1121 suum
359 1075 440 1121 est
469 1066 676 1121 habeat
705 1081 719 1118 :
751 1064 954 1134 alioqui
987 1078 1089 1117 nec
1115 1062 1302 1118 Griece
1332 1063 1480 1132 loqui
1519 1062 1754 1125 videtur,

186 1174 278 1214 nec
307 1157 499 1214 Latine
527 1175 544 1212 :
577 1158 744 1228 idque
772 1156 921 1227 quod
949 1155 1003 1208 in
1030 1148 1314 1212 indoctum
1369 1154 1636 1224 jactatu'in
1670 1159 1755 1208 cst

189 1249 467 1313 comicum,
496 1248 608 1320 ipsi
643 1247 1014 1318 adaptabitur,
1043 1246 1189 1316 quod
1236 1261 1301 1300 ex
1331 1243 1534 1301 Graecis
1574 1244 1753 1310 bouis,

186 1340 361 1396 Latina
387 1340 580 1396 fecerit
603 1356 711 1396 non
751 1341 916 1408 bona,
946 1339 1002 1395 id
1029 1340 1177 1410 quod
1225 1339 1294 1394 de
1319 1339 1506 1392 multis
1535 1337 1758 1392 exulce-

188 1441 295 1485 rato
330 1433 432 1488 hoc
455 1434 662 1488 saeculo
687 1441 815 1503 apte
843 1432 970 1501 quis
999 1432 1218 1488 dixerit.
1244 1431 1377 1496 Quis
1400 1430 1549 1483 enim
1572 1442 1757 1483 sacras

183 1522 282 1592 jam
306 1522 544 1578 Litteras
573 1523 778 1594 passim
831 1537 946 1576 non
984 1522 1087 1577 sibi
1135 1522 1401 1585 vindicat,
1459 1529 1754 1590 antequam

187 1617 348 1669 discat
377 1633 392 1671 :
424 1625 669 1686 torquet,
733 1617 939 1671 lacerat
971 1633 984 1669 :
1017 1630 1226 1684 suoque
1262 1613 1583 1680 intellectui,
1647 1613 1757 1667 imo

187 1708 288 1761 suis
319 1707 609 1764 affectibus
641 1708 850 1763 servire
887 1707 1032 1778 cogit
1086 1708 1416 1778 scripturam
1454 1706 1622 1760 etiam
1668 1720 1756 1760 re-

187 1810 497 1869 pugnantem
524 1801 551 1855 ?
590 1801 656 1856 Et
675 1800 1138 1872 quemadmodum
1193 1800 1487 1854 scribimus
1547 1798 1756 1855 indocti

1861 604 2123 660 dictionis
2171 602 2325 657 illum
2383 599 2674 656 aﬂcctasse
2739 607 3083 653 venustatem
3129 617 3140 651 :
3199 601 3460 668 quodque

1861 695 2137 752 rhetovice
2169 693 2375 749 dixisse
2433 693 2570 747 satis
2628 689 2817 761 cupiat
2848 692 3043 756 videri,
3078 701 3134 745 ct
3193 707 3302 744 nou
3356 692 3459 745 soli

1860 785 2057 842 littera:
2074 782 2412 839 enarrationi
2439 784 2674 838 haerere.
2700 781 2771 835 At
2794 791 2982 836 noster
3002 783 3091 838 hic
3115 791 3307 836 auctor
3335 785 3461 837 uni—

1860 893 1984 932 cum
2015 879 2166 933 hunc
2198 877 2388 931 habuit
2414 890 2666 946 scopum,
2694 883 2753 927 ut
2773 873 3148 944 evangelicam
3177 877 3462 930 succincte

1861 961 2079 1022 cunctis
2108 966 2354 1036 aperiret.
2374 965 2693 1020 historiam.
2738 962 2896 1030 Quod
2923 964 2966 1019 si
3000 964 3066 1018 ad
3095 980 3278 1019 mures
3317 979 3457 1034 quo-

1860 1074 1966 1129 que
1993 1056 2350 1128 corrigendos
2379 1054 2632 1111 nonnihil
2662 1056 3070 1111 exhortationis
3096 1064 3348 1132 csoptes,
3404 1055 3460 1110 id

1862 1150 2025 1205 etiam
2058 1148 2301 1203 breviter
2332 1147 2558 1218 quidem
2621 1163 2686 1202 ac
2752 1148 2956 1212 rarius,
3006 1153 3102 1202 sed
3140 1148 3462 1202 felicissime

1862 1240 2029 1297 tradit
2060 1241 2146 1295 hic
2200 1250 2414 1294 auctor.
2486 1239 2662 1306 Quam
2719 1247 2868 1310 apte,
2925 1239 3068 1294 bone
3120 1238 3283 1303 Deus,
3331 1256 3459 1294 cum

1861 1332 2211 1402 evangelistze
2241 1331 2540 1402 plurimum
2571 1331 2840 1386 dissidere
2876 1332 3156 1394 videntur,
3185 1330 3260 1384 ita
3300 1329 3466 1385 dissi-

1861 1426 2046 1482 dentia
2077 1425 2357 1479 connectit
2386 1423 2526 1489 loca,
2553 1431 2613 1478 ut
2663 1423 2734 1478 ab
2788 1423 2983 1477 eodem
3046 1422 3208 1492 plane
3241 1421 3330 1476 illa
3373 1421 3463 1476 vi-

1861 1520 2100 1574 dcantur
2130 1529 2256 1573 esse
2288 1517 2462 1572 dicta.
2495 1516 2565 1572 Et
2590 1516 2717 1572 huic
2737 1517 2960 1586 quidem
2994 1515 3074 1570 rei
3099 1516 3306 1579 nuilus,
3337 1530 3464 1570 meo

1859 1611 2094 1682 judicio,
2121 1612 2259 1666 adeo
2295 1610 2507 1665 utiliter
2544 1624 2608 1665 ac
2631 1611 2776 1665 serio
2810 1610 3085 1664 hactenus
3136 1610 3460 1680 invigilavit.

1861 1705 1920 1759 lii
1952 1720 2061 1774 quo
2092 1715 2296 1769 tamen,
2325 1703 2468 1758 sicut
2498 1717 2676 1773 neque
2701 1703 2755 1756 in
2781 1703 3020 1764 caeteris,
3079 1701 3249 1754 nohm
3307 1702 3463 1770 quis-

1862 1812 2025 1868 quam
2054 1795 2192 1850 meis
2221 1795 2383 1849 iidem
2414 1793 2614 1850 habeat
2682 1793 2892 1859 verbis,
2946 1792 3056 1847 nisi
3105 1793 3264 1863 longe
3303 1792 3464 1862 plura

186 1888 425 1959 doctique
486 1900 740 1961 poemata
774 1892 1003 1962 passim,
1039 1892 1114 1946 ita
1170 1900 1226 1946 et
1277 1891 1548 1962 plerique,
1581 1905 1758 1962 quan-
1789 1890 1832 1944 P-
1865 1890 1920 1945 in
1977 1890 2082 1946 hoc
2133 1888 2456 1955 lectitando,
2510 1889 2676 1946 laude
2729 1890 2892 1961 digna
2945 1890 3237 1959 repererit,
3298 1904 3464 1959 quam

184 1995 331 2048 quam
361 1982 414 2035 in
453 1996 555 2036 sua
589 1995 758 2036 arena
811 1980 1046 2038 feliciter
1081 1991 1456 2048 versarentur,
1501 1983 1758 2052 proprios

187 2071 375 2139 egressi
395 2069 627 2134 limites,
653 2071 782 2126 dum
805 2079 1044 2136 sutores,
1065 2072 1272 2127 relictis
1291 2072 1549 2140 crepidis,
1573 2073 1759 2148 ignota

187 2172 402 2230 quicque
459 2161 769 2231 dijudicare
843 2173 1140 2229 conantur,
1203 2179 1315 2219 non
1369 2179 1496 2220 raro
1554 2180 1760 2222 misere

189 2251 610 2308 hallucinantur.
645 2254 792 2320 Quid
842 2254 992 2309 enim
1045 2253 1263 2309 medico
1306 2263 1402 2310 aut
1427 2255 1758 2326 jurisperito

186 2355 298 2395 cum
334 2343 592 2399 versione
642 2354 737 2398 aut
788 2344 1242 2417 interpretatione
1300 2359 1584 2401 sacrorum
1643 2363 1762 2422 my~

186 2434 462 2489 sterioruin
503 2436 527 2490 τ
579 2435 846 2507 Quodque
911 2436 1074 2508 longe
1109 2437 1280 2506 magis
1309 2436 1622 2493 delleudum
1652 2447 1756 2506 est,

188 2526 302 2579 dum
330 2527 517 2582 animo
547 2528 732 2598 pravis
784 2527 979 2582 imbuti
1014 2537 1146 2583 sunt
1179 2529 1471 2600 dogmatis,
1517 2546 1640 2600 quae
1692 2546 1761 2587 ex

189 2612 362 2670 (ἔπεεο
389 2627 615 2672 vertunt
649 2620 706 2671 in
739 2617 1019 2682 Latinum,
1052 2623 1164 2672 nan
1193 2619 1327 2674 satis
1369 2618 1608 2673 fideliter
1645 2627 1760 2672 tra-

189 2716 359 2762 ctant:
390 2724 543 2763 nunc
571 2710 821 2780 quidem,
852 2711 998 2780 quod
1022 2709 1344 2780 frequenter
1397 2709 1619 2776 accidit,
1669 2725 1762 2766 co-

190 2807 340 2868 gente
373 2800 570 2854 harum
626 2817 812 2856 return
873 2801 1168 2873 imperitia,
1228 2805 1373 2870 quod
1411 2811 1613 2868 tamen,
1654 2803 1762 2859 nisi

192 2892 339 2946 illotis
385 2896 723 2948 accederent
756 2894 825 2948 ad
855 2893 1244 2950 coutrectanda
1284 2909 1437 2950 sacra
1487 2897 1760 2962 manibus,

191 2982 386 3040 facilius
445 2995 640 3056 posset
671 2985 876 3058 ignosci
913 3004 925 3040 :
955 3003 1103 3041 nunc
1130 3003 1279 3052 vero,
1336 3002 1406 3042 ne
1445 2989 1562 3042 suis
1596 3005 1762 3059 repu-

191 3085 344 3146 gnent
375 3076 673 3150 dogmatis,
707 3087 803 3133 aut
839 3080 1158 3144 truncatim,
1192 3091 1288 3134 aut
1328 3095 1493 3149 prave
1537 3095 1765 3136 sensum

191 3169 337 3222 nobis
368 3171 631 3224 reddunt.
661 3170 818 3236 Quod
857 3170 982 3225 luce
1010 3171 1216 3224 clarius
1255 3171 1634 3236 ostendemus,
1670 3173 1765 3227 ubi

191 3254 406 3309 alterum
444 3267 659 3311 tomum
696 3258 808 3312 Deo
839 3259 1078 3329 propitio
1108 3257 1165 3312 in
1195 3259 1372 3314 lucem
1405 3261 1761 3325 ediderimus,

191 3351 343 3418 quod,
368 3362 428 3407 ut
463 3369 653 3423 spero,
689 3355 844 3410 hrevr
869 3355 1154 3411 faciemus.
1187 3355 1269 3411 Ob
1293 3357 1409 3410 hinc
1436 3357 1599 3426 igitur
1631 3357 1766 3410 alia-

193 3453 286 3506 que
315 3437 548 3511 plurima
572 3460 696 3513 qua:
729 3447 1038 3500 versionem
1068 3445 1233 3499 variis
1265 3453 1597 3516 exaggerant
1622 3445 1766 3498 ditii-

193 3532 494 3599 cultalibus,
533 3552 648 3608 non
678 3536 726 3591 is
747 3552 867 3592 sum
894 3539 987 3608 qui
1014 3554 1124 3592 non
1158 3540 1478 3608 intelligam,
1504 3548 1767 3608 quantum

195 3621 310 3678 huic
347 3629 565 3681 anetori
631 3614 939 3698 dignitatis,
1011 3641 1392 3701 quantumque
1455 3631 1770 3700 splendoris

197 3721 566 3774 tetiebricosus
597 3723 876 3796 interpres
931 3725 1282 3780 abstulerim.
1330 3723 1436 3780 Sed
1492 3734 1769 3793 utcunque

193 3809 274 3877 sit,
304 3826 528 3867 sensum
584 3823 769 3869 tamen
799 3831 888 3870 me
917 3826 1228 3871 assecutum
1274 3817 1493 3886 opinor,
1535 3816 1663 3871 licet
1684 3832 1768 3885 ip-

196 3920 305 3960 suin
357 3909 511 3964 nullo
573 3911 724 3964 cultu
759 3910 1143 3969 adornaverim
1183 3930 1196 3966 :
1233 3928 1426 3967 verum
1483 3913 1537 3966 id
1604 3926 1769 3966 nemo

198 4013 332 4055 sane
397 4003 602 4058 mentis
651 4004 708 4058 in
759 4003 1181 4061 Commentariis
1221 4007 1485 4076 requiret,
1534 4007 1769 4060 maxime

196 4097 257 4146 ab
285 4107 348 4147 eo
377 4096 495 4163 qui,
542 4105 604 4148 ut
636 4095 897 4165 prmfatus
961 4112 1082 4152 sum
1111 4138 1126 4164 ,
1160 4099 1462 4169 peregrina:
1512 4099 1771 4152 astrictus

195 4194 272 4238 est
308 4185 527 4257 linguae.
555 4185 713 4254 Quod
753 4189 798 4243 si
827 4189 1450 4245 universissatist'acere
1478 4204 1591 4243 non
1615 4189 1769 4259 potui

197 4275 342 4332 Iacile
375 4281 576 4345 feram,
609 4295 733 4334 cum
758 4297 828 4336 ne
856 4282 994 4336 mihi
1017 4281 1240 4352 quidem
1277 4282 1382 4352 ipsi
1424 4281 1479 4336 in
1511 4282 1771 4336 omnibus

198 4368 378 4422 iaciam
412 4378 575 4426 satis.
605 4362 864 4428 Attamen
913 4388 1058 4428 onus
1108 4374 1236 4435 hoc,
1269 4389 1583 4444 quanquam
1630 4375 1770 4427 meis

199 4461 348 4533 longe
373 4469 556 4536 impar
581 4465 852 4532 humeris,
883 4467 1070 4522 subire
1098 4481 1390 4538 aggressus
1442 4482 1588 4530 sum,
1621 4466 1769 4535 quod

1861 1999 1962 2055 ego
1992 1983 2199 2053 possim
2225 1983 2446 2054 assequi
2470 1984 2886 2040 enumerando.

1935 2073 2252 2143 ilocitaque
2289 2087 2450 2144 opus,
2473 2084 2533 2128 ut
2554 2074 2655 2130 tibi
2679 2089 3083 2144 nuncuparem,
3121 2071 3465 2144 amplissime

1862 2166 2089 2237 praesul,
2129 2165 2261 2221 fecit
2290 2165 2435 2220 inter
2460 2165 2786 2222 innumeras
2841 2177 2962 2221 tuas
2988 2167 3169 2232 dotes,
3223 2166 3464 2221 maxima

1863 2258 2176 2313 humanitas
2204 2267 2295 2312 tua
2321 2274 2333 2311 :
2363 2273 2529 2329 quam
2561 2268 2763 2330 preter
2788 2260 3029 2314 auditam
3053 2259 3257 2313 famam
3298 2259 3464 2328 longe

1863 2353 2082 2424 lateque
2113 2351 2439 2423 dispersam,
2476 2369 2586 2409 non
2615 2354 2783 2409 semel
2819 2353 2874 2408 in
2904 2362 2957 2409 te
2989 2370 3111 2409 sum
3156 2364 3417 2425 expertus
3447 2369 3461 2408 :

1863 2460 1990 2515 qua,
2029 2461 2154 2501 cum
2193 2461 2389 2501 omnes
2423 2446 2589 2501 etiam
2619 2455 2882 2501 extremae
2916 2445 3157 2502 fortunae
3204 2447 3466 2501 homines

1864 2547 1979 2593 tum
2039 2538 2234 2593 studiis
2303 2539 2652 2608 potissimum
2722 2538 2961 2600 deditos,
3061 2538 3464 2609 benignissime

1865 2645 2088 2700 semper
2146 2629 2546 2699 amplecteris:
2588 2628 2821 2698 ipsaque
2881 2627 3088 2692 studia,
3150 2628 3466 2696 ubicunque

1864 2719 1954 2775 vel
1986 2719 2211 2773 minima
2253 2720 2415 2774 datur
2444 2720 2688 2784 occasio,
2748 2718 2877 2773 totis
2936 2718 3203 2788 provehis
3231 2719 3464 2772 viriLus.

1866 2807 2140 2864 Praeterea
2179 2809 2233 2864 id
2270 2810 2443 2881 magis
2465 2809 2688 2881 aggredi
2725 2823 2848 2863 sum
2895 2823 3088 2870 ausus,
3142 2808 3287 2878 quod
3337 2824 3464 2862 cum

1867 2901 1968 2957 tibi
2036 2902 2177 2956 forte
2235 2900 2454 2957 fortuna
2498 2918 2601 2957 nos
2654 2901 2937 2966 iuvisenti,
3001 2901 3242 2971 primum
3319 2903 3466 2956 hunc

1870 3007 2052 3047 meum
2076 3001 2292 3062 partum
2333 2994 2563 3049 omnino
2634 2993 2818 3048 adhuc
2879 2991 3173 3047 informem
3231 2993 3465 3047 demon-

1867 3094 2153 3149 strassem,
2173 3100 2280 3139 una
2304 3101 2433 3140 cum
2459 3084 2658 3144 Graeco
2674 3085 2999 3155 exemplari,
3031 3101 3378 3155 nequaquam
3407 3097 3466 3142 ut

1869 3188 2180 3236 monstrum
2217 3179 2572 3245 abhorruisti,
2604 3179 2696 3232 sed
2721 3178 2885 3233 veluti
2915 3176 3244 3246 pulchellum
3273 3175 3464 3245 pusio-

1867 3285 1995 3327 nem
2022 3271 2180 3326 avide
2205 3269 2608 3326 deosculaharis
2635 3287 2648 3324 :
2677 3269 2950 3324 mirabare
2986 3284 3091 3323 non
3130 3267 3306 3322 nullas
3330 3284 3467 3336 quo-

1867 3379 1975 3436 que
2001 3365 2247 3421 occultas
2270 3366 2323 3419 in
2352 3379 2417 3420 eo
2443 3365 2614 3426 doles,
2642 3379 2748 3418 non
2772 3363 3017 3435 cujusvis
3041 3362 3218 3417 oculis
3241 3378 3300 3415 ex
3313 3362 3462 3428 posi-

1868 3461 1973 3510 tas.
1997 3454 2153 3522 Quod
2185 3455 2287 3509 nisi
2313 3455 2386 3508 ita
2411 3455 2757 3524 contigisset,
2783 3470 2888 3524 qua
2915 3456 3230 3509 temeritate
3257 3463 3464 3507 tentas-

1866 3555 2008 3607 sem,
2039 3543 2453 3614 tam'locupleti,
2485 3545 2588 3600 hac
2619 3546 2782 3600 etiam
2813 3546 2864 3599 iu
2895 3556 3069 3613 parte,
3107 3543 3245 3608 viro,
3274 3544 3464 3598 tantil-

1866 3632 1979 3688 lum
2010 3633 2210 3692 oﬂerre
2252 3639 2638 3693 munusculum
2683 3656 2698 3693 :
2749 3635 3148 3704 Munusculuin,
3187 3636 3404 3703 inquam
3447 3652 3462 3690 :

1871 3740 2000 3779 nam
2033 3726 2164 3780 licet
2195 3726 2249 3778 in
2281 3740 2341 3780 se
2368 3740 2570 3778 munus
2597 3724 2690 3788 sit,
2720 3724 2971 3778 fortassis
2997 3740 3106 3777 non
3163 3739 3468 3793 aSpernano

1872 3819 2025 3880 dum,
2053 3819 2096 3872 si
2137 3827 2317 3870 tamen
2344 3817 2410 3870 ad
2446 3818 2747 3871 immensas
2772 3831 2837 3870 ac
2869 3817 3300 3886 pretiosissimas
3350 3825 3474 3870 tuas

1872 3923 2009 3978 opes
2067 3909 2408 3973 conferatur,
2489 3909 2775 3978 indignum
2843 3908 3183 3971 censebitur,
3234 3909 3381 3977 quod
3417 3908 3472 3961 in

1873 4014 1969 4058 tuo
1994 4003 2276 4066 thesauro,
2303 4002 2386 4056 vel
2414 4002 2670 4072 exiguum
2694 4001 2938 4055 inveniat
2957 4001 3163 4059 locum.
3189 4000 3471 4071 Siquidem

1872 4103 1934 4148 ut
1985 4095 2101 4148 haec
2161 4093 2383 4148 interim
2433 4094 2647 4158 sileain,
2681 4095 2804 4163 qua:
2866 4093 2999 4148 dicit
3058 4093 3356 4164 Apostolus
3415 4097 3475 4148 in

1872 4189 2134 4257 episcopo
2187 4201 2299 4240 non
2381 4195 2640 4256 oportere
2722 4186 3084 4240 desiderari:
3157 4201 3358 4256 nempe
3416 4197 3475 4242 ut

1874 4275 2378 4346 irreprehensibilis
2441 4277 2536 4343 sit,
2596 4285 2856 4346 tanquam
2940 4276 3033 4330 Dei
3101 4278 3472 4346 dispensator,

1874 4368 2109 4438 vigilans
2169 4383 2337 4437 super
2394 4383 2633 4439 gregem,
2679 4368 2919 4435 sobrius,
2962 4384 3072 4422 non
3125 4374 3472 4436 ].ra‘ll‘actus,

1876 4476 1987 4516 non
2011 4461 2331 4524 iracundus,
2358 4467 2452 4514 sed
2487 4462 2791 4526 modestus,
2823 4462 3134 4530 hospitalis,
3173 4475 3337 4531 aptus
3403 4465 3472 4515 ad

199 4558 296 4611 alio
315 4573 432 4613 sese
466 4575 582 4612 non
614 4559 906 4624 offerente,
939 4560 1144 4630 grande
1181 4561 1441 4614 ducerem
1469 4558 1770 4629 piaculum,
1806 4575 1850 4630 ι)
1877 4551 2210 4616 docendum,
2242 4551 2384 4621 pius,
2421 4564 2756 4620 temperans,
2787 4558 2947 4605 tenax
2994 4555 3114 4621 ejus
3151 4570 3242 4621 qui
3269 4569 3470 4607 δεςυιιι

199 4652 240 4704 si
265 4647 446 4706 iideles
483 4653 695 4707 diutius
721 4661 872 4706 tanto
902 4653 1300 4707 'fraudarentur
1326 4653 1605 4707 thesauro.
1630 4653 1774 4718 Quid

203 4744 362 4808 enim,
389 4744 542 4817 quod
586 4745 659 4799 ad
682 4745 1012 4816 evangelica:
1070 4745 1313 4800 historia:
1365 4747 1771 4800 enarrationem

202 4839 402 4901 attinet,
434 4838 491 4892 in
527 4837 926 4908 Chrysostomo
961 4838 1332 4908 potissimum,
1364 4839 1564 4894 deinde
1604 4850 1660 4894 et
1718 4840 1774 4894 iii

203 4929 445 5002 Origene,
499 4932 724 4999 Basilio,
760 4943 856 4988 aut
913 4931 1265 4988 Nazianzeno
1297 4932 1571 5000 invenies,
1631 4937 1777 5005 quod

206 5020 286 5078 hic
323 5025 585 5080 facillime
656 5035 712 5080 et
751 5026 1190 5081 succinctissime
1233 5041 1347 5082 non
1379 5029 1660 5098 proferat?
1712 5031 1780 5083 Et

208 5116 586 5185 chrysostomo
622 5117 849 5186 quidem
881 5121 1020 5172 satis
1073 5128 1224 5189 patet
1262 5135 1374 5174 non
1429 5134 1557 5174 eum
1607 5120 1777 5174 luisse

207 5222 439 5278 scopum,
474 5222 534 5264 ut
573 5210 992 5281 Evangeliorum
1027 5221 1121 5266 aut
1180 5213 1459 5267 actionum
1515 5212 1773 5282 apostoli~

206 5314 398 5369 carum,
427 5318 526 5357 seu
561 5303 909 5360 Paulinarum
962 5305 1330 5375 Epistolarum
1382 5307 1589 5361 nudum
1621 5306 1778 5359 nobis

210 5396 432 5450 traderet
465 5396 830 5450 intellectum.
864 5398 1081 5466 Alioqui
1141 5397 1287 5452 enim
1347 5405 1458 5451 tam
1516 5410 1669 5454 vasta
1720 5398 1776 5452 in

208 5502 394 5557 paucos
417 5503 592 5544 sacrae
630 5487 926 5557 Scriptum!
956 5489 1124 5544 libros
1177 5506 1289 5546 non
1325 5494 1634 5561 reliquisset
1685 5509 1780 5547 v0-

211 5584 426 5650 luinina,
468 5586 568 5639 sed
629 5583 804 5652 plebis
840 5583 1163 5638 formandos
1224 5601 1406 5640 mores
1469 5602 1782 5657 susccpiSse

211 5684 365 5750 magis
397 5681 616 5734 videtur
655 5697 670 5731 :
705 5689 758 5733 ct
786 5680 985 5734 idcirco
1008 5680 1161 5736 locos
1199 5682 1265 5734 ad
1297 5685 1512 5751 plebem
1576 5695 1778 5740 tractat

213 5791 535 5839 communes,
600 5785 655 5826 ct
709 5775 1107 5830 enarrationem
1174 5778 1413 5834 homiliis
1469 5781 1777 5850 distinguit.

212 5871 413 5932 Quinct
466 5871 932 5942 TtiL-opli}lai-tus,
984 5887 1288 5944 quanquam
1324 5874 1367 5930 is
1409 5877 1475 5932 ad
1539 5875 1778 5932 historiae

1881 4646 2013 4699 dum
2042 4646 2350 4699 doctrinam
2382 4655 2467 4699 est
2494 4644 2680 4699 fidelis
2748 4649 3043 4710 sermonis,
3071 4655 3143 4698 ut
3186 4659 3381 4715 potens
3404 4661 3473 4700 sit

1880 4735 2047 4790 etiam
2133 4736 2414 4789 exhortari
2512 4751 2612 4805 per
2705 4739 3012 4790 doctrinam
3104 4752 3317 4804 sanam,
3420 4749 3476 4790 et

1880 4829 2322 4885 contradicentes
2369 4832 2724 4896 convincere,
2792 4844 2906 4884 non
2968 4831 3306 4897 vinolentus,
3364 4849 3472 4885 noii

1881 4937 2192 4994 percussor,
2218 4937 2328 4976 non
2358 4923 2589 4991 turpiter
2614 4923 2751 4978 lucri
2780 4924 2997 4990 avidus,
3028 4924 3125 4978 sed
3183 4940 3373 4994 aequus
3413 4943 3474 4981 ac

1876 5017 2060 5088 justus
2115 5017 2358 5087 apugnis
2412 5026 2468 5071 et
2530 5017 2600 5072 ab
2631 5019 2866 5072 avaritia
2887 5019 3122 5085 alienus,
3149 5020 3244 5088 qui
3285 5020 3474 5074 domui

1883 5125 1995 5165 suae
2051 5111 2192 5164 bene
2253 5111 2459 5180 prmsit.
2484 5109 2642 5179 (Nam
2699 5111 2744 5164 si
2813 5110 2957 5179 quis,
2995 5109 3198 5180 inquit,
3243 5116 3478 5182 prOpriae

1881 5203 2334 5274 domuipreeesse
2357 5220 2468 5260 non
2490 5207 2665 5271 novit,
2721 5206 3002 5274 quomodo
3044 5206 3344 5260 Ecclesiaiii
3381 5207 3474 5259 lici

1884 5296 2162 5367 curabit?)
2201 5312 2312 5351 non
2349 5298 2404 5350 in
2434 5298 2542 5352 ﬁde
2573 5299 2840 5364 novitius,
2891 5314 2960 5352 ne
2998 5297 3216 5351 inﬂatus
3245 5299 3299 5352 iii
3324 5299 3478 5368 judi«'-

1884 5391 2028 5444 cium
2056 5391 2260 5446 incidat
2292 5391 2493 5446 diaboli
2526 5409 2540 5445 :
2594 5393 2686 5462 qui
2715 5402 2770 5446 et
2831 5393 3034 5446 bonum
3068 5393 3268 5446 haheat
3323 5394 3478 5447 testi-

1885 5486 2135 5540 monium
2190 5486 2258 5539 ab
2315 5486 2617 5540 extraneis.
2695 5486 2766 5540 Ut
2829 5487 2969 5549 hinc,
3010 5486 3257 5553 inquam,
3290 5490 3475 5538 omnia

1884 5581 2073 5632 sileam
2134 5595 2255 5648 qua:
2297 5579 2478 5632 nullus
2517 5582 2611 5648 qui
2653 5588 2703 5632 te
2769 5581 2992 5647 propius
3048 5581 3283 5642 noverit,
3329 5596 3381 5631 in
3426 5590 3478 5633 te

1886 5674 2204 5727 desiderare
2236 5674 2438 5740 poterit
2469 5691 2482 5726 :
2515 5672 2645 5740 quin
2670 5673 2930 5742 pleraque
2961 5673 3124 5724 etiam
3185 5673 3474 5726 abundan-

1886 5766 1995 5819 tius
2029 5766 2291 5830 inveniet,
2326 5781 2492 5834 quam
2542 5765 2784 5835 exegerit
2823 5766 3136 5832 Aposwlus.
3190 5781 3314 5819 cuin
3351 5768 3474 5833 pul-

1886 5856 2163 5911 cherrimo
2221 5869 2438 5925 quoque
2508 5866 2562 5910 et
2617 5856 3020 5926 lulgcntissiiiio
3075 5855 3166 5908 illo
3202 5852 3474 5908 castitatis
