  <div class='ocr_page' id='page_1' title='image "/cluster/home/n/w/nwhite01/storage/ocr_20150623/129/uva.x030341099/029.png"; bbox 0 0 4018 6420; ppageno 0'>
   <div class='ocr_carea' id='block_1_1' title="bbox 604 341 3864 430">
    <p class='ocr_par' dir='ltr' id='par_1_1' title="bbox 604 341 3864 430">
     <span class='ocr_line' id='line_1_1' title="bbox 604 341 3864 430; baseline -0.009 0"><span class='ocrx_word' id='word_1_1' title='bbox 604 363 676 430; x_wconf 71' lang='lat'><strong>39</strong></span> <span class='ocrx_word' id='word_1_2' title='bbox 2029 351 2444 418; x_wconf 61' lang='lat' dir='ltr'><strong>PRMATIU.</strong></span> <span class='ocrx_word' id='word_1_3' title='bbox 3791 341 3864 412; x_wconf 74' lang='grc' dir='ltr'><strong>ιο</strong></span> 
     </span>
    </p>
   </div>
   <div class='ocr_carea' id='block_1_2' title="bbox 603 461 3862 549">
    <p class='ocr_par' dir='ltr' id='par_1_2' title="bbox 603 461 3862 549">
     <span class='ocr_line' id='line_1_2' title="bbox 603 461 3862 549; baseline -0.006 -13"><span class='ocrx_word' id='word_1_4' title='bbox 603 475 842 549; x_wconf 81' lang='lat' dir='ltr'><strong>cingulo.</strong></span> <span class='ocrx_word' id='word_1_5' title='bbox 908 474 1105 531; x_wconf 80' lang='lat' dir='ltr'><strong>Verum</strong></span> <span class='ocrx_word' id='word_1_6' title='bbox 1173 473 1298 544; x_wconf 89' lang='lat' dir='ltr'><strong>quis</strong></span> <span class='ocrx_word' id='word_1_7' title='bbox 1349 487 1463 528; x_wconf 87' lang='lat' dir='ltr'><strong>non</strong></span> <span class='ocrx_word' id='word_1_8' title='bbox 1531 469 1890 547; x_wconf 86' lang='lat' dir='ltr'><strong>admirabitur</strong></span> <span class='ocrx_word' id='word_1_9' title='bbox 1939 468 1996 524; x_wconf 89' lang='lat' dir='ltr'><strong>in</strong></span> <span class='ocrx_word' id='word_1_10' title='bbox 2042 469 2162 525; x_wconf 77' lang='lat' dir='ltr'><strong>viro</strong></span> <span class='ocrx_word' id='word_1_11' title='bbox 2191 483 2237 540; x_wconf 74' lang='grc' dir='ltr'><strong>Α</strong></span> <span class='ocrx_word' id='word_1_12' title='bbox 2268 465 2550 531; x_wconf 77' lang='lat' dir='ltr'><strong>facillime,</strong></span> <span class='ocrx_word' id='word_1_13' title='bbox 2589 464 2648 520; x_wconf 89' lang='lat' dir='ltr'><strong>in</strong></span> <span class='ocrx_word' id='word_1_14' title='bbox 2703 462 2904 534; x_wconf 84' lang='lat' dir='ltr'><strong>quibus</strong></span> <span class='ocrx_word' id='word_1_15' title='bbox 2943 477 3042 534; x_wconf 89' lang='lat' dir='ltr'><strong>ego</strong></span> <span class='ocrx_word' id='word_1_16' title='bbox 3075 470 3269 518; x_wconf 86' lang='lat' dir='ltr'><strong>noctes</strong></span> <span class='ocrx_word' id='word_1_17' title='bbox 3292 473 3458 532; x_wconf 84' lang='lat' dir='ltr'><strong>atque</strong></span> <span class='ocrx_word' id='word_1_18' title='bbox 3518 461 3641 515; x_wconf 74' lang='lat' dir='ltr'><strong>dies</strong></span> <span class='ocrx_word' id='word_1_19' title='bbox 3688 463 3862 516; x_wconf 81' lang='lat' dir='ltr'><strong>desu-</strong></span> 
     </span>
    </p>
   </div>
   <div class='ocr_carea' id='block_1_3' title="bbox 608 562 2162 639">
    <p class='ocr_par' dir='ltr' id='par_1_3' title="bbox 608 562 2162 639">
     <span class='ocr_line' id='line_1_3' title="bbox 608 562 2162 639; baseline -0.005 -13"><span class='ocrx_word' id='word_1_20' title='bbox 608 579 717 626; x_wconf 84' lang='lat' dir='ltr'><strong>tam</strong></span> <span class='ocrx_word' id='word_1_21' title='bbox 747 569 1004 639; x_wconf 63' lang='lat' dir='ltr'><strong>praeclaro</strong></span> <span class='ocrx_word' id='word_1_22' title='bbox 1032 583 1232 634; x_wconf 83' lang='lat' dir='ltr'><strong>genere</strong></span> <span class='ocrx_word' id='word_1_23' title='bbox 1251 577 1394 630; x_wconf 78' lang='lat' dir='ltr'><strong>orto,</strong></span> <span class='ocrx_word' id='word_1_24' title='bbox 1410 566 1497 622; x_wconf 91' lang='lat' dir='ltr'><strong>cui</strong></span> <span class='ocrx_word' id='word_1_25' title='bbox 1528 567 1665 622; x_wconf 90' lang='lat' dir='ltr'><strong>adeo</strong></span> <span class='ocrx_word' id='word_1_26' title='bbox 1685 579 1902 634; x_wconf 88' lang='lat' dir='ltr'><strong>semper</strong></span> <span class='ocrx_word' id='word_1_27' title='bbox 1956 562 2162 619; x_wconf 85' lang='lat' dir='ltr'><strong>arrise-</strong></span> 
     </span>
    </p>
   </div>
   <div class='ocr_carea' id='block_1_4' title="bbox 2267 556 3866 627">
    <p class='ocr_par' dir='ltr' id='par_1_4' title="bbox 2267 556 3866 627">
     <span class='ocr_line' id='line_1_4' title="bbox 2267 556 3866 627; baseline -0.004 -12"><span class='ocrx_word' id='word_1_28' title='bbox 2267 560 2431 626; x_wconf 88' lang='lat' dir='ltr'><strong>dans,</strong></span> <span class='ocrx_word' id='word_1_29' title='bbox 2467 558 2700 614; x_wconf 84' lang='lat' dir='ltr'><strong>necdum</strong></span> <span class='ocrx_word' id='word_1_30' title='bbox 2723 573 2888 614; x_wconf 92' lang='lat' dir='ltr'><strong>omne</strong></span> <span class='ocrx_word' id='word_1_31' title='bbox 2911 558 2964 614; x_wconf 88' lang='lat' dir='ltr'><strong>id</strong></span> <span class='ocrx_word' id='word_1_32' title='bbox 2994 558 3137 627; x_wconf 89' lang='lat' dir='ltr'><strong>quod</strong></span> <span class='ocrx_word' id='word_1_33' title='bbox 3160 557 3467 627; x_wconf 70' lang='lat' dir='ltr'><strong>quaerebam</strong></span> <span class='ocrx_word' id='word_1_34' title='bbox 3524 570 3613 610; x_wconf 89' lang='lat' dir='ltr'><strong>me</strong></span> <span class='ocrx_word' id='word_1_35' title='bbox 3661 556 3866 624; x_wconf 87' lang='lat' dir='ltr'><strong>opinor</strong></span> 
     </span>
    </p>
   </div>
   <div class='ocr_carea' id='block_1_5' title="bbox 608 641 3864 729">
    <p class='ocr_par' dir='ltr' id='par_1_5' title="bbox 608 641 3864 729">
     <span class='ocr_line' id='line_1_5' title="bbox 608 641 3864 729; baseline -0.005 -16"><span class='ocrx_word' id='word_1_36' title='bbox 608 659 679 713; x_wconf 89' lang='lat' dir='ltr'><strong>rit</strong></span> <span class='ocrx_word' id='word_1_37' title='bbox 701 673 770 714; x_wconf 88' lang='lat' dir='ltr'><strong>ex</strong></span> <span class='ocrx_word' id='word_1_38' title='bbox 801 658 950 713; x_wconf 89' lang='lat' dir='ltr'><strong>omni</strong></span> <span class='ocrx_word' id='word_1_39' title='bbox 985 668 1140 729; x_wconf 86' lang='lat' dir='ltr'><strong>parte</strong></span> <span class='ocrx_word' id='word_1_40' title='bbox 1164 658 1403 722; x_wconf 76' lang='lat' dir='ltr'><strong>fortuna,</strong></span> <span class='ocrx_word' id='word_1_41' title='bbox 1433 672 1556 728; x_wconf 75' lang='lat' dir='ltr'><strong>qua:</strong></span> <span class='ocrx_word' id='word_1_42' title='bbox 1585 656 1723 711; x_wconf 85' lang='lat' dir='ltr'><strong>nihil</strong></span> <span class='ocrx_word' id='word_1_43' title='bbox 1765 653 1911 726; x_wconf 90' lang='lat' dir='ltr'><strong>quod</strong></span> <span class='ocrx_word' id='word_1_44' title='bbox 1941 668 2164 710; x_wconf 89' lang='lat' dir='ltr'><strong>suarum</strong></span> <span class='ocrx_word' id='word_1_45' title='bbox 2264 659 2600 707; x_wconf 86' lang='lat' dir='ltr'><strong>assecutum.</strong></span> <span class='ocrx_word' id='word_1_46' title='bbox 2623 648 2670 704; x_wconf 91' lang='grc' dir='ltr'>Ο</span> <span class='ocrx_word' id='word_1_47' title='bbox 2699 649 2907 704; x_wconf 90' lang='lat' dir='ltr'><strong>utinam</strong></span> <span class='ocrx_word' id='word_1_48' title='bbox 2974 650 3108 705; x_wconf 82' lang='lat' dir='ltr'><strong>tales</strong></span> <span class='ocrx_word' id='word_1_49' title='bbox 3162 650 3343 704; x_wconf 78' lang='lat' dir='ltr'><strong>fcrent</strong></span> <span class='ocrx_word' id='word_1_50' title='bbox 3382 662 3572 702; x_wconf 68' lang='lat' dir='ltr'><strong>«nues</strong></span> <span class='ocrx_word' id='word_1_51' title='bbox 3602 641 3864 717; x_wconf 87' lang='lat' dir='ltr'><strong>episcopi</strong></span> 
     </span>
    </p>
   </div>
   <div class='ocr_carea' id='block_1_6' title="bbox 607 747 2164 820">
    <p class='ocr_par' dir='ltr' id='par_1_6' title="bbox 607 747 2164 820">
     <span class='ocr_line' id='line_1_6' title="bbox 607 747 2164 820; baseline -0.001 -18"><span class='ocrx_word' id='word_1_52' title='bbox 607 757 692 803; x_wconf 90' lang='lat' dir='ltr'><strong>est</strong></span> <span class='ocrx_word' id='word_1_53' title='bbox 747 750 980 819; x_wconf 84' lang='lat' dir='ltr'><strong>partium</strong></span> <span class='ocrx_word' id='word_1_54' title='bbox 1042 750 1145 820; x_wconf 85' lang='lat' dir='ltr'><strong>ipsi</strong></span> <span class='ocrx_word' id='word_1_55' title='bbox 1198 763 1434 819; x_wconf 89' lang='lat' dir='ltr'><strong>unquam</strong></span> <span class='ocrx_word' id='word_1_56' title='bbox 1484 761 1714 820; x_wconf 79' lang='lat' dir='ltr'><strong>negasse</strong></span> <span class='ocrx_word' id='word_1_57' title='bbox 1760 747 1995 812; x_wconf 80' lang='lat' dir='ltr'><strong>videtur,</strong></span> <span class='ocrx_word' id='word_1_58' title='bbox 2058 755 2164 800; x_wconf 91' lang='lat' dir='ltr'><strong>tam</strong></span> 
     </span>
    </p>
   </div>
   <div class='ocr_carea' id='block_1_7' title="bbox 607 835 2168 909">
    <p class='ocr_par' dir='ltr' id='par_1_7' title="bbox 607 835 2168 909">
     <span class='ocr_line' id='line_1_7' title="bbox 607 835 2168 909; baseline 0 -18"><span class='ocrx_word' id='word_1_59' title='bbox 607 838 833 902; x_wconf 81' lang='lat' dir='ltr'><strong>variam,</strong></span> <span class='ocrx_word' id='word_1_60' title='bbox 870 839 1453 909; x_wconf 72' lang='lat' dir='ltr'><strong>tamquereconditam</strong></span> <span class='ocrx_word' id='word_1_61' title='bbox 1481 837 1867 900; x_wconf 84' lang='lat' dir='ltr'><strong>eruditionem,</strong></span> <span class='ocrx_word' id='word_1_62' title='bbox 1898 835 2168 906; x_wconf 89' lang='lat' dir='ltr'><strong>judicium</strong></span> 
     </span>
    </p>
   </div>
   <div class='ocr_carea' id='block_1_8' title="bbox 609 913 2166 998">
    <p class='ocr_par' dir='ltr' id='par_1_8' title="bbox 609 913 2166 998">
     <span class='ocr_line' id='line_1_8' title="bbox 609 913 2166 998; baseline -0.001 -17"><span class='ocrx_word' id='word_1_63' title='bbox 609 926 998 989; x_wconf 77' lang='lat' dir='ltr'><strong>certissimum,</strong></span> <span class='ocrx_word' id='word_1_64' title='bbox 1019 926 1294 997; x_wconf 87' lang='lat' dir='ltr'><strong>ingenium</strong></span> <span class='ocrx_word' id='word_1_65' title='bbox 1313 913 1424 980; x_wconf 80' lang='lat' dir='ltr'><strong>tam</strong></span> <span class='ocrx_word' id='word_1_66' title='bbox 1449 940 1599 993; x_wconf 87' lang='lat' dir='ltr'><strong>acre,</strong></span> <span class='ocrx_word' id='word_1_67' title='bbox 1630 938 1878 998; x_wconf 85' lang='lat' dir='ltr'><strong>peneque</strong></span> <span class='ocrx_word' id='word_1_68' title='bbox 1899 925 2166 991; x_wconf 78' lang='lat' dir='ltr'><strong>divinum,</strong></span> 
     </span>
    </p>
   </div>
   <div class='ocr_carea' id='block_1_9' title="bbox 611 1019 2168 1090">
    <p class='ocr_par' dir='ltr' id='par_1_9' title="bbox 611 1019 2168 1090">
     <span class='ocr_line' id='line_1_9' title="bbox 611 1019 2168 1090; baseline 0.001 -18"><span class='ocrx_word' id='word_1_69' title='bbox 611 1020 928 1074; x_wconf 85' lang='lat' dir='ltr'><strong>memoriam</strong></span> <span class='ocrx_word' id='word_1_70' title='bbox 952 1020 1087 1075; x_wconf 89' lang='lat' dir='ltr'><strong>adeo</strong></span> <span class='ocrx_word' id='word_1_71' title='bbox 1117 1030 1362 1076; x_wconf 83' lang='lat' dir='ltr'><strong>tenacem</strong></span> <span class='ocrx_word' id='word_1_72' title='bbox 1387 1019 1410 1073; x_wconf 76' lang='grc' dir='ltr'><em>ἳ</em></span> <span class='ocrx_word' id='word_1_73' title='bbox 1444 1020 1500 1074; x_wconf 91' lang='lat' dir='ltr'><strong>in</strong></span> <span class='ocrx_word' id='word_1_74' title='bbox 1530 1034 1639 1090; x_wconf 91' lang='lat' dir='ltr'><strong>quo</strong></span> <span class='ocrx_word' id='word_1_75' title='bbox 1688 1029 1882 1090; x_wconf 70' lang='lat' dir='ltr'><strong>praeter</strong></span> <span class='ocrx_word' id='word_1_76' title='bbox 1919 1025 2168 1074; x_wconf 75' lang='lat' dir='ltr'><strong>exactam</strong></span> 
     </span>
    </p>
   </div>
   <div class='ocr_carea' id='block_1_10' title="bbox 609 1099 2170 1186">
    <p class='ocr_par' dir='ltr' id='par_1_10' title="bbox 609 1099 2170 1186">
     <span class='ocr_line' id='line_1_10' title="bbox 609 1099 2170 1186; baseline 0.002 -22"><span class='ocrx_word' id='word_1_77' title='bbox 609 1112 893 1180; x_wconf 72' lang='lat' dir='ltr'><strong>utriusque</strong></span> <span class='ocrx_word' id='word_1_78' title='bbox 946 1111 1086 1182; x_wconf 81' lang='lat' dir='ltr'><strong>juris</strong></span> <span class='ocrx_word' id='word_1_79' title='bbox 1172 1099 1540 1183; x_wconf 83' lang='lat' dir='ltr'><strong>prudentiam,</strong></span> <span class='ocrx_word' id='word_1_80' title='bbox 1604 1112 1902 1183; x_wconf 83' lang='lat' dir='ltr'><strong>perfectam</strong></span> <span class='ocrx_word' id='word_1_81' title='bbox 1953 1125 2170 1186; x_wconf 86' lang='lat' dir='ltr'><strong>quoque</strong></span> 
     </span>
    </p>
   </div>
   <div class='ocr_carea' id='block_1_11' title="bbox 610 1201 2170 1274">
    <p class='ocr_par' dir='ltr' id='par_1_11' title="bbox 610 1201 2170 1274">
     <span class='ocr_line' id='line_1_11' title="bbox 610 1201 2170 1274; baseline 0.001 -17"><span class='ocrx_word' id='word_1_82' title='bbox 610 1201 774 1257; x_wconf 89' lang='lat' dir='ltr'><strong>trium</strong></span> <span class='ocrx_word' id='word_1_83' title='bbox 801 1202 1106 1273; x_wconf 73' lang='lat' dir='ltr'><strong>linguarum</strong></span> <span class='ocrx_word' id='word_1_84' title='bbox 1130 1203 1383 1274; x_wconf 88' lang='lat' dir='ltr'><strong>peritiam</strong></span> <span class='ocrx_word' id='word_1_85' title='bbox 1416 1204 1542 1274; x_wconf 86' lang='lat' dir='ltr'><strong>quis</strong></span> <span class='ocrx_word' id='word_1_86' title='bbox 1578 1218 1686 1259; x_wconf 87' lang='lat' dir='ltr'><strong>non</strong></span> <span class='ocrx_word' id='word_1_87' title='bbox 1709 1203 2009 1274; x_wconf 75' lang='lat' dir='ltr'><strong>suspiciat?</strong></span> <span class='ocrx_word' id='word_1_88' title='bbox 2032 1202 2170 1258; x_wconf 78' lang='lat' dir='ltr'><strong>Nam</strong></span> 
     </span>
    </p>
   </div>
   <div class='ocr_carea' id='block_1_12' title="bbox 610 1291 2162 1365">
    <p class='ocr_par' dir='ltr' id='par_1_12' title="bbox 610 1291 2162 1365">
     <span class='ocr_line' id='line_1_12' title="bbox 610 1291 2162 1365; baseline 0.003 -21"><span class='ocrx_word' id='word_1_89' title='bbox 610 1291 666 1344; x_wconf 91' lang='lat' dir='ltr'><strong>in</strong></span> <span class='ocrx_word' id='word_1_90' title='bbox 697 1291 900 1348; x_wconf 63' lang='lat' dir='ltr'><strong>Graecis</strong></span> <span class='ocrx_word' id='word_1_91' title='bbox 945 1309 1008 1348; x_wconf 78' lang='lat' dir='ltr'><strong>ac</strong></span> <span class='ocrx_word' id='word_1_92' title='bbox 1033 1294 1240 1349; x_wconf 83' lang='lat' dir='ltr'><strong>Latinis</strong></span> <span class='ocrx_word' id='word_1_93' title='bbox 1287 1295 1466 1350; x_wconf 90' lang='lat' dir='ltr'><strong>adhuc</strong></span> <span class='ocrx_word' id='word_1_94' title='bbox 1513 1309 1648 1365; x_wconf 89' lang='lat' dir='ltr'><strong>puer</strong></span> <span class='ocrx_word' id='word_1_95' title='bbox 1669 1295 2162 1350; x_wconf 80' lang='lat' dir='ltr'><strong>exercitatissimus</strong></span> 
     </span>
    </p>
   </div>
   <div class='ocr_carea' id='block_1_13' title="bbox 607 1384 2172 1457">
    <p class='ocr_par' dir='ltr' id='par_1_13' title="bbox 607 1384 2172 1457">
     <span class='ocr_line' id='line_1_13' title="bbox 607 1384 2172 1457; baseline 0.001 -20"><span class='ocrx_word' id='word_1_96' title='bbox 607 1393 726 1438; x_wconf 86' lang='lat' dir='ltr'><strong>erat</strong></span> <span class='ocrx_word' id='word_1_97' title='bbox 755 1399 773 1438; x_wconf 88' lang='lat'><strong><em>:</em></strong></span> <span class='ocrx_word' id='word_1_98' title='bbox 803 1384 859 1438; x_wconf 93' lang='lat' dir='ltr'><strong>in</strong></span> <span class='ocrx_word' id='word_1_99' title='bbox 891 1385 1131 1441; x_wconf 73' lang='lat' dir='ltr'><strong>Hebraeis</strong></span> <span class='ocrx_word' id='word_1_100' title='bbox 1161 1399 1291 1442; x_wconf 83' lang='lat' dir='ltr'><strong>vero</strong></span> <span class='ocrx_word' id='word_1_101' title='bbox 1324 1385 1467 1441; x_wconf 88' lang='lat' dir='ltr'><strong>Deus</strong></span> <span class='ocrx_word' id='word_1_102' title='bbox 1531 1387 1674 1442; x_wconf 89' lang='lat' dir='ltr'><strong>bone</strong></span> <span class='ocrx_word' id='word_1_103' title='bbox 1717 1401 1878 1457; x_wconf 89' lang='lat' dir='ltr'><strong>quam</strong></span> <span class='ocrx_word' id='word_1_104' title='bbox 1941 1386 2172 1442; x_wconf 71' lang='lat' dir='ltr'><strong>feliciter</strong></span> 
     </span>
    </p>
   </div>
   <div class='ocr_carea' id='block_1_14' title="bbox 607 1478 2172 1549">
    <p class='ocr_par' dir='ltr' id='par_1_14' title="bbox 607 1478 2172 1549">
     <span class='ocr_line' id='line_1_14' title="bbox 607 1478 2172 1549; baseline 0.003 -21"><span class='ocrx_word' id='word_1_105' title='bbox 607 1485 855 1532; x_wconf 81' lang='lat' dir='ltr'><strong>versatus</strong></span> <span class='ocrx_word' id='word_1_106' title='bbox 891 1486 993 1538; x_wconf 85' lang='lat' dir='ltr'><strong>est.</strong></span> <span class='ocrx_word' id='word_1_107' title='bbox 1025 1491 1185 1547; x_wconf 88' lang='lat' dir='ltr'><strong>quam</strong></span> <span class='ocrx_word' id='word_1_108' title='bbox 1238 1478 1404 1534; x_wconf 89' lang='lat' dir='ltr'><strong>etiam</strong></span> <span class='ocrx_word' id='word_1_109' title='bbox 1431 1492 1557 1549; x_wconf 90' lang='lat' dir='ltr'><strong>erga</strong></span> <span class='ocrx_word' id='word_1_110' title='bbox 1584 1493 1742 1535; x_wconf 91' lang='lat' dir='ltr'><strong>suum</strong></span> <span class='ocrx_word' id='word_1_111' title='bbox 1776 1486 2172 1548; x_wconf 65' lang='lat' dir='ltr'><strong>praeceptorem</strong></span> 
     </span>
    </p>
   </div>
   <div class='ocr_carea' id='block_1_15' title="bbox 609 1564 2173 1640">
    <p class='ocr_par' dir='ltr' id='par_1_15' title="bbox 609 1564 2173 1640">
     <span class='ocr_line' id='line_1_15' title="bbox 609 1564 2173 1640; baseline 0.003 -20"><span class='ocrx_word' id='word_1_112' title='bbox 609 1564 867 1622; x_wconf 77' lang='lat' dir='ltr'><strong>liberalis.</strong></span> <span class='ocrx_word' id='word_1_113' title='bbox 901 1566 1002 1634; x_wconf 86' lang='lat' dir='ltr'><strong>Qui</strong></span> <span class='ocrx_word' id='word_1_114' title='bbox 1036 1569 1121 1623; x_wconf 85' lang='lat' dir='ltr'><strong>his</strong></span> <span class='ocrx_word' id='word_1_115' title='bbox 1177 1569 1342 1640; x_wconf 89' lang='lat' dir='ltr'><strong>igitur</strong></span> <span class='ocrx_word' id='word_1_116' title='bbox 1403 1569 1699 1624; x_wconf 81' lang='lat' dir='ltr'><strong>comitibus</strong></span> <span class='ocrx_word' id='word_1_117' title='bbox 1747 1570 1823 1624; x_wconf 87' lang='lat' dir='ltr'><strong>ita</strong></span> <span class='ocrx_word' id='word_1_118' title='bbox 1870 1569 1938 1624; x_wconf 89' lang='lat' dir='ltr'><strong>ad</strong></span> <span class='ocrx_word' id='word_1_119' title='bbox 1985 1584 2173 1625; x_wconf 85' lang='lat' dir='ltr'><strong>sacras</strong></span> 
     </span>
    </p>
   </div>
   <div class='ocr_carea' id='block_1_16' title="bbox 604 1654 2173 1731">
    <p class='ocr_par' dir='ltr' id='par_1_16' title="bbox 604 1654 2173 1731">
     <span class='ocr_line' id='line_1_16' title="bbox 604 1654 2173 1731; baseline 0.001 -21"><span class='ocrx_word' id='word_1_120' title='bbox 604 1655 717 1726; x_wconf 85' lang='lat' dir='ltr'><strong>jam</strong></span> <span class='ocrx_word' id='word_1_121' title='bbox 744 1657 945 1712; x_wconf 91' lang='lat' dir='ltr'><strong>dudum</strong></span> <span class='ocrx_word' id='word_1_122' title='bbox 1000 1659 1231 1715; x_wconf 83' lang='lat' dir='ltr'><strong>accessit</strong></span> <span class='ocrx_word' id='word_1_123' title='bbox 1269 1654 1524 1724; x_wconf 84' lang='lat' dir='ltr'><strong>Litteras,</strong></span> <span class='ocrx_word' id='word_1_124' title='bbox 1580 1669 1644 1715; x_wconf 92' lang='lat' dir='ltr'><strong>ut</strong></span> <span class='ocrx_word' id='word_1_125' title='bbox 1667 1675 1846 1731; x_wconf 89' lang='lat' dir='ltr'><strong>neque</strong></span> <span class='ocrx_word' id='word_1_126' title='bbox 1912 1659 2173 1715; x_wconf 79' lang='lat' dir='ltr'><strong>naturalis</strong></span> 
     </span>
    </p>
   </div>
   <div class='ocr_carea' id='block_1_17' title="bbox 605 1747 2169 1823">
    <p class='ocr_par' dir='ltr' id='par_1_17' title="bbox 605 1747 2169 1823">
     <span class='ocr_line' id='line_1_17' title="bbox 605 1747 2169 1823; baseline 0.003 -23"><span class='ocrx_word' id='word_1_127' title='bbox 605 1747 985 1819; x_wconf 69' lang='lat' dir='ltr'><strong>philosophiae,</strong></span> <span class='ocrx_word' id='word_1_128' title='bbox 1048 1765 1230 1820; x_wconf 88' lang='lat' dir='ltr'><strong>neque</strong></span> <span class='ocrx_word' id='word_1_129' title='bbox 1299 1751 1615 1823; x_wconf 64' lang='lat' dir='ltr'><strong>theologia,</strong></span> <span class='ocrx_word' id='word_1_130' title='bbox 1667 1766 1828 1822; x_wconf 89' lang='lat' dir='ltr'><strong>quam</strong></span> <span class='ocrx_word' id='word_1_131' title='bbox 1876 1750 2169 1806; x_wconf 84' lang='lat' dir='ltr'><strong>scholasti-</strong></span> 
     </span>
    </p>
   </div>
   <div class='ocr_carea' id='block_1_18' title="bbox 2271 740 3867 814">
    <p class='ocr_par' dir='ltr' id='par_1_18' title="bbox 2271 740 3867 814">
     <span class='ocr_line' id='line_1_18' title="bbox 2271 740 3867 814; baseline -0.003 -16"><span class='ocrx_word' id='word_1_132' title='bbox 2271 759 2337 799; x_wconf 93' lang='lat' dir='ltr'><strong>ac</strong></span> <span class='ocrx_word' id='word_1_133' title='bbox 2391 743 2821 814; x_wconf 82' lang='lat' dir='ltr'><strong>dispensatores,</strong></span> <span class='ocrx_word' id='word_1_134' title='bbox 2875 757 3015 814; x_wconf 89' lang='lat' dir='ltr'><strong>quos</strong></span> <span class='ocrx_word' id='word_1_135' title='bbox 3059 743 3324 797; x_wconf 83' lang='lat' dir='ltr'><strong>Dominus</strong></span> <span class='ocrx_word' id='word_1_136' title='bbox 3365 740 3652 798; x_wconf 85' lang='lat' dir='ltr'><strong>c0nstituit</strong></span> <span class='ocrx_word' id='word_1_137' title='bbox 3688 754 3867 811; x_wconf 84' lang='lat' dir='ltr'><strong>super</strong></span> 
     </span>
    </p>
   </div>
   <div class='ocr_carea' id='block_1_19' title="bbox 2271 833 3861 904">
    <p class='ocr_par' dir='ltr' id='par_1_19' title="bbox 2271 833 3861 904">
     <span class='ocr_line' id='line_1_19' title="bbox 2271 833 3861 904; baseline -0.002 -13"><span class='ocrx_word' id='word_1_138' title='bbox 2271 835 2534 891; x_wconf 77' lang='lat' dir='ltr'><strong>familiam</strong></span> <span class='ocrx_word' id='word_1_139' title='bbox 2583 849 2764 901; x_wconf 83' lang='lat' dir='ltr'><strong>suam,</strong></span> <span class='ocrx_word' id='word_1_140' title='bbox 2819 844 2885 891; x_wconf 92' lang='lat' dir='ltr'><strong>ut</strong></span> <span class='ocrx_word' id='word_1_141' title='bbox 2940 833 3178 890; x_wconf 84' lang='lat' dir='ltr'><strong>dentiiii</strong></span> <span class='ocrx_word' id='word_1_142' title='bbox 3204 833 3386 889; x_wconf 88' lang='lat' dir='ltr'><strong>cibum</strong></span> <span class='ocrx_word' id='word_1_143' title='bbox 3443 835 3500 888; x_wconf 89' lang='lat' dir='ltr'><strong>in</strong></span> <span class='ocrx_word' id='word_1_144' title='bbox 3562 834 3861 904; x_wconf 79' lang='lat' dir='ltr'><strong>tempore!</strong></span> 
     </span>
    </p>
   </div>
   <div class='ocr_carea' id='block_1_20' title="bbox 2271 923 3856 999">
    <p class='ocr_par' dir='ltr' id='par_1_20' title="bbox 2271 923 3856 999">
     <span class='ocr_line' id='line_1_20' title="bbox 2271 923 3856 999; baseline -0.003 -16"><span class='ocrx_word' id='word_1_145' title='bbox 2271 927 2518 999; x_wconf 79' lang='lat' dir='ltr'><strong>profecto</strong></span> <span class='ocrx_word' id='word_1_146' title='bbox 2586 926 2804 983; x_wconf 77' lang='lat' dir='ltr'><strong>felicius</strong></span> <span class='ocrx_word' id='word_1_147' title='bbox 2851 935 3106 998; x_wconf 72' lang='lat' dir='ltr'><strong>ageretur</strong></span> <span class='ocrx_word' id='word_1_148' title='bbox 3158 941 3284 980; x_wconf 90' lang='lat' dir='ltr'><strong>cum</strong></span> <span class='ocrx_word' id='word_1_149' title='bbox 3357 923 3565 980; x_wconf 87' lang='lat' dir='ltr'><strong>Christi</strong></span> <span class='ocrx_word' id='word_1_150' title='bbox 3618 924 3856 987; x_wconf 78' lang='lat' dir='ltr'><strong>ovibus,</strong></span> 
     </span>
    </p>
   </div>
   <div class='ocr_carea' id='block_1_21' title="bbox 2271 1014 3863 1087">
    <p class='ocr_par' dir='ltr' id='par_1_21' title="bbox 2271 1014 3863 1087">
     <span class='ocr_line' id='line_1_21' title="bbox 2271 1014 3863 1087; baseline -0.002 -14"><span class='ocrx_word' id='word_1_151' title='bbox 2271 1018 2384 1073; x_wconf 91' lang='lat' dir='ltr'><strong>imo</strong></span> <span class='ocrx_word' id='word_1_152' title='bbox 2438 1032 2560 1073; x_wconf 90' lang='lat' dir='ltr'><strong>cum</strong></span> <span class='ocrx_word' id='word_1_153' title='bbox 2610 1024 2722 1074; x_wconf 87' lang='lat' dir='ltr'><strong>tota</strong></span> <span class='ocrx_word' id='word_1_154' title='bbox 2769 1017 3050 1087; x_wconf 83' lang='lat' dir='ltr'><strong>republica</strong></span> <span class='ocrx_word' id='word_1_155' title='bbox 3132 1014 3469 1072; x_wconf 87' lang='lat' dir='ltr'><strong>Christiana.</strong></span> <span class='ocrx_word' id='word_1_156' title='bbox 3549 1014 3863 1071; x_wconf 67' lang='lat' dir='ltr'><strong>Presulum</strong></span> 
     </span>
    </p>
   </div>
   <div class='ocr_carea' id='block_1_22' title="bbox 2269 1108 3867 1179">
    <p class='ocr_par' dir='ltr' id='par_1_22' title="bbox 2269 1108 3867 1179">
     <span class='ocr_line' id='line_1_22' title="bbox 2269 1108 3867 1179; baseline 0 -15"><span class='ocrx_word' id='word_1_157' title='bbox 2269 1123 2506 1179; x_wconf 81' lang='lat' dir='ltr'><strong>namque</strong></span> <span class='ocrx_word' id='word_1_158' title='bbox 2532 1117 2588 1165; x_wconf 90' lang='lat' dir='ltr'><strong>et</strong></span> <span class='ocrx_word' id='word_1_159' title='bbox 2611 1117 2894 1179; x_wconf 81' lang='lat' dir='ltr'><strong>pastorum</strong></span> <span class='ocrx_word' id='word_1_160' title='bbox 2913 1108 3078 1164; x_wconf 85' lang='lat' dir='ltr'><strong>vitam</strong></span> <span class='ocrx_word' id='word_1_161' title='bbox 3097 1122 3164 1163; x_wconf 87' lang='lat' dir='ltr'><strong>ac</strong></span> <span class='ocrx_word' id='word_1_162' title='bbox 3187 1122 3371 1164; x_wconf 89' lang='lat' dir='ltr'><strong>mores</strong></span> <span class='ocrx_word' id='word_1_163' title='bbox 3400 1123 3533 1179; x_wconf 87' lang='lat' dir='ltr'><strong>grex</strong></span> <span class='ocrx_word' id='word_1_164' title='bbox 3562 1109 3867 1164; x_wconf 80' lang='lat' dir='ltr'><strong>universus</strong></span> 
     </span>
    </p>
   </div>
   <div class='ocr_carea' id='block_1_23' title="bbox 2270 1196 3868 1269">
    <p class='ocr_par' dir='ltr' id='par_1_23' title="bbox 2270 1196 3868 1269">
     <span class='ocr_line' id='line_1_23' title="bbox 2270 1196 3868 1269; baseline 0.001 -17"><span class='ocrx_word' id='word_1_165' title='bbox 2270 1196 2534 1254; x_wconf 85' lang='lat' dir='ltr'><strong>imitatur.</strong></span> <span class='ocrx_word' id='word_1_166' title='bbox 2556 1197 2906 1269; x_wconf 87' lang='lat' dir='ltr'><strong>Quapropter</strong></span> <span class='ocrx_word' id='word_1_167' title='bbox 2926 1197 3184 1254; x_wconf 88' lang='lat' dir='ltr'><strong>omnibus</strong></span> <span class='ocrx_word' id='word_1_168' title='bbox 3206 1197 3262 1252; x_wconf 89' lang='lat' dir='ltr'><strong>in</strong></span> <span class='ocrx_word' id='word_1_169' title='bbox 3287 1197 3477 1261; x_wconf 81' lang='lat' dir='ltr'><strong>rebus,</strong></span> <span class='ocrx_word' id='word_1_170' title='bbox 3500 1196 3868 1254; x_wconf 80' lang='lat' dir='ltr'><strong>ornatissime</strong></span> 
     </span>
    </p>
   </div>
   <div class='ocr_carea' id='block_1_24' title="bbox 2272 1288 3868 1359">
    <p class='ocr_par' dir='ltr' id='par_1_24' title="bbox 2272 1288 3868 1359">
     <span class='ocr_line' id='line_1_24' title="bbox 2272 1288 3868 1359; baseline 0 -15"><span class='ocrx_word' id='word_1_171' title='bbox 2272 1289 2495 1359; x_wconf 66' lang='lat' dir='ltr'><strong>praui,</strong></span> <span class='ocrx_word' id='word_1_172' title='bbox 2537 1288 2642 1344; x_wconf 91' lang='lat' dir='ltr'><strong>hoc</strong></span> <span class='ocrx_word' id='word_1_173' title='bbox 2697 1289 2912 1344; x_wconf 89' lang='lat' dir='ltr'><strong>aurium</strong></span> <span class='ocrx_word' id='word_1_174' title='bbox 2973 1296 3358 1344; x_wconf 85' lang='lat' dir='ltr'><strong>ornamentum</strong></span> <span class='ocrx_word' id='word_1_175' title='bbox 3396 1304 3466 1345; x_wconf 89' lang='lat' dir='ltr'><strong>ne</strong></span> <span class='ocrx_word' id='word_1_176' title='bbox 3491 1288 3772 1354; x_wconf 76' lang='lat' dir='ltr'><strong>fastidias,</strong></span> <span class='ocrx_word' id='word_1_177' title='bbox 3809 1297 3868 1344; x_wconf 91' lang='lat' dir='ltr'><strong>te</strong></span> 
     </span>
    </p>
   </div>
   <div class='ocr_carea' id='block_1_25' title="bbox 2272 1375 3860 1449">
    <p class='ocr_par' dir='ltr' id='par_1_25' title="bbox 2272 1375 3860 1449">
     <span class='ocr_line' id='line_1_25' title="bbox 2272 1375 3860 1449; baseline 0.001 -17"><span class='ocrx_word' id='word_1_178' title='bbox 2272 1393 2372 1449; x_wconf 91' lang='lat' dir='ltr'><strong>per</strong></span> <span class='ocrx_word' id='word_1_179' title='bbox 2396 1387 2541 1431; x_wconf 85' lang='lat' dir='ltr'><strong>tuam</strong></span> <span class='ocrx_word' id='word_1_180' title='bbox 2571 1375 2689 1432; x_wconf 91' lang='lat' dir='ltr'><strong>orbi</strong></span> <span class='ocrx_word' id='word_1_181' title='bbox 2711 1377 2986 1448; x_wconf 84' lang='lat' dir='ltr'><strong>cognitam</strong></span> <span class='ocrx_word' id='word_1_182' title='bbox 3017 1376 3415 1432; x_wconf 88' lang='lat' dir='ltr'><strong>humanitatem</strong></span> <span class='ocrx_word' id='word_1_183' title='bbox 3466 1377 3636 1432; x_wconf 89' lang='lat' dir='ltr'><strong>etiam</strong></span> <span class='ocrx_word' id='word_1_184' title='bbox 3685 1388 3860 1447; x_wconf 87' lang='lat' dir='ltr'><strong>atque</strong></span> 
     </span>
    </p>
   </div>
   <div class='ocr_carea' id='block_1_26' title="bbox 2273 1470 3867 1541">
    <p class='ocr_par' dir='ltr' id='par_1_26' title="bbox 2273 1470 3867 1541">
     <span class='ocr_line' id='line_1_26' title="bbox 2273 1470 3867 1541; baseline 0.001 -16"><span class='ocrx_word' id='word_1_185' title='bbox 2273 1470 2436 1525; x_wconf 89' lang='lat' dir='ltr'><strong>etiam</strong></span> <span class='ocrx_word' id='word_1_186' title='bbox 2469 1471 2735 1526; x_wconf 84' lang='lat' dir='ltr'><strong>obtestor.</strong></span> <span class='ocrx_word' id='word_1_187' title='bbox 2777 1470 2932 1525; x_wconf 80' lang='lat' dir='ltr'><strong>Nosti</strong></span> <span class='ocrx_word' id='word_1_188' title='bbox 2974 1470 3121 1525; x_wconf 90' lang='lat' dir='ltr'><strong>enim</strong></span> <span class='ocrx_word' id='word_1_189' title='bbox 3149 1470 3249 1541; x_wconf 84' lang='lat' dir='ltr'><strong>ipsi</strong></span> <span class='ocrx_word' id='word_1_190' title='bbox 3303 1478 3640 1541; x_wconf 66' lang='lat' dir='ltr'><strong>praeceptum</strong></span> <span class='ocrx_word' id='word_1_191' title='bbox 3688 1470 3867 1526; x_wconf 77' lang='lat' dir='ltr'><strong>fuisse</strong></span> 
     </span>
    </p>
   </div>
   <div class='ocr_carea' id='block_1_27' title="bbox 2271 1558 3866 1627">
    <p class='ocr_par' dir='ltr' id='par_1_27' title="bbox 2271 1558 3866 1627">
     <span class='ocr_line' id='line_1_27' title="bbox 2271 1558 3866 1627; baseline 0.002 -14"><span class='ocrx_word' id='word_1_192' title='bbox 2271 1558 2428 1627; x_wconf 82' lang='lat' dir='ltr'><strong>Mosi,</strong></span> <span class='ocrx_word' id='word_1_193' title='bbox 2460 1569 2521 1614; x_wconf 96' lang='lat' dir='ltr'><strong>ut</strong></span> <span class='ocrx_word' id='word_1_194' title='bbox 2548 1560 2616 1615; x_wconf 90' lang='lat' dir='ltr'><strong>ad</strong></span> <span class='ocrx_word' id='word_1_195' title='bbox 2645 1559 3059 1616; x_wconf 86' lang='lat' dir='ltr'><strong>tabernaculum</strong></span> <span class='ocrx_word' id='word_1_196' title='bbox 3091 1575 3156 1616; x_wconf 90' lang='lat' dir='ltr'><strong>ac</strong></span> <span class='ocrx_word' id='word_1_197' title='bbox 3197 1562 3569 1616; x_wconf 85' lang='lat' dir='ltr'><strong>sanctuarium</strong></span> <span class='ocrx_word' id='word_1_198' title='bbox 3595 1570 3866 1618; x_wconf 82' lang='lat' dir='ltr'><strong>constru-</strong></span> 
     </span>
    </p>
   </div>
   <div class='ocr_carea' id='block_1_28' title="bbox 2275 1650 3866 1724">
    <p class='ocr_par' dir='ltr' id='par_1_28' title="bbox 2275 1650 3866 1724">
     <span class='ocr_line' id='line_1_28' title="bbox 2275 1650 3866 1724; baseline 0.001 -20"><span class='ocrx_word' id='word_1_199' title='bbox 2275 1650 2481 1705; x_wconf 91' lang='lat' dir='ltr'><strong>endum</strong></span> <span class='ocrx_word' id='word_1_200' title='bbox 2533 1666 2646 1707; x_wconf 88' lang='lat' dir='ltr'><strong>non</strong></span> <span class='ocrx_word' id='word_1_201' title='bbox 2700 1651 2863 1707; x_wconf 89' lang='lat' dir='ltr'><strong>modo</strong></span> <span class='ocrx_word' id='word_1_202' title='bbox 2919 1665 3112 1706; x_wconf 90' lang='lat' dir='ltr'><strong>aurum</strong></span> <span class='ocrx_word' id='word_1_203' title='bbox 3137 1660 3192 1707; x_wconf 89' lang='lat' dir='ltr'><strong>et</strong></span> <span class='ocrx_word' id='word_1_204' title='bbox 3211 1660 3520 1724; x_wconf 84' lang='lat' dir='ltr'><strong>argentum,</strong></span> <span class='ocrx_word' id='word_1_205' title='bbox 3556 1667 3866 1722; x_wconf 87' lang='lat' dir='ltr'><strong>purpuram</strong></span> 
     </span>
    </p>
   </div>
   <div class='ocr_carea' id='block_1_29' title="bbox 2272 1741 3865 1815">
    <p class='ocr_par' dir='ltr' id='par_1_29' title="bbox 2272 1741 3865 1815">
     <span class='ocr_line' id='line_1_29' title="bbox 2272 1741 3865 1815; baseline 0.003 -20"><span class='ocrx_word' id='word_1_206' title='bbox 2272 1750 2327 1796; x_wconf 88' lang='lat' dir='ltr'><strong>et</strong></span> <span class='ocrx_word' id='word_1_207' title='bbox 2348 1741 2592 1812; x_wconf 84' lang='lat' dir='ltr'><strong>byssum,</strong></span> <span class='ocrx_word' id='word_1_208' title='bbox 2618 1741 2827 1813; x_wconf 88' lang='lat' dir='ltr'><strong>lapides</strong></span> <span class='ocrx_word' id='word_1_209' title='bbox 2847 1743 3152 1814; x_wconf 82' lang='lat' dir='ltr'><strong>onychinos</strong></span> <span class='ocrx_word' id='word_1_210' title='bbox 3180 1759 3244 1798; x_wconf 91' lang='lat' dir='ltr'><strong>ac</strong></span> <span class='ocrx_word' id='word_1_211' title='bbox 3278 1759 3519 1815; x_wconf 88' lang='lat' dir='ltr'><strong>gemmas</strong></span> <span class='ocrx_word' id='word_1_212' title='bbox 3539 1746 3865 1814; x_wconf 86' lang='lat' dir='ltr'><strong>acciperet:</strong></span> 
     </span>
    </p>
   </div>
   <div class='ocr_carea' id='block_1_30' title="bbox 608 1831 2173 1912">
    <p class='ocr_par' dir='ltr' id='par_1_30' title="bbox 608 1841 2172 1912">
     <span class='ocr_line' id='line_1_30' title="bbox 608 1841 2172 1912; baseline 0.003 -20"><span class='ocrx_word' id='word_1_213' title='bbox 608 1852 729 1892; x_wconf 85' lang='lat' dir='ltr'><strong>eam</strong></span> <span class='ocrx_word' id='word_1_214' title='bbox 783 1849 994 1906; x_wconf 87' lang='lat' dir='ltr'><strong>vocant,</strong></span> <span class='ocrx_word' id='word_1_215' title='bbox 1058 1841 1451 1896; x_wconf 88' lang='lat' dir='ltr'><strong>destitueretur</strong></span> <span class='ocrx_word' id='word_1_216' title='bbox 1492 1841 1708 1911; x_wconf 90' lang='lat' dir='ltr'><strong>peritia,</strong></span> <span class='ocrx_word' id='word_1_217' title='bbox 1755 1841 1875 1911; x_wconf 86' lang='lat' dir='ltr'><strong>quis</strong></span> <span class='ocrx_word' id='word_1_218' title='bbox 1938 1841 2172 1912; x_wconf 77' lang='lat' dir='ltr'><strong>ambigat</strong></span> 
     </span>
    </p>
   </div>
   <div class='ocr_carea' id='block_1_31' title="bbox 2277 1831 3865 1912">
    <p class='ocr_par' dir='ltr' id='par_1_31' title="bbox 2277 1834 3865 1906">
     <span class='ocr_line' id='line_1_31' title="bbox 2277 1834 3865 1906; baseline 0.001 -20"><span class='ocrx_word' id='word_1_219' title='bbox 2277 1848 2464 1887; x_wconf 89' lang='lat' dir='ltr'><strong>verum</strong></span> <span class='ocrx_word' id='word_1_220' title='bbox 2530 1834 2690 1888; x_wconf 90' lang='lat' dir='ltr'><strong>etiam</strong></span> <span class='ocrx_word' id='word_1_221' title='bbox 2745 1834 2879 1889; x_wconf 92' lang='lat' dir='ltr'><strong>viles</strong></span> <span class='ocrx_word' id='word_1_222' title='bbox 2930 1835 3071 1889; x_wconf 90' lang='lat' dir='ltr'><strong>inter</strong></span> <span class='ocrx_word' id='word_1_223' title='bbox 3117 1843 3316 1890; x_wconf 61' lang='lat' dir='ltr'><strong>cetera</strong></span> <span class='ocrx_word' id='word_1_224' title='bbox 3347 1850 3634 1906; x_wconf 89' lang='lat' dir='ltr'><strong>caprarum</strong></span> <span class='ocrx_word' id='word_1_225' title='bbox 3695 1835 3865 1905; x_wconf 85' lang='lat' dir='ltr'><strong>pilos.</strong></span> 
     </span>
    </p>
   </div>
   <div class='ocr_carea' id='block_1_32' title="bbox 609 1927 2173 2002">
    <p class='ocr_par' dir='ltr' id='par_1_32' title="bbox 609 1927 2173 2002">
     <span class='ocr_line' id='line_1_32' title="bbox 609 1927 2173 2002; baseline 0.002 -18"><span class='ocrx_word' id='word_1_226' title='bbox 609 1927 790 1999; x_wconf 81' lang='lat' dir='ltr'><strong>ipsum</strong></span> <span class='ocrx_word' id='word_1_227' title='bbox 849 1931 985 1994; x_wconf 84' lang='lat' dir='ltr'><strong>mjra</strong></span> <span class='ocrx_word' id='word_1_228' title='bbox 1037 1932 1675 2002; x_wconf 72' lang='lat' dir='ltr'><strong>praestiturumHtaque</strong></span> <span class='ocrx_word' id='word_1_229' title='bbox 1727 1934 1934 1986; x_wconf 81' lang='lat' dir='ltr'><strong>nullum</strong></span> <span class='ocrx_word' id='word_1_230' title='bbox 1985 1933 2039 1986; x_wconf 91' lang='lat' dir='ltr'><strong>in</strong></span> <span class='ocrx_word' id='word_1_231' title='bbox 2091 1934 2173 1988; x_wconf 89' lang='lat' dir='ltr'><strong>eis</strong></span> 
     </span>
    </p>
   </div>
   <div class='ocr_carea' id='block_1_33' title="bbox 621 2022 2172 2093">
    <p class='ocr_par' dir='ltr' id='par_1_33' title="bbox 621 2022 2172 2093">
     <span class='ocr_line' id='line_1_33' title="bbox 621 2022 2172 2093; baseline 0.003 -21"><span class='ocrx_word' id='word_1_232' title='bbox 621 2022 968 2088; x_wconf 80' lang='lat' dir='ltr'><strong>quantumvis</strong></span> <span class='ocrx_word' id='word_1_233' title='bbox 991 2022 1300 2076; x_wconf 68' lang='lat' dir='ltr'><strong>abstrusum</strong></span> <span class='ocrx_word' id='word_1_234' title='bbox 1329 2023 1576 2077; x_wconf 79' lang='lat' dir='ltr'><strong>invenias</strong></span> <span class='ocrx_word' id='word_1_235' title='bbox 1600 2023 1804 2087; x_wconf 87' lang='lat' dir='ltr'><strong>locum,</strong></span> <span class='ocrx_word' id='word_1_236' title='bbox 1856 2023 2012 2093; x_wconf 87' lang='lat' dir='ltr'><strong>cujus</strong></span> <span class='ocrx_word' id='word_1_237' title='bbox 2044 2038 2172 2078; x_wconf 85' lang='lat' dir='ltr'><strong>exa-</strong></span> 
     </span>
    </p>
   </div>
   <div class='ocr_carea' id='block_1_34' title="bbox 614 2112 2170 2181">
    <p class='ocr_par' dir='ltr' id='par_1_34' title="bbox 614 2112 2170 2181">
     <span class='ocr_line' id='line_1_34' title="bbox 614 2112 2170 2181; baseline 0.004 -18"><span class='ocrx_word' id='word_1_238' title='bbox 614 2112 911 2165; x_wconf 84' lang='lat' dir='ltr'><strong>ctissimam</strong></span> <span class='ocrx_word' id='word_1_239' title='bbox 943 2123 1052 2165; x_wconf 92' lang='lat' dir='ltr'><strong>non</strong></span> <span class='ocrx_word' id='word_1_240' title='bbox 1076 2113 1244 2181; x_wconf 83' lang='lat' dir='ltr'><strong>possit</strong></span> <span class='ocrx_word' id='word_1_241' title='bbox 1265 2129 1328 2167; x_wconf 81' lang='lat' dir='ltr'><strong>ex</strong></span> <span class='ocrx_word' id='word_1_242' title='bbox 1362 2124 1604 2180; x_wconf 87' lang='lat' dir='ltr'><strong>tempore</strong></span> <span class='ocrx_word' id='word_1_243' title='bbox 1626 2114 1852 2169; x_wconf 85' lang='lat' dir='ltr'><strong>reddere</strong></span> <span class='ocrx_word' id='word_1_244' title='bbox 1881 2114 2170 2170; x_wconf 88' lang='lat' dir='ltr'><strong>rationem.</strong></span> 
     </span>
    </p>
   </div>
   <div class='ocr_carea' id='block_1_35' title="bbox 615 2202 2175 2272">
    <p class='ocr_par' dir='ltr' id='par_1_35' title="bbox 615 2202 2175 2272">
     <span class='ocr_line' id='line_1_35' title="bbox 615 2202 2175 2272; baseline 0.001 -16"><span class='ocrx_word' id='word_1_245' title='bbox 615 2202 719 2256; x_wconf 84' lang='lat' dir='ltr'><strong>Sed</strong></span> <span class='ocrx_word' id='word_1_246' title='bbox 753 2203 883 2269; x_wconf 90' lang='lat' dir='ltr'><strong>quid</strong></span> <span class='ocrx_word' id='word_1_247' title='bbox 919 2217 1017 2272; x_wconf 88' lang='lat' dir='ltr'><strong>ego</strong></span> <span class='ocrx_word' id='word_1_248' title='bbox 1049 2204 1162 2256; x_wconf 72' lang='lat' dir='ltr'><strong>haec</strong></span> <span class='ocrx_word' id='word_1_249' title='bbox 1191 2218 1301 2256; x_wconf 90' lang='lat' dir='ltr'><strong>non</strong></span> <span class='ocrx_word' id='word_1_250' title='bbox 1329 2203 1623 2257; x_wconf 89' lang='lat' dir='ltr'><strong>credituris</strong></span> <span class='ocrx_word' id='word_1_251' title='bbox 1646 2204 1841 2260; x_wconf 82' lang='lat' dir='ltr'><strong>frustra</strong></span> <span class='ocrx_word' id='word_1_252' title='bbox 1857 2206 2118 2261; x_wconf 91' lang='lat' dir='ltr'><strong>denuntio</strong></span> <span class='ocrx_word' id='word_1_253' title='bbox 2152 2207 2175 2259; x_wconf 68' lang='grc' dir='ltr'><em>ἲ</em></span> 
     </span>
    </p>
   </div>
   <div class='ocr_carea' id='block_1_36' title="bbox 613 2292 2174 2366">
    <p class='ocr_par' dir='ltr' id='par_1_36' title="bbox 613 2292 2174 2366">
     <span class='ocr_line' id='line_1_36' title="bbox 613 2292 2174 2366; baseline 0.005 -22"><span class='ocrx_word' id='word_1_254' title='bbox 613 2293 683 2344; x_wconf 92' lang='lat' dir='ltr'><strong>de</strong></span> <span class='ocrx_word' id='word_1_255' title='bbox 718 2292 939 2346; x_wconf 87' lang='lat' dir='ltr'><strong>homine</strong></span> <span class='ocrx_word' id='word_1_256' title='bbox 1006 2294 1372 2362; x_wconf 87' lang='lat' dir='ltr'><strong>potissimum,</strong></span> <span class='ocrx_word' id='word_1_257' title='bbox 1407 2295 1499 2364; x_wconf 89' lang='lat' dir='ltr'><strong>qui</strong></span> <span class='ocrx_word' id='word_1_258' title='bbox 1529 2295 1775 2350; x_wconf 89' lang='lat' dir='ltr'><strong>nondum</strong></span> <span class='ocrx_word' id='word_1_259' title='bbox 1837 2298 2090 2366; x_wconf 91' lang='lat' dir='ltr'><strong>quintum</strong></span> <span class='ocrx_word' id='word_1_260' title='bbox 2120 2306 2174 2352; x_wconf 90' lang='lat' dir='ltr'><strong>et</strong></span> 
     </span>
    </p>
   </div>
   <div class='ocr_carea' id='block_1_37' title="bbox 613 2383 2168 2458">
    <p class='ocr_par' dir='ltr' id='par_1_37' title="bbox 613 2383 2168 2458">
     <span class='ocr_line' id='line_1_37' title="bbox 613 2383 2168 2458; baseline 0.003 -23"><span class='ocrx_word' id='word_1_261' title='bbox 613 2383 948 2447; x_wconf 83' lang='lat' dir='ltr'><strong>tricesimum</strong></span> <span class='ocrx_word' id='word_1_262' title='bbox 977 2386 1152 2454; x_wconf 89' lang='lat' dir='ltr'><strong>attigit</strong></span> <span class='ocrx_word' id='word_1_263' title='bbox 1201 2400 1422 2449; x_wconf 91' lang='lat' dir='ltr'><strong>annum,</strong></span> <span class='ocrx_word' id='word_1_264' title='bbox 1458 2386 1511 2439; x_wconf 91' lang='lat' dir='ltr'><strong>in</strong></span> <span class='ocrx_word' id='word_1_265' title='bbox 1550 2387 1965 2454; x_wconf 60' lang='lat' dir='ltr'><strong>praclarissimo</strong></span> <span class='ocrx_word' id='word_1_266' title='bbox 1990 2387 2168 2458; x_wconf 86' lang='lat' dir='ltr'><strong>digni-</strong></span> 
     </span>
    </p>
   </div>
   <div class='ocr_carea' id='block_1_38' title="bbox 614 2476 2178 2548">
    <p class='ocr_par' dir='ltr' id='par_1_38' title="bbox 614 2476 2178 2548">
     <span class='ocr_line' id='line_1_38' title="bbox 614 2476 2178 2548; baseline 0.004 -22"><span class='ocrx_word' id='word_1_267' title='bbox 614 2481 780 2526; x_wconf 84' lang='lat' dir='ltr'><strong>tatum</strong></span> <span class='ocrx_word' id='word_1_268' title='bbox 806 2489 1076 2544; x_wconf 86' lang='lat' dir='ltr'><strong>opumque</strong></span> <span class='ocrx_word' id='word_1_269' title='bbox 1099 2476 1391 2545; x_wconf 86' lang='lat' dir='ltr'><strong>splendore</strong></span> <span class='ocrx_word' id='word_1_270' title='bbox 1423 2492 1639 2546; x_wconf 89' lang='lat' dir='ltr'><strong>semper</strong></span> <span class='ocrx_word' id='word_1_271' title='bbox 1681 2478 1996 2545; x_wconf 90' lang='lat' dir='ltr'><strong>constituto,</strong></span> <span class='ocrx_word' id='word_1_272' title='bbox 2057 2494 2178 2548; x_wconf 62' lang='lat' dir='ltr'><strong>qua</strong></span> 
     </span>
    </p>
   </div>
   <div class='ocr_carea' id='block_1_39' title="bbox 619 2567 2174 2636">
    <p class='ocr_par' dir='ltr' id='par_1_39' title="bbox 619 2567 2174 2636">
     <span class='ocr_line' id='line_1_39' title="bbox 619 2567 2174 2636; baseline 0.005 -18"><span class='ocrx_word' id='word_1_273' title='bbox 619 2580 726 2620; x_wconf 90' lang='lat' dir='ltr'><strong>uon</strong></span> <span class='ocrx_word' id='word_1_274' title='bbox 791 2581 980 2634; x_wconf 87' lang='lat' dir='ltr'><strong>parum</strong></span> <span class='ocrx_word' id='word_1_275' title='bbox 1038 2567 1408 2636; x_wconf 82' lang='lat' dir='ltr'><strong>impedimenti</strong></span> <span class='ocrx_word' id='word_1_276' title='bbox 1477 2569 1675 2623; x_wconf 89' lang='lat' dir='ltr'><strong>studiis</strong></span> <span class='ocrx_word' id='word_1_277' title='bbox 1734 2569 1928 2624; x_wconf 81' lang='lat' dir='ltr'><strong>aiierre</strong></span> <span class='ocrx_word' id='word_1_278' title='bbox 1979 2571 2174 2625; x_wconf 87' lang='lat' dir='ltr'><strong>solent.</strong></span> 
     </span>
    </p>
   </div>
   <div class='ocr_carea' id='block_1_40' title="bbox 618 2659 2175 2732">
    <p class='ocr_par' dir='ltr' id='par_1_40' title="bbox 618 2659 2175 2732">
     <span class='ocr_line' id='line_1_40' title="bbox 618 2659 2175 2732; baseline 0.003 -20"><span class='ocrx_word' id='word_1_279' title='bbox 618 2660 791 2726; x_wconf 87' lang='lat' dir='ltr'><strong>Spero</strong></span> <span class='ocrx_word' id='word_1_280' title='bbox 814 2659 1067 2726; x_wconf 82' lang='lat' dir='ltr'><strong>equidem</strong></span> <span class='ocrx_word' id='word_1_281' title='bbox 1100 2659 1242 2728; x_wconf 86' lang='lat' dir='ltr'><strong>quod</strong></span> <span class='ocrx_word' id='word_1_282' title='bbox 1264 2660 1577 2715; x_wconf 87' lang='lat' dir='ltr'><strong>concredita</strong></span> <span class='ocrx_word' id='word_1_283' title='bbox 1609 2661 1715 2716; x_wconf 87' lang='lat' dir='ltr'><strong>sibi</strong></span> <span class='ocrx_word' id='word_1_284' title='bbox 1749 2663 1948 2716; x_wconf 88' lang='lat' dir='ltr'><strong>talenta</strong></span> <span class='ocrx_word' id='word_1_285' title='bbox 1970 2678 2175 2732; x_wconf 54' lang='lat' dir='ltr'><strong>nequa.</strong></span> 
     </span>
    </p>
   </div>
   <div class='ocr_carea' id='block_1_41' title="bbox 614 2750 2177 2821">
    <p class='ocr_par' dir='ltr' id='par_1_41' title="bbox 614 2750 2177 2821">
     <span class='ocr_line' id='line_1_41' title="bbox 614 2750 2177 2821; baseline 0.004 -20"><span class='ocrx_word' id='word_1_286' title='bbox 614 2764 776 2818; x_wconf 86' lang='lat' dir='ltr'><strong>quam</strong></span> <span class='ocrx_word' id='word_1_287' title='bbox 801 2750 854 2803; x_wconf 92' lang='lat' dir='ltr'><strong>in</strong></span> <span class='ocrx_word' id='word_1_288' title='bbox 897 2760 1094 2803; x_wconf 87' lang='lat' dir='ltr'><strong>terram</strong></span> <span class='ocrx_word' id='word_1_289' title='bbox 1136 2751 1394 2805; x_wconf 70' lang='lat' dir='ltr'><strong>defodiet.</strong></span> <span class='ocrx_word' id='word_1_290' title='bbox 1443 2751 1762 2821; x_wconf 80' lang='lat' dir='ltr'><strong>Quanquam</strong></span> <span class='ocrx_word' id='word_1_291' title='bbox 1817 2755 1964 2806; x_wconf 89' lang='lat' dir='ltr'><strong>enim</strong></span> <span class='ocrx_word' id='word_1_292' title='bbox 2015 2755 2177 2809; x_wconf 89' lang='lat' dir='ltr'><strong>etiam</strong></span> 
     </span>
    </p>
   </div>
   <div class='ocr_carea' id='block_1_42' title="bbox 615 2841 2179 2913">
    <p class='ocr_par' dir='ltr' id='par_1_42' title="bbox 615 2841 2179 2913">
     <span class='ocr_line' id='line_1_42' title="bbox 615 2841 2179 2913; baseline 0.003 -22"><span class='ocrx_word' id='word_1_293' title='bbox 615 2853 762 2892; x_wconf 87' lang='lat' dir='ltr'><strong>nunc</strong></span> <span class='ocrx_word' id='word_1_294' title='bbox 819 2842 1039 2893; x_wconf 85' lang='lat' dir='ltr'><strong>lucerna</strong></span> <span class='ocrx_word' id='word_1_295' title='bbox 1091 2842 1162 2893; x_wconf 90' lang='lat' dir='ltr'><strong>sit</strong></span> <span class='ocrx_word' id='word_1_296' title='bbox 1219 2855 1328 2893; x_wconf 88' lang='lat' dir='ltr'><strong>non</strong></span> <span class='ocrx_word' id='word_1_297' title='bbox 1358 2841 1545 2897; x_wconf 85' lang='lat' dir='ltr'><strong>subter</strong></span> <span class='ocrx_word' id='word_1_298' title='bbox 1575 2843 1836 2906; x_wconf 86' lang='lat' dir='ltr'><strong>modium,</strong></span> <span class='ocrx_word' id='word_1_299' title='bbox 1870 2843 1964 2898; x_wconf 89' lang='lat' dir='ltr'><strong>sed</strong></span> <span class='ocrx_word' id='word_1_300' title='bbox 2013 2859 2179 2913; x_wconf 87' lang='lat' dir='ltr'><strong>super</strong></span> 
     </span>
    </p>
   </div>
   <div class='ocr_carea' id='block_1_43' title="bbox 615 2931 2179 3002">
    <p class='ocr_par' dir='ltr' id='par_1_43' title="bbox 615 2931 2179 3002">
     <span class='ocr_line' id='line_1_43' title="bbox 615 2931 2179 3002; baseline 0.004 -18"><span class='ocrx_word' id='word_1_301' title='bbox 615 2931 1008 2984; x_wconf 87' lang='lat' dir='ltr'><strong>candelabrum</strong></span> <span class='ocrx_word' id='word_1_302' title='bbox 1069 2933 1262 3001; x_wconf 85' lang='lat' dir='ltr'><strong>posita,</strong></span> <span class='ocrx_word' id='word_1_303' title='bbox 1319 2933 1573 2986; x_wconf 85' lang='lat' dir='ltr'><strong>omnibus</strong></span> <span class='ocrx_word' id='word_1_304' title='bbox 1646 2935 1738 3002; x_wconf 88' lang='lat' dir='ltr'><strong>qui</strong></span> <span class='ocrx_word' id='word_1_305' title='bbox 1800 2935 1854 2987; x_wconf 87' lang='lat' dir='ltr'><strong>in</strong></span> <span class='ocrx_word' id='word_1_306' title='bbox 1922 2936 2179 2990; x_wconf 58' lang='lat' dir='ltr'><strong>Ecdesim</strong></span> 
     </span>
    </p>
   </div>
   <div class='ocr_carea' id='block_1_44' title="bbox 614 3024 2179 3094">
    <p class='ocr_par' dir='ltr' id='par_1_44' title="bbox 614 3024 2179 3094">
     <span class='ocr_line' id='line_1_44' title="bbox 614 3024 2179 3094; baseline 0.004 -18"><span class='ocrx_word' id='word_1_307' title='bbox 614 3024 776 3077; x_wconf 83' lang='lat' dir='ltr'><strong>domo</strong></span> <span class='ocrx_word' id='word_1_308' title='bbox 830 3033 978 3087; x_wconf 83' lang='lat' dir='ltr'><strong>sunt,</strong></span> <span class='ocrx_word' id='word_1_309' title='bbox 1032 3024 1156 3076; x_wconf 66' lang='lat' dir='ltr'><strong>vita:</strong></span> <span class='ocrx_word' id='word_1_310' title='bbox 1182 3038 1245 3077; x_wconf 89' lang='lat' dir='ltr'><strong>ac</strong></span> <span class='ocrx_word' id='word_1_311' title='bbox 1282 3039 1493 3078; x_wconf 89' lang='lat' dir='ltr'><strong>morum</strong></span> <span class='ocrx_word' id='word_1_312' title='bbox 1527 3025 1857 3094; x_wconf 86' lang='lat' dir='ltr'><strong>integritate,</strong></span> <span class='ocrx_word' id='word_1_313' title='bbox 1889 3026 2179 3082; x_wconf 87' lang='lat' dir='ltr'><strong>librorum-</strong></span> 
     </span>
    </p>
   </div>
   <div class='ocr_carea' id='block_1_45' title="bbox 614 3117 2176 3189">
    <p class='ocr_par' dir='ltr' id='par_1_45' title="bbox 614 3117 2176 3189">
     <span class='ocr_line' id='line_1_45' title="bbox 614 3117 2176 3189; baseline 0.004 -21"><span class='ocrx_word' id='word_1_314' title='bbox 614 3131 720 3186; x_wconf 88' lang='lat' dir='ltr'><strong>que</strong></span> <span class='ocrx_word' id='word_1_315' title='bbox 759 3117 1032 3170; x_wconf 88' lang='lat' dir='ltr'><strong>editorum</strong></span> <span class='ocrx_word' id='word_1_316' title='bbox 1087 3117 1329 3172; x_wconf 86' lang='lat' dir='ltr'><strong>doctrina</strong></span> <span class='ocrx_word' id='word_1_317' title='bbox 1390 3117 1708 3188; x_wconf 73' lang='lat' dir='ltr'><strong>praelucens,</strong></span> <span class='ocrx_word' id='word_1_318' title='bbox 1740 3133 1803 3172; x_wconf 91' lang='lat' dir='ltr'><strong>ac</strong></span> <span class='ocrx_word' id='word_1_319' title='bbox 1855 3128 1913 3173; x_wconf 93' lang='lat' dir='ltr'><strong>ut</strong></span> <span class='ocrx_word' id='word_1_320' title='bbox 1943 3119 2176 3189; x_wconf 90' lang='lat' dir='ltr'><strong>probum</strong></span> 
     </span>
    </p>
   </div>
   <div class='ocr_carea' id='block_1_46' title="bbox 617 3208 2174 3280">
    <p class='ocr_par' dir='ltr' id='par_1_46' title="bbox 617 3208 2174 3280">
     <span class='ocr_line' id='line_1_46' title="bbox 617 3208 2174 3280; baseline 0.004 -20"><span class='ocrx_word' id='word_1_321' title='bbox 617 3217 840 3278; x_wconf 63' lang='lat' dir='ltr'><strong>prastet</strong></span> <span class='ocrx_word' id='word_1_322' title='bbox 886 3208 1090 3262; x_wconf 87' lang='lat' dir='ltr'><strong>Christi</strong></span> <span class='ocrx_word' id='word_1_323' title='bbox 1151 3209 1333 3262; x_wconf 75' lang='lat' dir='ltr'><strong>cvium</strong></span> <span class='ocrx_word' id='word_1_324' title='bbox 1385 3209 1490 3263; x_wconf 88' lang='lat' dir='ltr'><strong>sibi</strong></span> <span class='ocrx_word' id='word_1_325' title='bbox 1521 3209 1959 3264; x_wconf 88' lang='lat' dir='ltr'><strong>concreditarum</strong></span> <span class='ocrx_word' id='word_1_326' title='bbox 1988 3221 2174 3280; x_wconf 85' lang='lat' dir='ltr'><strong>pasto-</strong></span> 
     </span>
    </p>
   </div>
   <div class='ocr_carea' id='block_1_47' title="bbox 619 3300 2174 3375">
    <p class='ocr_par' dir='ltr' id='par_1_47' title="bbox 619 3300 2174 3375">
     <span class='ocr_line' id='line_1_47' title="bbox 619 3300 2174 3375; baseline 0.003 -21"><span class='ocrx_word' id='word_1_327' title='bbox 619 3316 757 3364; x_wconf 88' lang='lat' dir='ltr'><strong>rem,</strong></span> <span class='ocrx_word' id='word_1_328' title='bbox 812 3300 1060 3370; x_wconf 88' lang='lat' dir='ltr'><strong>plurimis</strong></span> <span class='ocrx_word' id='word_1_329' title='bbox 1091 3301 1266 3369; x_wconf 81' lang='lat' dir='ltr'><strong>iisque</strong></span> <span class='ocrx_word' id='word_1_330' title='bbox 1321 3301 1556 3356; x_wconf 84' lang='lat' dir='ltr'><strong>maxime</strong></span> <span class='ocrx_word' id='word_1_331' title='bbox 1583 3302 1773 3357; x_wconf 87' lang='lat' dir='ltr'><strong>arduis</strong></span> <span class='ocrx_word' id='word_1_332' title='bbox 1812 3302 2174 3375; x_wconf 86' lang='lat' dir='ltr'><strong>distringatur</strong></span> 
     </span>
    </p>
   </div>
   <div class='ocr_carea' id='block_1_48' title="bbox 619 3392 2176 3464">
    <p class='ocr_par' dir='ltr' id='par_1_48' title="bbox 619 3392 2176 3464">
     <span class='ocr_line' id='line_1_48' title="bbox 619 3392 2176 3464; baseline 0.003 -18"><span class='ocrx_word' id='word_1_333' title='bbox 619 3392 855 3464; x_wconf 90' lang='lat' dir='ltr'><strong>negotiis</strong></span> <span class='ocrx_word' id='word_1_334' title='bbox 887 3393 1073 3447; x_wconf 86' lang='lat' dir='ltr'><strong>:dahit</strong></span> <span class='ocrx_word' id='word_1_335' title='bbox 1100 3401 1282 3445; x_wconf 88' lang='lat' dir='ltr'><strong>tamen</strong></span> <span class='ocrx_word' id='word_1_336' title='bbox 1309 3394 1649 3464; x_wconf 89' lang='lat' dir='ltr'><strong>pr0pedlcm,</strong></span> <span class='ocrx_word' id='word_1_337' title='bbox 1672 3394 1718 3449; x_wconf 92' lang='lat' dir='ltr'><strong>si</strong></span> <span class='ocrx_word' id='word_1_338' title='bbox 1765 3394 2013 3451; x_wconf 81' lang='lat' dir='ltr'><strong>divinare</strong></span> <span class='ocrx_word' id='word_1_339' title='bbox 2047 3397 2176 3452; x_wconf 90' lang='lat' dir='ltr'><strong>licet</strong></span> 
     </span>
    </p>
   </div>
   <div class='ocr_carea' id='block_1_49' title="bbox 616 3484 2176 3559">
    <p class='ocr_par' dir='ltr' id='par_1_49' title="bbox 616 3484 2176 3559">
     <span class='ocr_line' id='line_1_49' title="bbox 616 3484 2176 3559; baseline 0.003 -21"><span class='ocrx_word' id='word_1_340' title='bbox 616 3485 789 3554; x_wconf 84' lang='lat' dir='ltr'><strong>majus</strong></span> <span class='ocrx_word' id='word_1_341' title='bbox 841 3485 1020 3537; x_wconf 87' lang='lat' dir='ltr'><strong>adhuc</strong></span> <span class='ocrx_word' id='word_1_342' title='bbox 1075 3484 1159 3537; x_wconf 93' lang='lat' dir='ltr'><strong>sui</strong></span> <span class='ocrx_word' id='word_1_343' title='bbox 1219 3484 1493 3550; x_wconf 84' lang='lat' dir='ltr'><strong>specimen</strong></span> <span class='ocrx_word' id='word_1_344' title='bbox 1530 3485 1584 3539; x_wconf 89' lang='lat' dir='ltr'><strong>in</strong></span> <span class='ocrx_word' id='word_1_345' title='bbox 1611 3485 1811 3552; x_wconf 83' lang='lat' dir='ltr'><strong>lucem,</strong></span> <span class='ocrx_word' id='word_1_346' title='bbox 1837 3502 1946 3558; x_wconf 92' lang='lat' dir='ltr'><strong>quo</strong></span> <span class='ocrx_word' id='word_1_347' title='bbox 1968 3490 2176 3559; x_wconf 88' lang='lat' dir='ltr'><strong>perspi-</strong></span> 
     </span>
    </p>
   </div>
   <div class='ocr_carea' id='block_1_50' title="bbox 616 3575 2172 3653">
    <p class='ocr_par' dir='ltr' id='par_1_50' title="bbox 616 3575 2172 3653">
     <span class='ocr_line' id='line_1_50' title="bbox 616 3575 2172 3653; baseline 0.003 -22"><span class='ocrx_word' id='word_1_348' title='bbox 616 3591 778 3631; x_wconf 90' lang='lat' dir='ltr'><strong>cuum</strong></span> <span class='ocrx_word' id='word_1_349' title='bbox 825 3577 1079 3630; x_wconf 87' lang='lat' dir='ltr'><strong>omnibus</strong></span> <span class='ocrx_word' id='word_1_350' title='bbox 1157 3575 1270 3640; x_wconf 88' lang='lat' dir='ltr'><strong>liet,</strong></span> <span class='ocrx_word' id='word_1_351' title='bbox 1313 3593 1399 3630; x_wconf 85' lang='lat' dir='ltr'><strong>me</strong></span> <span class='ocrx_word' id='word_1_352' title='bbox 1465 3577 1580 3631; x_wconf 66' lang='lat' dir='ltr'><strong>haec</strong></span> <span class='ocrx_word' id='word_1_353' title='bbox 1628 3580 1942 3634; x_wconf 81' lang='lat' dir='ltr'><strong>assentandi</strong></span> <span class='ocrx_word' id='word_1_354' title='bbox 2001 3583 2172 3653; x_wconf 73' lang='lat' dir='ltr'><strong>gratia</strong></span> 
     </span>
    </p>
   </div>
   <div class='ocr_carea' id='block_1_51' title="bbox 619 3665 2171 3738">
    <p class='ocr_par' dir='ltr' id='par_1_51' title="bbox 619 3665 2171 3738">
     <span class='ocr_line' id='line_1_51' title="bbox 619 3665 2171 3738; baseline 0.006 -19"><span class='ocrx_word' id='word_1_355' title='bbox 619 3667 847 3720; x_wconf 88' lang='lat' dir='ltr'><strong>minime</strong></span> <span class='ocrx_word' id='word_1_356' title='bbox 880 3665 1274 3736; x_wconf 84' lang='lat' dir='ltr'><strong>promulgasse,</strong></span> <span class='ocrx_word' id='word_1_357' title='bbox 1300 3668 1394 3720; x_wconf 88' lang='lat' dir='ltr'><strong>sed</strong></span> <span class='ocrx_word' id='word_1_358' title='bbox 1413 3667 1571 3738; x_wconf 89' lang='lat' dir='ltr'><strong>longe</strong></span> <span class='ocrx_word' id='word_1_359' title='bbox 1601 3669 1780 3724; x_wconf 90' lang='lat' dir='ltr'><strong>adhuc</strong></span> <span class='ocrx_word' id='word_1_360' title='bbox 1805 3672 1945 3724; x_wconf 87' lang='lat' dir='ltr'><strong>intra</strong></span> <span class='ocrx_word' id='word_1_361' title='bbox 1972 3674 2171 3728; x_wconf 86' lang='lat' dir='ltr'><strong>verita-</strong></span> 
     </span>
    </p>
   </div>
   <div class='ocr_carea' id='block_1_52' title="bbox 619 3757 2178 3827">
    <p class='ocr_par' dir='ltr' id='par_1_52' title="bbox 619 3757 2178 3827">
     <span class='ocr_line' id='line_1_52' title="bbox 619 3757 2178 3827; baseline 0.007 -17"><span class='ocrx_word' id='word_1_362' title='bbox 619 3758 688 3811; x_wconf 89' lang='lat' dir='ltr'><strong>tis</strong></span> <span class='ocrx_word' id='word_1_363' title='bbox 745 3757 948 3810; x_wconf 87' lang='lat' dir='ltr'><strong>limites</strong></span> <span class='ocrx_word' id='word_1_364' title='bbox 1006 3759 1274 3811; x_wconf 86' lang='lat' dir='ltr'><strong>calamum</strong></span> <span class='ocrx_word' id='word_1_365' title='bbox 1310 3760 1666 3814; x_wconf 89' lang='lat' dir='ltr'><strong>continuisse.</strong></span> <span class='ocrx_word' id='word_1_366' title='bbox 1727 3760 1880 3827; x_wconf 90' lang='lat' dir='ltr'><strong>Quod</strong></span> <span class='ocrx_word' id='word_1_367' title='bbox 1911 3764 1957 3817; x_wconf 91' lang='lat' dir='ltr'><strong>si</strong></span> <span class='ocrx_word' id='word_1_368' title='bbox 2009 3765 2096 3820; x_wconf 82' lang='lat' dir='ltr'><strong>his</strong></span> <span class='ocrx_word' id='word_1_369' title='bbox 2146 3780 2178 3821; x_wconf 87' lang='lat' dir='ltr'><strong>e</strong></span> 
     </span>
    </p>
   </div>
   <div class='ocr_carea' id='block_1_53' title="bbox 615 3849 2178 3926">
    <p class='ocr_par' dir='ltr' id='par_1_53' title="bbox 615 3849 2178 3926">
     <span class='ocr_line' id='line_1_53' title="bbox 615 3849 2178 3926; baseline 0.006 -23"><span class='ocrx_word' id='word_1_370' title='bbox 615 3849 803 3904; x_wconf 65' lang='lat' dir='ltr'><strong>Graeco</strong></span> <span class='ocrx_word' id='word_1_371' title='bbox 875 3850 1148 3904; x_wconf 81' lang='lat' dir='ltr'><strong>vertendis</strong></span> <span class='ocrx_word' id='word_1_372' title='bbox 1228 3866 1418 3905; x_wconf 85' lang='lat' dir='ltr'><strong>vacare</strong></span> <span class='ocrx_word' id='word_1_373' title='bbox 1483 3853 1766 3918; x_wconf 82' lang='lat' dir='ltr'><strong>voluisset,</strong></span> <span class='ocrx_word' id='word_1_374' title='bbox 1842 3870 2178 3926; x_wconf 84' lang='lat' dir='ltr'><strong>supervacue</strong></span> 
     </span>
    </p>
   </div>
   <div class='ocr_carea' id='block_1_54' title="bbox 620 3939 2177 4002">
    <p class='ocr_par' dir='ltr' id='par_1_54' title="bbox 620 3939 2177 4002">
     <span class='ocr_line' id='line_1_54' title="bbox 620 3939 2177 4002; baseline 0.006 -10"><span class='ocrx_word' id='word_1_375' title='bbox 620 3939 777 3992; x_wconf 89' lang='lat' dir='ltr'><strong>nobis</strong></span> <span class='ocrx_word' id='word_1_376' title='bbox 820 3940 1088 3993; x_wconf 88' lang='lat' dir='ltr'><strong>maximus</strong></span> <span class='ocrx_word' id='word_1_377' title='bbox 1132 3941 1223 3994; x_wconf 92' lang='lat' dir='ltr'><strong>hic</strong></span> <span class='ocrx_word' id='word_1_378' title='bbox 1289 3941 1444 3994; x_wconf 88' lang='lat' dir='ltr'><strong>labor</strong></span> <span class='ocrx_word' id='word_1_379' title='bbox 1498 3954 1825 3998; x_wconf 84' lang='lat' dir='ltr'><strong>sumeretur.</strong></span> <span class='ocrx_word' id='word_1_380' title='bbox 1857 3944 1985 4002; x_wconf 91' lang='lat' dir='ltr'><strong>Scio</strong></span> <span class='ocrx_word' id='word_1_381' title='bbox 2031 3949 2177 4002; x_wconf 87' lang='lat' dir='ltr'><strong>enim</strong></span> 
     </span>
    </p>
   </div>
   <div class='ocr_carea' id='block_1_55' title="bbox 620 4032 2178 4108">
    <p class='ocr_par' dir='ltr' id='par_1_55' title="bbox 620 4032 2178 4108">
     <span class='ocr_line' id='line_1_55' title="bbox 620 4032 2178 4108; baseline 0.007 -24"><span class='ocrx_word' id='word_1_382' title='bbox 620 4032 888 4085; x_wconf 86' lang='lat' dir='ltr'><strong>nonnulla</strong></span> <span class='ocrx_word' id='word_1_383' title='bbox 939 4048 1063 4086; x_wconf 87' lang='lat' dir='ltr'><strong>eum</strong></span> <span class='ocrx_word' id='word_1_384' title='bbox 1091 4035 1243 4102; x_wconf 82' lang='lat' dir='ltr'><strong>quasi</strong></span> <span class='ocrx_word' id='word_1_385' title='bbox 1278 4049 1375 4104; x_wconf 89' lang='lat' dir='ltr'><strong>per</strong></span> <span class='ocrx_word' id='word_1_386' title='bbox 1396 4037 1582 4091; x_wconf 89' lang='lat' dir='ltr'><strong>ludum</strong></span> <span class='ocrx_word' id='word_1_387' title='bbox 1647 4039 1750 4094; x_wconf 87' lang='lat' dir='ltr'><strong>sibi</strong></span> <span class='ocrx_word' id='word_1_388' title='bbox 1795 4040 1898 4108; x_wconf 86' lang='lat' dir='ltr'><strong>ipsi</strong></span> <span class='ocrx_word' id='word_1_389' title='bbox 1947 4040 2178 4095; x_wconf 84' lang='lat' dir='ltr'><strong>vertisse</strong></span> 
     </span>
    </p>
   </div>
   <div class='ocr_carea' id='block_1_56' title="bbox 2275 1925 3866 1982">
    <p class='ocr_par' dir='ltr' id='par_1_56' title="bbox 2275 1925 3866 1982">
     <span class='ocr_line' id='line_1_56' title="bbox 2275 1925 3866 1982; baseline 0.001 -2"><span class='ocrx_word' id='word_1_390' title='bbox 2275 1926 2393 1981; x_wconf 90' lang='lat' dir='ltr'><strong>Scis</strong></span> <span class='ocrx_word' id='word_1_391' title='bbox 2437 1934 2495 1980; x_wconf 88' lang='lat' dir='ltr'><strong>et</strong></span> <span class='ocrx_word' id='word_1_392' title='bbox 2549 1925 2727 1981; x_wconf 69' lang='lat' dir='ltr'><strong>vidua:</strong></span> <span class='ocrx_word' id='word_1_393' title='bbox 2777 1926 2887 1981; x_wconf 92' lang='lat' dir='ltr'><strong>duo</strong></span> <span class='ocrx_word' id='word_1_394' title='bbox 2947 1942 3054 1980; x_wconf 83' lang='lat' dir='ltr'><strong>ara</strong></span> <span class='ocrx_word' id='word_1_395' title='bbox 3107 1927 3319 1982; x_wconf 87' lang='lat' dir='ltr'><strong>minuta</strong></span> <span class='ocrx_word' id='word_1_396' title='bbox 3347 1943 3458 1981; x_wconf 91' lang='lat' dir='ltr'><strong>non</strong></span> <span class='ocrx_word' id='word_1_397' title='bbox 3493 1927 3659 1982; x_wconf 90' lang='lat' dir='ltr'><strong>modo</strong></span> <span class='ocrx_word' id='word_1_398' title='bbox 3692 1927 3866 1982; x_wconf 82' lang='lat' dir='ltr'><strong>fuisse</strong></span> 
     </span>
    </p>
   </div>
   <div class='ocr_carea' id='block_1_57' title="bbox 2275 2019 3864 2090">
    <p class='ocr_par' dir='ltr' id='par_1_57' title="bbox 2275 2019 3864 2090">
     <span class='ocr_line' id='line_1_57' title="bbox 2275 2019 3864 2090; baseline 0.002 -17"><span class='ocrx_word' id='word_1_399' title='bbox 2275 2019 2490 2073; x_wconf 80' lang='lat' dir='ltr'><strong>Christo</strong></span> <span class='ocrx_word' id='word_1_400' title='bbox 2511 2021 2838 2090; x_wconf 88' lang='lat' dir='ltr'><strong>gratissima,</strong></span> <span class='ocrx_word' id='word_1_401' title='bbox 2863 2019 2956 2074; x_wconf 89' lang='lat' dir='ltr'><strong>sed</strong></span> <span class='ocrx_word' id='word_1_402' title='bbox 2984 2021 3239 2076; x_wconf 85' lang='lat' dir='ltr'><strong>omnibus</strong></span> <span class='ocrx_word' id='word_1_403' title='bbox 3297 2034 3516 2090; x_wconf 87' lang='lat' dir='ltr'><strong>quoque</strong></span> <span class='ocrx_word' id='word_1_404' title='bbox 3550 2019 3864 2090; x_wconf 84' lang='lat' dir='ltr'><strong>splendidis</strong></span> 
     </span>
    </p>
   </div>
   <div class='ocr_carea' id='block_1_58' title="bbox 2275 2110 3863 2182">
    <p class='ocr_par' dir='ltr' id='par_1_58' title="bbox 2275 2110 3863 2182">
     <span class='ocr_line' id='line_1_58' title="bbox 2275 2110 3863 2182; baseline 0.001 -18"><span class='ocrx_word' id='word_1_405' title='bbox 2275 2110 2502 2165; x_wconf 81' lang='lat' dir='ltr'><strong>divitum</strong></span> <span class='ocrx_word' id='word_1_406' title='bbox 2569 2112 2891 2166; x_wconf 89' lang='lat' dir='ltr'><strong>muneribus</strong></span> <span class='ocrx_word' id='word_1_407' title='bbox 2941 2111 3009 2166; x_wconf 91' lang='lat' dir='ltr'><strong>ab</strong></span> <span class='ocrx_word' id='word_1_408' title='bbox 3063 2126 3129 2166; x_wconf 91' lang='lat' dir='ltr'><strong>eo</strong></span> <span class='ocrx_word' id='word_1_409' title='bbox 3158 2113 3568 2181; x_wconf 63' lang='lat' dir='ltr'><strong>prepositazet</strong></span> <span class='ocrx_word' id='word_1_410' title='bbox 3597 2112 3863 2182; x_wconf 88' lang='lat' dir='ltr'><strong>poculum</strong></span> 
     </span>
    </p>
   </div>
   <div class='ocr_carea' id='block_1_59' title="bbox 2275 2201 3866 2274">
    <p class='ocr_par' dir='ltr' id='par_1_59' title="bbox 2275 2201 3866 2274">
     <span class='ocr_line' id='line_1_59' title="bbox 2275 2201 3866 2274; baseline 0.003 -20"><span class='ocrx_word' id='word_1_411' title='bbox 2275 2215 2430 2270; x_wconf 58' lang='lat' dir='ltr'><strong>aqua!</strong></span> <span class='ocrx_word' id='word_1_412' title='bbox 2487 2202 2690 2271; x_wconf 69' lang='lat' dir='ltr'><strong>frigida:</strong></span> <span class='ocrx_word' id='word_1_413' title='bbox 2743 2203 2942 2257; x_wconf 87' lang='lat' dir='ltr'><strong>Christi</strong></span> <span class='ocrx_word' id='word_1_414' title='bbox 3006 2204 3228 2259; x_wconf 89' lang='lat' dir='ltr'><strong>nomine</strong></span> <span class='ocrx_word' id='word_1_415' title='bbox 3277 2201 3615 2269; x_wconf 77' lang='lat' dir='ltr'><strong>oii‘ercntem,</strong></span> <span class='ocrx_word' id='word_1_416' title='bbox 3648 2219 3866 2274; x_wconf 89' lang='lat' dir='ltr'><strong>nequa-</strong></span> 
     </span>
    </p>
   </div>
   <div class='ocr_carea' id='block_1_60' title="bbox 2277 2293 3866 2365">
    <p class='ocr_par' dir='ltr' id='par_1_60' title="bbox 2277 2293 3866 2365">
     <span class='ocr_line' id='line_1_60' title="bbox 2277 2293 3866 2365; baseline 0.004 -20"><span class='ocrx_word' id='word_1_417' title='bbox 2277 2308 2439 2361; x_wconf 78' lang='lat' dir='ltr'><strong>quam</strong></span> <span class='ocrx_word' id='word_1_418' title='bbox 2463 2294 2687 2362; x_wconf 74' lang='lat' dir='ltr'><strong>praa&#39;mio</strong></span> <span class='ocrx_word' id='word_1_419' title='bbox 2716 2293 3102 2348; x_wconf 81' lang='lat' dir='ltr'><strong>iraudandum.</strong></span> <span class='ocrx_word' id='word_1_420' title='bbox 3132 2294 3188 2348; x_wconf 89' lang='lat' dir='ltr'><strong>Si</strong></span> <span class='ocrx_word' id='word_1_421' title='bbox 3208 2293 3374 2365; x_wconf 78' lang='lat' dir='ltr'><strong>igitur</strong></span> <span class='ocrx_word' id='word_1_422' title='bbox 3399 2310 3602 2348; x_wconf 90' lang='lat' dir='ltr'><strong>munus</strong></span> <span class='ocrx_word' id='word_1_423' title='bbox 3630 2295 3744 2350; x_wconf 91' lang='lat' dir='ltr'><strong>hoc</strong></span> <span class='ocrx_word' id='word_1_424' title='bbox 3795 2296 3866 2350; x_wconf 89' lang='lat' dir='ltr'><strong>ad</strong></span> 
     </span>
    </p>
   </div>
   <div class='ocr_carea' id='block_1_61' title="bbox 2278 2385 3868 2456">
    <p class='ocr_par' dir='ltr' id='par_1_61' title="bbox 2278 2385 3868 2456">
     <span class='ocr_line' id='line_1_61' title="bbox 2278 2385 3868 2456; baseline 0.002 -18"><span class='ocrx_word' id='word_1_425' title='bbox 2278 2395 2403 2438; x_wconf 88' lang='lat' dir='ltr'><strong>tuas</strong></span> <span class='ocrx_word' id='word_1_426' title='bbox 2449 2385 2595 2438; x_wconf 91' lang='lat' dir='ltr'><strong>domi</strong></span> <span class='ocrx_word' id='word_1_427' title='bbox 2659 2387 2928 2454; x_wconf 88' lang='lat' dir='ltr'><strong>repositas</strong></span> <span class='ocrx_word' id='word_1_428' title='bbox 2983 2386 3202 2440; x_wconf 86' lang='lat' dir='ltr'><strong>divitias</strong></span> <span class='ocrx_word' id='word_1_429' title='bbox 3277 2386 3550 2449; x_wconf 80' lang='lat' dir='ltr'><strong>conferas,</strong></span> <span class='ocrx_word' id='word_1_430' title='bbox 3609 2385 3868 2456; x_wconf 77' lang='lat' dir='ltr'><strong>profecto</strong></span> 
     </span>
    </p>
   </div>
   <div class='ocr_carea' id='block_1_62' title="bbox 2276 2476 3868 2547">
    <p class='ocr_par' dir='ltr' id='par_1_62' title="bbox 2276 2476 3868 2547">
     <span class='ocr_line' id='line_1_62' title="bbox 2276 2476 3868 2547; baseline 0.001 -15"><span class='ocrx_word' id='word_1_431' title='bbox 2276 2476 2441 2532; x_wconf 86' lang='lat' dir='ltr'><strong>vilius</strong></span> <span class='ocrx_word' id='word_1_432' title='bbox 2463 2477 2568 2530; x_wconf 78' lang='lat' dir='ltr'><strong>erit</strong></span> <span class='ocrx_word' id='word_1_433' title='bbox 2596 2478 2981 2547; x_wconf 89' lang='lat' dir='ltr'><strong>abjectissimis</strong></span> <span class='ocrx_word' id='word_1_434' title='bbox 3005 2493 3296 2547; x_wconf 89' lang='lat' dir='ltr'><strong>caprarum</strong></span> <span class='ocrx_word' id='word_1_435' title='bbox 3319 2479 3441 2547; x_wconf 88' lang='lat' dir='ltr'><strong>pilis</strong></span> <span class='ocrx_word' id='word_1_436' title='bbox 3475 2495 3490 2534; x_wconf 86' lang='lat'><strong>:</strong></span> <span class='ocrx_word' id='word_1_437' title='bbox 3525 2481 3612 2533; x_wconf 90' lang='lat' dir='ltr'><strong>cui</strong></span> <span class='ocrx_word' id='word_1_438' title='bbox 3644 2479 3868 2534; x_wconf 84' lang='lat' dir='ltr'><strong>nihilo-</strong></span> 
     </span>
    </p>
   </div>
   <div class='ocr_carea' id='block_1_63' title="bbox 2278 2569 3869 2635">
    <p class='ocr_par' dir='ltr' id='par_1_63' title="bbox 2278 2569 3869 2635">
     <span class='ocr_line' id='line_1_63' title="bbox 2278 2569 3869 2635; baseline 0.001 -13"><span class='ocrx_word' id='word_1_439' title='bbox 2278 2571 2478 2633; x_wconf 88' lang='lat' dir='ltr'><strong>minus,</strong></span> <span class='ocrx_word' id='word_1_440' title='bbox 2507 2569 2649 2624; x_wconf 91' lang='lat' dir='ltr'><strong>sicut</strong></span> <span class='ocrx_word' id='word_1_441' title='bbox 2683 2579 2738 2624; x_wconf 88' lang='lat' dir='ltr'><strong>et</strong></span> <span class='ocrx_word' id='word_1_442' title='bbox 2766 2570 2893 2635; x_wconf 89' lang='lat' dir='ltr'><strong>illis,</strong></span> <span class='ocrx_word' id='word_1_443' title='bbox 2915 2570 3070 2624; x_wconf 87' lang='lat' dir='ltr'><strong>locus</strong></span> <span class='ocrx_word' id='word_1_444' title='bbox 3099 2571 3201 2624; x_wconf 91' lang='lat' dir='ltr'><strong>erit</strong></span> <span class='ocrx_word' id='word_1_445' title='bbox 3234 2570 3299 2623; x_wconf 86' lang='lat' dir='ltr'><strong>ad</strong></span> <span class='ocrx_word' id='word_1_446' title='bbox 3342 2570 3618 2626; x_wconf 74' lang='lat' dir='ltr'><strong>exteriora</strong></span> <span class='ocrx_word' id='word_1_447' title='bbox 3679 2572 3869 2626; x_wconf 86' lang='lat' dir='ltr'><strong>taber-</strong></span> 
     </span>
    </p>
   </div>
   <div class='ocr_carea' id='block_1_64' title="bbox 2279 2662 3868 2733">
    <p class='ocr_par' dir='ltr' id='par_1_64' title="bbox 2279 2662 3868 2733">
     <span class='ocr_line' id='line_1_64' title="bbox 2279 2662 3868 2733; baseline 0.003 -19"><span class='ocrx_word' id='word_1_448' title='bbox 2279 2662 2460 2715; x_wconf 89' lang='lat' dir='ltr'><strong>naculi</strong></span> <span class='ocrx_word' id='word_1_449' title='bbox 2506 2662 2720 2717; x_wconf 89' lang='lat' dir='ltr'><strong>Domini</strong></span> <span class='ocrx_word' id='word_1_450' title='bbox 2771 2664 3119 2718; x_wconf 77' lang='lat' dir='ltr'><strong>asservanda.</strong></span> <span class='ocrx_word' id='word_1_451' title='bbox 3176 2665 3232 2717; x_wconf 89' lang='lat' dir='ltr'><strong>Si</strong></span> <span class='ocrx_word' id='word_1_452' title='bbox 3289 2678 3418 2718; x_wconf 89' lang='lat' dir='ltr'><strong>vero</strong></span> <span class='ocrx_word' id='word_1_453' title='bbox 3446 2665 3690 2719; x_wconf 88' lang='lat' dir='ltr'><strong>animum</strong></span> <span class='ocrx_word' id='word_1_454' title='bbox 3757 2679 3868 2733; x_wconf 87' lang='lat' dir='ltr'><strong>quo</strong></span> 
     </span>
    </p>
   </div>
   <div class='ocr_carea' id='block_1_65' title="bbox 2280 2752 3867 2810">
    <p class='ocr_par' dir='ltr' id='par_1_65' title="bbox 2280 2752 3867 2810">
     <span class='ocr_line' id='line_1_65' title="bbox 2280 2752 3867 2810; baseline 0.004 -7"><span class='ocrx_word' id='word_1_455' title='bbox 2280 2752 2665 2807; x_wconf 87' lang='lat' dir='ltr'><strong>munusculum</strong></span> <span class='ocrx_word' id='word_1_456' title='bbox 2722 2753 2826 2808; x_wconf 92' lang='lat' dir='ltr'><strong>hoc</strong></span> <span class='ocrx_word' id='word_1_457' title='bbox 2856 2763 2959 2807; x_wconf 70' lang='lat' dir='ltr'><strong>tute</strong></span> <span class='ocrx_word' id='word_1_458' title='bbox 2994 2754 3379 2810; x_wconf 66' lang='lat' dir='ltr'><strong>illustrissimre</strong></span> <span class='ocrx_word' id='word_1_459' title='bbox 3401 2754 3634 2809; x_wconf 80' lang='lat' dir='ltr'><strong>oll‘ertur</strong></span> <span class='ocrx_word' id='word_1_460' title='bbox 3684 2753 3867 2809; x_wconf 85' lang='lat' dir='ltr'><strong>Celsi-</strong></span> 
     </span>
    </p>
   </div>
   <div class='ocr_carea' id='block_1_66' title="bbox 2281 2841 3860 2914">
    <p class='ocr_par' dir='ltr' id='par_1_66' title="bbox 2281 2841 3860 2914">
     <span class='ocr_line' id='line_1_66' title="bbox 2281 2841 3860 2914; baseline 0.002 -21"><span class='ocrx_word' id='word_1_461' title='bbox 2281 2841 2450 2894; x_wconf 89' lang='lat' dir='ltr'><strong>tudini</strong></span> <span class='ocrx_word' id='word_1_462' title='bbox 2475 2843 2849 2912; x_wconf 83' lang='lat' dir='ltr'><strong>conspexeris,</strong></span> <span class='ocrx_word' id='word_1_463' title='bbox 2875 2844 3048 2897; x_wconf 85' lang='lat' dir='ltr'><strong>audeo</strong></span> <span class='ocrx_word' id='word_1_464' title='bbox 3080 2858 3351 2908; x_wconf 88' lang='lat' dir='ltr'><strong>asserere,</strong></span> <span class='ocrx_word' id='word_1_465' title='bbox 3383 2859 3518 2897; x_wconf 92' lang='lat' dir='ltr'><strong>auro</strong></span> <span class='ocrx_word' id='word_1_466' title='bbox 3543 2852 3598 2897; x_wconf 90' lang='lat' dir='ltr'><strong>et</strong></span> <span class='ocrx_word' id='word_1_467' title='bbox 3645 2858 3860 2914; x_wconf 82' lang='lat' dir='ltr'><strong>argen-</strong></span> 
     </span>
    </p>
   </div>
   <div class='ocr_carea' id='block_1_67' title="bbox 2281 2931 3866 3003">
    <p class='ocr_par' dir='ltr' id='par_1_67' title="bbox 2281 2931 3866 3003">
     <span class='ocr_line' id='line_1_67' title="bbox 2281 2931 3866 3003; baseline 0.001 -19"><span class='ocrx_word' id='word_1_468' title='bbox 2281 2939 2352 2994; x_wconf 83' lang='lat' dir='ltr'><strong>to,</strong></span> <span class='ocrx_word' id='word_1_469' title='bbox 2417 2947 2660 3001; x_wconf 86' lang='lat' dir='ltr'><strong>purpura</strong></span> <span class='ocrx_word' id='word_1_470' title='bbox 2698 2940 2752 2986; x_wconf 91' lang='lat' dir='ltr'><strong>et</strong></span> <span class='ocrx_word' id='word_1_471' title='bbox 2791 2933 2975 3002; x_wconf 80' lang='lat' dir='ltr'><strong>bysso,</strong></span> <span class='ocrx_word' id='word_1_472' title='bbox 3008 2932 3280 3002; x_wconf 88' lang='lat' dir='ltr'><strong>lapidibus</strong></span> <span class='ocrx_word' id='word_1_473' title='bbox 3304 2931 3596 3002; x_wconf 76' lang='lat' dir='ltr'><strong>onychinis</strong></span> <span class='ocrx_word' id='word_1_474' title='bbox 3620 2947 3686 2986; x_wconf 89' lang='lat' dir='ltr'><strong>ac</strong></span> <span class='ocrx_word' id='word_1_475' title='bbox 3708 2947 3866 3003; x_wconf 74' lang='lat' dir='ltr'><strong>gem-</strong></span> 
     </span>
    </p>
   </div>
   <div class='ocr_carea' id='block_1_68' title="bbox 2280 3023 3866 3094">
    <p class='ocr_par' dir='ltr' id='par_1_68' title="bbox 2280 3023 3866 3094">
     <span class='ocr_line' id='line_1_68' title="bbox 2280 3023 3866 3094; baseline 0 -19"><span class='ocrx_word' id='word_1_476' title='bbox 2280 3024 2384 3076; x_wconf 88' lang='lat' dir='ltr'><strong>mis</strong></span> <span class='ocrx_word' id='word_1_477' title='bbox 2443 3024 2603 3093; x_wconf 80' lang='lat' dir='ltr'><strong>longe</strong></span> <span class='ocrx_word' id='word_1_478' title='bbox 2662 3024 3014 3094; x_wconf 77' lang='lat' dir='ltr'><strong>prmstantius</strong></span> <span class='ocrx_word' id='word_1_479' title='bbox 3058 3023 3199 3078; x_wconf 79' lang='lat' dir='ltr'><strong>fore.</strong></span> <span class='ocrx_word' id='word_1_480' title='bbox 3227 3023 3442 3078; x_wconf 75' lang='lat' dir='ltr'><strong>Etenim</strong></span> <span class='ocrx_word' id='word_1_481' title='bbox 3473 3023 3646 3093; x_wconf 89' lang='lat' dir='ltr'><strong>siqua</strong></span> <span class='ocrx_word' id='word_1_482' title='bbox 3700 3023 3758 3077; x_wconf 91' lang='lat' dir='ltr'><strong>in</strong></span> <span class='ocrx_word' id='word_1_483' title='bbox 3805 3035 3866 3075; x_wconf 87' lang='lat' dir='ltr'><strong>re</strong></span> 
     </span>
    </p>
   </div>
   <div class='ocr_carea' id='block_1_69' title="bbox 2278 3115 3867 3186">
    <p class='ocr_par' dir='ltr' id='par_1_69' title="bbox 2278 3115 3867 3186">
     <span class='ocr_line' id='line_1_69' title="bbox 2278 3115 3867 3186; baseline -0.001 -16"><span class='ocrx_word' id='word_1_484' title='bbox 2278 3117 2459 3178; x_wconf 92' lang='lat' dir='ltr'><strong>detur,</strong></span> <span class='ocrx_word' id='word_1_485' title='bbox 2489 3124 2549 3169; x_wconf 93' lang='lat' dir='ltr'><strong>ut</strong></span> <span class='ocrx_word' id='word_1_486' title='bbox 2577 3117 2831 3186; x_wconf 92' lang='lat' dir='ltr'><strong>propensi</strong></span> <span class='ocrx_word' id='word_1_487' title='bbox 2863 3130 2987 3184; x_wconf 88' lang='lat' dir='ltr'><strong>erga</strong></span> <span class='ocrx_word' id='word_1_488' title='bbox 3036 3124 3088 3170; x_wconf 91' lang='lat' dir='ltr'><strong>te</strong></span> <span class='ocrx_word' id='word_1_489' title='bbox 3155 3115 3260 3170; x_wconf 91' lang='lat' dir='ltr'><strong>mei</strong></span> <span class='ocrx_word' id='word_1_490' title='bbox 3290 3116 3457 3170; x_wconf 88' lang='lat' dir='ltr'><strong>animi</strong></span> <span class='ocrx_word' id='word_1_491' title='bbox 3501 3116 3667 3172; x_wconf 80' lang='lat' dir='ltr'><strong>iacias</strong></span> <span class='ocrx_word' id='word_1_492' title='bbox 3712 3117 3867 3186; x_wconf 75' lang='lat' dir='ltr'><strong>peri-</strong></span> 
     </span>
    </p>
   </div>
   <div class='ocr_carea' id='block_1_70' title="bbox 2283 3206 3865 3273">
    <p class='ocr_par' dir='ltr' id='par_1_70' title="bbox 2283 3206 3865 3273">
     <span class='ocr_line' id='line_1_70' title="bbox 2283 3206 3865 3273; baseline -0.001 -11"><span class='ocrx_word' id='word_1_493' title='bbox 2283 3209 2490 3272; x_wconf 89' lang='lat' dir='ltr'><strong>culum,</strong></span> <span class='ocrx_word' id='word_1_494' title='bbox 2548 3207 2750 3261; x_wconf 90' lang='lat' dir='ltr'><strong>nullam</strong></span> <span class='ocrx_word' id='word_1_495' title='bbox 2802 3208 2985 3262; x_wconf 89' lang='lat' dir='ltr'><strong>subire</strong></span> <span class='ocrx_word' id='word_1_496' title='bbox 3031 3223 3358 3262; x_wconf 86' lang='lat' dir='ltr'><strong>recusavero</strong></span> <span class='ocrx_word' id='word_1_497' title='bbox 3408 3206 3765 3273; x_wconf 84' lang='lat' dir='ltr'><strong>sententiam,</strong></span> <span class='ocrx_word' id='word_1_498' title='bbox 3817 3206 3865 3261; x_wconf 88' lang='lat' dir='ltr'><strong>si</strong></span> 
     </span>
    </p>
   </div>
   <div class='ocr_carea' id='block_1_71' title="bbox 2282 3299 3864 3370">
    <p class='ocr_par' dir='ltr' id='par_1_71' title="bbox 2282 3299 3864 3370">
     <span class='ocr_line' id='line_1_71' title="bbox 2282 3299 3864 3370; baseline -0.001 -16"><span class='ocrx_word' id='word_1_499' title='bbox 2282 3315 2369 3354; x_wconf 90' lang='lat' dir='ltr'><strong>me</strong></span> <span class='ocrx_word' id='word_1_500' title='bbox 2415 3302 2526 3355; x_wconf 92' lang='lat' dir='ltr'><strong>ullo</strong></span> <span class='ocrx_word' id='word_1_501' title='bbox 2578 3300 2740 3354; x_wconf 90' lang='lat' dir='ltr'><strong>modo</strong></span> <span class='ocrx_word' id='word_1_502' title='bbox 2803 3311 2855 3354; x_wconf 93' lang='lat' dir='ltr'><strong>te</strong></span> <span class='ocrx_word' id='word_1_503' title='bbox 2911 3301 3194 3355; x_wconf 88' lang='lat' dir='ltr'><strong>inveneris</strong></span> <span class='ocrx_word' id='word_1_504' title='bbox 3256 3300 3538 3355; x_wconf 66' lang='lat' dir='ltr'><strong>fefellisse.</strong></span> <span class='ocrx_word' id='word_1_505' title='bbox 3590 3299 3670 3356; x_wconf 80' lang='lat' dir='ltr'><strong>Ne</strong></span> <span class='ocrx_word' id='word_1_506' title='bbox 3731 3312 3864 3370; x_wconf 85' lang='lat' dir='ltr'><strong>ergo</strong></span> 
     </span>
    </p>
   </div>
   <div class='ocr_carea' id='block_1_72' title="bbox 2283 3389 3863 3456">
    <p class='ocr_par' dir='ltr' id='par_1_72' title="bbox 2283 3389 3863 3456">
     <span class='ocr_line' id='line_1_72' title="bbox 2283 3389 3863 3456; baseline -0.001 -11"><span class='ocrx_word' id='word_1_507' title='bbox 2283 3407 2481 3445; x_wconf 89' lang='lat' dir='ltr'><strong>munus</strong></span> <span class='ocrx_word' id='word_1_508' title='bbox 2511 3392 2614 3445; x_wconf 90' lang='lat' dir='ltr'><strong>hoc</strong></span> <span class='ocrx_word' id='word_1_509' title='bbox 2641 3395 2695 3444; x_wconf 89' lang='lat' dir='ltr'><strong>in</strong></span> <span class='ocrx_word' id='word_1_510' title='bbox 2723 3405 2782 3446; x_wconf 85' lang='lat' dir='ltr'><strong>se</strong></span> <span class='ocrx_word' id='word_1_511' title='bbox 2825 3391 3162 3456; x_wconf 85' lang='lat' dir='ltr'><strong>consideres,</strong></span> <span class='ocrx_word' id='word_1_512' title='bbox 3206 3407 3308 3446; x_wconf 90' lang='lat' dir='ltr'><strong>nec</strong></span> <span class='ocrx_word' id='word_1_513' title='bbox 3339 3394 3421 3446; x_wconf 78' lang='lat' dir='ltr'><strong>ad-</strong></span> <span class='ocrx_word' id='word_1_514' title='bbox 3440 3392 3753 3445; x_wconf 80' lang='lat' dir='ltr'><strong>universam</strong></span> <span class='ocrx_word' id='word_1_515' title='bbox 3785 3389 3863 3444; x_wconf 91' lang='lat' dir='ltr'><strong>tui</strong></span> 
     </span>
    </p>
   </div>
   <div class='ocr_carea' id='block_1_73' title="bbox 2281 3480 3864 3552">
    <p class='ocr_par' dir='ltr' id='par_1_73' title="bbox 2281 3480 3864 3552">
     <span class='ocr_line' id='line_1_73' title="bbox 2281 3480 3864 3552; baseline -0.001 -15"><span class='ocrx_word' id='word_1_516' title='bbox 2281 3483 2453 3537; x_wconf 84' lang='lat' dir='ltr'><strong>musei</strong></span> <span class='ocrx_word' id='word_1_517' title='bbox 2507 3483 2899 3552; x_wconf 88' lang='lat' dir='ltr'><strong>supellectilem</strong></span> <span class='ocrx_word' id='word_1_518' title='bbox 2941 3482 3235 3538; x_wconf 81' lang='lat' dir='ltr'><strong>conferas:</strong></span> <span class='ocrx_word' id='word_1_519' title='bbox 3284 3484 3380 3538; x_wconf 89' lang='lat' dir='ltr'><strong>sed</strong></span> <span class='ocrx_word' id='word_1_520' title='bbox 3455 3484 3524 3539; x_wconf 88' lang='lat' dir='ltr'><strong>ad</strong></span> <span class='ocrx_word' id='word_1_521' title='bbox 3576 3480 3864 3538; x_wconf 70' lang='lat' dir='ltr'><strong>offerentis</strong></span> 
     </span>
    </p>
   </div>
   <div class='ocr_carea' id='block_1_74' title="bbox 2282 3575 3862 3646">
    <p class='ocr_par' dir='ltr' id='par_1_74' title="bbox 2282 3575 3862 3646">
     <span class='ocr_line' id='line_1_74' title="bbox 2282 3575 3862 3646; baseline 0.001 -17"><span class='ocrx_word' id='word_1_522' title='bbox 2282 3575 2546 3641; x_wconf 89' lang='lat' dir='ltr'><strong>animum,</strong></span> <span class='ocrx_word' id='word_1_523' title='bbox 2593 3590 2702 3645; x_wconf 87' lang='lat' dir='ltr'><strong>quo</strong></span> <span class='ocrx_word' id='word_1_524' title='bbox 2781 3575 2835 3630; x_wconf 90' lang='lat' dir='ltr'><strong>id</strong></span> <span class='ocrx_word' id='word_1_525' title='bbox 2888 3577 3198 3630; x_wconf 88' lang='lat' dir='ltr'><strong>verecunde</strong></span> <span class='ocrx_word' id='word_1_526' title='bbox 3260 3576 3512 3646; x_wconf 83' lang='lat' dir='ltr'><strong>porrigit,</strong></span> <span class='ocrx_word' id='word_1_527' title='bbox 3563 3589 3862 3645; x_wconf 80' lang='lat' dir='ltr'><strong>parumper</strong></span> 
     </span>
    </p>
   </div>
   <div class='ocr_carea' id='block_1_75' title="bbox 2284 3667 3860 3739">
    <p class='ocr_par' dir='ltr' id='par_1_75' title="bbox 2284 3667 3860 3739">
     <span class='ocr_line' id='line_1_75' title="bbox 2284 3667 3860 3739; baseline 0 -15"><span class='ocrx_word' id='word_1_528' title='bbox 2284 3667 2723 3733; x_wconf 79' lang='lat' dir='ltr'><strong>oculosdcllecte,</strong></span> <span class='ocrx_word' id='word_1_529' title='bbox 2740 3683 2801 3722; x_wconf 89' lang='lat' dir='ltr'><strong>ac</strong></span> <span class='ocrx_word' id='word_1_530' title='bbox 2820 3669 3204 3722; x_wconf 85' lang='lat' dir='ltr'><strong>munusculum</strong></span> <span class='ocrx_word' id='word_1_531' title='bbox 3225 3669 3381 3723; x_wconf 84' lang='lat' dir='ltr'><strong>hilari</strong></span> <span class='ocrx_word' id='word_1_532' title='bbox 3402 3670 3581 3724; x_wconf 78' lang='lat' dir='ltr'><strong>fronte</strong></span> <span class='ocrx_word' id='word_1_533' title='bbox 3595 3670 3822 3739; x_wconf 82' lang='lat' dir='ltr'><strong>suscipe</strong></span> <span class='ocrx_word' id='word_1_534' title='bbox 3843 3686 3860 3724; x_wconf 87' lang='lat'><strong>:</strong></span> 
     </span>
    </p>
   </div>
   <div class='ocr_carea' id='block_1_76' title="bbox 2281 3761 3859 3832">
    <p class='ocr_par' dir='ltr' id='par_1_76' title="bbox 2281 3761 3859 3832">
     <span class='ocr_line' id='line_1_76' title="bbox 2281 3761 3859 3832; baseline 0.001 -17"><span class='ocrx_word' id='word_1_535' title='bbox 2281 3771 2340 3815; x_wconf 93' lang='lat' dir='ltr'><strong>ut</strong></span> <span class='ocrx_word' id='word_1_536' title='bbox 2379 3761 2508 3815; x_wconf 89' lang='lat' dir='ltr'><strong>dum</strong></span> <span class='ocrx_word' id='word_1_537' title='bbox 2537 3763 2650 3816; x_wconf 63' lang='lat' dir='ltr'><strong>haec</strong></span> <span class='ocrx_word' id='word_1_538' title='bbox 2683 3776 2792 3815; x_wconf 90' lang='lat' dir='ltr'><strong>non</strong></span> <span class='ocrx_word' id='word_1_539' title='bbox 2826 3762 3035 3832; x_wconf 80' lang='lat' dir='ltr'><strong>ingrata</strong></span> <span class='ocrx_word' id='word_1_540' title='bbox 3072 3761 3167 3816; x_wconf 87' lang='lat' dir='ltr'><strong>tibi</strong></span> <span class='ocrx_word' id='word_1_541' title='bbox 3208 3761 3377 3816; x_wconf 79' lang='lat' dir='ltr'><strong>fuisse</strong></span> <span class='ocrx_word' id='word_1_542' title='bbox 3419 3763 3859 3831; x_wconf 85' lang='lat' dir='ltr'><strong>deprehendero,</strong></span> 
     </span>
    </p>
   </div>
   <div class='ocr_carea' id='block_1_77' title="bbox 2281 3855 3858 3925">
    <p class='ocr_par' dir='ltr' id='par_1_77' title="bbox 2281 3855 3858 3925">
     <span class='ocr_line' id='line_1_77' title="bbox 2281 3855 3858 3925; baseline 0.002 -18"><span class='ocrx_word' id='word_1_543' title='bbox 2281 3855 2515 3924; x_wconf 80' lang='lat' dir='ltr'><strong>majores</strong></span> <span class='ocrx_word' id='word_1_544' title='bbox 2548 3857 2614 3909; x_wconf 87' lang='lat' dir='ltr'><strong>ad</strong></span> <span class='ocrx_word' id='word_1_545' title='bbox 2635 3855 2948 3925; x_wconf 87' lang='lat' dir='ltr'><strong>hujusmodi</strong></span> <span class='ocrx_word' id='word_1_546' title='bbox 2973 3857 3150 3911; x_wconf 90' lang='lat' dir='ltr'><strong>studia</strong></span> <span class='ocrx_word' id='word_1_547' title='bbox 3179 3857 3322 3911; x_wconf 86' lang='lat' dir='ltr'><strong>vires</strong></span> <span class='ocrx_word' id='word_1_548' title='bbox 3364 3871 3660 3913; x_wconf 89' lang='lat' dir='ltr'><strong>assumam.</strong></span> <span class='ocrx_word' id='word_1_549' title='bbox 3705 3858 3858 3922; x_wconf 77' lang='lat' dir='ltr'><strong>Vale,</strong></span> 
     </span>
    </p>
   </div>
   <div class='ocr_carea' id='block_1_78' title="bbox 2281 3947 3859 4022">
    <p class='ocr_par' dir='ltr' id='par_1_78' title="bbox 2281 3947 3859 4022">
     <span class='ocr_line' id='line_1_78' title="bbox 2281 3947 3859 4022; baseline 0.002 -22"><span class='ocrx_word' id='word_1_550' title='bbox 2281 3947 2572 4016; x_wconf 72' lang='lat' dir='ltr'><strong>prtesulum</strong></span> <span class='ocrx_word' id='word_1_551' title='bbox 2627 3947 2796 4002; x_wconf 90' lang='lat' dir='ltr'><strong>decus</strong></span> <span class='ocrx_word' id='word_1_552' title='bbox 2847 3949 3132 4002; x_wconf 86' lang='lat' dir='ltr'><strong>eximium.</strong></span> <span class='ocrx_word' id='word_1_553' title='bbox 3195 3948 3419 4002; x_wconf 84' lang='lat' dir='ltr'><strong>Lovanii</strong></span> <span class='ocrx_word' id='word_1_554' title='bbox 3452 3963 3600 4003; x_wconf 89' lang='lat' dir='ltr'><strong>anno</strong></span> <span class='ocrx_word' id='word_1_555' title='bbox 3627 3967 3656 4005; x_wconf 86' lang='lat' dir='ltr'><strong>a</strong></span> <span class='ocrx_word' id='word_1_556' title='bbox 3691 3959 3859 4022; x_wconf 87' lang='lat' dir='ltr'><strong>partu</strong></span> 
     </span>
    </p>
   </div>
   <div class='ocr_carea' id='block_1_79' title="bbox 2282 4039 3374 4112">
    <p class='ocr_par' dir='ltr' id='par_1_79' title="bbox 2282 4039 3374 4112">
     <span class='ocr_line' id='line_1_79' title="bbox 2282 4039 3374 4112; baseline 0.004 -20"><span class='ocrx_word' id='word_1_557' title='bbox 2282 4041 2546 4110; x_wconf 80' lang='lat' dir='ltr'><strong>virgineo,</strong></span> <span class='ocrx_word' id='word_1_558' title='bbox 2586 4040 2744 4107; x_wconf 72' lang='grc'><strong>1545,</strong></span> <span class='ocrx_word' id='word_1_559' title='bbox 2779 4051 2935 4096; x_wconf 82' lang='lat' dir='ltr'><strong>sexto</strong></span> <span class='ocrx_word' id='word_1_560' title='bbox 2968 4039 3093 4095; x_wconf 87' lang='lat' dir='ltr'><strong>ldus</strong></span> <span class='ocrx_word' id='word_1_561' title='bbox 3119 4043 3374 4112; x_wconf 81' lang='lat' dir='ltr'><strong>Augusti.</strong></span> 
     </span>
    </p>
   </div>
   <div class='ocr_carea' id='block_1_80' title="bbox 739 4300 3744 4462">
    <p class='ocr_par' dir='ltr' id='par_1_80' title="bbox 739 4300 3744 4462">
     <span class='ocr_line' id='line_1_80' title="bbox 739 4300 3744 4462; baseline 0.004 -100"><span class='ocrx_word' id='word_1_562' title='bbox 739 4300 1035 4382; x_wconf 78' lang='lat' dir='ltr'><strong>Ejusdem</strong></span> <span class='ocrx_word' id='word_1_563' title='bbox 1072 4303 1415 4363; x_wconf 76' lang='lat' dir='ltr'><strong>admonitio</strong></span> <span class='ocrx_word' id='word_1_564' title='bbox 1464 4313 1536 4363; x_wconf 82' lang='lat' dir='ltr'><strong>ae</strong></span> <span class='ocrx_word' id='word_1_565' title='bbox 1572 4314 1823 4364; x_wconf 81' lang='lat' dir='ltr'><strong>auctore</strong></span> <span class='ocrx_word' id='word_1_566' title='bbox 1879 4303 2752 4462; x_wconf 52' lang='lat' dir='ltr'><strong>horunltsgomfmfntari’orum</strong></span> <span class='ocrx_word' id='word_1_567' title='bbox 2813 4327 2887 4369; x_wconf 79' lang='lat' dir='ltr'><strong>ea:</strong></span> <span class='ocrx_word' id='word_1_568' title='bbox 2937 4308 3204 4370; x_wconf 75' lang='lat' dir='ltr'><strong>editione</strong></span> <span class='ocrx_word' id='word_1_569' title='bbox 3249 4304 3333 4389; x_wconf 88' lang='lat' dir='ltr'><strong>(a)</strong></span> <span class='ocrx_word' id='word_1_570' title='bbox 3365 4309 3744 4374; x_wconf 76' lang='lat' dir='ltr'><strong>Lovam&#39;cnst&#39;</strong></span> 
     </span>
     <span class='ocr_line' id='line_1_81' title="bbox 2221 4404 2400 4457; baseline 0.011 -13"><span class='ocrx_word' id='word_1_571' title='bbox 2221 4431 2236 4457; x_wconf 93' lang='lat'><strong>,</strong></span> <span class='ocrx_word' id='word_1_572' title='bbox 2318 4404 2349 4444; x_wconf 88' lang='grc' dir='ltr'>ο</span> <span class='ocrx_word' id='word_1_573' title='bbox 2386 4431 2400 4446; x_wconf 93' lang='grc'><strong>.</strong></span> 
     </span>
    </p>
   </div>
   <div class='ocr_carea' id='block_1_81' title="bbox 2221 4404 2400 4457">
    <p class='ocr_par' dir='ltr' id='par_1_81' title="bbox 2221 4404 2400 4457">
     <span class='ocr_line' id='line_1_82' title="bbox 2221 4404 2400 4457; baseline 0.017 -14"><span class='ocrx_word' id='word_1_574' title='bbox 2221 4431 2236 4457; x_wconf 84' lang='grc'><strong><em>,</em></strong></span> <span class='ocrx_word' id='word_1_575' title='bbox 2281 4404 2400 4457; x_wconf 77' lang='grc' dir='ltr'><strong>[οι.</strong></span> 
     </span>
    </p>
   </div>
   <div class='ocr_carea' id='block_1_82' title="bbox 701 4504 1241 4565">
    <p class='ocr_par' dir='ltr' id='par_1_82' title="bbox 701 4504 1241 4565">
     <span class='ocr_line' id='line_1_83' title="bbox 701 4504 1241 4565; baseline 0.009 -6"><span class='ocrx_word' id='word_1_576' title='bbox 701 4504 956 4563; x_wconf 88' lang='lat' dir='ltr'><strong>Studioso</strong></span> <span class='ocrx_word' id='word_1_577' title='bbox 1007 4508 1241 4565; x_wconf 86' lang='lat' dir='ltr'><strong>Lectori.</strong></span> 
     </span>
    </p>
   </div>
   <div class='ocr_carea' id='block_1_83' title="bbox 693 4597 2179 4681">
    <p class='ocr_par' dir='ltr' id='par_1_83' title="bbox 693 4597 2179 4681">
     <span class='ocr_line' id='line_1_84' title="bbox 693 4597 2179 4681; baseline 0.009 -32"><span class='ocrx_word' id='word_1_578' title='bbox 693 4597 827 4650; x_wconf 92' lang='lat' dir='ltr'><strong>Cum</strong></span> <span class='ocrx_word' id='word_1_579' title='bbox 854 4599 952 4652; x_wconf 89' lang='lat' dir='ltr'><strong>hos</strong></span> <span class='ocrx_word' id='word_1_580' title='bbox 980 4598 1408 4660; x_wconf 86' lang='lat' dir='ltr'><strong>Commentarios</strong></span> <span class='ocrx_word' id='word_1_581' title='bbox 1441 4613 1566 4660; x_wconf 88' lang='lat' dir='ltr'><strong>ante</strong></span> <span class='ocrx_word' id='word_1_582' title='bbox 1605 4607 1809 4677; x_wconf 90' lang='lat' dir='ltr'><strong>aliquot</strong></span> <span class='ocrx_word' id='word_1_583' title='bbox 1857 4623 2071 4664; x_wconf 89' lang='lat' dir='ltr'><strong>menses</strong></span> <span class='ocrx_word' id='word_1_584' title='bbox 2106 4609 2179 4681; x_wconf 74' lang='grc' dir='ltr'><strong>(ι)</strong></span> 
     </span>
    </p>
   </div>
   <div class='ocr_carea' id='block_1_84' title="bbox 624 4688 2180 4773">
    <p class='ocr_par' dir='ltr' id='par_1_84' title="bbox 624 4688 2180 4773">
     <span class='ocr_line' id='line_1_85' title="bbox 624 4688 2180 4773; baseline 0.01 -31"><span class='ocrx_word' id='word_1_585' title='bbox 624 4688 681 4743; x_wconf 91' lang='lat' dir='ltr'><strong>in</strong></span> <span class='ocrx_word' id='word_1_586' title='bbox 715 4690 890 4744; x_wconf 88' lang='lat' dir='ltr'><strong>lucem</strong></span> <span class='ocrx_word' id='word_1_587' title='bbox 915 4692 1224 4757; x_wconf 88' lang='lat' dir='ltr'><strong>edcremus,</strong></span> <span class='ocrx_word' id='word_1_588' title='bbox 1252 4697 1492 4752; x_wconf 87' lang='lat' dir='ltr'><strong>studiose</strong></span> <span class='ocrx_word' id='word_1_589' title='bbox 1522 4699 1714 4766; x_wconf 88' lang='lat' dir='ltr'><strong>lector,</strong></span> <span class='ocrx_word' id='word_1_590' title='bbox 1736 4716 1837 4755; x_wconf 91' lang='lat' dir='ltr'><strong>nec</strong></span> <span class='ocrx_word' id='word_1_591' title='bbox 1858 4702 1995 4757; x_wconf 89' lang='lat' dir='ltr'><strong>certi</strong></span> <span class='ocrx_word' id='word_1_592' title='bbox 2019 4703 2180 4773; x_wconf 90' lang='lat' dir='ltr'><strong>quid-</strong></span> 
     </span>
    </p>
   </div>
   <div class='ocr_carea' id='block_1_85' title="bbox 625 4785 2176 4860">
    <p class='ocr_par' dir='ltr' id='par_1_85' title="bbox 625 4785 2176 4860">
     <span class='ocr_line' id='line_1_86' title="bbox 625 4785 2176 4860; baseline 0.008 -25"><span class='ocrx_word' id='word_1_593' title='bbox 625 4797 788 4852; x_wconf 83' lang='lat' dir='ltr'><strong>quam</strong></span> <span class='ocrx_word' id='word_1_594' title='bbox 850 4785 1190 4852; x_wconf 87' lang='lat' dir='ltr'><strong>haberemus,</strong></span> <span class='ocrx_word' id='word_1_595' title='bbox 1253 4788 1396 4856; x_wconf 89' lang='lat' dir='ltr'><strong>quod</strong></span> <span class='ocrx_word' id='word_1_596' title='bbox 1427 4789 1494 4844; x_wconf 90' lang='lat' dir='ltr'><strong>dc</strong></span> <span class='ocrx_word' id='word_1_597' title='bbox 1525 4801 1745 4846; x_wconf 89' lang='lat' dir='ltr'><strong>auctore</strong></span> <span class='ocrx_word' id='word_1_598' title='bbox 1785 4793 2176 4860; x_wconf 84' lang='lat' dir='ltr'><strong>divinaremus,</strong></span> 
     </span>
    </p>
   </div>
   <div class='ocr_carea' id='block_1_86' title="bbox 626 4874 2177 4954">
    <p class='ocr_par' dir='ltr' id='par_1_86' title="bbox 626 4874 2177 4954">
     <span class='ocr_line' id='line_1_87' title="bbox 626 4874 2177 4954; baseline 0.009 -28"><span class='ocrx_word' id='word_1_599' title='bbox 626 4874 852 4944; x_wconf 88' lang='lat' dir='ltr'><strong>aliorum</strong></span> <span class='ocrx_word' id='word_1_600' title='bbox 899 4874 1090 4945; x_wconf 87' lang='lat' dir='ltr'><strong>magis,</strong></span> <span class='ocrx_word' id='word_1_601' title='bbox 1147 4894 1308 4945; x_wconf 87' lang='lat' dir='ltr'><strong>quam</strong></span> <span class='ocrx_word' id='word_1_602' title='bbox 1366 4889 1608 4936; x_wconf 87' lang='lat' dir='ltr'><strong>nostrum</strong></span> <span class='ocrx_word' id='word_1_603' title='bbox 1677 4885 1850 4938; x_wconf 84' lang='lat' dir='ltr'><strong>secuti</strong></span> <span class='ocrx_word' id='word_1_604' title='bbox 1890 4885 2177 4954; x_wconf 90' lang='lat' dir='ltr'><strong>judicium,</strong></span> 
     </span>
    </p>
   </div>
   <div class='ocr_carea' id='block_1_87' title="bbox 628 4965 2180 5037">
    <p class='ocr_par' dir='ltr' id='par_1_87' title="bbox 628 4965 2180 5037">
     <span class='ocr_line' id='line_1_88' title="bbox 628 4965 2180 5037; baseline 0.01 -22"><span class='ocrx_word' id='word_1_605' title='bbox 628 4965 832 5033; x_wconf 61' lang='lat' dir='ltr'><strong>praelati</strong></span> <span class='ocrx_word' id='word_1_606' title='bbox 883 4982 1092 5032; x_wconf 89' lang='lat' dir='ltr'><strong>sumus,</strong></span> <span class='ocrx_word' id='word_1_607' title='bbox 1149 4969 1472 5037; x_wconf 89' lang='lat' dir='ltr'><strong>quibusdam</strong></span> <span class='ocrx_word' id='word_1_608' title='bbox 1532 4972 1699 5028; x_wconf 84' lang='lat' dir='ltr'><strong>videri</strong></span> <span class='ocrx_word' id='word_1_609' title='bbox 1731 4985 2007 5030; x_wconf 88' lang='lat' dir='ltr'><strong>auctorem</strong></span> <span class='ocrx_word' id='word_1_610' title='bbox 2058 4991 2180 5032; x_wconf 88' lang='lat' dir='ltr'><strong>esse</strong></span> 
     </span>
    </p>
   </div>
   <div class='ocr_carea' id='block_1_88' title="bbox 700 5120 2179 5199">
    <p class='ocr_par' dir='ltr' id='par_1_88' title="bbox 700 5120 2179 5199">
     <span class='ocr_line' id='line_1_89' title="bbox 700 5120 2179 5199; baseline 0.009 -30"><span class='ocrx_word' id='word_1_611' title='bbox 700 5120 948 5199; x_wconf 54' lang='lat' dir='ltr'><strong>(crimine</strong></span> <span class='ocrx_word' id='word_1_612' title='bbox 981 5120 1480 5199; x_wconf 78' lang='lat' dir='ltr'><strong>editione_m._quairi</strong></span> <span class='ocrx_word' id='word_1_613' title='bbox 1515 5123 1776 5199; x_wconf 80' lang='lat' dir='ltr'><strong>beneﬂcio</strong></span> <span class='ocrx_word' id='word_1_614' title='bbox 1817 5126 2023 5199; x_wconf 84' lang='lat' dir='ltr'><strong>Heynii,</strong></span> <span class='ocrx_word' id='word_1_615' title='bbox 2078 5130 2179 5183; x_wconf 72' lang='lat' dir='ltr'><strong>viri</strong></span> 
     </span>
    </p>
   </div>
   <div class='ocr_carea' id='block_1_89' title="bbox 635 5190 2180 5256">
    <p class='ocr_par' dir='ltr' id='par_1_89' title="bbox 635 5190 2180 5256">
     <span class='ocr_line' id='line_1_90' title="bbox 635 5190 2180 5256; baseline 0.01 -19"><span class='ocrx_word' id='word_1_616' title='bbox 635 5190 977 5256; x_wconf 71' lang='lat' dir='ltr'><strong>perillustris,</strong></span> <span class='ocrx_word' id='word_1_617' title='bbox 1009 5205 1075 5242; x_wconf 87' lang='lat' dir='ltr'><strong>ex</strong></span> <span class='ocrx_word' id='word_1_618' title='bbox 1118 5191 1439 5244; x_wconf 74' lang='lat' dir='ltr'><strong>bibliotheca</strong></span> <span class='ocrx_word' id='word_1_619' title='bbox 1502 5190 1911 5255; x_wconf 60' lang='lat' dir='ltr'><strong>universitatis&#39;</strong></span> <span class='ocrx_word' id='word_1_620' title='bbox 1932 5198 2180 5252; x_wconf 80' lang='lat' dir='ltr'><strong>Goettin-</strong></span> 
     </span>
    </p>
   </div>
   <div class='ocr_carea' id='block_1_90' title="bbox 631 5259 2179 5333">
    <p class='ocr_par' dir='ltr' id='par_1_90' title="bbox 631 5259 2179 5333">
     <span class='ocr_line' id='line_1_91' title="bbox 631 5259 2179 5333; baseline 0.008 -25"><span class='ocrx_word' id='word_1_621' title='bbox 631 5259 812 5333; x_wconf 61' lang='lat' dir='ltr'><strong>gensis</strong></span> <span class='ocrx_word' id='word_1_622' title='bbox 833 5260 1042 5333; x_wconf 78' lang='lat' dir='ltr'><strong>accepi,</strong></span> <span class='ocrx_word' id='word_1_623' title='bbox 1070 5261 1675 5333; x_wconf 71' lang='lat' dir='ltr'><strong>recensetHanilierger,</strong></span> <span class='ocrx_word' id='word_1_624' title='bbox 1697 5267 1764 5317; x_wconf 79' lang='lat' dir='ltr'><strong>im</strong></span> <span class='ocrx_word' id='word_1_625' title='bbox 1785 5269 1975 5319; x_wconf 79' lang='lat' dir='ltr'><strong>vierten</strong></span> <span class='ocrx_word' id='word_1_626' title='bbox 2004 5267 2179 5322; x_wconf 73' lang='lat' dir='ltr'><strong>Theilc</strong></span> 
     </span>
    </p>
   </div>
   <div class='ocr_carea' id='block_1_91' title="bbox 633 5330 2182 5396">
    <p class='ocr_par' dir='ltr' id='par_1_91' title="bbox 633 5330 2182 5396">
     <span class='ocr_line' id='line_1_92' title="bbox 633 5330 2182 5396; baseline 0.009 -19"><span class='ocrx_word' id='word_1_627' title='bbox 633 5330 727 5377; x_wconf 85' lang='lat' dir='ltr'><strong>a&#39;er</strong></span> <span class='ocrx_word' id='word_1_628' title='bbox 768 5330 1143 5396; x_wconf 78' lang='lat' dir='ltr'><strong>zurcrltissigen</strong></span> <span class='ocrx_word' id='word_1_629' title='bbox 1183 5330 1531 5385; x_wconf 67' lang='lat' dir='ltr'><strong>Ii&#39;achrichten</strong></span> <span class='ocrx_word' id='word_1_630' title='bbox 1565 5330 1659 5386; x_wconf 70' lang='lat' dir='ltr'><strong>i&#39;ou</strong></span> <span class='ocrx_word' id='word_1_631' title='bbox 1693 5337 1790 5388; x_wconf 86' lang='lat' dir='ltr'><strong>den</strong></span> <span class='ocrx_word' id='word_1_632' title='bbox 1823 5345 2182 5392; x_wconf 79' lang='lat' dir='ltr'><strong>vornehmsteu</strong></span> 
     </span>
    </p>
   </div>
   <div class='ocr_carea' id='block_1_92' title="bbox 631 5397 1452 5467">
    <p class='ocr_par' dir='ltr' id='par_1_92' title="bbox 631 5397 1452 5467">
     <span class='ocr_line' id='line_1_93' title="bbox 631 5397 1452 5467; baseline 0.007 -18"><span class='ocrx_word' id='word_1_633' title='bbox 631 5397 1059 5462; x_wconf 41' lang='lat' dir='ltr'><strong>Scliril&#39;tstellem.</strong></span> <span class='ocrx_word' id='word_1_634' title='bbox 1077 5463 1080 5466; x_wconf 19' lang='lat'><strong><em>.</em></strong></span> <span class='ocrx_word' id='word_1_635' title='bbox 1097 5414 1212 5467; x_wconf 67' lang='lat' dir='ltr'><strong>pag.</strong></span> <span class='ocrx_word' id='word_1_636' title='bbox 1239 5401 1324 5452; x_wconf 70' lang='lat'><strong>8‘2.</strong></span> <span class='ocrx_word' id='word_1_637' title='bbox 1370 5403 1452 5455; x_wconf 79' lang='lat'><strong>85.</strong></span> 
     </span>
    </p>
   </div>
   <div class='ocr_carea' id='block_1_93' title="bbox 701 5469 2180 5548">
    <p class='ocr_par' dir='ltr' id='par_1_93' title="bbox 701 5469 2180 5548">
     <span class='ocr_line' id='line_1_94' title="bbox 701 5469 2180 5548; baseline 0.011 -32"><span class='ocrx_word' id='word_1_638' title='bbox 701 5471 774 5548; x_wconf 48' lang='lat' dir='ltr'><strong>(ti)</strong></span> <span class='ocrx_word' id='word_1_639' title='bbox 808 5469 1150 5548; x_wconf 48' lang='lat' dir='ltr'><strong>anhelata,</strong></span> <span class='ocrx_word' id='word_1_640' title='bbox 1192 5479 1344 5548; x_wconf 84' lang='lat' dir='ltr'><strong>sexto</strong></span> <span class='ocrx_word' id='word_1_641' title='bbox 1374 5472 1497 5525; x_wconf 89' lang='lat' dir='ltr'><strong>ldus</strong></span> <span class='ocrx_word' id='word_1_642' title='bbox 1557 5475 1803 5544; x_wconf 82' lang='lat' dir='ltr'><strong>Augusti,</strong></span> <span class='ocrx_word' id='word_1_643' title='bbox 1844 5487 1900 5530; x_wconf 91' lang='lat' dir='ltr'><strong>ut</strong></span> <span class='ocrx_word' id='word_1_644' title='bbox 1945 5490 2010 5531; x_wconf 88' lang='lat' dir='ltr'><strong>ex</strong></span> <span class='ocrx_word' id='word_1_645' title='bbox 2062 5479 2180 5548; x_wconf 87' lang='lat' dir='ltr'><strong>ejus</strong></span> 
     </span>
    </p>
   </div>
   <div class='ocr_carea' id='block_1_94' title="bbox 634 5537 1320 5609">
    <p class='ocr_par' dir='ltr' id='par_1_94' title="bbox 634 5537 1320 5609">
     <span class='ocr_line' id='line_1_95' title="bbox 634 5537 1320 5609; baseline 0.007 -23"><span class='ocrx_word' id='word_1_646' title='bbox 634 5540 948 5609; x_wconf 75' lang='lat' dir='ltr'><strong>pra~iatione</strong></span> <span class='ocrx_word' id='word_1_647' title='bbox 985 5537 1320 5609; x_wconf 86' lang='lat' dir='ltr'><strong>intelligitur.</strong></span> 
     </span>
    </p>
   </div>
   <div class='ocr_carea' id='block_1_95' title="bbox 707 5608 2178 5682">
    <p class='ocr_par' dir='ltr' id='par_1_95' title="bbox 707 5608 2178 5682">
     <span class='ocr_line' id='line_1_96' title="bbox 707 5608 2178 5682; baseline 0.014 -26"><span class='ocrx_word' id='word_1_648' title='bbox 707 5608 1196 5682; x_wconf 68' lang='lat' dir='ltr'><strong>(c)___h_lagnumesse</strong></span> <span class='ocrx_word' id='word_1_649' title='bbox 1247 5610 1538 5664; x_wconf 86' lang='lat' dir='ltr'><strong>discrimen</strong></span> <span class='ocrx_word' id='word_1_650' title='bbox 1604 5618 1889 5678; x_wconf 87' lang='lat' dir='ltr'><strong>acuminis,</strong></span> <span class='ocrx_word' id='word_1_651' title='bbox 1948 5620 2178 5682; x_wconf 84' lang='lat' dir='ltr'><strong>ordinis,</strong></span> 
     </span>
    </p>
   </div>
   <div class='ocr_carea' id='block_1_96' title="bbox 635 5677 2176 5748">
    <p class='ocr_par' dir='ltr' id='par_1_96' title="bbox 635 5677 2176 5748">
     <span class='ocr_line' id='line_1_97' title="bbox 635 5677 2176 5748; baseline 0.011 -20"><span class='ocrx_word' id='word_1_652' title='bbox 635 5677 866 5737; x_wconf 84' lang='lat' dir='ltr'><strong>consilii,</strong></span> <span class='ocrx_word' id='word_1_653' title='bbox 889 5679 1318 5748; x_wconf 7' lang='lat' dir='ltr'><strong>gigni-citatisque</strong></span> <span class='ocrx_word' id='word_1_654' title='bbox 1355 5683 1496 5733; x_wconf 86' lang='lat' dir='ltr'><strong>inter</strong></span> <span class='ocrx_word' id='word_1_655' title='bbox 1544 5677 2176 5745; x_wconf 70' lang='lat' dir='ltr'><strong>Pseudo-(ECumenium</strong></span> 
     </span>
    </p>
   </div>
   <div class='ocr_carea' id='block_1_97' title="bbox 631 5747 2178 5830">
    <p class='ocr_par' dir='ltr' id='par_1_97' title="bbox 631 5747 2178 5830">
     <span class='ocr_line' id='line_1_98' title="bbox 631 5747 2178 5830; baseline 0.011 -34"><span class='ocrx_word' id='word_1_656' title='bbox 631 5754 688 5799; x_wconf 88' lang='lat' dir='ltr'><strong>et</strong></span> <span class='ocrx_word' id='word_1_657' title='bbox 718 5748 857 5799; x_wconf 86' lang='lat' dir='ltr'><strong>inter</strong></span> <span class='ocrx_word' id='word_1_658' title='bbox 884 5747 1251 5819; x_wconf 74' lang='lat' dir='ltr'><strong>Euthymium,</strong></span> <span class='ocrx_word' id='word_1_659' title='bbox 1282 5764 1444 5805; x_wconf 88' lang='lat' dir='ltr'><strong>nemo</strong></span> <span class='ocrx_word' id='word_1_660' title='bbox 1480 5753 1534 5805; x_wconf 92' lang='lat' dir='ltr'><strong>in</strong></span> <span class='ocrx_word' id='word_1_661' title='bbox 1559 5755 1786 5814; x_wconf 89' lang='lat' dir='ltr'><strong>dubium</strong></span> <span class='ocrx_word' id='word_1_662' title='bbox 1824 5758 2056 5820; x_wconf 85' lang='lat' dir='ltr'><strong>vocabit,</strong></span> <span class='ocrx_word' id='word_1_663' title='bbox 2084 5761 2178 5830; x_wconf 87' lang='lat' dir='ltr'><strong>qui</strong></span> 
     </span>
    </p>
   </div>
   <div class='ocr_carea' id='block_1_98' title="bbox 2209 4515 3856 4586">
    <p class='ocr_par' dir='ltr' id='par_1_98' title="bbox 2209 4515 3856 4586">
     <span class='ocr_line' id='line_1_99' title="bbox 2209 4515 3856 4586; baseline 0.005 -18"><span class='ocrx_word' id='word_1_664' title='bbox 2209 4515 2712 4585; x_wconf 67' lang='lat' dir='ltr'><strong>Daicumenium,</strong></span> <span class='ocrx_word' id='word_1_665' title='bbox 2771 4533 2934 4586; x_wconf 90' lang='lat' dir='ltr'><strong>quem</strong></span> <span class='ocrx_word' id='word_1_666' title='bbox 2995 4518 3051 4571; x_wconf 91' lang='lat' dir='ltr'><strong>in</strong></span> <span class='ocrx_word' id='word_1_667' title='bbox 3081 4528 3280 4573; x_wconf 66' lang='lat' dir='ltr'><strong>caetera</strong></span> <span class='ocrx_word' id='word_1_668' title='bbox 3329 4515 3465 4573; x_wconf 81' lang='lat' dir='ltr'><strong>Novi</strong></span> <span class='ocrx_word' id='word_1_669' title='bbox 3521 4520 3856 4579; x_wconf 85' lang='lat' dir='ltr'><strong>Testamenti</strong></span> 
     </span>
    </p>
   </div>
   <div class='ocr_carea' id='block_1_99' title="bbox 2286 4607 3859 4689">
    <p class='ocr_par' dir='ltr' id='par_1_99' title="bbox 2286 4607 3859 4689">
     <span class='ocr_line' id='line_1_100' title="bbox 2286 4607 3859 4689; baseline 0.006 -29"><span class='ocrx_word' id='word_1_670' title='bbox 2286 4607 2435 4661; x_wconf 87' lang='lat' dir='ltr'><strong>brevi</strong></span> <span class='ocrx_word' id='word_1_671' title='bbox 2502 4625 2532 4661; x_wconf 90' lang='lat' dir='ltr'><strong>a</strong></span> <span class='ocrx_word' id='word_1_672' title='bbox 2591 4609 2750 4664; x_wconf 87' lang='lat' dir='ltr'><strong>nobis</strong></span> <span class='ocrx_word' id='word_1_673' title='bbox 2807 4609 3062 4665; x_wconf 87' lang='lat' dir='ltr'><strong>Latinum</strong></span> <span class='ocrx_word' id='word_1_674' title='bbox 3098 4612 3363 4682; x_wconf 83' lang='lat' dir='ltr'><strong>accipies.</strong></span> <span class='ocrx_word' id='word_1_675' title='bbox 3398 4613 3716 4684; x_wconf 83' lang='lat' dir='ltr'><strong>Quanquam</strong></span> <span class='ocrx_word' id='word_1_676' title='bbox 3751 4621 3771 4689; x_wconf 81' lang='lat'><strong>(</strong></span> <span class='ocrx_word' id='word_1_677' title='bbox 3802 4625 3859 4670; x_wconf 89' lang='lat' dir='ltr'><strong>ut</strong></span> 
     </span>
    </p>
   </div>
   <div class='ocr_carea' id='block_1_100' title="bbox 2284 4700 3854 4780">
    <p class='ocr_par' dir='ltr' id='par_1_100' title="bbox 2284 4700 3854 4780">
     <span class='ocr_line' id='line_1_101' title="bbox 2284 4700 3854 4780; baseline 0.009 -29"><span class='ocrx_word' id='word_1_678' title='bbox 2284 4713 2472 4752; x_wconf 88' lang='lat' dir='ltr'><strong>verum</strong></span> <span class='ocrx_word' id='word_1_679' title='bbox 2520 4700 2709 4771; x_wconf 80' lang='lat' dir='ltr'><strong>fatear)</strong></span> <span class='ocrx_word' id='word_1_680' title='bbox 2745 4703 2907 4772; x_wconf 86' lang='lat' dir='ltr'><strong>hujus</strong></span> <span class='ocrx_word' id='word_1_681' title='bbox 2959 4706 3175 4774; x_wconf 87' lang='lat' dir='ltr'><strong>phrasis</strong></span> <span class='ocrx_word' id='word_1_682' title='bbox 3208 4706 3276 4759; x_wconf 89' lang='lat' dir='ltr'><strong>ab</strong></span> <span class='ocrx_word' id='word_1_683' title='bbox 3307 4705 3397 4761; x_wconf 89' lang='lat' dir='ltr'><strong>illo</strong></span> <span class='ocrx_word' id='word_1_684' title='bbox 3429 4722 3537 4761; x_wconf 89' lang='lat' dir='ltr'><strong>non</strong></span> <span class='ocrx_word' id='word_1_685' title='bbox 3588 4711 3854 4780; x_wconf 81' lang='lat' dir='ltr'><strong>paruni(c)</strong></span> 
     </span>
    </p>
   </div>
   <div class='ocr_carea' id='block_1_101' title="bbox 2285 4791 3852 4857">
    <p class='ocr_par' dir='ltr' id='par_1_101' title="bbox 2285 4791 3852 4857">
     <span class='ocr_line' id='line_1_102' title="bbox 2285 4791 3852 4857; baseline 0.007 -14"><span class='ocrx_word' id='word_1_686' title='bbox 2285 4791 2701 4849; x_wconf 89' lang='lat' dir='ltr'><strong>mihidissidere</strong></span> <span class='ocrx_word' id='word_1_687' title='bbox 2731 4795 3036 4851; x_wconf 82' lang='lat' dir='ltr'><strong>videbatur.</strong></span> <span class='ocrx_word' id='word_1_688' title='bbox 3075 4798 3234 4853; x_wconf 84' lang='lat' dir='ltr'><strong>Nunc</strong></span> <span class='ocrx_word' id='word_1_689' title='bbox 3258 4815 3384 4853; x_wconf 88' lang='lat' dir='ltr'><strong>vero</strong></span> <span class='ocrx_word' id='word_1_690' title='bbox 3421 4803 3673 4856; x_wconf 85' lang='lat' dir='ltr'><strong>eumdem</strong></span> <span class='ocrx_word' id='word_1_691' title='bbox 3709 4805 3852 4857; x_wconf 84' lang='lat' dir='ltr'><strong>nacti</strong></span> 
     </span>
    </p>
   </div>
   <div class='ocr_carea' id='block_1_102' title="bbox 2287 4888 3846 4957">
    <p class='ocr_par' dir='ltr' id='par_1_102' title="bbox 2287 4888 3846 4957">
     <span class='ocr_line' id='line_1_103' title="bbox 2287 4888 3846 4957; baseline 0.006 -19"><span class='ocrx_word' id='word_1_692' title='bbox 2287 4895 2566 4940; x_wconf 87' lang='lat' dir='ltr'><strong>auctorem</strong></span> <span class='ocrx_word' id='word_1_693' title='bbox 2625 4888 2678 4940; x_wconf 92' lang='lat' dir='ltr'><strong>in</strong></span> <span class='ocrx_word' id='word_1_694' title='bbox 2749 4888 2991 4945; x_wconf 84' lang='lat' dir='ltr'><strong>Psalmos</strong></span> <span class='ocrx_word' id='word_1_695' title='bbox 3046 4891 3359 4957; x_wconf 84' lang='lat' dir='ltr'><strong>Davidicos,</strong></span> <span class='ocrx_word' id='word_1_696' title='bbox 3416 4908 3470 4950; x_wconf 85' lang='lat' dir='ltr'><strong>et</strong></span> <span class='ocrx_word' id='word_1_697' title='bbox 3509 4894 3580 4948; x_wconf 73' lang='lat' dir='ltr'><strong>in‘</strong></span> <span class='ocrx_word' id='word_1_698' title='bbox 3624 4897 3846 4952; x_wconf 70' lang='lat' dir='ltr'><strong>Cantica</strong></span> 
     </span>
    </p>
   </div>
   <div class='ocr_carea' id='block_1_103' title="bbox 2287 4978 3855 5054">
    <p class='ocr_par' dir='ltr' id='par_1_103' title="bbox 2287 4978 3855 5054">
     <span class='ocr_line' id='line_1_104' title="bbox 2287 4978 3855 5054; baseline 0.006 -25"><span class='ocrx_word' id='word_1_699' title='bbox 2287 4990 2406 5044; x_wconf 66' lang='lat' dir='ltr'><strong>qua:</strong></span> <span class='ocrx_word' id='word_1_700' title='bbox 2445 4978 2520 5045; x_wconf 79' lang='grc' dir='ltr'><strong>(ά)</strong></span> <span class='ocrx_word' id='word_1_701' title='bbox 2579 4993 2688 5032; x_wconf 91' lang='lat' dir='ltr'><strong>una</strong></span> <span class='ocrx_word' id='word_1_702' title='bbox 2745 4994 2869 5034; x_wconf 90' lang='lat' dir='ltr'><strong>cum</strong></span> <span class='ocrx_word' id='word_1_703' title='bbox 2909 4980 3141 5038; x_wconf 88' lang='lat' dir='ltr'><strong>Psalmis</strong></span> <span class='ocrx_word' id='word_1_704' title='bbox 3194 4987 3345 5040; x_wconf 88' lang='lat' dir='ltr'><strong>canit</strong></span> <span class='ocrx_word' id='word_1_705' title='bbox 3421 4987 3682 5052; x_wconf 75' lang='lat' dir='ltr'><strong>Ecclesia,</strong></span> <span class='ocrx_word' id='word_1_706' title='bbox 3755 4991 3855 5054; x_wconf 80' lang='lat' dir='ltr'><strong>iant</strong></span> 
     </span>
    </p>
   </div>
   <div class='ocr_carea' id='block_1_104' title="bbox 2289 5137 3852 5215">
    <p class='ocr_par' dir='ltr' id='par_1_104' title="bbox 2289 5137 3852 5215">
     <span class='ocr_line' id='line_1_105' title="bbox 2289 5137 3852 5215; baseline 0.008 -26"><span class='ocrx_word' id='word_1_707' title='bbox 2289 5144 2580 5215; x_wconf 77' lang='lat' dir='ltr'><strong>utrumque</strong></span> <span class='ocrx_word' id='word_1_708' title='bbox 2608 5137 2818 5215; x_wconf 71' lang='lat' dir='ltr'><strong>legerit,</strong></span> <span class='ocrx_word' id='word_1_709' title='bbox 2846 5141 2938 5215; x_wconf 88' lang='lat' dir='ltr'><strong>sed</strong></span> <span class='ocrx_word' id='word_1_710' title='bbox 2960 5142 3025 5215; x_wconf 82' lang='lat' dir='ltr'><strong>de</strong></span> <span class='ocrx_word' id='word_1_711' title='bbox 3051 5141 3389 5198; x_wconf 69' lang='lat' dir='ltr'><strong>(Ecumenio</strong></span> <span class='ocrx_word' id='word_1_712' title='bbox 3412 5144 3536 5209; x_wconf 81' lang='lat' dir='ltr'><strong>quid</strong></span> <span class='ocrx_word' id='word_1_713' title='bbox 3566 5148 3852 5215; x_wconf 78' lang='lat' dir='ltr'><strong>sentirem,</strong></span> 
     </span>
    </p>
   </div>
   <div class='ocr_carea' id='block_1_105' title="bbox 2289 5207 3852 5282">
    <p class='ocr_par' dir='ltr' id='par_1_105' title="bbox 2289 5207 3852 5282">
     <span class='ocr_line' id='line_1_106' title="bbox 2289 5207 3852 5282; baseline 0.01 -26"><span class='ocrx_word' id='word_1_714' title='bbox 2289 5208 2391 5282; x_wconf 73' lang='lat' dir='ltr'><strong>dici</strong></span> <span class='ocrx_word' id='word_1_715' title='bbox 2415 5207 2575 5282; x_wconf 68' lang='lat' dir='ltr'><strong>alibi.</strong></span> <span class='ocrx_word' id='word_1_716' title='bbox 2608 5209 2742 5260; x_wconf 83' lang='lat' dir='ltr'><strong>Cum</strong></span> <span class='ocrx_word' id='word_1_717' title='bbox 2769 5209 3053 5279; x_wconf 78' lang='lat' dir='ltr'><strong>Euthyinio</strong></span> <span class='ocrx_word' id='word_1_718' title='bbox 3079 5215 3228 5266; x_wconf 90' lang='lat' dir='ltr'><strong>nullo</strong></span> <span class='ocrx_word' id='word_1_719' title='bbox 3252 5216 3412 5266; x_wconf 87' lang='lat' dir='ltr'><strong>modo</strong></span> <span class='ocrx_word' id='word_1_720' title='bbox 3431 5207 3852 5282; x_wconf 56' lang='lat' dir='ltr'><strong>comparandus:</strong></span> 
     </span>
    </p>
   </div>
   <div class='ocr_carea' id='block_1_106' title="bbox 2292 5276 3852 5360">
    <p class='ocr_par' dir='ltr' id='par_1_106' title="bbox 2292 5276 3852 5360">
     <span class='ocr_line' id='line_1_107' title="bbox 2292 5276 3852 5360; baseline 0.01 -34"><span class='ocrx_word' id='word_1_721' title='bbox 2292 5276 2613 5360; x_wconf 65' lang='lat' dir='ltr'><strong>Siinillinius</strong></span> <span class='ocrx_word' id='word_1_722' title='bbox 2634 5287 2812 5360; x_wconf 78' lang='lat' dir='ltr'><strong>autem</strong></span> <span class='ocrx_word' id='word_1_723' title='bbox 2846 5276 3136 5360; x_wconf 46' lang='grc' dir='ltr'><strong>ιξξῄιιιὶςιηὶο</strong></span> <span class='ocrx_word' id='word_1_724' title='bbox 3183 5293 3264 5336; x_wconf 85' lang='lat' dir='ltr'><strong>est</strong></span> <span class='ocrx_word' id='word_1_725' title='bbox 3316 5276 3852 5360; x_wconf 74' lang='lat' dir='ltr'><strong>Pseudo—Theopliy-</strong></span> 
     </span>
    </p>
   </div>
   <div class='ocr_carea' id='block_1_107' title="bbox 2292 5344 3148 5415">
    <p class='ocr_par' dir='ltr' id='par_1_107' title="bbox 2292 5344 3148 5415">
     <span class='ocr_line' id='line_1_108' title="bbox 2292 5344 3148 5415; baseline 0.009 -19"><span class='ocrx_word' id='word_1_726' title='bbox 2292 5344 2466 5398; x_wconf 86' lang='lat' dir='ltr'><strong>lactus</strong></span> <span class='ocrx_word' id='word_1_727' title='bbox 2499 5346 2550 5397; x_wconf 90' lang='lat' dir='ltr'><strong>in</strong></span> <span class='ocrx_word' id='word_1_728' title='bbox 2575 5347 2844 5415; x_wconf 69' lang='lat' dir='ltr'><strong>Epistolas</strong></span> <span class='ocrx_word' id='word_1_729' title='bbox 2870 5344 3148 5404; x_wconf 76' lang='lat' dir='ltr'><strong>I’auiinas.</strong></span> 
     </span>
    </p>
   </div>
   <div class='ocr_carea' id='block_1_108' title="bbox 2293 5415 3846 5494">
    <p class='ocr_par' dir='ltr' id='par_1_108' title="bbox 2293 5415 3846 5494">
     <span class='ocr_line' id='line_1_109' title="bbox 2293 5415 3846 5494; baseline 0.012 -30"><span class='ocrx_word' id='word_1_730' title='bbox 2293 5483 2304 5494; x_wconf 40' lang='lat'><strong><em>.</em></strong></span> <span class='ocrx_word' id='word_1_731' title='bbox 2363 5415 2566 5482; x_wconf 81' lang='lat' dir='ltr'><strong>(d)lsta</strong></span> <span class='ocrx_word' id='word_1_732' title='bbox 2598 5419 2807 5494; x_wconf 71' lang='lat' dir='ltr'><strong>cantica</strong></span> <span class='ocrx_word' id='word_1_733' title='bbox 2854 5419 2909 5494; x_wconf 83' lang='lat' dir='ltr'><strong>in</strong></span> <span class='ocrx_word' id='word_1_734' title='bbox 2970 5423 3244 5490; x_wconf 87' lang='lat' dir='ltr'><strong>plerisque</strong></span> <span class='ocrx_word' id='word_1_735' title='bbox 3303 5423 3582 5480; x_wconf 88' lang='lat' dir='ltr'><strong>codicibus</strong></span> <span class='ocrx_word' id='word_1_736' title='bbox 3639 5429 3753 5481; x_wconf 82' lang='grc' dir='ltr'><strong>τῶν</strong></span> <span class='ocrx_word' id='word_1_737' title='bbox 3775 5432 3846 5492; x_wconf 88' lang='lat'><strong>0&#39;,</strong></span> 
     </span>
    </p>
   </div>
   <div class='ocr_carea' id='block_1_109' title="bbox 2287 5487 3850 5565">
    <p class='ocr_par' dir='ltr' id='par_1_109' title="bbox 2287 5487 3850 5565">
     <span class='ocr_line' id='line_1_110' title="bbox 2287 5487 3850 5565; baseline 0.013 -30"><span class='ocrx_word' id='word_1_738' title='bbox 2287 5487 2590 5565; x_wconf 76' lang='lat' dir='ltr'><strong>junguntur</strong></span> <span class='ocrx_word' id='word_1_739' title='bbox 2634 5487 2925 5565; x_wconf 48' lang='lat' dir='ltr'><strong>&quot;Psalmis.</strong></span> <span class='ocrx_word' id='word_1_740' title='bbox 2970 5487 3273 5565; x_wconf 9' lang='lat' dir='ltr'><strong>Atque—rita</strong></span> <span class='ocrx_word' id='word_1_741' title='bbox 3343 5496 3506 5565; x_wconf 78' lang='lat' dir='ltr'><strong>etiam</strong></span> <span class='ocrx_word' id='word_1_742' title='bbox 3573 5506 3751 5565; x_wconf 83' lang='lat' dir='ltr'><strong>reperi</strong></span> <span class='ocrx_word' id='word_1_743' title='bbox 3788 5487 3850 5556; x_wconf 25' lang='lat' dir='ltr'><strong>iui</strong></span> 
     </span>
    </p>
   </div>
   <div class='ocr_carea' id='block_1_110' title="bbox 2289 5557 3848 5628">
    <p class='ocr_par' dir='ltr' id='par_1_110' title="bbox 2289 5557 3848 5628">
     <span class='ocr_line' id='line_1_111' title="bbox 2289 5557 3848 5628; baseline 0.012 -24"><span class='ocrx_word' id='word_1_744' title='bbox 2289 5557 2504 5628; x_wconf 83' lang='lat' dir='ltr'><strong>duobus</strong></span> <span class='ocrx_word' id='word_1_745' title='bbox 2549 5557 2826 5628; x_wconf 79' lang='lat' dir='ltr'><strong>codicibus</strong></span> <span class='ocrx_word' id='word_1_746' title='bbox 2881 5557 3298 5628; x_wconf 79' lang='lat' dir='ltr'><strong>Mosqucnsibus</strong></span> <span class='ocrx_word' id='word_1_747' title='bbox 3345 5557 3683 5620; x_wconf 73' lang='lat' dir='ltr'><strong>Psalmoruin</strong></span> <span class='ocrx_word' id='word_1_748' title='bbox 3729 5588 3848 5624; x_wconf 84' lang='lat' dir='ltr'><strong>cuni</strong></span> 
     </span>
    </p>
   </div>
   <div class='ocr_carea' id='block_1_111' title="bbox 2288 5626 3844 5698">
    <p class='ocr_par' dir='ltr' id='par_1_111' title="bbox 2288 5626 3844 5698">
     <span class='ocr_line' id='line_1_112' title="bbox 2288 5626 3844 5698; baseline 0.012 -24"><span class='ocrx_word' id='word_1_749' title='bbox 2288 5626 2738 5698; x_wconf 52' lang='lat' dir='ltr'><strong>iirtcrpreui_tio:ie</strong></span> <span class='ocrx_word' id='word_1_750' title='bbox 2797 5626 3095 5698; x_wconf 76' lang='lat' dir='ltr'><strong>Euthyniii,</strong></span> <span class='ocrx_word' id='word_1_751' title='bbox 3152 5635 3406 5688; x_wconf 89' lang='lat' dir='ltr'><strong>nimirum</strong></span> <span class='ocrx_word' id='word_1_752' title='bbox 3440 5639 3495 5690; x_wconf 92' lang='lat' dir='ltr'><strong>in</strong></span> <span class='ocrx_word' id='word_1_753' title='bbox 3528 5640 3648 5690; x_wconf 87' lang='lat' dir='ltr'><strong>cod.</strong></span> <span class='ocrx_word' id='word_1_754' title='bbox 3708 5640 3844 5696; x_wconf 78' lang='lat' dir='ltr'><strong>Bibl.</strong></span> 
     </span>
    </p>
   </div>
   <div class='ocr_carea' id='block_1_112' title="bbox 2290 5692 3127 5763">
    <p class='ocr_par' dir='ltr' id='par_1_112' title="bbox 2290 5692 3127 5763">
     <span class='ocr_line' id='line_1_113' title="bbox 2290 5692 3127 5763; baseline 0.012 -18"><span class='ocrx_word' id='word_1_755' title='bbox 2290 5692 2388 5747; x_wconf 88' lang='lat' dir='ltr'><strong>SS.</strong></span> <span class='ocrx_word' id='word_1_756' title='bbox 2427 5696 2614 5763; x_wconf 83' lang='lat' dir='ltr'><strong>synodi</strong></span> <span class='ocrx_word' id='word_1_757' title='bbox 2642 5712 2795 5751; x_wconf 91' lang='lat' dir='ltr'><strong>num.</strong></span> <span class='ocrx_word' id='word_1_758' title='bbox 2837 5692 3012 5754; x_wconf 55' lang='lat' dir='ltr'><strong>l96&#39;et</strong></span> <span class='ocrx_word' id='word_1_759' title='bbox 3040 5700 3127 5755; x_wconf 83' lang='lat'><strong>97.</strong></span> 
     </span>
    </p>
   </div>
  </div>
