4018 6400
1570 407 1990 470 ΡΗΑΞΕΑΤΙΟ.
3348 411 3419 472 43

176 416 228 478 ιι
1571 416 1990 470 Ριωςι-Ανιίυ.
3348 416 3418 472 43

173 522 380 578 secundo
414 520 481 592 (ε)
511 522 654 593 typis
684 534 972 585 exeusum,
1011 518 1324 574 certissimo
1348 517 1556 572 certius
1606 516 1725 570 ausi
1753 521 1804 580 Α
1831 517 1898 571 Et
1920 516 2209 586 utrobique
2260 532 2427 588 super
2457 533 2524 574 eo
2554 517 2744 586 verbo,
2786 518 3007 575 Pmibis
3049 531 3174 575 ante
3224 520 3418 590 facient

174 630 334 669 sumus
381 614 525 668 l'erre
576 613 874 683 judicium,
930 614 1126 666 horum
1187 607 1725 665 Commentariorum

171 715 414 758 auctorem
451 717 576 757 esse
622 702 981 774 Euthymium
1014 703 1078 772 (ι’)
1122 700 1483 768 Zigabonum.
1537 697 1726 768 Neque

171 795 291 848 enim
340 810 497 848 avum
542 808 655 848 oro
688 793 794 847 fuit
849 807 1089 863 unquam
1150 791 1290 846 adeo
1325 790 1523 854 simile,
1558 803 1720 858 quam

175 885 352 953 harem
389 883 607 954 phrasis
637 884 736 936 illi.
778 882 975 938 Videas
998 881 1051 934 in
1091 889 1325 950 utroque
1357 889 1570 950 gratam
1594 894 1718 933 cum

171 977 307 1030 simili
342 979 549 1044 pietate
580 975 931 1038 brevitatem,
962 973 1300 1027 succinctam
1367 971 1728 1026 Hebraismo-

172 1082 268 1120 runt
305 1068 770 1136 explanationem.
800 1065 864 1119 Et
897 1064 1360 1135 quemadmodum
1392 1065 1466 1118 ibi
1506 1064 1716 1118 Psalte-

171 1161 302 1222 rium,
336 1160 405 1211 ita
435 1167 493 1212 et
527 1160 618 1213 hic
647 1159 990 1228 singulorum
1029 1157 1495 1228 evangelistarum
1556 1171 1722 1210 enar-

171 1253 373 1303 rationes
398 1249 565 1303 simili
613 1265 677 1304 ac
728 1257 1060 1319 pervenusta
1116 1248 1397 1304 concludit
1422 1247 1726 1318 (10605010-

170 1343 245 1411 γίᾳ
267 1342 444 1410 juncta
508 1342 856 1411 παραινέσει.
887 1341 1043 1396 Adde
1098 1341 1158 1411 (ἱ)
1213 1340 1358 1410 quod
1411 1340 1556 1394 inter
1613 1355 1724 1394 ca:-

172 1443 264 1485 tera
314 1443 533 1488 enarrat
582 1444 638 1488 et
665 1434 852 1488 Maria:
894 1448 959 1487 ac
982 1432 1265 1490 Zachariae
1322 1432 1557 1496 cantica,
1599 1447 1723 1501 qua).

173 1525 306 1578 habet
342 1525 517 1579 Lucas
575 1527 754 1596 primo
803 1527 982 1595 capite
1013 1543 1027 1579 :
1060 1540 1292 1596 quorum
1326 1534 1380 1580 et
1447 1524 1504 1578 in
1538 1525 1643 1577 hoc
1671 1533 1727 1578 et

173 1622 216 1668 ln
236 1617 312 1669 illo
333 1617 488 1677 libro.
524 1619 706 1673 verbis
741 1619 1012 1672 duntaxat
1040 1633 1140 1686 pro
1165 1617 1431 1671 varietate
1451 1615 1724 1686 interpre-

173 1716 262 1760 tum
285 1709 600 1776 immutatis,
639 1712 891 1766 eamdem
922 1711 1136 1766 videbis
1191 1710 1721 1781 interpretationem.

228 1866 284 1936 (ε)
319 1867 391 1922 Ex
420 1872 522 1924 hoc
553 1871 757 1940 colligit
784 1871 1206 1936 Hambergerus,
1229 1886 1395 1940 supra
1428 1870 1680 1924 laudatus
1707 1887 1722 1923 :

171 1935 454 2008 Dasaginige
476 1935 816 2006 Exempiare,
831 1943 966 1995 alter
981 1935 1541 1995 an/rrscheiirlic/tkeit
1562 1941 1695 1993 nac/t
1706 1980 1722 2004 ,

168 2008 247 2080 de:
273 2005 412 2060 Jalrr'
441 2013 601 2075 ιδιδ,
632 2005 733 2080 (inf
771 2012 889 2065 dent
940 2011 1078 2065 Τξιει
1109 2012 1320 2080 {ii/areu.
1361 2012 1469 2065 Sed
1496 2011 1729 2066 vocabtto

171 2077 262 2129 lum
312 2095 558 2152 uenalem
638 2077 718 2136 est
784 2077 1127 2152 ambiguum}
1195 2080 1469 2137 Incertum
1551 2081 1724 2152 enim,

171 2155 324 2200 utrum
349 2150 410 2201 ad
445 2149 883 2207 Commentarios
921 2149 976 2204 in
999 2152 1268 2215 Psalmos,
1326 2166 1395 2204 an
1436 2152 1503 2205 ad
1559 2150 1723 2204 Com-

172 2220 436 2290 mentarios
466 2222 518 2272 in
561 2222 854 2290 Evangelia
881 2224 954 2275 sit
1013 2222 1384 2275 referendum.
1421 2219 1527 2275 Sed
1584 2219 1729 2290 illud

173 2295 298 2350 puto.
333 2289 538 2341 litenirn
578 2289 1038 2345 Montel'alconius
1087 2293 1140 2344 in
1172 2292 1514 2346 Bibliotheca
1565 2289 1726 2345 Cois-

170 2353 364 2420 liniana,
395 2374 444 2424 p.
479 2360 569 2420 58,
595 2369 865 2414 n'ietuorat
899 2362 1116 2414 illorum
1167 2361 1723 2424 Commentariorum,

171 2438 223 2500 ex
243 2426 683 2500 interpretatione
708 2430 944 2498 Philippi
980 2431 1153 2492 Sauli,
1174 2430 1472 2484 editionem
1499 2430 1726 2484 Verona:

171 2495 216 2566 ia
238 2495 323 2547 fol.
347 2513 469 2550 anu.
499 2499 656 2562 1550,
683 2510 738 2552 et
761 2495 938 2553 Latet.
959 2501 1014 2553 in
1038 2502 1092 2566 8,
1119 2517 1249 2554 ann.
1274 2501 1430 2554 1545.
1459 2500 1725 2563 Priorem,

171 2563 365 2638 si__recte
398 2569 641 2633 memini,
668 2569 780 2638 vidi
803 2563 1086 2638 quondam
1123 2571 1179 2624 in
1227 2571 1560 2624 bibliotheca
1606 2586 1724 2622 am-

169 2632 368 2706 plissimi
406 2649 625 2692 senatus
663 2632 989 2706 Lipsiensis.
1037 2638 1209 2704 lianc,
1239 2648 1299 2693 ut
1349 2641 1586 2703 videtur,
1622 2655 1726 2693 no-

172 2709 234 2778 tat
278 2704 689 2778 llambergerus,
728 2704 855 2762 loco
899 2709 1119 2764 laudato
1152 2725 1464 2778 quanquam
1496 2710 1584 2764 hic
1623 2725 1724 2778 pro

171 2766 388 2839 Lutetiae,
409 2766 624 2846 scripsit
646 2766 891 2835 Parisiis.
915 2766 1576 2852 Alterum'argu‘mentum
1609 2766 1715 2844 est,

1826 609 2044 664 Domini
2075 612 2406 679 pararevias
2454 612 2593 680 ejus.
2656 612 2791 677 Quae
2853 614 2986 680 sint,
3048 614 3248 683 inquit,
3316 616 3419 668 vim

1828 702 1948 771 ejus
1992 703 2231 756 diximus
2287 704 2450 757 tertio
2505 703 2682 773 capite
2773 704 3059 773 Evangelii
3115 707 3421 761 secundum

1828 789 2288 857 Mattharum,'ubi
2319 793 2549 846 habetur
2581 810 2594 846 :
2636 793 2742 848 Vua:
2767 794 3052 849 clamantis
3082 799 3137 849 in
3194 798 3418 862 deserto,

1828 893 2023 953 parate
2055 885 2194 938 viam
2230 884 2466 938 Domini.
2500 884 2634 938 Cum
2663 888 2778 940 haec
2799 887 3015 957 aliaque
3077 889 3422 958 plurimaque

1831 976 2138 1031 certissima
2188 977 2254 1031 de
2317 978 2420 1032 hoc
2491 989 2720 1034 auctore
2802 981 3007 1035 iudicia
3064 980 3418 1045 haberemus,

1829 1069 2124 1123 maluimus
2178 1070 2233 1124 in
2269 1070 2356 1124 his
2409 1087 2530 1140 qua:
2595 1071 2840 1126 nondum
2914 1073 3178 1127 distracta
3237 1082 3418 1134 erant,

1830 1163 2262 1231 exemplaribus,
2322 1165 2572 1221 studioso
2626 1166 2818 1220 lectori
2854 1165 2906 1220 id
2941 1166 3208 1226 indicare,
3256 1181 3421 1234 quam

1829 1267 1955 1306 eum
1988 1252 2197 1307 diutius
2222 1269 2554 1324 suspensum
2619 1267 2831 1310 tenere.
2857 1255 3043 1321 Quare
3093 1255 3238 1309 sicut
3295 1255 3423 1309 illo—

1829 1359 1950 1396 rum
1980 1343 2518 1398 Commentariorum
2560 1346 2614 1398 in
2645 1345 2913 1409 Psalmos,
2950 1356 3229 1399 auctorem
3255 1361 3421 1400 nemo

1827 1435 2040 1489 dubitat
2099 1451 2228 1490 vere
2276 1451 2400 1490 esse
2465 1435 2820 1508 Euthymium
2901 1437 3266 1508 Zigabonum,
3334 1437 3417 1491 sic

1829 1541 2010 1596 neque
2045 1527 2314 1597 deinceps
2366 1528 2561 1582 horum
2633 1529 2686 1583 in
2728 1530 3026 1600 Evangelia
3059 1528 3422 1584 Commenta-

1830 1619 2040 1675 riorum
2067 1622 2384 1690 suspicetur
2411 1623 2703 1692 quisquam
2760 1623 2926 1676 alium
2960 1637 3082 1677 esse
3113 1631 3418 1676 auctorem.

1831 1710 1980 1767 Vale.
2014 1711 2172 1767 Anno
2207 1713 2363 1768 1544.
2397 1713 2570 1768 Nonis
2602 1712 2914 1770 Februarii.

1832 1867 1974 1940 quod
2030 1867 2086 1919 in
2113 1867 2599 1940 hacrpsaeditione
2627 1868 2926 1940 Euthymii,
2983 1869 3112 1940 anni
3171 1869 3331 1932 15H,
3365 1869 3421 1924 in

1832 1937 2015 2010 indice
2059 1937 2356 2010 scribitur;
2397 1959 2414 1989 ‹
2447 1938 2611 1993 Liber
2655 1940 2742 1993 hic
2774 1937 2977 2008 'neque
3001 1939 3208 2010 Graece,
3244 1956 3424 2010 neque

1829 2007 2022 2080 Latine
2045 2019 2208 2080 antea
2235 2008 2376 2080 typis
2394 2025 2634 2080 unquam
2657 2007 2898 2064 excusus
2913 2019 3018 2064 est.
3034 2009 3233 2080 rDeniq
3244 2025 3309 2064 ue
3333 2007 3426 2065 hic

1829 2076 1884 2130 in
1921 2077 2025 2150 line
2073 2077 2236 2150 hujus
2261 2076 2685 2133 admonitionis
2745 2080 2982 2150 legitur:
3020 2097 3038 2130 ι
3078 2080 3137 2134 ln
3184 2076 3270 2134 his
3302 2097 3426 2150 qua:

1830 2147 2076 2222 nondum
2132 2147 2408 2222 distracta
2430 2158 2611 2214 erant,
2662 2168 2680 2200 ι
2711 2147 2820 2204 etc:
2869 2152 2962 2204 Est
2998 2165 3126 2222 ergo
3146 2219 3158 2222 _
3184 2147 3334 2222 haec,
3363 2159 3425 2204 ut

1830 2217 2018 2289 credo,
2081 2215 2576 2289 editiogprinceps,
2639 2229 2850 2274 ruutato
2872 2215 3088 2274 tantum
3144 2219 3348 2275 Indice.

1906 2289 1968 2358 (fl
1998 2286 2096 2358 Ita,
2130 2302 2229 2354 pro
2260 2286 2582 2358 Zigabenits.

1902 2356 1977 2428 (g)
2024 2356 2080 2410 ld
2139 2358 2258 2425 ipse
2317 2356 2481 2412 etiam
2538 2361 2727 2412 testari
2777 2376 3025 2430 possum,
3051 2377 3176 2417 cum
3202 2362 3422 2417 codices

1829 2426 2196 2495 MoSquenses
2235 2429 2578 2483 l’salmorum
2615 2426 2989 2485 tractaverim.

1901 2497 2110 2576 (Ii)_Sed
2150 2497 2254 2552 hoe
2316 2499 2370 2551 in
2437 2499 2685 2570 pluribus
2745 2500 2969 2555 Patrum
3003 2503 3424 2558 Commentariis

1829 2575 2123 2620 reperitur.

1893 2583 2175 2711 ἳῧτῧῗεΐέρ
2189 2636 2464 2711 similibus
2487 2639 2828 2710 argumentis
2859 2640 2912 2694 in
2945 2641 3138 2711 primis
3165 2643 3418 2704 eilicitur,

1832 2718 2116 2782 auctorem
2165 2708 2360 2762 horum
2427 2708 2966 2766 Commentariorum
3031 2729 3154 2769 esse
3214 2715 3426 2782 Euthy—

1834 2792 2026 2830 mrum.

201 2953 2719 2977 Ἢ

1094 3124 1223 3212 EJ
1254 3123 1639 3214 USDEM
1766 3121 2455 3217 PIUEFATIO.

1727 3344 1796 3355 .—

681 3480 924 3536 Candido
944 3479 1178 3536 Lectori.

228 3661 296 3716 Ne
353 3663 479 3732 quid
535 3663 590 3716 in
640 3662 746 3718 hoc
806 3673 1030 3718 auctore
1107 3664 1409 3719 evolvendo
1473 3663 1716 3731 hmsites,

169 3755 374 3810 candide
394 3755 612 3818 Lector,
649 3755 838 3826 paucis
867 3756 935 3809 de
982 3756 1145 3809 rebus
1180 3766 1232 3811 te
1282 3756 1538 3810 duximus
1577 3772 1718 3826 pra:-

170 3848 494 3901 moneudum.
557 3848 616 3901 ld
680 3848 842 3918 igitur
894 3848 1132 3916 primum
1181 3848 1274 3910 sit,
1345 3850 1579 3916 quodin
1648 3864 1716 3902 eo

167 3938 434 4006 exemplari
462 3940 607 4008 quod
640 3939 704 3992 ad
731 3949 950 3992 nostras
998 3953 1195 3992 manus
1220 3940 1489 4007 pervenit,
1559 3955 1712 4008 quae-

167 4026 267 4080 dam
309 4030 691 4083 annotationes
747 4031 1024 4083 interdum
1119 4032 1465 4099 ponebantur
1524 4031 1596 4100 (Ir)
1661 4031 1712 4084 in

167 4121 518 4190 marginibus:
573 4137 730 4190 quas,
787 4138 911 4175 cum
974 4138 1314 4191 nequaquam
1367 4123 1714 4192 pmrritendas

167 4225 440 4274 censerem,
471 4229 580 4267 non
639 4214 744 4267 fuit
772 4217 989 4268 animus
1045 4216 1265 4282 penitus
1325 4215 1586 4284 abjicere,
1644 4230 1713 4268 no

168 4300 236 4353 vel
269 4303 364 4356 hoc
395 4306 683 4358 comrnudo
739 4305 1092 4358 iraudareris.
1121 4303 1324 4357 Verum
1384 4322 1452 4358 ne
1515 4306 1710 4375 hujus-

165 4397 285 4448 tnodi
336 4399 782 4452 adnotationibus
833 4398 1110 4468 margines
1178 4400 1544 4467 replerentur,
1600 4408 1712 4454 nec

165 4499 284 4540 esset
329 4491 562 4558 spatium
619 4490 885 4558 ponendis
935 4506 1105 4578 sacrze
1191 4491 1488 4559 Scriptura:
1553 4493 1706 4559 locis,

163 4593 262 4646 qua:
301 4583 491 4649 passim
552 4583 621 4636 ab
661 4592 883 4636 auctore
934 4584 1193 4650 citantur,
1253 4587 1428 4638 easin
1486 4586 1710 4654 reliquae

163 4666 426 4739 Scriptura:
499 4674 749 4728 ordinem
800 4675 1133 4743 redegimus,
1193 4687 1356 4745 atque
1415 4688 1536 4745 post
1585 4679 1706 4745 ejus

163 4764 408 4825 particula;-
443 4775 624 4820 textus
675 4768 1082 4820 enarrationem
1119 4769 1187 4822 ad
1219 4785 1380 4837 quam
1425 4769 1705 4838 poneban-

165 4859 250 4915 tur,
285 4855 572 4910 locavimus
603 4876 614 4909 :
642 4858 806 4911 certis
829 4869 1010 4911 tamen
1031 4859 1355 4928 quibusdam
1390 4861 1450 4928 (ι)
1475 4863 1700 4927 notitiis,

163 4943 265 4998 hinc
290 4949 498 5015 quidem
518 4950 930 5004 adnotationem
960 4951 1154 5020 ipsam,
1186 4953 1336 5012 illine
1371 4971 1500 5007 vero
1524 4957 1703 5008 locum

163 5037 232 5088 cui
254 5045 610 5109 respondeant
663 5043 1103 5112 designantibus.
1159 5047 1304 5098 Alias
1352 5057 1703 5117 autem,qu'.e

161 5127 340 5182 duobus
371 5133 552 5186 verbis
582 5134 823 5202 capitum
877 5137 1180 5189 sententias
1229 5138 1698 5202 demonstrabant,

160 5219 254 5272 suis
281 5221 401 5275 locis
428 5225 767 5291 reliquimus.
797 5223 938 5287 Quin
971 5235 1027 5278 et
1075 5227 1264 5294 paucis
1294 5230 1344 5279 in
1396 5230 1549 5291 locis,
1611 5232 1698 5285 tibi

159 5325 307 5377 opera:
355 5317 588 5383 pretium
647 5319 824 5371 visum
855 5326 959 5382 est,
1021 5331 1490 5388 nostras‘quoque
1527 5325 1697 5377 aduo-

163 5405 457 5462 ta'tiuuculas
490 5411 717 5479 margini
745 5412 1050 5464 addidimus
1085 5429 1097 5463 :
1166 5417 1470 5481 prwsertim
1502 5433 1515 5468 :
1576 5434 1698 5470 eum

159 5493 320 5551 litterae
374 5499 541 5553 dictio
593 5502 774 5569 aliqua
828 5501 1148 5557 llebraicam
1206 5518 1302 5560 aut
1352 5507 1697 5563 Chaldaicam

217 5653 274 5722 (Κ)
301 5656 436 5710 Idem
462 5659 776 5712 observavit
800 5659 1111 5716 Ricliardus
1164 5662 1447 5721 Simonius
1509 5669 1561 5721 in
1590 5670 1699 5723 Eu-

162 5723 314 5809 thymii
369 5731 651 5807 codicrbus
715 5731 1001 5795 l’arisinis,
1071 5745 1124 5786 et
1185 5752 1281 5787 nos
1342 5740 1393 5789 in
1465 5749 1697 5809 utroque

165 5791 448 5866 Nosquena'i.

486 5899 751 5958 PATBOL.
803 5902 918 5958 Cn.
969 5897 1131 5960 CXX
1148 5899 1245 5963 1X.

1763 3493 1804 3549 ρ
1840 3483 2005 3539 habet
2068 3487 2359 3557 originem,
2418 3505 2540 3558 qua
2596 3507 2714 3548 ioca
2781 3502 2975 3549 auctor
3002 3506 3214 3562 noster,
3241 3509 3300 3554 ut
3328 3503 3420 3569 qui

1825 3574 2048 3631 Graccus
2079 3589 2289 3632 tantum
2309 3592 2474 3646 esset,
2495 3592 2589 3638 aut
2607 3586 2835 3640 omnino
2854 3591 3422 3657 prmtermiserarfaut

1825 3668 2482 3728 infelicitertractaverat.
2514 3675 2571 3729 lu
2596 3679 2772 3746 primo
2793 3683 2976 3735 statim
2996 3683 3239 3752 cujusvis
3259 3686 3420 3742 faciei

1823 3758 1981 3814 initio
2021 3777 2219 3816 nomen
2264 3766 2635 3836 evangelista‘,
2667 3785 2773 3823 una
2799 3787 2924 3825 cum
2965 3776 3158 3843 capitis
3191 3792 3422 3832 numero

1821 3855 1974 3924 juxta
2005 3856 2323 3914 Latinorum
2365 3867 2838 3922 enumerationem
2879 3872 3164 3937 posuimus
3202 3891 3214 3927 :
3253 3890 3422 3944 supra

1824 3947 1972 4016 ipsos
1990 3959 2172 4004 autem
2194 3953 2401 4022 paginm
2420 3971 2629 4022 versus,
2645 3960 2964 4028 majusculis
2985 3962 3205 4030 litteris,
3225 3982 3422 4021 nume-

1826 4053 1948 4092 rum
1978 4041 2172 4111 capitis
2210 4044 2367 4112 juxta
2409 4046 2718 4103 Cra-corum
2769 4059 3238 4126 supputationem,
3273 4063 3420 4126 quod

1816 4148 1936 4186 eam
1973 4136 2140 4188 solam
2188 4147 2379 4191 auc-tor
2412 4150 2601 4194 noster
2645 4154 2756 4198 toto
2807 4163 2974 4215 opere
3022 4125 3414 4220 prosequatur.

1885 4225 2027 4280 Loca
2043 4245 2171 4283 vero
2199 4246 2227 4284 e
2247 4230 2435 4287 Bibliis
2487 4239 2672 4294 citata.
2705 4249 2800 4292 aut
2826 4255 2889 4293 ea
2917 4249 3323 4307 concerneutia,
3359 4249 3408 4301 in

1815 4320 2058 4387 margine
2106 4325 2531 4393 adnotavimus;
2577 4333 2823 4386 numeris
2881 4335 3032 4404 juxta
3091 4335 3409 4395 Latinorum

1815 4409 2227 4466 distinctionem
2270 4417 2449 4485 capita
2484 4419 2924 4490 designantibus,
2959 4429 3106 4494 quod
3149 4430 3265 4483 hinc
3289 4433 3410 4499 opio

1813 4515 2010 4554 uemur
2055 4520 2175 4558 esse
2223 4508 2318 4560 tibi
2374 4511 2610 4568 notiora.
2678 4513 2780 4568 Ubi
2836 4527 3017 4572 autem
3082 4521 3234 4576 locus
3255 4527 3408 4591 quis-

1814 4593 1956 4661 piam
2010 4597 2228 4663 citatus,
2263 4616 2371 4654 non
2405 4601 2569 4658 fuerit
2597 4605 2651 4658 iu
2685 4612 2930 4675 margine
2975 4629 3288 4682 expressus,
3340 4620 3406 4671 ad

1813 4683 2061 4751 ejusdem
2091 4692 2386 4747 voluminis
2422 4696 2599 4749 locmu
2648 4710 2808 4754 antea
2843 4702 3068 4757 citatum
3102 4710 3402 4775 recurrite;

1819 4777 1868 4830 id
1909 4780 2054 4831 enim
2107 4784 2173 4838 de
2227 4785 2498 4841 indusrria
2553 4791 2857 4856 omisimus,
2920 4811 2990 4848 ne
3042 4798 3182 4851 idem
3246 4814 3409 4870 caput

1819 4872 2060 4940 ejusdem
2107 4877 2396 4933 voluminis
2431 4884 2588 4936 toties
2632 4885 2840 4941 iteratis
2879 4889 3084 4944 vicibus
3116 4893 3409 4949 adnotare-

1819 4979 1958 5019 rnus.
2021 4967 2272 5036 Ignosces
2299 4974 2462 5025 etiam
2515 4990 2614 5042 pro
2645 4985 2735 5030 tua
2775 4979 3138 5046 humanitate,
3173 4988 3405 5040 candide

1817 5055 2010 5120 lector,
2031 5063 2173 5128 quod
2196 5078 2353 5116 voces
2387 5068 2650 5132 quasdam
2682 5085 2788 5121 non
2829 5074 3199 5139 vitaverimus,
3228 5093 3255 5128 a
3281 5080 3404 5146 qui-

1817 5144 1918 5199 bus
1954 5161 2138 5203 nostro
2165 5153 2266 5205 hoc
2298 5155 2525 5209 feliciori
2554 5159 2752 5212 sai-culo
2783 5162 3085 5216 abhorrent
3114 5144 3363 5222 nonnulli
3390 5187 3405 5235 ;

1813 5237 1975 5291 veluti
2011 5252 2158 5301 sunt,
2201 5247 2458 5308 salvator,
2494 5248 2727 5312 salvere,
2779 5255 3031 5319 compati,
3079 5260 3401 5322 compassio,

1808 5327 2338 5400 incompassibililas,
2389 5341 2734 5408 dispensatio,
2787 5346 3170 5411 dispensatorie
3213 5365 3276 5400 ac
3323 5352 3398 5402 si—

1810 5425 2001 5478 miles:
2051 5428 2390 5495 potiSsimum
2490 5448 2612 5486 cum
2666 5435 2906 5488 viderent
2961 5437 3307 5494 doctissimos
3337 5459 3399 5494 av

1809 5519 2288 5586 eloquentissimos
2353 5523 2662 5579 Christianae
2717 5529 2993 5597 religionis
3048 5548 3309 5599 proceres
3334 5536 3402 5588 ab

1811 5757 1824 5799 ι
1882 5679 1942 5757 (ῆι)
1973 5676 2241 5733 Nimirum
2275 5680 2430 5752 signo
2480 5683 2660 5740 crucis
2690 5686 2834 5755 quod
2881 5703 2982 5744 nos
3013 5705 3231 5762 quoque
3276 5691 3400 5746 imi-

1835 5759 1906 5799 att
1941 5764 2149 5799 Simius.

1835 5759 1906 5800 all
1941 5764 2149 5804 Sliilllls.

2986 5910 3020 5970 2
