4018 6388
665 397 736 461 43
2063 397 2157 454 PR
2170 395 2228 453 ,Ε

2334 392 2473 453 ΤΙΟ.
3821 386 3892 447 U.

671 510 758 562 his
821 519 1155 575 nequaquam
1216 501 1582 567 abhorruisse,
1639 500 1825 555 Tertnl
1851 501 2032 556 ianum
2087 502 2228 564 dico,
2264 511 2303 563 Α
2334 513 2572 569 91⁵3350118
2604 505 2696 552 aut
2731 496 3063 567 prmtcritum
3090 495 3410 561 edormitur,
3445 496 3644 552 habeat
3671 497 3722 550 in
3751 498 3894 552 lutu-

673 599 1035 661 Lactantium,
1090 594 1437 665 Cyprianum,
1470 593 1854 665 Hieronymum
1927 603 1979 648 et
2013 593 2222 662 AUgus-

669 690 864 746 tinum.
891 689 980 753 qui
1019 687 1180 738 etiam
1206 701 1300 739 xm
1331 686 1402 738 De
1434 684 1628 738 Trinit.
1652 723 1666 746 ,
1695 699 1795 753 cap
1830 684 1914 750 lt),
1947 685 2016 736 ita
2049 686 2224 752 loqui-

669 790 796 832 tur:
838 778 975 830 «Nisi
1002 777 1303 838 ,inlirmitas
1337 785 1498 835 esset.
1549 776 1813 828 medicum
1865 776 2224 828 necessarium

669 886 776 925 non
808 871 1081 930 haberent,
1115 870 1208 936 qui
1237 881 1316 922 est
1353 867 1610 922 llcbraice
1636 867 1804 932 Jesus,
1838 868 2020 921 Graece
2056 866 2224 932 Soter,

671 969 851 1013 nostra
913 969 1092 1012 autem
1152 958 1424 1011 locutione
1466 958 1751 1011 Salvator:
1809 958 1949 1025 quod
2004 958 2226 1009 verbum

672 1051 863 1102 Latina
910 1050 1089 1118 lingua
1128 1064 1238 1102 non
1296 1050 1544 1113 habebat,
1598 1049 1691 1102 sed
1746 1049 1940 1102 habere
1995 1060 2227 1118 poterat,

669 1143 809 1192 sicut
849 1139 1034 1192 habuit
1073 1140 1287 1206 quando
1324 1139 1542 1190 voluit.»
1583 1139 1646 1190 Et
1677 1139 1868 1191 merito
1923 1140 2034 1192 haec
2100 1139 2231 1192 dicit

672 1233 1028 1297 Augustinus.
1054 1229 1185 1293 Quis
1209 1229 1353 1280 enim
1382 1228 1613 1290 dubitat,
1641 1230 1771 1296 quin
1801 1229 2011 1293 Cicero,
2040 1231 2082 1282 si
2106 1245 2232 1282 uns-

675 1321 772 1372 tris
803 1319 996 1372 fuisset
1028 1318 1384 1386 temporibus,
1434 1329 1739 1386 nostraeque
1776 1319 1900 1373 ﬁdei
1936 1321 2231 1389 recepisset

671 1410 937 1478 dogmata,
973 1410 1214 1477 plurimis
1244 1425 1373 1462 usus
1398 1411 1586 1462 luisset
1625 1411 1845 1464 vocibus
1876 1411 2072 1478 quibus
2121 1426 2230 1463 non

673 1510 751 1554 est
791 1515 953 1552 usus:
988 1515 1296 1568 quanquam
1328 1508 1383 1552 et
1413 1500 1531 1567 ipso
1563 1501 1725 1553 verbo
1753 1499 1971 1554 Salvare
2003 1515 2133 1554 usus
2149 1509 2234 1554 est

671 1594 727 1646 in
758 1591 817 1644 L.
857 1593 1126 1656 Pisonem,
1164 1603 1218 1646 et
1267 1608 1383 1659 eius
1414 1608 1541 1646 voce
1574 1596 1806 1661 passiva,
1833 1594 1877 1647 ll
1910 1593 1986 1648 De
2039 1605 2232 1648 natura

677 1688 918 1740 deorum.
949 1687 1311 1750 Quintilianus
1341 1701 1553 1754 quoque
1579 1688 1671 1740 lib.
1703 1703 1796 1750 xit,
1829 1701 1948 1756 cap.
1986 1686 2072 1749 10,
2105 1701 2232 1738 usus

671 1785 757 1828 est
787 1777 974 1829 eodem
1008 1777 1210 1840 verbo;
1261 1777 1403 1843 quod
1455 1775 1614 1827 etiam
1665 1776 2057 1829 adnotaverunt
2109 1785 2232 1828 ante

679 1881 774 1918 ros
799 1865 897 1918 viri
931 1865 1252 1918 doctissimi.
1279 1864 1596 1932 Quanquam
1628 1865 1956 1919 recentiores
1985 1874 2228 1935 typogra-
2264 1842 2303 1896 Β

679 1958 901 2024 phorum
939 1959 1289 2026 castigatores
1321 1958 1432 2010 ha‘c
1469 1957 1753 2011 immutare
1783 1957 1897 2012 ausi
1931 1957 2074 2010 sint:
2113 1958 2228 2011 sive

678 2049 728 2100 id
780 2063 876 2100 suo
914 2049 1141 2100 fecerint
1185 2048 1428 2110 arbitrio,
1464 2050 1575 2102 sive
1618 2049 1843 2101 aliorum
1904 2062 2091 2112 suasu,
2135 2048 2228 2116 qui

681 2141 790 2191 haec
821 2138 1109 2206 depravata
1147 2136 1314 2192 fuisse
1344 2139 1676 2201 asserebant,
1708 2139 1851 2207 quod
1883 2153 2002 2191 rara
2048 2151 2230 2192 essent

679 2233 921 2283 inventu.
959 2230 1067 2298 Ego
1100 2239 1280 2283 tamen
1317 2231 1473 2301 vulgo
1509 2245 1595 2284 me
1626 2230 1873 2284 nonnihil
1919 2245 2229 2285 accommo-

678 2321 806 2373 dare
842 2319 1019 2374 debui.
1054 2319 1188 2384 Quia
1225 2335 1351 2374 vero
1382 2322 1557 2374 locum
1587 2323 1831 2390 quemvis
1854 2327 2227 2375 occurrentem

677 2412 816 2464 idem
869 2419 1079 2474 auctor,
1126 2412 1273 2464 nullo
1315 2413 1678 2479 praetermisso
1711 2413 1781 2466 ita
1848 2413 2118 2482 explanat,
2172 2421 2231 2466 ut

670 2512 1009 2566 quaecunque
1040 2499 1184 2550 circa
1209 2513 1326 2550 eam
1357 2498 1658 2561 materiam,
1691 2510 1782 2552 aut
1807 2500 1948 2552 idem
2001 2517 2231 2569 evange-

675 2587 792 2641 lista
824 2590 927 2641 alio
945 2589 998 2642 in
1023 2589 1162 2652 loco,
1193 2598 1285 2643 aut
1314 2591 1492 2644 cazteri
1521 2600 1826 2651 recensent.
1859 2593 2058 2659 pariter
2087 2593 2230 2645 edis-

676 2690 835 2742 serat,
868 2679 932 2732 ad
957 2680 1176 2732 minima
1209 2695 1380 2751 usque
1400 2682 1729 2752 singulorum
1752 2682 2022 2735 interdum
2047 2686 2227 2746 verba,

679 2770 766 2822 ubi
787 2784 910 2821 vero
929 2785 1046 2822 sese
1063 2771 1402 2838 postmodum
1428 2774 1617 2825 eadem
1647 2788 1730 2826 res
1757 2773 2032 2834 obtulerit,
2058 2775 2123 2825 ad
2151 2776 2236 2826 di-

673 2869 810 2913 ctam
845 2861 1339 2928 interpretationem
1371 2863 1534 2915 citato
1581 2864 1732 2931 juxta
1759 2861 2066 2916 Graecorum
2099 2879 2230 2931 sup-

677 2952 1004 3018 putationem
1024 2954 1195 3020 capite
1220 2956 1576 3008 transmittat:
1601 2955 1799 3008 idcirco
1831 2964 2047 3023 praestat
2075 2964 2228 3007 ante-

677 3056 836 3109 quam
865 3043 1100 3095 auctoris
1132 3044 1289 3096 verba
1324 3044 1698 3113 aggrediamur
1738 3050 2062 3114 prmmittere
2087 3046 2231 3098 ordi-

666 3145 799 3186 chm
823 3147 884 3184 ac
935 3148 1218 3186 numerum
1266 3136 1593 3203 singulorum
1648 3139 1879 3203 capitum
1937 3139 2094 3189 modo
2125 3154 2230 3206 quo
2262 3181 2299 3206 ,η

669 3223 816 3292 apud
843 3224 1054 3276 Graecos
1102 3225 1351 3277 distincta
1385 3235 1530 3285 sunt,
1568 3241 1725 3292 quem
1757 3237 1808 3279 et
1839 3243 1937 3280 nos
1969 3245 2071 3281 uua
2103 3245 2227 3282 cum

675 3320 899 3364 auctore
958 3311 1012 3362 in
1062 3321 1246 3364 nOstra
1302 3311 1552 3364 \ersione
1604 3315 1962 3367 servabimus.
2025 3315 2232 3370 Deinde

676 3400 799 3466 quia
826 3400 877 3452 in
903 3399 1112 3463 Graeco,
1152 3401 1206 3454 in
1240 3401 1380 3470 quod
1412 3401 1719 3466 incidimus,
1758 3405 2072 3472 exemplari,
2098 3422 2232 3459 con-

679 3499 851 3542 textus
867 3489 1132 3559 Evangelii
1168 3505 1272 3543 non
1321 3506 1441 3544 raro
1477 3491 1743 3561 discrepat
1773 3509 1802 3544 a
1831 3492 2098 3548 Novorum
2131 3496 2235 3550 Te-

679 3591 1071 3635 stamentorum
1115 3582 1371 3643 editione,
1401 3597 1519 3652 quae
1543 3585 1742 3652 passim
1786 3584 1984 3638 Griecis
2038 3602 2233 3640 excusa

673 3674 818 3742 typis
851 3673 1308 3727 circumleruntur
1333 3691 1347 3726 :
1397 3675 1539 3740 quod
1567 3674 1654 3728 ubi
1681 3676 1893 3737 accidit,
1921 3675 2236 3744 plerumque

643 3763 956 3817 ‘conforme
995 3773 1079 3818 est
1116 3765 1387 3833 esem'plar
1420 3765 1589 3818 Graeci
1643 3765 1802 3835 hujus
1847 3768 2083 3820 auctoris
2123 3768 2236 3819 edi-

669 3855 807 3908 tioni
836 3853 1151 3920 Bibliorum,
1180 3871 1295 3924 quae
1334 3857 1583 3909 dominus
1625 3853 1946 3910 Franciscus
1977 3857 2234 3912 Ximenez

673 3943 1115 4014 archiepiscopus
1144 3945 1270 3998 olim
1301 3944 1614 4007 Toletanus,
1641 3960 1702 3998 ac
1730 3946 1785 4000 S.
1811 3945 1876 3998 Β.
1903 3946 1966 4000 Ε.
1990 3948 2236 4001 cardina-

676 4034 767 4096 lis,
795 4034 1073 4088 immensis
1119 4035 1445 4104 sumptibus,
1476 4036 1746 4089 laboribus
1781 4052 1843 4090 ac
1881 4037 2089 4106 vigiliis,
2119 4055 2235 4091 ma-

676 4123 818 4176 xima
852 4139 976 4177 cum
1008 4124 1278 4196 diligentia
1311 4126 1563 4192 compluti
1619 4129 1823 4180 curavit
1870 4130 2067 4182 nostris
2103 4138 2237 4182 tem-

676 4215 902 4283 poribus
931 4215 1093 4280 var'tis
1137 4215 1331 4283 linguis
1377 4214 1722 4268 excutienda:
1769 4216 1954 4269 accitis
2002 4216 2237 4286 undique

671 4315 939 4358 terrarum
972 4313 1084 4358 tum
1123 4305 1249 4358 viris
1280 4305 1334 4357 in
1367 4305 1668 4374 linguarum
1698 4307 2002 4374 cognitione
2033 4307 2239 4361 doctis-

671 4394 840 4459 simis,
891 4404 1004 4448 tum
1066 4394 1464 4462 exemplaribus
1511 4394 1942 4464 castigatissimis
1967 4409 2030 4448 ac
2061 4406 2219 4449 vetu-

2331 606 2447 644 rum
2479 605 2653 652 versa,
2687 588 2826 642 sicut
2862 588 3106 641 nonnulli
3141 588 3449 657 frequenter
3482 587 3679 643 fecisse
3703 589 3897 643 viden-

2331 693 2460 736 tur:
2515 680 3053 734 animadvertendum
3094 688 3196 738 est.
3262 680 3617 750 evangelistas
3659 691 3714 735 et
3764 696 3897 750 apo-

2329 774 2495 827 stolos
2531 811 2546 835 ,
2575 787 2697 826 cum
2734 785 2930 840 genere
2975 770 3178 823 Ilebrazi
3213 781 3418 834 essent,
3456 772 3552 825 hac
3584 773 3636 825 in
3672 787 3730 825 re
3754 773 3898 827 sicut

2329 873 2382 916 et
2412 863 2464 914 in
2495 862 2616 915 aliis
2649 861 2856 923 multis,
2906 858 3228 912 llebraicum
3281 869 3496 914 secutos
3541 861 3757 926 idioma,
3789 877 3898 931 quo

2331 955 2406 1006 illi
2447 952 2890 1022 frequentissime
2946 967 3045 1020 pro
3101 952 3375 1020 prwsenti,
3428 954 3569 1021 quod
3615 953 3895 1022 proprium

2331 1059 2439 1097 non
2475 1044 2693 1106 habent,
2752 1051 2846 1096 aut
2874 1058 2972 1110 pro
3007 1041 3210 1104 futuro,
3243 1041 3480 1094 eﬂ‘erunt
3513 1047 3891 1112 prmteritum:

2331 1145 2496 1203 utque
2527 1135 2576 1187 in
2610 1136 2919 1187 universum
2953 1134 3151 1196 dicam,
3187 1143 3400 1201 tempus
3440 1149 3607 1186 unum
3664 1150 3762 1202 pro
3792 1134 3898 1188 alio

2331 1223 2540 1278 Hebraei
2571 1237 2944 1292 saepenumero
2975 1222 3274 1277 collocant:
3301 1222 3444 1291 quod
3476 1223 3634 1276 etiam
3657 1238 3901 1295 evange-

2332 1315 2468 1368 lista:
2500 1330 2605 1368 non
2643 1329 2764 1367 raro
2790 1314 3064 1378 fecerunt,
3120 1329 3224 1368 nec
3253 1315 3401 1368 solus
3450 1314 3752 1380 Mattheus,
3806 1319 3899 1386 qui

2331 1405 2502 1474 patria
2546 1406 2759 1474 scripsit
2789 1405 2993 1475 lingua,
3044 1405 3147 1459 hoc
3175 1413 3256 1460 est
3301 1403 3548 1470 Hebraea,
3593 1407 3686 1460 sed
3716 1420 3902 1462 eteae.

2332 1496 2456 1558 teri,
2492 1497 2583 1565 qui
2628 1496 2809 1549 Greece
2840 1496 3194 1564 scripserunt.
3247 1493 3502 1560 Quaedam
3547 1511 3674 1566 ergo
3716 1512 3785 1551 ex
3815 1498 3900 1550 in-

2331 1589 2571 1640 numeris
2600 1587 2731 1641 locis
2763 1587 2990 1640 seursim
3035 1587 3429 1651 reCensuimus,
3465 1589 3519 1641 in
3549 1588 3750 1657 quibus
3783 1604 3902 1641 ma-

2331 1676 2529 1730 nifeste
2567 1693 2825 1745 praisens,
2879 1678 3149 1730 interdum
3199 1679 3360 1732 etiam
3415 1678 3750 1746 praeteritum
3804 1693 3902 1749 pro

2336 1768 2520 1820 futuro
2551 1767 2785 1821 locatum
2835 1779 2957 1821 est:
2993 1785 3221 1836 quorum
3256 1778 3308 1823 et
3337 1784 3438 1822 nos
3485 1770 3730 1837 quaedam
3783 1771 3904 1824 exi-

2333 1867 2491 1927 gente
2521 1858 2810 1920 sententia,
2840 1873 2934 1928 per
2953 1859 3193 1912 futurum
3215 1860 3502 1914 vertimus:
3531 1860 3658 1914 alibi
3685 1877 3906 1931 quoque

2336 1947 2386 1999 id
2436 1960 2504 2000 ex
2547 1947 2742 2001 littera:
2791 1957 3047 2002 contextu
3076 1957 3172 2002 aut
3221 1965 3282 2003 ex
3321 1949 3448 2018 ipsis
3483 1950 3905 2006 Commentariis

2335 2037 2556 2106 planum
2593 2039 2749 2094 erit:
2802 2040 3070 2095 interdum
3133 2057 3264 2095 vero
3303 2044 3373 2096 ob
3430 2044 3669 2097 auctoris
3727 2046 3905 2098 nostri

2335 2131 2738 2184 enarrationem
2767 2131 3054 2186 immutare
3076 2147 3182 2185 non
3209 2133 3373 2186 licuit.
3407 2133 3499 2186 Est
3523 2143 3576 2187 et
3610 2134 3712 2188 alia
3736 2151 3875 2204 pecu

2337 2222 2482 2276 liaris
2512 2221 2860 2277 llcbrazorum
2893 2224 3121 2292 phrasis,
3160 2239 3319 2294 quam
3353 2239 3458 2278 non
3490 2241 3612 2280 raro
3635 2227 3905 2280 :emulan-

2339 2325 2424 2368 tur
2474 2315 2834 2383 evangelista,
2864 2331 2967 2385 qua
2994 2333 3092 2385 pro
3136 2317 3373 2384 epitheto
3404 2317 3516 2370 sive
3555 2318 3778 2372 nomine
3809 2321 3906 2372 ad-

2331 2406 2553 2474 jectivo,
2581 2406 2787 2458 addunt
2818 2406 3116 2475 genitivum
3150 2408 3573 2471 substantivum,
3614 2410 3903 2465 dicentes:

2338 2494 2473 2548 Deus
2496 2498 2655 2563 pacis,
2690 2497 3076 2562 misericordiw,
3107 2499 3352 2565 justititr,
3392 2501 3623 2562 ultionis,
3665 2501 3774 2556 hoc
3801 2515 3906 2567 est,

2340 2585 2614 2652 paciﬁcus,
2655 2587 2986 2652 misericors,
3019 2589 3220 2657 justus,
3251 2590 3550 2644 ulciscens:
3586 2593 3670 2644 lea:
3696 2596 3906 2657 mortis,

2340 2675 2390 2727 id
2421 2684 2502 2728 est
2545 2677 2864 2742 mortifera;
2905 2678 3005 2746 ﬁlii
3050 2680 3434 2744 inobedicntiw,
3483 2680 3908 2746 inobedientes;

2331 2766 2498 2833 judrzi:
2529 2767 2841 2835 iniquitatis,
2865 2769 3099 2836 iniquus,
3124 2786 3422 2824 mammona
3455 2773 3774 2841 iniquitatis.
3803 2776 3911 2829 ini-

2337 2872 2502 2924 quum
2529 2875 2547 2921 ;
2593 2873 2688 2909 tot:
2717 2858 3012 2923 clamantis,
3046 2862 3280 2913 clamans
3309 2876 3322 2924 ;
3358 2862 3598 2916 fortassis
3629 2875 3681 2917 et
3711 2883 3912 2921 merces

2343 2947 2660 3012 iniquitatis,
2690 2946 2898 3013 iniqua.
2936 2948 3025 3000 sic
3060 2947 3226 3000 Judas
3254 2947 3449 3001 dicitur
3483 2951 3623 3014 ﬁlius
3646 2955 3912 3016 perditio-

2340 3039 2438 3100 nis,
2474 3037 2574 3090 hoc
2605 3047 2685 3091 est
2714 3040 2979 3107 perdit-ts,
3009 3041 3217 3108 aliaque
3245 3041 3543 3094 innumera.
3576 3043 3628 3095 ld
3658 3048 3912 3111 plerum-

2339 3144 2442 3195 que
2489 3130 2772 3181 immutare
2829 3146 2938 3184 non
2989 3132 3141 3182 licuit
3179 3142 3399 3199 pr0pter
3441 3134 3678 3184 auctoris
3732 3137 3910 3188 nostri

2338 3219 2563 3282 scholia,
2592 3235 2712 3288 qua:
2745 3220 2978 3272 litteram
3014 3236 3107 3288 per
3129 3222 3420 3290 genitivum
3443 3222 3910 3289 interpretantur:

2337 3309 2602 3362 interdum
2635 3325 2847 3378 quoque
2878 3326 2986 3363 non
3019 3312 3195 3374 libuit,
3233 3313 3375 3379 quod
3402 3313 3541 3380 apud
3573 3327 3768 3366 omnes
3797 3315 3909 3385 jam

2337 3400 2462 3453 olim
2489 3401 2591 3452 alia
2616 3408 2830 3468 recepta
2867 3411 3008 3454 esset
3051 3405 3340 3457 sententia.

2404 3491 2615 3544 Adheec
2635 3490 3035 3544 solentllebriei
3070 3493 3212 3546 hanc
3253 3493 3539 3546 dictionem
3565 3498 3780 3547 verbum
3815 3510 3912 3551 aut

2333 3596 2505 3632 sermo
2538 3596 2631 3648 pro
2661 3595 2717 3634 re
2757 3583 2838 3633 vel
2868 3580 3009 3634 facto
3037 3597 3276 3650 ponere:
3314 3587 3457 3651 quod
3493 3584 3545 3636 in
3578 3584 3759 3638 Veteri
3787 3591 3914 3654 qui-

2341 3671 2459 3722 dem
2485 3669 2833 3724 Testamento
2852 3671 3345 3740 frequentissimum
3364 3683 3464 3736 est,
3492 3682 3684 3728 utcum
3705 3677 3916 3732 dicitur

2339 3755 2472 3823 (Isa.
2499 3753 2620 3824 59):
2673 3755 2793 3808 Non
2823 3759 2916 3825 fuit
2954 3764 3158 3808 verbum
3185 3758 3318 3824 quod
3352 3774 3454 3810 non
3503 3762 3789 3814 ostenderit
3838 3767 3913 3818 eis

2341 3847 2596 3900 Ezechias
2630 3848 2682 3899 in
2717 3848 2870 3899 domo
2902 3864 3020 3910 sua,
3080 3848 3168 3899 ubi
3228 3856 3406 3901 tamen
3464 3851 3623 3918 paulo
3676 3850 3915 3906 inferius

2336 3940 2724 4008 subsequitur:
2781 3941 2899 3993 Non
2937 3942 3036 4010 fuit
3074 3957 3151 3994 res
3185 3957 3343 4009 quam
3389 3943 3673 3994 ostenderet
3731 3947 3809 3997 eis
3856 3948 3912 3998 in

2336 4035 2594 4086 thesauris
2634 4035 2781 4087 meis.
2827 4034 2891 4087 Et
2931 4036 3054 4087 alibi
3099 4033 3160 4102 (ll
3192 4033 3317 4101 Reg.
3353 4035 3391 4100 ι)
3426 4049 3548 4086 cum
3603 4036 3677 4087 ait
3738 4036 3913 4092 David

2339 4137 2528 4191 puero,
2556 4124 2648 4192 qui
2678 4138 2741 4176 ex
2772 4125 2963 4177 castris
2989 4124 3149 4177 Israel
3179 4140 3236 4177 se
3265 4123 3462 4193 fugisse
3486 4124 3719 4179 dicebat.
3756 4127 3914 4192 Quod

2337 4224 2415 4268 est
2442 4216 2651 4268 verbum
2682 4218 2817 4284 quod
2851 4219 3050 4286 factum
3083 4228 3157 4268 est
3190 4219 3214 4270 7
3248 4218 3422 4268 indica
3452 4218 3576 4269 mihi
3604 4234 3618 4281 ;
3649 4226 3705 4270 et
3740 4220 3911 4273 inm;-

2339 4305 2504 4360 meris
2533 4306 2652 4359 aliis
2677 4307 2730 4359 in
2766 4307 2918 4360 locis.
2976 4307 3124 4360 ldem
3181 4308 3234 4360 in
3270 4307 3419 4362 Novo
3463 4325 3676 4378 quoque
3710 4310 3913 4365 Testa-

2341 4403 2530 4447 mento
2561 4393 2761 4462 passim
2797 4393 2977 4461 (Marci
3016 4409 3053 4457 ι,
3086 4392 3195 4448 Luc
3235 4409 3268 4452 t.
3302 4409 3361 4454 ll,
3391 4394 3460 4462 iv)
3510 4411 3606 4448 usu
3639 4398 3814 4457 venit,
3854 4409 3914 4452 ut

673 4485 948 4549 stissimis,
999 4485 1083 4538 vel
1162 4485 1230 4537 ab
1314 4487 1426 4552 ipsa
1499 4483 1693 4537 Leonis
1767 4485 1812 4537 Χ
1881 4485 2234 4551 Bibliotheca,
2268 4493 2462 4564 Deum
2528 4481 2776 4549 leprosus
2822 4491 3041 4533 curatus
3091 4484 3472 4536 disseminasse
3522 4485 3727 4537 dicitur
3782 4485 3913 4540 Ser-

674 4575 758 4627 vcl
786 4590 814 4627 a
857 4573 1182 4628 Venetorum
1223 4585 1412 4628 senatu
1474 4575 1820 4637 transmissis,
1855 4585 1946 4628 aut
1991 4577 2228 4642 aliunde,

672 4665 819 4717 nulla
850 4680 1208 4733 expensarum
1243 4680 1338 4718 seu
1377 4666 1618 4717 laborum
1651 4663 1831 4718 habita
1859 4665 2068 4719 ratione
2101 4683 2229 4721 con-

671 4755 904 4823 quisitis.
949 4755 1026 4809 Ne
1051 4757 1172 4824 quis
1228 4771 1354 4825 ergo
1431 4757 1844 4826 Et'angeliorum
1915 4765 2225 4813 contextam

671 4860 768 4899 nos
796 4855 995 4898 temere
1029 4847 1344 4899 immutasse
1384 4846 1676 4910 existimet,
1709 4845 1823 4900 loca
1859 4845 2222 4915 discrepantia

671 4936 1073 4991 adnotavimus:
1111 4952 1417 5005 quanquam
1449 4936 1759 5005 frequenter
1808 4951 1894 4990 res
1923 4937 1992 4991 sit
2046 4940 2222 5008 exigui

672 5029 949 5090 momenti,
983 5043 1100 5096 qua:
1128 5029 1410 5083 dissidium
1467 5029 1643 5082 iaciat.
1703 5029 1804 5084 Ubi
1852 5040 2026 5084 autem
2065 5030 2224 5086 Com-

670 5119 920 5187 plutense
951 5118 1056 5171 huc
1106 5119 1454 5174 citaverimus
1493 5119 1786 5188 exemplar,
1828 5119 2069 5175 Graecum
2139 5123 2220 5175 in—

670 5209 960 5279 telligimus
1005 5218 1315 5263 contextum
1371 5225 1476 5264 non
1513 5210 1804 5264 Latinum:
1873 5227 1995 5265 nam
2036 5214 2088 5265 in
2119 5213 2220 5268 hoc

670 5301 808 5355 nihil
835 5316 865 5353 a
910 5300 1132 5370 Vulgata
1165 5301 1402 5355 editione
1433 5304 1772 5356 immutatum
1812 5312 1918 5356 est.
1943 5302 2110 5357 Porro
2164 5305 2218 5358 in

667 5389 865 5456 quibus
893 5390 1152 5443 dissideat
1183 5388 1407 5457 Vulgata
1439 5392 1604 5444 editio
1657 5395 1723 5444 ab
1773 5391 2039 5445 universis
2070 5391 2216 5445 Cra:-

667 5495 850 5533 corum
901 5480 1320 5548 exemplaribus,
1364 5496 1429 5534 ex
1467 5481 1694 5535 aliorum
1735 5489 1845 5534 tum
1878 5482 2218 5537 versionibus

672 5577 784 5621 tum
813 5569 1273 5632 adnutationibus,
1319 5571 1473 5625 facile
1519 5571 1690 5625 cuivis
1717 5574 2060 5641 perspicuum
2090 5575 2212 5628 erit.

665 5660 926 5716 l’rzetcrea
962 5678 1028 5718 ne
1069 5663 1193 5733 quis
1223 5665 1468 5734 protinus
1507 5663 1806 5734 Vulgatant,
1857 5665 1956 5718 hac
1986 5666 2036 5718 in
2065 5674 2216 5734 parte

664 5755 882 5806 damnet
912 5757 1222 5819 editionem,
1253 5755 1393 5823 quod
1425 5771 1485 5809 ea
1517 5770 1634 5824 qum
1665 5754 1849 5810 Gra'ce
1878 5770 1974 5824 per
2001 5765 2212 5826 tempus

2339 4585 2564 4626 manem.
2615 4571 2679 4625 Et
2709 4573 3143 4640 frequentissime
3191 4576 3333 4642 apud
3378 4575 3622 4641 Lucam;
3664 4576 3791 4630 Non
3813 4582 3913 4631 erit

2334 4660 2657 4727 impossibile
2698 4662 2804 4714 Deo
2831 4678 2979 4714 omne
3009 4666 3235 4716 verbum.
3275 4663 3543 4717 Videamus
3570 4674 3663 4718 hoc
3690 4674 3914 4722 verbum

2333 4756 2468 4827 quod
2501 4758 2697 4824 factum
2731 4763 2826 4806 est.
2849 4783 2914 4792 —
2937 4752 3084 4816 Quod
3124 4755 3316 4806 esthoc
3355 4756 3585 4819 verbum,
3621 4763 3762 4824 quod
3788 4777 3910 4812 cum

2332 4849 2647 4900 aucmritate
2679 4862 2739 4896 ac
2770 4855 3023 4914 potestate
3062 4847 3282 4914 imperat
3329 4848 3598 4911 spiritibus
3629 4852 3654 4902 2
3687 4849 3758 4903 Ει
3781 4852 3914 4905 alibi

2329 4937 2662 5004 frequenter.
2691 4935 2859 4998 Quam
2901 4945 3075 4989 tamen
3129 4935 3475 4989 llehrxorum
3516 4939 3761 5006 phrasitn
3797 4958 3901 4994 au-

2328 5036 2445 5080 ctor
2485 5033 2670 5078 uoster
2702 5024 3019 5094 plerumque
3060 5042 3163 5079 non
3193 5027 3406 5080 videtur
3429 5028 3910 5097 animadvertisse,

2327 5116 2466 5170 sicut
2495 5130 2594 5169 nec
2611 5118 3000 5185 pra'cedentem
3033 5134 3044 5168 :
3079 5122 3220 5188 quod
3246 5117 3507 5172 Hebraice
3527 5134 3633 5173 non
3662 5121 3916 5189 calleret,

2326 5208 2420 5262 sed
2448 5216 2656 5260 tantum
2691 5207 2893 5262 Graece.
2921 5211 3095 5277 Atque
3123 5210 3193 5263 ob
3223 5211 3275 5264 id
3303 5225 3517 5279 quoque
3543 5211 3718 5264 citatis
3747 5229 3914 5284 quzp-

2325 5301 2468 5370 piam
2486 5315 2552 5354 ex
2567 5299 2745 5354 Veteri
2764 5299 3130 5363 Testamento,
3154 5304 3530 5372 semperjuxta
3551 5303 3911 5376 Septuaginta

2324 5391 2528 5460 profert
2551 5390 2893 5461 lnterpretes.
2915 5392 3177 5446 Caeterum
3205 5394 3304 5447 etsi
3323 5393 3530 5447 cunctis
3557 5395 3916 5450 manifestum

2324 5484 2395 5536 sit
2417 5498 2500 5536 me
2518 5482 2866 5553 interpretem
2886 5493 3086 5536 tantum
3109 5498 3288 5552 agere,
3309 5485 3550 5554 nihilque
3565 5485 3712 5554 quod
3731 5502 3916 5543 meum

2324 5575 2395 5628 sit
2441 5575 2622 5638 edere,
2658 5578 2772 5630 sive
2825 5576 2959 5629 illud
3007 5577 3410 5645 approbandum
3445 5579 3536 5640 sit,
3558 5579 3675 5631 sive
3715 5595 3911 5650 repro-

2322 5666 2602 5718 bandum:
2655 5683 2722 5719 ne
2770 5667 2892 5737 quis
2942 5677 3117 5721 tamen
3167 5670 3311 5723 hunc
3352 5679 3634 5724 auctorem
3679 5672 3912 5725 minoris

2321 5754 2505 5824 faciat,
2530 5757 2672 5825 quod
2717 5771 2824 5812 uno
2867 5768 2958 5814 aut
3003 5759 3173 5816 altero
3219 5759 3273 5815 in
3304 5760 3424 5815 loco
3448 5775 3477 5814 a
3502 5761 3784 5816 communi
3815 5761 3919 5814 La—
