4018 6398
95 435 152 499 ιδ

1501 417 1924 482 PRIEFATIO.

3280 413 3350 476 46

97 547 298 600 tlnorum
329 541 713 613 theologorum
753 539 1010 610 opinione
1049 534 1344 591 dissentire
1373 532 1649 598 videatur,
1677 535 1732 596 Α
1755 547 1856 600 que
1895 546 2005 584 esse
2048 530 2332 584 subsistens
2362 528 2518 582 habet
2558 543 2622 581 ex
2657 523 2822 579 Patre
2862 525 3025 579 simul
3072 537 3120 578 et
3167 525 3302 579 Filio
3333 543 3352 581 :

96 636 514 705 quemadmodum
545 644 603 689 et
627 633 719 688 alii
749 630 920 687 Graeci
961 645 975 680 :
1015 642 1214 698 nempe
1238 627 1306 682 de
1325 627 1412 680 die
1441 624 1648 680 mensis

96 744 181 798 quo
221 727 470 782 Christus
505 726 788 796 mysticam
831 720 1191 778 celebraverit
1222 718 1475 779 Coenam,
1497 713 1652 770 etde

96 821 328 874 bonorum
372 834 438 873 ac
465 819 732 872 malorum
766 814 1124 870 retributione
1158 827 1388 882 operum
1421 829 1433 864 :
1465 818 1649 864 utrum

94 914 245 967 statim
286 929 317 966 a
347 914 619 980 cujusque
667 919 839 964 morte
880 910 990 969 fiat,
1025 921 1095 960 an
1155 904 1222 959 ad
1276 904 1420 958 diem
1480 915 1651 970 usque

96 1004 317 1073 postremi
339 1004 531 1073 judicii
556 1002 859 1062 dilleratur,
888 997 1344 1068 quemadmodum
1377 996 1506 1051 olim
1522 1010 1649 1048 scn-

97 1108 253 1151 serunt
285 1095 483 1151 Graeci.
509 1096 582 1149 De
609 1094 815 1163 Spiritu
847 1101 1038 1146 sancto
1056 1106 1272 1160 quoque
1313 1089 1460 1158 quod
1483 1104 1512 1141 a
1532 1086 1651 1142 solo

97 1187 227 1241 Patre
251 1188 531 1257 procedat,
549 1187 648 1241 etsi
681 1186 734 1239 id
753 1199 1023 1252 nusquam
1049 1185 1190 1236 dicat
1217 1193 1410 1236 auctor
1440 1189 1648 1241 noster,

99 1283 213 1335 idem
262 1293 447 1335 tamen
481 1296 608 1336 cum
645 1277 857 1332 ca:teris
905 1275 1109 1330 Gracis
1140 1274 1381 1328 sensisse
1417 1271 1651 1334 videtur,

97 1389 195 1426 cum
225 1374 392 1427 semel
426 1384 588 1441 atque
627 1374 823 1424 iterum
879 1369 1030 1423 dicat
1067 1369 1220 1421 illum
1259 1383 1288 1420 a
1322 1364 1482 1418 Patre
1525 1379 1652 1433 pro-

97 1465 279 1527 cedere,
319 1465 468 1518 nulla
524 1463 642 1518 Filii
697 1462 838 1516 facta
890 1462 1189 1514 mentione.
1238 1457 1302 1511 Et
1342 1471 1652 1526 quanquam

98 1558 336 1626 pned'tctis
368 1559 422 1611 in
457 1559 612 1620 locis,
645 1554 926 1625 marginali
961 1551 1407 1608 adnotatiuncula
1449 1560 1499 1602 te
1523 1565 1658 1619 prae-

99 1649 449 1710 munierimus.
487 1647 717 1702 candide
758 1647 981 1698 lector:
1036 1643 1107 1697 ob
1158 1642 1266 1694 duo
1326 1651 1508 1695 tamen
1564 1639 1653 1692 illa

101 1742 368 1805 posteriOra
424 1739 524 1793 tibi
591 1735 1043 1806 perpendeudum
1114 1743 1219 1796 est,
1270 1733 1416 1802 quod
1465 1740 1656 1786 auctor

101 1841 255 1884 noster
281 1831 469 1884 multis
502 1830 693 1899 procul
735 1828 901 1881 dubio
946 1825 1107 1879 annis
1155 1834 1401 1893 tempora
1436 1820 1654 1876 concilii

99 1917 362 1971 Florentini
423 1916 769 1986 praeessem
805 1932 817 1966 :
852 1915 906 1966 in
979 1927 1088 1982 quo
1138 1911 1413 1982 Eugenius
1475 1908 1660 1964 Ponti-

98 2011 167 2063 lex
194 2009 277 2075 ιγ,
341 2010 725 2064 consentiente
777 2007 1108 2076 imperatore
1153 2003 1659 2072 Constantinopoli-

102 2114 222 2164 tano.
252 2113 303 2156 et
333 2104 451 2157 loca
483 2103 799 2156 tenentibus
842 2099 1302 2168 patriarcharum,
1337 2097 1660 2166 ueterisque

99 2193 362 2249 Ecclesium
411 2193 745 2246 Orientaletn
782 2191 1326 2260 repnaasentantibus,
1367 2204 1513 2242 anno
1553 2189 1659 2242 Do-

101 2286 280 2340 minicz
311 2284 711 2338 lncarnationis
751 2283 910 2346 1459,
952 2282 1128 2350 pridie
1155 2279 1337 2334 Nonas
1368 2279 1522 2344 Julii,
1575 2279 1659 2334 sui

103 2377 414 2444 pontiﬁcatus
441 2391 589 2429 anno
634 2390 803 2440 nono,
839 2375 1050 2428 litteras
1078 2383 1283 2426 sancta:
1313 2372 1464 2425 dedit
1499 2371 1662 2424 unio—

103 2468 184 2530 nis,
211 2471 403 2538 quibus
434 2468 677 2537 praedicti
726 2482 920 2520 omnes
958 2481 1056 2518 sua
1111 2464 1331 2516 nomina
1384 2463 1666 2532 subscrip-

105 2572 280 2619 serunt.
312 2561 431 2613 haec
472 2563 616 2613 inter
649 2569 848 2612 extera
886 2558 1250 2611 continentes.

160 2650 515 2705 Conuenientes
564 2649 746 2702 Latini
793 2659 841 2703 et
887 2649 1056 2703 Crteci
1096 2648 1150 2699 in
1186 2648 1286 2699 Itac
1321 2656 1664 2699 sacrosancta

110 2745 389 2793 acumenica
436 2743 661 2809 synodo,
699 2756 890 2808 magno
920 2737 1095 2790 studio
1129 2737 1351 2788 invicem
1400 2736 1479 2788 usi
1523 2747 1665 2800 sunt,

110 2843 153 2884 sl
177 2837 296 2885 inter
326 2836 437 2885 alia
493 2835 657 2885 etiam
702 2831 961 2883 articulus
1002 2829 1088 2880 ille
1123 2831 1186 2880 de
1221 2829 1402 2882 divina
1437 2826 1668 2896 Spiritus

111 2929 248 2978 sancti
269 2927 617 2993 processione,
650 2940 859 2976 summa
905 2939 1022 2974 cum
1050 2923 1328 2992 diligentia
1360 2932 1408 2974 et
1447 2921 1666 2975 assidua

114 3020 418 3076 inquisitione
456 3020 829 3070 discuteretur.
863 3015 1094 3068 Prolatis
1123 3031 1239 3067 vero
1271 3014 1584 3068 testimoniis
1607 3029 1670 3066 ea:

113 3110 268 3160 ὀξείηιέ
303 3105 616 3174 Scripturis,
648 3107 992 3175 plurimisque
1013 3106 1424 3158 auctor.tattbus
1455 3114 1670 3157 sancto-

119 3213 208 3248 ruat
256 3204 523 3249 doctorum
570 3197 934 3249 Orientalium
971 3205 1018 3247 ct
1059 3195 1484 3250 Occidentalium
1522 3212 1536 3246 :
1568 3193 1672 3246 ali-
1702 3213 1744 3270 ρ

117 3288 269 3354 quibus
306 3291 516 3356 quidem
543 3303 606 3340 ea:
636 3287 794 3340 Patre
824 3299 870 3339 et
907 3287 1062 3346 Filio.
1093 3286 1408 3355 quibusdam
1443 3302 1564 3338 vero
1607 3301 1669 3338 ea:

119 3375 247 3430 Patre
268 3394 354 3445 per
380 3376 581 3430 Filium
617 3377 897 3443 procedere
924 3376 1218 3429 dicentibus
1253 3373 1516 3444 Spiritum
1537 3391 1669 3428 san-

121 3479 253 3533 ctutn,
281 3479 325 3521 et
352 3471 421 3521 ad
455 3471 696 3522 eamdem
726 3468 1132 3539 intelligentiam
1167 3467 1537 3534 aspicientibus
1562 3483 1671 3519 ont-

123 3562 238 3613 Iibsts
282 3571 371 3614 sub
415 3562 636 3614 diuersis
669 3561 956 3614 vocabulis.
988 3559 1158 3615 (ἓνωεὶ
1189 3560 1402 3628 quidem
1435 3575 1675 3611 asserue-

121 3661 217 3702 tunt
238 3653 366 3719 quod
389 3654 440 3705 id
473 3653 612 3720 quod
638 3653 819 3704 dicunt
858 3650 1119 3719 Spiritum
1149 3660 1392 3702 sanctum
1417 3666 1480 3703 ea:
1512 3648 1676 3702 Patre

118 3745 383 3810 procedere,
420 3760 523 3796 non
565 3747 666 3795 hac
715 3753 886 3796 mente
928 3744 1246 3812 proferrent,
1282 3752 1336 3794 ut
1391 3742 1676 3795 excludant

123 3832 316 3898 filium,
341 3838 432 3889 sed
454 3839 580 3905 quia
609 3838 681 3889 eis
703 3837 1001 3901 videbatur,
1037 3847 1091 3888 ut
1125 3837 1301 3898 aiunt,
1329 3834 1550 3888 Latinos
1588 3850 1678 3887 as-

123 3941 265 3980 serere
299 3927 555 3997 Spiritum
597 3938 844 3982 sanctum
876 3943 940 3981 ea:
991 3928 1156 3981 Patre
1211 3926 1457 3998 Filioque
1496 3944 1680 3998 proce-

123 4019 238 4084 dere,
267 4031 514 4088 tanquam
545 4035 609 4072 ea:
639 4021 836 4072 duobus
865 4019 1137 4086 principiis
1179 4027 1226 4072 et
1267 4019 1470 4072 duabus
1501 4020 1681 4087 spira-

127 4112 338 4176 tionibus,
369 4114 483 4165 ideo
519 4113 885 4164 abstinuerunt
918 4129 950 4163 a
987 4111 1205 4164 dicendo
1257 4114 1394 4182 quod
1446 4110 1681 4178 Spiritus

127 4210 308 4254 sanctus
361 4218 425 4254 ea:
464 4199 634 4254 Patre
683 4203 929 4272 procedat
975 4218 1041 4254 ea:
1078 4200 1263 4255 Filio:
1321 4201 1504 4255 Latini
1563 4217 1683 4254 vero

126 4293 478 4360 aﬁrntaeerunt
511 4311 618 4348 non
642 4310 696 4348 se
725 4301 821 4347 hac
844 4307 1013 4347 mente
1054 4296 1224 4348 dicere
1253 4293 1511 4362 Spiritum
1552 4310 1684 4347 san-

127 4394 239 4437 cttnn
269 4403 326 4440 ea:
364 4386 499 4441 Filio
516 4388 815 4455 procedere,
851 4397 905 4440 ut
944 4387 1229 4440 excludant
1278 4386 1519 4450 Patrem,
1555 4387 1683 4456 quin

126 4481 178 4528 sit
208 4481 310 4548 fons
345 4496 408 4533 ac
436 4481 762 4550 principium
811 4481 969 4533 totius
1009 4463 1258 4542 Dcitatis,
1292 4477 1423 4532 Filii
1479 4479 1679 4532 scilicet

128 4579 166 4622 et
190 4569 401 4640 Spiritus
425 4575 622 4636 sancti,
661 4583 752 4626 aut
782 4575 919 4643 quod
949 4576 1001 4626 id
1034 4574 1172 4643 quod
1199 4571 1431 4641 Spiritus
1463 4583 1680 4624 sanctus
1716 4567 1756 4619 υ
1787 4589 2017 4632 mortem
2079 4593 2253 4646 usque
2307 4590 2525 4644 semper
2571 4577 2812 4629 servavit
2863 4576 3038 4645 legem

129 4665 330 4726 procedit
366 4681 429 4717 ea:
480 4663 650 4729 Filio,
685 4664 851 4718 Filius
892 4683 922 4717 a
963 4664 1130 4718 Patre
1165 4680 1267 4717 non
1314 4663 1526 4729 habeat,
1573 4652 1682 4716 si've

131 4759 244 4822 quod
265 4763 363 4812 duo
385 4769 590 4826 ponant
625 4759 888 4827 principia
924 4773 1017 4812 seu
1043 4759 1176 4810 duas
1223 4757 1562 4824 spirationes,
1593 4755 1682 4809 sed

131 4858 177 4898 at
210 4866 356 4902 unum
389 4859 600 4903 tantum
626 4858 870 4902 asserunt
894 4865 1003 4902 esse
1021 4849 1347 4917 principium
1369 4847 1683 4916 unicumque

133 4943 438 5004 spirationem
481 4940 714 5010 Spiritus
743 4944 936 5005 sancti,
978 4949 1134 5009 prout
1163 4941 1408 4992 hactenus
1446 4953 1685 4992 asserue-

138 5047 271 5088 nmt:
296 5045 341 5089 et
366 5053 482 5088 cum
527 5051 590 5089 e1:
616 5036 696 5088 his
728 5035 967 5088 omnibus
1009 5050 1148 5086 unus
1187 5042 1236 5085 et
1271 5033 1408 5085 idem
1441 5033 1685 5085 eliciatur

140 5129 343 5181 reritatis
388 5144 592 5192 sensus,
629 5130 840 5180 tandem
872 5129 925 5180 in
974 5127 1113 5196 infra
1145 5126 1398 5192 scriptam
1443 5133 1686 5178 sanctam

142 5216 230 5270 Deo
265 5221 533 5274 amabilem
573 5223 752 5273 eodem
783 5236 936 5272 sensu
981 5219 1265 5288 eademque
1319 5228 1488 5270 mente
1533 5220 1687 5270 unio—

145 5327 259 5376 nem,
296 5313 615 5367 unanimiter
665 5313 1050 5365 concordarunt
1080 5323 1124 5364 et
1170 5322 1546 5363 consenserunt
1574 5326 1592 5374 ;
1634 5310 1688 5361 in

149 5409 320 5458 nomine
365 5407 527 5475 igitur
572 5415 772 5459 sancta:
817 5403 1114 5469 Trinitatis,
1147 5401 1329 5455 Patris
1379 5410 1428 5454 et
1465 5399 1597 5454 Filii
1641 5411 1689 5454 et

151 5493 342 5562 Spiritu
358 5500 544 5566 sancti,
577 5502 672 5552 hoc
693 5515 846 5552 sacro
871 5495 1163 5551 uniuersali
1202 5497 1531 5565 approbante
1563 5493 1690 5547 Flo-

155 5592 322 5645 rentino
354 5593 572 5647 concilio
623 5591 923 5661 deﬁnimus,
955 5602 1011 5643 ut
1061 5595 1169 5643 hac
1226 5589 1348 5658 ﬁdei
1385 5589 1579 5642 veritas
1625 5595 1691 5640 ab

158 5686 356 5740 omnibus
389 5687 707 5743 Christianis
745 5688 996 5740 credatur
1038 5694 1085 5738 et
1130 5684 1475 5752 suscipiatur,
1516 5685 1694 5752 sicque

158 5791 300 5833 omnes
327 5781 663 5851 proﬁteantur
690 5796 707 5835 :
746 5782 884 5847 quod
922 5777 1154 5848 Spiritus
1196 5787 1408 5830 sanctus
1440 5791 1504 5830 ex
1532 5773 1695 5829 Patre

159 5882 196 5923 st
232 5871 350 5929 Filio
389 5875 709 5931 a'tcrnaliter
738 5883 835 5940 est,
868 5882 915 5926 et
972 5873 1251 5927 essentiam
1302 5887 1475 5940 suam,
1508 5885 1662 5924 suum

1757 632 1804 675 et
1843 638 1906 677 ea:
1937 631 2156 692 utroque
2204 621 2532 676 teternaliter
2563 629 2820 687 tanquam
2862 619 2928 672 ab
2959 635 3062 672 uno
3091 621 3354 688 principio

1755 724 1802 766 et
1831 715 1985 766 unica
2011 714 2298 780 spiratione
2317 713 2574 781 procedit.
2603 711 2948 765 Declarantes
2977 712 3116 780 quod
3145 714 3196 764 id
3215 717 3353 782 quod

1754 805 1924 857 sancti
1960 805 2194 857 doctores
2225 813 2274 858 et
2308 803 2497 856 Patres
2531 803 2732 862 dicunt.
2762 820 2824 857 ex
2855 803 3016 857 Patre
3037 822 3128 870 per
3151 803 3358 858 Filium

1755 897 2032 964 procedere
2058 894 2318 960 Spiritum
2345 903 2610 956 sanctum,
2647 896 2716 947 ad
2762 897 2898 948 hanc
2942 896 3357 966 intelligentiam

1758 987 1945 1052 tendit,
1981 997 2035 1040 ut
2067 1003 2160 1056 per
2188 992 2284 1040 hoc
2311 987 2636 1057 significetur
2668 987 2868 1040 Filium
2895 1006 3097 1057 quoque
3137 1007 3245 1043 esse
3271 1006 3357 1043 se-

1755 1081 1982 1131 cundum
2031 1079 2236 1134 Cra’cos
2269 1080 2477 1148 quidem
2533 1095 2774 1142 causam,
2802 1083 3090 1134 secundum
3138 1081 3358 1136 Latinos

1755 1185 1874 1222 vero
1911 1169 2232 1238 principium
2260 1168 2611 1221 subsistentia:
2645 1166 2878 1236 Spiritus
2917 1171 3090 1220 sancti
3127 1171 3263 1222 sicut
3305 1178 3357 1222 et

1757 1261 1994 1316 Patrem.
2033 1262 2100 1314 Et
2145 1262 2392 1330 quoniam
2438 1261 2617 1314 omnia
2664 1277 2783 1330 qua:
2832 1259 3016 1313 Patris
3062 1271 3208 1327 sunt,
3246 1265 3357 1332 ipse

1759 1353 1925 1407 Pater
1947 1355 2214 1423 unigenito
2241 1352 2380 1406 Filio
2415 1369 2508 1406 suo
2533 1353 2793 1422 gignendo
2829 1353 2989 1415 dedit,
3025 1364 3215 1423 praeter
3248 1371 3362 1409 esse

1762 1443 2001 1506 Patrem,
2033 1447 2128 1496 hoc
2146 1446 2316 1512 ipsum
2341 1445 2478 1513 quod
2512 1444 2744 1510 Spiritus
2786 1453 3002 1496 sanctus
3023 1446 3258 1510 procedit
3293 1462 3358 1498 ea:

1759 1535 1916 1601 Filio,
1975 1537 2086 1604 ipse
2114 1536 2284 1589 Filius
2333 1553 2365 1588 a
2407 1534 2564 1588 Patre
2613 1535 2935 1588 wternalitcr
2975 1537 3151 1600 habet,
3187 1552 3220 1589 a
3258 1553 3360 1604 quo

1761 1626 2080 1679 teternaliter
2105 1627 2266 1680 etiam
2303 1626 2510 1696 genitus
2552 1639 2648 1680 est.
2689 1626 2982 1693 Delinimus
3009 1611 3219 1692 insuper
3259 1644 3354 1680 ea:-

1760 1721 2101 1791 plicationem
2156 1721 2371 1775 illorum
2433 1721 2731 1788 verborum,
2783 1721 3052 1790 Filioque,
3117 1725 3360 1776 veritatis

1762 1814 2102 1868 declaranda:
2135 1815 2309 1885 gratia
2347 1824 2396 1868 et
2427 1816 2730 1868 imminente
2761 1823 2884 1866 tunc
2929 1816 3253 1877 necessitate,
3293 1816 3363 1869 li-

1763 1911 1864 1963 cite
1910 1924 1974 1961 ac
2029 1907 2421 1960 rationabiliter
2449 1905 2686 1975 symbolo
2723 1906 2887 1975 fuisse
2938 1907 3257 1973 appositam.
3295 1907 3364 1960 Et

1763 2002 1907 2057 infra
1939 2002 2007 2056 de
2067 2014 2294 2070 operum
2355 1997 2716 2053 retributione
2752 1998 3034 2068 subjungit
3064 2016 3076 2050 :
3111 1998 3366 2052 Illorum-

1763 2112 1862 2165 que
1891 2096 2101 2148 animas
2127 2094 2215 2164 qui
2237 2102 2351 2160 post
2387 2091 2650 2159 baptisma
2685 2101 2984 2158 susceptum
3019 2091 3223 2144 trullam
3250 2107 3365 2144 om-

1765 2188 1891 2239 nino
1939 2185 2140 2253 peccati
2190 2185 2455 2237 maculam
2505 2185 2862 2243 incurrerunt.
2903 2184 3026 2237 illas
3057 2185 3217 2237 etiam
3249 2200 3368 2255 qua!

1765 2283 1879 2340 post
1919 2283 2247 2326 contractam
2289 2274 2486 2341 peccati
2522 2275 2808 2336 maculam,
2841 2271 2922 2325 vel
2948 2274 3001 2325 in
3040 2275 3148 2326 suis
3178 2291 3368 2338 corpo-

1767 2367 1933 2428 ribus,
1963 2366 2043 2418 vel
2100 2367 2291 2419 eisdem
2324 2374 2496 2417 exulet
2527 2363 2848 2432 corporibus,
2879 2365 2933 2416 in
2971 2366 3136 2432 pomis
3167 2382 3368 2436 purga-

1768 2458 1912 2521 torii,
1953 2468 2108 2523 prout
2161 2457 2405 2524 superius
2461 2456 2663 2510 dictum
2718 2465 2815 2520 est,
2855 2467 2977 2510 sunt
3014 2468 3274 2528 purgatw,
3310 2460 3368 2511 in

1770 2550 1958 2602 caelum
1993 2565 2114 2601 mox
2145 2549 2328 2615 recipi,
2356 2557 2405 2601 et
2439 2548 2633 2600 intueri
2661 2547 2805 2601 clare
2831 2550 3004 2613 ipsum
3045 2549 3208 2601 Deum
3260 2553 3360 2602 tri—

1769 2659 1895 2694 num
1929 2650 1977 2694 et
2009 2657 2172 2694 unum
2201 2640 2358 2693 sicuti
2385 2648 2480 2702 est,
2517 2640 2829 2691 meritorum
2862 2650 3038 2691 tamen
3060 2642 3368 2695 diversitate

1774 2734 1941 2786 alium
1984 2734 2092 2786 alio
2127 2733 2428 2802 perfectius.
2457 2729 2682 2784 Illorum
2716 2739 2895 2783 autem
2931 2733 3168 2795 animas,
3202 2735 3368 2803 quiin

1771 2829 1975 2880 actuali
2030 2825 2247 2878 mortali
2292 2833 2504 2894 peccato
2540 2824 2620 2878 vel
2649 2823 2761 2877 solo
2797 2826 3050 2894 originali
3084 2827 3365 2890 decedunt,

1773 2936 1894 2972 mox
1928 2920 1979 2971 in
2011 2921 2295 2987 infernum,
2327 2918 2488 2985 poenis
2515 2929 2690 2969 tamen
2717 2918 3021 2985 disparibus
3047 2921 3367 2987 puniendus.

1773 3011 1942 3065 Porro
1979 3011 2045 3064 de
2097 3013 2272 3078 prima
2305 3009 2394 3063 illa
2453 3010 2773 3063 diversitate
2809 3010 2915 3062 diei
2958 3026 3068 3078 quo
3115 3011 3373 3066 Christus

1775 3121 1975 3174 agnum
2009 3104 2320 3172 paschalctn
2366 3102 2558 3166 ederit,
2604 3112 2661 3156 et
2706 3103 2772 3156 de
2803 3119 2868 3156 eo
2914 3119 3021 3170 quo
3070 3119 3168 3172 pro
3212 3105 3372 3157 nobis

1779 3205 2026 3249 mortuus
2047 3195 2138 3258 sit,
2179 3194 2333 3263 longa
2367 3209 2584 3262 semper
2612 3193 2714 3246 luit
2741 3194 2887 3247 inter
2926 3193 3142 3248 Grmcos
3174 3204 3225 3249 et
3264 3193 3375 3248 La-

1776 3289 1919 3341 tinos
1946 3287 2244 3349 contentio,
2271 3286 2578 3340 dicentibus
2611 3285 2813 3339 Graecis
2837 3287 3013 3354 ipsum
3037 3286 3373 3340 decitnater-

1775 3381 1851 3432 tia
1901 3379 2029 3432 luna
2088 3394 2285 3446 agnum
2342 3378 2522 3431 edisse
2569 3377 2903 3445 paschalem.
2960 3394 3180 3446 passum
3240 3394 3371 3433 vero

1777 3471 2206 3539 decitnaqnarta,
2255 3481 2311 3522 ut
2367 3470 2569 3522 veritas
2627 3470 2985 3537 respondi-ret
3036 3456 3272 3538 ﬁgurae":
3319 3482 3378 3526 et

1779 3574 2002 3632 propter
2030 3562 2159 3615 illud
2177 3560 2406 3615 Joannis
2445 3561 2624 3631 (Joan.
2651 3577 2776 3614 xvnt
2832 3562 2923 3628 29)
2964 3580 2976 3613 :
3019 3560 3085 3614 Et
3139 3565 3242 3630 ipsi
3271 3580 3376 3617 non

1780 3657 2100 3707 introierunt
2156 3655 2210 3706 in
2249 3654 2582 3722 prwtorium,
2617 3669 2679 3705 ne
2729 3654 3246 3718 contaminarentur,
3288 3660 3380 3707 sed

1784 3758 1838 3800 ut
1865 3747 2072 3800 ederent
2101 3746 2323 3799 Pascha.
2352 3747 2430 3799 Ac
2459 3744 2588 3798 illud
2615 3743 2912 3812 (Joannis,
2950 3745 3033 3806 li)
3061 3763 3071 3798 :
3118 3746 3250 3798 Erat
3277 3763 3380 3798 au-

1787 3849 1890 3893 tem
1928 3839 2221 3893 Parasceve
2248 3838 2456 3907 pascha:
2496 3854 2515 3901 ;
2555 3845 2602 3890 et
2625 3851 2644 3889 .'
2681 3836 2761 3889 Ibi
2792 3852 2914 3908 ergo
2955 3847 3168 3905 propter
3198 3837 3380 3890 Para-

1785 3949 1964 3987 sceven
2005 3932 2335 3996 Jttdtrorum,
2404 3932 2529 4000 quia
2581 3947 2742 3998 prope
2773 3943 2890 3982 erat
2952 3942 3372 3994 monumentum,

1786 4035 2071 4094 posuerunt
2121 4023 2324 4077 Jesum.
2394 4022 2678 4091 Siquidem
2739 4022 2826 4075 illa
2881 4021 3181 4078 l’arasceve
3241 4023 3378 4078 nihil

1787 4119 1932 4173 aliud
1952 4128 2088 4182 erat,
2118 4132 2280 4186 quam
2309 4116 2430 4170 dies
2461 4114 2906 4184 prmparationis,
2938 4130 3047 4184 quo
3077 4129 3134 4168 se
3164 4130 3377 4186 praepa-

1789 4214 1984 4265 rabant
2027 4211 2196 4263 Judaei
2233 4209 2298 4262 ad
2351 4208 2624 4262 edendum
2657 4221 2856 4276 agnum
2899 4207 3230 4275 paschalem.
3278 4206 3383 4261 La-

1790 4305 1888 4358 tini
1937 4320 2066 4358 vero
2125 4309 2376 4356 asserunt
2397 4315 2522 4354 eum
2571 4300 2980 4368 decimaquarta
3015 4300 3140 4352 luna
3177 4315 3380 4368 agnqu

1787 4396 2006 4466 quidem
2039 4395 2217 4449 edisse
2251 4392 2584 4464 paschalem,
2620 4393 2832 4446 sicutet
2859 4402 3088 4445 casteros
3115 4391 3334 4445 Judaeos
3361 4411 3376 4444 :

1789 4487 1916 4556 quia
1984 4497 2044 4539 ut
2095 4486 2255 4538 habet
2313 4483 2478 4537 etiam
2535 4482 2756 4537 Graecus
2806 4480 3256 4553 Chrysostomus,
3311 4485 3380 4538 ad

3081 4595 3092 4630 :
3157 4592 3219 4646 pa
3230 4591 3382 4631 ssutn

1790 4684 1921 4723 vero
1981 4668 2132 4721 aiunt
2191 4665 2596 4736 decimaquinta
2647 4668 2795 4731 luna,
2833 4677 3056 4736 propter
3103 4669 3239 4722 alios
3272 4678 3384 4726 tres

1789 4761 2156 4831 evangelistas
2199 4758 2410 4830 (Matth.
2449 4774 2604 4823 xxv-t;
2661 4762 2829 4812 Marc.
2891 4775 3014 4825 xw;
3053 4760 3180 4814 Luc.
3218 4777 3327 4816 ml
3360 4762 3380 4836 ]

1792 4853 1886 4924 qui
1921 4861 2176 4907 astruunt
2209 4851 2376 4906 fuisse
2433 4851 2668 4920 primum
2720 4852 2864 4906 diem
2904 4869 3238 4923 azymorum,
3273 4871 3385 4924 quo

1786 4946 2040 5002 Christus
2076 4955 2404 5015 postremam
2433 4957 2646 4997 caenam
2679 4958 2802 4997 cum
2838 4945 3120 5015 discipulis
3146 4947 3383 5003 celebra.

1794 5038 1888 5089 vit.
1926 5034 1992 5088 Et
2032 5035 2086 5088 lii
2132 5044 2313 5088 autem
2357 5042 2413 5087 et.
2458 5033 2530 5086 illi
2579 5044 2975 5105 repugnantem
3039 5037 3384 5108 Scripturam

1793 5129 2008 5183 obtorto
2029 5127 2170 5182 collo
2188 5127 2405 5181 trahere
2425 5125 2829 5195 quodammodo
2853 5129 3106 5184 videntur
3119 5131 3184 5184 ad
3218 5147 3382 5187 suum

1795 5235 2043 5276 sensum.
2070 5217 2417 5289 Quapropter
2439 5232 2618 5287 operte
2645 5218 2882 5289 pretium
2903 5221 3146 5276 facturus
3171 5225 3380 5290 videor,

1795 5313 1840 5367 si
1871 5312 1927 5364 in
1954 5310 2031 5366 tui
2063 5311 2314 5380 gratiam,
2349 5310 2614 5363 bent-volo
2639 5310 2830 5376 lector,
2861 5311 2964 5365 hoc
2993 5312 3115 5366 loco
3146 5314 3385 5369 dilucido

1797 5406 2155 5467 adnotavero,
2183 5418 2304 5473 qua
2335 5404 2482 5457 varia
2513 5403 2748 5458 lectione
2790 5407 3113 5476 magnisque
3164 5409 3384 5463 sudori-

1798 5499 1900 5552 bus
1926 5496 2024 5550 hac
2046 5493 2113 5550 dc
2143 5509 2201 5549 re
2235 5495 2291 5548 in
2324 5495 2707 5564 compendium
2746 5498 2949 5568 redegi.
2980 5499 3225 5554 Primum
3281 5503 3386 5556 ita-

1797 5604 1904 5658 que
1959 5587 2260 5642 natandum
2309 5596 2411 5650 est,
2457 5589 2602 5657 quod
2637 5590 2900 5645 naturalis
2933 5591 3048 5646 dies
3097 5595 3240 5662 apud
3273 5593 3387 5649 He-

1799 5681 1976 5735 brmos
2007 5679 2200 5748 incipit
2229 5677 2296 5732 ab
2343 5693 2538 5731 occasu
2572 5681 2720 5746 solis,
2756 5681 3031 5735 etdesinit
3054 5684 3108 5735 in
3139 5685 3386 5753 ejusdem

1800 5789 2054 5830 occasum
2088 5772 2196 5828 diei
2231 5772 2538 5839 sequentis,
2569 5773 2726 5844 juxta
2771 5773 2926 5839 illud,
2953 5775 3102 5844 (Gen.
3132 5777 3172 5849 t)
3201 5793 3219 5831 :
3246 5776 3388 5832 Fac-

1806 5878 1915 5922 tum
1950 5874 2025 5922 est
2063 5879 2271 5932 vespere
2310 5873 2357 5918 et
2397 5880 2548 5921 mane
2586 5864 2694 5920 dies
2739 5881 2897 5920 unus.
2942 5867 3144 5927 Mensis
3199 5882 3326 5927 vero
3356 5880 3388 5922 ι
