4018 6402
173 425 228 484 is
1557 403 1981 467 PREFATIO.
3341 372 3411 448 ro

169 531 414 597 luaajuxta
441 535 684 580 veterem
703 525 1053 579 llebneorum
1081 519 1519 575 numerationem
1539 517 1702 573 etiam
1735 522 1780 576 Α
1815 523 1939 568 rent
1964 511 2135 566 Exod.
2163 509 2278 579 xu).
2307 511 2362 563 et
2387 523 2494 561 non
2523 506 2910 560 fermentatum
2931 517 3122 573 panem
3151 511 3205 555 ct
3224 511 3406 597 tamen

167 620 384 687 iegitima,
424 618 475 669 in
516 618 680 684 cujus
721 629 948 684 vespera
993 607 1186 668 Judzei‘
1214 611 1450 681 typicum
1503 622 1703 676 agnum

166 718 291 761 erant
316 705 664 766 immolaturi,
689 705 806 774 ipse
829 719 986 757 verus
1011 703 1197 772 Agnus
1223 701 1326 754 fuit
1356 699 1704 753 immolatus:

165 812 206 854 et
230 801 289 851 ita
322 798 509 851 veritas
544 797 835 864 respondit
870 797 1076 864 ﬁgurae.
1115 794 1316 846 llorum
1351 801 1533 846 autem
1571 806 1705 844 cau-

164 906 272 951 sam,
299 899 351 941 ut
375 888 670 942 verisimile
701 897 806 950 est,
829 887 1004 939 solum
1035 884 1373 938 indicaverat
1400 883 1707 951 patri-Tami-

166 986 241 1036 Iias
267 983 312 1034 in
340 983 488 1049 cujus
517 981 730 1034 edibus
761 979 958 1047 pascha
991 979 1204 1036 edebat.
1241 987 1294 1030 et
1332 977 1467 1045 ipsis
1503 977 1709 1030 duode-

161 1078 242 1130 cim
265 1074 553 1142 discipulis,
586 1087 820 1142 quorum
841 1071 989 1138 (Luc.
1019 1074 1148 1135 xxu)
1177 1069 1369 1124 Petrus
1397 1078 1451 1124 et
1469 1069 1708 1123 Joannes

161 1184 208 1222 et
228 1168 364 1236 jussu
386 1165 582 1220 Christi
612 1165 918 1219 necessaria
943 1171 1290 1234 paraverant,
1310 1177 1508 1230 nempe
1538 1162 1710 1216 Iacui-

161 1275 232 1311 cas
255 1269 473 1329 agrestes
503 1267 560 1312 et
591 1258 814 1312 baculos
847 1275 863 1310 :
893 1271 1018 1310 nam
1043 1271 1216 1326 agnus
1243 1256 1360 1324 ipse
1385 1255 1597 1308 decimo
1625 1255 1710 1308 die

159 1351 328 1403 mensis
361 1350 657 1418 parabatur
692 1365 706 1399 :
743 1364 908 1416 panes
940 1362 1158 1416 quoque
1189 1348 1357 1416 azymi
1384 1389 1399 1413 ,
1429 1355 1489 1399 ut
1518 1346 1711 1399 verisi-

159 1441 259 1493 mile
293 1450 368 1494 est
395 1439 595 1509 (Exod.
631 1441 732 1510 xu)
767 1440 976 1509 aliquot
1015 1449 1142 1492 ante
1179 1439 1394 1500 diebus,
1425 1439 1576 1506 juxta
1627 1437 1710 1490 fa»

158 1531 390 1585 miliarum
419 1532 857 1602 magnitudinem
892 1532 1062 1600 parati
1095 1540 1289 1596 erant;
1318 1531 1500 1599 itaque
1529 1530 1711 1583 nullus

157 1640 206 1678 ει
230 1626 319 1678 hoc
349 1640 537 1693 passus
565 1636 649 1680 est
679 1625 1096 1689 oﬂendiculum,
1129 1639 1309 1694 neque
1338 1625 1409 1680 ob
1435 1625 1486 1679 id
1520 1640 1704 1680 coram

158 1719 302 1788 judice
333 1720 506 1786 potuit
536 1719 811 1772 accusari.

209 1809 333 1874 Quin
387 1819 442 1863 et
495 1809 871 1864 Tertullianus
921 1809 1150 1864 Latinus
1196 1818 1391 1864 auctor
1432 1811 1714 1878 proximus

156 1899 482 1968 ap0stolorum
535 1902 916 1970 temporibus,
971 1901 1039 1956 de
1091 1901 1178 1954 die
1235 1899 1513 1955 Passionis
1559 1902 1720 1955 Chri-

156 1993 209 2042 sti
254 1992 319 2043 ita
379 1991 623 2059 loquitur
682 1992 736 2044 in
783 1992 1118 2061 Apologelico
1179 1993 1427 2045 adversus
1481 1991 1716 2046 Judwos.

161 2075 308 2142 «Qua:
346 2078 531 2131 Passio
576 2080 715 2133 intra
753 2089 996 2150 tempora
1035 2084 1375 2152 septuaginta
1423 2083 1719 2137 hebdoma-

155 2167 310 2221 darum
363 2169 604 2236 perfecta
670 2181 773 2234 est,
835 2172 935 2225 sub
995 2171 1213 2226 Tiberio
1266 2174 1516 2235 Caesare.
1570 2191 1712 2229 coss.

157 2256 372 2310 Rubellio
408 2259 646 2314 Gemino
682 2274 735 2316 rt
773 2261 910 2316 Rufo
959 2263 1226 2324 Gemino.
1272 2281 1458 2320 mense
1493 2266 1714 2330 Martio,

156 2351 461 2418 temporibus
501 2351 750 2415 Paschze,
793 2353 884 2408 die
921 2364 1115 2409 octavo
1145 2355 1512 2424 Kalendarum
1547 2357 1714 2426 Apri-

155 2440 290 2504 lium,
357 2441 443 2496 die
523 2445 703 2512 primo
771 2444 1137 2512 Azymorum.
1209 2462 1318 2513 quo
1383 2462 1583 2518 agnum
1656 2459 1715 2503 ut

154 2529 427 2586 occiderent
485 2534 552 2586 ad
631 2550 956 2605 vesperam,
1022 2552 1052 2589 a
1113 2535 1260 2590 Mose
1327 2538 1505 2592 luerat
1563 2556 1713 2608 pra:-

154 2630 355 2686 ccptnm.
402 2623 590 2690 Neque
625 2626 772 2679 enim
820 2627 890 2680 ob
939 2627 991 2681 id
1031 2628 1138 2682 dici
1186 2637 1364 2696 potest
1398 2631 1572 2698 primo
1625 2633 1714 2686 die

154 2708 447 2780 Azytnornm
512 2728 802 2781 mortuus,
861 2719 1016 2786 juxta
1074 2721 1332 2787 prwdicta
1389 2722 1709 2777 Tertulliani

154 2805 310 2865 verba,
341 2806 482 2873 quod
525 2823 590 2860 ea
628 2818 786 2862 nocte
817 2819 1009 2877 captus
1051 2811 1238 2864 fuerit.
1273 2811 1552 2880 Siquidem
1595 2831 1712 2868 om-

155 2893 278 2947 nium
308 2897 623 2954 testimonio
647 2901 698 2953 in
726 2917 891 2956 cruce
919 2911 972 2956 et
996 2919 1103 2956 non
1137 2903 1188 2957 in
1215 2905 1711 2971 comprehensione

156 2985 235 3036 lu:t
273 2999 450 3040 nostra
504 2992 834 3059 redemptio.
880 2995 944 3046 Et
975 2995 1162 3059 procul
1217 2996 1384 3048 dubio
1437 2998 1620 3051 divina
1656 2999 1708 3052 id

154 3086 303 3129 actum
325 3090 406 3132 est
435 3081 812 3147 Providentia,
834 3084 980 3152 quod
1005 3100 1070 3137 eo
1095 3101 1240 3138 anno
1271 3087 1472 3154 duplex
1495 3089 1707 3143 decima

1813 605 1960 660 illam
2001 603 2402 658 immunditiam
2434 601 2743 656 levissimas
2775 598 2846 652 ob
2876 611 3070 650 causas
3106 594 3404 648 contrahe-

1810 696 1968 752 bant.

1879 787 2035 854 Quod
2103 797 2284 842 autem
2353 790 2506 841 aiunt
2567 783 2871 844 nonnulli,
2920 781 3138 836 Iudaeos
3203 793 3407 848 prmce-

1813 881 1962 935 denti
2000 881 2090 936 die
2120 889 2418 950 occupatos
2441 880 2585 932 circa
2613 876 2940 944 capiendum
2969 875 3275 932 Christum.
3309 887 3406 924 nc-

1813 973 2046 1040 glexisse
2090 989 2289 1042 agnum
2335 973 2500 1026 edere
2556 969 2890 1039 pasclialem.
2933 977 2990 1020 et
3023 965 3169 1035 quod
3202 965 3408 1018 idcirco

1813 1074 1976 1118 nocte
2000 1065 2250 1133 sequenti
2297 1063 2448 1118 illum
2482 1071 2666 1117 essent
2692 1059 3010 1116 comesturi.
3045 1073 3155 1112 non
3187 1058 3244 1112 fit
3268 1058 3410 1111 veri-

1813 1157 2012 1212 simile.
2044 1158 2328 1226 Siquidem
2365 1158 2531 1212 etiam
2565 1157 2640 1209 illi
2675 1157 2765 1224 qui
2800 1153 3044 1224 legitimo
3074 1151 3409 1207 tenebantur

1815 1249 2207 1317 impedimento
2239 1251 2452 1304 decimo
2489 1258 2687 1319 quarto
2715 1247 2803 1302 die
2835 1247 2997 1316 primi
3038 1245 3266 1307 mensis,
3293 1260 3404 1296 non

1814 1350 2070 1408 poterant
2112 1341 2361 1408 sequenti
2395 1341 2482 1393 die
2515 1356 2612 1407 pro
2656 1339 2811 1391 lihito
2840 1351 3039 1406 agnum
3071 1335 3232 1388 edere
3283 1349 3407 1401 pns-

1817 1431 2030 1484 chalem
2054 1473 2068 1494 ,
2103 1434 2198 1485 scd
2230 1432 2516 1500 sequentis
2547 1431 2754 1484 mensis
2784 1430 2873 1482 dic
2909 1429 3162 1482 similiter
3191 1427 3410 1481 decimo

1815 1533 2010 1592 quarto
2054 1524 2120 1578 ad
2158 1539 2464 1592 vesperam.
2515 1533 2572 1578 ut
2612 1523 2844 1576 habetur
2884 1519 3104 1574 Numeri
3139 1537 3191 1573 ιι.
3225 1519 3410 1586 Itaque

1814 1619 1903 1672 die
1932 1615 2208 1671 Passionis
2233 1617 2433 1670 Christi
2461 1631 2584 1670 cum
2608 1615 2850 1668 nondum
2875 1613 3129 1666 inchoata
3155 1621 3299 1666 esset
3322 1627 3413 1664 so-

1817 1711 2074 1764 lcmuitas
2121 1709 2400 1763 Paschalis
2443 1717 2538 1761 aut
2585 1709 2938 1778 Aaymorum,
2978 1706 3131 1774 juxta
3168 1714 3408 1758 veterem

1817 1802 2132 1856 .ludzeorum
2166 1800 2594 1860 observantiam.
2627 1800 2828 1855 licebat
2859 1800 2941 1853 eis
2982 1814 3156 1868 usque
3185 1797 3250 1850 ad
3280 1796 3413 1851 solis

1821 1907 2074 1946 occasum
2107 1891 2384 1960 judicialia
2417 1904 2696 1952 exercere,
2731 1903 3016 1950 accusare.
3049 1895 3220 1942 testes
3250 1886 3412 1940 adhi-

1822 1986 1950 2038 bcre
1981 1995 2034 2039 et
2064 1983 2399 2041 examinare.
2430 1982 2761 2035 sententiam
2805 1981 2970 2039 ferre.
3001 1978 3285 2034 Simonem
3319 1994 3412 2033 co-

1820 2092 1946 2146 gere
1991 2087 2054 2130 ut
2083 2091 2301 2130 crucem
2331 2075 2569 2136 tolleret,
2610 2073 2867 2143 sepelire.
2901 2083 3144 2128 aromata
3198 2088 3409 2142 prmpa-

1820 2184 1960 2232 rare,
1995 2169 2208 2236 aliaque
2237 2168 2469 2237 plurima
2503 2182 2684 2237 agere,
2715 2181 2835 2235 qua:
2858 2165 3034 2220 Judaei
3061 2180 3409 2234 nequaquam

1820 2259 2100 2324 fecissent,
2135 2260 2176 2314 si
2213 2260 2483 2314 decimam
2525 2259 2772 2327 quintam
2807 2259 2991 2312 lunam
3017 2267 3073 2312 et
3106 2258 3176 2312 ita
3207 2257 3411 2312 festum

1821 2351 2043 2405 Pascha:
2107 2363 2163 2406 et
2203 2353 2531 2422 Azymorum
2587 2367 2654 2406 eo
2697 2352 2786 2404 die
2837 2351 3232 2409 celebrassent.
3285 2367 3412 2404 cum

1819 2442 1957 2496 facta
1983 2444 2082 2495 'sua
2113 2458 2211 2511 per
2237 2443 2411 2510 legem
2438 2442 2727 2498 Mosaicam
2754 2441 3058 2510 jttstilicare
3076 2442 3409 2504 niterentur,

1818 2536 2063 2589 dicentes
2098 2551 2111 2588 :
2151 2533 2260 2588 Nor
2295 2536 2456 2606 legem
2489 2535 2758 2596 habemus,
2789 2543 2923 2592 εις..
2955 2543 3013 2590 et
3049 2535 3286 2588 maxime
3315 2534 3412 2588 Jo-

1817 2627 1948 2696 seph
1984 2627 2052 2679 ab
2090 2627 2404 2680 Arimathea
2448 2628 2531 2679 vir
2562 2627 2740 2681 bonus
2781 2640 2841 2680 ac
2872 2627 3058 2692 justus
3091 2636 3144 2680 et
3177 2626 3412 2681 Nicode-

1815 2735 1938 2773 mus
1965 2719 2055 2787 qui
2085 2718 2374 2772 Dominum
2399 2719 2756 2786 sepelierunt.
2787 2717 2877 2786 qui
2905 2727 3130 2786 propter
3156 2717 3414 2771 Parasco—

1814 2827 1917 2866 ven
1957 2811 2295 2871 Judaaorum,
2329 2811 2453 2880 quia
2494 2825 2664 2877 prope
2695 2820 2818 2864 erat
2851 2820 3294 2867 monumentum.
3334 2811 3410 2862 ibi

1814 2912 2117 2972 posuerunt
2154 2901 2364 2961 Jesum.
2396 2903 2469 2954 ait
2495 2901 2733 2955 Joannes
2775 2902 2988 2956 decimo
3014 2902 3210 2970 capite.
3252 2899 3408 2955 Citca

1813 3010 1932 3062 qua:
1958 2994 2121 3046 verba
2147 2993 2309 3046 habet
2342 2992 2676 3058 Augustinus
2701 3009 2714 3044 :
2751 2993 3152 3047 «Acceleratam
3180 2994 3292 3045 vult
3326 2993 3414 3046 in-

1815 3083 1979 3152 telligi
2013 3085 2372 3152 sepulturam,
2393 3099 2460 3136 ne
2493 3085 2993 3152 advesperasceret,
3022 3099 3145 3136 cum
3168 3085 3276 3150 jam
3307 3084 3410 3136 ali-

153 3180 310 3233 quarta
341 3171 464 3224 luna
494 3174 838 3238 occurrebat,
888 3184 945 3227 ut
975 3176 1206 3230 diversis
1242 3189 1458 3244 respect
1483 3179 1605 3240 bus,
1655 3191 1709 3235 et
1737 3184 1778 3238 c
1813 3175 1940 3242 quid
1961 3176 2064 3226 tale
2082 3190 2188 3227 non
2211 3176 2399 3228 licvret
2423 3184 2643 3244 propter
2666 3190 3416 3242 parascevenqnamcmnam

156 3257 256 3310 hinc
292 3265 395 3314 veri
446 3266 573 3328 agni
626 3266 930 3319 immolatio
984 3270 1165 3336 typico
1221 3273 1601 3338 responderet,
1655 3284 1711 3327 et

154 3350 274 3404 illinc
308 3353 558 3408 Christus
587 3359 653 3410 ad
687 3357 846 3410 linem
884 3375 1055 3427 usque
1084 3361 1208 3414 viL'e
1245 3363 1413 3432 legem
1443 3377 1709 3428 servaret,

155 3448 199 3489 ιιι
230 3440 376 3495 habet
408 3446 577 3498 etiam
611 3447 834 3501 Grccus
874 3448 1320 3516 Chrysostomus,
1363 3467 1425 3505 ac
1461 3455 1706 3522 typicum

153 3543 317 3596 agnum
351 3549 472 3586 vera
509 3544 563 3588 et
597 3536 838 3606 legitima
869 3537 1082 3592 decima
1119 3551 1310 3607 quarta
1344 3544 1470 3596 luna
1497 3547 1709 3609 ederet,

153 3620 266 3671 sicut
310 3639 428 3676 eum
483 3627 666 3680 edisse
727 3628 857 3681 dicit
913 3628 1297 3701 Hieronymus.
1361 3634 1428 3686 Et
1483 3635 1551 3688 de
1611 3636 1712 3691 hac

154 3713 328 3766 decima
363 3732 557 3783 quarta
609 3720 756 3781 luna,
814 3721 966 3788 juxta
1015 3723 1220 3778 Christi
1275 3727 1709 3782 numerationem

153 3799 415 3870 loquuntur
442 3809 672 3863 indubie
698 3810 981 3865 Mattheus
1001 3853 1015 3875 ,
1060 3813 1272 3869 Marcus
1299 3826 1352 3870 et
1373 3817 1565 3880 Lucas,
1585 3836 1708 3874 cum

153 3893 280 3948 aiunt
307 3895 476 3952 fuisse
515 3902 751 3969 primum
785 3904 927 3956 diem
959 3907 1311 3974 Azymornm.
1344 3908 1478 3962 Nam
1507 3927 1629 3964 cum
1658 3912 1710 3965 lii

155 3994 242 4037 tres
297 3993 641 4060 evangelista:
696 4009 946 4064 magnam
1017 3997 1260 4050 facerent
1323 3999 1485 4066 hujus
1541 4017 1712 4056 omna:

155 4081 476 4144 mentionem,
507 4092 562 4136 et
588 4085 1019 4139 consecrationis
1049 4087 1426 4150 Eucharistize,
1455 4094 1711 4147 ostende-

153 4179 259 4222 runt
308 4170 588 4228 Christum
646 4176 809 4230 etiam
869 4177 922 4230 in
981 4179 1083 4232 hoc
1134 4179 1308 4249 legem
1363 4183 1708 4248 observasse,

154 4273 319 4332 nempe
338 4265 493 4332 juxta
520 4283 702 4320 veram
739 4269 908 4336 ipsius
937 4272 1402 4338 supputationem.
1430 4281 1487 4327 ut
1510 4276 1709 4342 praedi-

154 4352 303 4409 ximus
329 4358 508 4427 (Joan.
546 4362 686 4428 xui).
726 4360 966 4416 Joannes
998 4379 1126 4417 vero
1154 4366 1247 4432 qui
1279 4365 1346 4419 de
1379 4381 1558 4429 cmna,
1591 4378 1712 4421 tan-

155 4459 289 4513 quam
322 4451 388 4504 ab
419 4453 546 4506 aliis
587 4454 750 4506 latius
789 4465 1040 4516 tractata,
1079 4457 1243 4511 unico
1277 4458 1442 4511 verbo
1475 4459 1709 4513 absolvit

153 4537 353 4596 dicendo
383 4563 396 4597 :
429 4543 590 4599 Coena
624 4547 766 4615 facta
789 4588 804 4610 ,
834 4547 993 4601 aliam
1017 4548 1171 4618 juxta
1212 4560 1452 4604 veterem
1487 4551 1706 4606 Iudaeo-

155 4639 252 4682 rum
283 4633 684 4688 observantiam
725 4637 993 4692 decimam
1027 4650 1276 4707 quartam
1309 4640 1490 4693 lunam
1527 4642 1708 4696 consi-

156 4720 368 4789 deravit;
413 4727 482 4779 ad
534 4729 930 4783 excludendum
982 4745 1249 4792 errorem,
1300 4731 1394 4800 qui
1433 4734 1712 4788 nonnullis

158 4814 264 4866 oriri
309 4819 573 4884 potuisset
605 4836 667 4872 ex
717 4821 836 4876 aliis
873 4822 1260 4892 evangelistis.
1316 4839 1513 4892 nempe
1563 4827 1709 4895 quod

157 4905 327 4960 veritas
352 4924 458 4961 non
483 4910 842 4978 responderet
871 4911 1053 4981 figura:
1077 4913 1128 4964 in
1156 4911 1270 4965 veri
1301 4913 1423 4982 agni
1457 4913 1708 4968 immola-

157 4991 294 5048 tione.
343 4997 407 5052 Et
451 4999 575 5054 ideo
623 5000 754 5053 dicit
785 5001 970 5071 (Ioan.
1008 5018 1116 5060 nx.
1153 5003 1240 5074 ﬂ)
1290 5004 1435 5073 quod
1467 5005 1554 5059 die
1602 5021 1710 5074 quo

156 5099 374 5144 mortuus
425 5101 505 5145 est
543 5089 800 5145 Christus
847 5103 967 5147 erat
1022 5107 1317 5163 parasceve
1366 5094 1605 5157 Paschze.
1656 5107 1712 5150 et

155 5182 275 5244 quod
324 5198 429 5235 non
477 5183 810 5237 introierunt
867 5183 919 5236 in
963 5187 1276 5252 praetorium
1326 5201 1395 5240 ne
1442 5189 1711 5241 contami-

154 5283 409 5336 narentur,
445 5275 539 5328 sed
573 5282 632 5328 ut
657 5275 887 5329 ederent
913 5276 1114 5343 pascha
1147 5293 1160 5328 :
1188 5276 1278 5330 ubi
1303 5276 1472 5331 dictio
1500 5277 1707 5332 Pascha

159 5376 466 5434 nequaquam
499 5381 598 5434 pro
629 5367 838 5437 azymis
874 5367 996 5436 capi
1027 5375 1233 5437 potest.
1268 5377 1328 5423 ut
1356 5366 1578 5439 quidam
1607 5385 1707 5424 vo-

157 5451 274 5515 lunt.
302 5465 412 5511 tum
445 5459 591 5527 quod
622 5474 893 5530 nusquam
928 5461 1058 5515 alibi
1083 5461 1155 5514 ita
1185 5461 1429 5531 capiatur
1463 5463 1518 5516 in
1558 5462 1707 5518 Scri-

159 5547 328 5608 pluria.
361 5557 473 5603 tum
499 5551 644 5618 quod
673 5551 738 5606 ad
761 5551 972 5605 edenda
1001 5567 1188 5622 azyma
1210 5567 1478 5622 nusquam
1497 5553 1710 5608 dicatur

161 5637 370 5704 requiri;
395 5656 575 5710 neque
597 5642 892 5696 verisimile
919 5643 991 5695 sit
1018 5656 1141 5696 esse
1166 5658 1412 5708 necesse,
1434 5652 1491 5696 ut
1520 5645 1708 5698 mundi

162 5722 269 5788 sint,
305 5743 422 5783 cum
460 5746 622 5800 pana
658 5731 852 5786 mortis
896 5731 1185 5795 intentata,
1231 5739 1448 5802 septem
1483 5731 1710 5803 integris

161 5812 326 5874 diebus
357 5823 700 5880 naturalibus
732 5822 1124 5894 praeciperetur
1161 5822 1240 5880 cis
1277 5831 1337 5878 ut
1364 5837 1552 5894 azyma
1577 5823 1710 5881 cde-

1816 3265 2187 3335 puramJudzei
2205 3267 2394 3321 Latine
2419 3269 2674 3322 usitatius
2695 3268 2836 3334 apud
2855 3283 2952 3320 nos
2979 3279 3198 3322 vocant.
3226 3268 3412 3338 Neque

1817 3359 1964 3411 enim
1986 3368 2079 3412 aut
2109 3359 2181 3419 hi.
2217 3369 2310 3412 aut
2337 3361 2436 3427 pim
2456 3360 2559 3412 illa:
2576 3360 2832 3412 mulieres
2846 3359 3024 3412 adhuc
3043 3370 3414 3429 cognoverant

1819 3467 2038 3506 cessare
2075 3452 2127 3504 in
2161 3451 2366 3505 Christi
2400 3464 2574 3505 morte
2601 3451 2810 3518 legalia.
2841 3451 3089 3510 Demunt.
3115 3460 3171 3505 ιιι
3198 3454 3413 3523 epilogo

1817 3542 2229 3604 concludamus,
2283 3541 2534 3595 Christus
2589 3558 2745 3596 suum
2803 3542 3006 3595 Pascha
3039 3543 3212 3610 ‘jTtxta
3274 3544 3412 3614 legis

1818 3631 2064 3685 Mosaicae
2110 3641 2353 3686 tenorem
2397 3633 2710 3696 celebravit,
2749 3631 2922 3685 ΙυόξΕί
2972 3643 3155 3686 autem
3185 3633 3274 3687 die
3324 3650 3412 3686 se-

1819 3721 2006 3790 quenti
2039 3723 2192 3787 juxta
2224 3722 2450 3777 Patrum
2487 3725 2810 3778 traditiones
2841 3741 2854 3787 ;
2889 3723 3092 3792 quippe
3117 3723 3211 3791 qui
3239 3723 3410 3793 legale

1818 3826 2154 3885 praeceptum
2185 3815 2252 3870 de
2285 3815 2507 3871 Pascha:
2537 3817 2925 3870 observatione
2961 3816 3066 3870 hac
3102 3831 3201 3870 sua
3239 3816 3415 3869 tradi-

1819 3907 1968 3960 tione
1993 3917 2379 3974 corruperunt.
2407 3923 2571 3976 quam
2604 3905 2770 3960 rel'ert
2805 3905 3284 3974 historiographus
3313 3920 3420 3959 θοι

1819 4011 1938 4047 rum
1969 3995 2140 4048 Sed‘ar
2171 3997 2357 4049 Diam:
2385 3995 2888 4063 cujustraditionis,
2914 3993 3121 4048 relictis
3146 4008 3408 4062 compen-

1815 4087 1888 4140 dii
1916 4087 2082 4157 gratia
2115 4085 2392 4142 Hebraicis
2421 4089 2537 4141 haec
2563 4095 2692 4141 sunt
2724 4086 2884 4140 verba
2923 4103 2936 4139 :
2973 4085 3063 4140 Sic
3097 4094 3410 4140 statuerunt

1817 4181 2062 4248 magistri
2111 4180 2280 4235 nostri
2324 4180 2535 4249 judices
2595 4179 2904 4234 Sanhedrin
2941 4179 3120 4248 magni
3170 4178 3421 4232 nominis

1817 4273 1871 4324 in
1922 4274 2140 4325 saeculo.
2178 4271 2234 4324 ln
2289 4271 2452 4326 domo
2501 4270 2798 4326 sanctuarii
2852 4270 3088 4324 secunda
3136 4285 3259 4324 cum
3311 4285 3409 4324 ex-

1817 4373 2019 4416 structa
2057 4371 2203 4418 esset
2243 4373 2297 4418 et
2332 4373 2738 4426 consummata,
2769 4371 2900 4416 tunc
2926 4361 3174 4432 apparuit
3211 4360 3414 4415 solium

1817 4452 2034 4523 igneum
2089 4453 2574 4524 perfectissimum,
2618 4470 2785 4525 super
2827 4455 2972 4523 quod
3010 4455 3237 4508 sedebat
3294 4452 3409 4506 Res

1818 4547 2004 4601 mundi
2037 4547 2287 4602 sublimis
2317 4547 2472 4602 valde
2503 4557 2658 4602 stans
2693 4547 2836 4600 inter
2868 4548 3139 4616 porticum
3179 4565 3191 4601 :
3225 4557 3280 4601 ct
3310 4563 3405 4600 ac-

1816 4650 2083 4708 ceperunt
2112 4655 2393 4702 coronam,
2421 4641 2912 4708 appendernntque
2938 4638 3175 4709 sigillum
3212 4654 3408 4692 recon»

1816 4731 2012 4795 (litum,
2031 4742 2089 4785 ct
2108 4741 2427 4795 sanxerunt,
2459 4731 2961 4800 ordinaveruntque
2985 4741 3248 4786 statutum
3283 4748 3406 4799 per-

1816 4835 2040 4893 petuum
2078 4843 2091 4878 :
2129 4835 2188 4879 et
2219 4824 2479 4880 traditum
2521 4832 2606 4878 est
2642 4826 2703 4878 in.
2743 4839 2908 4878 manu
2950 4823 3118 4878 Rabbi
3153 4824 3412 4886 Eliezcr,

1815 4919 1906 4986 qui
1955 4917 2178 4986 reliquis
2217 4918 2476 4972 omnibus
2512 4918 2682 4985 major
2713 4927 2874 4972 erat:
2923 4929 2978 4970 et
3031 4917 3075 4971 is
3135 4918 3405 4971 ordinavit

1816 5009 1960 5062 diem
2026 5008 2256 5062 sortium
2319 5025 2430 5063 non
2491 5008 2772 5062 observari
2842 5009 3121 5070 secunde,
3174 5017 3402 5076 quarto,

1815 5101 2050 5168 septimo
2091 5101 2446 5156 hebdomadm
2480 5102 2568 5156 die
2608 5115 2623 5153 :
2661 5116 2840 5170 neque
2878 5101 3086 5156 Pascha
3127 5103 3394 5158 secundo.

1815 5201 2010 5260 quarto
2095 5201 2248 5246 sexto
2305 5209 2318 5246 :
2377 5207 2552 5260 neque
2613 5192 2756 5245 diem
2811 5191 3156 5246 Retentionis
3217 5191 3400 5254 tertio,

1814 5280 2027 5349 quinto,
2064 5281 2295 5350 septimo
2331 5297 2346 5335 :
2381 5296 2558 5350 neque
2584 5281 2913 5350 principium
2949 5281 3080 5335 anni
3125 5284 3398 5343 secundo,

1813 5377 2008 5437 quarto
2034 5381 2192 5424 sexto
2220 5387 2239 5422 ι
2262 5385 2439 5440 neque
2462 5370 2604 5424 diem
2630 5369 2966 5440 Expiationis
2990 5371 3188 5441 primo,
3219 5373 3404 5435 tertio,

1814 5471 1971 5517 sexto
2005 5465 2058 5515 in
2078 5473 2363 5517 aeternum.
2396 5461 2540 5524 Haec,
2577 5460 2622 5515 si
2653 5460 2738 5516 cui
2772 5461 3001 5531 placeat,
3033 5462 3193 5516 latius
3219 5462 3406 5517 videre

1816 5553 2016 5622 poterit
2047 5552 2099 5606 in
2147 5552 2313 5608 Paulo
2358 5552 2618 5622 Burgensi
2673 5568 2839 5622 super
2893 5551 3227 5615 Matthmum,
3277 5569 3399 5622 cap.

1811 5644 1907 5704 ‘26,
1961 5649 2017 5696 et
2081 5641 2134 5695 in
2197 5641 2334 5697 libro
2389 5658 2552 5713 quem
2613 5642 2782 5696 edidit
2851 5641 3048 5696 Paulus
3107 5641 3401 5697 Midelbur-

1815 5733 1998 5802 pensis
2023 5733 2312 5805 episcopus
2341 5732 2769 5812 sempronianus
2791 5733 2857 5789 de
2883 5733 3248 5790 Celebrationc
3274 5735 3400 5788 Pas-

1816 5824 1956 5879 chw.
