4078 6406
179 386 237 447 53
1575 382 1993 445 PRJEFATIO‘.

3351 367 3422 431 54

236 492 319 556 21,
360 490 444 544 ll.
490 488 563 543 Et
596 495 943 545 accesserunt
998 488 1067 544 ad
1108 503 1231 543 eum
1272 488 1450 545 claudi
1490 501 1546 546 et
1583 491 1733 547 ezeei.
1768 496 1812 549 Δ
1844 492 2069 559 vigilare
2099 504 2314 547 meeum
2348 488 2465 543 ?Et
2498 486 2615 543 bmc
2638 482 2918 542 distinctio
2952 483 3123 555 magis
3161 483 3424 554 quadrat:

179 583 291 637 Nam
319 582 415 636 hoc
437 582 633 636 ordine
659 581 785 650 legit
804 581 1080 650 exemplar
1109 580 1272 635 etiam
1302 580 1693 652 Complutense
1719 598 1732 634 :

181 688 273 727 non
324 685 380 727 ut
430 672 535 726 alia
589 672 914 742 exemplaria
967 672 1184 726 diverso
1234 671 1447 733 ordine,
1508 672 1637 726 caeci
1683 679 1741 725 et

179 766 361 819 claudi.

238 857 321 920 ἥ,
351 857 400 910 4.
434 856 577 910 Ecce
607 856 889 926 prandium
916 871 1094 909 meum
1123 856 1392 925 (paratum
1414 854 1519 924 est)
1545 855 1732 925 Siqui-

178 950 284 1003 dem
329 948 492 1001 habet
526 949 854 1018 ὴτθὶμασται
899 948 1055 1002 tertia
1100 963 1333 1019 persona
1385 950 1597 1016 passiva
1630 963 1734 1001 non

179 1040 437 1111 ἡτοίμασε
476 1042 691 1109 paravi.

238 1132 321 1197 ΞΩ,
355 1132 441 1186 55.
478 1132 543 1186 Et
573 1131 927 1201 interrogavit
956 1146 1079 1184 eum
1112 1146 1255 1184 unus
1283 1146 1351 1185 ex
1378 1130 1458 1185 eis
1480 1129 1615 1200 legis
1644 1129 1742 1183 do-

180 1235 285 1279 ctor
319 1232 534 1277 tentans
572 1237 718 1276 eum.
772 1220 889 1274 Non
923 1221 1065 1274 enim
1096 1220 1313 1274 additur
1343 1220 1427 1281 τίς
1478 1219 1552 1286 (ἡ)
1591 1218 1743 1288 quis-

181 1315 330 1384 piam.
360 1322 485 1367 ante
512 1312 778 1366 Tentans.
805 1311 1035 1366 Faciunt
1066 1311 1351 1365 nobiscum
1380 1319 1435 1365 et
1465 1310 1742 1379 exemplar

180 1405 550 1472 Complutense
577 1413 633 1458 et
664 1401 887 1473 Vulgata
911 1401 1102 1455 editio.

238 1496 325 1559 23,
358 1498 408 1548 7.
443 1494 506 1548 Et
540 1495 717 1547 vocari
749 1493 816 1547 ab
850 1492 1161 1546 hominibus
1186 1490 1378 1560 (Rabbi
1417 1490 1616 1559 Rabbi)
1655 1505 1746 1561 ge-

181 1590 366 1641 minata
394 1586 454 1655 (i)
482 1586 747 1640 dictione.
774 1582 884 1638 Nec
914 1592 997 1637 est
1033 1582 1227 1653 ῥαϐϐεί
1253 1599 1348 1651 per
1378 1582 1739 1651 diptbongum

183 1680 264 1733 sed
294 1678 471 1747 ραὁῆἕ.
510 1676 662 1731 Facit
694 1691 793 1745 per
825 1675 1009 1729 omnia
1047 1675 1335 1728 nobiscum
1375 1674 1545 1727 editio
1571 1673 1737 1727 Com-

182 1770 454 1839 piutensis.

243 1862 328 1919 εδ.
382 1860 593 1915 13.”.
641 1858 728 1913 Vat
772 1857 927 1913 vobis
980 1856 1184 1912 Scriba:
1227 1865 1280 1910 et
1338 1856 1599 1910 Pharisaei
1654 1835 1821 1927 hy-B

183 1954 421 2022 pocritae,
456 1951 585 2020 quia
618 1950 893 2004 devoratis
932 1950 1122 2003 domos
1171 1948 1480 2001 viduarum.
1535 1948 1601 2001 Et
1630 1956 1752 2017 post

186 2042 311 2095 hanc
346 2042 802 2112 deplorationcm,
844 2040 1091 2109 sequitur
1128 2040 1237 2103 illa,
1286 2055 1390 2107 qua
1430 2039 1561 2094 dicit
1608 2056 1620 2090 :
1656 2038 1749 2092 Vae

184 2135 323 2189 vobis
356 2134 565 2189 Scriba:
604 2144 659 2188 et
688 2132 945 2187 Pharismi
981 2133 1299 2202 hypocritie.
1334 2130 1458 2200 quia
1490 2130 1750 2185 clattditis

184 2239 392 2293 regnum
429 2224 717 2278 eri-lorum.
753 2222 863 2277 Hoc
892 2222 1055 2276 etiam
1088 2222 1281 2275 ordine
1314 2221 1445 2290 legit
1473 2219 1755 2289 exemplar

184 2314 583 2383 Complutense.

244 2407 326 2469 21,
381 2408 471 2462 45.
518 2405 778 2472 Quisnam
832 2416 914 2460 est
945 2404 1121 2459 fidelis
1169 2418 1363 2459 servus
1392 2412 1445 2457 et
1493 2400 1756 2471 prudens,

182 2515 327 2569 quem
374 2500 625 2569 pnefecit
665 2501 928 2554 Dominus
967 2497 1168 2569 (suus).
1217 2495 1447 2551 Additur
1471 2496 1617 2549 enim
1660 2494 1760 2547 αὑ-

184 2592 267 2643 τςῦ
298 2593 391 2659 (Ii).
430 2591 696 2645 Similiter
729 2591 868 2643 infra
902 2593 975 2651 (γ.
1013 2588 1101 2656 49)
1141 2610 1152 2642 :
1188 2588 1255 2642 Et
1290 2587 1521 2657 emperit
1557 2601 1753 2656 pereu-

195 2691 297 2736 tere
337 2697 636 2736 conservos
677 2684 872 2751 (suos).
899 2678 1180 2749 Siquidem
1214 2678 1320 2733 hoc
1353 2677 1516 2731 etiam
1552 2679 1603 2729 in
1642 2677 1761 2730 loco

186 2775 472 2829 addebatur
513 2774 704 2827 αὐτοῦ.
743 2772 969 2826 Faciunt
1008 2770 1290 2824 nobiscum
1326 2770 1381 2822 in
1430 2768 1595 2839 priori
1636 2768 1759 2837 qui-

186 2864 295 2919 dem
327 2866 603 2935 exemplar
626 2864 1046 2934 Complutense;
1076 2862 1127 2915 in
1156 2860 1446 2932 posteriori
1466 2874 1616 2925 vero,
1647 2860 1764 2913 edi-

193 2956 260 3009 tio
286 2953 538 3021 Vulgata.

248 3047 334 3112 25,
381 3049 432 3103 2.
474 3046 727 3116 Quinque
759 3054 939 3100 autem
964 3061 1027 3099 ex
1060 3059 1140 3098 eis
1175 3052 1332 3097 erant
1360 3043 1662 3113 prudentes
1696 3052 1753 3098 et

1842 585 2043 655 alioqui
2078 581 2223 639 enim
2262 582 2397 637 nihil
2427 592 2512 636 est
2561 579 2707 650 quod
2743 578 2844 633 soli
2894 576 3057 632 Petro
3086 577 3304 631 loeutus
3333 584 3427 630 sit.

1843 677 2132 745 Exemplar
2158 675 2320 730 etiam
2347 673 2734 741 Compluteuse
2768 668 2922 723 addit
2958 668 3052 738 (ιη)
3086 666 3431 740 hypostigma

1842 781 1962 837 post
1989 769 2283 824 dictionem
2313 766 2486 827 aii-.w;
2513 764 2611 817 sic.

1911 862 2116 925 27,42.
2152 859 2456 915 Descendat
2514 872 2657 911 nunc
2690 856 2759 910 de
2816 868 2980 907 cruce
3041 862 3095 906 et
3140 851 3435 907 credemus

1846 955 1922 1025 (in
1958 953 2126 1025 eum).
2158 952 2343 1021 Neque
2372 950 2515 1004 enim
2575 947 2900 1017 simpliciter
2946 945 3113 999 habet
3147 942 3301 1010 αὐτῷ
3358 942 3434 1005 ei,

1844 1047 1940 1103 sed
1968 1047 2067 1100 ἐπ’
2102 1044 2272 1113 αὐτῷ.
2302 1042 2424 1096 Pari
2485 1040 2647 1094 modo
2678 1040 2810 1109 legit
2854 1047 2910 1091 et
2942 1038 3223 1105 exemplar
3273 1034 3437 1089 Com-

1846 1140 2121 1210 plutense.

1915 1232 2006 1291 Ἦ,
2031 1230 2117 1284 54.
2150 1228 2413 1284 Centurio
2444 1235 2627 1281 autem
2664 1234 2720 1278 et
2742 1224 2832 1294 qui
2859 1238 2983 1277 cum
3020 1237 3086 1275 eo
3129 1228 3289 1274 erant
3315 1234 3437 1272 ser-

1846 1333 2037 1378 vantes
2055 1320 2263 1383 Jesum,
2300 1336 2424 1374 cum
2461 1317 2730 1373 vidissent
2762 1332 2883 1385 quite
2904 1314 3126 1373 tiebant,
3155 1323 3263 1366 etc.
3294 1309 3440 1363 Nihil

1848 1416 1941 1471 hic
1971 1414 2173 1469 dicitur
2203 1413 2271 1467 de
2304 1422 2465 1467 terra:
2500 1419 2650 1464 motu
2679 1425 2693 1462 :
2728 1423 2907 1477 neque
2943 1406 3089 1459 enim
3133 1402 3442 1457 addebatur

1848 1509 1940 1561 τὸν
1972 1506 2195 1575 σεισμὸν
2226 1503 2341 1566 καὶ,
2371 1511 2768 1562 ῑεττωῐιιοιιιηι,
2814 1509 2885 1553 ct.
2915 1499 3027 1551 Nec
3054 1507 3235 1549 tamen
3264 1494 3340 1563 (η)
3387 1493 3440 1547 id

1848 1594 2059 1651 librarii
2114 1594 2243 1649 vitio
2267 1596 2531 1648 omissum
2570 1592 2819 1645 videtur:
2860 1604 2984 1642 nam
3018 1586 3269 1644 Joannis.
3314 1600 3440 1652 cap.

1851 1706 1970 1751 vni,
2025 1706 2075 1741 v.
2131 1688 2223 1750 9.8,
2286 1702 2449 1754 super
2497 1701 2563 1739 eo
2618 1684 2815 1739 verbo:
2874 1680 3009 1734 Cum
3070 1676 3444 1731 exaltaveritis

1854 1784 2044 1837 Filium
2079 1780 2335 1845 hominis,
2369 1787 2474 1833 etc.
2510 1776 2636 1831 llaec
2677 1774 2839 1831 verba
2892 1773 2945 1825 in
2996 1769 3249 1825 eumdem
3312 1768 3445 1821 citat

1858 1875 2105 1929 modum.

1922 1971 2014 2032 ‘28,
2051 1969 2135 2024 19.
2179 1968 2410 2031 Euntes,
2448 1965 2641 2019 docete
2670 1977 2865 2017 omnes
2889 1971 3099 2032 gentes.
3138 1956 3255 2011 Non
3288 1954 3445 2010 addi-

1854 2072 1943 2116 tur
1979 2061 2052 2129 (ο)
2078 2054 2171 2113 οὖν
2204 2075 2347 2127 ergo,
2384 2067 2507 2126 post
2546 2055 2842 2110 dictionem
2880 2059 3083 2107 euntes.
3150 2046 3273 2103 Pari
3307 2061 3447 2115 quo-

1855 2166 1964 2221 que
1981 2150 2142 2203 modo
2177 2148 2304 2218 legit
2338 2147 2621 2215 exemplar
2644 2143 3064 2213 Complutense.

2493 2282 2574 2335 Ea:
2608 2280 2812 2334 Marco.

1930 2403 1982 2465 1,
2014 2400 2101 2455 16.
2136 2398 2284 2453 Vidit
2309 2395 2592 2451 Simonem
2623 2403 2677 2449 et
2706 2393 2982 2449 Andream
3014 2389 3237 2445 fratrem
3272 2386 3449 2456 ipsius

1859 2489 2165 2561 (Simonis.)
2205 2490 2436 2543 Additur
2465 2501 2699 2555 namque
2727 2488 2821 2538 τοῦ
2862 2484 3133 2553 Σίμωνος,
3192 2480 3360 2534 etiam
3390 2477 3446 2531 in

1861 2582 2159 2652 exemplari
2191 2580 2592 2651 Complutensi.

1937 2677 1987 2737 1,
2019 2675 2109 2729 55.
2146 2674 2291 2728 Abiit
2318 2672 2369 2726 in
2391 2673 2669 2727 desertum
2716 2669 2920 2723 locum.
2955 2667 3010 2719 ln
3041 2673 3231 2719 nostro
3262 2676 3452 2717 exem-

1860 2767 1997 2838 plari
2039 2782 2151 2820 non
2206 2764 2616 2833 exprimebatnr
2663 2776 2862 2815 nomen
2903 2757 3137 2827 Ἰησοῦς.
3176 2755 3453 2810 Facitau-

1864 2868 1970 2914 tem
2002 2858 2290 2912 nobiscum
2320 2858 2425 2910 hoc
2459 2856 2513 2908 in
2547 2855 2667 2907 loco
2696 2852 2911 2920 vulgata
2943 2849 3136 2904 editio.

1937 2954 1991 3016 5,
2036 2949 2401 3019 54.(1υητ‹ιιια
2437 2947 2925 3015 circumspexisset
2959 2944 3011 2996 in
3054 2939 3290 2995 circuitu
3343 2935 3454 2990 cit-

1865 3060 1989 3099 cum
2021 3044 2294 3097 sedentes.
2334 3039 2452 3096 Non
2485 3040 2633 3094 addit
2658 3040 2733 3107 (p)
2768 3035 3021 3107 μαθητάς
3050 3034 3371 3101 discipulos,
3402 3039 3462 3083 et.

189 3142 413 3209 quinque
459 3139 646 3193 fatuze.
685 3140 802 3191 Hoc
853 3137 1045 3189 ordine
1088 3137 1180 3205 qui
1215 3136 1517 3189 naturalior
1545 3145 1650 3195 est,
1709 3144 1763 3188 et
1790 3173 1832 3230 Ο
1867 3138 1939 3190 ita
1959 3136 2270 3206 generalius
2294 3134 2556 3203 loquitur.
2599 3132 2829 3185 Faciunt
2859 3130 3148 3183 nobiscum
3186 3134 3241 3179 et
3273 3138 3462 3179 exenia

186 3232 325 3299 juxta
365 3240 637 3303 prmcepta
666 3229 989 3290 rhetorices,
1019 3227 1183 3281 habet
1208 3229 1372 3281 etiam
1412 3227 1578 3282 editio
1602 3226 1765 3281 Cont-

191 3324 469 3391 plutensis.
510 3322 577 3376 Et
602 3321 856 3374 similiter
889 3320 1031 3373 infra
1075 3322 1149 3388 (ν.
1175 3320 1269 3387 4);
1300 3320 1604 3373 Prudentcs
1633 3335 1765 3373 vero

192 3426 510 3485 acceperunt
555 3416 736 3470 oleum
790 3414 844 3467 in
877 3413 1020 3466 vasis
1079 3412 1194 3466 suis
1240 3427 1367 3465 eum
1426 3412 1767 3480 lampadibus

195 3507 361 3573 (sais.)
393 3505 563 3561 Addit
587 3504 750 3558 etiam
784 3501 1071 3557 nobiseum
1097 3501 1354 3570 praedicta
1380 3502 1548 3556 editio
1585 3501 1767 3555 αὐτῶν

193 3600 313 3655 luis.

256 3693 345 3757 ΞΒ,
372 3692 459 3748 18.
484 3693 567 3747 Ite
590 3692 647 3747 in
666 3693 943 3749 civitatem
964 3690 1032 3747 ad
1057 3690 1372 3759 quemdam,
1408 3696 1465 3742 et
1498 3686 1665 3741 dicite
1684 3686 1766 3741 ei:

197 3781 421 3853 Tempus
452 3800 636 3839 meum
687 3800 857 3855 prope
888 3793 993 3838 est.
1046 3781 1165 3835 Non
1209 3778 1377 3833 habet
1435 3780 1462 3831 ὁ
1516 3778 1771 3831 διδάσκα-

196 3873 477 3941 10;}.é‘fst,
540 3874 800 3943 Magister
834 3873 1005 3937 dicit;
1060 3886 1240 3938 neque
1280 3869 1445 3922 ullam
1484 3867 1615 3922 facit
1652 3869 1772 3935 ejus

198 3968 523 4021 mentionem
560 3968 613 4020 in
650 3963 1097 4020 Commentariis.
1133 3960 1309 4016 Habet
1338 3970 1519 4015 tamen
1553 3960 1687 4014 illud
1716 3963 1769 4013 in

198 4057 370 4115 Marco
401 4068 459 4111 et
528 4056 700 4119 Luca,
732 4058 876 4111 sicut
932 4066 987 4109 et
1035 4064 1232 4109 caetera
1294 4051 1629 4121 exemplaria
1709 4050 1777 4102 Et

197 4150 312 4218 quia
368 4151 475 4204 hoc
524 4148 692 4203 etiam
748 4149 869 4203 loco
931 4145 983 4201 id
1044 4145 1210 4200 habet
1278 4145 1450 4198 editio
1517 4143 1776 4213 Complu-

200 4243 355 4298 tensis
391 4259 407 4309 ;
462 4256 662 4297 vereor
720 4257 791 4295 ne
848 4240 901 4295 id
936 4239 997 4309 (ι)
1034 4239 1244 4293 librarii
1308 4237 1442 4292 vitio
1486 4236 1560 4291 si.
1603 4237 1775 4291 omis-

200 4348 331 4388 30m.

266 4426 355 4489 9.6,
384 4426 471 4481 to.
502 4424 569 4477 Et
600 4424 886 4494 ait;Petro:
915 4421 1049 4477 Sic?
1082 4420 1200 4476 Non
1220 4422 1473 4492 potuiStis
1495 4438 1603 4477 una
1640 4424 1774 4477 hora

268 4580 337 4651 (Ii)
369 4582 643 4637 Erasmus
674 4580 882 4635 scilicet
921 4590 1043 4649 post
1072 4580 1297 4648 νομικός
1333 4580 1499 4651 habet
1528 4598 1634 4643 τις.

268 4652 325 4721 (i)
356 4653 626 4722 Erasmus
662 4650 805 4722 enim
838 4652 890 4722 in
916 4651 1150 4722 gratiam
1188 4651 1392 4722 Latinae
1423 4650 1661 4720 Vulgata:
1694 4667 1783 4704 se-

202 4720 519 4776 melomisit
576 4720 761 4789 ρὰὁόί,
789 4720 1001 4791 ῥαϐϐεί,
1039 4736 1136 4790 per
1163 4736 1232 4783 ει,
1263 4720 1316 4774 in
1341 4723 1617 4791 plerisque
1649 4722 1782 4776 locis

204 4795 337 4861 apud
363 4791 832 4861 Theophylactum
869 4791 1031 4844 etiam
1066 4791 1282 4857 legitur.

268 4863 338 4929 (Ii)
381 4859 646 4915 Erasinus
681 4859 939 4913 nimirum
989 4861 1191 4914 omittit
1226 4860 1392 4913 αὑτοῦ
1438 4861 1494 4915 in
1539 4861 1781 4915 editione

205 4933 431 4985 secunda
471 4941 529 4984 et
564 4930 723 4983 tertia
755 4945 876 4997 quae
914 4946 1065 4985 nune
1097 4932 1162 4982 ad
1199 4945 1394 4983 manus
1431 4941 1590 4984 erant
1628 4932 1778 4985 solze.

206 4997 469 5054 Omissum
502 5000 573 5053 ab
610 4998 833 5053 Erasmo
862 5000 1023 5052 αὐτοῦ
1054 5008 1108 5054 et
1136 5000 1281 5053 anno
1311 5009 1365 5054 et
1392 5000 1677 5055 Wetstenii
1707 5002 1784 5054 la-

210 5072 303 5124 tuit
332 5071 693 5139 diligentiam.

272 5141 328 5207 (tt
367 5138 539 5193 Recte
568 5140 776 5207 iudicat
819 5138 1144 5195 llentenius.
1207 5140 1379 5195 Habet
1431 5140 1578 5194 enim
1635 5148 1783 5195 uter-

210 5226 306 5279 quc
342 5227 519 5262 meus.

280 5281 371 5358 (ιη)
409 5279 576 5358 [HNG
610 5278 1012 5358 ily'npsligmen.
1055 5278 1241 5334 Grmee
1285 5289 1368 5335 est
1410 5281 1775 5358 enocttyaﬁv.

275 5356 350 5417 (η)
419 5349 665 5415 l'troque
721 5349 838 5403 loco
888 5359 1116 5417 uterque
1169 5366 1322 5404 mens
1370 5349 1780 5405 omittuntis‘ta

212 5422 365 5475 verba
405 5418 953 5491 Eintbytniovidetur
986 5419 1087 5491 hoc
1110 5421 1229 5475 loco
1268 5422 1594 5488 imposuisse
1617 5421 1782 5491 Chry-

212 5502 336 5570 sost.
367 5501 425 5570 1.-
441 5487 558 5549 VII.
604 5503 658 5555 p.
686 5488 787 5540 8‘26
814 5504 855 5570 Ξ
880 5530 893 5551 ,
922 5489 1014 5570 qui
1048 5490 1162 5543 haec
1185 5487 1781 5570 siletttio__p_r:elermii.-

215 5560 272 5613 tit
298 5576 359 5614 ac
404 5560 619 5614 Lucam
655 5572 755 5626 pro
812 5557 1066 5613 Militi)?ch
1088 5560 1344 5629 explicat.
1399 5557 1613 5616 llabent
1666 5563 1780 5616 haec

215 5630 717 5755 fgdieeiggegores
759 5642 948 5684 omnes
996 5639 1159 5699 atque
1205 5632 1369 5685 etiam
1419 5631 1691 5702 Origines,
1738 5643 1775 5687 t.

285 5741 297 5755 .
323 5716 375 5755 ι).
405 5739 435 5753 -
596 5736 611 5750 .

285 5771 354 5829 lol
391 5770 719 5825 Latinorum
752 5771 840 5825 alii
871 5769 964 5823 νῦν
992 5786 1157 5838 nunc,
1187 5771 1271 5826 alii
1302 5767 1392 5825 οὖν
1427 5787 1555 5843 ergo
1583 5771 1779 5827 intule-

1869 3228 1987 3299 plar
2009 3226 2404 3295 Contplutense
2442 3233 2497 3278 et
2533 3222 2759 3292 Vulgata
2801 3220 2990 3275 editio.

1938 3319 1990 3371 4.
2020 3316 2112 3369 21.
2149 3314 2285 3369 Num
2346 3314 2569 3368 lucerna
2614 3313 2806 3379 (venit)
2844 3321 2899 3364 ut
2963 3310 3155 3364 subter
3213 3305 3458 3360 modium

1869 3409 2154 3481 ponatur?
2186 3407 2319 3461 Nam
2352 3407 2519 3459 habet
2555 3404 2800 3474 ἔρχεται,
2837 3419 2945 3456 non
2984 3403 3058 3471 (q)
3104 3399 3324 3453 καίεται
3365 3411 3461 3450 ac-

1871 3499 2149 3555 cenditur.
2188 3496 2251 3549 Et
2283 3496 2372 3548 hie
2421 3508 2640 3564 quoque
2687 3494 2972 3547 nobiseum
3026 3489 3237 3545 faciunt
3275 3494 3462 3541 obex—

1871 3591 2080 3659 emplar
2110 3588 2501 3658 Complutense
2528 3595 2582 3640 et
2621 3585 2848 3654 Vulgata
2875 3584 3071 3638 editio.

1943 3683 1997 3745 5,
2043 3684 2125 3735 11.
2158 3682 2287 3735 Erat
2320 3690 2502 3733 autem
2540 3679 2611 3732 ibi
2638 3678 2787 3749 juxta
2825 3677 3116 3747 (montem)
3160 3694 3290 3749 grex
3341 3694 3462 3732 ma-

1873 3806 2010 3861 gnus
2048 3805 2365 3859 porcorum.
2403 3788 2684 3859 Siquidem
2709 3786 2874 3841 habet
2899 3788 3037 3857 πρὸς
3068 3787 3144 3857 τῷ
3176 3788 3318 3858 ὄρει,
3350 3804 3463 3841 non

1874 3883 2158 3952 pluraliter
2215 3882 2283 3934 τὰ
2314 3882 2415 3952 ὅρη
2471 3891 2708 3936 montes.
2768 3882 3038 3936 Similiter
3096 3892 3151 3936 et
3215 3882 3303 3936 bie
3348 3883 3466 3952 pari

1875 3977 2036 4028 tuo-lo
2074 3974 2261 4042 legunt
2292 3973 2415 4027 duae
2448 3973 2716 4041 prredictae
2754 3973 3046 4026 editiones.

1947 4066 2119 4126 6,18.
2185 4064 2302 4118 Non
2338 4065 2467 4118 licet
2503 4064 2596 4118 tibi
2655 4064 2857 4117 habere
2911 4079 3135 4117 uxorem
3184 4062 3463 4136 (Philippi)

1878 4155 2063 4210 fratris
2098 4157 2170 4209 tui
2205 4171 2220 4220 ;
2264 4155 2487 4210 additur
2515 4154 2659 4209 enim
2692 4153 2987 4207 Φιλιππου.

1949 4246 2113 4307 6,59,.
2151 4243 2213 4298 Et
2242 4244 2471 4315 (egressi
2520 4245 2668 4313 sunt)
2712 4244 2929 4314 navigio
2971 4243 3025 4297 in
3081 4244 3357 4298 desertum
3384 4243 3464 4296 lo-

1878 4355 2025 4394 cum.
2082 4338 2363 4407 Siquidem
2434 4336 2601 4390 habet
2664 4335 2951 4405 pluraliter
3019 4334 3288 4403 dnﬁmov,
3353 4350 3465 4387 non

1878 4432 2144 4502 ἀπῆλθεν,
2199 4430 2350 4483 abiit.
2409 4428 2508 4483 llic
2572 4429 2733 4483 etiam
2793 4428 3131 4482 concordant
3188 4427 3471 4497 exemplar

1808 4504 1851 4557 Β

1884 4599 2030 4643 runt.
2063 4588 2369 4654 Utrumque
2400 4592 2549 4639 recte
2599 4582 2863 4654 omittunt
2897 4581 3291 4654 Tertullianus,
3318 4578 3467 4654 Δ1ης-

1882 4677 2056 4717 nmus.
2109 4650 2434 4729 Cyprianus,
2492 4664 2551 4708 ut
2591 4662 2746 4729 notat
2808 4652 3148 4705 Sabatierius
3200 4652 3265 4704 ad
3297 4650 3469 4729 .hun-e

1884 4731 2083 4784 locum.
2109 4720 2495 4781 Es'codicibus
2527 4723 2805 4784 omnibus,
2838 4738 2974 4791 quos
3003 4737 3101 4790 ego
3132 4720 3465 4791 exatninavi.

1884 4801 2051 4854 habet
2082 4799 2230 4852 solus
2258 4794 2602 4861 Mosquensis
2632 4810 2681 4846 e.
2712 4792 3038 4846 vocabulum
3096 4790 3211 4847 οὖν.
3243 4790 3335 4861 qui
3384 4799 3470 4841 est

1884 4887 2008 4922 eum
2042 4860 2443 4924 commentario
2482 4874 2535 4917 et
2567 4872 2783 4917 catena.
2822 4861 3090 4928 lnterpres
3112 4876 3243 4925 ergo
3272 4860 3468 4926 aliqn‘s

1886 4942 1975 4994 hic
2001 4941 2185 4993 denuo
2216 4936 2509 5003 incipiebat
2540 4933 3077 5003 interpretationem.
3133 4929 3471 5003 lirgrrviuei-

1883 5012 2035 5063 entia:
2066 4998 2343 5063 orationis
2361 5021 2526 5060 causa
2551 4998 2789 5059 addebat
2816 4998 2930 5055 οὖν.
2961 5001 3063 5054 Pro
3092 5017 3159 5055 eo
3193 4999 3284 5053 alii
3320 4999 3467 5070 lege-

1884 5080 2150 5133 runtvﬁv.

1957 5153 2032 5219 ip)
2063 5152 2322 5204 Erasmus
2368 5162 2564 5219 nempe
2584 5147 2645 5219 in
2663 5143 2905 5199 editione
2944 5140 3183 5196 secunda
3209 5149 3319 5205 etc,
3344 5150 3469 5208 post

1884 5217 2011 5289 περὶ
2044 5223 2206 5271 aito";
2235 5220 2400 5273 habet
2436 5217 2706 5289 μαθητᾲς.

1956 5281 2029 5360 (ᾳ)
2087 5291 2305 5343 Scilicet
2342 5289 2395 5342 in
2432 5281 3040 5360 nonnullis“codicibus
3071 5281 3278 5360 Latinis
3328 5281 3470 5351 legi-

1886 5354 2325 5419 tur-accenditur,
2372 5374 2470 5424 pro
2503 5361 2660 5411 venit.
2696 5356 2794 5411 Hie
2826 5356 2973 5408 fraus
3008 5354 3465 5424 interpolatorntn

1883 5434 2080 5485 elucet.
2134 5430 2265 5483 Nam
2312 5421 2403 5481 alii
2455 5428 2505 5479 id
2549 5427 2903 5479 reddiderunt
2946 5425 3183 5485 mis-rata,
3236 5422 3350 5480 alii.
3412 5421 3467 5474 in

1884 5501 1968 5556 his
1997 5501 2180 5556 Codex
2212 5499 2692 5566 (Iantabrigiensis,
2720 5496 2961 5549 omnium
3010 5495 3250 5548 intimus.
3298 5492 3471 5566 ἐξῃτε-

1881 5590 1972 5626 ται
2003 5574 2273 5625 Audacter
2302 5586 2450 5623 nunc
2473 5559 2564 5622 ‘ita
2591 5570 2656 5622 de
2691 5568 2814 5622 cod.
2848 5565 3107 5620 Cantabr.
3147 5578 3242 5614 seu
3311 5559 3469 5613 Wet-

1883 5643 2043 5697 stenii
2075 5644 2132 5695 D.
2205 5641 2349 5709 loqui
2393 5654 2636 5707 possunt.
2682 5638 2801 5692 Mox
2846 5637 2992 5690 enim
3027 5635 3081 5687 in
3117 5634 3292 5688 lucem
3319 5629 3460 5685 istad

1885 5721 2188 5768 monstrum
2225 5710 2601 5780 protrahetur.
