4078 6430
590 385 657 450 55
1985 389 2397 452 PREFATIO.
3746 391 3816 453 56

588 498 968 569 (:omplutense
995 506 1048 552 et
1080 496 1299 568 Vulgata
1331 497 1518 559 editio.
1574 499 1716 568 quod
1750 500 1917 554 etiam
1969 498 2146 569 magis
2173 504 2214 558 Α
2246 512 2329 555 est
2368 501 2504 555 nihil
2535 503 2716 557 habet.
2757 499 2866 555 Nec
2926 500 3130 554 librarii
3163 501 3226 571 (ι)
3281 499 3488 554 incuria
3545 499 3798 554 omissa"

589 591 815 659 quadrat
847 605 967 642 cum
1006 589 1432 657 prreeedentibus
1455 597 1510 642 et
1529 590 1902 659 sequentibus.

658 679 709 740 6,
741 679 830 730 57.
862 679 1074 748 Egressi
1100 674 1381 748 (ememus)
1403 681 1653 736 ducentis
1680 681 1917 736 denariis
1949 698 2136 751 panes.

592 767 868 837 Siquidem
916 769 1261 838 ἀγοράσομεν
1326 769 1486 822 habet
1535 772 1804 827 indicandi
1855 774 2034 833 modo,
2090 782 2144 826 ct

591 876 697 913 non
718 861 1076 929 ἀγοράσωμεν
1098 877 1352 923 amamus,
1377 877 1472 931 per
1501 864 1926 929 subjunctivum.

657 951 712 1014 6,
740 953 826 1004 Μ.
855 953 1020 1006 Erant
1045 961 1225 1006 autem
1253 954 1348 1021 qui
1377 955 1831 1010 maudttcavcrant
1859 957 2025 1026 (ipsos
2053 974 2144 1028 pa-

591 1045 707 1114 nes)
745 1046 974 1099 Additttr
1016 1047 1160 1100 enim
1205 1047 1333 1108 τοὺς
1389 1049 1606 1116 ἄρτους.
1667 1049 1819 1103 Facit
1859 1052 2140 1106 nobiscum

589 1138 860 1205 exemplar
892 1137 1297 1207 Complutense.

658 1226 708 1287 7,
727 1227 814 1281 ‘26.
844 1225 970 1282 Erat
994 1237 1170 1282 autem
1201 1229 1392 1284 mulier
1412 1228 1593 1285 Gneca
1615 1231 1766 1302 (Syra
1785 1233 2140 1299 thnicissa)

587 1334 782 1386 genere
815 1337 830 1378 ;
874 1335 980 1372 non
1014 1319 1196 1375 Grazca
1228 1320 1643 1390 Syrophcenissa
1673 1339 1771 1392 per
1793 1325 2140 1393 compositio-

587 1427 732 1465 nem.
797 1412 917 1466 Pari
971 1411 1131 1465 modo
1203 1412 1332 1482 legit
1385 1423 1438 1467 et
1511 1413 1891 1484 Complutense
1954 1429 2140 1469 exem-

587 1504 722 1571 plar.

661 1595 713 1656 9,
756 1593 807 1647 6.
843 1593 960 1646 Non
1019 1595 1162 1647 enim
1219 1595 1423 1649 sciebat
1455 1594 1604 1666 (quid
1671 1595 1915 1651 dicturus
1951 1597 2139 1663 esset).

588 1685 759 1739 Habet
804 1688 946 1738 enim
1015 1685 1260 1754 λαλήσει,
1335 1701 1430 1756 per
1501 1687 1873 1752 indicativum,
1929 1698 1983 1742 et
2033 1703 2142 1742 non

587 1776 812 1845 λαλήσῃ,
845 1791 941 1845 per
973 1776 1399 1844 subjunctivum.
1456 1777 1608 1832 Facit
1638 1777 1922 1833 nobiscum
1983 1779 2144 1832 Com-

587 1866 715 1930 plut.
751 1866 956 1930 editio;
994 1881 1096 1920 nec
1127 1867 1370 1920 eamdem
1403 1876 1484 1922 est
1521 1867 1810 1937 utrobique
1849 1871 2142 1932 sententia,

587 1966 646 2010 ut
708 1969 856 2026 patet
914 1973 976 2010 ex
1035 1956 1198 2025 hujus
1254 1957 1383 2012 dicti
1448 1958 1892 2028 interpretatione
1949 1961 2142 2016 Matth.

586 2066 713 2111 xvtt,
746 2050 800 2104 4.

655 2136 743 2198 10,
780 2135 868 2188 45.
901 2133 1004 2189 Sed
1038 2137 1350 2205 quicunque
1369 2135 1604 2192 voluerit
1652 2137 1765 2195 fieri
1795 2155 2024 2210 magnus
2061 2140 2146 2194 in-

591 2237 671 2279 ter
707 2243 821 2282 vos.
869 2227 984 2280 Non
1021 2228 1164 2282 enim
1205 2230 1418 2282 additur
1448 2231 1600 2298 ὖμῶν
1657 2242 1781 2302 post
1835 2235 2145 2303 quicunque.

586 2316 814 2372 Faciunt
871 2319 1150 2393 nobiscum
1183 2321 1458 2389 exemplar
1493 2321 1762 2392 Complut.
1795 2334 1849 2378 et
1881 2323 2002 2378 Vul.
2035 2326 2149 2379 edi-

590 2408 684 2460 tio.
718 2407 769 2460 ld
790 2418 976 2461 autem
1014 2423 1121 2462 non
1166 2418 1370 2463 rectum
1399 2420 1502 2474 est,
1533 2412 1674 2480 quod
1700 2428 1876 2481 neque
1939 2414 1990 2467 in
2039 2413 2145 2467 ﬁne

588 2497 853 2550 dictorum
879 2499 1162 2552 verborum
1200 2501 1361 2554 habet
1385 2501 1606 2572 Vulgata
1639 2504 1838 2557 editio:
1869 2503 2141 2565 lntcrvos,

588 2598 700 2647 aut.
735 2589 795 2642 In
825 2590 996 2644 vobis.

669 2680 758 2740 Η.
791 2681 880 2733 52.
925 2681 991 2733 At
1029 2681 1312 2750 (dicamus)
1339 2684 1420 2736 Ab
1456 2683 1762 2738 hominibus
1798 2704 1809 2738 :
1854 2695 1910 2738 ut
1951 2687 2149 2740 suban-

589 2771 784 2833 diatur,
815 2787 935 2824 non.
972 2769 1156 2839 Neque
1199 2774 1343 2826 enim
1375 2773 1589 2827 additur
1634 2776 1732 2827 ὲάν
1762 2779 1828 2835 si,
1886 2787 1944 2829 ιιι
1980 2779 2147 2844 possit

591 2863 688 2930 legi
723 2881 739 2916 :
781 2865 848 2914 At
873 2861 914 2915 si
935 2862 1253 2916 dixerimus.
1289 2862 1474 2932 Neque
1499 2865 1632 2917 adeo
1656 2865 1937 2919 commode
1967 2875 2148 2934 potest

591 2953 761 3024 aptari
789 2953 1162 3022 sequentibus.
1193 2953 1342 3009 Facit
1363 2956 1650 3011 nobiscum
1684 2958 1958 3026 exemplar
1986 2957 2147 3013 Com-

592 3046 728 3113 plut.

2245 595 2516 658 arbitror;
2547 594 2742 663 alioqui
2773 596 2992 646 cTtassct
3027 593 3209 658 utique
3267 593 3320 646 in
3356 591 3576 647 scholiis
3610 593 3699 646 ubi
3759 594 3808 642 iu

2245 684 2519 752 Scriptura
2562 683 2726 747 dicat,
2757 680 3214 750 quemadmodum
3248 681 3300 735 in
3330 681 3596 734 similibus
3627 680 3814 734 facere

2245 778 2399 832 so'et.
2429 775 2618 829 Nescio
2647 791 2714 828 an
2749 790 2776 826 a
2815 775 3062 827 studioso
3092 775 3346 842 quapiam
3381 773 3700 843 prophetam
3730 773 3816 825 ci-

2247 878 2392 922 tantc
2423 868 2472 920 id
2503 867 2736 936 primum
2763 864 2990 934 margini
3017 863 3090 917 sit
3128 863 3396 926 additum,
3448 863 3646 917 deinde
3670 871 3812 916 ten:-

2245 973 2374 1029 pore
2401 957 2752 1027 procedente,
2781 956 2972 1010 litterae
3005 955 3077 1008 sit
3104 953 3418 1006 admistnm.

2317 1050 2400 1102 15.
2431 1049 2519 1102 9.9.
2551 1045 2710 1117 (Vah)
2741 1047 2831 1114 qui
2861 1045 3097 1098 destruis
3132 1043 3392 1109 templum
3454 1041 3570 1095 Dei.
3631 1039 3817 1095 Habet

2245 1156 2474 1208 namque
2533 1139 2654 1204 οὺά,
2721 1153 2826 1191 non
2894 1137 3040 1198 οὗαί,
3086 1151 3181 1188 vce.
3237 1133 3466 1187 Faciunt
3521 1133 3810 1188 nobiscum

2244 1229 2627 1294 Compluteose
2665 1226 2959 1294 exemplar,
2996 1224 3330 1294 Vulgataque
3371 1223 3564 1277 editio.

2317 1315 2402 1377 l6,
2441 1314 2526 1368 il.
2587 1312 2731 1367 Loco
2757 1313 2898 1380 ejus,
2929 1314 3071 1381 quod
3111 1315 3160 1365 in
3188 1313 3310 1365 aliis
3356 1311 3565 1365 Latinis
3611 1310 3819 1366 editio-

2245 1410 2404 1463 nibus
2425 1422 2487 1461 ex
2523 1405 2723 1461 Graecis
2757 1406 2995 1460 dicitur:
3040 1406 3106 1460 Et
3134 1405 3206 1458 illi
3238 1403 3424 1458 audito
3470 1404 3612 1472 quod
3641 1406 3811 1459 vive-

2245 1511 2329 1554 ret
2349 1509 2431 1555 est
2456 1499 2603 1554 visus
2633 1508 2775 1552 esset
2806 1497 2874 1552 ab
2920 1514 3006 1560 ea,
3059 1512 3168 1550 non
3226 1495 3619 1550 crediderunt:
3672 1495 3815 1549 nihil

2249 1594 2408 1648 habet
2436 1593 2506 1662 (ο)
2541 1601 2786 1650 nostrum
2814 1593 3110 1660 exemplar.
3165 1589 3272 1642 Nec
3336 1590 3558 1652 mirum,
3613 1588 3659 1642 si
3708 1588 3820 1641 hoc

2243 1685 2510 1754 quispiam
2549 1685 2828 1747 addiderit,
2863 1701 2986 1739 cum
3027 1695 3194 1739 totum
3235 1683 3340 1738 hoc
3391 1683 3459 1737 de
3509 1681 3817 1735 Resurrec-

2249 1778 2394 1830 tione
2429 1785 2590 1846 caput
2626 1775 2964 1843 adjectitium
3014 1791 3136 1831 esse
3191 1777 3438 1846 plerique
3498 1774 3816 1829 Grecorum

2247 1873 2514 1929 asserunt,
2551 1874 2607 1917 ut
2644 1864 2806 1920 habet
2833 1874 3022 1919 noster
3079 1877 3303 1921 auctor:
3361 1866 3610 1933 idemque
3671 1863 3819 1917 inter

2248 1954 2466 2009 Latinos
2490 1954 2645 2008 divus
2673 1953 3027 2026 Hieronymus
3052 1955 3105 2008 in
3131 1955 3383 2023 Epistolis
3412 1955 3576 2008 relert
3601 1951 3815 2021 pleros-

2245 2065 2350 2118 que
2408 2048 2612 2102 dicere.
2653 2047 2718 2100 Et
2747 2057 3010 2115 preterea
3047 2048 3291 2102 secundo
3345 2047 3608 2100 adversus
3661 2043 3820 2097 Pela-

2248 2140 2433 2208 gianos
2459 2138 2561 2191 hoc
2591 2135 2668 2190 ait
2688 2136 2754 2190 de
2777 2138 3102 2206 exprobrata
3123 2136 3502 2193 incredulitate
3526 2134 3819 2203 cordisque

2249 2228 2463 2284 duritie.

2899 2320 2981 2375 Ex
3011 2320 3184 2374 Luca.

2316 2430 2384 2492 2,
2441 2429 2540 2483 53.
2595 2429 2657 2482 Et
2705 2436 2861 2482 erant
2917 2425 3116 2494 Ioseph
3190 2435 3244 2478 et
3293 2433 3463 2477 mater
3528 2421 3648 2490 ejus
3713 2420 3820 2474 ad-

2247 2521 2529 2585 mirantes,
2578 2529 2682 2573 etc.
2758 2517 2874 2571 Non
2945 2517 3112 2571 habet
3172 2517 3318 2569 enim
3367 2519 3394 2568 ὁ
3460 2516 3668 2583 πατήρ,
3716 2514 3814 2568 sed

2248 2614 2275 2662 ὁ
2316 2613 2532 2678 Ἰωσήφ.
2597 2609 2751 2664 Facit
2813 2609 3096 2663 nobiscum
3174 2607 3443 2676 Complut.
3519 2605 3817 2674 exemplar.

2251 2705 2359 2757 imo
2382 2714 2436 2757 et
2467 2702 2688 2774 Vulgata
2729 2702 2918 2760 editio,
2953 2702 3141 2754 saltem
3176 2700 3229 2751 in
3261 2699 3538 2751 veteribus
3586 2697 3819 2764 quibus-

2248 2795 2370 2847 dam
2393 2794 2814 2862 exemplaribus.
2843 2791 3110 2845 Similiter
3129 2790 3291 2851 infra,
3322 2805 3461 2841 vers.
3489 2789 3594 2841 ὧδε
3623 2787 3683 2839 Et
3709 2801 3816 2839 non

2249 2887 2505 2954 cognovit
2546 2883 2820 2953 Joseph,et
2873 2894 3047 2936 mater
3091 2882 3228 2946 ejus,
3280 2880 3614 2934 assentiente
3658 2879 3818 2932 etiam

2251 2979 2338 3032 hic
2357 2978 2728 3048 Complutensi
2755 2975 3045 3045 exemplari
3083 2990 3204 3028 cum
3250 2973 3340 3026 alii
3379 2973 3642 3026 habeant:
3710 2971 3822 3022 Καὶ

2250 3072 2348 3124 οὐκ
2381 3071 2623 3136 ἔγνωσαν
2655 3072 2700 3122 οἱ
2738 3072 2914 3136 γονεῖς
2940 3067 3122 3130 αὐτοῦ,
3160 3065 3223 3119 Et
3278 3082 3383 3118 non
3450 3070 3826 3133 cognoverunt

665 3137 750 3200 12,
781 3136 870 3190 29.
902 3138 1037 3191 Audi
1075 3137 1234 3235 Israel
1265 3140 1532 3235 Dominus
1559 3140 1702 3235 Deus
1756 3142 1980 3235 (vester)
2043 3143 2147 3195 Do-
2174 3155 2216 3213 α
2252 3171 2505 3235 parentes
2539 3163 2672 3231 οίυε,

590 3228 770 3291 minus
806 3244 945 3282 unus
988 3239 1091 3282 est.
1125 3229 1405 3298 Siquidem
1443 3245 1549 3284 non
1587 3232 1926 3300 ltabetqpé'w
1951 3243 2144 3294 noster,

591 3319 682 3374 sed
719 3318 1077 3388 ὑμῶνυεδιεν.
1111 3321 1176 3374 Et
1235 3320 1377 3374 infra
1435 3337 1576 3375 vers.
1641 3324 1730 3386 '50,
1793 3339 1901 3377 non
1960 3325 2146 3386 habet,

590 3410 686 3462 καὶ
720 3410 776 3475 ἐξ
808 3410 936 3479 ὅλης
982 3413 1078 3478 τῆς
1110 3411 1293 3480 ἰσχύος
1324 3429 1437 3463 σου·
1477 3413 1541 3466 Ει
1565 3429 1627 3468 ex
1663 3421 1770 3466 tota
1807 3415 2004 3468 virtute
2033 3423 2143 3477 tua,

593 3501 738 3569 quod
777 3509 957 3554 tamen
988 3501 1191 3555 librarii
1228 3501 1295 3571 (r)
1329 3503 1460 3556 vitio
1489 3503 1690 3558 factum
1725 3505 1982 3567 arbitror,
2009 3516 2067 3559 ut
2092 3507 2146 3559 in

594 3593 688 3644 illo
720 3592 834 3645 loco
857 3593 1251 3646 adnotavimus.
1292 3593 1421 3646 Item
1457 3594 1613 3647 infra.
1654 3611 1702 3647 v.
1737 3596 1824 3649 3|.
1859 3596 1919 3650 Et
1952 3612 2156 3650 secun:

592 3685 718 3736 dum
775 3684 947 3737 simile
1012 3694 1094 3737 est
1153 3684 1311 3755 (illi).
1375 3683 1504 3738 Nam
1567 3685 1729 3740 habet
1795 3690 1980 3755 αὐτῇ,
2038 3704 2147 3740 non

596 3773 732 3843 αὕτη
758 3777 879 3840 hoc;
918 3784 975 3828 ιιι
1009 3775 1112 3844 legi
1149 3777 1321 3844 possit
1351 3795 1362 3829 :
1396 3777 1461 3829 Et
1486 3778 1790 3831 secundum
1821 3778 1998 3833 simile
2047 3782 2150 3834 hoc

597 3875 701 3920 est.
744 3865 1034 3920 Nobiscum
1080 3866 1272 3934 legisse
1305 3868 1538 3931 videtur,
1576 3868 1666 3938 qui
1699 3869 1973 3938 Vulgatam
2005 3870 2152 3924 dedit

596 3957 914 4012 editionem.

667 4044 753 4108 i2,
782 4044 871 4096 56.
904 4044 1020 4110 Ipse
1043 4044 1188 4097 enim
1225 4042 1391 4098 David
1423 4043 1559 4098 dixit
1590 4058 1686 4112 per
1729 4044 1988 4114 Spiritum
2019 4062 2149 4098 san-

597 4144 785 4189 etum:
825 4133 1010 4203 (Dicit)
1040 4133 1298 4189 Dominus
1334 4135 1562 4189 Domino
1591 4150 1732 4198 meo,
1767 4152 1874 4189 non
1908 4137 1972 4207 (δ)
1997 4134 2150 4190 εἶπεν

597 4228 752 4282 dixit.
783 4224 848 4279 Et
882 4226 934 4278 in
969 4225 1192 4279 scholiis
1220 4225 1350 4279 facit
1377 4226 1535 4280 etiam
1565 4227 1728 4296 hujus
1784 4231 2149 4283 mentionem:

596 4327 649 4372 et
678 4319 748 4371 ita
801 4317 960 4371 habet
995 4316 1275 4385 exemplar
1302 4315 1576 4385 Complut.

668 4411 755 4472 ll,
796 4408 882 4462 39..
924 4407 1119 4460 Sedete
1152 4407 1240 4460 hic
1267 4406 1394 4460 dum
1429 4409 1609 4460 orabo.
1645 4407 1760 4462 Non
1793 4411 1938 4464 enim
1983 4411 2149 4467 habet

597 4499 844 4552 ἀπελθὼν
871 4501 1152 4566 digtcssus,
1181 4505 1307 4550 ante
1346 4497 1537 4552 Orabo.
1569 4499 1910 4555 Concordant
1960 4506 2149 4558 nobis-
2182 4479 2222 4533 θ

596 4607 723 4646 cum
774 4599 830 4643 et
889 4591 1274 4658 Coinplutcnse
1333 4591 1609 4659 exemplar
1650 4601 1703 4645 et
1759 4594 1986 4662 Vulgata
2039 4598 2154 4651 edi-

600 4683 694 4735 tio.

671 4773 759 4832 15.
786 4773 878 4826 28.
904 4773 1048 4827 Loco
1071 4772 1209 4841 ejus,
1238 4773 1381 4842 quod
1423 4773 1510 4826 alii
1541 4774 1763 4843 legunt:
1808 4777 1874 4830 Et
1933 4779 2151 4848 impleta

598 4875 682 4919 est
714 4864 988 4933 Scriptura
1019 4880 1139 4933 qua:
1170 4865 1301 4919 dicit
1329 4884 1340 4918 :
1373 4865 1438 4918 Et
1472 4881 1593 4919 cum
1631 4867 1831 4936 iniquis
1875 4881 2154 4939 reputatus

674 5045 743 5112 (r)
809 5043 974 5095 Recte
1037 5041 1277 5095 monuit.
1337 5039 1528 5095 Servat
1581 5043 1724 5095 enim
1781 5043 1882 5098 ista
1926 5055 2152 5116 uterque

637 5128 776 5166 δρας.

601 5130 776 5168 meus.

599 5179 1026 5305 1ωβέβίηιίτιιιη
1055 5195 1151 5248 pro
1188 5179 1428 5235 secundo
1463 5180 1626 5252 hujus
1649 5199 1838 5238 versus
1867 5182 2018 5237 εἶπεν
2053 5185 2152 5240 ba-

676 5263 686 5300 l
748 5267 880 5305 ςγει.

748 5267 880 5303 εγει.

676 5270 686 5300 l
751 5270 770 5280 "
797 5270 837 5301 ἐ
867 5290 880 5302 .

671 5270 922 5390 (τῖςλῦέεει
961 5321 1016 5373 in
1043 5328 1268 5390 utroque
1297 5339 1436 5378 meo.
1479 5324 1558 5378 Ad
1605 5322 1794 5377 Matth.
1836 5341 2004 5387 xxvu,
2061 5325 2150 5388 '58,

595 5389 1015 5458 iaudatquidem
1053 5389 1369 5459 Euthymius
1428 5394 1560 5452 haec,
1607 5394 1699 5445 sed
1761 5409 1822 5448 ex
1880 5396 2039 5448 lsaia.
2079 5393 2152 5448 lio

601 5471 781 5528 tamen
812 5461 862 5511 in
889 5461 1332 5528 interpretatione
1359 5460 1517 5514 Marci
1548 5465 1774 5516 lectores
1797 5464 2043 5517 remittit.
2076 5463 2154 5515 Ex

597 5527 950 5582 Lectionariis
981 5527 1119 5581 hanc.
1162 5530 1566 5598 corruptionem
1625 5540 1792 5585 ortam
1838 5549 1956 5586 esse
1989 5533 2151 5587 docui

597 5611 720 5665 qua:
755 5598 865 5650 hzec
898 5599 950 5650 in
981 5599 1141 5651 altera
1179 5600 1408 5653 lectione
1463 5601 1739 5666 omittunt,
1788 5619 1911 5656 cum
1972 5613 2150 5656 tamen

597 5666 655 5722 in
703 5667 870 5719 altera
914 5667 1169 5720 habeant.

671 5737 742 5805 (υ)
776 5735 930 5789 llunc
953 5737 1219 5792 defectum
1259 5741 1401 5808 apud
1449 5739 1619 5794 solum
1669 5740 2005 5812 Euthymium
2038 5743 2152 5795 ani-

2319 3255 2374 3316 3,
2401 3255 2489 3308 33.
2523 3254 2586 3307 Et
2614 3255 2726 3321 ipse.
2752 3251 2906 3306 .lesus
2937 3260 3054 3304 erat
3103 3250 3272 3303 ferme
3303 3262 3569 3300 annorum
3600 3245 3822 3316 triginta

2252 3345 2532 3408 incedens,
2569 3343 2686 3397 Non
2721 3344 3010 3410 incipiens.
3077 3343 3247 3395 liabet
3314 3353 3546 3405 namque
3602 3337 3827 3407 ὲρχὸμευ

2251 3455 2339 3499 νος
2373 3437 2447 3507 (x)
2480 3452 2586 3489 non
2621 3437 2946 3505 ἀρχόμενος,
2980 3435 3123 3504 quod
3154 3433 3318 3485 etiam
3344 3428 3695 3484 manifestum
3742 3439 3826 3483 est

2249 3545 2315 3583 ex
2342 3529 2575 3582 auctoris
2605 3527 2840 3581 scholiis.

2322 3620 2455 3674 Ibid.
2488 3619 2590 3684 Qui
2614 3619 2714 3672 fuit
2764 3618 2862 3671 Eli.
2921 3617 3230 3672 Notandum
3287 3618 3339 3669 in
3395 3625 3581 3670 nostro
3627 3628 3818 3666 exem-

2252 3712 2388 3783 plari
2435 3712 2575 3779 ἡ),εῄ
2628 3711 2802 3762 lenem
2850 3710 3052 3762 habere
3101 3708 3375 3777 spiritum.
3439 3705 3707 3757 Prmterca
3765 3714 3823 3757 et

2254 3803 2431 3872 ἡλὶις.
2453 3803 2886 3871 quotiescunque
2925 3800 3065 3868 apud
3109 3799 3471 3868 evangelistas
3500 3796 3710 3864 legitur.
3737 3792 3826 3846 ld-

2251 3909 2356 3963 quc
2386 3893 2716 3948 conformius
2745 3900 2828 3946 est
2862 3892 3059 3961 lingtta:
3114 3890 3388 3943 llebraicae
3425 3889 3478 3940 in
3520 3902 3624 3954 qua
3683 3883 3825 3936 Elias

2252 3987 2318 4040 ab
2344 3987 2513 4056 Aleph
2546 3986 2724 4039 littera
2758 3985 2924 4038 sumit
2956 3983 3239 4037 exordium
3270 3998 3284 4043 ;
3331 3981 3435 4034 hoc
3471 3987 3650 4032 autem
3695 3977 3815 4029 ele-

2253 4087 2518 4138 mentum,
2579 4085 2637 4129 ut
2690 4075 3053 4128 communiter
3094 4074 3315 4133 dicitur,
3369 4071 3578 4125 nullam
3636 4083 3822 4122 secum

2256 4167 2420 4220 trahit
2444 4165 2853 4234 aspirationem.
2907 4164 3227 4231 Quanquam
3275 4169 3334 4216 ut
3389 4176 3578 4215 verum
3627 4159 3820 4217 fatear.

2255 4272 2429 4326 neque
2461 4257 2624 4316 Elias.
2654 4257 2747 4310 sed
2781 4255 2991 4308 Eliiahu
3015 4254 3363 4308 scribendum
3397 4263 3562 4312 esset,
3605 4251 3650 4302 si
3674 4258 3823 4303 recte

2254 4350 2510 4404 ilebrzeos
2565 4348 2794 4401 velimus
2840 4347 3080 4400 imitari:
3123 4347 3267 4398 sicut
3300 4355 3352 4398 et
3379 4343 3675 4398 Jesahiahtt
3733 4346 3826 4391 aut

2254 4441 2528 4496 lesaeiahu
2563 4456 2666 4492 non
2701 4440 2886 4492 Esaias
2915 4447 3007 4491 aut
3030 4437 3252 4490 Hesaias
3276 4438 3387 4489 sive
3424 4435 3611 4488 Isaias.

2327 4535 2381 4594 5,
2407 4532 2495 4583 24.
2523 4530 2623 4594 Qui
2653 4529 2754 4582 fuit
2786 4529 3069 4598 (Matthan)
3097 4543 3202 4580 non
3235 4527 3454 4585 Matltat.
3487 4536 3544 4578 ut
3581 4541 3646 4579 ex
3671 4539 3823 4576 com-

2258 4622 2519 4676 munibus
2545 4621 2771 4673 habetur
2795 4618 2993 4672 Graecis
3015 4618 3436 4686 exemplaribus:
3468 4617 3526 4670 In
3551 4618 3823 4687 plerisque

2255 4710 2418 4764 etiam
2484 4709 2644 4776 hujus
2705 4707 3028 4776 genealogiae
3099 4706 3514 4761 nontinibus.et
3570 4705 3818 4761 similiter

2254 4804 2391 4868 ejus,
2425 4817 2584 4869 quam
2620 4798 2882 4852 describit
2913 4798 3214 4859 Mattbaeus,
3250 4796 3488 4848 variatur
3533 4795 3673 4862 apud
3714 4812 3818 4850 au-

2254 4905 2459 4948 ctorem
2507 4903 2746 4946 nostrum
2791 4890 3173 4960 ozthographia
3217 4906 3245 4942 a
3289 4887 3519 4942 lectione
3574 4901 3820 4942 comma-

2255 5069 2544 5124 madverti.
2575 5067 2757 5136 Neque
2804 5067 3070 5126 Birt-hius,
3103 5065 3430 5136 novissimus
3455 5061 3825 5136 editor,_httnc

2253 5140 2524 5193 defectum
2552 5154 2615 5192 ex
2642 5133 2826 5190 codice
2849 5137 3071 5190 notavit.
3107 5137 3256 5188 Alter
3280 5134 3464 5196 etiam,
3492 5135 3574 5186 vir
3593 5133 3825 5201 diligen-

2255 5210 2516 5269 tissimus,
2557 5209 2762 5260 nullum
2791 5208 2875 5260 hic
2905 5221 2971 5259 ex
3003 5206 3158 5258 codd.
3197 5204 3710 5257 Vindobonensibus
3731 5203 3826 5255 de-

2254 5279 2452 5331 fectum
2487 5279 2710 5330 notavit.
2742 5276 2852 5329 lmo
2883 5286 3073 5329 contra
3122 5291 3186 5328 ex
3237 5275 3394 5327 codd.
3420 5273 3678 5326 indicavit
3701 5271 3821 5340 ἡπί-

2254 5364 2460 5416 στησαν
2493 5363 2589 5412 pro
2653 5348 2841 5400 vitiosa
2888 5345 3046 5398 unius
3095 5345 3299 5398 codicis
3330 5344 3557 5416 lectione
3590 5342 3798 5416 ῂπὶστη

2253 5411 2374 5470 κω).
2407 5411 2619 5484 Aliquid
2645 5416 2861 5469 humani
2882 5429 3073 5484 passus
3122 5424 3202 5468 est
3229 5424 3318 5468 aut
3341 5415 3453 5484 ipse
3483 5411 3825 5482 Euthymius,

2253 5494 2346 5538 aut
2380 5487 2571 5538 scriba:
2599 5487 2739 5552 ejus.

2325 5556 2401 5624 (π)
2438 5555 2547 5608 lloc
2591 5550 2673 5608 est
2711 5556 2901 5610 vitium
2947 5551 3295 5607 manifestum
3347 5553 3582 5624 scribre.»
3620 5550 3826 5624 Neuter

2253 5622 2499 5677 meorum
2550 5625 2623 5677 ita
2684 5626 2862 5678 habet.
2929 5624 3312 5690 Interpretatio
3381 5623 3524 5675 illius
3573 5622 3676 5674 loci
3739 5631 3826 5674 est

2253 5695 2414 5746 etiam
2449 5710 2544 5773 pro
2563 5696 2892 5774 ριρχόμενος.
2923 5692 3054 5747 Nam
3089 5694 3321 5761 ἔρχομαι
3355 5708 3460 5746 non
3485 5693 3826 5747 construitur

2253 5780 2375 5818 cum
2412 5774 2667 5833 gt-tttttvo.
