4078 6404
210 399 282 462 57
1651 397 1748 456 ΡΠ
1764 398 1801 455 ,ἶ

1908 397 2075 457 tTIO.
3440 393 3510 458 Ξτὲ

209 516 374 570 nium
407 512 1146 584 Grzecorumesempiarium.
1179 511 1492 582 frequenter
1518 523 1734 579 quoque
1752 518 1806 562 ct
1841 515 1880 564 Α
1917 512 2016 566 fuit
2052 512 2264 577 Melchi,
2298 510 2388 581 qui
2423 509 2524 565 fuit
2573 508 2846 578 Addi,qui
2897 506 2996 562 fuit
3029 508 3247 570 Cosam,
3271 509 3361 576 qui
3407 510 3510 563 fuit

207 624 240 662 a
276 607 554 662 Germana
607 608 952 664 lIebrteoruin
983 607 1235 661 lectione.
1291 605 1638 674 Quapropter
1693 619 1808 671 prt-

209 716 371 753 muui
403 710 519 754 erat
552 701 768 753 animus
807 700 1000 753 horum
1041 697 1486 767 orthographiam
1521 696 1806 749 nominum

206 793 507 846 ad'verum
554 793 905 846 Hebraeorum
958 793 1160 845 fontem
1215 790 1478 845 reducere
1515 807 1528 842 :
1563 796 1806 857 postmo-

207 883 346 937 dum
373 899 503 938 vero
533 901 645 937 rem
673 884 896 952 propius
925 878 1275 953 iuspectanti,
1303 890 1356 936 et
1385 882 1530 951 quod
1555 881 1669 934 haec
1696 897 1803 934 non

206 978 279 1030 ab
318 976 587 1042 Hebraeis,
611 979 704 1032 sed
740 994 768 1031 a
801 977 1005 1032 Graecis
1040 976 1380 1030 traducerem
1416 975 1800 1044 perpendenti,

206 1070 393 1124 satius
424 1072 600 1125 visum
624 1082 706 1127 est
739 1087 846 1124 non
878 1070 1016 1124 adeo
1041 1071 1208 1124 multa
1239 1070 1292 1123 in
1317 1070 1498 1123 littera
1521 1066 1801 1137 Evangelii

206 1162 534 1226 immutare,
566 1180 634 1219 ne
674 1163 801 1233 quid
833 1163 1106 1216 interdum
1141 1162 1374 1215 hmreret
1399 1162 1592 1223 lector,
1621 1159 1801 1212 incer-

207 1263 304 1309 tus
339 1257 408 1310 de
439 1273 548 1325 quo
580 1257 734 1310 fieret
763 1271 964 1310 sermo.
989 1253 1098 1308 Nec
1129 1264 1308 1308 tamen
1345 1252 1666 1306 Hebraicam
1705 1252 1800 1304 ho-

203 1364 337 1401 rum
395 1350 681 1402 nominum
723 1347 1164 1418 orthographiam
1215 1346 1431 1414 penitus
1486 1344 1799 1412 relinquere

202 1440 386 1500 volui,
414 1454 483 1492 ne
539 1439 668 1506 quid
708 1454 738 1492 a
771 1454 857 1492 me
894 1438 1178 1492 studiosus
1230 1436 1404 1490 lector
1440 1435 1797 1499 desideraret,

201 1527 304 1580 sed
339 1527 392 1579 in
429 1529 574 1581 hunc
605 1527 782 1582 locum
806 1528 1008 1596 redegi.
1041 1526 1285 1580 Breviter
1310 1526 1490 1594 itaque.
1513 1527 1799 1594 utriusque

202 1616 574 1688 Evangelistze
606 1619 972 1690 generationis
1002 1617 1197 1672 seriem
1235 1628 1378 1670 recta
1410 1617 1798 1687 orthographia

200 1719 477 1764 retexam.
515 1709 697 1769 Liber.
728 1710 903 1779 inquit
932 1709 1237 1770 Ilatthacus,
1265 1709 1631 1777 generationis
1667 1709 1798 1763 Jesu

199 1801 438 1867 Christi,
480 1801 572 1855 lilii
609 1802 797 1867 David,
835 1801 926 1855 lilii
963 1801 1231 1854 Abraham
1266 1817 1281 1852 :
1317 1801 1588 1854 Abraham
1611 1800 1802 1870 genuit

199 1888 408 1948 lishac.
444 1890 617 1943 lishac
668 1899 848 1942 autem
883 1888 1069 1958 genuit
1119 1885 1566 1949 Iaacob,Iaacob
1616 1897 1800 1941 autem

198 1982 394 2050 genuit
414 1981 682 2036 Iehudam
720 1991 773 2036 et
794 1981 988 2034 fratres
1005 1981 1144 2048 ejus,
1167 1980 1407 2035 Iehudas
1423 1991 1604 2033 autem
1623 1981 1810 2049 genuit

199 2070 424 2126 Pharez
458 2083 512 2126 et
546 2072 722 2125 Zarah
755 2073 822 2126 de
853 2071 1113 2132 Thamar,
1147 2072 1354 2125 Pharez
1395 2080 1577 2124 autem
1612 2072 1806 2138 genuit

198 2163 445 2227 Hesron,
471 2163 679 2218 Hesron
734 2174 914 2218 autem
967 2165 1152 2234 genuit
1187 2163 1566 2227 Amminadab,
1598 2162 1807 2218 Ammi—

199 2258 392 2315 nadab
413 2268 593 2311 autem
617 2257 801 2327 genuit
819 2257 1094 2317 Nahason,
1121 2257 1371 2310 Nahason
1396 2265 1577 2310 autem
1620 2258 1807 2324 genuit

201 2343 458 2410 Salmon,
489 2346 707 2401 Salmon
739 2357 919 2401 autem
943 2347 1130 2417 genuit
1155 2346 1293 2400 Boaz
1323 2347 1390 2402 de
1426 2347 1633 2404 Bahab.
1666 2347 1806 2402 Boaz

201 2454 396 2496 autem
452 2439 639 2510 genuit
670 2437 820 2494 Obed
873 2455 936 2492 ex
977 2438 1142 2500 Ruth,
1193 2437 1342 2492 Obed
1399 2447 1581 2492 autem
1618 2439 1806 2508 genuit

200 2533 359 2598 Iisai,
391 2533 514 2586 Iisai
553 2543 736 2585 autem
767 2533 954 2600 genuit
988 2530 1155 2584 David
1185 2545 1387 2600 regem,
1421 2530 1588 2584 David
1616 2539 1802 2584 autem

200 2643 301 2681 rex
347 2625 533 2696 genuit
565 2623 912 2678 Solomonem
946 2638 1008 2677 ex
1037 2638 1100 2676 ea
1139 2637 1258 2690 quae
1307 2622 1408 2676 fuit
1452 2621 1614 2678 Urize.
1643 2621 1802 2676 Solo-

203 2733 342 2771 mon
391 2726 571 2769 autem
606 2716 795 2785 genuit
839 2713 1204 2776 ﬂechabeam,
1235 2714 1578 2768 Rechabeam
1618 2724 1800 2768 autem

201 2809 402 2878 genuit
435 2808 626 2860 Ahiam
668 2849 682 2870 ,
714 2808 901 2859 Ahiam
943 2819 1122 2860 autem
1154 2807 1341 2875 genuit
1388 2805 1673 2875 Iosaphat,
1703 2807 1799 2861 Io-

201 2902 408 2971 saphat
427 2910 606 2954 autem
623 2900 812 2970 genuit
832 2898 1110 2958 Ichoram.
1132 2899 1385 2953 Iehoram
1411 2909 1592 2952 autem
1614 2901 1802 2970 genuit

200 2989 418 3052 Osiam,
463 2989 619 3044 Osias
647 2999 828 3061 autem
877 2990 1064 3060 genuit
1091 2988 1330 3049 Iothaiu,
1362 2989 1578 3043 Iotham
1617 3004 1798 3044 autem

203 3085 400 3155 genuit
425 3082 629 3146 Achaz,
659 3084 837 3137 Achaz
867 3092 1047 3136 autem
1084 3083 1271 3151 genuit
1295 3082 1578 3148 Ilizkiahu,
1613 3082 1795 3136 Hizki-

1916 604 2222 668 Elmodam,
2252 604 2343 672 qui
2379 602 2478 658 fuit
2512 602 2604 665 Er,
2640 603 2730 672 qui
2773 602 2875 654 fuit
2901 601 3050 658 Iose,
3084 601 3176 668 qui
3221 600 3322 652 fuit
3360 599 3506 653 Elie-

1914 712 2023 756 zer,
2055 697 2146 765 qui
2183 697 2283 748 fuit
2309 695 2517 758 Ioram,
2549 695 2639 764 qui
2666 695 2767 749 fuit
2800 694 3061 752 Matatha,
3087 693 3181 762 qui
3218 691 3321 745 fuit
3347 692 3502 748 Levi.

1911 787 2000 854 qui
2039 786 2137 840 fuit
2167 786 2411 848 Simeon,
2432 785 2895 854 quiLi'uitIelmda,
2925 772 3015 852 qui
3038 780 3142 836 fuit
3167 780 3501 850 Ioseph,qui

1911 879 2010 933 fuit
2035 880 2296 948 Iona,qui
2327 878 2434 933 fuit
2476 877 2725 943 Eliacim,
2754 877 2845 947 qui
2873 876 2980 930 fuit
3030 874 3247 933 Milcha.
3275 875 3366 942 qui
3404 873 3506 927 fuit

1911 969 2154 1028 Mainan.
2185 970 2276 1038 qui
2311 969 2412 1023 fuit
2450 969 2709 1028 Matatha,
2733 967 2826 1037 qui
2861 967 2972 1037 fuit.
2996 964 3235 1026 Nathau,
3265 965 3357 1032 qui
3393 962 3502 1017 fuit

1909 1060 2100 1121 David,
2128 1060 2219 1128 qui
2255 1059 2356 1114 fuit
2388 1060 2532 1124 Iisai,
2567 1060 2660 1130 qui
2698 1059 2800 1114 fuit
2846 1056 3018 1118 Obed,
3041 1056 3132 1126 qui
3178 1055 3280 1110 fuit
3331 1055 3497 1116 Boaz,

1908 1154 1997 1222 qui
2030 1154 2128 1207 fuit
2147 1153 2392 1214 Salmon.
2419 1154 2510 1223 qui
2535 1153 2636 1207 fuit
2661 1151 2936 1212 Nahason,
2964 1149 3058 1218 qui
3089 1147 3192 1202 fuit
3216 1146 3501 1201 Ammina-

1908 1247 2030 1306 dab,
2060 1246 2150 1315 qui
2189 1246 2288 1298 fuit
2321 1246 2542 1304 Haram,
2569 1246 2660 1314 qui
2696 1245 2799 1298 fuit
2830 1245 3064 1299 Hesron,
3088 1241 3180 1311 qui
3221 1240 3324 1294 fuit
3357 1239 3504 1293 Pha-

1908 1353 2020 1393 rez.
2055 1337 2149 1405 qui
2173 1337 2271 1390 fuit
2297 1337 2547 1395 Iehudaz.
2569 1336 2662 1405 qui
2691 1335 2793 1390 fuit
2820 1333 3010 1389 Iacob.
3039 1335 3131 1401 qui
3161 1332 3266 1384 fuit
3296 1330 3498 1394 Iishac,

1906 1429 1996 1497 qui
2023 1429 2120 1483 fuit
2147 1430 2436 1491 Abraham,
2457 1429 2549 1498 qui
2578 1427 2677 1482 fuit
2699 1425 2935 1486 Nachor,
2955 1425 3044 1494 qui
3078 1424 3179 1477 fuit
3201 1422 3497 1491 Serug,qui

1906 1521 2010 1576 fuit
2039 1522 2208 1591 Ragu,
2239 1525 2330 1590 qui
2385 1519 2487 1573 fuit
2532 1520 2756 1588 Phaleg,
2785 1519 2875 1587 qui
2905 1517 3008 1570 fuit
3032 1517 3237 1579 Ileber,
3267 1517 3359 1584 qui
3395 1514 3502 1568 fuit

1907 1614 2150 1683 Sala,qui
2176 1613 2276 1668 fuit
2296 1613 2525 1671 Cainan.
2546 1613 2636 1682 qui
2665 1611 2764 1665 fuit
2785 1609 3095 1680 Arphaxad,
3116 1607 3204 1676 qui
3233 1606 3334 1660 fuit
3348 1605 3499 1666 Sem,

1905 1707 1995 1777 qui
2042 1706 2141 1760 fuit
2174 1707 2346 1770 Noah,
2373 1705 2462 1774 qui
2495 1706 2597 1758 fuit
2627 1703 2886 1764 Lamech,
2915 1703 3008 1770 qui
3045 1701 3147 1754 fuit
3175 1697 3496 1758 Mathusale,

1905 1801 1994 1868 qui
2037 1800 2140 1853 fuit
2169 1800 2379 1859 Enocn,
2409 1797 2498 1866 qui
2542 1795 2644 1850 fuit
2682 1794 2967 1864 lared.qui
3020 1794 3123 1846 fuit
3159 1790 3497 1850 Mahalaleel.

1911 1894 2000 1963 qui
2036 1893 2135 1946 fuit
2166 1892 2395 1953 Cainan,
2419 1891 2510 1959 qui
2563 1891 2666 1942 fuit
2720 1890 2887 1951 Enos,
2915 1892 3007 1956 qui
3066 1886 3168 1940 fuit
3216 1885 3372 1951 Seth,
3404 1883 3498 1954 qui

1910 1985 2002 2054 qui
2041 1983 2142 2036 fuit
2175 1982 2462 2049 Adam,qui
2496 1981 2588 2034 fuit
2625 1979 2738 2032 Dei.

1982 2077 2035 2141 5,
2067 2074 2152 2130 l9.
2184 2073 2429 2142 Cumque
2461 2088 2568 2126 noa
2604 2070 2966 2133 invenissent,
2995 2082 3101 2136 qua
3139 2066 3290 2119 illum
3323 2064 3498 2119 infer-

1918 2176 2064 2222 rent.
2128 2164 2246 2218 Non
2300 2165 2630 2235 exprimitur
2674 2159 2993 2232 praepositio
3045 2158 3134 2211 διὰ
3193 2173 3313 2227 per.
3347 2157 3499 2212 Facit

1908 2260 2195 2315 nobiscum
2226 2258 2497 2327 Complut.
2527 2255 2716 2310 editio.

1977 2351 2031 2412 5,
2060 2350 2152 2403 27.
2188 2348 2333 2402 Vidit
2392 2348 2748 2418 publicanum
2803 2344 3028 2398 nomine
3063 2341 3278 2410 (Levin)
3323 2340 3499 2394 Habet

1906 2443 2053 2496 enim
2086 2441 2254 2494 λευξν.
2282 2442 2348 2494 Et
2380 2440 2564 2493 statim
2603 2438 2750 2490 infra
2782 2453 2833 2491 v.
2866 2435 2936 2489 29
2968 2454 2981 2489 :
3017 2435 3083 2489 Et
3122 2434 3251 2488 fecit
3283 2431 3332 2486 ei
3363 2446 3499 2485 con-

1906 2533 2111 2586 virium
2154 2546 2410 2602 magnum
2451 2529 2654 2601 (Levis)
2700 2529 2876 2593 λευὶς,
2903 2543 3012 2581 non
3048 2541 3146 2595 per
3195 2524 3500 2592 diphthon-

1905 2642 2029 2695 gum
2069 2625 2122 2678 in
2150 2623 2440 2694 posteriori
2471 2623 2740 2692 sillah:i(y)
2785 2621 2963 2673 λευεέν
2992 2629 3047 2673 et
3093 2619 3292 2678 λευεὶς.
3347 2616 3500 2668 Facit

1903 2718 2192 2772 nobiscum
2247 2718 2412 2770 etiam
2470 2714 2750 2783 exemplar
2801 2713 3214 2781 Complutensc.
3260 2710 3499 2764 Possunt

1904 2823 2086 2866 autem
2119 2811 2169 2865 hi
2209 2826 2367 2864 casus
2403 2810 2456 2862 in
2505 2809 2752 2862 Latinam
2789 2821 3004 2875 quoque
3033 2807 3272 2874 linguam
3312 2811 3496 2855 trans-

1905 2904 2146 2964 formari,
2178 2903 2638 2970 quemadmodum
2703 2917 2731 2954 a
2809 2899 3125 2952 nominibus
3186 2893 3493 2964 Empbasis,

1903 2997 2165 3056 Protasis,
2200 2995 2433 3062 Epitasis
2463 3011 2525 3048 ac
2559 2994 2851 3047 similibus.

1974 3091 2026 3154 5,
2056 3089 2144 3143 30.
2169 3087 2231 3141 Et
2249 3087 2659 3146 murmurabant
2680 3084 2874 3139 scribae
2901 3082 3009 3152 (qui
3037 3083 3182 3136 inter
3202 3095 3297 3134 eos
3315 3078 3494 3145 erant)

201 3172 319 3226 ahu
347 3181 525 3224 autem
558 3170 747 3240 genuit
771 3169 1081 3232 Mmassen,
1109 3170 1382 3225 Manasses
1405 3182 1586 3225 autem
1613 3172 1801 3242 genuit
1828 3180 1871 3237 ο
1907 3181 2140 3237 Additur
2173 3194 2410 3248 namque
2445 3179 2653 3232 αὐτῶν,
2691 3177 2784 3231 Sic
2815 3186 2870 3230 ει
2900 3175 3187 3244 exempta,-
3231 3170 3496 3240 Complu-

204 3264 411 3322 Amon,
442 3261 616 3312 Amou
644 3269 827 3313 autem
861 3260 1049 3330 genuit
1078 3260 1326 3324 Iosiahu,
1353 3260 1581 3314 Iosiahu
1611 3271 1795 3315 autem

202 3352 402 3422 genuit
428 3351 734 3414 Iekoniam,
765 3362 819 3404 et
859 3350 1056 3404 fratres
1086 3352 1205 3419 ejus
1229 3351 1281 3404 in
1322 3351 1799 3420 transmigratione

203 3444 561 3515 Babylonica.
589 3442 656 3497 Et
685 3453 808 3512 post
843 3445 1378 3512 transmigrationem
1413 3444 1796 3514 Babylonicam

203 3536 507 3591 Iechonias
568 3536 759 3604 genuit
812 3535 1054 3595 Sealtiel,
1085 3535 1307 3590 Sealtiel
1359 3545 1542 3590 autem
1611 3537 1800 3606 genuit

207 3627 938 3690 Zorobbabel,Zurobbahel
1018 3636 1197 3681 autem
1285 3628 1472 3698 genuit
1555 3627 1796 3692 Abihud,

205 3722 430 3776 Abihud
457 3729 637 3773 autem
665 3721 854 3787 genuit
879 3719 1124 3776 Eliakim.
1157 3719 1382 3773 Eliakim
1407 3730 1588 3774 autem
1612 3721 1801 3791 genuit

207 3814 376 3874 Azor,
405 3812 543 3864 Azor
562 3821 742 3864 autem
768 3811 954 3880 genuit
976 3810 1174 3876 Zadoc,
1206 3810 1385 3865 Zadoc
1404 3821 1583 3864 autem
1611 3812 1801 3882 genuit

210 3903 650 3965 Achim,Achim
714 3912 899 3957 autem
953 3905 1143 3974 genuit
1195 3905 1562 3966 E1iud,Eliud
1616 3915 1800 3959 autem

210 4000 404 4069 genuit
428 3996 666 4053 Eleazar.
686 3995 909 4049 Eleazar
923 4004 1102 4050 autem
1118 3997 1304 4067 genuit
1325 3995 1562 4063 Mathan,
1581 3997 1799 4050 Mathan

210 4098 397 4142 autem
429 4088 618 4158 genuit
660 4087 880 4152 Iaacob,
909 4088 1110 4142 Iaacob
1142 4097 1327 4141 autem
1370 4089 1558 4159 genuit
1592 4087 1800 4156 Ioseph

215 4181 394 4233 virum
440 4178 618 4232 Mariae
657 4178 724 4231 de
755 4194 859 4247 qua
895 4186 1059 4232 natus
1097 4187 1181 4232 est
1223 4177 1385 4233 Iesus
1438 4178 1531 4249 qui
1574 4189 1802 4234 vocatur

213 4271 494 4325 Christus.
575 4268 752 4323 Lucas
829 4285 1001 4324 vero:
1041 4270 1187 4340 Ipse,
1219 4271 1418 4339 inquit,
1450 4269 1613 4325 Iesus
1682 4279 1801 4324 erat

213 4364 391 4418 ferme
448 4376 718 4414 annorum
779 4361 1000 4431 triginta
1057 4361 1342 4426 incedens,
1384 4371 1445 4416 nt
1506 4363 1801 4432 putabatur

215 4456 363 4510 lilius
399 4455 603 4522 Ioseph
636 4453 730 4522 qui
761 4453 863 4507 fuit
893 4454 994 4520 Eli,
1021 4453 1114 4523 qui
1151 4454 1253 4508 fuit
1282 4453 1522 4519 Mathan,
1560 4455 1652 4522 qui
1699 4454 1802 4508 fuit

214 4547 372 4607 Levi,
391 4544 610 4615 qui-fuit
633 4542 851 4606 Melchi,
878 4543 970 4613 qui
997 4543 1096 4599 fuit
1117 4541 1314 4608 Ianua,
1337 4544 1428 4614 qui
1451 4543 1555 4598 fuit
1577 4542 1800 4614 Ioseph,

214 4639 311 4709 qui
353 4638 454 4691 fuit
485 4634 812 4696 Matatheiae,
843 4635 937 4704 qui
966 4634 1068 4688 fuit
1101 4633 1285 4699 Amos,
1314 4635 1408 4704 qui
1455 4633 1558 4688 fuit
1602 4634 1803 4698 Naum,

215 4730 309 4800 qui
345 4729 446 4782 fuit
495 4726 642 4790 Ezel,
675 4726 766 4796 qui
806 4725 907 4780 fuit
960 4725 1180 4796 Naggae,
1205 4726 1296 4795 qui
1334 4725 1438 4779 fuit
1485 4725 1684 4786 Mahat,
1711 4727 1802 4795 qui

217 4821 324 4876 fuit
359 4819 684 4880 Matatheiae,
705 4817 802 4888 qui
833 4818 936 4872 luit
968 4818 1172 4884 Semei,
1209 4819 1301 4888 qui
1331 4818 1432 4880 fuit
1458 4817 1686 4886 Ioseph,
1710 4817 1802 4887 qui

220 4913 326 4968 fuit
356 4911 614 4974 Iehuda"
641 4911 732 4980 qui
775 4909 874 4964 fuit
902 4910 1217 4970 Iohannan.
1244 4910 1338 4980 qui
1379 4909 1481 4964 fuit
1514 4909 1678 4974 Resa,
1710 4910 1802 4980 qui

219 5006 326 5061 fuit
351 4985 715 5068 Zordbbabel,
738 5001 833 5073 qui
861 5002 963 5057 fuit
991 5002 1231 5067 Sealtiel,
1256 5006 1347 5073 qui
1374 5003 1474 5057 fuit
1515 5002 1668 5067 Neri,
1711 5002 1806 5073 qui

297 5221 373 5291 fy)
409 5219 667 5274 Erasmus
707 5221 754 5274 ει
787 5220 959 5291 edidit
994 5259 1008 5285 ,
1033 5229 1093 5274 ut
1122 5235 1285 5288 supra
1319 5220 1529 5287 ῥαϐϐεί.

292 5289 365 5355 (ἐ)
394 5291 676 5361 Chrysost.
704 5300 745 5345 t.
787 5289 905 5350 VII.
939 5307 990 5358 p.
1022 5291 1144 5352 I92,
1176 5291 1622 5361 A.vehementer
1651 5300 1808 5361 urget

218 5362 284 5416 τὸ
315 5357 542 5422 niveae.
584 5357 643 5411 Ὀ
692 5360 750 5413 δὲ
785 5357 1022 5424 Λουκᾶς,
1059 5361 1204 5414 enim
1252 5360 1447 5429 inquit,
1483 5363 1578 5412 καὶ
1614 5357 1799 5413 ἐπιξε-

223 5431 478 5501 ταμένως
506 5431 599 5482 καὶ
623 5430 777 5498 μετὰ
804 5430 1052 5491 πλείονος
1073 5431 1236 5484 αὑτὸν
1266 5431 1618 5499 παραμυθίας
1641 5430 1806 5484 τοῦτα

222 5500 512 5571 νίρηχέναι
547 5499 733 5571 φηοὶν.
765 5500 841 5552 Οὐ
873 5500 982 5569 γὰρ
1009 5500 1082 5571 δὴ
1109 5501 1288 5571 μόνω(
1313 5502 1455 5571 τοὺς
1484 5502 1673 5564 κακῶς
1715 5501 1804 5554 διὰ

221 5569 318 5624 τον
347 5570 484 5624 Θεὸν
514 5569 815 5630 ἀκούοντας
839 5569 1148 5639 νμακιριζει
1167 5587 1180 5601 ο
1209 5569 1346 5639 ma
1379 5570 1471 5622 καὶ
1501 5571 1628 5634 τοὺς
1657 5573 1807 5639 παρὰ

224 5639 472 5693 πάντων
501 5639 683 5700 καλῶς
717 5638 1019 5709 ἀκούοντας
1043 5640 1340 5702 ταλανίξει·
1358 5641 1481 5693 οὐαὶ
1505 5641 1612 5708 γὰρ
1639 5638 1805 5709 ὑμῖν,

225 5709 416 5776 φησιν,
449 5711 579 5761 ὅταν
609 5708 790 5770 καλῶς
820 5709 963 5776 ὑμᾶς
1000 5711 1198 5764 εἴπωσι
1255 5710 1477 5774 πάντες
1511 5713 1560 5762 ol
1588 5708 1804 5778 ἄνομος

229 5795 340 5834 ποι.
375 5779 572 5835 Καίτοι
609 5780 705 5833 καὶ
729 5780 852 5843 τοὺς
875 5779 1204 5846 ἀποστόλους
1235 5781 1414 5844 καλῶς
1444 5783 1628 5850 ἔλεγον
1647 5799 1660 5814 ·
1691 5783 1806 5837 ἀλλ’

1836 4514 1884 4572 D

1903 3280 2085 3326 tense.

1973 3359 2134 3426 6,18.
2151 3359 2218 3413 Et
2235 3358 2324 3428 qui
2353 3358 2693 3412 vexabantur
2711 3373 2739 3410 a
2759 3355 3045 3426 spiritibus
3061 3353 3379 3416 immundis,
3399 3367 3498 3407 cu-

1901 3454 2181 3509 rabantur.
2209 3452 2327 3506 Non
2359 3453 2506 3506 enim
2555 3453 2754 3518 repetit
2802 3450 3258 3517 conjunctioncm
3303 3447 3494 3502 xalrr.

1903 3556 2028 3600 ante
2078 3545 2306 3599 verbum
2362 3546 2710 3598 curabuntur.
2745 3543 2896 3600 Facit
2939 3543 3223 3598 nobiscum
3269 3539 3497 3609 Vulgata

1904 3639 2094 3692 editio.

1974 3731 2027 3792 6,
2058 3731 2146 3784 20.
2176 3730 2240 3785 Et
2289 3730 2404 3800 ipse
2434 3731 2660 3784 elevatis
2715 3730 2889 3784 oculis
2931 3729 3046 3782 suis
3094 3728 3148 3780 in
3198 3724 3498 3793 discipuIOs

1906 3821 2247 3888 (suos).Nam
2279 3823 2543 3891 repetitur
2569 3821 2734 3873 αὑτοῦ
2762 3838 2904 3874 suos.
2939 3818 3167 3873 Faciunt
3201 3817 3493 3870 nobiscum

1903 3921 1960 3966 et
1994 3913 2400 3982 Complutensis
2427 3916 2483 3967 et
2511 3913 2737 3981 Vulgata
2771 3912 2944 3966 editio
2983 3929 2996 3964 :
3030 3923 3343 3979 quanquam
3377 3908 3498 3960 hzec

1906 4004 1975 4058 ad
2015 4004 2308 4058 dictionem
2339 4003 2539 4061 Oculis.
2563 4018 2672 4057 non
2702 4002 2950 4073 adiungit
2985 4001 3329 4070 reciprocum
3359 3999 3495 4053 suis.

1905 4095 2074 4165 idque
2109 4098 2274 4152 male.

1975 4185 2147 4248 6,25.
2198 4187 2342 4241 Ecce
2387 4187 2536 4241 enim
2594 4200 2805 4240 merces
2841 4193 3020 4238 vestra
3084 4182 3255 4236 multa
3300 4189 3386 4236 est
3440 4179 3494 4233 in

1907 4277 2089 4347 (cmlo)
2115 4293 2228 4331 non
2274 4279 2334 4329 ὲν
2360 4280 2475 4339 τοῖς
2500 4278 2774 4345 οὐρανοῖς,
2799 4275 2855 4327 in
2888 4273 3030 4325 cretis
3061 4272 3362 4341 pluraliter.
3393 4269 3498 4323 Fa-

1908 4366 1984 4422 cit
2017 4366 2307 4421 nobiscum
2346 4365 2739 4434 Complutcnse
2769 4362 3068 4432 exemplar.

1984 4457 2146 4521 6,26.
2179 4458 2269 4512 Va:
2301 4473 2426 4512 cum
2474 4455 2828 4511 laudaverint
2889 4469 2985 4508 vos
3050 4452 3323 4507 homines.
3377 4449 3498 4504 Non

1909 4548 2057 4603 enim
2088 4548 2308 4602 additur
2341 4549 2470 4617 ὑμῖν
2496 4548 2790 4616 vobis,post
2815 4545 3257 4614 interiectionem
3303 4557 3402 4594 me.
3432 4541 3502 4593 Et

1911 4640 1966 4694 in
2009 4641 2112 4695 hoc
2142 4639 2273 4695 facit
2301 4641 2587 4694 nobiscum
2646 4648 2844 4708 praeter
2891 4636 3173 4704 exemplar
3221 4633 3500 4701 Complut.

1909 4732 2077 4786 etiam
2121 4731 2351 4801 Vulgata
2389 4731 2581 4784 editio.
2611 4730 2667 4783 In
2703 4745 2770 4782 eo
2801 4737 2982 4782 autem
3016 4725 3160 4794 quod
3196 4739 3306 4776 non
3351 4722 3504 4776 addit

1910 4833 2102 4879 auctor
2139 4833 2324 4877 noster
2362 4823 2561 4885 πάντες
2580 4821 2872 4892 (2.)omnes,
2901 4827 3030 4873 ante
3083 4815 3345 4877 homines,
3374 4813 3505 4867 facit

1909 4918 2200 4973 nobiscum
2236 4915 2513 4984 Complut.
2540 4913 2731 4975 editio,
2768 4919 2822 4966 et
2863 4909 3059 4964 melius
3108 4905 3504 4976 corrcspondet

1911 5009 2201 5067 contraria:
2223 5007 2579 5064 beatitudini.

1909 5227 1971 5281 οὗ
2003 5225 2232 5291 πάντες
2253 5243 2266 5257 ο
2299 5225 2387 5279 διὰ
2421 5225 2581 5279 τοῦτο
2610 5225 2712 5278 οὐκ
2757 5220 2932 5288 εἶπεν,
2963 5224 3091 5277 ὅταν
3140 5223 3322 5277 καλῶς
3357 5224 3502 5292 ὑμᾶς

1911 5298 2142 5351 εἴπωσιν
2176 5298 2224 5349 οἱ
2257 5295 2555 5364 ἄνθρωποι.
2603 5295 2719 5348 ἀλλ’
2753 5296 2882 5346 ὅταν
2923 5294 3167 5364 πάντες.
3224 5293 3358 5346 Οὐδὲ
3395 5299 3504 5364 γὰρ

1909 5368 2136 5421 δυνατὸν
2162 5368 2289 5428 τοὺς
2316 5362 2372 5416 ὲκ)
2393 5367 2562 5434 ἀρετῇ
2593 5367 2803 5426 ζῶντας
2829 5366 2978 5433 παρὰ
3007 5362 3256 5416 πάντων
3281 5363 3504 5434 ἀκούεφν

1912 5437 2117 5499 καλῶς’
2145 5438 2210 5490 Et
2236 5447 2273 5490 t.
2323 5433 2458 5499 VIII,
2500 5436 2624 5494 483.
2665 5437 2729 5488 A.
2765 5437 2904 5488 Οὐαὶ
2944 5434 3106 5500 ὑμῖν,
3143 5435 3273 5485 ὅταν
3323 5433 3502 5495 καλῶς

1913 5509 2111 5560 εἴπωσι
2167 5508 2370 5568 πάντες
2441 5506 2492 5557 οἱ
2548 5504 2849 5573 ἄνθρωποι.
2911 5504 3016 5557 Sed
3077 5503 3504 5573 Chrysnstomus

1912 5578 2082 5631 multa
2127 5565 2440 5631 homiletice
2489 5565 2668 5645 magis
2713 5591 2875 5645 quam
2906 5575 3118 5645 veritiee
3169 5565 3501 5645 dicit.'1‘pc'v

1910 5648 2114 5708 omitti,
2141 5649 2367 5709 πάντες.
2395 5646 2451 5700 in
2487 5642 2633 5700 texiu
2667 5642 2855 5700 servat
2900 5644 3297 5713 TheOphylact.
3318 5658 3372 5711 p.
3395 5642 3504 5695 5H

1912 5719 1976 5770 A.
2009 5716 2115 5770 Sed
2162 5717 2325 5784 hujus
2372 5718 2745 5786 interpretatio
2790 5715 2882 5768 vix
2910 5715 3155 5786 _videtur
3192 5714 3504 5786 _adu_nttere

1914 5787 2134 5850 πάντες.
2162 5782 2295 5844 Vide
2317 5787 2433 5843 ibit.
2454 5782 2846 5859 (ἐξφρίξωμεν,
2869 5784 3109 5856 ἀδελφοὶ,
3139 5783 3253 5849 πῶς
3283 5783 3343 5837 τὸ
3370 5782 3500 5838 οὐαὶ
