4018 6392
590 371 663 435 59
1973 354 2391 419 ΡΗΒΒΑΤΙΟ,
3748 346 3823 408 6.)

660 482 806 545 6.37.
833 479 938 551 (Et)
959 478 1129 535 nolite
1176 476 1443 549 judicare.
1473 473 1751 545 Siquidem
1811 470 2145 541 praeponitur
2174 467 2219 524 Δ

593 573 687 629 καί
715 582 784 636 et,
814 571 868 625 in
904 569 1197 640 exemplari
1227 580 1444 637 quoque
1472 562 1867 633 Complutcnsi.

658 665 714 729 6,
744 665 833 719 ιο.
868 662 1146 718 Perfectus
1173 671 1352 714 autem
1390 658 1494 713 erit
1526 657 1668 712 sicut
1696 654 1956 725 magister
1993 667 2145 709 suus.

593 772 702 812 non
731 757 875 811 enim
909 755 1065 809 habet
1094 755 1201 815 πᾶς
1229 752 1307 820 (a)
1331 752 1519 812 omnis,
1540 759 1665 805 ante
1694 748 1811 800 erit.

665 850 718 909 7,
746 848 797 899 7.
829 846 972 900 Loco
1000 859 1187 899 eorum
1216 858 1336 912 quae
1361 841 1500 911 apud
1529 840 1664 893 alios
1698 837 1966 891 habentur
2002 834 2152 904 (pro-

594 948 717 1010 pter
740 938 882 1009 quod
916 947 971 990 et
999 951 1085 990 me
1116 936 1293 1003 ipsum
1321 950 1429 990 non
1460 948 1576 987 sum
1605 931 1823 999 dignum
1857 927 2152 982 arbitratus

595 1036 654 1081 ut
688 1026 925 1080 venirem
953 1023 1021 1078 ad
1069 1024 1143 1091 te)
1176 1022 1315 1077 nihil
1372 1021 1534 1076 habet
1567 1029 1756 1074 auctor
1806 1027 2011 1073 noster.
2045 1016 2151 1070 Sed

598 1128 773 1185 neque
801 1115 855 1167 in
894 1114 1166 1173 Matthao.
1195 1112 1641 1183 evangelistarum
1666 1110 1805 1164 dicta
1832 1108 2149 1171 concilians,

592 1203 788 1259 horum
836 1204 967 1259 facit
1005 1205 1359 1259 mentionem.
1382 1202 1498 1257 Non
1529 1202 1743 1257 videtur
1776 1216 1904 1271 ergo
1943 1198 2152 1254 librarii

593 1294 917 1363 negligentia
955 1293 1400 1362 praetermissum.
1426 1291 1483 1346 lu
1530 1291 1634 1345 hoc
1680 1290 1822 1345 enim
1864 1288 2041 1357 capite
2086 1287 2153 1342 ad

590 1386 709 1441 haec.
742 1394 1026 1439 contextus
1059 1384 1225 1438 verba
1259 1402 1273 1437 :
1317 1385 1471 1438 «Non
1501 1384 1645 1437 enim
1678 1398 1796 1437 sum
1836 1381 2085 1439 idoneus.
2126 1397 2144 1431 ι

596 1484 725 1536 ete..
758 1474 878 1528 loco
904 1474 1231 1527 scholiorum
1267 1474 1421 1543 ponit
1460 1474 1620 1527 verba
1652 1487 1769 1541 quae
1794 1480 2104 1539 sequuntur
2138 1489 2152 1524 :

606 1563 730 1617 Haec
773 1564 933 1616 etiam
977 1563 1113 1617 dixit
1157 1563 1441 1617 Matthmus
1473 1579 1486 1616 :
1515 1561 1581 1615 Et
1619 1562 1883 1616 declarata
1918 1570 2043 1614 sunt
2080 1559 2151 1629 (θ)

596 1654 856 1723 praedicto
886 1654 1086 1722 capite.
1115 1652 1269 1718 Quod
1303 1653 1345 1707 si
1369 1652 1667 1721 iudicasset
1698 1653 1801 1706 hoc
1832 1652 1950 1706 loco
1980 1652 2152 1705 inter-

593 1744 901 1811 ponendum
930 1759 943 1796 :
969 1742 1192 1811 Propter
1212 1742 1355 1813 quod
1380 1751 1434 1796 et
1456 1758 1541 1796 me
1568 1742 1767 1811 ipsum.
1793 1752 1925 1803 etc..
1954 1756 2155 1809 nequa-

592 1851 753 1903 quam
789 1835 1014 1889 dixisset
1039 1836 1217 1889 omnia
1249 1852 1276 1888 a
1302 1834 1553 1889 Mutthaeo
1578 1851 1697 1891 esse
1727 1836 1890 1898 dicta,
1922 1834 2054 1889 etin
2090 1849 2155 1888 eo

596 1926 863 1980 declarata
895 1942 1013 1979 cum
1049 1926 1118 1979 ibi
1152 1926 1296 1978 nulla
1330 1926 1419 1979 fiat
1466 1927 1655 1979 horum
1691 1926 1915 1981 mentio.

666 2038 722 2102 7,
750 2036 839 2090 28.
879 2035 1007 2089 Dico
1043 2038 1185 2089 enim
1214 2038 1360 2092 vocis
1392 2058 1403 2092 :
1432 2039 1488 2092 lu
1529 2038 1613 2093 his
1643 2040 1731 2108 qui
1760 2054 1789 2093 e
1823 2037 2145 2091 mulieribus

596 2127 709 2181 nati
743 2135 889 2189 sunt,
924 2125 1117 2195 major,
1146 2124 1354 2183 Joanne
1396 2127 1633 2198 Baptista
1673 2143 1835 2183 nemo
1882 2136 1983 2183 est.
2037 2126 2156 2181 Non

601 2214 750 2270 addit
779 2217 1084 2285 προφήτης,
1131 2230 1231 2270 nec
1275 2226 1450 2271 tamen
1506 2217 1721 2272 videtur
1770 2218 2156 2286 negligentiam

598 2306 879 2362 omissum.
909 2306 979 2359 ob
1006 2306 1248 2360 eamdem
1283 2322 1523 2373 causam,
1558 2324 1717 2377 quam
1766 2308 2028 2378 superiori
2060 2307 2159 2362 ad-

593 2394 967 2449 notatiuncula
999 2397 1301 2451 retulimus.

662 2483 715 2546 8,
758 2485 808 2539 5.
839 2485 903 2539 Et
934 2486 1183 2541 volucres
1209 2488 1331 2541 cceli
1374 2488 1577 2558 (etiam)
1616 2489 1966 2544 comederunt
2004 2489 2157 2546 illud.

592 2573 824 2628 Additur
846 2575 988 2628 enim
1019 2578 1087 2644 (τ)
1115 2593 1328 2631 rursum
1357 2578 1450 2631 xui.
1484 2588 1555 2633 et.

662 2663 719 2729 9,
748 2666 835 2719 ιδ.
862 2664 1127 2721 Omnibus
1158 2682 1286 2721 vero
1308 2667 1702 2723 admirantibus
1734 2684 1896 2738 supra
1920 2668 2007 2724 his
2035 2686 2155 2737 quae

596 2756 832 2813 faciebat
884 2758 1101 2828 (Jesus).
1167 2760 1397 2813 Additur
1460 2761 1605 2815 enim
1654 2777 1851 2816 nomen
1929 2760 2159 2831 Ἰησοῦς,

592 2848 754 2902 etiam
789 2850 839 2901 iu
869 2850 1157 2917 exemplari
1191 2850 1463 2919 Complut.

672 2944 725 3001 9.
758 2943 844 2996 55.
899 2943 1203 2998 Conversus
1254 2954 1455 3003 autem.
1515 2946 1811 3015 increpavit
1866 2948 2003 3001 illos.
2042 2948 2160 3001 Non

598 3035 741 3086 enim
779 3035 993 3088 additur
1016 3053 1211 3091 nomen
1284 3037 1507 3107 Ἰησοῦς,
1544 3056 1717 3108 neque
1768 3042 1819 3093 in
1865 3040 2160 3108 exemplari

2320 464 2407 529 1ο,
2436 464 2529 521 23.
2555 464 2705 521 Beati
2740 466 2882 522 oculi
2914 466 3008 537 qui
3036 465 3219 522 vident
3248 477 3367 533 quae
3390 460 3606 517 videtis.
3640 459 3835 531 Neque

2250 557 2393 612 enim
2427 558 2480 611 in
2520 567 2740 612 auctore
2771 568 2979 621 nostro,
3024 572 3198 625 neque
3230 557 3284 610 iu
3330 554 3622 623 exemplari
3664 556 3833 609 Coin-

2250 649 2385 718 plut.
2429 650 2748 720 exprimitur
2782 650 2937 719 ὑμεῖς
2974 665 3082 703 vos.
3138 648 3305 702 Video
3356 655 3411 701 et
3464 647 3589 708 hoc,
3636 654 3690 700 et
3726 644 3837 697 alia

2250 740 2498 808 quaedam
2533 739 2842 810 hujusmodi
2878 739 3144 792 minutula
3178 753 3319 798 esse.
3344 748 3397 791 et
3419 751 3537 805 qua:
3567 733 3831 788 fortassis

2256 830 2421 887 alicui
2506 831 2859 886 adnotatione
2934 830 3150 899 indigna
3239 830 3615 891 videbuntbrf
3674 818 3839 879 nolui

2260 932 2444 978 tamen
2480 922 2547 992 (f)
2596 921 3032 992 prctermittere,
3080 934 3149 975 ne
3180 921 3465 989 quisquam
3501 913 3836 988 negligentia

2253 1025 2350 1068 aut
2373 1013 2680 1069 temeritate
2712 1013 2897 1067 relicta
2934 1021 3089 1083 putet
3115 1026 3210 1065 seu
3242 1012 3524 1064 immutata

2324 1126 2409 1191 10,
2439 1125 2528 1181 59.
2552 1125 2681 1191 Qua:
2706 1126 2868 1181 etiam
2891 1124 3135 1180 assidens
3160 1124 3226 1179 ad
3242 1123 3405 1191 pedes
3424 1120 3553 1176 Jesu
3576 1120 3843 1176 audiebat

2254 1219 2581 1287 (sermones)
2606 1218 2770 1272 illius.
2808 1217 2978 1271 liabet
3002 1218 3146 1271 enim
3179 1215 3341 1270 etiam
3370 1212 3647 1283 exemplar
3668 1211 3843 1267 Com-

2255 1311 2508 1381 plutense
2538 1310 2647 1362 τῶν
2679 1308 2854 1378 λόγων
2887 1308 3189 1379 pluraliter.

2328 1402 2415 1465 ll,
2443 1402 2531 1455 53.
2588 1399 2884 1468 Coeperunt
2910 1398 3154 1468 (Scriba!)
3188 1408 3242 1454 et
3279 1398 3539 1453 Pharisaai
3590 1399 3842 1469 graviter

2259 1492 2538 1549 insistere.
2592 1490 2709 1544 Non
2744 1490 2889 1544 enim
2918 1490 3081 1544 habet
3109 1490 3322 1558 νομικοὶ
3355 1490 3481 1558 legis
3522 1489 3701 1557 periti,
3740 1488 3843 1543 sed

2256 1584 2606 1653 γραμματεῖς
2632 1580 2845 1635 Scribe.
2883 1579 2949 1634 Et
2990 1580 3169 1633 statim
3237 1579 3373 1632 infra
3417 1579 3608 1632 eodem
3643 1592 3842 1635 versu.

2256 1691 2365 1728 non
2397 1675 2561 1728 habet
2584 1671 2976 1741 ἀποστομεζειν
3008 1674 3237 1739 captiose
3258 1673 3586 1741 interrogare
3613 1689 3625 1723 ε
3655 1683 3846 1738 neque

2183 1786 2229 1845 Β
2258 1784 2380 1822 cum
2412 1766 2531 1820 aliis
2598 1763 2969 1832 ἐπιστομίζειν
2999 1782 3054 1818 os
3096 1766 3384 1828 obstruere,
3434 1763 3529 1817 sed
3592 1764 3845 1815 ἁποστου

2263 1855 2527 1925 ματίζειν,
2594 1855 2696 1907 hoc
2731 1864 2835 1915 est,
2878 1852 2945 1906 ab
2998 1869 3093 1906 ore
3134 1854 3494 1923 interrogare.
3554 1850 3697 1917 Quid
3734 1852 3846 1905 hoc

2257 1956 2439 2001 autem
2481 1948 2582 2000 sibi
2641 1947 2789 2006 velit.
2842 1945 2963 1999 vide
3017 1946 3068 1998 in
3110 1944 3272 2012 hujus
3322 1945 3423 1998 loci
3458 1943 3843 1999 enarratione.

2332 2039 2416 2101 l2,
2461 2036 2544 2091 18.
2612 2036 2675 2091 Et
2724 2038 2851 2091 illuc
2907 2038 3248 2106 congregabo
3305 2038 3490 2091 omnia
3532 2050 3653 2103 quae
3707 2044 3845 2088 nata

2261 2140 2392 2185 sunt
2440 2130 2596 2184 mihi.
2632 2128 2818 2197 Neque
2857 2131 2929 2199 (g)
2962 2130 3107 2183 enim
3146 2129 3362 2183 additur
3394 2130 3487 2181 καὶ
3530 2127 3597 2181 τὰ
3653 2125 3849 2195 ἀγαθά

2262 2238 2386 2291 μου,
2418 2218 2481 2273 Et
2508 2219 2642 2274 bona
2678 2236 2818 2274 mea.

2334 2313 2420 2376 l3,
2450 2313 2534 2366 15.
2570 2311 2914 2382 (llypocritm)
2947 2310 3324 2379 unusquisque
3357 2315 3599 2362 vestrum
3624 2305 3846 2363 Sabba-

2258 2405 2354 2457 tho
2388 2419 2494 2457 non
2523 2404 2705 2466 solvit,
2744 2413 2850 2457 etc.
2920 2402 3093 2457 liabet
3152 2401 3297 2471 enim
3358 2399 3640 2469 pluraliter
3701 2401 3849 2453 ὑπο-

2265 2497 2468 2566 κριταί.
2516 2495 2862 2551 Concordant
2906 2505 2960 2551 et
3007 2496 3285 2565 exemplar
3338 2491 3728 2561 Complutense
3787 2500 3851 2547 et

2264 2587 2486 2657 Vulgata
2516 2589 2708 2643 editio.

2335 2680 2423 2744 15,
2454 2680 2540 2734 35.
2598 2680 2737 2734 Ecce
2788 2679 3114 2748 relinquitur
3166 2679 3323 2734 vobis
3359 2679 3555 2734 domus
3592 2686 3782 2733 vestra
3829 2694 3847 2733 :

2264 2770 2378 2825 Non
2422 2772 2744 2841 exprimitur
2794 2772 2996 2840 ἔρημος
3048 2772 3278 2833 deserta,
3329 2772 3472 2841 quod
3512 2786 3579 2825 ex
3611 2786 3849 2826 enarra-

2265 2865 2407 2918 tione
2440 2873 2587 2932 patet
2627 2863 2830 2917 librarii
2863 2866 2994 2917 vitio
3025 2866 3223 2917 factum
3256 2880 3363 2916 non
3405 2879 3546 2917 esse.

2336 2956 2421 3020 1-1,
2458 2957 2541 3011 13.
2578 2956 2777 3011 Beatus
2817 2958 2908 3024 qui
2962 2956 3298 3025 (prandium)
3340 2955 3507 3009 sumit
3557 2956 3609 3009 in
3667 2970 3849 3027 regno

2269 3047 2379 3101 Dei.
2415 3048 2598 3117 Seque
2629 3049 2771 3100 enim
2820 3048 2981 3102 habet
3012 3049 3173 3116 ἄρτον
3228 3062 3435 3114 panem.
3485 3047 3580 3101 sed
3614 3046 3849 3115 ἄριστον

599 3127 892 3196 Couiplut.,
938 3146 1112 3199 neque
1148 3132 1198 3184 in
1234 3132 1458 3201 Vulgata
1486 3133 1744 3187 editione.
1782 3133 1983 3187 Deinde
2014 3133 2157 3201 quod
2188 3113 2228 3166 δ
2262 3113 2565 3205 prandium.
2631 3138 2935 3192 Concordat
3003 3113 3168 3194 etiam
3230 3113 3511 3208 exemplar
3570 3113 3848 3206 Coiuplu-

600 3218 844 3285 sequitur
874 3221 926 3272 in
949 3221 1199 3276 omnibus
1228 3224 1585 3288 versiouihus,
1616 3235 1669 3279 et
1696 3224 1747 3278 iu
1774 3226 1955 3279 Graeca
1996 3228 2156 3279 etiam

595 3307 834 3360 editione
874 3309 1244 3377 Compiutensi
1290 3322 1416 3381 puta
1454 3334 1467 3367 :
1508 3315 1571 3367 Et
1599 3315 1676 3368 ait
1721 3315 1827 3368 illis
1860 3331 1875 3367 :
1924 3314 2160 3369 Nescitis

598 3400 758 3451 cuius
810 3402 1030 3466 spiritus
1078 3404 1208 3458 estis
1245 3420 1361 3459 vos.
1396 3405 1561 3459 Filius
1601 3407 1742 3459 enim
1781 3406 2017 3460 hominis
2053 3422 2158 3459 nun

595 3487 741 3541 venit
764 3488 827 3541 ad
863 3492 1193 3559 perdendum
1227 3496 1435 3550 animas
1471 3497 1769 3562 hominum,
1805 3498 1898 3551 sed
1946 3498 2012 3551 ad
2051 3500 2161 3552 sal-

594 3580 829 3633 tandum
858 3599 869 3634 :
896 3599 1199 3653 quanquam
1231 3603 1327 3642 nos
1367 3590 1672 3644 addidimus
1706 3608 1718 3643 :
1754 3606 1946 3646 vereor
1975 3591 2051 3659 (ά)
2092 3606 2159 3646 ne

595 3682 703 3723 neu
766 3672 835 3725 sit
880 3672 1082 3728 librarii
1145 3678 1351 3734 incuria
1402 3682 1658 3736 omissum
1698 3702 1710 3737 :
1749 3683 1978 3737 maxime
2036 3690 2159 3738 cum

600 3758 657 3814 in
690 3762 911 3816 scholiis
935 3766 1135 3819 nullam
1168 3767 1326 3822 faciat
1368 3771 1558 3826 horum
1591 3774 1943 3829 mentionem.

670 3850 723 3909 9.
757 3852 843 3905 57.
879 3853 1087 3921 Sequar
1124 3868 1175 3911 te
1204 3874 1528 3932 quocunque
1561 3864 1685 3929 ieris
1713 3863 2011 3935 (Domine).
2050 3866 2161 3921 Ad-

597 3940 801 3996 diditur
844 3945 987 3998 enim
1030 3948 1217 4016 Κύριε,
1268 3952 1428 4005 etiam
1469 3953 1520 4007 in
1554 3953 1944 4023 Complulcnsi.

668 4031 753 4093 10,
785 4032 873 4086 22.
894 4036 980 4090 (Et
1002 4051 1295 4093 conversus
1320 4042 1385 4095 ad
1418 4042 1707 4113 discipulos
1733 4047 1885 4115 dixit)
1917 4065 1930 4101 :
1966 4049 2155 4103 Omnia

596 4119 732 4174 mihi
770 4122 960 4176 tradita
993 4135 1119 4179 sunt
1160 4144 1190 4180 a
1217 4127 1375 4183 Patre
1411 4147 1549 4185 meo.
1616 4132 1890 4201 Siquidem
1945 4138 2014 4206 (e)
2067 4139 2156 4192 ad-

599 4210 805 4265 duntur
856 4215 1016 4271 etiam
1053 4216 1103 4269 in
1161 4222 1452 4290 exemplari
1506 4222 1776 4294 Complut.
1809 4227 1922 4281 haec
1952 4230 2157 4297 verba;

598 4302 707 4355 Καὶ
732 4308 989 4375 στραφεὶς
1025 4310 1158 4379 πρὸς
1206 4314 1331 4374 τοὺς
1378 4314 1623 4384 μαθητὰς
1664 4313 1781 4371 εἷπε
1840 4338 1853 4373 :
1909 4320 1974 4375 Et
2024 4337 2158 4377 con-

597 4408 787 4451 versus
818 4398 881 4451 ad
910 4398 1203 4469 discipulos
1230 4404 1383 4460 dixit.

596 4592 794 4673 ξχωσιγ
825 4596 873 4647 oi
913 4597 1065 4673 napi
1097 4598 1232 4673 1;th_
1248 4598 1551 4673 ἀνθρώπων
1602 4603 2005 4673 ἐπαινούμενοι.
2060 4611 2153 4662 Δεῖ

597 4667 701 4740 μὲν
730 4667 837 4735 γὰρ
867 4668 965 4740 καὶ
993 4671 1139 4740 napi
1166 4670 1273 4721 τῶν
1297 4667 1597 4740 ἀνθρώπων
1626 4667 1983 4739 ἐπαινεῖσθαι,
2015 4679 2151 4732 ἀλλὰ

597 4734 860 4811 προτερον
877 4734 1153 4811 ἀπο-(ᾅξοῦ.
1175 4740 1227 4791 Si
1251 4734 1487 4806 πάντῶν,
1509 4742 1807 4811 probasset,
1836 4734 2150 4803 hauddubie

596 4804 922 4888 scripsisset,
946 4807 1061 4859 ἀλλ’
1090 4809 1150 4888 ρο
1180 4811 1329 4888 ποιρέ
1358 4804 1593 4864 πάντῶν.
1622 4811 1692 4888 Ita
1726 4804 1874 4871 certe
1911 4816 2147 4888 Chrysoo

594 4882 804 4954 glomus
837 4886 1261 4954 argumentatur.
1289 4880 1400 4935 Hoc
1441 4892 1618 4935 autem
1660 4885 1713 4938 in
1755 4888 2008 4941 confesso
2025 4880 2147 4950 'est,

598 4938 943 5026 iiuthyininm
982 4949 1541 5026 ct_'flio-opliylactitnt,
1604 4938 2001 5012 accedentibus
2024 4938 2147 5025 pro:

599 5009 1229 5091 batio'rihus_codicihus,
1260 5009 1473 5091 semper
1502 5009 1675 5082 valere
1693 5009 1880 5080 contra
1906 5009 2148 5091 Uliri'so-

598 5084 855 5165 sternimEx
894 5084 1432 5165 Chrysostomogergo
1459 5093 1585 5161 ὑμῖν
1615 5109 1666 5151 et
1701 5101 1899 5158 πάντες
1934 5088 2139 5153 illatum

596 5150 816 5221 scholiis
842 5166 897 5209 et
926 5150 1149 5216 catenis.
1178 5175 1240 5213 ac
1269 5150 1463 5216 deinde
1492 5150 1652 5220 etiam
1681 5150 1978 5221 contextui.

668 5220 743 5298 (ᾳ)
774 5224 1063 5298 ,[Ιᾶςᾲὴεῲοι
1095 5236 1317 5298 uterque
1351 5248 1519 5287 meus.

667 5290 743 5374 Sb)
766 5291 966 5374 Evolve
996 5296 1132 5374 intra
1160 5290 1681 5374 in_i_titerpretatione
1710 5306 1897 5361 Matth.
1918 5322 2035 5361 Vlll.
2059 5306 2144 5373 l5,

597 5360 875 5444 οιαὶ-ἰάθη.
901 5364 1162 5444 Consistit
1209 5370 1300 5444 hic
1352 5360 1499 5444 locus
1538 5388 1854 5429 ceterorum
1890 5360 2146 5433 codicum

595 5435 1139 5514 auctoritate._Quid?
1159 5441 1301 5514 quod
1328 5456 1428 5495 nec
1460 5442 1655 5499 Birchii
1686 5446 1816 5501 Cod.
1840 5445 1958 5501 Vat.
1989 5446 2143 5514 1209,

594 5504 649 5548 in
683 5504 905 5568 gratiam
936 5504 1246 5562 Latinorum
1280 5510 1394 5566 haec
1430 5516 1631 5569 omittit
1665 5516 1687 5569 ?

669 5572 739 5692 (9
776 5573 978 5658 Neuter
1008 5592 1251 5632 meorum
1293 5585 1536 5650 agnoscit
1577 5586 1689 5639 καί.

668 5640 686 5703 (
729 5643 746 5708 )
795 5643 1019 5708 Coptosc
1074 5648 1141 5701 de
1196 5650 1296 5703 hoc
1324 5655 1438 5705 loco
1468 5654 1681 5708 disnuta

795 5643 1141 5725 Copiosc__de
1196 5643 1738 5725 hociocodisputavi
1762 5656 1817 5709 iu
1852 5672 1971 5713 mea
2010 5656 2145 5713 Novi

600 5704 928 5769 Testamenti
971 5716 1207 5775 editione
1245 5722 1308 5775 ad
1345 5704 1867 5795 t..t.','{.'éé3'éé.}'ql

2263 3240 2435 3284 tense.

2336 3321 2421 3381 H.
2468 3321 2558 3375 2t.
2623 3320 2687 3375 Et
2742 3336 2993 3375 reversus
3039 3336 3231 3376 servus
3284 3322 3415 3391 (ille)
3472 3323 3841 3387 renuntiavit,

2260 3421 2366 3465 etc.
2417 3412 2549 3464 Nam
2584 3413 2801 3466 additur
2826 3414 3030 3475 ἐκεῖνος
3057 3413 3163 3477 ille,
3202 3415 3365 3467 etiam
3421 3414 3475 3466 in
3534 3413 3847 3483 exemplari

2259 3502 2658 3570 Complntensi.

2334 3590 2427 3651 15,
2455 3589 2546 3645 26.
2582 3591 2645 3644 Et
2675 3591 2943 3647 accersito
2973 3606 3086 3646 uno
3115 3591 3183 3647 de
3206 3592 3399 3646 servis.
3437 3590 3556 3645 Non
3612 3590 3847 3646 additur

2261 3682 2425 3734 αὑτοῦ
2481 3684 2591 3736 suis
2627 3682 2725 3752 (In),
2766 3700 2867 3737 nec
2898 3685 2950 3736 in
2981 3683 3275 3753 exemplari
3304 3682 3705 3753 Complutensi,
3734 3699 3848 3739 nec

2263 3772 2317 3825 in
2350 3772 2588 3827 editione
2636 3772 2881 3842 Vulgata.

2334 3864 2420 3924 17,
2446 3863 2500 3915 4.
2537 3860 2605 3917 Ει
2640 3865 2840 3932 septies
2870 3866 2921 3916 in
2952 3863 3037 3918 die
3073 3880 3374 3919 conversus
3403 3863 3566 3919 fuerit
3596 3863 3797 3919 dicens
3826 3884 3843 3921 :

2260 3953 2496 4010 Paenitet
2524 3972 2632 4010 me.
2664 3955 2781 4009 Non
2836 3956 2999 4010 habet
3040 3957 3132 4009 ἔπι
3180 3973 3239 4009 σε
3291 3956 3362 4010 ad
3404 3967 3472 4010 te.
3523 3955 3849 4013 Concordat

2262 4044 2429 4098 editio
2459 4045 2883 4114 Complutensis.

2332 4137 2416 4201 l7,
2458 4136 2546 4189 2|.
2575 4136 2761 4204 Neque
2798 4137 3021 4192 dicent:
3079 4138 3219 4192 Ecce
3246 4136 3356 4202 hic,
3380 4152 3506 4192 ecce
3540 4136 3671 4191 illic.
3713 4137 3843 4194 Non

2261 4229 2493 4298 (i)halict
2547 4230 2577 4299 ἢ
2626 4240 2718 4282 aut
2752 4247 2767 4284 :
2801 4230 2941 4283 sicut
2999 4230 3163 4289 etiam
3222 4230 3360 4285 infra
3421 4245 3581 4285 versu
3611 4230 3704 4293 23.
3744 4232 3843 4287 ubi

2257 4322 2444 4374 eadem
2480 4331 2798 4390 repetuntur
2835 4322 3019 4385 verba,
3078 4323 3131 4375 in
3166 4323 3315 4377 nullo
3371 4322 3603 4377 habetur
3644 4339 3844 4380 exem-

2184 4458 2228 4513 D
2257 4413 2415 4483 piari.
2449 4412 2813 4469 Conformiter
2837 4415 2966 4483 legit
2993 4422 3049 4467 et
3085 4414 3491 4484 Complutensis
3533 4414 3727 4470 editio.

2324 4596 2394 4661 (ε)
2425 4595 2501 4647 De
2530 4595 2633 4649 hoc
2667 4596 2827 4648 etiam
2858 4595 2977 4650 loco
3015 4596 3089 4650 ibi
3139 4596 3272 4655 dixi.
3311 4610 3431 4663 pag.
3478 4593 3608 4653 960.

2323 4667 2388 4734 (ι)
2444 4665 2611 4717 Recte
2644 4664 2841 4729 fecisti,
2884 4664 3135 4719 licnleni.
3173 4666 3307 4718 Nam
3346 4665 3426 4717 vel
3461 4680 3527 4717 ex
3569 4666 3679 4720 tuis
3713 4667 3845 4721 ani.

2253 4735 2717 4789 madversionibus
2766 4745 3029 4802 apparent
3078 4734 3527 4788 hallucinationes
3592 4737 3837 4802 Erasmi,

2253 4804 2491 4859 hominis
2520 4804 2673 4868 levis,
2708 4806 3054 4873 negligentis.
3083 4805 3360 4859 temerarii
3386 4814 3439 4858 et
3462 4806 3671 4873 perfidi.
3706 4805 3840 4859 Ple-

2252 4890 2422 4942 raque
2452 4876 2766 4939 enim,quae
2803 4875 3137 4937 memorasti,
3201 4890 3297 4944 per
3359 4873 3509 4927 illum
3576 4878 3642 4930 ad
3694 4874 3841 4929 Vul-

2252 4954 2427 5012 gatam
2470 4944 2716 4997 Latinam
2748 4955 2875 4995 sunt
2907 4944 3045 4998 ficta.
3083 4944 3292 5009 Quanta
3324 4944 3425 4997 fide
3454 4953 3509 4997 et
3542 4946 3838 5012 diligentia

2254 5017 2305 5068 in
2338 5016 2624 5082 posmunis
2653 5013 2985 5067 editionihus
3039 5017 3154 5067 suis
3209 5014 3654 5083 ComplutvnSem
3710 5022 3837 5069 tra-

2252 5084 2432 5144 ctarit,
2466 5100 2623 5154 nemo
2648 5084 2872 5154 criticus
2902 5083 3132 5151 ignorat.
3164 5084 3447 5149 Quomodo
3470 5099 3599 5154 ergo
3625 5095 3807 5138 tracta

2250 5154 2388 5206 verit
2425 5153 2680 5206 codices?
2707 5153 2838 5205 Nam
2864 5154 2963 5206 etsi
2996 5168 3095 5206 nec
3125 5153 3586 5221 Complutensisa
3615 5156 3839 5211 criticis

2250 5224 2456 5278 idoneis
2511 5234 2692 5275 curata
2752 5233 2854 5286 cst,
2918 5235 3097 5276 tamen
3154 5224 3317 5277 habet
3373 5224 3571 5278 multas
3628 5225 3840 5293 probas

2250 5293 2515 5347 lectiones
2548 5293 2615 5347 ab
2652 5293 2877 5346 Erasmo
2914 5293 3207 5361 neglectas.

2322 5363 2396 5433 (g)
2429 5361 2623 5433 Servat
2644 5372 2895 5433 _uterque
2938 5377 3112 5433 meus.

2322 5431 2396 5499 (h)
2452 5432 2616 5485 αὑτοῦ
2643 5431 2905 5485 Erasmus
2935 5432 3140 5493 inlulit,
3170 5446 3267 5500 pro
3299 5447 3407 5500 quo
3434 5442 3618 5487 tamen
3656 5434 3834 5492 silent

2248 5503 2484 5559 codices.
2514 5517 2539 5555 a
2581 5502 2798 5555 Birchio
2828 5502 3117 5556 examinati
3148 5518 3358 5556 omnes.
3413 5503 3602 5558 Miror.

2321 5572 2382 5637 (ἱ)
2434 5572 2614 5626 Primo
2673 5572 2792 5626 loco
2849 5581 3076 5641 uterque
3126 5587 3280 5626 meus
3314 5574 3540 5640 omittit,
3580 5576 3838 5632 secundo

2251 5654 2477 5711 uterque
2530 5653 2731 5698 servat.
