4078 6398
275 380 343 446 ει
1684 380 2108 444 ΡΒπΕΕΑΤΙΟ.
3473 385 3544 449 6?.

349 494 439 559 t7,
470 492 562 552 3%.
592 490 1063 553 Memoresestote
1086 492 1275 549 uxoris
1304 492 1427 548 Lot.
1458 490 1579 547 Non
1618 490 1855 547 habetur
1886 496 1932 552 Λ
2029 494 2121 555 22,
2186 491 2273 548 50.
2336 490 2406 548 Ut
2463 491 2637 548 etlatis
2691 505 2756 547 ac
2822 490 3023 548 bibatis
3074 506 3241 562 super
3292 507 3540 548 mensam

267 584 328 637 δὲ
372 592 571 649 autem,
627 600 728 638 nec
769 585 823 638 in
865 583 1162 655 exemplari
1193 582 1594 653 Complutensi,
1637 599 1742 637 nec
1792 583 1848 636 in

268 676 447 730 veteri
511 675 885 730 translatione.
952 675 1019 729 Et
1075 676 1329 731 similiter
1374 674 1429 729 in
1482 674 1589 730 fine
1656 674 1851 745 capitis

268 781 437 821 versu
467 767 659 821 ultimo
697 784 711 820 :
743 766 819 820 lbi
852 768 1322 839 congregabantur
1354 766 1571 837 aquilae,
1615 782 1726 822 non
1756 766 1852 821 ad-

270 858 424 912 ditur
452 859 545 911 καὶ
574 868 641 921 et,
678 873 780 913 nec
808 858 860 912 in
888 859 1125 913 editione
1171 857 1539 928 Complutensi
1575 856 1672 927 (Ιί).

348 948 437 1012 18,
458 950 510 1004 5.
544 948 713 1003 Vidua
742 960 922 1005 autem
947 950 1138 1006 eratin
1168 950 1385 1006 civitate
1416 950 1525 1005 illa.
1550 950 1663 1007 Non
1688 950 1851 1005 habet

272 1038 361 1101 τὶς
384 1042 647 1109 quadam,
680 1056 781 1096 nec
812 1042 866 1097 id
902 1043 1065 1096 habet
1095 1041 1368 1113 Complut.
1425 1044 1612 1107 editio,
1674 1057 1852 1113 neque

272 1126 563 1197 Chrysost.
612 1131 666 1183 in
705 1131 870 1200 priori
910 1131 979 1185 de
1014 1132 1221 1186 orando
1254 1132 1423 1187 Deum
1461 1133 1706 1199 homilia,
1758 1134 1851 1189 ubi

271 1234 520 1287 presens
549 1221 746 1276 citatur
798 1225 969 1279 locus.

348 1309 438 1369 i9,
477 1311 530 1363 4.
580 1314 843 1367 Ascendit
878 1315 934 1367 in
964 1314 1350 1387 (eaprificum).
1401 1316 1458 1372 lu
1493 1325 1683 1374 nostro
1706 1326 1761 1373 et
1794 1317 1848 1372 in

270 1398 648 1468 Complutensi
683 1404 976 1472 exemplari
1033 1406 1261 1461 habetur
1309 1407 1465 1462 tertia
1514 1407 1717 1479 syllaba
1752 1422 1852 1477 per

272 1506 321 1541 ω
356 1506 369 1543 :
405 1506 474 1543 ne
504 1493 663 1548 nobis
690 1493 912 1550 Stunica
941 1496 1000 1563 (l)
1023 1498 1332 1569 objiciatoh
1356 1498 1405 1552 id
1433 1515 1600 1569 prave
1631 1515 1850 1555 versum

273 1593 402 1633 esse
435 1583 773 1651 capriﬁcum,
814 1587 961 1655 quod
997 1603 1096 1656 per
1123 1606 1151 1641 ο
1177 1590 1385 1643 micron
1424 1591 1714 1646 scribatur.
1753 1591 1852 1646 At-

271 1677 463 1725 tamen
517 1672 790 1743 Complut.
840 1677 1002 1732 habet
1060 1680 1415 1747 penultimam
1478 1695 1578 1749 per
1644 1681 1849 1750 ἐψιλὸν,

271 1778 405 1818 cum
464 1767 711 1822 eamdem
767 1770 959 1825 habeat
1005 1780 1253 1826 nostrum
1318 1773 1595 1843 exemplar
1642 1789 1741 1843 per
1790 1790 1848 1827 αι

272 1856 673 1930 diphthongum
709 1862 802 1932 (ιιι)
849 1866 1254 1934 συκομωραίαν.

352 1948 440 2009 19.
486 1951 572 2005 15.
630 1952 797 2007 Jussit
849 1956 1034 2008 vocari
1094 1957 1160 2009 ad
1216 1971 1275 2011 se
1323 1971 1508 2011 servos
1560 1957 1700 2011 illos.
1737 1958 1855 2012 Non

275 2038 505 2093 additur
558 2041 635 2111 (η)
690 2039 773 2105 οἷς
832 2044 1001 2096 ἔδωκε
1040 2045 1102 2097 τὸ
1156 2048 1424 2116 ἀργύριον
1459 2065 1472 2102 :
1505 2048 1717 2113 Quibus
1762 2049 1857 2102 de-

274 2128 436 2183 derat
457 2134 763 2199 pecuniam.
792 2135 945 2201 Quod
978 2146 1158 2190 tamen
1215 2138 1549 2203 addidimus,
1585 2139 1727 2194 sicut
1780 2140 1853 2206 (ο)

275 2221 606 2291 quihusdam
665 2226 787 2281 aliis
820 2228 873 2281 in
910 2229 1041 2283 locis
1107 2231 1248 2285 idem
1310 2231 1560 2295 fecimus,
1605 2232 1747 2300 quod
1800 2231 1855 2284 in

272 2314 401 2369 aliis
433 2318 829 2386 exemplaribus
878 2329 934 2375 et
979 2322 1142 2376 etiam
1181 2323 1234 2377 in
1287 2324 1557 2392 Complut.
1615 2324 1856 2380 editione

274 2405 583 2463 habeatur:
615 2420 669 2465 et
721 2422 896 2465 tamen
938 2430 1151 2477 vereor,
1208 2430 1275 2469 ne
1316 2417 1368 2469 id
1408 2416 1613 2469 librarii
1642 2416 1856 2471 incuria

275 2497 486 2554 factum
516 2518 622 2557 non
651 2506 741 2569 sit,
776 2506 1008 2560 maxime
1046 2506 1187 2574 quod
1221 2507 1273 2559 in
1322 2506 1744 2562 Commentariis
1778 2507 1856 2576 (p)

277 2593 488 2647 nullam
524 2596 715 2649 horum
743 2597 903 2650 faciat
934 2602 1289 2652 mentionem.

346 2685 439 2747 20,
467 2688 523 2740 5.
554 2687 608 2740 Si
639 2689 960 2752 dixerimus,
998 2690 1036 2741 Ε
1084 2691 1244 2752 οωιο,
1279 2691 1425 2745 dicet
1461 2710 1474 2744 :
1517 2692 1695 2757 Quare
1742 2708 1854 2748 non

274 2776 591 2833 credidistis
617 2779 687 2831 illi
721 2780 744 2830 1
775 2778 888 2834 Non
921 2781 1141 2836 additur
1169 2780 1263 2834 οὖν
1298 2799 1442 2852 ergo,
1469 2798 1571 2839 nec
1605 2784 1657 2838 id
1690 2784 1856 2838 habet

274 2867 556 2936 exemplar
584 2868 855 2937 Couiplut.

345 2960 441 3021 ει).
466 2962 519 3014 9.
555 2961 729 3014 llomo
780 2964 1049 3032 plantavit
1077 2966 1315 3020 vineam.
1374 2967 1494 3021 Non
1524 2968 1743 3023 additur
1777 2970 1851 3040 (ᾳ)

272 3052 363 3113 τὶς
422 3055 659 3121 quidam.
696 3052 759 3108 Et
796 3054 1048 3109 similiter
1076 3056 1212 3110 infra
1250 3074 1407 3113 versu
1437 3060 1519 3114 19.
1559 3062 1623 3114 Et
1654 3063 1857 3118 timue-

1958 602 2157 641 meam.
2185 584 2302 641 Non
2330 585 2547 641 additur
2576 586 2640 655 (s)
2674 588 2731 639 ὲν
2760 588 2826 655 τῇ
2858 584 3107 655 βασιλείᾳ
3135 600 3258 653 porr
3295 584 3351 639 lo
3373 602 3542 656 regno

1958 694 2101 735 meo.
2140 676 2326 749 Neque
2364 678 2417 731 in
2448 676 2797 733 enarratione
2839 676 2899 732 ﬁt
2950 676 3057 731 ulla
3108 676 3272 745 hujus
3311 678 3538 733 mentio.

2026 771 2117 838 22,
2157 771 2246 825 55.
2284 768 2515 835 Quando
2544 768 2666 822 misi
2708 783 2806 823 vos
2861 767 2981 828 sine
3032 767 3226 822 loculis
3276 777 3331 822 et
3385 783 3535 836 pera.

1955 864 2075 919 Non
2130 861 2352 916 additur
2412 861 2525 915 Καὶ
2594 858 2966 929 ὑποδημάτων
3009 867 3065 913 et
3098 859 3535 912 calceamentis:

1957 972 2062 1012 nec
2090 956 2199 1010 ulla
2230 954 2292 1009 fit
2318 954 2488 1024 hujus
2526 954 2733 1009 mentio
2771 952 2826 1006 in
2871 949 3306 1007 commentariis.
3349 947 3541 1017 Arguit

1960 1048 2024 1120 (ι)
2052 1056 2233 1103 autem
2269 1046 2608 1116 adjectitium
2653 1059 2795 1109 esse,
2839 1042 2984 1113 quod
3040 1041 3178 1096 infra
3227 1055 3386 1095 versu
3447 1039 3547 1105 36,.

1958 1154 2084 1195 cum
2118 1138 2317 1194 dicitur
2346 1154 2363 1194 :
2398 1136 2494 1191 sed
2548 1151 2698 1191 nunc
2726 1134 2817 1203 qui
2870 1132 3034 1188 habet
3091 1129 3322 1191 loculos,
3355 1128 3532 1188 tollat,

1957 1229 2212 1287 similiter
2236 1237 2293 1285 et
2347 1242 2557 1299 peram,
2620 1226 2751 1281 illud
2792 1226 2848 1280 in
2881 1224 3035 1279 nullo
3081 1223 3311 1277 addatur
3351 1236 3540 1274 excin-

1956 1322 2120 1394 piari.

2030 1416 2123 1480 22,
2165 1414 2259 1470 Π.
2286 1412 2356 1468 Et
2408 1408 2876 1484 appropinquavit
2922 1406 3051 1461 Jesu
3094 1416 3155 1458 ut
3201 1402 3540 1457 oscularetur

1957 1523 2102 1563 eum.
2132 1506 2363 1561 Additur
2413 1503 2596 1560 statim
2629 1510 3047 1570 consequenter,
3077 1496 3241 1551 etiam
3286 1495 3337 1547 in
3380 1493 3541 1546 Coin-

1958 1598 2198 1671 plutensi
2269 1596 2570 1667 exemplari
2607 1612 2622 1648 :
2662 1594 2835 1647 Τοῦτο
2889 1591 3001 1660 γὰρ
3056 1589 3279 1657 σημεῖον
3316 1582 3535 1637 δεδώκει

1958 1694 2162 1757 αὐτοῖς,
2192 1693 2290 1743 Ὃν
2308 1689 2372 1743 ἂν
2392 1689 2628 1758 φιλήσω,
2652 1685 2813 1747 αὐτός
2843 1687 2979 1737 ἐστι·
3014 1682 3129 1734 Hoc
3151 1678 3297 1733 enim
3322 1678 3536 1747 signum

1958 1786 2179 1841 dederat
2246 1783 2351 1837 illis
2387 1798 2402 1836 :
2435 1780 2829 1847 Quemcunque
2878 1776 3156 1831 osculatus
3186 1770 3358 1833 fuero,
3422 1769 3537 1838 ipse

1885 1851 1930 1907 Β
1959 1888 2065 1933 est.

2027 1974 2119 2031 Ξῖ).
2159 1971 2212 2025 Ξ.
2263 1969 2422 2023 liunc
2485 1965 2793 2021 invenimus
2853 1965 3256 2032 pervertentem
3322 1962 3535 2023 gentem

1959 2064 2249 2135 (nostram)
2279 2062 2411 2116 Nam
2454 2059 2525 2130 (υ)
2555 2058 2606 2111 in
2640 2064 2831 2110 nostro
2882 2049 3181 2120 exemplari
3233 2046 3538 2101 addebatur

1956 2158 2138 2229 ἡμῶν,
2194 2156 2337 2209 sicut
2378 2161 2435 2208 et
2488 2149 2717 2221 Vulgata
2769 2146 2929 2200 habet
2963 2141 3151 2197 editio.

2030 2250 2085 2303 In
2123 2250 2228 2303 fine
2256 2243 2532 2315 Evangelii
2590 2242 2666 2308 (ac)
2735 2254 2842 2291 non
2904 2234 3123 2289 additur
3164 2233 3333 2301 ἀμήν,
3395 2228 3537 2282 sicut

1956 2359 2060 2399 nec
2084 2344 2136 2396 in
2170 2341 2275 2394 line
2305 2340 2536 2393 aliorum
2570 2331 3041 2403 Evangelistarum
3072 2326 3129 2379 in
3162 2325 3272 2379 ullo
3306 2321 3537 2377 habetur

1958 2431 2276 2504 exemplari.

2565 2518 2648 2571 Ex
2699 2514 2929 2569 Joanne.

2029 2616 2082 2678 1,
2116 2613 2205 2667 28.
2264 2610 2385 2665 Haec
2420 2610 2473 2664 in
2506 2608 2814 2677 (Bethania)
2872 2606 3011 2659 facta
3068 2610 3221 2656 sunt.
3283 2598 3404 2652 Non
3458 2596 3534 2666 (ῃ)

1960 2702 2269 2775 βηθαόαρά.
2316 2698 2624 2755 Conformis
2676 2705 2759 2751 est
2818 2705 2871 2747 et
2914 2690 3313 2759 Compluteusis
3370 2687 3537 2741 editio

1958 2804 2012 2852 et
2061 2795 2335 2863 Vulgata:
2388 2804 2698 2859 quanquam
2754 2795 2944 2839 auctor
3001 2785 3145 2836 dicat
3196 2782 3249 2835 in
3314 2776 3537 2833 scholiis

1957 2888 2139 2943 verius
2186 2886 2287 2955 legi
2326 2884 2645 2937 Bcthabara.

2030 2982 2082 3037 1.
2117 2979 2206 3033 50.
2264 2976 2379 3030 Non
2409 2982 2734 3043 repetuntur
2783 2971 2897 3025 lucc
2942 2977 3035 3022 aut
3073 2966 3268 3021 similia
3322 2963 3485 3016 verba
3521 2978 3537 3015 :

1958 3064 2132 3133 Οὗτός
2162 3072 2274 3122 ἐστι
2306 3068 2433 3137 περὶ
2462 3059 2523 3118 οὗ
2553 3063 2663 3133 ἐγὼ
2706 3061 2883 3127 εἷπον,
2928 3060 3140 3113 Ὀπίσω
3191 3074 3293 3125 μου
3322 3055 3540 3123 ἔρχεται

274 3154 428 3201 runt.
480 3146 596 3202 Non
649 3150 873 3204 additur
900 3151 993 3203 τὸν
1040 3152 1169 3205 λαόν
1224 3154 1496 3221 populum.
1546 3156 1853 3211 Concordat

1957 3164 2119 3232 ἀνὴρ.
2175 3159 2233 3222 ὃς
2295 3156 2609 3227 ἔμπροσθέν
2673 3171 2778 3224 μου
2858 3154 3102 3221 γέγονεν.
3164 3150 3245 3200 ὅτι,
3322 3145 3542 3215 πρῶτός

275 3240 569 3310 utrobique
631 3241 1036 3311 Complutens’s
1097 3244 1285 3300 editio.

347 3331 442 3393 20,
472 3331 560 3385 20.
602 3331 669 3385 Ut
701 3344 961 3404 caperent
992 3336 1110 3402 ejus
1161 3336 1538 3406 (sermonem).
1561 3337 1735 3395 liabet
1781 3340 1853 3411 (r)

280 3439 518 3493 namque
556 3425 714 3491 λόγον
768 3426 944 3495 patrio
983 3442 1111 3481 casu
1144 3446 1157 3481 :
1186 3444 1292 3482 non
1332 3430 1497 3501 λόγῳ,
1533 3441 1591 3485 ιιι
1620 3433 1855 3497 dicatur,

276 3518 335 3569 in
364 3517 446 3569 vel
488 3533 552 3571 ea:
581 3534 834 3572 sermone.
863 3517 1170 3573 Concordat
1200 3521 1361 3575 etiam
1393 3523 1666 3593 exemplar
1690 3524 1856 3580 Com-

274 3609 550 3679 plutense.

347 3702 440 3766 2|,
477 3703 565 3757 ili.
601 3701 1131 3782 Trademini‘autem
1173 3720 1200 3757 a
1228 3710 1547 3776 parentibus
1570 3720 1625 3766 et
1652 3728 1854 3782 cognao

277 3794 374 3858 tis,
423 3796 615 3849 amicis
666 3805 719 3849 et
758 3776 1042 3852 fratribus.
1104 3795 1219 3853 Hoc
1279 3801 1443 3854 etiam
1500 3803 1692 3857 ordine
1724 3776 1856 3875 legit

276 3886 554 3957 Complut.
591 3887 779 3951 editio,
822 3897 882 3942 ut
920 3887 1117 3944 fratres
1149 3888 1343 3944 ultimo
1376 3902 1652 3961 ponantur
1713 3894 1853 3950 loco.

352 4090 425 4157 (k)
483 4090 819 4146 Mirabuntur
854 4091 1123 4155 nonnulli,
1176 4091 1245 4145 ab
1300 4090 1572 4148 Hentenio
1602 4110 1710 4148 non
1750 4110 1854 4150 no-

276 4170 452 4233 tatum
485 4176 604 4216 esse
634 4162 902 4215 defectum
932 4176 1121 4233 versus
1155 4160 1346 4233 integri
1381 4163 1470 4233 56,
1502 4178 1663 4228 quem
1714 4181 1854 4233 prte-

280 4231 595 4286 termittuot
647 4233 860 4286 codices
896 4232 999 4284 mei
1042 4231 1343 4300 Euthymii.
1400 4232 1503 4287 Sed
1554 4234 1600 4288 is
1644 4231 1851 4288 Erasmi

279 4303 577 4382 editionem
614 4301 969 4382 comparavit,
1003 4317 1122 4382 quae
1175 4302 1279 4382 ista
1320 4303 1624 4382 appeiidice
1676 4313 1850 4382 caret2

276 4372 450 4442 igitur
508 4373 671 4425 etiam
726 4370 865 4424 infra
908 4371 960 4423 in
1004 4370 1474 4442 AitqtterpretatiOne
1527 4374 1690 4441 hujus
1744 4373 1853 4428 loci

278 4438 430 4495 h'unc
460 4451 631 4495 totum
660 4456 877 4493 versum
907 4440 1094 4495 omisit
1127 4438 1456 4496 Hentenius.
1525 4438 1745 4497 Scilicet
1798 4442 1852 4497 in

1961 3272 2063 3325 μου
2113 3248 2203 3323 ἦν.
2259 3249 2356 3305 Hic
2394 3258 2475 3304 est
2503 3249 2569 3303 de
2596 3262 2706 3318 quo
2761 3259 2863 3316 ego
2908 3242 3154 3298 dicebam
3212 3257 3225 3292 :
3273 3237 3540 3290 l’ost.me

1957 3356 2223 3401 venturus
2244 3342 2455 3403 cstvir,
2485 3339 2576 3409 qui
2636 3346 2763 3391 ante
2819 3349 2905 3390 me
2954 3334 3076 3394 fuit,
3118 3330 3241 3401 quia
3272 3329 3419 3399 prior
3453 3343 3541 3380 me

1956 3447 2092 3492 erat.
2130 3435 2329 3489 Eadem
2360 3442 2541 3486 tamen
2574 3425 2969 3498 prapemodum
3026 3423 3193 3477 verba
3239 3421 3401 3484 paulo
3448 3434 3540 3474 su-

1956 3529 2143 3599 perius
2185 3527 2363 3597 posita
2408 3530 2587 3579 erant.

2026 3624 2082 3689 2,
2120 3622 2213 3678 22.
2270 3618 2635 3675 Crediderunt
2697 3612 2937 3670 sermoni
2988 3609 3147 3680 (ejus)
3188 3608 3317 3662 Nam
3377 3607 3544 3661 habet

1955 3711 2123 3767 αὑτοῦ
2177 3713 2319 3781 ejus,
2362 3724 2474 3763 non
2504 3701 2549 3776 ᾧ
2605 3703 2759 3760 εἶπεν
2787 3707 2815 3758 ὁ
2863 3703 3097 3774 Ἰησοῦς,
3131 3716 3293 3770 quem
3327 3701 3541 3753 dixerat

1955 3807 2205 3962 10:24.
2237 3896 2317 3950 Eo
2363 3892 2508 3965 quod
2538 3893 2656 3963 ipse
2699 3898 2889 3947 nosset
2922 3888 3149 3960 (omnia)
3188 3886 3361 3940 liabet
3391 3885 3541 3939 enim

2031 4094 2099 4187 (r)
2130 4092 2234 4149 Mei
2265 4090 2449 4161 λόγου.
2506 4088 2767 4143 Erasmus
2800 4099 2860 4141 se
2916 4082 3127 4138 volutat
3180 4079 3324 4132 inter
3378 4077 3543 4145 λόγον

1956 4175 2014 4222 et
2040 4166 2208 4222 λόγῳ.

2029 4182 2272 4305 (Τίγίῖἰή
2292 4234 2379 4305 de
2407 4231 2514 4286 hoc
2544 4229 2668 4285 loco
2713 4225 2940 4297 copiose
2973 4224 3031 4279 in
3063 4236 3187 4277 mea
3235 4215 3303 4274 N.
3339 4217 3542 4274 Testa-

1956 4303 2127 4361 menti
2174 4303 2434 4358 editione.
2631 4371 2637 4372 ί
2709 4370 2717 4372 _
2828 4366 2862 4372 _
2904 4366 2917 4372 _
3204 4361 3218 4372 ,
3391 4361 3421 4372 λ,

2028 4378 2092 4497 ῳ
2152 4374 2357 4443 Arguta
2412 4381 2495 4426 est
2535 4370 2778 4426 emissio.
2828 4366 3039 4429 Primo,
3074 4361 3219 4444 quod
3277 4361 3545 4442 continuo

2028 4466 2031 4497 ι
2059 4447 2107 4497 la
2133 4443 2191 4497 fit
2211 4444 2417 4497 mentio
2445 4443 2964 4497 calceamentorum.
3027 4434 3132 4487 Sed
3162 4432 3388 4497 intelligi
3428 4447 3543 4497 po-

1956 4432 2107 4500 nuila
2133 4443 2191 4499 fit
2211 4432 2417 4497 mentio
2445 4443 2964 4497 calceamentorum.
3027 4434 3132 4487 Sed
3162 4432 3388 4499 intelligi
3428 4447 3543 4499 po-

277 4511 619 4581 Bibliotheca
678 4510 925 4581 Patrum
953 4511 1185 4565 maxima
1222 4510 1595 4581 Lugdunensi,
1633 4523 1672 4566 t.
1709 4511 1851 4579 XIX,
1887 4516 1932 4573 D
1963 4524 2103 4570 terat
2132 4530 2200 4569 ex
2233 4513 2624 4581 superioribus.
2685 4504 3087 4581 Deinde._quod
3122 4518 3233 4557 non
3281 4500 3546 4555 credibile

276 4596 335 4651 p.
370 4580 498 4640 652,
532 4581 783 4651 columna
808 4597 873 4651 a,
896 4580 1077 4634 littera
1109 4598 1163 4634 a.
1206 4580 1387 4636 Bonus
1414 4582 1577 4644 Beza,
1626 4583 1730 4637 hac
1760 4599 1856 4651 ap-

278 4650 510 4731 pendiee
548 4665 650 4704 nos
701 4650 1053 4719 locupletavit
1102 4659 1157 4705 et
1185 4665 1253 4706 ex
1293 4667 1359 4707 eo
1380 4652 1622 4709 editores
1676 4650 1858 4709 textus

275 4731 479 4788 recepti
490 4760 504 4773 .

354 4791 414 4858 (l)
474 4790 699 4844 Stuniea
751 4790 954 4844 nobilis
1005 4790 1108 4845 fuit
1154 4790 1504 4847 adversarius
1543 4790 1759 4847 Erasmi
1802 4800 1859 4847 et

276 4857 443 4985 ξθὲτὶ
479 4859 1036 4930 Stapulensis.Forte
1095 4876 1226 4932 ergo
1284 4862 1374 4919 hic
1425 4863 1858 4933 reprehenderat

322 4946 351 4983 a
397 4946 543 4985 rum.

322 4946 543 4986 anUWL

351 5001 449 5069 (ιιι)
478 5000 721 5069 Uterque
749 5016 904 5072 meus
922 5002 1320 5072 συκομοραὶαν.
1353 5003 1528 5072 Atque
1553 5003 1627 5057 ita
1655 5004 1857 5059 habent

276 5070 444 5143 etiam
476 5072 689 5143 codices
749 5070 1095 5143 Mosquenses
1126 5070 1181 5126 h.
1212 5082 1267 5129 et
1298 5090 1347 5127 v.
1384 5070 1476 5143 qui
1507 5082 1636 5128 sunt
1663 5075 1715 5128 in
1760 5091 1857 5130 or-

279 5140 604 5211 thographia
650 5142 1067 5195 aceuratissimi.

354 5209 431 5278 (it)
474 5209 572 5265 Mei
600 5227 720 5264 cum
754 5211 979 5278 reliquis
1000 5212 1158 5266 codd.
1194 5211 1292 5266 ista
1330 5222 1568 5267 servant.

352 5284 425 5347 (ο)
466 5281 596 5334 Sine
645 5280 1013 5351 admonitione
1054 5282 1106 5334 in
1153 5282 1287 5335 locis
1346 5283 1577 5351 singulis
1633 5286 1683 5338 id
1732 5285 1850 5339 fieri

280 5365 387 5403 non
418 5351 669 5423 debebat.
709 5349 821 5403 Hoc
858 5352 1019 5403 modo
1063 5351 1249 5423 multis
1291 5349 1527 5423 inrlocis
1556 5366 1851 5423 corruptus

277 5430 363 5474 est
401 5422 824 5489 (llirysostomus
858 5436 887 5473 a
922 5422 1121 5475 Savilio
1174 5432 1228 5475 et
1280 5422 1503 5490 reliquis
1526 5422 1850 5489 editoribus,

280 5498 333 5543 et
366 5492 457 5544 alii
504 5494 801 5558 scriptorcs
833 5491 1013 5555 plures
1050 5492 1112 5543 ab
1140 5492 1262 5545 aliis
1300 5492 1567 5559 pluribus.

352 5562 429 5631 (ιι)
470 5559 580 5612 Hoc
601 5568 993 5633 argumentum
1015 5578 1121 5614 non
1152 5564 1308 5614 valet.
1353 5562 1513 5633 Multa
1544 5564 1689 5626 talia,
1731 5582 1851 5633 qtae

274 5630 614 5710 intellecturi:
647 5630 847 5683 habent
872 5631 1107 5692 facilem,
1145 5632 1569 5701 prmtermittunt
1606 5635 1657 5687 iu
1688 5630 1848 5692 scho-

296 5716 384 5754 .ts.

348 5774 422 5838 (q)
460 5772 609 5826 Alter
632 5788 861 5825 mconun
894 5771 1117 5836 omittit,
1144 5774 1278 5827 alter
1314 5773 1492 5827 habet.

1965 4586 2276 4645 videbatur.
2304 4577 2428 4636 eine
2449 4578 2833 4636 calceamentis
2867 4577 3067 4629 missos
3111 4587 3258 4627 esse.

2037 4657 2109 4725 (υ)
2167 4641 2328 4725 ὴμῷν
2383 4652 2590 4725 addunt
2652 4652 2774 4703 mei.
2834 4646 3149 4701 Proximum
3202 4641 3297 4695 καὶ
3334 4648 3543 4707 autem,

1963 4722 2099 4780 ante
2139 4722 2439 4783 κὼλύοντα.
2472 4722 2753 4775 omittunt.

2035 4796 2110 4863 (ω)
2147 4792 2370 4849 Scilicet
2406 4793 2753 4860 interpretes,
2789 4786 3216 4856 Chrysostomus
3242 4794 3297 4863 et
3331 4785 3540 4863 cmteri,

1962 4856 2287 4934 Ιοόᾰὰμὴν,
2308 4863 2462 4934 quod
2498 4856 2819 4934 textuscst.
2851 4868 2973 4924 post
2999 4872 3131 4934 suas
3148 4856 3546 4934 explicationes

1961 4935 2028 4988 de
2058 4928 2169 4989 suo'
2207 4928 2261 4985 in
2298 4928 2406 4985 fine
2444 4932 2652 4986 addunt
2689 4928 2857 4998 ἀμὴν,
2903 4937 3065 4996 atque
3119 4928 3193 4982 ita
3245 4929 3542 4983 terminant

1962 5003 2485 5074 interpretationem.

2034 5069 2121 5144 (y)
2142 5073 2201 5127 In
2242 5072 2327 5144 his
2360 5082 2415 5125 et
2444 5071 2714 5125 similibus
2746 5069 3278 5144 Origenes__antiquis
3300 5069 3547 5144 __cri_t_ieis

1958 5139 2329 5212 expectoravit
2352 5152 2614 5212 mentem,
2646 5150 2705 5212 ut
2732 5139 3147 5212 recentioribus,
3173 5155 3270 5209 per
3290 5139 3543 5212 libellum

1960 5209 2425 5267 Ilérmeneutische
2464 5211 2862 5279 Vorbcreitung.
2885 5209 3187 5273 Semlerus,
3210 5210 3300 5278 qui
3336 5211 3545 5279 dudum

1957 5294 2116 5339 antea
2147 5299 2205 5338 se
2242 5282 2310 5335 ab
2360 5282 2563 5336 criticis
2593 5282 2659 5334 ad
2714 5277 3027 5333 triumviros
3080 5280 3139 5333 Α.
3178 5277 3241 5332 A.
3276 5281 3343 5334 Α.
3386 5280 3445 5335 ιε’.
3480 5277 3544 5333 F.

1959 5354 2261 5407 transferre
2296 5352 2597 5406 debuisset.
2628 5351 2761 5403 illud
2810 5358 2991 5402 autem
3026 5348 3155 5403 mihi
3190 5351 3256 5403 de
3287 5352 3391 5403 hoc
3422 5351 3547 5403 lm-o

1957 5425 2206 5478 mirabile
2238 5424 2413 5477 visum
2441 5431 2542 5481 est,
2562 5422 2706 5488 quod
2732 5420 2914 5474 nullus
2951 5435 3016 5473 ex
3063 5421 3342 5473 veteribus
3372 5420 3547 5473 inter-

1956 5494 2202 5562 pretibus
2265 5491 2467 5547 Graecis
2526 5490 2687 5552 infra,
2757 5507 2876 5562 cap.
2930 5508 2984 5551 χ,
3047 5507 3191 5543 vers.
3237 5490 3349 5562 40,_
3395 5491 3542 5562 hunc

1958 5559 2134 5618 locum
2185 5562 2484 5617 lectoribus
2534 5562 2588 5614 in
2641 5561 2962 5615 memoriam
3014 5570 3251 5614 revocat.
3319 5559 3544 5613 Scilicet

1954 5635 2161 5689 conscii
2224 5641 2383 5686 erant
2436 5632 2559 5693 sibi,
2618 5647 2677 5685 se
2742 5642 2946 5684 temere
2982 5640 3202 5684 secutos
3260 5644 3383 5684 esse
3416 5628 3543 5682 Ori-

1954 5720 2169 5773 genetu,
2202 5704 2389 5757 relicta
2422 5702 2750 5755 auctoritate
2791 5700 3090 5773 codicum.‘
3128 5700 3270 5771 Ergo
3320 5699 3547 5756 consul-

1956 5770 2065 5829 tius
2099 5772 2382 5843 putabant,
2417 5773 2693 5828 abstinere
2734 5788 2791 5827 sc
2831 5773 2897 5827 ab
2926 5772 3031 5827 isto
3078 5770 3221 5826 loco.
