4078 6394
239 413 324 474 (.5
1672 395 2097 456 I‘R.EFATIO.
3455 383 3526 445 66

246 527 388 589 ἦγεν
422 520 596 583 οὕτως
621 538 630 547 ·
660 517 1042 573 l’ertransiens
1081 531 1177 588 per
1228 514 1467 569 medium
1511 511 1729 567 illorum
1786 519 1842 564 et
1872 521 1916 577 Α
1947 508 2108 563 abeo.
2155 506 2388 562 Additur
2433 507 2580 561 enim
2638 520 2762 576 μου,
2799 502 2964 558 etiam
3015 501 3068 556 in
3101 498 3346 555 editione
3367 498 3534 554 Com-

245 616 325 668 ita
357 612 692 683 pra:teribat.

322 729 378 788 9.
421 725 475 780 8.
538 723 716 778 Vicini
767 724 971 794 itaque,
1019 731 1072 777 et
1100 722 1194 792 qui
1245 721 1495 776 viderant
1539 732 1663 772 eum
1691 715 1843 786 prius

248 817 400 886 quod
452 815 673 884 (caecus)
711 823 878 868 esset.
913 815 1090 868 Habet
1131 812 1278 866 enim
1315 811 1532 878 τυφλός,
1563 824 1673 861 non
1702 823 1846 857 πτω-

247 907 350 976 χός
383 908 454 974 (e)
487 905 785 960 mendicus.
837 905 1118 958 Consonat
1148 903 1313 956 etiam
1353 899 1629 968 exemplar
1681 895 1844 951 Com-

247 1000 532 1067 plutense.

328 1112 416 1174 l0,
449 1111 501 1165 8.
532 1111 735 1164 Omnes
765 1115 1033 1177 quotquot
1080 1114 1371 1166 venerunt,
1415 1104 1564 1158 fures
1621 1111 1751 1157 sunt
1787 1112 1844 1156 et

255 1202 521 1256 latrones.
562 1201 679 1257 Non
740 1201 960 1254 additur
991 1199 1102 1268 Πρὸ
1124 1197 1281 1267 ἐμοῦ,
1334 1199 1476 1251 Ante
1521 1211 1628 1257 me,
1668 1208 1846 1262 neque

252 1292 312 1346 in
355 1294 653 1364 exemplari
689 1292 1088 1362 Complutensi,
1116 1305 1298 1360 neque
1335 1290 1386 1343 in
1433 1288 1674 1344 editione
1717 1286 1846 1339 Vul-

250 1390 403 1449 gata.

331 1491 410 1554 l0,
451 1490 541 1544 59.
588 1489 918 1555 Quaerebam
952 1489 1125 1559 (ergo)
1178 1503 1392 1541 rursum
1431 1485 1846 1556 apprehendere

251 1595 406 1635 eum.
442 1581 677 1634 Additur
703 1581 844 1633 enim
881 1575 974 1632 οὖν
1003 1595 1146 1648 ergo,
1187 1590 1240 1630 et
1266 1580 1318 1630 in
1352 1575 1649 1644 exemplari
1683 1576 1847 1628 Com-

251 1671 521 1741 plutensi,
574 1681 624 1724 et
656 1670 709 1723 in
739 1671 964 1737 Vulgata
1009 1669 1274 1722 editione.

329 1764 419 1825 13,
455 1762 507 1816 9.
551 1762 779 1816 Domine
812 1777 919 1814 non
977 1771 1189 1814 tantum
1243 1761 1431 1829 pedes.
1466 1759 1584 1814 Non
1616 1758 1839 1813 additur

261 1871 370 1922 μου
404 1869 566 1907 meos.

333 1966 423 2026 15.
448 1965 536 2020 25.
584 1965 719 2020 Cum
748 1983 878 2036 ergo
921 1967 1012 2020 ille
1055 1964 1393 2019 recumberet
1423 1963 1541 2033 (ita)
1571 1977 1734 2034 super
1757 1976 1853 2032 pe-

250 2067 381 2112 ctus
409 2057 558 2112 .lesu.
582 2057 813 2111 Additur
836 2058 981 2109 enim
1017 2055 1210 2119 οὕτως,
1247 2055 1390 2125 quod
1423 2057 1585 2108 etiam
1611 2055 1664 2108 in
1701 2053 1855 2108 scho-

261 2149 358 2203 liis
391 2159 585 2203 auctor
619 2150 888 2204 declarat.

333 2263 421 2323 13,
455 2260 544 2315 50.
597 2262 728 2315 Erat
762 2269 942 2316 autem
996 2277 1102 2316 nox
1171 2260 1392 2330 quando
1422 2260 1613 2314 exivit.
1651 2257 1854 2312 Deinde

253 2354 545 2408 subditur:
587 2353 676 2406 Ait
720 2353 898 2408 Jesus.
955 2353 1070 2406 Non
1123 2353 1268 2406 enim
1309 2351 1527 2405 additur
1580 2347 1672 2403 οὖν
1703 2364 1853 2418 ergo,

259 2459 394 2499 ante
447 2445 674 2499 verbum
721 2445 910 2513 ἐξῆλθε
960 2446 1143 2508 exivit,
1200 2443 1448 2496 utalium
1509 2441 1677 2510 possit
1727 2442 1855 2494 red-

261 2538 400 2592 dere
443 2552 688 2591 sensum.
749 2537 901 2591 Facit
945 2536 1229 2590 nobiscum
1281 2534 1557 2604 exemplar
1595 2532 1856 2601 Complu-

267 2639 448 2684 ιειιευ.

341 2744 394 2797 1.
446 2745 500 2798 4.
535 2744 656 2797 Νοη
697 2745 948 2798 turbetur
971 2759 1066 2798 cor
1085 2751 1350 2798 vestrum.
1379 2741 1520 2795 Ante
1546 2740 1662 2795 haec
1687 2739 1853 2793 verba

261 2850 380 2889 non
413 2835 779 2904 praemittitur,
811 2851 988 2905 neque
1022 2836 1074 2890 in
1127 2844 1336 2897 nostro,
1382 2850 1559 2902 neque
1591 2834 1647 2886 in
1694 2833 1860 2888 Com-

268 2927 504 2994 plutei-isi
537 2929 832 2995 exemplari
883 2927 935 2980 id
978 2928 1119 2995 quod
1177 2926 1410 2979 habetur
1454 2925 1506 2977 in
1536 2923 1852 2995 vulgaribus

265 3013 476 3066 Graecis
502 3015 907 3082 exemplaribus
939 3015 1042 3083 (fl:
1087 3017 1194 3066 Καὶ
1244 3011 1367 3067 εἷπε
1422 3017 1534 3076 τοῖς
1591 3014 1858 3084 μαθηταῖς

271 3090 468 3168 tab-tofi,
502 3105 567 3157 Et
602 3106 678 3158 ait
708 3105 992 3174 discipulis
1020 3106 1157 3159 suis.

348 3216 439 3276 14,
489 3216 577 3270 30.
626 3217 787 3270 Venit
836 3219 980 3270 enim
1032 3220 1288 3287 princeps
1341 3218 1552 3272 mundi.

270 3302 422 3357 ditur
468 3303 657 3356 τούτου
709 3303 892 3372 huius,
931 3319 1111 3374 neque
1146 3308 1204 3359 in
1266 3305 1562 3375 exemplari
1602 3303 1861 3374 Complu-

278 3393 448 3447 tensi.

351 3484 439 3546 t6,
498 3484 550 3546 3,
617 3482 680 3537 Et
743 3483 857 3538 haec
899 3485 1122 3548 facient,
1195 3487 1322 3554 quia
1391 3501 1500 3539 non
1566 3496 1858 3540 noverunt.

272 3570 394 3624 Non
428 3571 646 3624 additur
672 3571 798 3640 ὑμῖν
836 3573 994 3634 vobis,
1015 3588 1114 3627 nec
1131 3573 1184 3625 in
1203 3574 1442 3626 editione
1465 3573 1858 3642 Complutensi.

351 3681 440 3744 16,
511 3681 564 3734 5.
618 3680 686 3734 Et
732 3695 895 3734 nemo
965 3682 1269 3752 interrogat
1342 3697 1469 3736 me:
1521 3680 1642 3746 Quo
1698 3681 1861 3735 abis?

276 3771 397 3825 Non
430 3772 764 3841 prtepunitur
791 3780 918 3824 ante
956 3773 1182 3825 verbum
1237 3772 1543 3841 lnterrogat
1578 3773 1637 3837 ἑξ
1680 3772 1859 3841 ὑμῶν,

277 3878 342 3918 ex
375 3864 544 3916 vobis.

353 3953 442 4020 l6,
479 3957 565 4010 t0.
599 3953 670 4008 De
697 3953 904 4024 justitia
920 3961 1124 4020 autem,
1158 3954 1286 4025 quia
1303 3954 1370 4010 ad
1393 3953 1607 4010 Patrem
1635 3953 1860 4027 (meum)

279 4186 334 4229 et
361 4174 573 4228 invenit
610 4182 660 4226 et
707 4188 815 4225 non
845 4172 1074 4226 invenit.
1129 4169 1262 4226 Nam
1302 4173 1355 4226 in
1411 4173 1586 4242 prima
1621 4174 1862 4228 editione

283 4249 470 4307 habet,
527 4245 579 4296 iii
631 4243 855 4311 reliquis
895 4244 1102 4296 omisit.
1155 4245 1422 4311 Compara
1455 4245 1574 4310 ejus
1611 4246 1677 4296 ad
1715 4244 1863 4298 hunc

284 4320 466 4369 lucum
500 4313 1054 4366 animadversionem.
1097 4313 1277 4364 Altera
1320 4318 1561 4381 quaestio.
1593 4317 1702 4365 (Lur
1733 4314 1861 4366 Hie-

285 4399 548 4454 l'OD)'l|lUS
607 4383 660 4434 in
717 4381 938 4450 Vulgata
992 4381 1179 4434 Latina
1239 4384 1470 4435 omisit?
1513 4381 1732 4454 Scilicet
1777 4383 1865 4436 hic

279 4452 501 4523 qiioiiue
551 4466 764 4523 servum
800 4468 964 4523 prcus
995 4454 1524 4519 sequituryesauum
1548 4452 1860 4523 Origenein.

282 4521 398 4577 Nec
418 4522 792 4586 diligentiores
821 4521 1042 4574 fuerunt
1073 4523 1490 4590 utirysostomus
1521 4533 1573 4573 et
1609 4522 1858 4588 Lyrillus.

282 4593 464 4662 Vulgo
502 4593 739 4662 credunt
787 4592 900 4643 haec
949 4600 1134 4643 assuta
1187 4605 1309 4642 esse
1366 4605 1432 4643 ex
1475 4591 1604 4644 Luc.
1649 4606 1733 4662 iv,
1772 4593 1862 4644 30.

283 4656 513 4717 Stuﬁel
563 4660 675 4712 Suo
745 4666 992 4726 tempore
1039 4669 1202 4712 totam
1258 4675 1371 4711 rem
1421 4661 1488 4712 ad
1541 4659 1728 4712 oculos
1771 4665 1867 4714 de.

285 4732 627 4787 monstrabo.
680 4727 804 4781 Haec
830 4730 966 4782 adeo
1005 4736 1192 4784 servat
1227 4728 1520 4783 Vaticanus
1555 4729 1692 4784 1209
1722 4729 1866 4800 apud

289 4801 595 4855 Birclzium.

361 4891 720 4958 (e)Erasnius,
768 4888 1055 4957 imposmr,
1105 4904 1216 4941 non
1260 4887 1504 4950 criticus,
1557 4888 1609 4940 in
1645 4887 1868 4957 Vulgata

287 4961 601 5030 reperiebat
667 4962 970 5030 mendicus.
1027 4959 1104 5012 Ex
1148 4960 1343 5011 Lexico
1392 4974 1519 5028 ergo
1550 4974 1648 5010 suo
1675 4965 1869 5030 redde-

290 5028 381 5084 bitt
424 5033 659 5098 πτωχός.
700 5028 911 5097 Inepte.
969 5030 1217 5081 Reddere
1252 5030 1485 5081 debebat
1543 5029 1867 5095 προσαίτης.

289 5101 369 5153 Ita
409 5101 554 5153 enim
610 5099 1053 5171 Chrysostoinus.
1090 5101 1390 5171 undelizec
1435 5108 1520 5150 est
1569 5102 1868 5171 corruptio.

293 5171 429 5224 Vide
469 5178 577 5222 tom
643 5168 774 5233 νηὶ,
814 5185 865 5235 p.
895 5170 1000 5220 553
1030 5171 1093 5221 Α.
1140 5168 1293 5221 Unde
1327 5177 1506 5220 autem
1559 5170 1865 5238 προσαίτης

289 5238 617 5294 invectum?
672 5242 774 5294 Per
816 5253 1085 5292 summam
1127 5239 1511 5307 negligentiam
1565 5247 1621 5290 el.
1665 5239 1872 5308 ineogic

292 5311 524 5381 tantiaiii
551 5324 618 5361 ex
669 5313 918 5381 proximo
952 5309 1288 5381 προσαιτῶν.

363 5383 429 5451 (ι)
471 5378 566 5432 Est
625 5378 836 5434 initium
891 5380 1139 5451 iCCLlODiS
1197 5379 1600 5440 ecclesiasticae,
1649 5381 1714 5447 τῇ
1769 5396 1868 5430 πα-

332 5450 540 5516 αόκευῆ
577 5453 677 5516 τὴς
722 5469 802 5504 at.
838 5450 1154 5515 eaeaeae;
1193 5456 1336 5515 quod
1371 5451 1622 5502 homines
1651 5464 1873 5502 somno-

332 5469 540 5516 :oxzuq
577 5469 677 5516 της
722 5469 802 5504 at.
838 5469 1154 5515 εοουμα.ος,
1193 5469 1263 5515 qu

290 5469 431 5575 renti
468 5521 774 5573 intulerunt
827 5520 882 5573 iii
927 5530 1266 5572 contextum.

379 5615 456 5683 (α)
503 5613 843 5666 Dissentinnt
898 5613 1007 5666 mei
1050 5611 1322 5682 Eutliymii
1371 5612 1608 5678 codices,
1657 5614 1748 5681 qui
1791 5613 1875 5664 λε-

296 5685 514 5751 adligata.
574 5695 816 5736 servant.

367 5749 444 5824 in)
489 5755 770 5822 Llirysost.
811 5761 850 5805 t.
911 5749 1040 5815 VIII,
1082 5767 1134 5820 p.
1165 5750 1268 5804 468
1310 5753 1374 5814 A,
1408 5751 1873 5824 negligitquidcm

297 5821 461 5880 verba
505 5821 712 5889 textus,
768 5827 931 5876 habet
975 5830 1154 5876 tanien
1211 5826 1324 5876 suis
1367 5828 1589 5876 \et'bis:
1624 5821 1771 5884 "tam;
1813 5841 1876 5875 av

1947 598 2207 668 plutensi.

2017 689 2104 754 16,
2135 691 2222 745 25.
2276 689 2401 744 llaec
2456 704 2558 760 per
2609 686 2909 758 proverbia
2965 684 3136 757 (dico)
3187 685 3364 741 vobis.
3415 686 3537 743 Non

1945 783 2091 836 enim
2145 783 2308 837 habet
2342 781 2412 852 (g)
2451 781 2728 851 λελάληκα
2765 779 2983 833 locutus
3026 793 3148 831 sum
3184 790 3203 830 :
3236 779 3332 833 sed
3363 779 3530 848 λέγω,

1946 875 2081 925 dico.

2021 959 2105 1022 16,
2145 959 2236 1012 33.
2274 957 2332 1011 ln
2361 957 2565 1012 mundo
2599 971 2909 1026 pressuram
2929 954 3244 1025 (habebitis)
3277 953 3409 1008 Nam
3433 955 3537 1010 ha-

1945 1051 2034 1104 bet
2095 1050 2244 1116 ἕξετε
2278 1050 2351 1122 (/t)
2379 1049 2646 1112 futurum,
2680 1063 2789 1101 non
2827 1047 2980 1117 ἔχετε
3009 1046 3238 1100 habetis.
3269 1044 3393 1100 Pari
3416 1061 3536 1100 mo-

1947 1143 2018 1194 do
2049 1141 2243 1212 legisse
2297 1140 2646 1194 inanilestum
2693 1140 2752 1208 (ἱ)
2783 1147 2862 1192 est
2917 1153 3066 1203 eum,
3123 1137 3216 1206 qui
3250 1135 3536 1208 Viilgatain

1947 1229 2097 1282 dedit
2128 1228 2448 1281 editionem.

2022 1320 2111 1383 17,
2161 1320 2248 1373 ll.
2280 1317 2443 1372 Pater
2472 1328 2663 1374 sancte
2693 1332 2848 1373 serva
2878 1332 2974 1372 eos
3023 1331 3120 1386 per
3149 1331 3350 1371 nomen
3383 1324 3535 1370 tuum

1949 1409 2081 1479 (quo
2110 1410 2326 1464 donasti
2371 1411 2504 1463 mel.
2565 1409 2680 1464 Non
2723 1408 2868 1461 enim
2913 1407 3077 1459 habet
3119 1405 3212 1469 οὓς
3253 1423 3400 1476 quos,
3443 1405 3539 1459 sed

1947 1498 1991 1568 ᾦ
2020 1519 2140 1570 quo.
2194 1503 2398 1556 Eodem
2433 1501 2599 1555 etiam
2651 1502 2811 1555 modo
2845 1501 3010 1554 habet
3050 1499 3329 1568 exemplar
3378 1496 3542 1551 Com-

1946 1593 2218 1664 plutense.
2261 1595 2337 1647 Ex
2369 1593 2591 1647 sclioliis
2633 1601 2812 1646 tamen
2856 1593 3054 1663 legisse
3089 1593 3308 1645 videtur
3344 1597 3541 1643 auctor

1954 1695 2145 1738 noster
2174 1686 2220 1745 ὅ,
2257 1685 2393 1754 quod
2429 1683 2526 1752 (It),
2559 1693 2690 1752 puta
2727 1697 2924 1735 nomen
2953 1680 3245 1735 accusandi
3277 1695 3430 1732 casu.

2024 1776 2109 1836 t8,
2143 1775 2231 1830 25.
2294 1775 2517 1845 Negavit
2569 1772 2741 1846 (ergo)
2776 1775 2865 1827 ille
2914 1786 2969 1828 et
3017 1775 3094 1826 ait
3160 1771 3328 1829 :Non
3395 1787 3537 1824 sum.

1881 1890 1918 1941 υ
1949 1864 2237 1936 Repetitur
2265 1869 2411 1921 enim
2469 1861 2564 1918 οὖν
2604 1883 2746 1936 ergo.
2800 1867 2858 1920 ln
2909 1868 3054 1921 hunc
3113 1865 3279 1919 etiam
3314 1866 3540 1917 modum

1954 1958 2187 2027 legimus
2219 1958 2271 2009 in
2301 1957 2542 2010 editione
2576 1955 2972 2025 Complutrnsi.

2026 2047 2116 2110 ‘28,
2148 2046 2240 2099 ‘29.
2276 2045 2454 2100 Exivit
2486 2046 2663 2114 itaque
2695 2046 2902 2100 Pilatus
2941 2036 3007 2100 ad
3047 2061 3163 2107 eos.
3194 2054 3248 2100 et
3283 2046 3378 2098 ait.
3421 2045 3543 2100 Non

1954 2139 2173 2193 additur
2233 2136 2338 2200 ἔξω
2372 2137 2432 2206 (ι)
2501 2138 2667 2206 foras.
2737 2139 2817 2190 Ad
2857 2140 3000 2190 hunc
3050 2152 3269 2208 quoque
3322 2137 3544 2193 modum

1955 2231 2267 2284 invenimus
2295 2230 2348 2282 in
2376 2228 2674 2298 exemplari
2698 2227 3099 2297 Complutensi.

2034 2340 2117 2402 19,
2165 2338 2251 2391 l6.
2274 2338 2620 2406 Acceperunt
2638 2345 2819 2389 autem
2843 2335 3028 2389 Jesum
3053 2345 3108 2390 et
3129 2335 3443 2408 (duxerunt)
3464 2336 3544 2408 (in

1958 2428 2297 2504 prmtorium)
2355 2429 2594 2481 Primum
2633 2427 2815 2496 itaque
2869 2440 2976 2479 nun
3037 2428 3202 2482 habet
3253 2430 3547 2495 ἀπήγαγον

1959 2523 2322 2583 abduxerunt,
2355 2520 2446 2572 sed
2483 2519 2692 2590 ἦτα-ζον
2725 2521 3013 2571 duxerunt.
3055 2518 3117 2572 Et
3153 2519 3207 2572 in
3267 2519 3370 2573 lioc
3408 2535 3545 2573 con-

1956 2616 2152 2667 cordat
2184 2610 2467 2678 exemplar
2505 2609 2900 2677 Conplutt-nse.
2930 2609 3247 2662 Addebatur
3283 2619 3545 2678 praeterea

1959 2700 2016 2754 in
2043 2711 2234 2753 nostro
2266 2697 2562 2766 exemplari
2595 2699 2674 2760 εις
2715 2697 2772 2748 τὸ
2809 2696 3169 2767 πραιτώριον.

2034 2793 2119 2854 l9,
2145 2793 2234 2845 55.
2274 2793 2338 2844 Et
2379 2792 2466 2843 ille
2496 2789 2598 2842 scit
2652 2789 2797 2858 quod
2830 2804 2953 2841 vera
2995 2789 3142 2842 dicat
3177 2789 3322 2858 (sed)
3351 2796 3414 2842 ut
3450 2803 3550 2840 vos

1959 2884 2218 2938 credatis.
2247 2883 2379 2935 Nam
2421 2881 2587 2934 habet
2619 2879 2776 2942 ἀλλὰ,
2827 2881 2938 2933 sed.
2974 2877 3088 2934 Nec
3139 2881 3303 2934 habet
3323 2881 3418 2933 καί
3474 2890 3546 2943 ct,

1960 2984 2088 3029 ante
2115 2989 2230 3027 vos.
2285 2973 2574 3042 Exemplar
2605 2972 2824 3041 quidem
2855 2971 3244 3040 Complutense
3283 2986 3392 3026 non
3446 2972 3550 3026 ha-

1961 3064 2510 3132 betconjunctioncm
2543 3061 2658 3126 καί,
2701 3063 2795 3116 sed
2827 3076 2926 3115 ncc
2953 3062 3116 3115 habet
3143 3060 3297 3115 ἀλλά.

2036 3157 2123 3219 19,
2149 3155 2235 3208 38.
2293 3155 2361 3207 Et
2390 3153 2639 3222 permisit
2669 3152 2895 3206 Pilatus.
2931 3154 3238 3222 Statimque
3261 3153 3478 3207 additur
3533 3172 3547 3207 ;

1604 3216 1720 3315 ἔθη
1760 3217 1854 3315 af!"
1883 3223 1929 3285 Ο
1965 3216 2167 3299 Ἷίλοέν
2200 3250 2293 3312 (m)
2323 3216 2437 3305 obii,
2475 3246 2567 3296 καὶ
2609 3240 2712 3313 ἦρι
2757 3243 2816 3296 τὸ
2854 3243 3007 3312 σῶμα
3035 3243 3128 3296 τοῦ
3151 3216 3360 3315 νἸησοῦ,
3391 3243 3551 3298 Venit

1963 3352 2112 3406 ergo,
2143 3349 2198 3390 et
2228 3336 2350 3390 tulit
2380 3349 2580 3404 corpus
2608 3333 2758 3388 Jesu.
2792 3334 3137 3390 Concordant
3191 3345 3246 3390 et
3274 3337 3551 3408 exemplar

1964 3427 2354 3497 Complutense
2379 3438 2432 3481 et
2448 3427 2677 3496 Vulgata
2698 3427 2888 3481 editio.

2032 3520 2243 3584 20,29.
2275 3519 2412 3585 Quia
2460 3519 2643 3572 vidisti
2678 3534 2766 3572 me
2821 3519 3276 3576 credidisti.Non
3331 3498 3552 3576 addiiur

1965 3609 2144 3678 οωμᾶ,
2183 3623 2285 3662 nec
2312 3609 2367 3662 in
2395 3607 2635 3661 editione
2664 3608 3068 3678 Complutensi.

2033 3700 2123 3764 2|,
2161 3700 2211 3752 t.
2248 3699 2442 3753 Postea
2498 3699 2869 3753 manifestat-it
2903 3715 2962 3753 se
3014 3701 3212 3754 iterum
3251 3701 3412 3756 Jesus
3446 3703 3546 3772 (di-

1964 3790 2210 3860 scipulis)
2279 3790 2348 3844 ad
2387 3805 2535 3844 mare
2581 3790 2912 3843 Tiberiadis.
2965 3791 3197 3844 Additur
3243 3792 3391 3845 enim
3449 3809 3549 3861 μα·

1965 3881 2154 3950 θηταῖς
2179 3883 2257 3951 (η)
2284 3881 2578 3950 discipulis.
2615 3881 2924 3936 Concordat
2956 3881 3007 3934 in
3049 3873 3152 3936 lioc
3187 3892 3243 3935 et
3271 3886 3552 3951 exemplar

1965 3974 2356 4043 Complutense
2383 3981 2440 4026 et
2462 3970 2636 4027 editio
2665 3969 2914 4041 Vulgata.

1964 4192 2061 4268 ἦτε
2093 4197 2153 4250 ὲν
2189 4196 2266 4266 τῷ
2292 4197 2505 4266 κόσμῳ,
2541 4194 2723 4268 ϐλῖψιν
2769 4195 2943 4268 ἑξεῖ-ε.
2975 4195 3195 4268 _Eodem
3248 4195 3410 4250 modo
3465 4213 3555 4252 re-

1967 4266 2105 4337 petit
2143 4269 2294 4332 alibi,
2351 4278 2407 4321 ut
2449 4268 2503 4319 in
2563 4267 2807 4320 editione
2858 4266 2939 4337 N._
2973 4266 3312 4319 'l'estamenti
3366 4269 3552 4322 docui.

1966 4335 2202 4408 Cyrillus
2235 4346 2362 4408 ante
2420 4337 2630 4408 scholia
2665 4338 2830 4408 habet
2883 4335 3059 4398 ἕξετε,
3109 4339 3204 4389 sed
3259 4338 3313 4408 in
3373 4337 3550 4390 inter-

1971 4406 2280 4476 pretatione
2334 4407 2510 4475 ἔχετε.
2537 4406 2696 4460 Tom.
2726 4406 2812 4468 ιγ,
2855 4423 2907 4474 p.
2941 4407 3044 4459 044
3077 4408 3143 4466 Α,
3179 4407 3284 4460 945
3331 4410 3395 4460 Α.

2041 4499 2102 4567 (i)
2136 4498 2358 4551 Minime
2416 4513 2566 4551 vero.
2615 4499 2748 4551 Nam
2791 4498 3062 4567 interpres
3095 4495 3321 4550 Latinus
3355 4499 3554 4567 szepius

1899 4561 1941 4615 υ
1973 4561 2260 4634 praesentia
2301 4583 2399 4638 per
2428 4568 2612 4621 futura
2679 4566 2882 4622 reddit.
2920 4561 3106 4636 neque
3164 4568 3267 4620 hoc
3313 4561 3551 4638 igne-ras,

1972 4638 2228 4693 Henteni.

2044 4709 2118 4777 (Β)
2159 4710 2222 4760 '0
2256 4706 2411 4776 ponit
2454 4708 2509 4759 in
2547 4707 2998 4776 interpretatioiie
3039 4707 3182 4769 ideo,
3234 4707 3381 4775 quod
3439 4722 3551 4761 non

1973 4779 2217 4846 repetiit,
2270 4784 2327 4828 ὲν
2371 4777 2448 4846 τῷ
2477 4777 2849 4846 ὀνόματισου,
2907 4777 2974 4830 ad
3030 4781 3175 4846 quod
3231 4779 3555 4846 relerturAin

1973 4841 2124 4902 textu
2174 4843 2239 4914 ᾧ.
2293 4841 2587 4910 ριιοίευιιί
2622 4863 2750 4918 ergo
2809 4841 3159 4901 referendum
3211 4846 3408 4900 luisset
3461 4841 3556 4914 ᾦῖ

1972 4918 2134 4972 Forte
2174 4919 2241 4970 ad
2284 4918 2545 4979 δέδωκας.

2045 5008 2107 5076 (ι)
2152 5008 2361 5062 incerta
2393 5009 2552 5063 sedes
2600 5009 2764 5077 hujus
2803 5010 3051 5063 vocabuli
3103 5010 3236 5063 satis
3267 5009 3463 5078 arguit.
3499 5009 3554 5063 id

1975 5079 2196 5133 aliunde
2235 5082 2604 5132 introductum
2642 5095 2787 5135 esse.
2841 5081 2975 5132 Nam
3001 5095 3155 5133 utens
3211 5079 3556 5147 Musquensis

1976 5157 2147 5203 codex
2181 5149 2238 5202 S.
2277 5152 2367 5217 qui
2397 5149 2580 5218 Cyrilli
2609 5151 2816 5202 scholia
2845 5153 3009 5204 etiam
3066 5152 3249 5209 habet,
3303 5152 3450 5202 addit
3502 5151 3556 5203 id

1975 5231 2102 5272 ante
2136 5223 2295 5288 πρός.
2335 5219 2408 5271 Ita
2443 5219 2626 5287 Cyrill.
2667 5231 2706 5274 t.
2739 5219 2828 5282 IV,
2851 5235 2901 5288 p.
2939 5219 3096 5282 1054,
3133 5220 3189 5270 Β.
3213 5220 3366 5272 Alius
3386 5221 3555 5272 codex

1974 5290 2062 5352 41,
2098 5306 2221 5343 cuni
2259 5289 2484 5342 sclioliis
2517 5291 2680 5343 habet
2719 5301 2842 5359 post
2864 5291 3083 5349 αὐτούς.

2049 5384 2143 5451 (ni)
2172 5382 2298 5436 llnrc
2347 5382 2604 5434 nimirum
2625 5384 2827 5435 omittit
2858 5383 3143 5451 Erasmus;
3201 5379 3353 5434 Unus
3404 5396 3558 5451 ineu-

1977 5447 2095 5505 ruiii
2127 5447 2346 5520 quoque
2373 5453 2624 5505 eumdem
2658 5456 2853 5506 saltum
2878 5456 3006 5506 fecit
3031 5459 3097 5506 ab
3118 5447 3278 5521 ἦλθεν
3307 5454 3374 5503 ad
3402 5447 3435 5519 ἦ
3475 5457 3556 5502 Ue.

1979 5532 2212 5590 uterque
2266 5535 2447 5576 autem
2513 5525 2788 5594 Euthymii
2843 5540 2965 5576 cuin
3006 5523 3229 5590 reliquis
3284 5522 3386 5575 ista
3440 5541 3560 5574 ser-

1986 5608 2132 5646 \alll.

2051 5688 2125 5754 (ii)
2162 5685 2358 5736 Prmier
2387 5681 2660 5751 μαθηταῖς
2695 5697 2837 5738 unus
2869 5697 3114 5738 meorum
3160 5680 3420 5736 Codicum
3450 5680 3563 5736 Eu-

1981 5757 2169 5825 thyinii
2202 5757 2348 5808 addit
2391 5755 2577 5809 αὑτοῦ.
