4018 6462
521 431 592 495 ετ
1913 394 2326 475 Passum.

3677 404 3765 466 63

592 541 683 606 2i,
713 539 806 594 l5.
833 536 1023 592 Simon
1057 532 1232 606 (Iona)
1278 531 1459 602 diligis
1483 546 1568 585 me
1599 529 1716 600 plus
1749 527 1875 582 his?
1907 527 2081 582 liabet
2109 535 2153 591 Α
2186 526 2300 578 vice
2347 523 2716 593 subsequitur.
2764 521 3022 578 Similiter
3052 521 3213 576 etiam
3257 519 3419 575 habet
3472 520 3767 592 exemplar

524 647 780 702 namque,
827 632 1000 693 Ἰωνᾶ,
1035 644 1142 683 non
1191 626 1410 680 Ἰωαννᾶ
1443 641 1456 678 :
1485 633 1540 678 et
1587 623 1658 675 ita
1698 635 1913 674 rursum
1952 620 2076 674 bina

588 807 990 822 _————-———

2184 618 2588 688 Complutcnse.

1613 944 1627 956 ο
1723 919 2082 981 EIUSDEM
2121 870 2530 978 HENTENlI.

605 1051 669 1106 l'n
695 1053 772 1106 his
799 1067 912 1120 qua
929 1058 1216 1121 sequuntur
1250 1049 1546 1124 multisquc_
1567 1047 1700 1124 aliis.
1725 1048 1776 1100 in
1808 1047 1930 1124 locis
1961 1042 2310 1124 anngeliuin‘
2329 1041 2544 1109 phrasin
2576 1043 2775 1124 imitati
2807 1041 3138 1108 Hebraicam,
3174 1050 3458 1110 posuerunt
3502 1056 3767 1110 praesens,

1529 1117 1792 1172 interdum
1823 1117 1984 1171 etiam
2010 1124 2057 1168 et
2085 1114 2404 1182 preteritum
2448 1128 2542 1180 pro
2567 1114 2769 1182 futuro.

609 1407 799 1465 Matth.
833 1406 920 1470 ll,
945 1407 1000 1471 5,
1023 1415 1078 1460 et
1101 1403 1262 1460 Lucae
1291 1407 1344 1470 7,
1379 1405 1466 1472 19,
1501 1405 1591 1470 20,
1639 1403 1876 1460 occurrit
1903 1403 1956 1456 in
1985 1403 2096 1472 pri-
2124 1412 2170 1466 Α
2269 1402 2400 1457 Luc.
2435 1404 2520 1468 l5,
2548 1402 2636 1456 55.
2667 1402 2807 1458 Ecce
2833 1401 3201 1471 (relinquitur)
3237 1401 3389 1458 vobis
3429 1401 3625 1458 domus
3665 1417 3780 1458 ve-

537 1500 640 1554 mis
673 1498 802 1553 illud
836 1496 1070 1550 maxime
1097 1497 1376 1565 vulgatum
1411 1515 1422 1550 :
1459 1496 1539 1549 Tu
1571 1512 1630 1550 es
1650 1497 1738 1550 ille
1772 1495 1888 1564 (qui
1922 1495 2093 1563 venit)

539 1608 604 1644 an
664 1591 824 1643 alium
877 1589 1318 1657 exspectamus?
1373 1587 1472 1643 Ubi
1530 1588 1746 1658 ponitur
1807 1585 2097 1656 ἐρχόμενος

535 1682 762 1744 veniens,
798 1694 893 1749 pro
919 1694 982 1732 eo
1004 1679 1144 1748 quod
1168 1686 1250 1732 est
1279 1717 1291 1730 .
1321 1677 1426 1742 Qui
1447 1690 1692 1730 venturus
1731 1687 1829 1741 est,
1867 1687 1961 1730 ant
1990 1682 2098 1745 'po-

539 1769 665 1834 tius,
699 1768 800 1831 Qui
831 1778 1089 1820 venturus
1123 1776 1261 1820 erat.
1307 1765 1370 1820 Et
1403 1766 1594 1820 eodem
1646 1765 1808 1820 modo
1848 1765 2005 1819 Joan.
2041 1764 2094 1826 6,

541 1860 607 1913 li
641 1875 655 1912 :
693 1858 788 1911 llic
815 1868 897 1911 est
939 1872 1065 1911 vere
1102 1857 1364 1926 propheta
1417 1857 1683 1926 (veniens)
1713 1857 1767 1910 iu
1814 1856 2094 1919 mundum,

539 1950 593 2003 id
628 1956 729 2012 est,
766 1949 856 2016 qui
894 1956 1152 2002 venturus
1179 1957 1314 2002 erat.
1357 1945 1590 2001 Rursum
1623 1946 1812 2001 Matth.
1852 1947 1934 2010 l7,
1973 1946 2025 1998 ll
2081 1963 2095 1997 :

541 2041 686 2094 Elias
707 2040 926 2109 quidem
959 2040 1150 2106 (venit)
1186 2039 1415 2106 primum
1459 2056 1470 2089 :
1509 2037 1770 2106 Ἔρχεται
1821 2050 1917 2105 pro
1959 2033 2099 2088 Ven-

543 2146 694 2187 turos
728 2142 829 2192 est,
870 2133 1107 2201 ponitur.
1142 2131 1204 2184 Et
1231 2143 1360 2183 sane
1391 2128 1440 2182 id
1466 2127 1520 2182 in
1555 2128 1831 2183 hocverbo
1874 2127 2100 2197 ἔρχομαι

546 2223 1047 2292 frequentissimum
1082 2229 1186 2274 est.

616 2335 802 2388 llatth.
869 2332 955 2393 l0,
981 2331 1070 2386 ΞΟ.
1102 2331 1216 2384 Non
1244 2331 1386 2385 enim
1418 2347 1514 2384 vos
1553 2331 1724 2397 (estis)
1778 2329 1874 2397 (illi
1907 2329 1997 2397 qui
2028 2331 2104 2383 lo-

542 2430 807 2491 quuntur)
867 2423 961 2476 sed
1003 2423 1238 2489 Spiritus
1274 2419 1445 2473 Patris
1470 2421 1635 2474 vestri
1693 2421 1803 2489 (qui
1839 2421 2101 2487 loquitur)

549 2515 607 2566 in
637 2513 809 2565 vobis.
841 2511 940 2565 Ubi
979 2525 1216 2580 praesens
1248 2511 1370 2562 ἐστέ
1397 2524 1496 2579 pro
1546 2509 1692 2562 eritis
1750 2509 2020 2573 sumitur;
2051 2517 2106 2562 et

547 2602 835 2664 λαλοῦντες
869 2615 966 2670 pro
995 2615 1059 2654 eo
1097 2600 1241 2669 quod
1282 2609 1381 2663 est,
1409 2599 1510 2664 Qui
1543 2599 1870 2666 loquentur;
1919 2607 1973 2650 et
2007 2598 2105 2650 λα⁴

548 2689 696 2753 Liv,
727 2706 824 2759 pro
857 2691 1130 2761 loquetur.
1175 2689 1374 2742 Eadem
1423 2689 1584 2742 etiam
1627 2690 1890 2742 habentur
1939 2687 2102 2742 Marc.

554 2785 641 2846 15,
684 2784 766 2836 li.

623 2893 812 2946 Matth.
832 2893 919 2958 Si,
945 2892 1032 2946 50.
1061 2890 1117 2944 ln
1140 2890 1532 2945 resurrectione
1563 2905 1736 2957 neque
1760 2889 2109 2956 (contrahunt

547 2986 982 3051 niatrtmonium)
1011 2998 1186 3049 neque
1218 2983 1429 3052 (nuptni
1459 2982 1786 3050 traduntur),
1818 2982 1911 3036 sed
1957 2981 2109 3050 quasi

550 3076 729 3144 angeli
759 3074 852 3127 Dei
883 3090 934 3126 in
969 3074 1290 3141 coslo(sunt)
1319 3072 1552 3125 Verbum
1587 3069 1844 3139 γαμοῦσι,
1878 3072 2020 3140 quod
2044 3086 2108 3124 ex

548 3166 903 3236 sequentibus
937 3166 1132 3229 verbis,
1165 3179 1283 3233 qua:
1319 3164 1608 3219 manifeste
1637 3164 1925 3232 priesentia
1953 3173 2102 3228 sunt,

555 3259 716 3310 etiam
748 3257 1021 3325 iudicatur
1043 3270 1164 3308 esse
1198 3271 1456 3321 praesens.
1481 3271 1577 3323 pro
1606 3256 1785 3309 futuro
1805 3256 2112 3307 contrahant

553 3347 820 3417 accipitur
855 3363 868 3400 :
900 3353 954 3399 et
988 3345 1374 3413 ὲκγαμίζονται
1411 3359 1534 3412 pro,
1562 3343 1765 3412 Nuptui
1797 3345 2110 3409 tradentur;

553 3437 810 3490 smiiliter
843 3437 948 3489 εἰσί
988 3451 1085 3506 pro
1123 3447 1295 3489 erunt.
1349 3436 1470 3490 Pat'i
1527 3451 1742 3504 quoque
1807 3438 1964 3489 modo
2016 3435 2113 3490 ha-

557 3529 758 3582 bentur
791 3530 952 3583 verba
979 3529 1088 3582 hac
1119 3527 1251 3581 Luc.
1279 3528 1369 3591 20,
1404 3529 1488 3592 55,
1518 3529 1616 3592 56;
1651 3529 1810 3582 Marc.
1846 3528 2039 3592 12,25.

633 3640 819 3694 Matth.
847 3641 933 3706 17,
966 3642 1055 3696 20.
1087 3641 1142 3696 Si
1174 3641 1462 3711 (habeatis)
1496 3643 1653 3696 iidem
1706 3644 1846 3698 sicut
1888 3653 2110 3714 granum

552 3731 788 3799 sinapis.
821 3732 1017 3801 Ἐχητε
1052 3749 1150 3801 pro
1177 3732 1360 3785 futuro
1399 3734 1682 3787 habueritis
1722 3733 1972 3787 sumitur.

629 3819 819 3875 Matth.
846 3822 936 3886 26,
965 3823 1048 3874 ll.
1078 3822 1348 3890 Pauperes
1369 3823 1512 3876 enim
1545 3838 1758 3890 semper
1787 3824 1998 3877 halietis
2023 3840 2116 3878 v0-

557 3910 788 3975 biscum,
827 3927 913 3965 me
939 3927 1065 3964 vero
1087 3927 1191 3965 non
1227 3927 1439 3981 semper
1479 3912 1752 3981 (habetis).
1783 3911 1893 3966 Hoc
1915 3915 1965 3966 in
1993 3915 2111 3967 loco

561 4017 797 4070 praesens
822 4004 970 4070 ἔχετε
991 4004 1285 4072 profuturo
1305 4005 1556 4056 habebitis
1583 4007 1810 4072 capitur.
1833 4005 1898 4058 Et
1921 4007 2112 4059 eodem

565 4094 727 4148 modo
765 4094 920 4148 Joan.
950 4095 1037 4159 l2,
1068 4096 1121 4148 8.

637 4185 827 4238 Matth.
881 4186 972 4247 28,
1007 4188 1059 4240 7.
1113 4186 1255 4240 Ecce
1316 4186 1613 4256 (praecedit)
1642 4202 1737 4240 vos
1760 4188 1811 4240 in
1847 4187 2120 4243 Galileam

567 4275 792 4344 προάγει
845 4289 942 4343 pro
989 4275 1166 4328 futuro
1221 4278 1472 4343 praecedet
1517 4279 1804 4346 accipitur.
1859 4277 2122 4335 Similiter

564 4366 727 4418 etiam
759 4365 923 4419 habet
949 4365 1160 4419 Marcus
1193 4367 1278 4431 lb',
1313 4367 1361 4417 7.

636 4454 799 4510 Marc.
839 4457 894 4519 5,
921 4455 1010 4511 29.
1041 4457 1356 4524 Quicunque
1388 4458 1834 4526 blasphemaverit
1862 4463 2122 4519 adversus

567 4546 830 4615 Spiritum
888 4557 1156 4607 sanctum,
1209 4554 1338 4616 (non
1419 4549 1596 4616 habet.)
1647 4551 2016 4606 remissionem
2066 4552 2120 4611 in

567 4646 850 4700 aeternum,
880 4637 973 4689 sed
1014 4653 1139 4690 rcus
1168 4643 1294 4704 (est)
1334 4639 1519 4691 aiterui
1557 4640 1767 4706 judicii.
1821 4643 1972 4711 Ἔχει
2023 4660 2126 4713 pro

567 4725 768 4779 habebit
809 4727 1088 4796 accipitur,
1123 4738 1176 4781 et
1210 4729 1358 4780 ἐστὶν
1410 4745 1508 4798 pro
1535 4732 1651 4783 erit.

639 4837 807 4893 Marc.
842 4840 894 4903 9,
928 4840 1011 4894 12.
1042 4840 1184 4894 Elias
1226 4856 1346 4896 cum
1416 4842 1563 4912 prius
1594 4845 1807 4900 venerit
1839 4847 2124 4916 (restituit)

571 4929 773 4984 Omnia.
836 4929 948 4984 lloc
977 4931 1028 4984 in
1095 4931 1212 4984 loco
1263 4932 1601 5000 ἀποκαθιατᾷ
1636 4936 1857 4989 verbum
1892 4952 2126 5006 praesens

574 5023 807 5076 sumitur
841 5023 1150 5090 profuturo
1187 5025 1442 5076 restituet.
1463 5024 1603 5095 Cap.
1633 5028 1686 5091 9,
1711 5029 1799 5082 5|.
1833 5027 2002 5084 Filius
2028 5029 2128 5083 ho-

573 5113 736 5167 minis
766 5115 1038 5183 (traditur)
1068 5116 1121 5168 in
1150 5130 1344 5169 manus
1397 5117 1696 5172 hominum.
1735 5119 1997 5177 Similiter
2027 5123 2129 5180 hoc

574 5203 628 5256 in
670 5205 788 5258 loco
835 5207 1187 5275 παραδίδοται
1220 5210 1438 5263 verbum
1477 5226 1716 5280 praesens
1749 5215 2005 5282 accipitur
2031 5229 2129 5284 pro

573 5294 758 5350 futuro
789 5300 1048 5353 tradetur.

2196 1503 2306 1548 stra
2349 1494 2592 1560 Ἀφίιται
2620 1508 2718 1560 pro
2746 1493 2928 1548 futuro
2968 1494 3305 1563 relinquetur.

2263 1582 2417 1637 Joan.
2439 1583 2491 1646 6,
2512 1582 2602 1635 28.
2622 1581 2762 1646 Quid
2787 1581 3059 1654 (facimus)
3078 1595 3135 1636 ut
3155 1596 3445 1652 Operemur
3461 1598 3626 1654 opera
3654 1585 3770 1640 Dei

2196 1669 2456 1738 ποιοῦμεν
2486 1683 2585 1738 pro
2635 1668 2912 1737 faciemus.

2265 1759 2423 1815 Joan.
2459 1761 2512 1826 7,
2551 1759 2642 1812 27.
2697 1759 2952 1816 Christus
2997 1776 3123 1816 cum
3186 1761 3418 1829 venerit,
3459 1779 3620 1819 nemo
3668 1781 3788 1820 co-

2197 1851 2408 1922 gnoscit
2447 1851 2591 1904 unde
2615 1852 2724 1921 (sit)
2755 1855 2870 1904 ἐστὶ
2903 1866 3000 1921 pro
3034 1853 3218 1906 futuro
3235 1855 3355 1906 erit.

2266 1942 2403 1998 Joan
2461 1942 2512 2004 7,
2546 1942 2635 1996 55.
2668 1943 2758 1997 54.
2791 1940 2939 1998 Vado
2996 1944 3061 1998 ad
3093 1959 3218 1998 eum
3279 1945 3370 2012 qui
3427 1945 3574 1999 misit
3627 1961 3719 2000 me
3765 1963 3783 1999 :

2197 2034 2448 2103 quaeretis
2495 2048 2582 2088 me
2619 2042 2672 2087 et
2723 2049 2833 2089 non
2875 2035 3204 2090 invenietis:
3239 2045 3290 2089 et
3341 2035 3429 2091 ubi
3452 2051 3552 2108 ego
3602 2043 3784 2108 (sunt)

2198 2140 2265 2178 eo
2298 2140 2393 2178 vos
2426 2139 2537 2178 non
2595 2127 2870 2196 (potestis)
2922 2126 3130 2180 venire.
3185 2126 3314 2198 Εἰμι
3366 2143 3466 2197 pro
3514 2144 3600 2181 ero
3655 2146 3668 2180 :
3717 2139 3785 2182 et

2197 2218 2426 2273 δύνασθε
2457 2233 2555 2288 pro
2585 2220 2770 2272 futuro
2799 2219 3037 2289 poteritis
3065 2219 3427 2288 accipiuntur.

2271 2310 2429 2364 Joan.
2464 2311 2518 2373 8,
2568 2311 2656 2364 5|.
2690 2311 2746 2364 Si
2771 2326 2866 2364 vos
2901 2310 3214 2364 manseritis
3244 2311 3299 2363 in
3333 2324 3586 2364 sermone
3615 2325 3781 2375 meo,

2204 2401 2316 2454 veri
2349 2401 2599 2470 discipuli
2635 2401 2741 2454 mei
2783 2401 2929 2469 (esti)
2981 2403 3104 2453 ἐστέ
3136 2417 3234 2470 pro
3265 2403 3411 2455 eritis
3442 2401 3704 2456 sumitur.

2271 2489 2428 2543 Joan.
2458 2492 2512 2553 8,
2537 2491 2624 2543 46.
2649 2490 2750 2554 Qui
2771 2505 2838 2543 ex
2867 2491 3023 2545 vobis
3049 2493 3267 2562 (arguit)
3298 2508 3383 2548 me
3409 2493 3475 2548 de
3501 2501 3740 2561 peccato
3765 2489 3793 2544 2

2204 2581 2414 2648 ἐλέγχει
2439 2596 2534 2648 pro
2575 2593 2755 2648 arguet
2785 2582 3068 2650 accipitur.

2273 2669 2430 2724 Joan.
2464 2673 2548 2734 15,
2581 2672 2634 2724 8.
2668 2671 2721 2724 Si
2754 2687 2862 2726 non
2887 2673 3071 2726 lavero
3087 2683 3159 2736 te,
3189 2689 3297 2726 non
3327 2674 3538 2744 (habes)
3566 2685 3791 2744 partem

2139 2773 2182 2828 Β
2211 2774 2445 2814 mecum.
2477 2761 2656 2830 Ἔχεις
2685 2761 2840 2814 habes
2875 2778 2972 2831 pro
3002 2762 3232 2816 habebis.

2281 2850 2436 2904 Joan.
2470 2851 2558 2914 N,
2590 2851 2676 2906 17.
2706 2849 2813 2905 Vos
2844 2863 3027 2907 autem
3059 2855 3427 2924 (cognoscitis)
3459 2871 3607 2918 eum,
3641 2858 3783 2927 quia

2210 2945 2351 3012 apud
2378 2957 2473 2997 vos
2531 2943 2781 3013 (manet.)
2823 2945 3126 2997 Γινώσκετε
3176 2961 3273 3015 pro
3301 2950 3616 3016 cognoscetis
3654 2965 3669 3001 :
3729 2959 3794 3004 et

2215 3033 2363 3103 μένει
2398 3050 2493 3103 pro
2521 3037 2766 3090 manebit.
2799 3036 2985 3090 Ethoc
3008 3037 3150 3090 sicut
3175 3048 3231 3090 et
3263 3040 3366 3090 alia
3388 3042 3790 3108 propemodum

2212 3127 2414 3191 omnia,
2435 3126 2626 3180 littera:
2648 3127 2818 3180 series
2847 3127 2962 3198 ipsa
2985 3127 3246 3182 declarat.

2281 3215 2436 3270 Joan.
2477 3218 2563 3278 14,
2596 3217 2680 3271 19.
2711 3218 2903 3272 Adhuc
2933 3220 3232 3283 modicum,
3275 3232 3328 3274 et
3369 3223 3606 3276 mundus
3670 3225 3792 3292 jam

2216 3324 2302 3362 me
2356 3323 2464 3361 non
2516 3308 2766 3377 (videbit)
2837 3325 2934 3364 vos
2969 3320 3152 3364 autem
3204 3311 3452 3383 (videbit)
3511 3329 3618 3368 me.
3686 3317 3795 3369 Hic

2216 3414 2343 3452 sane
2375 3413 2683 3468 quanquam
2738 3399 2815 3468 (a)
2848 3411 3038 3455 auctor
3068 3404 3286 3472 quidam
3322 3420 3431 3458 non
3480 3405 3633 3474 parvi
3681 3421 3793 3460 no-

2214 3492 2377 3544 minis
2424 3492 2573 3545 dicat
2631 3491 2827 3561 Θεωρεῖ
2873 3505 2927 3548 et
2997 3495 3253 3566 θεωρεῖτε
3318 3498 3605 3562 prasentis
3659 3512 3795 3552 esse

2217 3584 2476 3652 temporis
2507 3601 2520 3636 :
2549 3593 2677 3639 sunt
2704 3593 2884 3640 tamen
2929 3585 3091 3640 etiam
3124 3587 3278 3657 juxta
3304 3603 3544 3643 canones
3576 3587 3792 3644 Graaca

2216 3675 2593 3742 grammatices
2614 3675 2791 3729 futura
2821 3677 3078 3731 secunda.
3104 3677 3385 3743 Similiter,
3419 3693 3539 3747 cap.
3576 3679 3666 3744 15,
3685 3681 3786 3741 26,

2217 3765 2307 3827 27,
2359 3780 2484 3818 cum
2519 3765 2759 3822 dicitur:
2792 3765 2888 3820 llle
2935 3769 3305 3820 testimonium
3343 3771 3656 3837 perhibebit
3720 3771 3793 3825 de

2219 3868 2326 3915 me,
2367 3863 2421 3906 et
2485 3869 2583 3907 vos
2612 3857 2799 3922 (testes
2831 3857 3033 3924 eritis.)
3066 3857 3238 3910 Etiam
3275 3858 3351 3912 ait
3409 3860 3551 3913 idem
3599 3872 3802 3916 auctor

2219 3950 2552 4014 μαρτυρεῖτε
2580 3962 2820 4016 praesens
2841 3964 2962 4003 esse
3015 3949 3323 4016 indicantis,
3380 3961 3435 4004 ut
3469 3953 3742 4021 signiﬁcet
3775 3971 3791 4008 :

2221 4038 2416 4091 Testes
2448 4039 2600 4101 estis,
2637 4049 2730 4093 aut
2762 4049 2938 4103 estote,
2973 4042 3430 4110 quemadmodum
3466 4043 3631 4096 etiam
3686 4044 3798 4099 hoc

2143 4096 2190 4158 δ
2223 4130 2342 4183 loco
2373 4132 2552 4183 vertit.
2585 4131 3029 4200 Attamenlmulto
3053 4132 3392 4186 commodius
3416 4133 3628 4186 dicetur
3667 4148 3796 4188 esse

2222 4219 2467 4274 futurum
2496 4221 2796 4274 secundum
2823 4239 2837 4274 :
2863 4222 3167 4290 praesertim
3195 4237 3316 4276 cum
3340 4224 3459 4278 Act.
3492 4238 3613 4293 cap.
3647 4226 3698 4287 l,
3735 4227 3794 4287 8.

2215 4312 2409 4365 eadem
2443 4312 2614 4367 ferme
2644 4315 2805 4367 verba
2855 4314 3098 4368 referens
3131 4314 3325 4375 Lucas,
3381 4316 3524 4370 dicat
3565 4333 3579 4370 :
3632 4316 3799 4372 Acci-

2223 4401 2380 4468 pietis
2409 4402 2660 4456 virtutem
2695 4406 3115 4472 superveniente
3138 4405 3344 4475 Spiritu
3378 4415 3564 4462 sancto
3592 4407 3646 4460 in
3694 4422 3798 4463 vos

2223 4502 2278 4546 et
2310 4494 2460 4548 eritis
2493 4495 2624 4548 mihi
2659 4506 2846 4549 testes.
2884 4496 2984 4550 Ubi
3016 4507 3202 4565 aperte
3230 4513 3326 4567 per
3357 4499 3599 4552 futurum
3627 4501 3797 4556 habet

2223 4582 2406 4637 Cra-ca
2435 4584 2614 4637 littera
2646 4585 2857 4648 ἔσεσθε,
2888 4586 3031 4641 facta
3063 4590 3225 4641 etiam
3270 4589 3503 4659 primum
3531 4605 3768 4658 superve

2224 4674 2425 4729 nientis
2462 4675 2698 4744 Spiritus
2749 4678 2921 4731 sani-ti
2965 4680 3263 4744 mentione,
3299 4680 3627 4734 sicntetiam
3685 4682 3793 4740 hoc

2223 4763 2366 4818 loco.
2436 4761 2703 4818 Praeterea
2743 4779 2867 4818 cum
2893 4767 3085 4820 eodem
3123 4769 3297 4834 capite
3329 4767 3417 4833 16,
3448 4769 3513 4822 10
3545 4769 3792 4824 dicitur:

2225 4855 2306 4908 Ad
2359 4865 2567 4924 patrem
2611 4855 2766 4920 vado,
2796 4867 2856 4910 et
2915 4859 3138 4926 posthac
3167 4873 3274 4910 non
3319 4858 3619 4927 (videbitis)
3678 4876 3794 4915 me.

2228 4947 2294 5000 Et
2333 4958 2454 5015 post
2489 4963 2654 5014 pauca
2698 4962 2840 5001 vers.
2877 4948 2941 5001 16
2996 4966 3008 5002 :
3040 4948 3239 5004 Pusillo
3289 4959 3533 5018 tempore
3582 4961 3639 5005 et
3678 4968 3792 5006 non

2229 5036 2520 5106 (videbitis)
2559 5053 2662 5092 me.
2718 5041 2922 5093 Asserit
2976 5040 3116 5094 idem
3176 5041 3247 5111 (ὁ)
3308 5052 3535 5110 utroque
3593 5044 3796 5101 horum

2228 5127 2470 5181 locorqu
2523 5130 2903 5198 evangelistam
2967 5131 3200 5185 abusum
3229 5141 3473 5202 tempore
3535 5137 3794 5202 praesenti

2229 5235 2326 5288 pro
2371 5219 2579 5274 futuro.
2628 5221 2737 5276 Nos
2794 5234 2975 5276 autem
3026 5223 3332 5291 Opinamur,
3368 5226 3511 5292 quod
3571 5229 3798 5296 proprie

2231 5313 2469 5365 futurum
2488 5316 2784 5366 secundum
2820 5315 3082 5383 posuerit.
3136 5315 3286 5380 Quod
3323 5318 3449 5370 inde
3500 5317 3660 5370 facile
3710 5328 3798 5373 est

645 5385 812 5442 ﬂare.
847 5389 933 5452 11,
959 5390 1048 5443 24.
1082 5389 1426 5462 Quaecunque
1444 5406 1662 5448 orantes
1687 5393 1890 5463 petitis,
1921 5395 2125 5449 credite
2159 5434 2201 5487 ο
2231 5403 2504 5472 colligere,
2559 5404 2700 5472 quod
2756 5405 2940 5457 statim
2997 5418 3252 5474 sequatur
3295 5409 3538 5459 futurum
3599 5407 3801 5477 ὅψεςθι

575 5480 718 5547 quod
772 5480 1054 5550 (accipitis)
1104 5491 1159 5537 et
1200 5494 1360 5538 erunt
1410 5484 1587 5539 vobis.
1647 5487 1965 5556 Λαμὸἀνετε
2027 5501 2126 5556 pro

577 5567 865 5636 accipietis.

2234 5491 2511 5549 videbitis.
2568 5494 2813 5548 Seiemus
2861 5503 3039 5548 tamen
3090 5498 3353 5566 quosdam
3411 5503 3799 5566 grammaticos

2234 5583 2416 5637 futura
2471 5585 2708 5639 secunda
2760 5601 2790 5638 a
2819 5587 3001 5640 verbis
3020 5587 3384 5643 cit‘cuintlexis
3416 5589 3468 5642 iu
3489 5597 3664 5645 totum
3693 5609 3796 5648 auo

755 5702 1218 5796 Eihucetpaulo
1260 5723 1381 5782 post
1405 5715 1615 5771 videtur
1665 5715 1959 5784 intelligere
1993 5716 2295 5787 Erasmum,
2322 5735 2481 5790 quem
2513 5723 2632 5780 vide
2665 5724 2718 5778 in
2745 5724 3188 5796 interpretatione
3221 5732 3277 5780 et
3308 5725 3360 5780 in
3389 5725 3548 5784 notis.

652 5774 724 5842 (ii)
752 5773 1002 5833 Erasmus
1034 5773 1085 5833 iii
1113 5773 1276 5837 notis.
