4018 6398
605 292 674 351 ἱι3
2047 288 2455 351 ramulo.
3795 275 3858 337 85

676 404 758 456 Η.
792 405 914 457 Ὅτι
940 403 1108 466 oliuo;
1146 403 1421 460 οὐδέποτε.

673 475 759 528 Η.
792 475 942 527 Λευῒ.
972 490 1024 528 a.

669 587 872 642 Scriba:
930 587 1123 652 infimi,
1181 598 1238 642 ut
1267 588 1330 642 ad
1397 588 1543 642 hunc
1595 588 1774 643 locum
1816 587 1870 640 in
1934 588 2174 642 editione

599 677 735 732 Novi
773 678 1103 733 Testamenti
1130 679 1246 747 jam
1276 679 1488 742 notavi,
1525 677 1672 733 hunc
1705 680 1881 733 locum
1914 693 2175 747 corrupe-

603 778 729 822 runt
749 786 808 822 ex
829 769 1068 822 scholiis.
1089 767 1409 823 Scholiastis
1423 779 1602 824 autem
1617 771 1873 839 imposuit
1890 768 2173 839 Origenes.

602 859 652 912 ls
679 876 804 928 ergo
831 868 1018 912 contra
1039 859 1255 914 Celsum
1310 871 1443 915 tom.
1473 861 1512 924 l,
1555 877 1607 930 p.
1644 861 1747 916 576
1776 861 1834 926 D,
1862 862 1932 914 ita
1951 860 2172 914 scribit:

603 949 785 1001 'Eztw
834 950 888 1001 δὲ
937 951 1030 1002 καὶ
1072 954 1099 1004 6
1156 951 1322 1021 λέϐης
1375 953 1611 1021 τελώνης
1667 951 2042 1022 ἀκολουθήσας
2098 952 2174 1021 τῷ

612 1040 810 1109 Ἰησοῦε
838 1042 966 1094 ἀλλ’
1011 1041 1128 1095 οὔτε
1163 1061 1224 1110 γε
1259 1043 1353 1096 τοῦ
1411 1044 1646 1114 ἀριθμοῦ
1711 1045 1816 1097 τῶν
1858 1044 2174 1096 ἀποστόλων

601 1133 768 1185 αὑτοῦ
809 1131 896 1202 ἦν,
949 1137 995 1187 ει
1025 1135 1100 1204 μὴ
1147 1136 1288 1190 κατὰ
1329 1155 1447 1189 τινα
1507 1138 1615 1190 τῶν
1677 1137 2030 1204 ἀντιγράφων
2083 1136 2176 1188 τοῦ

600 1228 740 1278 κατὰ
778 1227 1006 1295 Μάρκον
1055 1228 1412 1295 Εὑαγγελίου.
1473 1230 1570 1284 llic
1617 1230 1796 1299 primo
1853 1229 2173 1290 notandum,

599 1317 762 1386 λέϐης
836 1319 960 1387 poni
1020 1334 1117 1387 pro
1181 1323 1349 1384 λευῖς.
1406 1319 1537 1373 Nam
1615 1321 1681 1374 de
1755 1321 2011 1382 λεϐὃπιίος
2078 1338 2174 1374 seu

596 1403 808 1467 λεϐαἰος
880 1408 1050 1476 accipi
1113 1409 1320 1478 nequit.
1410 1409 1674 1465 Lebbteus
1754 1413 1900 1465 enim
1982 1412 2174 1465 nullibi

595 1495 834 1566 τελώνης
887 1501 1212 1569 appellatur,
1283 1507 1376 1556 sed
1405 1502 1556 1556 Levi.
1593 1501 1709 1558 Jam
1747 1504 1872 1572 quia
1910 1502 2176 1574 Origenes

597 1589 829 1652 dixerat,
864 1596 1004 1646 κατά
1034 1610 1157 1646 τινα
1195 1595 1302 1646 τῶν
1339 1595 1690 1662 ἀντιγράφων
1727 1595 1818 1648 τοῦ
1849 1598 1992 1649 κατὰ
2019 1597 2170 1664 Map-

597 1697 692 1733 κον
753 1681 1109 1749 Εὖαγγελίου,
1165 1684 1583 1752 interpolatores
1643 1686 1770 1738 inde
1823 1687 2171 1754 colligebant,

595 1774 792 1827 alicubi
830 1775 882 1827 in
913 1773 1204 1844 Evangelia
1237 1774 1398 1828 Marci
1435 1791 1533 1844 pro
1571 1777 1702 1828 Levi
1730 1777 1890 1828 aliter
1949 1776 2078 1844 legi,
2108 1794 2169 1830 ac

595 1867 700 1920 nisi
729 1867 797 1920 ita
852 1867 1009 1921 aliter
1042 1868 1338 1936 legeretur,
1385 1867 1542 1921 aliter
1591 1867 1975 1938 corrigendum
2031 1885 2172 1923 esse.

595 1955 774 2011 Locus
803 1955 1052 2027 Origenis
1083 1968 1264 2013 autem
1318 1958 1534 2014 duobus
1583 1959 1744 2013 Marci
1793 1961 1925 2014 locis
1962 1977 2176 2015 accom-

597 2049 807 2103 modari
841 2058 1036 2118 potest.
1072 2049 1206 2103 Nam
1234 2059 1454 2119 propter
1500 2050 1668 2119 λέϐης
1699 2052 1726 2103 6
1753 2051 1993 2120 τελώνης
2050 2053 2177 2104 ἀκο-

595 2139 866 2206 ὶουϋῆσας
903 2140 1092 2193 referri
1149 2149 1330 2210 potest
1391 2141 1456 2196 ad
1490 2141 1654 2195 Mare.
1689 2158 1750 2206 ll,
1801 2143 1885 2196 H.
1942 2145 2176 2212 Propter

596 2227 838 2281 additum
876 2239 1080 2291 autem,
1114 2230 1208 2282 τοῦ
1236 2230 1472 2301 ἀριθμοῦ
1508 2231 1615 2283 τῶν
1659 2231 1998 2295 ἀποστόλων,
2033 2233 2173 2286 trahi

595 2335 813 2389 quoque
845 2321 1016 2389 possit
1047 2321 1111 2373 ad
1143 2320 1308 2375 Marc.
1348 2337 1429 2384 Ill,
1471 2319 1658 2386 t6—l8,
1703 2322 1792 2376 ubi
1823 2333 1906 2376 est
1961 2331 2178 2389 aposto-

594 2413 769 2464 lorum
794 2413 1081 2481 catalogus.
1118 2413 1404 2468 Probabile
1431 2414 1720 2467 videbatur
1752 2415 2168 2483 interpolatori-

596 2507 717 2562 bus.
745 2506 1035 2576 Origenem
1062 2507 1302 2561 locutum
1339 2522 1460 2560 esse
1519 2507 1585 2560 de
1615 2508 1783 2576 priori
1839 2507 1978 2561 loco.
2037 2508 2174 2560 Cum

595 2603 774 2646 aut-an
812 2594 899 2647 hic
931 2594 1220 2663 legeretur,
1249 2595 1341 2646 τὸν
1375 2594 1467 2646 τοῦ
1509 2595 1788 2662 Ἁλφαίου,
1825 2594 1964 2648 infra
1994 2605 2176 2650 autem

597 2700 695 2751 cap
753 2700 829 2739 ιιι.
865 2685 950 2747 18,
971 2685 1110 2738 idem
1145 2685 1384 2738 additum
1419 2685 1922 2754 reperirentJacobi
1949 2689 2176 2754 nomini,

599 2791 697 2842 pr.)
743 2774 867 2828 Levi
901 2775 1241 2842 corrigehant
1272 2775 1555 2829 Jacobum.
1591 2775 1728 2829 Nolo
1757 2777 1846 2830 hic
1879 2778 2176 2847 inquirere,

597 2882 756 2934 qnam
783 2867 938 2920 fidem
966 2879 1206 2920 mercatu
1269 2867 1546 2938 Origenes.
1575 2885 1696 2921 cum
1730 2870 2035 2939 dvrlypzed
2059 2889 2179 2924 τινα

598 2966 885 3009 memorat.
919 2954 1049 3009 lllud
1093 2968 1301 3012 tantum
1334 2974 1548 3022 moueo,
1586 2975 1734 3020 eum,
1756 2960 1799 3014 si
1832 2962 2066 3029 primum
2098 2963 2179 3015 lor

2207 403 2523 473 Alaqueos,
2586 420 2656 470 v,
2712 405 2802 467 27,
2854 402 2944 470 28,
2985 411 3149 471 atque
3206 400 3306 470 ipsi
3359 396 3515 454 inviti
3570 394 3857 463 Origenem

2283 498 2366 551 vel
2425 495 2794 567 negligentim,
2852 497 2932 549 vel
3000 495 3208 549 fraudis
3273 493 3502 547 crimine
3571 489 3851 542 irretiunt.

2283 588 2411 641 Tale
2458 599 2539 643 est
2595 588 2964 641 mendacium.
3006 587 3190 655 ipsum
3247 602 3303 638 se
3358 583 3559 654 prodit.
3615 578 3859 648 Origenis

2281 680 2699 742 animadversio,
2756 689 2815 733 ut
2847 680 3101 740 arbitror,
3160 686 3372 731 tantum
3405 691 3469 729 eo
3532 670 3858 743 pertinebat.

2280 789 2350 827 ne
2378 773 2500 841 quis
2515 779 2731 842 putaret
2753 771 2921 824 Levin
2955 771 3244 838 quemdam
3267 768 3434 822 fuisse
3462 763 3857 836 apostolorum.

2283 863 2338 917 ld
2372 872 2554 918 autem
2608 863 2865 926 efficitur,
2897 861 2939 917 si
2977 861 3137 915 Levis
3169 861 3311 930 apud
3349 859 3513 913 Mare.
3573 873 3634 920 tt,
3691 855 3776 912 H.
3813 865 3863 908 et

2284 955 2414 1011 Luc.
2452 975 2481 1008 v
2504 998 2517 1020 ,
2541 958 2631 1019 Ἦ,
2659 973 2756 1026 pro
2795 957 3006 1010 diversa
3037 970 3266 1022 persona
3302 951 3592 1008 habeatur.
3629 965 3740 1003 non
3767 962 3864 1017 pro

2285 1049 2534 1103 Mattlneo
2567 1048 2752 1102 Matth.
2789 1065 2861 1114 is,
2890 1049 2942 1102 9.
3033 1047 3125 1099 Ἐκ
3165 1045 3485 1114 περιουσίας
3523 1043 3690 1113 igitur
3745 1039 3865 1094 Ori-

2281 1153 2470 1208 genes,
2527 1139 2816 1191 immemor
2889 1137 3068 1200 Luczr,
3123 1151 3220 1205 pro
3277 1145 3545 1204 tempore,
3607 1140 3862 1199 tanquam

2282 1239 2658 1301 argumentum
2709 1230 2987 1283 addebat:
3067 1229 3225 1279 Κιτά
3281 1245 3400 1280 τινα
3443 1226 3553 1277 τῶν
3603 1221 3864 1290 ἀντετρά-

2283 1340 2420 1390 φων.

2351 1413 2489 1479 Ουίά
2525 1424 2705 1469 autem
2743 1414 2994 1478 edicitur,
3041 1414 3084 1468 si
3120 1413 3206 1466 hic
3250 1409 3412 1464 Mare.
3476 1425 3546 1466 ιι,
3603 1406 3694 1465 ﬂ.
3745 1419 3863 1456 cum

2283 1505 2402 1560 istis
2463 1506 2806 1575 interpolatis
2863 1507 3147 1560 codicibus
3204 1505 3321 1558 loco
3401 1500 3566 1554 Λευτν
3655 1500 3870 1568 legatur

2293 1597 2585 1658 Ἰἀκωὸονς
2621 1596 2828 1650 scilicet
2865 1607 2993 1650 tunc
3040 1607 3152 1650 tres
3199 1595 3487 1664 portitores
3543 1591 3614 1659 (ι)
3665 1606 3730 1643 ac
3765 1599 3870 1642 tres

2284 1687 2424 1740 filios
2461 1688 2665 1756 Alplnei
2696 1687 3043 1742 habebimus.
3078 1685 3314 1741 Necesse
3345 1701 3476 1755 ergo
3509 1684 3637 1745 erit,
3672 1691 3731 1734 ut
3779 1690 3870 1732 aut

2285 1782 2351 1834 de
2391 1781 2563 1834 tribus
2611 1783 2860 1848 personis
2911 1790 3024 1835 tres
3080 1779 3426 1849 evangelista:
3469 1776 3734 1835 dixerint,
3777 1781 3870 1825 aut

2283 1873 2521 1928 Jacobus
2552 1882 2605 1926 et
2655 1873 2809 1938 Levi,
2841 1884 2935 1927 aut
2969 1873 3095 1926 Levi
3144 1882 3199 1926 et
3249 1870 3537 1926 Mattltzeus
3590 1882 3692 1936 pro
3766 1880 3868 1918 una

2288 1980 2517 2034 persona
2569 1964 2894 2018 habeantur.
2933 1963 2987 2015 In
3017 1961 3264 2016 eamdem
3310 1974 3436 2027 ergo
3486 1955 3871 2012 difficultatem

2288 2057 2640 2111 revolvimur.
2675 2056 2865 2110 Adhuc
2895 2056 3039 2110 enim
3071 2063 3281 2107 tantum
3315 2052 3716 2116 iuterrogatutn
3770 2053 3874 2105 est,

2287 2161 2470 2204 utrum
2506 2150 2792 2204 Matthazus
2825 2159 2881 2203 et
2915 2147 3074 2202 Levis
3128 2147 3197 2200 sit
3240 2143 3430 2198 eadem
3489 2155 3758 2212 persona,
3809 2154 3874 2191 au

2286 2244 2454 2299 dum?
2507 2241 2661 2297 Nunc
2701 2243 2865 2296 etiam
2902 2239 3283 2310 quaerendum,
3318 2245 3502 2290 utrum
3533 2233 3780 2288 Jacobus
3824 2239 3878 2283 et

2286 2335 2417 2389 Levi
2451 2352 2556 2388 una
2597 2350 2664 2387 an
2712 2335 2835 2388 dua:
2885 2334 2995 2388 siut
3023 2347 3292 2401 persona.
3327 2329 3431 2384 Sed
3489 2327 3618 2380 Levi
3649 2340 3720 2378 ex
3780 2325 3877 2378 de-

2286 2436 2436 2482 creto
2468 2427 2719 2496 Origenis
2753 2440 2863 2478 non
2892 2424 2990 2478 fuit
3025 2422 3324 2492 apostolus.
3360 2421 3466 2474 Aut
3495 2431 3623 2486 ergo
3655 2431 3757 2470 nec
3789 2414 3878 2468 Ja-

2287 2521 2460 2574 cobus
2493 2520 2590 2572 fuit
2620 2518 2925 2588 aposmlus,
2960 2527 3050 2570 aut
3085 2526 3193 2569 tres
3221 2515 3471 2570 feruntur
3497 2511 3795 2580 portitores
3828 2507 3879 2560 in

2290 2613 2617 2678 Evangeliis,
2637 2626 2829 2666 omnes
2849 2609 2940 2664 filii
2969 2608 3198 2678 Alphzei.
3223 2606 3329 2660 Sed
3353 2605 3638 2672 Origenes,
3663 2611 3723 2654 ut
3753 2617 3881 2654 cen-

2290 2714 2401 2757 tum
2431 2705 2562 2757 locis
2590 2703 2730 2762 aliis,
2767 2703 2836 2754 ita
2865 2701 2953 2754 hic
2973 2714 3188 2768 quoque
3219 2695 3506 2750 infatuavit
3529 2692 3881 2755 scholiastas,

2287 2810 2520 2864 quorum
2551 2794 2715 2846 etiam
2743 2792 2809 2846 ad
2845 2797 2990 2845 hunc
3019 2791 3195 2843 locum
3235 2787 3430 2846 verba,
3456 2785 3600 2853 quod
3630 2784 3885 2836 diverso-

2291 2903 2408 2940 tuan
2468 2893 2752 2938 auctorum
2795 2880 3277 2951 interpretationes
3324 2879 3754 2944 conjunxcrunt.
3809 2871 3880 2922 ita

2290 2975 2522 3029 obseura
2552 2983 2714 3041 atque
2745 2971 2887 3025 inter
2927 2986 2986 3024 se
3031 2967 3388 3037 repugnantia
3421 2973 3568 3026 sunt,
3616 2971 3675 3015 ut
3716 2976 3884 3014 nemo

597 3064 719 3102 cum
757 3051 1014 3116 respexit,
1071 3067 1259 3118 parum
1317 3059 1585 3104 attentum
1642 3052 1830 3106 fuisse.
1872 3051 1981 3106 Nec
2031 3055 2176 3107 enim

2298 3063 2634 3120 commodum
2673 3078 2866 3116 eruere
2896 3061 3062 3130 possit
3089 3075 3331 3114 sensum.
3374 3056 3588 3111 Scholia
3621 3053 3885 3123 leguntur

600 3141 816 3196 Marcus
860 3152 1066 3196 tantum
1099 3151 1300 3205 narrat,
1367 3143 1532 3196 Levin
1587 3145 1883 3200 accessisse
1939 3146 2179 3204 Christo.

601 3235 696 3286 sed
749 3234 925 3288 Lucas
977 3235 1083 3288 etia
1114 3256 1138 3280 ιι
1197 3251 1249 3300 v,
1280 3235 1350 3289 97
1398 3251 1551 3304 seqq.
1590 3237 1702 3288 fere
1739 3237 1932 3290 iisdem
1983 3241 2182 3301 verbis,

599 3327 799 3393 quibus
819 3326 1047 3380 Marcus.
1083 3327 1156 3380 Ad
1187 3330 1560 3382 excusandum
1585 3328 1872 3396 Origenem
1897 3347 2022 3397 ergo
2053 3331 2186 3385 nihil

603 3420 788 3471 all‘erri
825 3429 1027 3488 potest,
1059 3422 1184 3480 nisi,
1227 3423 1368 3489 quod
1409 3420 1644 3473 fortasse
1694 3420 2186 3488 desperatissimns

607 3511 869 3564 defensor
909 3513 1027 3580 ejus
1073 3512 1294 3575 dixerit,
1328 3514 1556 3569 scilicet.
1613 3513 1815 3566 Lucam
1858 3531 2076 3584 quoque
2135 3518 2186 3568 in

607 3605 762 3658 libris
795 3604 1047 3657 onmihns
1085 3619 1205 3672 cap.
1263 3622 1314 3666 ν,
1357 3624 1406 3656 v.
1441 3605 1532 3667 ‘27,
1568 3606 1658 3668 9.8,
1711 3608 1794 3660 his
1844 3618 2186 3676 corruptum,

605 3706 772 3762 atque
801 3696 870 3748 ibi
913 3696 1075 3750 etiam
1104 3696 1188 3749 bis
1250 3695 1505 3748 Ἰάκωϐον
1547 3697 2007 3764 interponendum
2044 3713 2184 3752 csse.

605 3788 763 3842 Prior
788 3804 914 3858 ergo
947 3787 1108 3842 Marri
1144 3788 1295 3842 focus
1327 3799 1548 3858 propter
1592 3791 1975 3843 auctoritatem
2029 3789 2187 3845 Luca:

606 3881 802 3951 corrigi
835 3884 1046 3951 nequit.
1086 3882 1381 3937 Videamus
1418 3884 1480 3935 de
1509 3885 1800 3951 posteriori
1840 3885 2002 3937 Marci
2040 3885 2181 3938 loco.

608 3972 707 4026 llic
738 3988 866 4027 vero
894 3974 1147 4027 facillime
1178 3976 1448 4042 rorrumpi
1478 3984 1706 4042 poterat,
1745 3978 1785 4028 si
1845 3976 2050 4028 scilicet
2108 3993 2188 4038 ιιι,

613 4069 696 4129 lii,
732 4083 828 4135 pro
877 4068 1155 4120 l'i'Iatz'Jaicv
1215 4078 1308 4120 aut
1365 4068 1620 4119 Ἰάκωϐον
1675 4068 1786 4137 [τὴν
1832 4067 1926 4120 τοῦ
1974 4067 2193 4134 'A‘Nsa'i-

607 4158 693 4229 ou]
753 4160 1084 4212 scriberetur
1119 4160 1299 4212 Λε-εῖν.
1345 4159 1452 4211 lloc
1484 4176 1592 4210 uno
1620 4161 1781 4212 modo
1815 4171 2068 4213 constare
2095 4176 2192 4229 po-

609 4259 751 4305 terat
779 4251 1027 4320 Origcuis
1065 4252 1486 4304 animadversio.
1542 4251 1636 4305 llic
1679 4262 1886 4312 autem,
1936 4253 2064 4305 dum
2103 4256 2188 4306 in-

609 4341 970 4410 terpolatores
1050 4351 1301 4394 metuunt
1358 4343 1735 4394 auctoritatem
1819 4342 2055 4396 Matth-ri
2125 4362 2179 4404 χ.

2289 3159 2340 3211 in
2373 3172 2488 3210 mea
2533 3154 2666 3210 Novi
2700 3153 3034 3209 Testamenti
3080 3151 3341 3205 editione.

2362 3314 2544 3369 v.16.
2586 3317 2746 3387 Πξνῃέ
2783 3331 2834 3369 a.

2365 3389 2448 3439 17.
2492 3387 2583 3446 Ei;
2619 3384 2913 3452 μετάνοιαν
2945 3384 3162 3436 absunt.

2368 3457 2450 3508 l7.
2489 3459 2595 3508 Καὶ
2621 3450 2884 3523 ’ἔρχονται
2909 3454 2972 3505 ad
3007 3450 3362 3523 νηστεῷουσιν
3394 3450 3615 3500 absunt.
3649 3460 3701 3497 a.

2367 3528 2448 3578 19.
2489 3520 2670 3577 Ὅσον
2691 3520 2880 3592 χρόνον
2907 3523 2971 3576 ad
3001 3521 3286 3592 νηστεῷειν
3311 3520 3530 3571 absunt.
3570 3531 3622 3568 a.

2363 3597 2448 3647 ‘23.
2503 3597 2588 3646 Ἑν
2619 3591 2735 3653 rei:
2764 3591 3029 3651 Σάϐϐασιῖ
3059 3595 3114 3643 ἐν
3148 3591 3321 3643 abest.
3359 3604 3409 3642 a.

2359 3666 2450 3717 26.
2483 3664 2588 3716 Τοῦ
2622 3661 2944 3731 ἀρχιερέως]
2974 3663 3068 3713 τοῦ
3098 3661 3376 3712 omittunt.

2363 3737 2453 3788 ‘27.
2490 3735 2597 3786 Καὶ
2631 3731 2842 3802 ἔλεγεν]
2874 3734 2968 3784 καὶ
2991 3733 3161 3802 λέγει,
3200 3747 3249 3802 a7.
3277 3771 3287 3780 .

2364 3807 2496 3873 Cap.
2531 3804 2620 3857 111.
2658 3794 2799 3856 ν.’·ι.
2830 3794 2912 3856 λι)
2937 3804 3028 3854 καὶ
3062 3794 3169 3854 ἀπὸ
3201 3794 3596 3868 Ἱεροσολύμων
3614 3796 3682 3850 ad
3725 3796 3892 3850 Ἰδουσ.

2302 3877 2465 3945 μαίας
2503 3875 2722 3945 absunt.
2749 3889 2797 3925 a.

2375 3947 2460 3999 12.
2503 3944 2742 4010 Φοινερδν
2771 3942 2934 4010 αὐτὸν
2971 3943 3264 4008 ποιήσωσι.

2375 4017 2460 4070 17.
2500 4013 2605 4064 Τοῦ
2647 4009 2927 4080 Ἰακώϐου]
2959 4011 3144 4063 αὐτοῦ.
3177 4027 3227 4064 a.

2368 4088 2458 4139 27.
2498 4085 2568 4134 0-3
2601 4082 2825 4134 δύναται
2861 4080 3063 4152 οὐδείς]
3089 4080 3263 4144 οὐδεὶς
3295 4081 3543 4134 δύναται.

2372 4154 2543 4208 Αὑτοῦ
2583 4155 2665 4205 δια
2675 4154 2880 4235 ρξτάση.

2373 4228 2462 4278 ‘28.
2505 4220 2786 4284 Ὀσαξᾶν.
2832 4220 2936 4274 Sed
2965 4221 3118 4284 ὅσαις
3139 4231 3224 4275 est
3261 4236 3414 4276 error
3445 4220 3711 4276 editionis
3750 4221 3896 4277 Gre-

2331 4314 2451 4353 ΟΓΙΙ.

2296 4319 2460 4421 8οὲὲί
2498 4363 2608 4417 Καὶ
2635 4365 2681 4414 οἱ
2710 4360 2929 4425 ἀδελφοί
2964 4379 3056 4412 σου
3093 4364 3186 4412 καὶ
3227 4364 3282 4413 al.
3313 4362 3538 4427 ἀδελφαί
3568 4379 3688 4416 σου.

609 4435 677 4498 5;
705 4431 817 4488 Luc
845 4473 857 4487 .
894 4422 968 4495 vt,
1007 4433 1105 4498 15;
1139 4441 1191 4486 et
1219 4433 1341 4489 Aet.
1372 4432 1413 4496 l,
1445 4435 1508 4486 15
1532 4471 1545 4494 ,
1605 4433 1854 4488 incidunt
1921 4435 1974 4488 in
2037 4437 2183 4491 Luca

2372 4433 2606 4506 Cap.lV.
2645 4431 2703 4486 V.
2727 4434 2782 4486 2.
2812 4422 2920 4484 Καὶ
2949 4431 3227 4483 ἐδίδασκεν
3259 4431 3325 4486 ad
3364 4422 3536 4484 ποὲἷλᾶ
3570 4432 3803 4487 absunt.
3837 4449 3894 4486 a.

683 4635 754 4704 (c)
790 4635 951 4700 Atqui
985 4634 1291 4688 scholiast-e
1327 4635 1391 4689 ad
1421 4635 1566 4688 hunc
1595 4632 1772 4687 locum
1801 4648 1868 4686 ne
1909 4633 2046 4686 duos
2081 4634 2195 4702 qui-

613 4706 739 4760 dem
775 4706 930 4758 nobis
968 4705 1274 4771 largiuntur
1307 4707 1621 4773 portitores.
1675 4704 1993 4773 Proppnnnt
2043 4705 2190 4757 enim

612 4779 974 4846 quiestionem
1011 4769 1148 4828 hanc
1175 4795 1185 4828 :
1231 4769 1376 4842 Ἑρεῑ
1406 4792 1510 4838 τις,
1543 4776 1626 4846 δτξ
1652 4769 1948 4846 ,δόθ’-ἦσαν
1971 4775 2032 4846 ἐξ
2087 4774 2194 4846 τῶν

613 4842 823 4899 δώδεκα.
858 4845 1107 4904 τελῶναι.
1143 4847 1421 4907 Matinio;
1459 4846 1552 4896 καὶ
1596 4842 1848 4906 Ἰάκωὸος
1880 4847 1907 4894 6
1936 4844 2028 4896 τοῦ
2072 4844 2192 4896 Ἀλο

616 4916 800 4984 quieo,
832 4917 965 4982 ὅπερ
1001 4917 1099 4967 οὑι
1129 4915 1297 4968 ἔστιν·
1335 4910 1415 4977 εἷς
1440 4915 1547 4983 γὰρ
1590 4916 1684 4965 καὶ
1715 4916 1741 4965 ὁ
1789 4913 1952 4984 αὑτός
2022 4915 2191 4966 ἐστιν.

620 4983 728 5040 Sed
759 4987 859 5039 hoe
899 5001 1120 5052 prorsus
1148 4987 1389 5042 stultum.
1412 4985 1518 5037 nisi
1560 5000 1658 5053 pro
1711 4983 1957 5044 Ἰἀκωῦος
1986 4985 2194 5036 scriba-

621 5068 712 5110 tur
761 5056 945 5116 Λευῖς,
974 5056 1027 5108 Si
1059 5057 1204 5110 cnim
1265 5056 1544 5108 Matthazus
1597 5064 1650 5106 et
1701 5053 1936 5106 Jaeobus
1987 5053 2195 5122 Alpha3i

618 5137 703 5181 est
738 5142 844 5178 una
880 5141 1130 5192 persona,
1162 5125 1316 5178 Levis
1351 5135 1528 5178 autem
1555 5125 1735 5178 nullus
1762 5125 1854 5176 fuit
1895 5125 2195 5190 apostolus,

624 5196 876 5249 undevim
911 5205 1118 5247 tantum
1152 5204 1512 5248 numerantur
1535 5195 1782 5262 apostoli.
1812 5192 1965 5246 llunc
1998 5194 2200 5246 scholi-

618 5276 751 5319 asta:
782 5268 954 5318 loi-nm
981 5266 1049 5317 ita
1071 5267 1230 5317 etiam
1256 5267 1424 5317 edidit
1445 5261 1779 5319 WetStenius
1813 5261 1954 5318 adh.
1983 5262 2016 5314 1.
2040 5263 2200 5316 sicuti

626 5347 1061 5401 uoseanatuor
1091 5335 1366 5389 -odicibus
1413 5334 1615 5402 Mosq-r.
1662 5331 2200 5397 PhotiusapualPos—

624 5423 803 5459 sinum
832 5407 895 5457 ad
924 5408 951 5457 h
1008 5407 1018 5457 l
1052 5447 1066 5469 ,
1096 5405 1368 5458 liberalior
1389 5415 1489 5458 est.
1538 5405 1680 5456 lluos
1709 5404 1852 5458 enim
1916 5403 2203 5467 portitores

629 5481 767 5528 inter
812 5478 1094 5529 duodecim
1137 5485 1401 5527 numerat.
1446 5477 1750 5527 \lattha-nm
1811 5482 1858 5524 et
1918 5469 2200 5526 Jacobum.

640 5546 793 5599 Unde
819 5559 996 5599 autem
1018 5562 1062 5594 et
1093 5548 1191 5598 hoc
1213 5546 1479 5596 innotuit?
1503 5549 1602 5596 Sed
1639 5555 1806 5596 totum
1828 5541 2118 5603 St'ilOilllill,
2149 5553 2204 5596 ut

627 5620 827 5667 editum
851 5627 928 5668 est
959 5634 986 5667 a
1015 5617 1300 5682 l’ossiuop.
1341 5616 1427 5670 50.
1467 5615 1760 5667 absurdum
1797 5622 1897 5664 cst.
1929 5611 1996 5682 (fit
2022 5623 2202 5665 autem

631 5687 715 5747 uie
743 5690 962 5740 untaino
985 5688 1047 5739 de
1069 5681 1262 5741 l’hotio
1290 5701 1558 5737 moneam.
1588 5685 1675 5737 Ille
1705 5684 1917 5736 uuidem
1962 5681 2203 5738 Plinius.

2299 4639 2389 4710 qui
2424 4635 2815 4710 Bibliothecam
2839 4633 3082 4710 scripsit,
3125 4635 3244 4710 fuit,
3294 4635 3395 4710 etsi
3433 4637 3634 4710 multos
3697 4637 3898 4694 habuit

2300 4704 2712 4769 obtrectatores,
2746 4704 2828 4758 vir
2867 4706 3255 4773 ecpiosissitnae
3285 4706 3566 4768 doctrinae.
3604 4708 3711 4759 Sed
3751 4711 3899 4763 alter

2303 4779 2550 4834 Photius.
2576 4775 2732 4843 cujus
2763 4777 2814 4828 in
2837 4775 3062 4828 Catenis
3102 4776 3416 4845 longissima
3467 4777 3799 4845 plerumque
3843 4790 3898 4833 et.

2304 4846 2641 4917 ineptissima
2663 4846 2915 4914 leguntur
2937 4846 3167 4917 scholia,
3191 4845 3273 4898 vel
3295 4846 3519 4917 omnino
3545 4846 3734 4898 nullus
3768 4849 3896 4912 fuit,

2303 4936 2366 4974 ac
2398 4915 2659 4969 mentitus
2699 4925 2782 4967 est
2825 4930 3024 4968 nomen
3059 4915 3260 4978 Photii,
3299 4917 3381 4968 vel
3436 4916 3531 4968 fuit
3582 4920 3900 4973 monachus

2306 4987 2556 5068 ignobilis
2573 4985 3056 5068 etineptissimus.‘
3076 4985 3288 5067 Quibus
3308 5000 3414 5068 non
3435 4985 3894 5068 ad‘inanussuut.

2306 5053 2464 5112 sicuti
2514 5055 2670 5120 mihi,
2703 5055 2901 5107 inedita
2949 5057 3119 5108 multa
3156 5057 3312 5111 istius
3350 5053 3528 5108 Photii
3581 5056 3824 5120 scholia,
3863 5061 3896 5112 ii

2307 5130 2504 5181 adeant
2531 5124 3197 5198 Pseudti-G‘JCUItteiiitt_m,
3226 5127 3408 5193 ibique
3445 5135 3544 5198 tot,
3573 5137 3715 5198 quot
3761 5130 3899 5198 ipsis

2347 5195 2595 5268 laenet-it,
2658 5195 2881 5248 nomine
2908 5266 2916 5268 _
2944 5195 3124 5268 Photii
3190 5205 3377 5249 notata
3404 5195 3638 5268 scholia
3684 5195 3896 5267 Tegant.

2356 5267 2579 5326 rofecto,
2643 5274 2699 5317 ut
2758 5265 3222 5332 prmvideo,'me:e
3253 5265 3516 5318 accedent
3571 5265 3896 5324 sententias.

2310 5337 2502 5390 Omnia
2539 5337 2683 5387 enim
2718 5350 2779 5386 ex
2813 5337 2930 5389 aliis
2972 5337 3171 5397 hausit,
3201 5345 3256 5389 et
3300 5349 3518 5402 aquam,
3555 5344 3610 5387 et
3643 5347 3896 5398 acetum.

2311 5418 2365 5460 et
2402 5407 2607 5464 viuum,
2635 5421 2696 5456 ac
2727 5404 2949 5458 flumine
3000 5407 3226 5458 turbida:
3255 5404 3582 5474 eloquentia:
3618 5421 3734 5460 sua:
3775 5423 3901 5460 om-

2314 5479 2399 5530 nia
2457 5478 2680 5526 sentina:
2734 5477 2962 5528 reddidit
3003 5477 3299 5528 simillima.
3345 5473 3419 5545 lle
3455 5473 3682 5545 Jacoho,
3721 5493 3896 5545 quem

2315 5548 2631 5610 portitorem
2679 5546 2804 5597 facit
2851 5546 3291 5614 (Iltrysostomus,
3334 5544 3458 5598 vide
3516 5544 3657 5597 infra
3696 5544 3895 5600 nOtam

2315 5619 2364 5672 5.
2405 5631 2523 5684 pag.
2561 5615 2684 5675 578,
2715 5617 2779 5668 ad
2821 5615 3007 5669 Matth.
3043 5615 3204 5668 Forte
3259 5615 3684 5685 Clirysostomus
3723 5618 3900 5673 etiam

2315 5685 2562 5740 ()riucttis
2604 5686 3069 5740 illiilll‘dtiVt‘l'blOlIl‘
3098 5687 3360 5744 deceptas
3395 5693 3500 5740 est.
