  <div class='ocr_page' id='page_1' title='image "/cluster/home/n/w/nwhite01/storage/ocr_20150623/129/uva.x030341099/066.png"; bbox 0 0 4078 6438; ppageno 0'>
   <div class='ocr_carea' id='block_1_1' title="bbox 236 453 337 520">
    <p class='ocr_par' dir='ltr' id='par_1_1' title="bbox 236 453 337 520">
     <span class='ocr_line' id='line_1_1' title="bbox 236 453 337 520; baseline 0.02 -2"><span class='ocrx_word' id='word_1_1' title='bbox 236 453 337 520; x_wconf 82' lang='grc'><strong>113</strong></span> 
     </span>
    </p>
   </div>
   <div class='ocr_carea' id='block_1_2' title="bbox 1344 454 2376 518">
    <p class='ocr_par' dir='ltr' id='par_1_2' title="bbox 1344 454 2376 518">
     <span class='ocr_line' id='line_1_2' title="bbox 1344 454 2376 518; baseline -0.001 -2"><span class='ocrx_word' id='word_1_2' title='bbox 1344 457 1737 518; x_wconf 78' lang='lat' dir='ltr'><strong>COMMENT.</strong></span> <span class='ocrx_word' id='word_1_3' title='bbox 1783 455 1866 513; x_wconf 80' lang='grc' dir='ltr'>ΙΝ</span> <span class='ocrx_word' id='word_1_4' title='bbox 1909 454 2376 515; x_wconf 70' lang='grc' dir='ltr'><strong>ΜΑἸἽἩΑΞΠΜ.</strong></span> 
     </span>
    </p>
   </div>
   <div class='ocr_carea' id='block_1_3' title="bbox 3395 441 3495 507">
    <p class='ocr_par' dir='ltr' id='par_1_3' title="bbox 3395 441 3495 507">
     <span class='ocr_line' id='line_1_3' title="bbox 3395 441 3495 507; baseline -0.02 -2"><span class='ocrx_word' id='word_1_5' title='bbox 3395 441 3495 507; x_wconf 69' lang='grc'><strong>114</strong></span> 
     </span>
    </p>
   </div>
   <div class='ocr_carea' id='block_1_4' title="bbox 215 561 1798 638">
    <p class='ocr_par' dir='ltr' id='par_1_4' title="bbox 215 567 1795 638">
     <span class='ocr_line' id='line_1_4' title="bbox 215 567 1795 638; baseline 0 -18"><span class='ocrx_word' id='word_1_6' title='bbox 215 568 417 638; x_wconf 71' lang='grc' dir='ltr'><strong>γράψω</strong></span> <span class='ocrx_word' id='word_1_7' title='bbox 468 570 727 635; x_wconf 78' lang='grc' dir='ltr'><strong>αὐτούς’</strong></span> <span class='ocrx_word' id='word_1_8' title='bbox 778 570 878 624; x_wconf 79' lang='grc' dir='ltr'><strong>καί</strong></span> <span class='ocrx_word' id='word_1_9' title='bbox 930 569 1179 625; x_wconf 74' lang='grc' dir='ltr'><strong>ἔσονται</strong></span> <span class='ocrx_word' id='word_1_10' title='bbox 1241 569 1467 633; x_wconf 78' lang='grc' dir='ltr'><strong>πάντες</strong></span> <span class='ocrx_word' id='word_1_11' title='bbox 1527 567 1795 623; x_wconf 74' lang='grc' dir='ltr'><strong>διδακτοὶ</strong></span> 
     </span>
    </p>
   </div>
   <div class='ocr_carea' id='block_1_5' title="bbox 1904 561 3489 638">
    <p class='ocr_par' dir='ltr' id='par_1_5' title="bbox 1905 561 3489 632">
     <span class='ocr_line' id='line_1_5' title="bbox 1905 561 3489 632; baseline -0.004 -11"><span class='ocrx_word' id='word_1_12' title='bbox 1905 586 2048 623; x_wconf 67' lang='lat' dir='ltr'><strong>mea:</strong></span> <span class='ocrx_word' id='word_1_13' title='bbox 2080 570 2132 622; x_wconf 88' lang='lat' dir='ltr'><strong>in</strong></span> <span class='ocrx_word' id='word_1_14' title='bbox 2180 579 2405 623; x_wconf 82' lang='lat' dir='ltr'><strong>mentem</strong></span> <span class='ocrx_word' id='word_1_15' title='bbox 2457 585 2658 632; x_wconf 83' lang='lat' dir='ltr'><strong>eorum,</strong></span> <span class='ocrx_word' id='word_1_16' title='bbox 2697 578 2745 621; x_wconf 84' lang='lat' dir='ltr'><strong>et</strong></span> <span class='ocrx_word' id='word_1_17' title='bbox 2787 568 2843 619; x_wconf 79' lang='lat' dir='ltr'><strong>in</strong></span> <span class='ocrx_word' id='word_1_18' title='bbox 2872 581 3027 620; x_wconf 82' lang='lat' dir='ltr'><strong>carae</strong></span> <span class='ocrx_word' id='word_1_19' title='bbox 3080 561 3311 618; x_wconf 73' lang='lat' dir='ltr'><strong>scribam</strong></span> <span class='ocrx_word' id='word_1_20' title='bbox 3342 565 3489 624; x_wconf 81' lang='lat' dir='ltr'><strong>eas&#39;.</strong></span> 
     </span>
    </p>
   </div>
   <div class='ocr_carea' id='block_1_6' title="bbox 224 661 1795 735">
    <p class='ocr_par' dir='ltr' id='par_1_6' title="bbox 224 661 1795 735">
     <span class='ocr_line' id='line_1_6' title="bbox 224 661 1795 735; baseline -0.002 -19"><span class='ocrx_word' id='word_1_21' title='bbox 224 663 386 716; x_wconf 85' lang='grc' dir='ltr'><strong>Θεοῦ.</strong></span> <span class='ocrx_word' id='word_1_22' title='bbox 423 662 534 715; x_wconf 74' lang='grc' dir='ltr'><strong>Καὶ</strong></span> <span class='ocrx_word' id='word_1_23' title='bbox 569 663 598 715; x_wconf 83' lang='grc' dir='ltr'><strong>ό</strong></span> <span class='ocrx_word' id='word_1_24' title='bbox 631 662 842 726; x_wconf 77' lang='grc' dir='ltr'><strong>Παῦλος</strong></span> <span class='ocrx_word' id='word_1_25' title='bbox 871 661 950 728; x_wconf 76' lang='grc' dir='ltr'><strong>δὲ,</strong></span> <span class='ocrx_word' id='word_1_26' title='bbox 988 664 1197 735; x_wconf 89' lang='grc' dir='ltr'><strong>ταύτην</strong></span> <span class='ocrx_word' id='word_1_27' title='bbox 1245 663 1662 732; x_wconf 77' lang='grc' dir='ltr'><strong>ἐνδεικνύμενος</strong></span> <span class='ocrx_word' id='word_1_28' title='bbox 1697 661 1795 732; x_wconf 80' lang='grc' dir='ltr'><strong>τὴν</strong></span> 
     </span>
    </p>
   </div>
   <div class='ocr_carea' id='block_1_7' title="bbox 225 753 1797 827">
    <p class='ocr_par' dir='ltr' id='par_1_7' title="bbox 225 753 1797 827">
     <span class='ocr_line' id='line_1_7' title="bbox 225 753 1797 827; baseline 0.001 -21"><span class='ocrx_word' id='word_1_29' title='bbox 225 753 518 823; x_wconf 77' lang='grc' dir='ltr'><strong>υπεροχὴν,</strong></span> <span class='ocrx_word' id='word_1_30' title='bbox 581 755 765 822; x_wconf 64' lang='grc' dir='ltr'><strong>ἔλεγεν</strong></span> <span class='ocrx_word' id='word_1_31' title='bbox 823 757 1107 827; x_wconf 72' lang='grc' dir='ltr'><strong>εἰληφέναι</strong></span> <span class='ocrx_word' id='word_1_32' title='bbox 1159 756 1343 826; x_wconf 84' lang='grc' dir='ltr'><strong>νόμον,</strong></span> <span class='ocrx_word' id='word_1_33' title='bbox 1377 759 1480 809; x_wconf 83' lang='grc' dir='ltr'><strong>οὐκ</strong></span> <span class='ocrx_word' id='word_1_34' title='bbox 1537 757 1598 808; x_wconf 84' lang='grc' dir='ltr'><strong>ὲν</strong></span> <span class='ocrx_word' id='word_1_35' title='bbox 1627 753 1797 819; x_wconf 73' lang='grc' dir='ltr'><strong>πλαξὶ</strong></span> 
     </span>
    </p>
   </div>
   <div class='ocr_carea' id='block_1_8' title="bbox 213 844 1794 917">
    <p class='ocr_par' dir='ltr' id='par_1_8' title="bbox 213 844 1794 917">
     <span class='ocr_line' id='line_1_8' title="bbox 213 844 1794 917; baseline 0.001 -20"><span class='ocrx_word' id='word_1_36' title='bbox 213 845 463 908; x_wconf 79' lang='grc' dir='ltr'>λιθίναις,</span> <span class='ocrx_word' id='word_1_37' title='bbox 492 845 608 897; x_wconf 81' lang='grc' dir='ltr'><strong>ἀλλ’</strong></span> <span class='ocrx_word' id='word_1_38' title='bbox 639 848 695 899; x_wconf 77' lang='grc' dir='ltr'><strong>ἐν</strong></span> <span class='ocrx_word' id='word_1_39' title='bbox 741 844 908 912; x_wconf 75' lang='grc' dir='ltr'>πλαξὶ</span> <span class='ocrx_word' id='word_1_40' title='bbox 937 847 1171 917; x_wconf 82' lang='grc' dir='ltr'><strong>καρδίας</strong></span> <span class='ocrx_word' id='word_1_41' title='bbox 1194 847 1505 917; x_wconf 89' lang='grc' dir='ltr'><strong>σαρκίναις.</strong></span> <span class='ocrx_word' id='word_1_42' title='bbox 1547 848 1707 900; x_wconf 77' lang='grc' dir='ltr'><strong>Ἐπεὶ</strong></span> <span class='ocrx_word' id='word_1_43' title='bbox 1735 847 1794 900; x_wconf 81' lang='grc' dir='ltr'><strong>δὲ</strong></span> 
     </span>
    </p>
   </div>
   <div class='ocr_carea' id='block_1_9' title="bbox 215 937 1797 1011">
    <p class='ocr_par' dir='ltr' id='par_1_9' title="bbox 215 937 1797 1011">
     <span class='ocr_line' id='line_1_9' title="bbox 215 937 1797 1011; baseline 0.002 -21"><span class='ocrx_word' id='word_1_44' title='bbox 215 937 402 1007; x_wconf 86' lang='grc' dir='ltr'><strong>χρόνου</strong></span> <span class='ocrx_word' id='word_1_45' title='bbox 465 938 747 1005; x_wconf 75' lang='grc' dir='ltr'><strong>προίόντος</strong></span> <span class='ocrx_word' id='word_1_46' title='bbox 777 937 1096 1004; x_wconf 78' lang='grc' dir='ltr'><strong>ἐξώκειλαν,</strong></span> <span class='ocrx_word' id='word_1_47' title='bbox 1139 941 1187 993; x_wconf 77' lang='lat' dir='ltr'><strong>ot</strong></span> <span class='ocrx_word' id='word_1_48' title='bbox 1226 941 1327 1010; x_wconf 88' lang='grc' dir='ltr'><strong>μὲν</strong></span> <span class='ocrx_word' id='word_1_49' title='bbox 1358 941 1647 1011; x_wconf 81' lang='grc' dir='ltr'><strong>δογμάτων</strong></span> <span class='ocrx_word' id='word_1_50' title='bbox 1683 941 1797 993; x_wconf 78' lang='grc' dir='ltr'><strong>ἓνε-</strong></span> 
     </span>
    </p>
   </div>
   <div class='ocr_carea' id='block_1_10' title="bbox 219 1028 1798 1105">
    <p class='ocr_par' dir='ltr' id='par_1_10' title="bbox 219 1028 1798 1105">
     <span class='ocr_line' id='line_1_10' title="bbox 219 1028 1798 1105; baseline 0.006 -26"><span class='ocrx_word' id='word_1_51' title='bbox 219 1045 334 1092; x_wconf 89' lang='grc' dir='ltr'><strong>κεν,</strong></span> <span class='ocrx_word' id='word_1_52' title='bbox 375 1029 424 1081; x_wconf 77' lang='grc' dir='ltr'><strong>οἱ</strong></span> <span class='ocrx_word' id='word_1_53' title='bbox 478 1029 536 1082; x_wconf 80' lang='grc' dir='ltr'><strong>δὲ</strong></span> <span class='ocrx_word' id='word_1_54' title='bbox 582 1028 698 1098; x_wconf 87' lang='grc' dir='ltr'><strong>βίου</strong></span> <span class='ocrx_word' id='word_1_55' title='bbox 746 1032 840 1083; x_wconf 71' lang='grc' dir='ltr'><strong>καὶ</strong></span> <span class='ocrx_word' id='word_1_56' title='bbox 886 1032 1114 1102; x_wconf 85' lang='grc' dir='ltr'><strong>τρόπου,</strong></span> <span class='ocrx_word' id='word_1_57' title='bbox 1142 1032 1332 1103; x_wconf 79' lang='grc' dir='ltr'><strong>ἐδέησε</strong></span> <span class='ocrx_word' id='word_1_58' title='bbox 1369 1034 1529 1088; x_wconf 87' lang='grc' dir='ltr'><strong>πάλιν</strong></span> <span class='ocrx_word' id='word_1_59' title='bbox 1555 1036 1654 1105; x_wconf 85' lang='grc' dir='ltr'><strong>τῆς</strong></span> <span class='ocrx_word' id='word_1_60' title='bbox 1689 1035 1798 1088; x_wconf 80' lang='grc' dir='ltr'><strong>ἀπὸ</strong></span> 
     </span>
    </p>
   </div>
   <div class='ocr_carea' id='block_1_11' title="bbox 209 1115 1796 1196">
    <p class='ocr_par' dir='ltr' id='par_1_11' title="bbox 209 1115 1796 1196">
     <span class='ocr_line' id='line_1_11' title="bbox 209 1115 1796 1196; baseline 0.008 -29"><span class='ocrx_word' id='word_1_61' title='bbox 209 1115 312 1168; x_wconf 84' lang='grc' dir='ltr'><strong>τῶν</strong></span> <span class='ocrx_word' id='word_1_62' title='bbox 339 1119 682 1188; x_wconf 80' lang='grc' dir='ltr'><strong>γραμμάτων</strong></span> <span class='ocrx_word' id='word_1_63' title='bbox 711 1121 1098 1191; x_wconf 81' lang='grc' dir='ltr'><strong>ὑπομνήσεως.</strong></span> <span class='ocrx_word' id='word_1_64' title='bbox 1139 1124 1426 1194; x_wconf 84' lang='grc' dir='ltr'><strong>Ἐννόησον</strong></span> <span class='ocrx_word' id='word_1_65' title='bbox 1466 1123 1583 1190; x_wconf 81' lang='grc' dir='ltr'><strong>οὖν,</strong></span> <span class='ocrx_word' id='word_1_66' title='bbox 1608 1125 1796 1196; x_wconf 81' lang='grc' dir='ltr'><strong>ἡλίκον</strong></span> 
     </span>
    </p>
   </div>
   <div class='ocr_carea' id='block_1_12' title="bbox 210 1208 1797 1287">
    <p class='ocr_par' dir='ltr' id='par_1_12' title="bbox 210 1208 1797 1287">
     <span class='ocr_line' id='line_1_12' title="bbox 210 1208 1797 1287; baseline 0.008 -28"><span class='ocrx_word' id='word_1_67' title='bbox 210 1208 326 1260; x_wconf 73' lang='grc' dir='ltr'><strong>ἐστὶ</strong></span> <span class='ocrx_word' id='word_1_68' title='bbox 382 1210 576 1269; x_wconf 85' lang='grc' dir='ltr'><strong>κακὸν,</strong></span> <span class='ocrx_word' id='word_1_69' title='bbox 634 1211 761 1274; x_wconf 79' lang='grc' dir='ltr'><strong>τοὺς</strong></span> <span class='ocrx_word' id='word_1_70' title='bbox 808 1211 952 1267; x_wconf 77' lang='grc' dir='ltr'><strong>οὕτω</strong></span> <span class='ocrx_word' id='word_1_71' title='bbox 1007 1213 1266 1285; x_wconf 83' lang='grc' dir='ltr'>καθαρῶς</span> <span class='ocrx_word' id='word_1_72' title='bbox 1314 1215 1634 1284; x_wconf 82' lang='grc' dir='ltr'><strong>ὀφείλοντας</strong></span> <span class='ocrx_word' id='word_1_73' title='bbox 1695 1217 1797 1287; x_wconf 80' lang='grc' dir='ltr'><strong>ζῇν</strong></span> 
     </span>
    </p>
   </div>
   <div class='ocr_carea' id='block_1_13' title="bbox 209 1299 1795 1379">
    <p class='ocr_par' dir='ltr' id='par_1_13' title="bbox 209 1299 1795 1379">
     <span class='ocr_line' id='line_1_13' title="bbox 209 1299 1795 1379; baseline 0.009 -29"><span class='ocrx_word' id='word_1_74' title='bbox 209 1299 283 1360; x_wconf 83' lang='grc' dir='ltr'><strong>ὡς</strong></span> <span class='ocrx_word' id='word_1_75' title='bbox 335 1299 409 1370; x_wconf 85' lang='grc' dir='ltr'><strong>μὴ</strong></span> <span class='ocrx_word' id='word_1_76' title='bbox 480 1301 685 1357; x_wconf 79' lang='grc' dir='ltr'><strong>δεῖσθαι</strong></span> <span class='ocrx_word' id='word_1_77' title='bbox 739 1306 1083 1376; x_wconf 79' lang='grc' dir='ltr'><strong>γραμμάτων</strong></span> <span class='ocrx_word' id='word_1_78' title='bbox 1117 1348 1132 1373; x_wconf 88' lang='grc'>,</span> <span class='ocrx_word' id='word_1_79' title='bbox 1208 1308 1325 1361; x_wconf 77' lang='grc' dir='ltr'><strong>ἀλλ’</strong></span> <span class='ocrx_word' id='word_1_80' title='bbox 1390 1311 1512 1364; x_wconf 75' lang='grc' dir='ltr'><strong>ἀντὶ</strong></span> <span class='ocrx_word' id='word_1_81' title='bbox 1572 1310 1795 1379; x_wconf 77' lang='grc' dir='ltr'><strong>βιϐλίων</strong></span> 
     </span>
    </p>
   </div>
   <div class='ocr_carea' id='block_1_14' title="bbox 209 1391 1796 1473">
    <p class='ocr_par' dir='ltr' id='par_1_14' title="bbox 209 1391 1796 1473">
     <span class='ocr_line' id='line_1_14' title="bbox 209 1391 1796 1473; baseline 0.009 -32"><span class='ocrx_word' id='word_1_82' title='bbox 209 1391 473 1460; x_wconf 81' lang='grc' dir='ltr'><strong>παρέχειν</strong></span> <span class='ocrx_word' id='word_1_83' title='bbox 530 1395 630 1458; x_wconf 75' lang='grc' dir='ltr'><strong>τὰς</strong></span> <span class='ocrx_word' id='word_1_84' title='bbox 686 1396 916 1466; x_wconf 82' lang='grc' dir='ltr'>καρδίας</span> <span class='ocrx_word' id='word_1_85' title='bbox 969 1398 1048 1469; x_wconf 88' lang='grc' dir='ltr'><strong>τῷ</strong></span> <span class='ocrx_word' id='word_1_86' title='bbox 1113 1401 1416 1470; x_wconf 83' lang='grc' dir='ltr'><strong>Πνεύματι,</strong></span> <span class='ocrx_word' id='word_1_87' title='bbox 1459 1402 1648 1473; x_wconf 79' lang='grc' dir='ltr'><strong>ἐπειδὴ</strong></span> <span class='ocrx_word' id='word_1_88' title='bbox 1698 1402 1796 1472; x_wconf 78' lang='grc' dir='ltr'><strong>τὴν</strong></span> 
     </span>
    </p>
   </div>
   <div class='ocr_carea' id='block_1_15' title="bbox 205 1483 1797 1566">
    <p class='ocr_par' dir='ltr' id='par_1_15' title="bbox 205 1483 1797 1566">
     <span class='ocr_line' id='line_1_15' title="bbox 205 1483 1797 1566; baseline 0.01 -33"><span class='ocrx_word' id='word_1_89' title='bbox 205 1483 368 1552; x_wconf 74' lang='grc' dir='ltr'><strong>τιμὴν</strong></span> <span class='ocrx_word' id='word_1_90' title='bbox 429 1486 800 1558; x_wconf 77' lang='grc' dir='ltr'><strong>ἀπωλέσαμεν</strong></span> <span class='ocrx_word' id='word_1_91' title='bbox 845 1492 1101 1563; x_wconf 80' lang='grc' dir='ltr'><strong>ἐκείνην,</strong></span> <span class='ocrx_word' id='word_1_92' title='bbox 1160 1494 1254 1546; x_wconf 77' lang='grc' dir='ltr'><strong>καὶ</strong></span> <span class='ocrx_word' id='word_1_93' title='bbox 1310 1494 1662 1566; x_wconf 77' lang='grc' dir='ltr'><strong>κατέστημεν</strong></span> <span class='ocrx_word' id='word_1_94' title='bbox 1715 1497 1797 1559; x_wconf 83' lang='grc' dir='ltr'><strong>εἰς</strong></span> 
     </span>
    </p>
   </div>
   <div class='ocr_carea' id='block_1_16' title="bbox 206 1574 1797 1660">
    <p class='ocr_par' dir='ltr' id='par_1_16' title="bbox 206 1574 1797 1660">
     <span class='ocr_line' id='line_1_16' title="bbox 206 1574 1797 1660; baseline 0.009 -33"><span class='ocrx_word' id='word_1_95' title='bbox 206 1574 304 1643; x_wconf 79' lang='grc' dir='ltr'><strong>τὴν</strong></span> <span class='ocrx_word' id='word_1_96' title='bbox 359 1580 571 1630; x_wconf 84' lang='grc' dir='ltr'><strong>τούτων</strong></span> <span class='ocrx_word' id='word_1_97' title='bbox 601 1582 814 1649; x_wconf 83' lang='grc' dir='ltr'><strong>χρείαν,</strong></span> <span class='ocrx_word' id='word_1_98' title='bbox 867 1583 1004 1655; x_wconf 77' lang='grc' dir='ltr'><strong>μηδὲ</strong></span> <span class='ocrx_word' id='word_1_99' title='bbox 1051 1585 1128 1656; x_wconf 81' lang='grc' dir='ltr'><strong>τῷ</strong></span> <span class='ocrx_word' id='word_1_100' title='bbox 1191 1586 1434 1657; x_wconf 83' lang='grc' dir='ltr'><strong>δευτέρῳ</strong></span> <span class='ocrx_word' id='word_1_101' title='bbox 1491 1589 1797 1660; x_wconf 83' lang='grc' dir='ltr'><strong>κεχρῆσθαι</strong></span> 
     </span>
    </p>
   </div>
   <div class='ocr_carea' id='block_1_17' title="bbox 210 1670 1797 1754">
    <p class='ocr_par' dir='ltr' id='par_1_17' title="bbox 210 1670 1797 1754">
     <span class='ocr_line' id='line_1_17' title="bbox 210 1670 1797 1754; baseline 0.009 -35"><span class='ocrx_word' id='word_1_102' title='bbox 210 1670 512 1742; x_wconf 79' lang='grc' dir='ltr'><strong>φαρμάκῳ,</strong></span> <span class='ocrx_word' id='word_1_103' title='bbox 563 1673 681 1727; x_wconf 84' lang='grc' dir='ltr'><strong>ἀλλ’</strong></span> <span class='ocrx_word' id='word_1_104' title='bbox 710 1676 831 1745; x_wconf 86' lang='grc' dir='ltr'><strong>είκῆ</strong></span> <span class='ocrx_word' id='word_1_105' title='bbox 884 1677 979 1730; x_wconf 74' lang='grc' dir='ltr'><strong>καὶ</strong></span> <span class='ocrx_word' id='word_1_106' title='bbox 1039 1677 1219 1748; x_wconf 83' lang='grc' dir='ltr'><strong>μάτην</strong></span> <span class='ocrx_word' id='word_1_107' title='bbox 1255 1683 1519 1751; x_wconf 79' lang='grc' dir='ltr'><strong>περιορᾷν</strong></span> <span class='ocrx_word' id='word_1_108' title='bbox 1565 1682 1797 1754; x_wconf 90' lang='grc' dir='ltr'><strong>κείμενα</strong></span> 
     </span>
    </p>
   </div>
   <div class='ocr_carea' id='block_1_18' title="bbox 208 1761 1795 1844">
    <p class='ocr_par' dir='ltr' id='par_1_18' title="bbox 208 1761 1795 1844">
     <span class='ocr_line' id='line_1_18' title="bbox 208 1761 1795 1844; baseline 0.011 -33"><span class='ocrx_word' id='word_1_109' title='bbox 208 1761 274 1812; x_wconf 72' lang='grc' dir='ltr'><strong>τὰ</strong></span> <span class='ocrx_word' id='word_1_110' title='bbox 326 1762 658 1833; x_wconf 74' lang='grc' dir='ltr'><strong>γράμματα,</strong></span> <span class='ocrx_word' id='word_1_111' title='bbox 690 1767 827 1838; x_wconf 82' lang='grc' dir='ltr'><strong>ὅπερ</strong></span> <span class='ocrx_word' id='word_1_112' title='bbox 867 1769 956 1823; x_wconf 81' lang='grc' dir='ltr'><strong>ἵνα</strong></span> <span class='ocrx_word' id='word_1_113' title='bbox 987 1769 1062 1840; x_wconf 80' lang='grc' dir='ltr'><strong>μὴ</strong></span> <span class='ocrx_word' id='word_1_114' title='bbox 1092 1771 1340 1842; x_wconf 83' lang='grc' dir='ltr'><strong>γένηται,</strong></span> <span class='ocrx_word' id='word_1_115' title='bbox 1399 1773 1556 1843; x_wconf 82' lang='grc' dir='ltr'><strong>φέρε,</strong></span> <span class='ocrx_word' id='word_1_116' title='bbox 1595 1774 1795 1844; x_wconf 86' lang='grc' dir='ltr'><strong>προσέ-</strong></span> 
     </span>
    </p>
   </div>
   <div class='ocr_carea' id='block_1_19' title="bbox 212 1854 1797 1936">
    <p class='ocr_par' dir='ltr' id='par_1_19' title="bbox 212 1854 1797 1936">
     <span class='ocr_line' id='line_1_19' title="bbox 212 1854 1797 1936; baseline 0.008 -27"><span class='ocrx_word' id='word_1_117' title='bbox 212 1868 396 1922; x_wconf 84' lang='grc' dir='ltr'><strong>χωμεν</strong></span> <span class='ocrx_word' id='word_1_118' title='bbox 428 1854 510 1924; x_wconf 77' lang='lat'><strong>(3)</strong></span> <span class='ocrx_word' id='word_1_119' title='bbox 547 1860 662 1921; x_wconf 78' lang='grc' dir='ltr'><strong>τοῖς</strong></span> <span class='ocrx_word' id='word_1_120' title='bbox 718 1863 1154 1932; x_wconf 79' lang='grc' dir='ltr'><strong>γεγραμμένοις,</strong></span> <span class='ocrx_word' id='word_1_121' title='bbox 1212 1864 1306 1919; x_wconf 74' lang='grc' dir='ltr'><strong>καὶ</strong></span> <span class='ocrx_word' id='word_1_122' title='bbox 1363 1866 1797 1936; x_wconf 82' lang='grc' dir='ltr'><strong>φιλοπονώτερον</strong></span> 
     </span>
    </p>
   </div>
   <div class='ocr_carea' id='block_1_20' title="bbox 211 1949 1795 2027">
    <p class='ocr_par' dir='ltr' id='par_1_20' title="bbox 211 1949 1795 2027">
     <span class='ocr_line' id='line_1_20' title="bbox 211 1949 1795 2027; baseline 0.008 -27"><span class='ocrx_word' id='word_1_123' title='bbox 211 1949 562 2019; x_wconf 75' lang='grc' dir='ltr'><strong>ἐξετάζωμεν</strong></span> <span class='ocrx_word' id='word_1_124' title='bbox 585 1951 684 2021; x_wconf 77' lang='grc' dir='ltr'><strong>τὴν</strong></span> <span class='ocrx_word' id='word_1_125' title='bbox 741 1954 976 2008; x_wconf 73' lang='grc' dir='ltr'><strong>ἑκάστου</strong></span> <span class='ocrx_word' id='word_1_126' title='bbox 1025 1955 1280 2027; x_wconf 88' lang='grc' dir='ltr'><strong>δύναμιν,</strong></span> <span class='ocrx_word' id='word_1_127' title='bbox 1317 1957 1458 2012; x_wconf 80' lang='grc' dir='ltr'><strong>ὥστε</strong></span> <span class='ocrx_word' id='word_1_128' title='bbox 1505 1961 1600 2012; x_wconf 77' lang='grc' dir='ltr'><strong>καὶ</strong></span> <span class='ocrx_word' id='word_1_129' title='bbox 1630 1959 1795 2013; x_wconf 84' lang='grc' dir='ltr'><strong>πλοῦ-</strong></span> 
     </span>
    </p>
   </div>
   <div class='ocr_carea' id='block_1_21' title="bbox 208 2040 1797 2122">
    <p class='ocr_par' dir='ltr' id='par_1_21' title="bbox 208 2040 1797 2122">
     <span class='ocr_line' id='line_1_21' title="bbox 208 2040 1797 2122; baseline 0.01 -32"><span class='ocrx_word' id='word_1_130' title='bbox 208 2055 299 2090; x_wconf 84' lang='grc' dir='ltr'><strong>τον</strong></span> <span class='ocrx_word' id='word_1_131' title='bbox 335 2040 518 2109; x_wconf 83' lang='grc' dir='ltr'><strong>ὀρθῶν</strong></span> <span class='ocrx_word' id='word_1_132' title='bbox 552 2041 837 2112; x_wconf 75' lang='grc' dir='ltr'><strong>δογμάτων</strong></span> <span class='ocrx_word' id='word_1_133' title='bbox 869 2046 1121 2102; x_wconf 76' lang='grc' dir='ltr'><strong>ἐντεῦθεν</strong></span> <span class='ocrx_word' id='word_1_134' title='bbox 1169 2050 1657 2122; x_wconf 77' lang='grc' dir='ltr'><strong>άποθησαυρίζειν,</strong></span> <span class='ocrx_word' id='word_1_135' title='bbox 1701 2054 1797 2106; x_wconf 77' lang='grc' dir='ltr'><strong>καὶ</strong></span> 
     </span>
    </p>
   </div>
   <div class='ocr_carea' id='block_1_22' title="bbox 211 2129 1474 2212">
    <p class='ocr_par' dir='ltr' id='par_1_22' title="bbox 211 2129 1474 2212">
     <span class='ocr_line' id='line_1_22' title="bbox 211 2129 1474 2212; baseline 0.01 -30"><span class='ocrx_word' id='word_1_136' title='bbox 211 2129 493 2201; x_wconf 85' lang='grc' dir='ltr'><strong>συλλέγειν</strong></span> <span class='ocrx_word' id='word_1_137' title='bbox 523 2135 800 2198; x_wconf 86' lang='grc' dir='ltr'><strong>πολιτείας</strong></span> <span class='ocrx_word' id='word_1_138' title='bbox 840 2137 1026 2202; x_wconf 80' lang='grc' dir='ltr'><strong>ὕνιοῢς</strong></span> <span class='ocrx_word' id='word_1_139' title='bbox 1072 2139 1474 2212; x_wconf 82' lang='grc' dir='ltr'><strong>ὑποδείγματα.</strong></span> 
     </span>
    </p>
   </div>
   <div class='ocr_carea' id='block_1_23' title="bbox 280 2311 1798 2394">
    <p class='ocr_par' dir='ltr' id='par_1_23' title="bbox 280 2311 1798 2394">
     <span class='ocr_line' id='line_1_23' title="bbox 280 2311 1798 2394; baseline 0.008 -32"><span class='ocrx_word' id='word_1_140' title='bbox 280 2311 434 2364; x_wconf 84' lang='grc' dir='ltr'><strong>Διατί</strong></span> <span class='ocrx_word' id='word_1_141' title='bbox 456 2313 535 2376; x_wconf 86' lang='grc' dir='ltr'><strong>δὲ,</strong></span> <span class='ocrx_word' id='word_1_142' title='bbox 568 2313 776 2370; x_wconf 73' lang='grc' dir='ltr'><strong>δώδεκα</strong></span> <span class='ocrx_word' id='word_1_143' title='bbox 802 2317 910 2371; x_wconf 85' lang='grc' dir='ltr'><strong>τῶν</strong></span> <span class='ocrx_word' id='word_1_144' title='bbox 949 2319 1269 2373; x_wconf 81' lang='grc' dir='ltr'><strong>ἀποστόλων</strong></span> <span class='ocrx_word' id='word_1_145' title='bbox 1295 2319 1491 2384; x_wconf 74' lang='grc' dir='ltr'><strong>ὄντων,</strong></span> <span class='ocrx_word' id='word_1_146' title='bbox 1522 2321 1617 2375; x_wconf 86' lang='grc' dir='ltr'><strong>δύο</strong></span> <span class='ocrx_word' id='word_1_147' title='bbox 1644 2321 1798 2394; x_wconf 87' lang='grc' dir='ltr'><strong>μόνοι</strong></span> 
     </span>
    </p>
   </div>
   <div class='ocr_carea' id='block_1_24' title="bbox 209 2402 1798 2477">
    <p class='ocr_par' dir='ltr' id='par_1_24' title="bbox 209 2402 1798 2477">
     <span class='ocr_line' id='line_1_24' title="bbox 209 2402 1798 2477; baseline 0.01 -24"><span class='ocrx_word' id='word_1_148' title='bbox 209 2402 519 2471; x_wconf 79' lang='grc' dir='ltr'><strong>γράφουσιν</strong></span> <span class='ocrx_word' id='word_1_149' title='bbox 579 2406 636 2470; x_wconf 79' lang='grc' dir='ltr'>ἐξ</span> <span class='ocrx_word' id='word_1_150' title='bbox 702 2406 882 2459; x_wconf 81' lang='grc' dir='ltr'><strong>αὐτῶν</strong></span> <span class='ocrx_word' id='word_1_151' title='bbox 950 2410 1288 2477; x_wconf 80' lang='grc' dir='ltr'><strong>Εὑαγγέλια,</strong></span> <span class='ocrx_word' id='word_1_152' title='bbox 1356 2413 1640 2477; x_wconf 66' lang='lat' dir='ltr'><strong>Menenio;</strong></span> <span class='ocrx_word' id='word_1_153' title='bbox 1702 2417 1798 2468; x_wconf 75' lang='grc' dir='ltr'><strong>καὶ</strong></span> 
     </span>
    </p>
   </div>
   <div class='ocr_carea' id='block_1_25' title="bbox 223 2491 1794 2578">
    <p class='ocr_par' dir='ltr' id='par_1_25' title="bbox 223 2491 1794 2578">
     <span class='ocr_line' id='line_1_25' title="bbox 223 2491 1794 2578; baseline 0.011 -34"><span class='ocrx_word' id='word_1_154' title='bbox 223 2491 480 2562; x_wconf 78' lang='grc' dir='ltr'><strong>Ἰωάννης</strong></span> <span class='ocrx_word' id='word_1_155' title='bbox 503 2512 517 2561; x_wconf 91' lang='grc'><strong>;</strong></span> <span class='ocrx_word' id='word_1_156' title='bbox 548 2497 611 2549; x_wconf 78' lang='lat' dir='ltr'><strong>Ol</strong></span> <span class='ocrx_word' id='word_1_157' title='bbox 629 2497 738 2568; x_wconf 82' lang='grc' dir='ltr'><strong>γὰρ</strong></span> <span class='ocrx_word' id='word_1_158' title='bbox 762 2497 943 2569; x_wconf 70' lang='grc' dir='ltr'><strong>ἕτεροι</strong></span> <span class='ocrx_word' id='word_1_159' title='bbox 962 2502 1056 2555; x_wconf 85' lang='grc' dir='ltr'><strong>δύο</strong></span> <span class='ocrx_word' id='word_1_160' title='bbox 1082 2504 1366 2557; x_wconf 89' lang='grc' dir='ltr'><strong>ἀκόλουθοι</strong></span> <span class='ocrx_word' id='word_1_161' title='bbox 1393 2504 1754 2578; x_wconf 81' lang='grc' dir='ltr'><strong>μᾶλλονῆσαν</strong></span> <span class='ocrx_word' id='word_1_162' title='bbox 1779 2525 1794 2540; x_wconf 80' lang='grc' dir='ltr'><strong>ο</strong></span> 
     </span>
    </p>
   </div>
   <div class='ocr_carea' id='block_1_26' title="bbox 209 2579 1798 2662">
    <p class='ocr_par' dir='ltr' id='par_1_26' title="bbox 209 2579 1798 2662">
     <span class='ocr_line' id='line_1_26' title="bbox 209 2579 1798 2662; baseline 0.014 -30"><span class='ocrx_word' id='word_1_163' title='bbox 209 2579 430 2652; x_wconf 84' lang='grc' dir='ltr'><strong>Μάρκος</strong></span> <span class='ocrx_word' id='word_1_164' title='bbox 494 2587 615 2654; x_wconf 77' lang='grc' dir='ltr'><strong>μὲν,</strong></span> <span class='ocrx_word' id='word_1_165' title='bbox 669 2588 878 2658; x_wconf 80' lang='grc' dir='ltr'><strong>Πέτρου</strong></span> <span class='ocrx_word' id='word_1_166' title='bbox 909 2607 922 2621; x_wconf 89' lang='grc'>·</span> <span class='ocrx_word' id='word_1_167' title='bbox 971 2592 1189 2646; x_wconf 85' lang='grc' dir='ltr'><strong>Παύλου</strong></span> <span class='ocrx_word' id='word_1_168' title='bbox 1244 2595 1323 2658; x_wconf 75' lang='grc' dir='ltr'><strong>δὲ,</strong></span> <span class='ocrx_word' id='word_1_169' title='bbox 1363 2597 1597 2662; x_wconf 76' lang='grc' dir='ltr'><strong>Λουκᾶς.</strong></span> <span class='ocrx_word' id='word_1_170' title='bbox 1649 2600 1798 2653; x_wconf 85' lang='grc' dir='ltr'><strong>Διότι</strong></span> 
     </span>
    </p>
   </div>
   <div class='ocr_carea' id='block_1_27' title="bbox 208 2674 1800 2762">
    <p class='ocr_par' dir='ltr' id='par_1_27' title="bbox 208 2674 1800 2762">
     <span class='ocr_line' id='line_1_27' title="bbox 208 2674 1800 2762; baseline 0.012 -36"><span class='ocrx_word' id='word_1_171' title='bbox 208 2674 358 2728; x_wconf 70' lang='grc' dir='ltr'><strong>οὐδὲν</strong></span> <span class='ocrx_word' id='word_1_172' title='bbox 385 2677 610 2731; x_wconf 66' lang='grc' dir='ltr'><strong>ἐποίουν</strong></span> <span class='ocrx_word' id='word_1_173' title='bbox 657 2681 791 2751; x_wconf 84' lang='grc' dir='ltr'><strong>πρὸς</strong></span> <span class='ocrx_word' id='word_1_174' title='bbox 851 2684 1190 2756; x_wconf 84' lang='grc' dir='ltr'><strong>φιλοτιμίαν,</strong></span> <span class='ocrx_word' id='word_1_175' title='bbox 1237 2687 1378 2741; x_wconf 86' lang='grc' dir='ltr'><strong>ἀλλά</strong></span> <span class='ocrx_word' id='word_1_176' title='bbox 1426 2691 1606 2745; x_wconf 87' lang='grc' dir='ltr'><strong>πάντα</strong></span> <span class='ocrx_word' id='word_1_177' title='bbox 1661 2691 1800 2762; x_wconf 72' lang='grc' dir='ltr'><strong>πρὸς</strong></span> 
     </span>
    </p>
   </div>
   <div class='ocr_carea' id='block_1_28' title="bbox 208 2764 1800 2846">
    <p class='ocr_par' dir='ltr' id='par_1_28' title="bbox 208 2764 1800 2846">
     <span class='ocr_line' id='line_1_28' title="bbox 208 2764 1800 2846; baseline 0.014 -32"><span class='ocrx_word' id='word_1_178' title='bbox 208 2764 420 2832; x_wconf 78' lang='grc' dir='ltr'><strong>χρείαν.</strong></span> <span class='ocrx_word' id='word_1_179' title='bbox 482 2769 588 2822; x_wconf 72' lang='grc' dir='ltr'><strong>Τὸν</strong></span> <span class='ocrx_word' id='word_1_180' title='bbox 645 2772 746 2841; x_wconf 67' lang='grc' dir='ltr'><strong>μὲν</strong></span> <span class='ocrx_word' id='word_1_181' title='bbox 809 2774 916 2844; x_wconf 82' lang='grc' dir='ltr'><strong>γὰρ</strong></span> <span class='ocrx_word' id='word_1_182' title='bbox 972 2777 1254 2832; x_wconf 80' lang='grc' dir='ltr'><strong>Ματθαῖον</strong></span> <span class='ocrx_word' id='word_1_183' title='bbox 1301 2781 1349 2832; x_wconf 80' lang='lat' dir='ltr'><strong>oi</strong></span> <span class='ocrx_word' id='word_1_184' title='bbox 1398 2779 1459 2846; x_wconf 70' lang='grc' dir='ltr'>ἐξ</span> <span class='ocrx_word' id='word_1_185' title='bbox 1531 2782 1800 2838; x_wconf 84' lang='grc' dir='ltr'><strong>Ἰουδαίων</strong></span> 
     </span>
    </p>
   </div>
   <div class='ocr_carea' id='block_1_29' title="bbox 209 2855 1798 2943">
    <p class='ocr_par' dir='ltr' id='par_1_29' title="bbox 209 2855 1798 2943">
     <span class='ocr_line' id='line_1_29' title="bbox 209 2855 1798 2943; baseline 0.014 -37"><span class='ocrx_word' id='word_1_186' title='bbox 209 2857 608 2925; x_wconf 81' lang='grc' dir='ltr'><strong>πιστεύσαντες</strong></span> <span class='ocrx_word' id='word_1_187' title='bbox 643 2867 1029 2935; x_wconf 79' lang='grc' dir='ltr'><strong>παρεκάλεσαν</strong></span> <span class='ocrx_word' id='word_1_188' title='bbox 1055 2855 1333 2939; x_wconf 79' lang='grc' dir='ltr'><strong>ἔγγραφον</strong></span> <span class='ocrx_word' id='word_1_189' title='bbox 1360 2873 1546 2938; x_wconf 78' lang='grc' dir='ltr'><strong>αὐτοῖς</strong></span> <span class='ocrx_word' id='word_1_190' title='bbox 1577 2876 1798 2943; x_wconf 83' lang='grc' dir='ltr'><strong>ἀφεῖναι</strong></span> 
     </span>
    </p>
   </div>
   <div class='ocr_carea' id='block_1_30' title="bbox 211 2948 1788 3036">
    <p class='ocr_par' dir='ltr' id='par_1_30' title="bbox 211 2948 1788 3036">
     <span class='ocr_line' id='line_1_30' title="bbox 211 2948 1788 3036; baseline 0.014 -38"><span class='ocrx_word' id='word_1_191' title='bbox 211 2948 306 3015; x_wconf 80' lang='grc' dir='ltr'><strong>τὴν</strong></span> <span class='ocrx_word' id='word_1_192' title='bbox 362 2950 463 3004; x_wconf 79' lang='grc' dir='ltr'><strong>τοῦ</strong></span> <span class='ocrx_word' id='word_1_193' title='bbox 528 2954 884 3026; x_wconf 77' lang='grc' dir='ltr'><strong>κηρύγματος</strong></span> <span class='ocrx_word' id='word_1_194' title='bbox 932 2961 1196 3030; x_wconf 82' lang='grc' dir='ltr'><strong>ἱστορίαν,</strong></span> <span class='ocrx_word' id='word_1_195' title='bbox 1255 2963 1325 3035; x_wconf 70' lang='grc' dir='ltr'><strong>ἢν</strong></span> <span class='ocrx_word' id='word_1_196' title='bbox 1389 2966 1662 3036; x_wconf 83' lang='grc' dir='ltr'><strong>πρότερον</strong></span> <span class='ocrx_word' id='word_1_197' title='bbox 1697 2968 1788 3020; x_wconf 73' lang='grc' dir='ltr'><strong>διὰ</strong></span> 
     </span>
    </p>
   </div>
   <div class='ocr_carea' id='block_1_31' title="bbox 208 3039 1795 3127">
    <p class='ocr_par' dir='ltr' id='par_1_31' title="bbox 208 3039 1795 3127">
     <span class='ocr_line' id='line_1_31' title="bbox 208 3039 1795 3127; baseline 0.014 -37"><span class='ocrx_word' id='word_1_198' title='bbox 208 3039 454 3110; x_wconf 82' lang='grc' dir='ltr'><strong>γλώττης</strong></span> <span class='ocrx_word' id='word_1_199' title='bbox 487 3045 687 3110; x_wconf 68' lang='grc' dir='ltr'><strong>αὐτοὺς</strong></span> <span class='ocrx_word' id='word_1_200' title='bbox 726 3048 934 3117; x_wconf 64' lang='grc' dir='ltr'><strong>ἐδίδαξε</strong></span> <span class='ocrx_word' id='word_1_201' title='bbox 956 3067 970 3082; x_wconf 87' lang='grc'><strong>·</strong></span> <span class='ocrx_word' id='word_1_202' title='bbox 1003 3055 1094 3105; x_wconf 70' lang='grc' dir='ltr'><strong>τὸν</strong></span> <span class='ocrx_word' id='word_1_203' title='bbox 1129 3055 1186 3106; x_wconf 82' lang='grc' dir='ltr'><strong>δὲ</strong></span> <span class='ocrx_word' id='word_1_204' title='bbox 1216 3057 1445 3127; x_wconf 87' lang='grc' dir='ltr'><strong>Μάρκον</strong></span> <span class='ocrx_word' id='word_1_205' title='bbox 1487 3059 1694 3125; x_wconf 79' lang='grc' dir='ltr'><strong>ὁμοίως</strong></span> <span class='ocrx_word' id='word_1_206' title='bbox 1746 3062 1795 3112; x_wconf 78' lang='lat' dir='ltr'><strong>oi</strong></span> 
     </span>
    </p>
   </div>
   <div class='ocr_carea' id='block_1_32' title="bbox 208 3131 1798 3216">
    <p class='ocr_par' dir='ltr' id='par_1_32' title="bbox 208 3131 1798 3216">
     <span class='ocr_line' id='line_1_32' title="bbox 208 3131 1798 3216; baseline 0.013 -34"><span class='ocrx_word' id='word_1_207' title='bbox 208 3131 264 3183; x_wconf 80' lang='grc' dir='ltr'><strong>ἐν</strong></span> <span class='ocrx_word' id='word_1_208' title='bbox 291 3133 559 3206; x_wconf 74' lang='grc' dir='ltr'><strong>Αἰγύπτῳ</strong></span> <span class='ocrx_word' id='word_1_209' title='bbox 599 3139 1030 3209; x_wconf 87' lang='grc' dir='ltr'><strong>μαθητευθέντες</strong></span> <span class='ocrx_word' id='word_1_210' title='bbox 1076 3145 1252 3216; x_wconf 84' lang='grc' dir='ltr'><strong>αὐτῷ.</strong></span> <span class='ocrx_word' id='word_1_211' title='bbox 1311 3148 1420 3199; x_wconf 77' lang='grc' dir='ltr'><strong>Καὶ</strong></span> <span class='ocrx_word' id='word_1_212' title='bbox 1447 3147 1474 3198; x_wconf 85' lang='grc' dir='ltr'><strong>ό</strong></span> <span class='ocrx_word' id='word_1_213' title='bbox 1502 3149 1718 3211; x_wconf 81' lang='grc' dir='ltr'><strong>Λουκᾶς</strong></span> <span class='ocrx_word' id='word_1_214' title='bbox 1742 3149 1798 3202; x_wconf 80' lang='grc' dir='ltr'><strong>δὲ</strong></span> 
     </span>
    </p>
   </div>
   <div class='ocr_carea' id='block_1_33' title="bbox 1899 652 3492 732">
    <p class='ocr_par' dir='ltr' id='par_1_33' title="bbox 1899 652 3492 732">
     <span class='ocr_line' id='line_1_33' title="bbox 1899 652 3492 732; baseline -0.003 -18"><span class='ocrx_word' id='word_1_215' title='bbox 1899 671 2154 732; x_wconf 73' lang='lat' dir='ltr'><strong>eruntque</strong></span> <span class='ocrx_word' id='word_1_216' title='bbox 2184 679 2364 715; x_wconf 79' lang='lat' dir='ltr'><strong>omnes</strong></span> <span class='ocrx_word' id='word_1_217' title='bbox 2399 661 2573 716; x_wconf 80' lang='lat' dir='ltr'><strong>edocti</strong></span> <span class='ocrx_word' id='word_1_218' title='bbox 2605 679 2637 714; x_wconf 84' lang='grc' dir='ltr'>α</span> <span class='ocrx_word' id='word_1_219' title='bbox 2679 659 2786 715; x_wconf 79' lang='lat' dir='ltr'><strong>Deo</strong></span> <span class='ocrx_word' id='word_1_220' title='bbox 2810 660 2850 713; x_wconf 88' lang='grc'><strong>³.</strong></span> <span class='ocrx_word' id='word_1_221' title='bbox 2892 658 3010 728; x_wconf 88' lang='lat' dir='ltr'><strong>lpsc</strong></span> <span class='ocrx_word' id='word_1_222' title='bbox 3041 671 3257 726; x_wconf 87' lang='lat' dir='ltr'><strong>quoque</strong></span> <span class='ocrx_word' id='word_1_223' title='bbox 3290 652 3492 710; x_wconf 82' lang='lat' dir='ltr'><strong>Paulus</strong></span> 
     </span>
    </p>
   </div>
   <div class='ocr_carea' id='block_1_34' title="bbox 1901 751 3495 818">
    <p class='ocr_par' dir='ltr' id='par_1_34' title="bbox 1901 751 3495 818">
     <span class='ocr_line' id='line_1_34' title="bbox 1901 751 3495 818; baseline -0.004 -9"><span class='ocrx_word' id='word_1_224' title='bbox 1901 756 2042 809; x_wconf 68' lang='lat' dir='ltr'><strong>hanc</strong></span> <span class='ocrx_word' id='word_1_225' title='bbox 2078 755 2325 809; x_wconf 88' lang='lat' dir='ltr'><strong>indicans</strong></span> <span class='ocrx_word' id='word_1_226' title='bbox 2373 754 2751 809; x_wconf 79' lang='lat' dir='ltr'><strong>excellentiam</strong></span> <span class='ocrx_word' id='word_1_227' title='bbox 2791 753 2834 818; x_wconf 69' lang='grc' dir='ltr'><strong>δ,</strong></span> <span class='ocrx_word' id='word_1_228' title='bbox 2869 751 3003 805; x_wconf 88' lang='lat' dir='ltr'><strong>dicit</strong></span> <span class='ocrx_word' id='word_1_229' title='bbox 3057 758 3337 818; x_wconf 76' lang='lat' dir='ltr'><strong>acceptam</strong></span> <span class='ocrx_word' id='word_1_230' title='bbox 3374 763 3495 802; x_wconf 87' lang='lat' dir='ltr'><strong>esse</strong></span> 
     </span>
    </p>
   </div>
   <div class='ocr_carea' id='block_1_35' title="bbox 1901 838 3483 917">
    <p class='ocr_par' dir='ltr' id='par_1_35' title="bbox 1901 838 3483 917">
     <span class='ocr_line' id='line_1_35' title="bbox 1901 838 3483 917; baseline -0.004 -17"><span class='ocrx_word' id='word_1_231' title='bbox 1901 848 2074 917; x_wconf 83' lang='lat' dir='ltr'><strong>legem</strong></span> <span class='ocrx_word' id='word_1_232' title='bbox 2107 862 2216 899; x_wconf 92' lang='lat' dir='ltr'><strong>non</strong></span> <span class='ocrx_word' id='word_1_233' title='bbox 2248 847 2301 899; x_wconf 90' lang='lat' dir='ltr'><strong>in</strong></span> <span class='ocrx_word' id='word_1_234' title='bbox 2332 846 2531 900; x_wconf 85' lang='lat' dir='ltr'><strong>tabulis</strong></span> <span class='ocrx_word' id='word_1_235' title='bbox 2557 844 2809 915; x_wconf 80' lang='lat' dir='ltr'><strong>lapideis.</strong></span> <span class='ocrx_word' id='word_1_236' title='bbox 2846 843 2942 898; x_wconf 84' lang='lat' dir='ltr'><strong>sed</strong></span> <span class='ocrx_word' id='word_1_237' title='bbox 2981 842 3034 895; x_wconf 90' lang='lat' dir='ltr'><strong>in</strong></span> <span class='ocrx_word' id='word_1_238' title='bbox 3070 839 3270 896; x_wconf 83' lang='lat' dir='ltr'><strong>tabulis</strong></span> <span class='ocrx_word' id='word_1_239' title='bbox 3299 838 3483 894; x_wconf 82' lang='lat' dir='ltr'><strong>cordis</strong></span> 
     </span>
    </p>
   </div>
   <div class='ocr_carea' id='block_1_36' title="bbox 1899 930 3484 1006">
    <p class='ocr_par' dir='ltr' id='par_1_36' title="bbox 1899 930 3484 1006">
     <span class='ocr_line' id='line_1_36' title="bbox 1899 930 3484 1006; baseline -0.004 -16"><span class='ocrx_word' id='word_1_240' title='bbox 1899 937 2134 992; x_wconf 85' lang='lat' dir='ltr'><strong>carneis.</strong></span> <span class='ocrx_word' id='word_1_241' title='bbox 2192 935 2295 992; x_wconf 86' lang='lat' dir='ltr'><strong>Ubi</strong></span> <span class='ocrx_word' id='word_1_242' title='bbox 2351 952 2478 996; x_wconf 89' lang='lat' dir='ltr'><strong>vero</strong></span> <span class='ocrx_word' id='word_1_243' title='bbox 2511 937 2775 1006; x_wconf 85' lang='lat' dir='ltr'><strong>temporis</strong></span> <span class='ocrx_word' id='word_1_244' title='bbox 2807 948 3098 1006; x_wconf 88' lang='lat' dir='ltr'><strong>progressu</strong></span> <span class='ocrx_word' id='word_1_245' title='bbox 3130 930 3484 1000; x_wconf 68' lang='lat' dir='ltr'><strong>naufragium</strong></span> 
     </span>
    </p>
   </div>
   <div class='ocr_carea' id='block_1_37' title="bbox 1901 1022 3494 1099">
    <p class='ocr_par' dir='ltr' id='par_1_37' title="bbox 1901 1022 3494 1099">
     <span class='ocr_line' id='line_1_37' title="bbox 1901 1022 3494 1099; baseline -0.003 -18"><span class='ocrx_word' id='word_1_246' title='bbox 1901 1022 2147 1082; x_wconf 86' lang='lat' dir='ltr'><strong>fecerunt</strong></span> <span class='ocrx_word' id='word_1_247' title='bbox 2177 1046 2190 1082; x_wconf 90' lang='lat'><strong>:</strong></span> <span class='ocrx_word' id='word_1_248' title='bbox 2226 1027 2447 1098; x_wconf 66' lang='lat' dir='ltr'><strong>quidam</strong></span> <span class='ocrx_word' id='word_1_249' title='bbox 2484 1043 2616 1082; x_wconf 87' lang='lat' dir='ltr'><strong>sane</strong></span> <span class='ocrx_word' id='word_1_250' title='bbox 2649 1028 2968 1099; x_wconf 84' lang='lat' dir='ltr'><strong>dugmatum</strong></span> <span class='ocrx_word' id='word_1_251' title='bbox 3019 1039 3209 1088; x_wconf 87' lang='lat' dir='ltr'><strong>causa,</strong></span> <span class='ocrx_word' id='word_1_252' title='bbox 3244 1023 3333 1076; x_wconf 88' lang='lat' dir='ltr'><strong>alii</strong></span> <span class='ocrx_word' id='word_1_253' title='bbox 3362 1037 3494 1076; x_wconf 84' lang='lat' dir='ltr'><strong>vero</strong></span> 
     </span>
    </p>
   </div>
   <div class='ocr_carea' id='block_1_38' title="bbox 1901 1117 3495 1186">
    <p class='ocr_par' dir='ltr' id='par_1_38' title="bbox 1901 1117 3495 1186">
     <span class='ocr_line' id='line_1_38' title="bbox 1901 1117 3495 1186; baseline -0.004 -12"><span class='ocrx_word' id='word_1_254' title='bbox 1901 1123 2007 1175; x_wconf 79' lang='lat' dir='ltr'><strong>vita</strong></span> <span class='ocrx_word' id='word_1_255' title='bbox 2039 1137 2103 1175; x_wconf 90' lang='lat' dir='ltr'><strong>ac</strong></span> <span class='ocrx_word' id='word_1_256' title='bbox 2142 1121 2389 1176; x_wconf 89' lang='lat' dir='ltr'><strong>moribus</strong></span> <span class='ocrx_word' id='word_1_257' title='bbox 2423 1139 2434 1174; x_wconf 93' lang='lat'>:</span> <span class='ocrx_word' id='word_1_258' title='bbox 2488 1137 2706 1174; x_wconf 85' lang='lat' dir='ltr'><strong>rursum</strong></span> <span class='ocrx_word' id='word_1_259' title='bbox 2745 1119 3008 1174; x_wconf 78' lang='lat' dir='ltr'><strong>memoria</strong></span> <span class='ocrx_word' id='word_1_260' title='bbox 3043 1133 3182 1186; x_wconf 91' lang='lat' dir='ltr'><strong>opus</strong></span> <span class='ocrx_word' id='word_1_261' title='bbox 3217 1117 3337 1181; x_wconf 83' lang='lat' dir='ltr'><strong>fuit,</strong></span> <span class='ocrx_word' id='word_1_262' title='bbox 3374 1131 3495 1184; x_wconf 70' lang='lat' dir='ltr'><strong>quae</strong></span> 
     </span>
    </p>
   </div>
   <div class='ocr_carea' id='block_1_39' title="bbox 1900 1211 3494 1281">
    <p class='ocr_par' dir='ltr' id='par_1_39' title="bbox 1900 1211 3494 1281">
     <span class='ocr_line' id='line_1_39' title="bbox 1900 1211 3494 1281; baseline -0.006 -13"><span class='ocrx_word' id='word_1_263' title='bbox 1900 1214 2158 1268; x_wconf 88' lang='lat' dir='ltr'><strong>alitteris</strong></span> <span class='ocrx_word' id='word_1_264' title='bbox 2195 1213 2604 1268; x_wconf 75' lang='lat' dir='ltr'><strong>subministrari</strong></span> <span class='ocrx_word' id='word_1_265' title='bbox 2638 1213 2801 1269; x_wconf 90' lang='lat' dir='ltr'><strong>solet.</strong></span> <span class='ocrx_word' id='word_1_266' title='bbox 2834 1211 3026 1281; x_wconf 86' lang='lat' dir='ltr'><strong>Cogita</strong></span> <span class='ocrx_word' id='word_1_267' title='bbox 3061 1226 3192 1280; x_wconf 90' lang='lat' dir='ltr'><strong>ergo</strong></span> <span class='ocrx_word' id='word_1_268' title='bbox 3226 1219 3494 1278; x_wconf 87' lang='lat' dir='ltr'><strong>quantum</strong></span> 
     </span>
    </p>
   </div>
   <div class='ocr_carea' id='block_1_40' title="bbox 1902 1300 3494 1375">
    <p class='ocr_par' dir='ltr' id='par_1_40' title="bbox 1902 1300 3494 1375">
     <span class='ocr_line' id='line_1_40' title="bbox 1902 1300 3494 1375; baseline -0.006 -14"><span class='ocrx_word' id='word_1_269' title='bbox 1902 1307 2070 1362; x_wconf 81' lang='lat' dir='ltr'><strong>fuerit</strong></span> <span class='ocrx_word' id='word_1_270' title='bbox 2107 1306 2334 1368; x_wconf 86' lang='lat' dir='ltr'><strong>malum,</strong></span> <span class='ocrx_word' id='word_1_271' title='bbox 2363 1305 2474 1375; x_wconf 49' lang='lat' dir='ltr'><strong>qui.</strong></span> <span class='ocrx_word' id='word_1_272' title='bbox 2503 1305 2643 1360; x_wconf 88' lang='lat' dir='ltr'><strong>adeo</strong></span> <span class='ocrx_word' id='word_1_273' title='bbox 2693 1319 2828 1375; x_wconf 88' lang='lat' dir='ltr'><strong>pure</strong></span> <span class='ocrx_word' id='word_1_274' title='bbox 2879 1303 3064 1357; x_wconf 73' lang='lat' dir='ltr'><strong>vivere</strong></span> <span class='ocrx_word' id='word_1_275' title='bbox 3116 1300 3494 1364; x_wconf 74' lang='lat' dir='ltr'><strong>debuerimus,</strong></span> 
     </span>
    </p>
   </div>
   <div class='ocr_carea' id='block_1_41' title="bbox 1902 1391 3491 1468">
    <p class='ocr_par' dir='ltr' id='par_1_41' title="bbox 1902 1391 3491 1468">
     <span class='ocr_line' id='line_1_41' title="bbox 1902 1391 3491 1468; baseline -0.005 -16"><span class='ocrx_word' id='word_1_276' title='bbox 1902 1408 1964 1452; x_wconf 89' lang='lat' dir='ltr'><strong>ut</strong></span> <span class='ocrx_word' id='word_1_277' title='bbox 2011 1398 2206 1452; x_wconf 87' lang='lat' dir='ltr'><strong>litteris</strong></span> <span class='ocrx_word' id='word_1_278' title='bbox 2239 1412 2348 1451; x_wconf 90' lang='lat' dir='ltr'><strong>non</strong></span> <span class='ocrx_word' id='word_1_279' title='bbox 2379 1396 2774 1468; x_wconf 79' lang='lat' dir='ltr'><strong>iudigeremus.</strong></span> <span class='ocrx_word' id='word_1_280' title='bbox 2821 1396 2915 1451; x_wconf 89' lang='lat' dir='ltr'><strong>sed</strong></span> <span class='ocrx_word' id='word_1_281' title='bbox 2947 1408 3046 1464; x_wconf 91' lang='lat' dir='ltr'><strong>pro</strong></span> <span class='ocrx_word' id='word_1_282' title='bbox 3081 1393 3238 1447; x_wconf 83' lang='lat' dir='ltr'><strong>libris</strong></span> <span class='ocrx_word' id='word_1_283' title='bbox 3272 1391 3491 1462; x_wconf 83' lang='lat' dir='ltr'><strong>praebe-</strong></span> 
     </span>
    </p>
   </div>
   <div class='ocr_carea' id='block_1_42' title="bbox 1900 1482 3496 1560">
    <p class='ocr_par' dir='ltr' id='par_1_42' title="bbox 1900 1482 3496 1560">
     <span class='ocr_line' id='line_1_42' title="bbox 1900 1482 3496 1560; baseline -0.005 -15"><span class='ocrx_word' id='word_1_284' title='bbox 1900 1508 2085 1546; x_wconf 84' lang='lat' dir='ltr'><strong>remus</strong></span> <span class='ocrx_word' id='word_1_285' title='bbox 2139 1490 2303 1547; x_wconf 75' lang='lat' dir='ltr'><strong>corila</strong></span> <span class='ocrx_word' id='word_1_286' title='bbox 2336 1489 2604 1559; x_wconf 86' lang='lat' dir='ltr'><strong>Spiritui;</strong></span> <span class='ocrx_word' id='word_1_287' title='bbox 2667 1498 2956 1560; x_wconf 82' lang='lat' dir='ltr'><strong>postquam</strong></span> <span class='ocrx_word' id='word_1_288' title='bbox 3021 1487 3287 1541; x_wconf 78' lang='lat' dir='ltr'><strong>honorent</strong></span> <span class='ocrx_word' id='word_1_289' title='bbox 3344 1482 3496 1537; x_wconf 90' lang='lat' dir='ltr'><strong>illum</strong></span> 
     </span>
    </p>
   </div>
   <div class='ocr_carea' id='block_1_43' title="bbox 1901 1582 3496 1661">
    <p class='ocr_par' dir='ltr' id='par_1_43' title="bbox 1901 1582 3496 1661">
     <span class='ocr_line' id='line_1_43' title="bbox 1901 1582 3496 1661; baseline -0.006 -19"><span class='ocrx_word' id='word_1_290' title='bbox 1901 1588 2259 1657; x_wconf 85' lang='lat' dir='ltr'><strong>perdidimus.</strong></span> <span class='ocrx_word' id='word_1_291' title='bbox 2291 1605 2355 1645; x_wconf 66' lang='lat' dir='ltr'><strong>ac</strong></span> <span class='ocrx_word' id='word_1_292' title='bbox 2385 1603 2486 1642; x_wconf 92' lang='lat' dir='ltr'><strong>nos</strong></span> <span class='ocrx_word' id='word_1_293' title='bbox 2523 1588 2667 1656; x_wconf 87' lang='lat' dir='ltr'><strong>ipsos</strong></span> <span class='ocrx_word' id='word_1_294' title='bbox 2701 1588 2754 1640; x_wconf 91' lang='lat' dir='ltr'><strong>in</strong></span> <span class='ocrx_word' id='word_1_295' title='bbox 2792 1585 2935 1640; x_wconf 87' lang='lat' dir='ltr'><strong>hanc</strong></span> <span class='ocrx_word' id='word_1_296' title='bbox 2965 1582 3356 1640; x_wconf 79' lang='lat' dir='ltr'><strong>consutuimus</strong></span> <span class='ocrx_word' id='word_1_297' title='bbox 3392 1594 3496 1661; x_wconf 35' lang='lat' dir='ltr'><strong>‘ne-</strong></span> 
     </span>
    </p>
   </div>
   <div class='ocr_carea' id='block_1_44' title="bbox 1898 1665 3495 1748">
    <p class='ocr_par' dir='ltr' id='par_1_44' title="bbox 1898 1665 3495 1748">
     <span class='ocr_line' id='line_1_44' title="bbox 1898 1665 3495 1748; baseline -0.007 -15"><span class='ocrx_word' id='word_1_298' title='bbox 1898 1665 2240 1744; x_wconf 59' lang='lat' dir='ltr'><strong>cessitateni:</strong></span> <span class='ocrx_word' id='word_1_299' title='bbox 2288 1688 2348 1734; x_wconf 86' lang='lat' dir='ltr'><strong>ut</strong></span> <span class='ocrx_word' id='word_1_300' title='bbox 2378 1694 2448 1734; x_wconf 83' lang='lat' dir='ltr'><strong>ne</strong></span> <span class='ocrx_word' id='word_1_301' title='bbox 2474 1678 2647 1734; x_wconf 89' lang='lat' dir='ltr'><strong>altero</strong></span> <span class='ocrx_word' id='word_1_302' title='bbox 2675 1678 2899 1748; x_wconf 87' lang='lat' dir='ltr'><strong>quidem</strong></span> <span class='ocrx_word' id='word_1_303' title='bbox 2934 1685 3153 1730; x_wconf 81' lang='lat' dir='ltr'><strong>utamur</strong></span> <span class='ocrx_word' id='word_1_304' title='bbox 3179 1675 3495 1743; x_wconf 78' lang='lat' dir='ltr'><strong>pharmace,</strong></span> 
     </span>
    </p>
   </div>
   <div class='ocr_carea' id='block_1_45' title="bbox 1898 1765 3494 1843">
    <p class='ocr_par' dir='ltr' id='par_1_45' title="bbox 1898 1765 3494 1843">
     <span class='ocr_line' id='line_1_45' title="bbox 1898 1765 3494 1843; baseline -0.006 -16"><span class='ocrx_word' id='word_1_305' title='bbox 1898 1773 1993 1828; x_wconf 88' lang='lat' dir='ltr'><strong>sed</strong></span> <span class='ocrx_word' id='word_1_306' title='bbox 2024 1775 2178 1843; x_wconf 89' lang='lat' dir='ltr'><strong>quasi</strong></span> <span class='ocrx_word' id='word_1_307' title='bbox 2234 1772 2435 1828; x_wconf 79' lang='lat' dir='ltr'><strong>frustra</strong></span> <span class='ocrx_word' id='word_1_308' title='bbox 2484 1787 2547 1828; x_wconf 86' lang='lat' dir='ltr'><strong>ac</strong></span> <span class='ocrx_word' id='word_1_309' title='bbox 2593 1773 2644 1826; x_wconf 88' lang='lat' dir='ltr'><strong>in</strong></span> <span class='ocrx_word' id='word_1_310' title='bbox 2702 1787 2902 1825; x_wconf 89' lang='lat' dir='ltr'><strong>vanum</strong></span> <span class='ocrx_word' id='word_1_311' title='bbox 2930 1770 3188 1839; x_wconf 89' lang='lat' dir='ltr'><strong>jaccntcs</strong></span> <span class='ocrx_word' id='word_1_312' title='bbox 3219 1765 3494 1835; x_wconf 87' lang='lat' dir='ltr'><strong>despicia-</strong></span> 
     </span>
    </p>
   </div>
   <div class='ocr_carea' id='block_1_46' title="bbox 1898 1859 3498 1936">
    <p class='ocr_par' dir='ltr' id='par_1_46' title="bbox 1898 1859 3498 1936">
     <span class='ocr_line' id='line_1_46' title="bbox 1898 1859 3498 1936; baseline -0.007 -15"><span class='ocrx_word' id='word_1_313' title='bbox 1898 1882 2021 1921; x_wconf 91' lang='lat' dir='ltr'><strong>mus</strong></span> <span class='ocrx_word' id='word_1_314' title='bbox 2051 1866 2277 1921; x_wconf 84' lang='lat' dir='ltr'><strong>litteras.</strong></span> <span class='ocrx_word' id='word_1_315' title='bbox 2331 1865 2388 1920; x_wconf 83' lang='lat' dir='ltr'><strong>id</strong></span> <span class='ocrx_word' id='word_1_316' title='bbox 2414 1880 2544 1936; x_wconf 92' lang='lat' dir='ltr'><strong>ergo</strong></span> <span class='ocrx_word' id='word_1_317' title='bbox 2577 1880 2646 1918; x_wconf 91' lang='lat' dir='ltr'><strong>ne</strong></span> <span class='ocrx_word' id='word_1_318' title='bbox 2682 1863 2794 1923; x_wconf 75' lang='grc' dir='ltr'><strong>ίίειι,</strong></span> <span class='ocrx_word' id='word_1_319' title='bbox 2845 1877 2946 1933; x_wconf 87' lang='lat' dir='ltr'><strong>age</strong></span> <span class='ocrx_word' id='word_1_320' title='bbox 3012 1875 3144 1916; x_wconf 85' lang='lat' dir='ltr'><strong>sane</strong></span> <span class='ocrx_word' id='word_1_321' title='bbox 3180 1900 3193 1923; x_wconf 88' lang='lat'><strong>,</strong></span> <span class='ocrx_word' id='word_1_322' title='bbox 3252 1859 3334 1912; x_wconf 86' lang='lat' dir='ltr'><strong>his</strong></span> <span class='ocrx_word' id='word_1_323' title='bbox 3376 1873 3498 1926; x_wconf 81' lang='lat' dir='ltr'><strong>qua:</strong></span> 
     </span>
    </p>
   </div>
   <div class='ocr_carea' id='block_1_47' title="bbox 1899 1949 3499 2025">
    <p class='ocr_par' dir='ltr' id='par_1_47' title="bbox 1899 1949 3499 2025">
     <span class='ocr_line' id='line_1_47' title="bbox 1899 1949 3499 2025; baseline -0.006 -14"><span class='ocrx_word' id='word_1_324' title='bbox 1899 1957 2104 2025; x_wconf 85' lang='lat' dir='ltr'><strong>scripta</strong></span> <span class='ocrx_word' id='word_1_325' title='bbox 2168 1965 2298 2011; x_wconf 87' lang='lat' dir='ltr'><strong>sunt</strong></span> <span class='ocrx_word' id='word_1_326' title='bbox 2347 1956 2592 2009; x_wconf 89' lang='lat' dir='ltr'><strong>animum</strong></span> <span class='ocrx_word' id='word_1_327' title='bbox 2658 1955 3029 2023; x_wconf 79' lang='lat' dir='ltr'><strong>advertamus,</strong></span> <span class='ocrx_word' id='word_1_328' title='bbox 3079 1967 3143 2005; x_wconf 83' lang='lat' dir='ltr'><strong>ac</strong></span> <span class='ocrx_word' id='word_1_329' title='bbox 3182 1949 3499 2020; x_wconf 81' lang='lat' dir='ltr'><strong>diligentius</strong></span> 
     </span>
    </p>
   </div>
   <div class='ocr_carea' id='block_1_48' title="bbox 1899 2039 3499 2117">
    <p class='ocr_par' dir='ltr' id='par_1_48' title="bbox 1899 2039 3499 2117">
     <span class='ocr_line' id='line_1_48' title="bbox 1899 2039 3499 2117; baseline -0.008 -14"><span class='ocrx_word' id='word_1_330' title='bbox 1899 2047 2167 2117; x_wconf 85' lang='lat' dir='ltr'><strong>cujusque</strong></span> <span class='ocrx_word' id='word_1_331' title='bbox 2207 2047 2351 2100; x_wconf 84' lang='lat' dir='ltr'><strong>vires</strong></span> <span class='ocrx_word' id='word_1_332' title='bbox 2404 2054 2735 2108; x_wconf 85' lang='lat' dir='ltr'><strong>scrutemur,</strong></span> <span class='ocrx_word' id='word_1_333' title='bbox 2777 2053 2837 2098; x_wconf 85' lang='lat' dir='ltr'><strong>ut</strong></span> <span class='ocrx_word' id='word_1_334' title='bbox 2865 2052 2921 2096; x_wconf 87' lang='lat' dir='ltr'><strong>et</strong></span> <span class='ocrx_word' id='word_1_335' title='bbox 2954 2049 3235 2096; x_wconf 90' lang='lat' dir='ltr'><strong>rectorum</strong></span> <span class='ocrx_word' id='word_1_336' title='bbox 3273 2039 3499 2108; x_wconf 88' lang='lat' dir='ltr'><strong>dogma-</strong></span> 
     </span>
    </p>
   </div>
   <div class='ocr_carea' id='block_1_49' title="bbox 1901 2132 3496 2206">
    <p class='ocr_par' dir='ltr' id='par_1_49' title="bbox 1901 2132 3496 2206">
     <span class='ocr_line' id='line_1_49' title="bbox 1901 2132 3496 2206; baseline -0.004 -14"><span class='ocrx_word' id='word_1_337' title='bbox 1901 2147 2016 2192; x_wconf 84' lang='lat' dir='ltr'><strong>tum</strong></span> <span class='ocrx_word' id='word_1_338' title='bbox 2044 2137 2287 2203; x_wconf 77' lang='lat' dir='ltr'><strong>divitias,</strong></span> <span class='ocrx_word' id='word_1_339' title='bbox 2339 2147 2600 2206; x_wconf 88' lang='lat' dir='ltr'><strong>tanquam</strong></span> <span class='ocrx_word' id='word_1_340' title='bbox 2648 2136 2990 2198; x_wconf 85' lang='lat' dir='ltr'><strong>thesaurum,</strong></span> <span class='ocrx_word' id='word_1_341' title='bbox 3039 2133 3279 2188; x_wconf 78' lang='lat' dir='ltr'><strong>eﬂodere</strong></span> <span class='ocrx_word' id='word_1_342' title='bbox 3312 2132 3496 2196; x_wconf 73' lang='lat' dir='ltr'><strong>liceat,</strong></span> 
     </span>
    </p>
   </div>
   <div class='ocr_carea' id='block_1_50' title="bbox 1899 2226 3267 2299">
    <p class='ocr_par' dir='ltr' id='par_1_50' title="bbox 1899 2226 3267 2299">
     <span class='ocr_line' id='line_1_50' title="bbox 1899 2226 3267 2299; baseline -0.009 -12"><span class='ocrx_word' id='word_1_343' title='bbox 1899 2242 1956 2287; x_wconf 90' lang='lat' dir='ltr'><strong>et</strong></span> <span class='ocrx_word' id='word_1_344' title='bbox 1993 2239 2198 2286; x_wconf 68' lang='lat' dir='ltr'><strong>sancta:</strong></span> <span class='ocrx_word' id='word_1_345' title='bbox 2231 2230 2672 2285; x_wconf 87' lang='lat' dir='ltr'><strong>conversationis</strong></span> <span class='ocrx_word' id='word_1_346' title='bbox 2706 2228 2954 2299; x_wconf 77' lang='lat' dir='ltr'><strong>exempla</strong></span> <span class='ocrx_word' id='word_1_347' title='bbox 2989 2226 3267 2296; x_wconf 84' lang='lat' dir='ltr'><strong>colligere.</strong></span> 
     </span>
    </p>
   </div>
   <div class='ocr_carea' id='block_1_51' title="bbox 1970 2315 3497 2391">
    <p class='ocr_par' dir='ltr' id='par_1_51' title="bbox 1970 2315 3497 2391">
     <span class='ocr_line' id='line_1_51' title="bbox 1970 2315 3497 2391; baseline -0.007 -13"><span class='ocrx_word' id='word_1_348' title='bbox 1970 2324 2144 2391; x_wconf 89' lang='lat' dir='ltr'><strong>Quam</strong></span> <span class='ocrx_word' id='word_1_349' title='bbox 2176 2324 2248 2378; x_wconf 87' lang='lat' dir='ltr'><strong>ob</strong></span> <span class='ocrx_word' id='word_1_350' title='bbox 2279 2338 2526 2386; x_wconf 80' lang='lat' dir='ltr'><strong>causam.</strong></span> <span class='ocrx_word' id='word_1_351' title='bbox 2553 2323 2809 2385; x_wconf 88' lang='lat' dir='ltr'><strong>obsecro,</strong></span> <span class='ocrx_word' id='word_1_352' title='bbox 2845 2336 2970 2375; x_wconf 88' lang='lat' dir='ltr'><strong>cum</strong></span> <span class='ocrx_word' id='word_1_353' title='bbox 3026 2317 3317 2373; x_wconf 71' lang='lat' dir='ltr'><strong>duodecim</strong></span> <span class='ocrx_word' id='word_1_354' title='bbox 3379 2315 3497 2368; x_wconf 82' lang='lat' dir='ltr'><strong>fue-</strong></span> 
     </span>
    </p>
   </div>
   <div class='ocr_carea' id='block_1_52' title="bbox 1900 2408 3499 2483">
    <p class='ocr_par' dir='ltr' id='par_1_52' title="bbox 1900 2408 3499 2483">
     <span class='ocr_line' id='line_1_52' title="bbox 1900 2408 3499 2483; baseline -0.004 -16"><span class='ocrx_word' id='word_1_355' title='bbox 1900 2414 2009 2469; x_wconf 89' lang='lat' dir='ltr'><strong>rint</strong></span> <span class='ocrx_word' id='word_1_356' title='bbox 2060 2414 2316 2483; x_wconf 84' lang='lat' dir='ltr'><strong>apostoli,</strong></span> <span class='ocrx_word' id='word_1_357' title='bbox 2351 2413 2452 2468; x_wconf 85' lang='lat' dir='ltr'><strong>soli</strong></span> <span class='ocrx_word' id='word_1_358' title='bbox 2485 2429 2550 2468; x_wconf 78' lang='lat' dir='ltr'><strong>ex</strong></span> <span class='ocrx_word' id='word_1_359' title='bbox 2583 2413 2664 2468; x_wconf 88' lang='lat' dir='ltr'><strong>eis</strong></span> <span class='ocrx_word' id='word_1_360' title='bbox 2718 2414 2848 2476; x_wconf 87' lang='lat' dir='ltr'><strong>duo,</strong></span> <span class='ocrx_word' id='word_1_361' title='bbox 2896 2409 3184 2464; x_wconf 73' lang='lat' dir='ltr'><strong>Matthaeus</strong></span> <span class='ocrx_word' id='word_1_362' title='bbox 3240 2408 3499 2462; x_wconf 78' lang='lat' dir='ltr'><strong>viilelicct</strong></span> 
     </span>
    </p>
   </div>
   <div class='ocr_carea' id='block_1_53' title="bbox 1901 2499 3497 2576">
    <p class='ocr_par' dir='ltr' id='par_1_53' title="bbox 1901 2499 3497 2576">
     <span class='ocr_line' id='line_1_53' title="bbox 1901 2499 3497 2576; baseline -0.008 -14"><span class='ocrx_word' id='word_1_363' title='bbox 1901 2517 1952 2562; x_wconf 88' lang='lat' dir='ltr'><strong>et</strong></span> <span class='ocrx_word' id='word_1_364' title='bbox 2012 2506 2274 2568; x_wconf 78' lang='lat' dir='ltr'><strong>Joannes,</strong></span> <span class='ocrx_word' id='word_1_365' title='bbox 2344 2505 2639 2576; x_wconf 76' lang='lat' dir='ltr'><strong>Evangelia</strong></span> <span class='ocrx_word' id='word_1_366' title='bbox 2708 2500 3145 2572; x_wconf 82' lang='lat' dir='ltr'><strong>conscripsere?</strong></span> <span class='ocrx_word' id='word_1_367' title='bbox 3209 2499 3497 2568; x_wconf 78' lang='lat' dir='ltr'><strong>Siquidem</strong></span> 
     </span>
    </p>
   </div>
   <div class='ocr_carea' id='block_1_54' title="bbox 1901 2595 3495 2668">
    <p class='ocr_par' dir='ltr' id='par_1_54' title="bbox 1901 2595 3495 2668">
     <span class='ocr_line' id='line_1_54' title="bbox 1901 2595 3495 2668; baseline -0.007 -15"><span class='ocrx_word' id='word_1_368' title='bbox 1901 2599 2097 2668; x_wconf 83' lang='lat' dir='ltr'><strong>reliqui</strong></span> <span class='ocrx_word' id='word_1_369' title='bbox 2165 2599 2292 2661; x_wconf 84' lang='lat' dir='ltr'><strong>duo,</strong></span> <span class='ocrx_word' id='word_1_370' title='bbox 2351 2597 2603 2665; x_wconf 83' lang='lat' dir='ltr'><strong>discipuli</strong></span> <span class='ocrx_word' id='word_1_371' title='bbox 2651 2595 2835 2666; x_wconf 87' lang='lat' dir='ltr'><strong>potius</strong></span> <span class='ocrx_word' id='word_1_372' title='bbox 2866 2611 2929 2649; x_wconf 86' lang='lat' dir='ltr'><strong>ac</strong></span> <span class='ocrx_word' id='word_1_373' title='bbox 2953 2602 3260 2660; x_wconf 70' lang='lat' dir='ltr'><strong>sectatores</strong></span> <span class='ocrx_word' id='word_1_374' title='bbox 3295 2599 3495 2645; x_wconf 86' lang='lat' dir='ltr'><strong>erant:</strong></span> 
     </span>
    </p>
   </div>
   <div class='ocr_carea' id='block_1_55' title="bbox 1901 2683 3498 2761">
    <p class='ocr_par' dir='ltr' id='par_1_55' title="bbox 1901 2683 3498 2761">
     <span class='ocr_line' id='line_1_55' title="bbox 1901 2683 3498 2761; baseline -0.006 -15"><span class='ocrx_word' id='word_1_375' title='bbox 1901 2691 2118 2746; x_wconf 83' lang='lat' dir='ltr'><strong>Marcus</strong></span> <span class='ocrx_word' id='word_1_376' title='bbox 2162 2691 2384 2761; x_wconf 87' lang='lat' dir='ltr'><strong>quidem</strong></span> <span class='ocrx_word' id='word_1_377' title='bbox 2441 2689 2608 2752; x_wconf 84' lang='lat' dir='ltr'><strong>Petri,</strong></span> <span class='ocrx_word' id='word_1_378' title='bbox 2662 2687 2837 2743; x_wconf 83' lang='lat' dir='ltr'><strong>Lucas</strong></span> <span class='ocrx_word' id='word_1_379' title='bbox 2911 2697 3039 2742; x_wconf 85' lang='lat' dir='ltr'><strong>vero</strong></span> <span class='ocrx_word' id='word_1_380' title='bbox 3100 2686 3276 2748; x_wconf 84' lang='lat' dir='ltr'><strong>Pauli,</strong></span> <span class='ocrx_word' id='word_1_381' title='bbox 3329 2683 3384 2739; x_wconf 91' lang='lat' dir='ltr'><strong>Id</strong></span> <span class='ocrx_word' id='word_1_382' title='bbox 3434 2698 3498 2737; x_wconf 88' lang='lat' dir='ltr'><strong>ea</strong></span> 
     </span>
    </p>
   </div>
   <div class='ocr_carea' id='block_1_56' title="bbox 1902 2774 3492 2851">
    <p class='ocr_par' dir='ltr' id='par_1_56' title="bbox 1902 2774 3492 2851">
     <span class='ocr_line' id='line_1_56' title="bbox 1902 2774 3492 2851; baseline -0.006 -15"><span class='ocrx_word' id='word_1_383' title='bbox 1902 2801 2068 2839; x_wconf 75' lang='lat' dir='ltr'><strong>causa</strong></span> <span class='ocrx_word' id='word_1_384' title='bbox 2105 2792 2287 2838; x_wconf 89' lang='lat' dir='ltr'><strong>actum</strong></span> <span class='ocrx_word' id='word_1_385' title='bbox 2329 2790 2432 2848; x_wconf 82' lang='lat' dir='ltr'><strong>est,</strong></span> <span class='ocrx_word' id='word_1_386' title='bbox 2467 2782 2594 2851; x_wconf 87' lang='lat' dir='ltr'><strong>quia</strong></span> <span class='ocrx_word' id='word_1_387' title='bbox 2620 2780 2755 2834; x_wconf 87' lang='lat' dir='ltr'><strong>nihil</strong></span> <span class='ocrx_word' id='word_1_388' title='bbox 2786 2779 2973 2850; x_wconf 61' lang='lat' dir='ltr'><strong>gloria</strong></span> <span class='ocrx_word' id='word_1_389' title='bbox 3001 2793 3164 2833; x_wconf 86' lang='lat' dir='ltr'><strong>causa</strong></span> <span class='ocrx_word' id='word_1_390' title='bbox 3197 2774 3492 2835; x_wconf 83' lang='lat' dir='ltr'><strong>faciebant,</strong></span> 
     </span>
    </p>
   </div>
   <div class='ocr_carea' id='block_1_57' title="bbox 1901 2867 3495 2944">
    <p class='ocr_par' dir='ltr' id='par_1_57' title="bbox 1901 2867 3495 2944">
     <span class='ocr_line' id='line_1_57' title="bbox 1901 2867 3495 2944; baseline -0.009 -12"><span class='ocrx_word' id='word_1_391' title='bbox 1901 2878 1994 2932; x_wconf 87' lang='lat' dir='ltr'><strong>sed</strong></span> <span class='ocrx_word' id='word_1_392' title='bbox 2029 2877 2210 2931; x_wconf 76' lang='lat' dir='ltr'><strong>omnia</strong></span> <span class='ocrx_word' id='word_1_393' title='bbox 2268 2875 2519 2944; x_wconf 79' lang='lat' dir='ltr'><strong>exigente</strong></span> <span class='ocrx_word' id='word_1_394' title='bbox 2548 2872 2901 2927; x_wconf 79' lang='lat' dir='ltr'><strong>necessitate.</strong></span> <span class='ocrx_word' id='word_1_395' title='bbox 2961 2870 3276 2924; x_wconf 70' lang='lat' dir='ltr'><strong>Mattlm‘um</strong></span> <span class='ocrx_word' id='word_1_396' title='bbox 3326 2867 3495 2925; x_wconf 89' lang='lat' dir='ltr'><strong>enim,</strong></span> 
     </span>
    </p>
   </div>
   <div class='ocr_carea' id='block_1_58' title="bbox 1902 2957 3498 3037">
    <p class='ocr_par' dir='ltr' id='par_1_58' title="bbox 1902 2957 3498 3037">
     <span class='ocr_line' id='line_1_58' title="bbox 1902 2957 3498 3037; baseline -0.007 -17"><span class='ocrx_word' id='word_1_397' title='bbox 1902 2968 1992 3037; x_wconf 88' lang='lat' dir='ltr'><strong>qui</strong></span> <span class='ocrx_word' id='word_1_398' title='bbox 2018 2983 2083 3021; x_wconf 79' lang='lat' dir='ltr'><strong>ex</strong></span> <span class='ocrx_word' id='word_1_399' title='bbox 2112 2965 2318 3022; x_wconf 72' lang='lat' dir='ltr'><strong>Judzeis</strong></span> <span class='ocrx_word' id='word_1_400' title='bbox 2343 2965 2717 3027; x_wconf 85' lang='lat' dir='ltr'><strong>crediderant,</strong></span> <span class='ocrx_word' id='word_1_401' title='bbox 2745 2965 3200 3027; x_wconf 67' lang='lat' dir='ltr'><strong>ohsecraverum,</strong></span> <span class='ocrx_word' id='word_1_402' title='bbox 3247 2969 3306 3014; x_wconf 91' lang='lat' dir='ltr'><strong>ut</strong></span> <span class='ocrx_word' id='word_1_403' title='bbox 3355 2957 3498 3013; x_wconf 77' lang='lat' dir='ltr'><strong>sui-</strong></span> 
     </span>
    </p>
   </div>
   <div class='ocr_carea' id='block_1_59' title="bbox 1904 3054 3496 3130">
    <p class='ocr_par' dir='ltr' id='par_1_59' title="bbox 1904 3054 3496 3130">
     <span class='ocr_line' id='line_1_59' title="bbox 1904 3054 3496 3130; baseline -0.006 -16"><span class='ocrx_word' id='word_1_404' title='bbox 1904 3072 2049 3130; x_wconf 85' lang='lat' dir='ltr'><strong>‘ptam</strong></span> <span class='ocrx_word' id='word_1_405' title='bbox 2094 3059 2424 3129; x_wconf 88' lang='lat' dir='ltr'><strong>relinqueret</strong></span> <span class='ocrx_word' id='word_1_406' title='bbox 2470 3057 2604 3126; x_wconf 80' lang='lat' dir='ltr'><strong>ipsis</strong></span> <span class='ocrx_word' id='word_1_407' title='bbox 2659 3055 2939 3126; x_wconf 76' lang='lat' dir='ltr'><strong>Evangelii</strong></span> <span class='ocrx_word' id='word_1_408' title='bbox 2981 3054 3286 3117; x_wconf 85' lang='lat' dir='ltr'><strong>historiam,</strong></span> <span class='ocrx_word' id='word_1_409' title='bbox 3331 3067 3496 3122; x_wconf 84' lang='lat' dir='ltr'><strong>quam</strong></span> 
     </span>
    </p>
   </div>
   <div class='ocr_carea' id='block_1_60' title="bbox 1905 3142 3499 3220">
    <p class='ocr_par' dir='ltr' id='par_1_60' title="bbox 1905 3142 3499 3220">
     <span class='ocr_line' id='line_1_60' title="bbox 1905 3142 3499 3220; baseline -0.003 -16"><span class='ocrx_word' id='word_1_410' title='bbox 1905 3153 2057 3220; x_wconf 81' lang='lat' dir='ltr'><strong>prius</strong></span> <span class='ocrx_word' id='word_1_411' title='bbox 2107 3165 2203 3204; x_wconf 84' lang='lat' dir='ltr'><strong>eos</strong></span> <span class='ocrx_word' id='word_1_412' title='bbox 2243 3149 2411 3203; x_wconf 76' lang='lat' dir='ltr'><strong>verbo</strong></span> <span class='ocrx_word' id='word_1_413' title='bbox 2475 3147 2764 3202; x_wconf 89' lang='lat' dir='ltr'><strong>docuerat.</strong></span> <span class='ocrx_word' id='word_1_414' title='bbox 2826 3144 3093 3199; x_wconf 74' lang='lat' dir='ltr'><strong>Similiter</strong></span> <span class='ocrx_word' id='word_1_415' title='bbox 3147 3153 3203 3198; x_wconf 89' lang='lat' dir='ltr'><strong>et</strong></span> <span class='ocrx_word' id='word_1_416' title='bbox 3236 3142 3499 3200; x_wconf 83' lang='lat' dir='ltr'><strong>Marcum.</strong></span> 
     </span>
    </p>
   </div>
   <div class='ocr_carea' id='block_1_61' title="bbox 209 3223 1798 3314">
    <p class='ocr_par' dir='ltr' id='par_1_61' title="bbox 209 3223 1794 3308">
     <span class='ocr_line' id='line_1_61' title="bbox 209 3223 1794 3308; baseline 0.013 -34"><span class='ocrx_word' id='word_1_417' title='bbox 209 3223 420 3280; x_wconf 78' lang='grc' dir='ltr'><strong>τέθεικε</strong></span> <span class='ocrx_word' id='word_1_418' title='bbox 486 3229 587 3300; x_wconf 78' lang='grc' dir='ltr'><strong>τὴν</strong></span> <span class='ocrx_word' id='word_1_419' title='bbox 643 3233 825 3286; x_wconf 82' lang='grc' dir='ltr'><strong>αἰτίαν</strong></span> <span class='ocrx_word' id='word_1_420' title='bbox 870 3236 971 3304; x_wconf 83' lang='grc' dir='ltr'><strong>τῆς</strong></span> <span class='ocrx_word' id='word_1_421' title='bbox 1017 3240 1234 3307; x_wconf 75' lang='grc' dir='ltr'><strong>γραφῆς</strong></span> <span class='ocrx_word' id='word_1_422' title='bbox 1278 3237 1373 3291; x_wconf 78' lang='grc' dir='ltr'><strong>τοῦ</strong></span> <span class='ocrx_word' id='word_1_423' title='bbox 1439 3240 1794 3308; x_wconf 77' lang='grc' dir='ltr'><strong>Εύαγγελίου,</strong></span> 
     </span>
    </p>
   </div>
   <div class='ocr_carea' id='block_1_62' title="bbox 1904 3223 3498 3314">
    <p class='ocr_par' dir='ltr' id='par_1_62' title="bbox 1904 3240 3498 3314">
     <span class='ocr_line' id='line_1_62' title="bbox 1904 3240 3498 3314; baseline -0.006 -18"><span class='ocrx_word' id='word_1_424' title='bbox 1904 3245 1992 3313; x_wconf 83' lang='grc' dir='ltr'><strong>ιιιιί</strong></span> <span class='ocrx_word' id='word_1_425' title='bbox 2020 3246 2072 3296; x_wconf 93' lang='lat' dir='ltr'><strong>in</strong></span> <span class='ocrx_word' id='word_1_426' title='bbox 2107 3242 2338 3314; x_wconf 60' lang='lat' dir='ltr'><strong>.‘Egypto</strong></span> <span class='ocrx_word' id='word_1_427' title='bbox 2373 3242 2548 3298; x_wconf 82' lang='lat' dir='ltr'><strong>edocti</strong></span> <span class='ocrx_word' id='word_1_428' title='bbox 2584 3242 2824 3296; x_wconf 83' lang='lat' dir='ltr'><strong>fuerant.</strong></span> <span class='ocrx_word' id='word_1_429' title='bbox 2870 3240 3045 3294; x_wconf 75' lang='lat' dir='ltr'><strong>Lucas</strong></span> <span class='ocrx_word' id='word_1_430' title='bbox 3069 3248 3250 3292; x_wconf 87' lang='lat' dir='ltr'><strong>autem</strong></span> <span class='ocrx_word' id='word_1_431' title='bbox 3277 3249 3498 3289; x_wconf 74' lang='lat' dir='ltr'><strong>causam</strong></span> 
     </span>
    </p>
   </div>
   <div class='ocr_carea' id='block_1_63' title="bbox 208 3316 1792 3401">
    <p class='ocr_par' dir='ltr' id='par_1_63' title="bbox 208 3316 1792 3401">
     <span class='ocr_line' id='line_1_63' title="bbox 208 3316 1792 3401; baseline 0.013 -34"><span class='ocrx_word' id='word_1_432' title='bbox 208 3316 701 3391; x_wconf 82' lang='grc' dir='ltr'><strong>ἀπολογησάμενος</strong></span> <span class='ocrx_word' id='word_1_433' title='bbox 754 3326 893 3395; x_wconf 82' lang='grc' dir='ltr'><strong>πρὸς</strong></span> <span class='ocrx_word' id='word_1_434' title='bbox 942 3327 1034 3380; x_wconf 81' lang='grc' dir='ltr'><strong>τὸν</strong></span> <span class='ocrx_word' id='word_1_435' title='bbox 1092 3328 1369 3396; x_wconf 85' lang='grc' dir='ltr'><strong>Θεόφιλον,</strong></span> <span class='ocrx_word' id='word_1_436' title='bbox 1404 3331 1485 3384; x_wconf 87' lang='grc' dir='ltr'><strong>ὄτι</strong></span> <span class='ocrx_word' id='word_1_437' title='bbox 1515 3331 1586 3385; x_wconf 83' lang='grc' dir='ltr'><strong>δι’</strong></span> <span class='ocrx_word' id='word_1_438' title='bbox 1624 3333 1792 3401; x_wconf 82' lang='grc' dir='ltr'><strong>ἀσφά-</strong></span> 
     </span>
    </p>
   </div>
   <div class='ocr_carea' id='block_1_64' title="bbox 208 3405 1804 3488">
    <p class='ocr_par' dir='ltr' id='par_1_64' title="bbox 208 3405 1804 3488">
     <span class='ocr_line' id='line_1_64' title="bbox 208 3405 1804 3488; baseline 0.012 -32"><span class='ocrx_word' id='word_1_439' title='bbox 208 3405 355 3460; x_wconf 75' lang='grc' dir='ltr'><strong>ὶειαν</strong></span> <span class='ocrx_word' id='word_1_440' title='bbox 389 3411 562 3464; x_wconf 81' lang='grc' dir='ltr'><strong>αὐτοῦ</strong></span> <span class='ocrx_word' id='word_1_441' title='bbox 594 3411 752 3465; x_wconf 79' lang='grc' dir='ltr'><strong>τοῦτο</strong></span> <span class='ocrx_word' id='word_1_442' title='bbox 783 3415 1115 3485; x_wconf 70' lang='grc' dir='ltr'><strong>συνέγραψε.</strong></span> <span class='ocrx_word' id='word_1_443' title='bbox 1150 3419 1288 3487; x_wconf 80' lang='grc' dir='ltr'><strong>Φησὶ</strong></span> <span class='ocrx_word' id='word_1_444' title='bbox 1327 3419 1467 3488; x_wconf 79' lang='grc' dir='ltr'><strong>γάρ’</strong></span> <span class='ocrx_word' id='word_1_445' title='bbox 1504 3418 1629 3474; x_wconf 75' lang='grc' dir='ltr'><strong>Ἵνα</strong></span> <span class='ocrx_word' id='word_1_446' title='bbox 1678 3422 1804 3476; x_wconf 81' lang='grc' dir='ltr'><strong>ἐπι-</strong></span> 
     </span>
    </p>
   </div>
   <div class='ocr_carea' id='block_1_65' title="bbox 208 3491 1805 3580">
    <p class='ocr_par' dir='ltr' id='par_1_65' title="bbox 208 3491 1805 3580">
     <span class='ocr_line' id='line_1_65' title="bbox 208 3491 1805 3580; baseline 0.014 -35"><span class='ocrx_word' id='word_1_447' title='bbox 208 3491 384 3560; x_wconf 67' lang='grc' dir='ltr'><strong>πγῷς,</strong></span> <span class='ocrx_word' id='word_1_448' title='bbox 428 3499 567 3564; x_wconf 76' lang='grc' dir='ltr'><strong>περὶ</strong></span> <span class='ocrx_word' id='word_1_449' title='bbox 613 3493 703 3552; x_wconf 80' lang='grc' dir='ltr'><strong>ὧν</strong></span> <span class='ocrx_word' id='word_1_450' title='bbox 751 3503 1104 3572; x_wconf 72' lang='grc' dir='ltr'><strong>κατηχήθης</strong></span> <span class='ocrx_word' id='word_1_451' title='bbox 1190 3508 1413 3577; x_wconf 66' lang='grc' dir='ltr'><strong>λόγων,</strong></span> <span class='ocrx_word' id='word_1_452' title='bbox 1444 3509 1561 3577; x_wconf 80' lang='grc' dir='ltr'><strong>τὴν</strong></span> <span class='ocrx_word' id='word_1_453' title='bbox 1603 3510 1805 3580; x_wconf 75' lang='grc' dir='ltr'><strong>ἀσφά-</strong></span> 
     </span>
    </p>
   </div>
   <div class='ocr_carea' id='block_1_66' title="bbox 208 3584 1805 3670">
    <p class='ocr_par' dir='ltr' id='par_1_66' title="bbox 208 3584 1805 3670">
     <span class='ocr_line' id='line_1_66' title="bbox 208 3584 1805 3670; baseline 0.013 -34"><span class='ocrx_word' id='word_1_454' title='bbox 208 3584 379 3638; x_wconf 74' lang='grc' dir='ltr'><strong>λειαν</strong></span> <span class='ocrx_word' id='word_1_455' title='bbox 405 3626 421 3641; x_wconf 92' lang='grc'><strong>.</strong></span> <span class='ocrx_word' id='word_1_456' title='bbox 471 3587 534 3640; x_wconf 90' lang='lat'><strong>&#39;0</strong></span> <span class='ocrx_word' id='word_1_457' title='bbox 568 3588 626 3642; x_wconf 86' lang='grc' dir='ltr'><strong>δὲ</strong></span> <span class='ocrx_word' id='word_1_458' title='bbox 666 3590 922 3663; x_wconf 83' lang='grc' dir='ltr'><strong>Ἰωάννης</strong></span> <span class='ocrx_word' id='word_1_459' title='bbox 951 3596 1193 3665; x_wconf 76' lang='grc' dir='ltr'><strong>ἐντυχὼν</strong></span> <span class='ocrx_word' id='word_1_460' title='bbox 1225 3601 1340 3660; x_wconf 83' lang='grc' dir='ltr'><strong>τοῖς</strong></span> <span class='ocrx_word' id='word_1_461' title='bbox 1373 3599 1583 3653; x_wconf 91' lang='grc' dir='ltr'><strong>τούτων</strong></span> <span class='ocrx_word' id='word_1_462' title='bbox 1622 3604 1805 3670; x_wconf 83' lang='grc' dir='ltr'><strong>Εὐαγ-</strong></span> 
     </span>
    </p>
   </div>
   <div class='ocr_carea' id='block_1_67' title="bbox 210 3676 1804 3764">
    <p class='ocr_par' dir='ltr' id='par_1_67' title="bbox 210 3676 1804 3764">
     <span class='ocr_line' id='line_1_67' title="bbox 210 3676 1804 3764; baseline 0.013 -36"><span class='ocrx_word' id='word_1_463' title='bbox 210 3676 435 3744; x_wconf 54' lang='lat' dir='ltr'><strong>rallam,</strong></span> <span class='ocrx_word' id='word_1_464' title='bbox 500 3680 594 3732; x_wconf 82' lang='grc' dir='ltr'>καὶ</span> <span class='ocrx_word' id='word_1_465' title='bbox 656 3682 801 3748; x_wconf 82' lang='grc' dir='ltr'><strong>ίδὼν,</strong></span> <span class='ocrx_word' id='word_1_466' title='bbox 858 3686 938 3739; x_wconf 86' lang='grc' dir='ltr'><strong>ὅτι</strong></span> <span class='ocrx_word' id='word_1_467' title='bbox 967 3690 1063 3741; x_wconf 57' lang='grc' dir='ltr'><strong>καί⁹</strong></span> <span class='ocrx_word' id='word_1_468' title='bbox 1102 3689 1156 3742; x_wconf 84' lang='lat' dir='ltr'><strong>oi.</strong></span> <span class='ocrx_word' id='word_1_469' title='bbox 1201 3693 1352 3761; x_wconf 82' lang='grc' dir='ltr'><strong>τρεῖς</strong></span> <span class='ocrx_word' id='word_1_470' title='bbox 1402 3693 1481 3763; x_wconf 80' lang='grc' dir='ltr'><strong>τῷ</strong></span> <span class='ocrx_word' id='word_1_471' title='bbox 1525 3696 1653 3763; x_wconf 77' lang='grc' dir='ltr'><strong>περὶ</strong></span> <span class='ocrx_word' id='word_1_472' title='bbox 1703 3695 1804 3764; x_wconf 63' lang='grc' dir='ltr'><strong>τῆς</strong></span> 
     </span>
    </p>
   </div>
   <div class='ocr_carea' id='block_1_68' title="bbox 208 3771 1804 3856">
    <p class='ocr_par' dir='ltr' id='par_1_68' title="bbox 208 3771 1804 3856">
     <span class='ocr_line' id='line_1_68' title="bbox 208 3771 1804 3856; baseline 0.014 -35"><span class='ocrx_word' id='word_1_473' title='bbox 208 3771 685 3844; x_wconf 80' lang='grc' dir='ltr'><strong>ὲνανθρωπήσεως</strong></span> <span class='ocrx_word' id='word_1_474' title='bbox 736 3777 831 3832; x_wconf 82' lang='grc' dir='ltr'><strong>τοῦ</strong></span> <span class='ocrx_word' id='word_1_475' title='bbox 869 3779 1139 3850; x_wconf 71' lang='grc' dir='ltr'><strong>Σωτῆρος,</strong></span> <span class='ocrx_word' id='word_1_476' title='bbox 1173 3783 1518 3854; x_wconf 72' lang='grc' dir='ltr'><strong>ἐνδιέτριψαν</strong></span> <span class='ocrx_word' id='word_1_477' title='bbox 1562 3787 1804 3856; x_wconf 85' lang='grc' dir='ltr'><strong>μάλιστα</strong></span> 
     </span>
    </p>
   </div>
   <div class='ocr_carea' id='block_1_69' title="bbox 209 3856 1804 3946">
    <p class='ocr_par' dir='ltr' id='par_1_69' title="bbox 209 3856 1804 3946">
     <span class='ocr_line' id='line_1_69' title="bbox 209 3856 1804 3946; baseline 0.014 -40"><span class='ocrx_word' id='word_1_478' title='bbox 209 3856 373 3929; x_wconf 86' lang='grc' dir='ltr'><strong>λόγῳ,</strong></span> <span class='ocrx_word' id='word_1_479' title='bbox 409 3861 512 3914; x_wconf 81' lang='grc' dir='ltr'><strong>καὶ</strong></span> <span class='ocrx_word' id='word_1_480' title='bbox 551 3861 739 3917; x_wconf 79' lang='grc' dir='ltr'><strong>λοιπὸν</strong></span> <span class='ocrx_word' id='word_1_481' title='bbox 786 3865 1012 3936; x_wconf 72' lang='grc' dir='ltr'><strong>ἔμελλον</strong></span> <span class='ocrx_word' id='word_1_482' title='bbox 1052 3871 1510 3940; x_wconf 84' lang='grc' dir='ltr'><strong>ἁποσιωπηθῆναι</strong></span> <span class='ocrx_word' id='word_1_483' title='bbox 1563 3877 1630 3926; x_wconf 68' lang='grc' dir='ltr'><strong>τὰ</strong></span> <span class='ocrx_word' id='word_1_484' title='bbox 1675 3879 1804 3946; x_wconf 70' lang='grc' dir='ltr'><strong>περὶ</strong></span> 
     </span>
    </p>
   </div>
   <div class='ocr_carea' id='block_1_70' title="bbox 208 3947 1804 4036">
    <p class='ocr_par' dir='ltr' id='par_1_70' title="bbox 208 3947 1804 4036">
     <span class='ocr_line' id='line_1_70' title="bbox 208 3947 1804 4036; baseline 0.013 -35"><span class='ocrx_word' id='word_1_485' title='bbox 208 3947 306 4018; x_wconf 84' lang='grc' dir='ltr'><strong>τῆς</strong></span> <span class='ocrx_word' id='word_1_486' title='bbox 335 3949 596 4018; x_wconf 83' lang='grc' dir='ltr'><strong>θεότητος</strong></span> <span class='ocrx_word' id='word_1_487' title='bbox 634 3954 800 4009; x_wconf 80' lang='grc' dir='ltr'><strong>αὑτοῦ</strong></span> <span class='ocrx_word' id='word_1_488' title='bbox 833 3957 1102 4028; x_wconf 81' lang='grc' dir='ltr'><strong>δόγματα,</strong></span> <span class='ocrx_word' id='word_1_489' title='bbox 1134 3960 1232 4013; x_wconf 83' lang='grc' dir='ltr'><strong>τοῦ</strong></span> <span class='ocrx_word' id='word_1_490' title='bbox 1265 3963 1506 4033; x_wconf 76' lang='grc' dir='ltr'><strong>Χριστοῦ</strong></span> <span class='ocrx_word' id='word_1_491' title='bbox 1540 3967 1804 4036; x_wconf 85' lang='grc' dir='ltr'><strong>κινήσαν-</strong></span> 
     </span>
    </p>
   </div>
   <div class='ocr_carea' id='block_1_71' title="bbox 211 4044 1798 4129">
    <p class='ocr_par' dir='ltr' id='par_1_71' title="bbox 211 4044 1798 4129">
     <span class='ocr_line' id='line_1_71' title="bbox 211 4044 1798 4129; baseline 0.013 -35"><span class='ocrx_word' id='word_1_492' title='bbox 211 4059 297 4104; x_wconf 87' lang='grc' dir='ltr'><strong>τος</strong></span> <span class='ocrx_word' id='word_1_493' title='bbox 317 4044 509 4112; x_wconf 83' lang='grc' dir='ltr'><strong>αὐτὸν,</strong></span> <span class='ocrx_word' id='word_1_494' title='bbox 526 4044 690 4118; x_wconf 82' lang='grc' dir='ltr'><strong>ἦλθεν</strong></span> <span class='ocrx_word' id='word_1_495' title='bbox 716 4051 809 4103; x_wconf 75' lang='grc' dir='ltr'><strong>ἐπὶ</strong></span> <span class='ocrx_word' id='word_1_496' title='bbox 838 4051 936 4121; x_wconf 78' lang='grc' dir='ltr'><strong>τὴν</strong></span> <span class='ocrx_word' id='word_1_497' title='bbox 957 4051 1051 4104; x_wconf 78' lang='grc' dir='ltr'><strong>τοῦ</strong></span> <span class='ocrx_word' id='word_1_498' title='bbox 1075 4053 1415 4122; x_wconf 87' lang='grc' dir='ltr'><strong>Εύαγγελίου</strong></span> <span class='ocrx_word' id='word_1_499' title='bbox 1448 4062 1798 4129; x_wconf 83' lang='grc' dir='ltr'><strong>συγγραφήν.</strong></span> 
     </span>
    </p>
   </div>
   <div class='ocr_carea' id='block_1_72' title="bbox 209 4133 1801 4215">
    <p class='ocr_par' dir='ltr' id='par_1_72' title="bbox 209 4133 1801 4215">
     <span class='ocr_line' id='line_1_72' title="bbox 209 4133 1801 4215; baseline 0.011 -30"><span class='ocrx_word' id='word_1_500' title='bbox 209 4133 298 4187; x_wconf 80' lang='grc' dir='ltr'><strong>Διὸ</strong></span> <span class='ocrx_word' id='word_1_501' title='bbox 337 4137 433 4188; x_wconf 69' lang='grc' dir='ltr'><strong>καὶ</strong></span> <span class='ocrx_word' id='word_1_502' title='bbox 461 4139 531 4192; x_wconf 78' lang='grc' dir='ltr'><strong>ὲκ</strong></span> <span class='ocrx_word' id='word_1_503' title='bbox 559 4141 864 4211; x_wconf 78' lang='grc' dir='ltr'><strong>προοιμίων</strong></span> <span class='ocrx_word' id='word_1_504' title='bbox 908 4147 1034 4213; x_wconf 81' lang='grc' dir='ltr'><strong>περὶ</strong></span> <span class='ocrx_word' id='word_1_505' title='bbox 1084 4145 1266 4198; x_wconf 68' lang='grc' dir='ltr'><strong>αὐτῶν</strong></span> <span class='ocrx_word' id='word_1_506' title='bbox 1293 4146 1638 4215; x_wconf 81' lang='grc' dir='ltr'><strong>διαλέγεται.</strong></span> <span class='ocrx_word' id='word_1_507' title='bbox 1702 4150 1801 4203; x_wconf 86' lang='grc' dir='ltr'><strong>Διά</strong></span> 
     </span>
    </p>
   </div>
   <div class='ocr_carea' id='block_1_73' title="bbox 209 4225 1802 4310">
    <p class='ocr_par' dir='ltr' id='par_1_73' title="bbox 209 4225 1802 4310">
     <span class='ocr_line' id='line_1_73' title="bbox 209 4225 1802 4310; baseline 0.012 -33"><span class='ocrx_word' id='word_1_508' title='bbox 209 4225 380 4280; x_wconf 82' lang='grc' dir='ltr'><strong>ταῦτα</strong></span> <span class='ocrx_word' id='word_1_509' title='bbox 410 4229 524 4299; x_wconf 85' lang='grc' dir='ltr'><strong>γάρ</strong></span> <span class='ocrx_word' id='word_1_510' title='bbox 556 4231 734 4285; x_wconf 76' lang='grc' dir='ltr'><strong>καὶτὸ</strong></span> <span class='ocrx_word' id='word_1_511' title='bbox 776 4236 883 4287; x_wconf 79' lang='grc' dir='ltr'><strong>πᾶν</strong></span> <span class='ocrx_word' id='word_1_512' title='bbox 933 4235 1136 4305; x_wconf 74' lang='grc' dir='ltr'><strong>βιϐλίον</strong></span> <span class='ocrx_word' id='word_1_513' title='bbox 1171 4238 1457 4310; x_wconf 81' lang='grc' dir='ltr'><strong>συνέθηκε.</strong></span> <span class='ocrx_word' id='word_1_514' title='bbox 1488 4242 1560 4295; x_wconf 78' lang='grc' dir='ltr'><strong>Σὺ</strong></span> <span class='ocrx_word' id='word_1_515' title='bbox 1589 4241 1645 4296; x_wconf 82' lang='grc' dir='ltr'><strong>δὲ</strong></span> <span class='ocrx_word' id='word_1_516' title='bbox 1667 4241 1802 4296; x_wconf 81' lang='grc' dir='ltr'><strong>θαύ-</strong></span> 
     </span>
    </p>
   </div>
   <div class='ocr_carea' id='block_1_74' title="bbox 211 4322 1801 4403">
    <p class='ocr_par' dir='ltr' id='par_1_74' title="bbox 211 4322 1801 4403">
     <span class='ocr_line' id='line_1_74' title="bbox 211 4322 1801 4403; baseline 0.011 -33"><span class='ocrx_word' id='word_1_517' title='bbox 211 4336 405 4388; x_wconf 87' lang='grc' dir='ltr'><strong>μασον,</strong></span> <span class='ocrx_word' id='word_1_518' title='bbox 442 4322 567 4386; x_wconf 81' lang='grc' dir='ltr'><strong>πῶς</strong></span> <span class='ocrx_word' id='word_1_519' title='bbox 598 4324 735 4395; x_wconf 81' lang='grc' dir='ltr'><strong>μήτε</strong></span> <span class='ocrx_word' id='word_1_520' title='bbox 785 4326 930 4380; x_wconf 83' lang='grc' dir='ltr'><strong>κατὰ</strong></span> <span class='ocrx_word' id='word_1_521' title='bbox 963 4329 1056 4380; x_wconf 75' lang='grc' dir='ltr'><strong>τὸν</strong></span> <span class='ocrx_word' id='word_1_522' title='bbox 1087 4329 1253 4382; x_wconf 81' lang='grc' dir='ltr'><strong>αὑτὸν</strong></span> <span class='ocrx_word' id='word_1_523' title='bbox 1282 4333 1478 4402; x_wconf 78' lang='grc' dir='ltr'><strong>καιρὸν</strong></span> <span class='ocrx_word' id='word_1_524' title='bbox 1511 4334 1578 4386; x_wconf 77' lang='grc' dir='ltr'><strong>τά</strong></span> <span class='ocrx_word' id='word_1_525' title='bbox 1619 4334 1801 4403; x_wconf 81' lang='grc' dir='ltr'>Εὐαγ-</span> 
     </span>
    </p>
   </div>
   <div class='ocr_carea' id='block_1_75' title="bbox 209 4410 1798 4493">
    <p class='ocr_par' dir='ltr' id='par_1_75' title="bbox 209 4410 1798 4493">
     <span class='ocr_line' id='line_1_75' title="bbox 209 4410 1798 4493; baseline 0.012 -31"><span class='ocrx_word' id='word_1_526' title='bbox 209 4410 367 4476; x_wconf 78' lang='grc' dir='ltr'><strong>γέλια</strong></span> <span class='ocrx_word' id='word_1_527' title='bbox 403 4414 856 4484; x_wconf 76' lang='grc' dir='ltr'><strong>συγγράψαντες,</strong></span> <span class='ocrx_word' id='word_1_528' title='bbox 909 4421 1044 4489; x_wconf 77' lang='grc' dir='ltr'><strong>μήτε</strong></span> <span class='ocrx_word' id='word_1_529' title='bbox 1090 4423 1235 4474; x_wconf 73' lang='grc' dir='ltr'><strong>κατὰ</strong></span> <span class='ocrx_word' id='word_1_530' title='bbox 1270 4423 1363 4476; x_wconf 75' lang='grc' dir='ltr'><strong>τδν</strong></span> <span class='ocrx_word' id='word_1_531' title='bbox 1401 4425 1571 4478; x_wconf 75' lang='grc' dir='ltr'><strong>αὐτὸν</strong></span> <span class='ocrx_word' id='word_1_532' title='bbox 1609 4432 1798 4493; x_wconf 87' lang='grc' dir='ltr'><strong>τόπον,</strong></span> 
     </span>
    </p>
   </div>
   <div class='ocr_carea' id='block_1_76' title="bbox 213 4503 1800 4592">
    <p class='ocr_par' dir='ltr' id='par_1_76' title="bbox 213 4503 1800 4592">
     <span class='ocr_line' id='line_1_76' title="bbox 213 4503 1800 4592; baseline 0.011 -37"><span class='ocrx_word' id='word_1_533' title='bbox 213 4503 350 4572; x_wconf 78' lang='grc' dir='ltr'><strong>μήτε</strong></span> <span class='ocrx_word' id='word_1_534' title='bbox 372 4505 898 4578; x_wconf 85' lang='grc' dir='ltr'><strong>κοινολογησάμενοι</strong></span> <span class='ocrx_word' id='word_1_535' title='bbox 934 4512 1070 4581; x_wconf 82' lang='grc' dir='ltr'><strong>πρὸς</strong></span> <span class='ocrx_word' id='word_1_536' title='bbox 1098 4513 1384 4585; x_wconf 79' lang='grc' dir='ltr'><strong>ἀλλήλους,</strong></span> <span class='ocrx_word' id='word_1_537' title='bbox 1411 4517 1584 4588; x_wconf 84' lang='grc' dir='ltr'><strong>ὅμως,</strong></span> <span class='ocrx_word' id='word_1_538' title='bbox 1609 4518 1800 4592; x_wconf 85' lang='grc' dir='ltr'><strong>ὥσπερ</strong></span> 
     </span>
    </p>
   </div>
   <div class='ocr_carea' id='block_1_77' title="bbox 1907 3325 3494 3402">
    <p class='ocr_par' dir='ltr' id='par_1_77' title="bbox 1907 3325 3494 3402">
     <span class='ocr_line' id='line_1_77' title="bbox 1907 3325 3494 3402; baseline -0.006 -14"><span class='ocrx_word' id='word_1_539' title='bbox 1907 3335 2078 3397; x_wconf 88' lang='lat' dir='ltr'><strong>addit,</strong></span> <span class='ocrx_word' id='word_1_540' title='bbox 2123 3349 2222 3388; x_wconf 86' lang='lat' dir='ltr'><strong>cur</strong></span> <span class='ocrx_word' id='word_1_541' title='bbox 2281 3333 2627 3402; x_wconf 81' lang='lat' dir='ltr'><strong>Evangelium</strong></span> <span class='ocrx_word' id='word_1_542' title='bbox 2681 3330 3100 3401; x_wconf 80' lang='lat' dir='ltr'><strong>conseripserit.</strong></span> <span class='ocrx_word' id='word_1_543' title='bbox 3173 3328 3366 3382; x_wconf 87' lang='lat' dir='ltr'><strong>dicens</strong></span> <span class='ocrx_word' id='word_1_544' title='bbox 3423 3325 3494 3378; x_wconf 81' lang='lat' dir='ltr'><strong>ad</strong></span> 
     </span>
    </p>
   </div>
   <div class='ocr_carea' id='block_1_78' title="bbox 1907 3417 3492 3493">
    <p class='ocr_par' dir='ltr' id='par_1_78' title="bbox 1907 3417 3492 3493">
     <span class='ocr_line' id='line_1_78' title="bbox 1907 3417 3492 3493; baseline -0.006 -17"><span class='ocrx_word' id='word_1_545' title='bbox 1907 3423 2296 3493; x_wconf 76' lang='lat' dir='ltr'><strong>Theophilum,</strong></span> <span class='ocrx_word' id='word_1_546' title='bbox 2335 3438 2392 3477; x_wconf 89' lang='lat' dir='ltr'><strong>se</strong></span> <span class='ocrx_word' id='word_1_547' title='bbox 2425 3421 2530 3479; x_wconf 89' lang='lat' dir='ltr'><strong>hoc</strong></span> <span class='ocrx_word' id='word_1_548' title='bbox 2574 3432 2798 3492; x_wconf 86' lang='lat' dir='ltr'><strong>propter</strong></span> <span class='ocrx_word' id='word_1_549' title='bbox 2849 3419 3236 3476; x_wconf 85' lang='lat' dir='ltr'><strong>certitudinem</strong></span> <span class='ocrx_word' id='word_1_550' title='bbox 3295 3417 3492 3471; x_wconf 84' lang='lat' dir='ltr'><strong>facere.</strong></span> 
     </span>
    </p>
   </div>
   <div class='ocr_carea' id='block_1_79' title="bbox 1908 3510 3498 3586">
    <p class='ocr_par' dir='ltr' id='par_1_79' title="bbox 1908 3510 3498 3586">
     <span class='ocr_line' id='line_1_79' title="bbox 1908 3510 3498 3586; baseline -0.005 -15"><span class='ocrx_word' id='word_1_551' title='bbox 1908 3517 1998 3571; x_wconf 82' lang='lat' dir='ltr'><strong>Ait</strong></span> <span class='ocrx_word' id='word_1_552' title='bbox 2045 3518 2234 3571; x_wconf 87' lang='lat' dir='ltr'><strong>enim:</strong></span> <span class='ocrx_word' id='word_1_553' title='bbox 2278 3516 2340 3571; x_wconf 83' lang='lat' dir='ltr'><strong>Ut</strong></span> <span class='ocrx_word' id='word_1_554' title='bbox 2366 3532 2620 3586; x_wconf 78' lang='lat' dir='ltr'><strong>agnoscas</strong></span> <span class='ocrx_word' id='word_1_555' title='bbox 2643 3517 2859 3582; x_wconf 57' lang='lat' dir='ltr'><strong>zeorum,</strong></span> <span class='ocrx_word' id='word_1_556' title='bbox 2894 3515 2959 3567; x_wconf 87' lang='lat' dir='ltr'><strong>de</strong></span> <span class='ocrx_word' id='word_1_557' title='bbox 3013 3514 3203 3584; x_wconf 79' lang='lat' dir='ltr'><strong>quibus</strong></span> <span class='ocrx_word' id='word_1_558' title='bbox 3265 3510 3498 3570; x_wconf 76' lang='lat' dir='ltr'><strong>imbutus</strong></span> 
     </span>
    </p>
   </div>
   <div class='ocr_carea' id='block_1_80' title="bbox 1907 3601 3500 3677">
    <p class='ocr_par' dir='ltr' id='par_1_80' title="bbox 1907 3601 3500 3677">
     <span class='ocr_line' id='line_1_80' title="bbox 1907 3601 3500 3677; baseline -0.006 -17"><span class='ocrx_word' id='word_1_559' title='bbox 1907 3609 2106 3677; x_wconf 77' lang='lat' dir='ltr'><strong>fueras,</strong></span> <span class='ocrx_word' id='word_1_560' title='bbox 2165 3606 2598 3660; x_wconf 79' lang='lat' dir='ltr'><strong>certitudinem&#39;.</strong></span> <span class='ocrx_word' id='word_1_561' title='bbox 2637 3601 2880 3659; x_wconf 80' lang='lat' dir='ltr'><strong>Joannes</strong></span> <span class='ocrx_word' id='word_1_562' title='bbox 2905 3617 3037 3657; x_wconf 84' lang='lat' dir='ltr'><strong>vero</strong></span> <span class='ocrx_word' id='word_1_563' title='bbox 3085 3602 3279 3655; x_wconf 88' lang='lat' dir='ltr'><strong>horum</strong></span> <span class='ocrx_word' id='word_1_564' title='bbox 3304 3607 3500 3652; x_wconf 84' lang='lat' dir='ltr'><strong>nactus</strong></span> 
     </span>
    </p>
   </div>
   <div class='ocr_carea' id='block_1_81' title="bbox 1908 3691 3500 3768">
    <p class='ocr_par' dir='ltr' id='par_1_81' title="bbox 1908 3691 3500 3768">
     <span class='ocr_line' id='line_1_81' title="bbox 1908 3691 3500 3768; baseline -0.005 -17"><span class='ocrx_word' id='word_1_565' title='bbox 1908 3697 2226 3768; x_wconf 79' lang='lat' dir='ltr'><strong>Evangelia,</strong></span> <span class='ocrx_word' id='word_1_566' title='bbox 2273 3697 2582 3766; x_wconf 83' lang='lat' dir='ltr'><strong>vidensque</strong></span> <span class='ocrx_word' id='word_1_567' title='bbox 2616 3707 2727 3750; x_wconf 89' lang='lat' dir='ltr'><strong>tres</strong></span> <span class='ocrx_word' id='word_1_568' title='bbox 2772 3704 3022 3749; x_wconf 84' lang='lat' dir='ltr'><strong>versatos</strong></span> <span class='ocrx_word' id='word_1_569' title='bbox 3054 3693 3107 3746; x_wconf 88' lang='lat' dir='ltr'><strong>in</strong></span> <span class='ocrx_word' id='word_1_570' title='bbox 3151 3708 3218 3746; x_wconf 90' lang='lat' dir='ltr'><strong>eo</strong></span> <span class='ocrx_word' id='word_1_571' title='bbox 3264 3691 3500 3744; x_wconf 83' lang='lat' dir='ltr'><strong>maxime</strong></span> 
     </span>
    </p>
   </div>
   <div class='ocr_carea' id='block_1_82' title="bbox 1906 3787 3493 3860">
    <p class='ocr_par' dir='ltr' id='par_1_82' title="bbox 1906 3787 3493 3860">
     <span class='ocr_line' id='line_1_82' title="bbox 1906 3787 3493 3860; baseline -0.004 -18"><span class='ocrx_word' id='word_1_572' title='bbox 1906 3804 2182 3855; x_wconf 86' lang='lat' dir='ltr'><strong>sermone,</strong></span> <span class='ocrx_word' id='word_1_573' title='bbox 2209 3805 2320 3860; x_wconf 89' lang='lat' dir='ltr'><strong>quo</strong></span> <span class='ocrx_word' id='word_1_574' title='bbox 2343 3789 2646 3844; x_wconf 85' lang='lat' dir='ltr'><strong>Salvatoris</strong></span> <span class='ocrx_word' id='word_1_575' title='bbox 2677 3787 3112 3843; x_wconf 85' lang='lat' dir='ltr'><strong>incarnationem</strong></span> <span class='ocrx_word' id='word_1_576' title='bbox 3143 3787 3493 3838; x_wconf 82' lang='lat' dir='ltr'><strong>demonstra-</strong></span> 
     </span>
    </p>
   </div>
   <div class='ocr_carea' id='block_1_83' title="bbox 1908 3874 3500 3951">
    <p class='ocr_par' dir='ltr' id='par_1_83' title="bbox 1908 3874 3500 3951">
     <span class='ocr_line' id='line_1_83' title="bbox 1908 3874 3500 3951; baseline -0.006 -18"><span class='ocrx_word' id='word_1_577' title='bbox 1908 3891 2050 3942; x_wconf 85' lang='lat' dir='ltr'><strong>rent,</strong></span> <span class='ocrx_word' id='word_1_578' title='bbox 2097 3890 2152 3935; x_wconf 91' lang='lat' dir='ltr'><strong>et</strong></span> <span class='ocrx_word' id='word_1_579' title='bbox 2182 3892 2478 3951; x_wconf 84' lang='lat' dir='ltr'><strong>pr0pterea</strong></span> <span class='ocrx_word' id='word_1_580' title='bbox 2511 3880 2763 3951; x_wconf 79' lang='lat' dir='ltr'><strong>dogmata</strong></span> <span class='ocrx_word' id='word_1_581' title='bbox 2816 3895 2938 3949; x_wconf 71' lang='lat' dir='ltr'><strong>quae</strong></span> <span class='ocrx_word' id='word_1_582' title='bbox 2996 3876 3342 3932; x_wconf 79' lang='lat' dir='ltr'><strong>divinitatem</strong></span> <span class='ocrx_word' id='word_1_583' title='bbox 3378 3874 3500 3943; x_wconf 80' lang='lat' dir='ltr'><strong>ejus</strong></span> 
     </span>
    </p>
   </div>
   <div class='ocr_carea' id='block_1_84' title="bbox 1908 3968 3493 4045">
    <p class='ocr_par' dir='ltr' id='par_1_84' title="bbox 1908 3968 3493 4045">
     <span class='ocr_line' id='line_1_84' title="bbox 1908 3968 3493 4045; baseline -0.005 -20"><span class='ocrx_word' id='word_1_584' title='bbox 1908 3973 2220 4045; x_wconf 83' lang='lat' dir='ltr'><strong>tangebam,</strong></span> <span class='ocrx_word' id='word_1_585' title='bbox 2253 3973 2473 4028; x_wconf 90' lang='lat' dir='ltr'><strong>silentio</strong></span> <span class='ocrx_word' id='word_1_586' title='bbox 2511 3972 2934 4043; x_wconf 67' lang='lat' dir='ltr'><strong>praeterieram:</strong></span> <span class='ocrx_word' id='word_1_587' title='bbox 2985 3971 3108 4025; x_wconf 91' lang='lat' dir='ltr'><strong>ideo</strong></span> <span class='ocrx_word' id='word_1_588' title='bbox 3139 3969 3359 4023; x_wconf 78' lang='lat' dir='ltr'><strong>Christo</strong></span> <span class='ocrx_word' id='word_1_589' title='bbox 3415 3968 3493 4032; x_wconf 49' lang='lat' dir='ltr'><strong>ip.</strong></span> 
     </span>
    </p>
   </div>
   <div class='ocr_carea' id='block_1_85' title="bbox 1904 4064 3502 4135">
    <p class='ocr_par' dir='ltr' id='par_1_85' title="bbox 1904 4064 3502 4135">
     <span class='ocr_line' id='line_1_85' title="bbox 1904 4064 3502 4135; baseline -0.005 -15"><span class='ocrx_word' id='word_1_590' title='bbox 1904 4081 2025 4120; x_wconf 89' lang='lat' dir='ltr'><strong>sum</strong></span> <span class='ocrx_word' id='word_1_591' title='bbox 2053 4065 2120 4119; x_wconf 90' lang='lat' dir='ltr'><strong>ad</strong></span> <span class='ocrx_word' id='word_1_592' title='bbox 2151 4064 2500 4122; x_wconf 87' lang='lat' dir='ltr'><strong>scribendum</strong></span> <span class='ocrx_word' id='word_1_593' title='bbox 2536 4064 2892 4135; x_wconf 84' lang='lat' dir='ltr'><strong>Evangelium</strong></span> <span class='ocrx_word' id='word_1_594' title='bbox 2951 4064 3270 4132; x_wconf 81' lang='lat' dir='ltr'><strong>instigante,</strong></span> <span class='ocrx_word' id='word_1_595' title='bbox 3312 4073 3502 4112; x_wconf 82' lang='lat' dir='ltr'><strong>acces-</strong></span> 
     </span>
    </p>
   </div>
   <div class='ocr_carea' id='block_1_86' title="bbox 1905 4150 3496 4225">
    <p class='ocr_par' dir='ltr' id='par_1_86' title="bbox 1905 4150 3496 4225">
     <span class='ocr_line' id='line_1_86' title="bbox 1905 4150 3496 4225; baseline -0.003 -18"><span class='ocrx_word' id='word_1_596' title='bbox 1905 4153 1993 4207; x_wconf 91' lang='lat' dir='ltr'><strong>sit.</strong></span> <span class='ocrx_word' id='word_1_597' title='bbox 2048 4152 2204 4208; x_wconf 88' lang='lat' dir='ltr'><strong>Unde</strong></span> <span class='ocrx_word' id='word_1_598' title='bbox 2246 4154 2410 4208; x_wconf 90' lang='lat' dir='ltr'><strong>etiam</strong></span> <span class='ocrx_word' id='word_1_599' title='bbox 2447 4155 2698 4225; x_wconf 88' lang='lat' dir='ltr'><strong>protinus</strong></span> <span class='ocrx_word' id='word_1_600' title='bbox 2729 4153 2796 4208; x_wconf 86' lang='lat' dir='ltr'><strong>ab</strong></span> <span class='ocrx_word' id='word_1_601' title='bbox 2837 4151 2996 4208; x_wconf 91' lang='lat' dir='ltr'><strong>initio</strong></span> <span class='ocrx_word' id='word_1_602' title='bbox 3029 4152 3096 4206; x_wconf 93' lang='lat' dir='ltr'><strong>de</strong></span> <span class='ocrx_word' id='word_1_603' title='bbox 3129 4152 3215 4206; x_wconf 89' lang='lat' dir='ltr'><strong>his</strong></span> <span class='ocrx_word' id='word_1_604' title='bbox 3240 4150 3496 4204; x_wconf 85' lang='lat' dir='ltr'><strong>disserit:</strong></span> 
     </span>
    </p>
   </div>
   <div class='ocr_carea' id='block_1_87' title="bbox 1904 4242 3498 4300">
    <p class='ocr_par' dir='ltr' id='par_1_87' title="bbox 1904 4242 3498 4300">
     <span class='ocr_line' id='line_1_87' title="bbox 1904 4242 3498 4300; baseline -0.003 -3"><span class='ocrx_word' id='word_1_605' title='bbox 1904 4259 2028 4297; x_wconf 88' lang='lat' dir='ltr'><strong>nam</strong></span> <span class='ocrx_word' id='word_1_606' title='bbox 2047 4245 2117 4298; x_wconf 86' lang='lat' dir='ltr'><strong>ob</strong></span> <span class='ocrx_word' id='word_1_607' title='bbox 2140 4244 2256 4299; x_wconf 48' lang='lat' dir='ltr'><strong>hac</strong></span> <span class='ocrx_word' id='word_1_608' title='bbox 2272 4244 2471 4300; x_wconf 87' lang='lat' dir='ltr'><strong>librum</strong></span> <span class='ocrx_word' id='word_1_609' title='bbox 2487 4259 2707 4300; x_wconf 87' lang='lat' dir='ltr'><strong>omnem</strong></span> <span class='ocrx_word' id='word_1_610' title='bbox 2733 4243 2984 4300; x_wconf 86' lang='lat' dir='ltr'><strong>confecit.</strong></span> <span class='ocrx_word' id='word_1_611' title='bbox 3008 4242 3293 4296; x_wconf 78' lang='lat' dir='ltr'><strong>Admirare</strong></span> <span class='ocrx_word' id='word_1_612' title='bbox 3317 4253 3498 4294; x_wconf 85' lang='lat' dir='ltr'><strong>autem</strong></span> 
     </span>
    </p>
   </div>
   <div class='ocr_carea' id='block_1_88' title="bbox 1903 4333 3497 4406">
    <p class='ocr_par' dir='ltr' id='par_1_88' title="bbox 1903 4333 3497 4406">
     <span class='ocr_line' id='line_1_88' title="bbox 1903 4333 3497 4406; baseline -0.002 -18"><span class='ocrx_word' id='word_1_613' title='bbox 1903 4336 2048 4404; x_wconf 89' lang='lat' dir='ltr'><strong>quod</strong></span> <span class='ocrx_word' id='word_1_614' title='bbox 2091 4351 2216 4391; x_wconf 90' lang='lat' dir='ltr'><strong>cum</strong></span> <span class='ocrx_word' id='word_1_615' title='bbox 2257 4351 2440 4406; x_wconf 88' lang='lat' dir='ltr'><strong>neque</strong></span> <span class='ocrx_word' id='word_1_616' title='bbox 2467 4351 2578 4390; x_wconf 91' lang='lat' dir='ltr'><strong>uno</strong></span> <span class='ocrx_word' id='word_1_617' title='bbox 2608 4345 2874 4406; x_wconf 90' lang='lat' dir='ltr'><strong>tempore,</strong></span> <span class='ocrx_word' id='word_1_618' title='bbox 2903 4351 3080 4405; x_wconf 88' lang='lat' dir='ltr'><strong>neque</strong></span> <span class='ocrx_word' id='word_1_619' title='bbox 3141 4335 3257 4388; x_wconf 88' lang='lat' dir='ltr'><strong>loco</strong></span> <span class='ocrx_word' id='word_1_620' title='bbox 3307 4333 3497 4386; x_wconf 69' lang='lat' dir='ltr'><strong>eodem</strong></span> 
     </span>
    </p>
   </div>
   <div class='ocr_carea' id='block_1_89' title="bbox 1905 4424 3500 4498">
    <p class='ocr_par' dir='ltr' id='par_1_89' title="bbox 1905 4424 3500 4498">
     <span class='ocr_line' id='line_1_89' title="bbox 1905 4424 3500 4498; baseline -0.001 -18"><span class='ocrx_word' id='word_1_621' title='bbox 1905 4426 2251 4496; x_wconf 73' lang='lat' dir='ltr'><strong>si-ripserint,</strong></span> <span class='ocrx_word' id='word_1_622' title='bbox 2291 4443 2467 4498; x_wconf 85' lang='lat' dir='ltr'><strong>neque</strong></span> <span class='ocrx_word' id='word_1_623' title='bbox 2520 4444 2607 4483; x_wconf 90' lang='lat' dir='ltr'><strong>res</strong></span> <span class='ocrx_word' id='word_1_624' title='bbox 2672 4429 2818 4482; x_wconf 83' lang='lat' dir='ltr'><strong>inter</strong></span> <span class='ocrx_word' id='word_1_625' title='bbox 2870 4443 2991 4483; x_wconf 90' lang='lat' dir='ltr'><strong>sese</strong></span> <span class='ocrx_word' id='word_1_626' title='bbox 3057 4424 3500 4482; x_wconf 79' lang='lat' dir='ltr'><strong>conmiunirave-</strong></span> 
     </span>
    </p>
   </div>
   <div class='ocr_carea' id='block_1_90' title="bbox 1907 4518 3502 4590">
    <p class='ocr_par' dir='ltr' id='par_1_90' title="bbox 1907 4518 3502 4590">
     <span class='ocr_line' id='line_1_90' title="bbox 1907 4518 3502 4590; baseline -0.002 -20"><span class='ocrx_word' id='word_1_627' title='bbox 1907 4518 2037 4581; x_wconf 90' lang='lat' dir='ltr'><strong>rint,</strong></span> <span class='ocrx_word' id='word_1_628' title='bbox 2081 4528 2262 4573; x_wconf 82' lang='lat' dir='ltr'><strong>tamen</strong></span> <span class='ocrx_word' id='word_1_629' title='bbox 2311 4522 2467 4590; x_wconf 87' lang='lat' dir='ltr'><strong>quasi</strong></span> <span class='ocrx_word' id='word_1_630' title='bbox 2511 4537 2575 4574; x_wconf 81' lang='lat' dir='ltr'><strong>ex</strong></span> <span class='ocrx_word' id='word_1_631' title='bbox 2610 4536 2720 4575; x_wconf 91' lang='lat' dir='ltr'><strong>uno</strong></span> <span class='ocrx_word' id='word_1_632' title='bbox 2754 4537 2848 4575; x_wconf 88' lang='lat' dir='ltr'><strong>ore</strong></span> <span class='ocrx_word' id='word_1_633' title='bbox 2907 4529 3144 4585; x_wconf 79' lang='lat' dir='ltr'><strong>uiiatnor</strong></span> <span class='ocrx_word' id='word_1_634' title='bbox 3179 4519 3502 4586; x_wconf 84' lang='lat' dir='ltr'><strong>loquuntur,</strong></span> 
     </span>
    </p>
   </div>
   <div class='ocr_carea' id='block_1_91' title="bbox 212 4593 1798 4682">
    <p class='ocr_par' dir='ltr' id='par_1_91' title="bbox 212 4593 1798 4681">
     <span class='ocr_line' id='line_1_91' title="bbox 212 4593 1798 4681; baseline 0.014 -37"><span class='ocrx_word' id='word_1_635' title='bbox 212 4593 302 4660; x_wconf 69' lang='grc' dir='ltr'><strong>ἀφ’</strong></span> <span class='ocrx_word' id='word_1_636' title='bbox 335 4595 457 4659; x_wconf 76' lang='grc' dir='ltr'><strong>ἑνὸς</strong></span> <span class='ocrx_word' id='word_1_637' title='bbox 509 4597 801 4668; x_wconf 74' lang='grc' dir='ltr'><strong>στόματος,</strong></span> <span class='ocrx_word' id='word_1_638' title='bbox 838 4604 887 4655; x_wconf 86' lang='lat' dir='ltr'><strong>ol</strong></span> <span class='ocrx_word' id='word_1_639' title='bbox 935 4603 1202 4676; x_wconf 77' lang='grc' dir='ltr'><strong>τέσσαρες</strong></span> <span class='ocrx_word' id='word_1_640' title='bbox 1254 4605 1606 4677; x_wconf 86' lang='grc' dir='ltr'><strong>φθέγγονται,</strong></span> <span class='ocrx_word' id='word_1_641' title='bbox 1648 4611 1707 4666; x_wconf 78' lang='grc' dir='ltr'><strong>ἐν</strong></span> <span class='ocrx_word' id='word_1_642' title='bbox 1738 4629 1798 4681; x_wconf 87' lang='grc' dir='ltr'><strong>γε</strong></span> 
     </span>
    </p>
   </div>
   <div class='ocr_carea' id='block_1_92' title="bbox 1904 4593 3501 4682">
    <p class='ocr_par' dir='ltr' id='par_1_92' title="bbox 1914 4609 3501 4682">
     <span class='ocr_line' id='line_1_92' title="bbox 1914 4609 3501 4682; baseline -0.001 -21"><span class='ocrx_word' id='word_1_643' title='bbox 1914 4612 1964 4662; x_wconf 88' lang='lat' dir='ltr'><strong>in</strong></span> <span class='ocrx_word' id='word_1_644' title='bbox 2003 4609 2088 4664; x_wconf 91' lang='lat' dir='ltr'><strong>his</strong></span> <span class='ocrx_word' id='word_1_645' title='bbox 2120 4614 2388 4680; x_wconf 70' lang='lat' dir='ltr'><strong>piaccipuc</strong></span> <span class='ocrx_word' id='word_1_646' title='bbox 2432 4612 2776 4682; x_wconf 74' lang='lat' dir='ltr'><strong>dogmatibus</strong></span> <span class='ocrx_word' id='word_1_647' title='bbox 2806 4627 2925 4681; x_wconf 70' lang='lat' dir='ltr'><strong>quae</strong></span> <span class='ocrx_word' id='word_1_648' title='bbox 2952 4610 3072 4664; x_wconf 74' lang='lat' dir='ltr'><strong>fidei</strong></span> <span class='ocrx_word' id='word_1_649' title='bbox 3101 4612 3408 4663; x_wconf 75' lang='lat' dir='ltr'><strong>firmitatem</strong></span> <span class='ocrx_word' id='word_1_650' title='bbox 3437 4624 3501 4660; x_wconf 81' lang='lat' dir='ltr'><strong>ac</strong></span> 
     </span>
    </p>
   </div>
   <div class='ocr_carea' id='block_1_93' title="bbox 211 4687 1799 4773">
    <p class='ocr_par' dir='ltr' id='par_1_93' title="bbox 211 4687 1799 4773">
     <span class='ocr_line' id='line_1_93' title="bbox 211 4687 1799 4773; baseline 0.013 -36"><span class='ocrx_word' id='word_1_651' title='bbox 211 4687 320 4749; x_wconf 74' lang='grc' dir='ltr'><strong>τοῖς</strong></span> <span class='ocrx_word' id='word_1_652' title='bbox 347 4687 590 4758; x_wconf 79' lang='grc' dir='ltr'><strong>καιρίοις</strong></span> <span class='ocrx_word' id='word_1_653' title='bbox 642 4692 734 4744; x_wconf 74' lang='grc' dir='ltr'><strong>καὶ</strong></span> <span class='ocrx_word' id='word_1_654' title='bbox 763 4701 1102 4760; x_wconf 80' lang='grc' dir='ltr'><strong>συνεκτικοίς</strong></span> <span class='ocrx_word' id='word_1_655' title='bbox 1133 4699 1232 4768; x_wconf 79' lang='grc' dir='ltr'><strong>τῆς</strong></span> <span class='ocrx_word' id='word_1_656' title='bbox 1273 4701 1511 4766; x_wconf 78' lang='grc' dir='ltr'><strong>πίστεως</strong></span> <span class='ocrx_word' id='word_1_657' title='bbox 1539 4701 1799 4773; x_wconf 80' lang='grc' dir='ltr'><strong>δόγμασι,</strong></span> 
     </span>
    </p>
   </div>
   <div class='ocr_carea' id='block_1_94' title="bbox 218 4777 1802 4867">
    <p class='ocr_par' dir='ltr' id='par_1_94' title="bbox 218 4777 1802 4867">
     <span class='ocr_line' id='line_1_94' title="bbox 218 4777 1802 4867; baseline 0.015 -39"><span class='ocrx_word' id='word_1_658' title='bbox 218 4777 309 4829; x_wconf 76' lang='grc' dir='ltr'><strong>καὶ</strong></span> <span class='ocrx_word' id='word_1_659' title='bbox 362 4778 575 4850; x_wconf 80' lang='grc' dir='ltr'><strong>πολλὴν</strong></span> <span class='ocrx_word' id='word_1_660' title='bbox 625 4781 1030 4842; x_wconf 66' lang='grc' dir='ltr'><strong>ἐπιδείκνυνται</strong></span> <span class='ocrx_word' id='word_1_661' title='bbox 1078 4792 1208 4860; x_wconf 73' lang='grc' dir='ltr'><strong>περὶ</strong></span> <span class='ocrx_word' id='word_1_662' title='bbox 1238 4791 1410 4846; x_wconf 80' lang='grc' dir='ltr'><strong>ταῦτα</strong></span> <span class='ocrx_word' id='word_1_663' title='bbox 1443 4795 1543 4863; x_wconf 87' lang='grc' dir='ltr'><strong>τὴν</strong></span> <span class='ocrx_word' id='word_1_664' title='bbox 1574 4811 1802 4867; x_wconf 85' lang='grc' dir='ltr'><strong>συμφω-</strong></span> 
     </span>
    </p>
   </div>
   <div class='ocr_carea' id='block_1_95' title="bbox 213 4867 1799 4956">
    <p class='ocr_par' dir='ltr' id='par_1_95' title="bbox 213 4867 1799 4956">
     <span class='ocr_line' id='line_1_95' title="bbox 213 4867 1799 4956; baseline 0.017 -38"><span class='ocrx_word' id='word_1_665' title='bbox 213 4867 349 4933; x_wconf 85' lang='grc' dir='ltr'><strong>νίαν,</strong></span> <span class='ocrx_word' id='word_1_666' title='bbox 383 4867 523 4936; x_wconf 76' lang='grc' dir='ltr'><strong>οἷον,</strong></span> <span class='ocrx_word' id='word_1_667' title='bbox 558 4875 640 4928; x_wconf 81' lang='grc' dir='ltr'><strong>ὅτι</strong></span> <span class='ocrx_word' id='word_1_668' title='bbox 670 4877 699 4928; x_wconf 84' lang='grc' dir='ltr'><strong>ό</strong></span> <span class='ocrx_word' id='word_1_669' title='bbox 723 4877 855 4941; x_wconf 83' lang='grc' dir='ltr'><strong>Θεὸς</strong></span> <span class='ocrx_word' id='word_1_670' title='bbox 885 4881 1109 4950; x_wconf 76' lang='grc' dir='ltr'><strong>γέγονεν</strong></span> <span class='ocrx_word' id='word_1_671' title='bbox 1159 4885 1471 4956; x_wconf 79' lang='grc' dir='ltr'><strong>ἄνθρωπος,</strong></span> <span class='ocrx_word' id='word_1_672' title='bbox 1507 4889 1599 4941; x_wconf 80' lang='grc' dir='ltr'><strong>καὶ</strong></span> <span class='ocrx_word' id='word_1_673' title='bbox 1623 4891 1704 4943; x_wconf 86' lang='grc' dir='ltr'><strong>ὅτι</strong></span> <span class='ocrx_word' id='word_1_674' title='bbox 1735 4892 1799 4945; x_wconf 82' lang='grc' dir='ltr'><strong>ὲκ</strong></span> 
     </span>
    </p>
   </div>
   <div class='ocr_carea' id='block_1_96' title="bbox 212 4958 1795 5054">
    <p class='ocr_par' dir='ltr' id='par_1_96' title="bbox 212 4958 1795 5054">
     <span class='ocr_line' id='line_1_96' title="bbox 212 4958 1795 5054; baseline 0.016 -42"><span class='ocrx_word' id='word_1_675' title='bbox 212 4958 494 5054; x_wconf 74' lang='grc' dir='ltr'><strong>Παρθένου</strong></span> <span class='ocrx_word' id='word_1_676' title='bbox 542 4963 890 5040; x_wconf 77' lang='grc' dir='ltr'><strong>γέγέννηται,</strong></span> <span class='ocrx_word' id='word_1_677' title='bbox 928 4975 1024 5027; x_wconf 80' lang='grc' dir='ltr'><strong>καὶ</strong></span> <span class='ocrx_word' id='word_1_678' title='bbox 1068 4977 1151 5028; x_wconf 75' lang='grc' dir='ltr'><strong>ὅτι</strong></span> <span class='ocrx_word' id='word_1_679' title='bbox 1187 4977 1442 5052; x_wconf 83' lang='grc' dir='ltr'><strong>θαύματα</strong></span> <span class='ocrx_word' id='word_1_680' title='bbox 1501 4984 1795 5054; x_wconf 79' lang='grc' dir='ltr'><strong>πεποίηκε,</strong></span> 
     </span>
    </p>
   </div>
   <div class='ocr_carea' id='block_1_97' title="bbox 213 5052 1798 5133">
    <p class='ocr_par' dir='ltr' id='par_1_97' title="bbox 213 5052 1798 5133">
     <span class='ocr_line' id='line_1_97' title="bbox 213 5052 1798 5133; baseline 0.015 -29"><span class='ocrx_word' id='word_1_681' title='bbox 213 5052 306 5104; x_wconf 68' lang='grc' dir='ltr'><strong>καὶ.</strong></span> <span class='ocrx_word' id='word_1_682' title='bbox 339 5052 422 5105; x_wconf 79' lang='grc' dir='ltr'><strong>ὅτι</strong></span> <span class='ocrx_word' id='word_1_683' title='bbox 451 5057 824 5126; x_wconf 82' lang='grc' dir='ltr'><strong>σωτηριὼδεις</strong></span> <span class='ocrx_word' id='word_1_684' title='bbox 846 5060 1082 5116; x_wconf 85' lang='grc' dir='ltr'><strong>δέδωκεν</strong></span> <span class='ocrx_word' id='word_1_685' title='bbox 1113 5066 1354 5133; x_wconf 74' lang='grc' dir='ltr'><strong>ἐντολάς,</strong></span> <span class='ocrx_word' id='word_1_686' title='bbox 1381 5072 1474 5124; x_wconf 71' lang='grc' dir='ltr'><strong>καὶ</strong></span> <span class='ocrx_word' id='word_1_687' title='bbox 1495 5073 1577 5125; x_wconf 78' lang='grc' dir='ltr'><strong>ὅτι</strong></span> <span class='ocrx_word' id='word_1_688' title='bbox 1599 5052 1798 5127; x_wconf 84' lang='grc' dir='ltr'><strong>ὲσταυ-</strong></span> 
     </span>
    </p>
   </div>
   <div class='ocr_carea' id='block_1_98' title="bbox 216 5139 1798 5235">
    <p class='ocr_par' dir='ltr' id='par_1_98' title="bbox 216 5139 1798 5235">
     <span class='ocr_line' id='line_1_98' title="bbox 216 5139 1798 5235; baseline 0.017 -42"><span class='ocrx_word' id='word_1_689' title='bbox 216 5139 381 5212; x_wconf 82' lang='grc' dir='ltr'><strong>ρὼθη,</strong></span> <span class='ocrx_word' id='word_1_690' title='bbox 407 5145 506 5198; x_wconf 75' lang='grc' dir='ltr'><strong>καὶ</strong></span> <span class='ocrx_word' id='word_1_691' title='bbox 535 5146 619 5199; x_wconf 80' lang='grc' dir='ltr'><strong>ὅτι</strong></span> <span class='ocrx_word' id='word_1_692' title='bbox 649 5149 848 5221; x_wconf 72' lang='grc' dir='ltr'><strong>ἐτάφη,</strong></span> <span class='ocrx_word' id='word_1_693' title='bbox 872 5153 970 5207; x_wconf 71' lang='grc' dir='ltr'><strong>καὶ</strong></span> <span class='ocrx_word' id='word_1_694' title='bbox 991 5155 1071 5209; x_wconf 87' lang='grc' dir='ltr'><strong>ὃτι</strong></span> <span class='ocrx_word' id='word_1_695' title='bbox 1093 5158 1319 5230; x_wconf 83' lang='grc' dir='ltr'><strong>ἀνέστη,</strong></span> <span class='ocrx_word' id='word_1_696' title='bbox 1344 5163 1437 5214; x_wconf 72' lang='grc' dir='ltr'><strong>καὶ</strong></span> <span class='ocrx_word' id='word_1_697' title='bbox 1465 5162 1548 5216; x_wconf 84' lang='grc' dir='ltr'><strong>ὅτι</strong></span> <span class='ocrx_word' id='word_1_698' title='bbox 1572 5165 1798 5235; x_wconf 77' lang='grc' dir='ltr'><strong>ἀνῆλθε,</strong></span> 
     </span>
    </p>
   </div>
   <div class='ocr_carea' id='block_1_99' title="bbox 216 5234 1798 5329">
    <p class='ocr_par' dir='ltr' id='par_1_99' title="bbox 216 5234 1798 5329">
     <span class='ocr_line' id='line_1_99' title="bbox 216 5234 1798 5329; baseline 0.02 -47"><span class='ocrx_word' id='word_1_699' title='bbox 216 5234 305 5329; x_wconf 73' lang='grc' dir='ltr'><strong>καὶ</strong></span> <span class='ocrx_word' id='word_1_700' title='bbox 336 5235 420 5329; x_wconf 79' lang='grc' dir='ltr'><strong>ὅτι</strong></span> <span class='ocrx_word' id='word_1_701' title='bbox 444 5238 643 5329; x_wconf 83' lang='grc' dir='ltr'><strong>μέλλει</strong></span> <span class='ocrx_word' id='word_1_702' title='bbox 699 5244 886 5312; x_wconf 74' lang='grc' dir='ltr'><strong>κρῖναι</strong></span> <span class='ocrx_word' id='word_1_703' title='bbox 928 5247 1161 5314; x_wconf 82' lang='grc' dir='ltr'><strong>πάντας,</strong></span> <span class='ocrx_word' id='word_1_704' title='bbox 1215 5253 1312 5305; x_wconf 80' lang='grc' dir='ltr'><strong>καὶ</strong></span> <span class='ocrx_word' id='word_1_705' title='bbox 1366 5254 1448 5308; x_wconf 84' lang='grc' dir='ltr'><strong>ὅτι</strong></span> <span class='ocrx_word' id='word_1_706' title='bbox 1502 5234 1798 5329; x_wconf 78' lang='grc' dir='ltr'><strong>μονογενής</strong></span> 
     </span>
    </p>
   </div>
   <div class='ocr_carea' id='block_1_100' title="bbox 213 5322 1797 5420">
    <p class='ocr_par' dir='ltr' id='par_1_100' title="bbox 213 5322 1797 5420">
     <span class='ocr_line' id='line_1_100' title="bbox 213 5322 1797 5420; baseline 0.021 -46"><span class='ocrx_word' id='word_1_707' title='bbox 213 5322 358 5420; x_wconf 50' lang='grc' dir='ltr'><strong>εστιν</strong></span> <span class='ocrx_word' id='word_1_708' title='bbox 410 5327 566 5393; x_wconf 81' lang='grc' dir='ltr'><strong>Υἱὸς,</strong></span> <span class='ocrx_word' id='word_1_709' title='bbox 605 5333 699 5385; x_wconf 70' lang='grc' dir='ltr'><strong>καὶ</strong></span> <span class='ocrx_word' id='word_1_710' title='bbox 745 5335 828 5389; x_wconf 85' lang='grc' dir='ltr'><strong>ὅτι</strong></span> <span class='ocrx_word' id='word_1_711' title='bbox 856 5338 1142 5407; x_wconf 83' lang='grc' dir='ltr'><strong>ὀμοούσιος</strong></span> <span class='ocrx_word' id='word_1_712' title='bbox 1178 5346 1271 5398; x_wconf 86' lang='grc' dir='ltr'><strong>καὶ</strong></span> <span class='ocrx_word' id='word_1_713' title='bbox 1305 5322 1656 5420; x_wconf 38' lang='grc' dir='ltr'><strong>όμοδύναμος-</strong></span> 
     </span>
    </p>
   </div>
   <div class='ocr_carea' id='block_1_101' title="bbox 210 5413 1796 5497">
    <p class='ocr_par' dir='ltr' id='par_1_101' title="bbox 210 5413 1796 5497">
     <span class='ocr_line' id='line_1_101' title="bbox 210 5413 1796 5497; baseline 0.021 -33"><span class='ocrx_word' id='word_1_714' title='bbox 210 5413 470 5487; x_wconf 79' lang='grc' dir='ltr'><strong>ὁμότιμος</strong></span> <span class='ocrx_word' id='word_1_715' title='bbox 507 5421 588 5491; x_wconf 89' lang='grc' dir='ltr'>τῷ</span> <span class='ocrx_word' id='word_1_716' title='bbox 619 5423 816 5494; x_wconf 62' lang='grc' dir='ltr'><strong>Πατρὶ,</strong></span> <span class='ocrx_word' id='word_1_717' title='bbox 850 5431 941 5481; x_wconf 69' lang='grc' dir='ltr'><strong>καὶ</strong></span> <span class='ocrx_word' id='word_1_718' title='bbox 977 5431 1076 5484; x_wconf 80' lang='grc' dir='ltr'><strong>ὅσα</strong></span> <span class='ocrx_word' id='word_1_719' title='bbox 1131 5413 1376 5492; x_wconf 83' lang='grc' dir='ltr'><strong>τοιαῦτα.</strong></span> <span class='ocrx_word' id='word_1_720' title='bbox 1427 5439 1486 5492; x_wconf 76' lang='grc' dir='ltr'><strong>ΕΞ</strong></span> <span class='ocrx_word' id='word_1_721' title='bbox 1528 5413 1584 5494; x_wconf 75' lang='grc' dir='ltr'><strong>δέ</strong></span> <span class='ocrx_word' id='word_1_722' title='bbox 1605 5413 1656 5497; x_wconf 86' lang='grc' dir='ltr'><strong>τι</strong></span> <span class='ocrx_word' id='word_1_723' title='bbox 1703 5443 1796 5497; x_wconf 74' lang='grc' dir='ltr'><strong>καὶ</strong></span> 
     </span>
    </p>
   </div>
   <div class='ocr_carea' id='block_1_102' title="bbox 219 5671 332 5735">
    <p class='ocr_par' dir='ltr' id='par_1_102' title="bbox 219 5671 332 5735">
     <span class='ocr_line' id='line_1_102' title="bbox 219 5671 332 5735; baseline -0.027 -8"><span class='ocrx_word' id='word_1_724' title='bbox 219 5686 254 5735; x_wconf 87' lang='lat' dir='ltr'><strong>I,</strong></span> <span class='ocrx_word' id='word_1_725' title='bbox 285 5671 332 5727; x_wconf 74' lang='grc'><strong>4.</strong></span> 
     </span>
    </p>
   </div>
   <div class='ocr_carea' id='block_1_103' title="bbox 1913 4700 3503 4774">
    <p class='ocr_par' dir='ltr' id='par_1_103' title="bbox 1913 4700 3503 4774">
     <span class='ocr_line' id='line_1_103' title="bbox 1913 4700 3503 4774; baseline 0 -20"><span class='ocrx_word' id='word_1_726' title='bbox 1913 4713 2114 4756; x_wconf 83' lang='lat' dir='ltr'><strong>statum</strong></span> <span class='ocrx_word' id='word_1_727' title='bbox 2175 4712 2467 4773; x_wconf 68' lang='lat' dir='ltr'><strong>spectant:</strong></span> <span class='ocrx_word' id='word_1_728' title='bbox 2512 4704 2681 4759; x_wconf 83' lang='lat' dir='ltr'><strong>veluti</strong></span> <span class='ocrx_word' id='word_1_729' title='bbox 2730 4743 2744 4766; x_wconf 89' lang='lat'><strong>,</strong></span> <span class='ocrx_word' id='word_1_730' title='bbox 2783 4703 2928 4774; x_wconf 89' lang='lat' dir='ltr'><strong>quod</strong></span> <span class='ocrx_word' id='word_1_731' title='bbox 3001 4703 3144 4758; x_wconf 85' lang='lat' dir='ltr'><strong>Deus</strong></span> <span class='ocrx_word' id='word_1_732' title='bbox 3201 4700 3376 4754; x_wconf 78' lang='lat' dir='ltr'><strong>factus</strong></span> <span class='ocrx_word' id='word_1_733' title='bbox 3429 4700 3503 4754; x_wconf 89' lang='lat' dir='ltr'><strong>sit</strong></span> 
     </span>
    </p>
   </div>
   <div class='ocr_carea' id='block_1_104' title="bbox 1916 4790 3498 4865">
    <p class='ocr_par' dir='ltr' id='par_1_104' title="bbox 1916 4790 3498 4865">
     <span class='ocr_line' id='line_1_104' title="bbox 1916 4790 3498 4865; baseline -0.003 -18"><span class='ocrx_word' id='word_1_734' title='bbox 1916 4795 2118 4859; x_wconf 84' lang='lat' dir='ltr'><strong>homo;</strong></span> <span class='ocrx_word' id='word_1_735' title='bbox 2153 4796 2297 4864; x_wconf 88' lang='lat' dir='ltr'><strong>quod</strong></span> <span class='ocrx_word' id='word_1_736' title='bbox 2332 4796 2401 4850; x_wconf 90' lang='lat' dir='ltr'><strong>sit</strong></span> <span class='ocrx_word' id='word_1_737' title='bbox 2435 4810 2467 4849; x_wconf 93' lang='lat' dir='ltr'><strong>e</strong></span> <span class='ocrx_word' id='word_1_738' title='bbox 2501 4794 2720 4865; x_wconf 78' lang='lat' dir='ltr'><strong>Virgine</strong></span> <span class='ocrx_word' id='word_1_739' title='bbox 2754 4803 2917 4849; x_wconf 90' lang='lat' dir='ltr'><strong>natus</strong></span> <span class='ocrx_word' id='word_1_740' title='bbox 2945 4809 2961 4860; x_wconf 90' lang='lat'><strong>;</strong></span> <span class='ocrx_word' id='word_1_741' title='bbox 2995 4793 3140 4863; x_wconf 88' lang='lat' dir='ltr'><strong>quod</strong></span> <span class='ocrx_word' id='word_1_742' title='bbox 3181 4790 3498 4845; x_wconf 82' lang='lat' dir='ltr'><strong>admiranda</strong></span> 
     </span>
    </p>
   </div>
   <div class='ocr_carea' id='block_1_105' title="bbox 1910 4883 3499 4958">
    <p class='ocr_par' dir='ltr' id='par_1_105' title="bbox 1910 4883 3499 4958">
     <span class='ocr_line' id='line_1_105' title="bbox 1910 4883 3499 4958; baseline -0.003 -16"><span class='ocrx_word' id='word_1_743' title='bbox 1910 4897 2170 4957; x_wconf 75' lang='lat' dir='ltr'><strong>operatus</strong></span> <span class='ocrx_word' id='word_1_744' title='bbox 2220 4892 2289 4943; x_wconf 70' lang='lat' dir='ltr'><strong>s&#39;t</strong></span> <span class='ocrx_word' id='word_1_745' title='bbox 2318 4908 2330 4954; x_wconf 91' lang='lat'><strong>;</strong></span> <span class='ocrx_word' id='word_1_746' title='bbox 2362 4890 2503 4958; x_wconf 84' lang='lat' dir='ltr'><strong>quod</strong></span> <span class='ocrx_word' id='word_1_747' title='bbox 2540 4890 2731 4944; x_wconf 85' lang='lat' dir='ltr'><strong>salutis</strong></span> <span class='ocrx_word' id='word_1_748' title='bbox 2763 4896 3033 4958; x_wconf 66' lang='lat' dir='ltr'><strong>praecepta</strong></span> <span class='ocrx_word' id='word_1_749' title='bbox 3072 4886 3320 4950; x_wconf 77' lang='lat' dir='ltr'><strong>dederit;</strong></span> <span class='ocrx_word' id='word_1_750' title='bbox 3349 4883 3499 4954; x_wconf 62' lang='lat' dir='ltr'><strong>quot;</strong></span> 
     </span>
    </p>
   </div>
   <div class='ocr_carea' id='block_1_106' title="bbox 1911 4979 3502 5052">
    <p class='ocr_par' dir='ltr' id='par_1_106' title="bbox 1911 4979 3502 5052">
     <span class='ocr_line' id='line_1_106' title="bbox 1911 4979 3502 5052; baseline -0.003 -18"><span class='ocrx_word' id='word_1_751' title='bbox 1911 4982 2209 5036; x_wconf 78' lang='lat' dir='ltr'><strong>crucifixus</strong></span> <span class='ocrx_word' id='word_1_752' title='bbox 2245 4983 2316 5036; x_wconf 88' lang='lat' dir='ltr'><strong>sit</strong></span> <span class='ocrx_word' id='word_1_753' title='bbox 2349 5002 2410 5034; x_wconf 75' lang='lat' dir='ltr'><strong>ac</strong></span> <span class='ocrx_word' id='word_1_754' title='bbox 2472 4984 2743 5052; x_wconf 85' lang='lat' dir='ltr'><strong>sepultus,</strong></span> <span class='ocrx_word' id='word_1_755' title='bbox 2804 4981 2948 5051; x_wconf 88' lang='lat' dir='ltr'><strong>quod</strong></span> <span class='ocrx_word' id='word_1_756' title='bbox 3007 4979 3392 5041; x_wconf 70' lang='lat' dir='ltr'><strong>resurrexerit,</strong></span> <span class='ocrx_word' id='word_1_757' title='bbox 3448 4987 3502 5030; x_wconf 76' lang='lat' dir='ltr'><strong>rt</strong></span> 
     </span>
    </p>
   </div>
   <div class='ocr_carea' id='block_1_107' title="bbox 1911 5070 3498 5143">
    <p class='ocr_par' dir='ltr' id='par_1_107' title="bbox 1911 5070 3498 5143">
     <span class='ocr_line' id='line_1_107' title="bbox 1911 5070 3498 5143; baseline -0.004 -16"><span class='ocrx_word' id='word_1_758' title='bbox 1911 5075 1966 5128; x_wconf 86' lang='lat' dir='ltr'><strong>in</strong></span> <span class='ocrx_word' id='word_1_759' title='bbox 2001 5075 2200 5128; x_wconf 69' lang='lat' dir='ltr'><strong>caelum</strong></span> <span class='ocrx_word' id='word_1_760' title='bbox 2254 5084 2570 5143; x_wconf 74' lang='lat' dir='ltr'><strong>aSsumptus</strong></span> <span class='ocrx_word' id='word_1_761' title='bbox 2601 5075 2702 5139; x_wconf 87' lang='lat' dir='ltr'><strong>sit;</strong></span> <span class='ocrx_word' id='word_1_762' title='bbox 2741 5077 2996 5143; x_wconf 86' lang='lat' dir='ltr'><strong>quodque</strong></span> <span class='ocrx_word' id='word_1_763' title='bbox 3029 5087 3224 5127; x_wconf 84' lang='lat' dir='ltr'><strong>omnes</strong></span> <span class='ocrx_word' id='word_1_764' title='bbox 3249 5071 3319 5125; x_wconf 88' lang='lat' dir='ltr'><strong>sit</strong></span> <span class='ocrx_word' id='word_1_765' title='bbox 3350 5070 3498 5137; x_wconf 90' lang='lat' dir='ltr'><strong>judi-</strong></span> 
     </span>
    </p>
   </div>
   <div class='ocr_carea' id='block_1_108' title="bbox 1908 5163 3497 5238">
    <p class='ocr_par' dir='ltr' id='par_1_108' title="bbox 1908 5163 3497 5238">
     <span class='ocr_line' id='line_1_108' title="bbox 1908 5163 3497 5238; baseline -0.001 -20"><span class='ocrx_word' id='word_1_766' title='bbox 1908 5175 2168 5229; x_wconf 84' lang='lat' dir='ltr'><strong>caturus;</strong></span> <span class='ocrx_word' id='word_1_767' title='bbox 2222 5167 2366 5236; x_wconf 86' lang='lat' dir='ltr'><strong>quod</strong></span> <span class='ocrx_word' id='word_1_768' title='bbox 2429 5167 2744 5238; x_wconf 78' lang='lat' dir='ltr'><strong>unigenitus</strong></span> <span class='ocrx_word' id='word_1_769' title='bbox 2802 5169 2874 5221; x_wconf 86' lang='lat' dir='ltr'><strong>sit</strong></span> <span class='ocrx_word' id='word_1_770' title='bbox 2923 5165 3093 5220; x_wconf 78' lang='lat' dir='ltr'><strong>Filius</strong></span> <span class='ocrx_word' id='word_1_771' title='bbox 3146 5173 3201 5218; x_wconf 88' lang='lat' dir='ltr'><strong>rt</strong></span> <span class='ocrx_word' id='word_1_772' title='bbox 3252 5163 3497 5233; x_wconf 80' lang='lat' dir='ltr'><strong>ejusdem</strong></span> 
     </span>
    </p>
   </div>
   <div class='ocr_carea' id='block_1_109' title="bbox 1909 5255 3497 5328">
    <p class='ocr_par' dir='ltr' id='par_1_109' title="bbox 1909 5255 3497 5328">
     <span class='ocr_line' id='line_1_109' title="bbox 1909 5255 3497 5328; baseline -0.004 -17"><span class='ocrx_word' id='word_1_773' title='bbox 1909 5258 2253 5319; x_wconf 71' lang='lat' dir='ltr'><strong>substantia).</strong></span> <span class='ocrx_word' id='word_1_774' title='bbox 2309 5260 2616 5328; x_wconf 79' lang='lat' dir='ltr'><strong>similisque</strong></span> <span class='ocrx_word' id='word_1_775' title='bbox 2663 5257 2923 5328; x_wconf 66' lang='lat' dir='ltr'><strong>potentiae</strong></span> <span class='ocrx_word' id='word_1_776' title='bbox 2975 5272 3039 5310; x_wconf 87' lang='lat' dir='ltr'><strong>ac</strong></span> <span class='ocrx_word' id='word_1_777' title='bbox 3096 5255 3321 5310; x_wconf 78' lang='lat' dir='ltr'><strong>honoris</strong></span> <span class='ocrx_word' id='word_1_778' title='bbox 3373 5268 3497 5306; x_wconf 84' lang='lat' dir='ltr'><strong>cum</strong></span> 
     </span>
    </p>
   </div>
   <div class='ocr_carea' id='block_1_110' title="bbox 1909 5347 3493 5418">
    <p class='ocr_par' dir='ltr' id='par_1_110' title="bbox 1909 5347 3493 5418">
     <span class='ocr_line' id='line_1_110' title="bbox 1909 5347 3493 5418; baseline -0.004 -15"><span class='ocrx_word' id='word_1_779' title='bbox 1909 5349 2087 5412; x_wconf 70' lang='lat' dir='ltr'><strong>Patre,</strong></span> <span class='ocrx_word' id='word_1_780' title='bbox 2122 5361 2427 5418; x_wconf 64' lang='lat' dir='ltr'><strong>ceteraque</strong></span> <span class='ocrx_word' id='word_1_781' title='bbox 2481 5350 2814 5418; x_wconf 81' lang='lat' dir='ltr'><strong>hujusmodi.</strong></span> <span class='ocrx_word' id='word_1_782' title='bbox 2857 5349 3014 5414; x_wconf 81' lang='lat' dir='ltr'><strong>Quod</strong></span> <span class='ocrx_word' id='word_1_783' title='bbox 3056 5348 3100 5402; x_wconf 89' lang='lat' dir='ltr'><strong>si</strong></span> <span class='ocrx_word' id='word_1_784' title='bbox 3151 5347 3493 5414; x_wconf 77' lang='lat' dir='ltr'><strong>aliquantum</strong></span> 
     </span>
    </p>
   </div>
   <div class='ocr_carea' id='block_1_111' title="bbox 1910 5439 3494 5508">
    <p class='ocr_par' dir='ltr' id='par_1_111' title="bbox 1910 5439 3494 5508">
     <span class='ocr_line' id='line_1_111' title="bbox 1910 5439 3494 5508; baseline -0.005 -12"><span class='ocrx_word' id='word_1_785' title='bbox 1910 5444 1962 5496; x_wconf 89' lang='lat' dir='ltr'><strong>in</strong></span> <span class='ocrx_word' id='word_1_786' title='bbox 2009 5443 2092 5494; x_wconf 79' lang='lat' dir='ltr'><strong>his</strong></span> <span class='ocrx_word' id='word_1_787' title='bbox 2126 5459 2245 5508; x_wconf 72' lang='grc' dir='ltr'><strong>ψηυ</strong></span> <span class='ocrx_word' id='word_1_788' title='bbox 2285 5443 2604 5497; x_wconf 64' lang='lat' dir='ltr'><strong>necessari“</strong></span> <span class='ocrx_word' id='word_1_789' title='bbox 2640 5457 2747 5495; x_wconf 63' lang='lat' dir='ltr'><strong>~ton</strong></span> <span class='ocrx_word' id='word_1_790' title='bbox 2780 5450 2931 5507; x_wconf 88' lang='lat' dir='ltr'><strong>sunt,</strong></span> <span class='ocrx_word' id='word_1_791' title='bbox 2985 5439 3188 5494; x_wconf 63' lang='lat' dir='ltr'><strong>dissoni</strong></span> <span class='ocrx_word' id='word_1_792' title='bbox 3221 5439 3494 5497; x_wconf 74' lang='lat' dir='ltr'><strong>videntur.</strong></span> 
     </span>
    </p>
   </div>
   <div class='ocr_carea' id='block_1_112' title="bbox 337 5602 3495 5693">
    <p class='ocr_par' dir='ltr' id='par_1_112' title="bbox 337 5602 3495 5693">
     <span class='ocr_line' id='line_1_112' title="bbox 337 5602 3495 5693; baseline 0.007 -39"><span class='ocrx_word' id='word_1_793' title='bbox 337 5602 541 5658; x_wconf 79' lang='lat' dir='ltr'><strong>.creni.</strong></span> <span class='ocrx_word' id='word_1_794' title='bbox 575 5621 795 5667; x_wconf 75' lang='lat' dir='ltr'><strong>xuvm,</strong></span> <span class='ocrx_word' id='word_1_795' title='bbox 819 5609 907 5665; x_wconf 67' lang='lat' dir='ltr'><strong>5i.</strong></span> <span class='ocrx_word' id='word_1_796' title='bbox 935 5611 1024 5672; x_wconf 70' lang='lat'><strong>33,</strong></span> <span class='ocrx_word' id='word_1_797' title='bbox 1050 5612 1333 5664; x_wconf 71' lang='lat' dir='ltr'><strong>sci-undam</strong></span> <span class='ocrx_word' id='word_1_798' title='bbox 1359 5613 1599 5687; x_wconf 70' lang='lat' dir='ltr'><strong>LXXqui</strong></span> <span class='ocrx_word' id='word_1_799' title='bbox 1626 5620 1812 5689; x_wconf 81' lang='lat' dir='ltr'><strong>ubique</strong></span> <span class='ocrx_word' id='word_1_800' title='bbox 1837 5623 1920 5674; x_wconf 80' lang='lat' dir='ltr'><strong>hic</strong></span> <span class='ocrx_word' id='word_1_801' title='bbox 1946 5623 2236 5676; x_wconf 57' lang='lat' dir='ltr'><strong>laudamur</strong></span> <span class='ocrx_word' id='word_1_802' title='bbox 2311 5625 2331 5656; x_wconf 86' lang='grc'><em>³</em></span> <span class='ocrx_word' id='word_1_803' title='bbox 2363 5624 2466 5680; x_wconf 84' lang='lat' dir='ltr'><strong>lsa.</strong></span> <span class='ocrx_word' id='word_1_804' title='bbox 2509 5625 2722 5693; x_wconf 46' lang='lat' dir='ltr'><strong>mulo.</strong></span> <span class='ocrx_word' id='word_1_805' title='bbox 2800 5625 2820 5656; x_wconf 78' lang='grc'><strong>⁸</strong></span> <span class='ocrx_word' id='word_1_806' title='bbox 2846 5625 2891 5681; x_wconf 84' lang='grc' dir='ltr'><strong>ΙΙ</strong></span> <span class='ocrx_word' id='word_1_807' title='bbox 2912 5623 3039 5680; x_wconf 87' lang='lat' dir='ltr'><strong>Cor.</strong></span> <span class='ocrx_word' id='word_1_808' title='bbox 3069 5639 3150 5687; x_wconf 79' lang='grc' dir='ltr'><strong>ιιι,</strong></span> <span class='ocrx_word' id='word_1_809' title='bbox 3180 5624 3234 5676; x_wconf 74' lang='lat'><strong>3.</strong></span> <span class='ocrx_word' id='word_1_810' title='bbox 3313 5625 3333 5654; x_wconf 88' lang='lat'><strong>&#39;</strong></span> <span class='ocrx_word' id='word_1_811' title='bbox 3355 5624 3495 5678; x_wconf 79' lang='lat' dir='ltr'><strong>Luc.</strong></span> 
     </span>
    </p>
   </div>
   <div class='ocr_carea' id='block_1_113' title="bbox 1385 5753 2273 5822">
    <p class='ocr_par' dir='ltr' id='par_1_113' title="bbox 1385 5753 2273 5822">
     <span class='ocr_line' id='line_1_113' title="bbox 1385 5753 2273 5822; baseline 0.01 -10"><span class='ocrx_word' id='word_1_812' title='bbox 1385 5753 1582 5815; x_wconf 58' lang='lat' dir='ltr'><strong>Varia»</strong></span> <span class='ocrx_word' id='word_1_813' title='bbox 1631 5754 1935 5818; x_wconf 86' lang='lat' dir='ltr'><strong>lectiones</strong></span> <span class='ocrx_word' id='word_1_814' title='bbox 1983 5764 2040 5818; x_wconf 83' lang='lat' dir='ltr'><strong>et</strong></span> <span class='ocrx_word' id='word_1_815' title='bbox 2088 5765 2273 5822; x_wconf 69' lang='lat' dir='ltr'><strong>nota).</strong></span> 
     </span>
    </p>
   </div>
   <div class='ocr_carea' id='block_1_114' title="bbox 289 5867 1479 5947">
    <p class='ocr_par' dir='ltr' id='par_1_114' title="bbox 289 5867 1479 5947">
     <span class='ocr_line' id='line_1_114' title="bbox 289 5867 1479 5947; baseline 0.018 -33"><span class='ocrx_word' id='word_1_816' title='bbox 289 5867 357 5933; x_wconf 60' lang='grc' dir='ltr'><strong>(ἦ)</strong></span> <span class='ocrx_word' id='word_1_817' title='bbox 389 5870 544 5920; x_wconf 55' lang='grc' dir='ltr'><strong>πιετᾶι</strong></span> <span class='ocrx_word' id='word_1_818' title='bbox 579 5871 863 5939; x_wconf 66' lang='grc' dir='ltr'><strong>ἀκρεῆεἶκς</strong></span> <span class='ocrx_word' id='word_1_819' title='bbox 895 5875 1039 5929; x_wconf 69' lang='grc' dir='ltr'><strong>ειιίιίὶί</strong></span> <span class='ocrx_word' id='word_1_820' title='bbox 1077 5877 1087 5927; x_wconf 94' lang='grc'><strong>1</strong></span> <span class='ocrx_word' id='word_1_821' title='bbox 1138 5878 1171 5930; x_wconf 86' lang='grc' dir='ltr'><strong>ι.</strong></span> <span class='ocrx_word' id='word_1_822' title='bbox 1202 5879 1479 5947; x_wconf 66' lang='lat' dir='ltr'><strong>(Zhrysnst.</strong></span> 
     </span>
    </p>
   </div>
  </div>
