4018 6420
593 398 692 465 127
1804 401 2180 463 summu

2256 401 2578 461 .lGJtBENI
3738 396 3843 462 128

592 514 747 576 dicit,
808 512 910 565 hoc
957 521 1040 567 est
1076 528 1362 584 sponsum.
1399 512 1533 568 Nam
1584 524 1638 569 et
1688 516 2037 584 postmodum
2100 516 2151 567 in

2262 512 2421 565 καλεῖ
2459 512 2687 584 προῖὼν,
2717 512 2791 576 ὡς
2824 516 3087 586 μνηστήν.
3132 517 3287 571 Οὕτω
3334 517 3443 589 γὰρ
3468 512 3538 589 ἦν
3572 516 3695 580 ἔθος
3736 531 3843 568 κα-

590 606 941 675 sequentibus
994 622 1112 660 eam
1141 617 1297 662 vocat
1323 621 1567 672 uxorem,
1622 607 1725 661 hoc
1767 617 1849 660 est
1876 622 2153 675 sponsam.

1644 622 1725 661 mc
1767 617 1849 660 est
1876 622 2153 675 sponsam,
2263 604 2492 666 λεῖσθαι,
2521 605 2610 657 καὶ
2652 604 2758 673 πρὸ
2786 606 2883 674 τῆς
2918 608 3231 676 συναφείας.

591 694 667 747 lta
704 695 847 747 enim
901 706 1223 750 consuetum
1277 705 1393 750 erat
1457 698 1638 752 vocari
1672 697 1832 752 etiam
1866 705 2155 766 antequam

591 784 1073 853 coniungerentur.

666 874 821 931 Vers.
879 878 957 929 l7.
995 876 1183 929 Omnes
1216 878 1377 945 igitur
1410 910 1476 919 —
1507 878 1918 947 quatuordecim.
1962 877 2162 929 Omnes

2341 873 2531 929 Πᾶσαι
2557 869 2671 928 οὖν
2699 904 2765 913 -
2796 872 3262 938 δεκατέσσαρες.
3300 870 3390 931 Ei;
3435 868 3582 939 τρεῖς
3611 867 3848 937 μερίδας

593 967 981 1033 generationes
1049 968 1309 1021 trifariam
1375 969 1584 1031 divisit,
1638 978 1693 1021 ct
1753 971 1971 1021 merito.
2030 967 2163 1020 Tres

2264 968 2424 1020 διεῖλε
2454 966 2551 1027 τὰς
2582 963 2779 1030 γενεὰς
2809 963 3029 1025 ἁπάσας
3052 980 3065 994 ’
3118 962 3365 1021 εἰκότως.
3402 961 3566 1030 Τρεῖς
3603 958 3716 1027 γὰρ
3749 974 3850 1009 πο-

596 1059 742 1110 enim
790 1056 1008 1111 fuerunt
1064 1060 1475 1128 gubernationis
1534 1061 1699 1114 modi.
1757 1062 2035 1129 Siquidem
2096 1064 2162 1114 ab

2264 1059 2459 1110 λιτεῖαι
2485 1057 2688 1109 τούτων
2718 1056 2985 1121 ἐτέλεσα-ο.
3013 1052 3144 1105 Ἀπὸ
3188 1050 3285 1119 μὲν
3310 1049 3419 1119 γὰρ
3460 1049 3718 1119 Ἀϐραὰμ
3740 1047 3851 1108 ἔως

591 1147 858 1201 Abraham
917 1160 1036 1217 post
1097 1150 1279 1204 Mosen
1343 1160 1395 1204 et
1445 1149 1631 1205 Jesum
1694 1154 1839 1207 Nave
1892 1169 2063 1220 usque
2099 1154 2162 1207 ad

2265 1147 2448 1212 Δαυῒδ,
2479 1148 2616 1217 μετὰ
2645 1146 2885 1200 Μωῦσέα
2910 1147 3001 1196 καὶ
3039 1142 3247 1213 Ἰησοῦν
3271 1139 3365 1194 τδν
3393 1139 3488 1195 τοῦ
3522 1138 3707 1206 Ναυῆ,
3738 1137 3850 1189 ὑπὸ

590 1236 783 1299 David.
853 1242 953 1293 sul)
1003 1242 1280 1308 jndicibus
1340 1243 1834 1313 gubernabautur;
1903 1261 1930 1297 a
1994 1247 2159 1299 David

2267 1242 2374 1293 τῶν
2405 1239 2607 1310 κριτῶν
2650 1236 3084 1308 ἡγεμονεύοντοο
3126 1233 3232 1288 ἀπὸ
3271 1232 3329 1286 δὲ
3376 1234 3469 1285 τοῦ
3518 1228 3683 1284 Δαυῒδ
3742 1229 3850 1287 ἕως

593 1344 769 1397 usque
794 1330 859 1383 ad
883 1333 1407 1401 lransmigratiouem
1452 1334 1853 1405 Babylonicam.
1888 1337 1990 1390 sub
2020 1337 2166 1406 regi-

2264 1333 2366 1400 τῆς
2399 1328 2744 1400 μετοικεσίας
2774 1326 3107 1391 Βαϐυλῶνος,
3132 1324 3239 1379 ὑπὸ
3273 1322 3542 1393 βασιλέων
3574 1318 3846 1371 ίθύνοντο·

591 1418 697 1472 bus
731 1437 745 1485 ;
780 1434 809 1473 a
866 1424 1335 1492 transmigratione
1364 1440 1493 1480 vero
1538 1426 1857 1496 Babylonica
1893 1444 2067 1497 usque
2100 1429 2163 1482 ad

2268 1425 2376 1475 ἀπὸ
2398 1424 2451 1476 δὲ
2483 1424 2579 1490 τῆς
2609 1420 2956 1488 μετοικεσίας
2980 1417 3299 1476 Βαϐυλῶνος
3324 1415 3429 1476 ἕως
3452 1412 3546 1464 τοῦ
3572 1408 3845 1479 Χριστοῦ,

594 1510 894 1576 Christum,
923 1516 1023 1568 sub
1053 1516 1416 1583 pontiﬁcibus.
1453 1516 1715 1573 Veniente
1743 1529 1922 1573 autem
1944 1520 2164 1574 Christo

2269 1513 2373 1566 ὑπὸ
2404 1512 2703 1580 ἀρχιερέων
2750 1508 3142 1577 ὲκυὸερνῶντο.
3179 1504 3455 1565 Ἑλθόντος
3485 1502 3540 1554 δὲ
3571 1500 3665 1553 τοῦ
3708 1501 3852 1570 Χρι-

595 1618 724 1656 vero
750 1602 961 1667 Judice,
998 1604 1137 1675 Rege
1176 1622 1238 1661 ac
1269 1607 1550 1673 Pontiﬁce,
1605 1622 1958 1664 cessaverunt
2014 1611 2171 1666 dictas

2268 1602 2417 1668 στοῦ,
2443 1603 2536 1654 τοῦ
2571 1599 2803 1669 ἀληθοῦς
2832 1598 3036 1667 Κριτοῦ
3062 1600 3154 1649 καὶ.
3178 1597 3469 1660 Βασιλέως,
3500 1596 3593 1647 καὶ
3621 1595 3849 1662 Ἀρχιε-

591 1690 1073 1761 ροΙὶιὶω.ΑΞ(ιυυηι
1127 1704 1211 1748 est
1267 1703 1449 1749 autem
1479 1712 1725 1764 qurerere
1778 1699 2052 1765 quomodo
2105 1698 2156 1751 in

2270 1694 2429 1765 ρέως,
2461 1691 2775 1761 ἐπαύθησαν
2800 1692 2853 1742 αί
2882 1689 3202 1759 δηλωθεῖσαι
3240 1687 3527 1740 πολιτεῖαι.
3569 1685 3761 1748 ’Ἄξιον
3797 1683 3854 1735 δὲ

592 1782 755 1834 tertia
787 1795 958 1850 parte,
993 1784 1081 1837 ubi
1114 1785 1397 1839 duodecim
1461 1796 1667 1840 tantum
1702 1790 1853 1857 ponit
1875 1803 2162 1857 personas,

2271 1786 2528 1853 ζητῆσαι,
2558 1783 2674 1844 πῶς
2717 1782 2775 1833 ὲν
2812 1783 2875 1851 τῇ
2903 1782 3061 1850 τρίτῃ
3112 1780 3292 1848 μερίδι
3340 1778 3548 1830 δώδεκα
3576 1776 3854 1845 πρόσωπα

593 1871 1004 1937 quatuordecim
1033 1875 1177 1928 dicat
1209 1890 1329 1929 esse
1366 1880 1747 1945 generationes
1779 1919 1791 1931 .
1844 1878 1967 1931 Ιὼ-ι)
2013 1878 2166 1931 vide-

2271 1844 2407 1935 662K,-
2455 1844 2875 1939 δεκατέσσαρας,
2916 1844 3335 1935 ταῦτα-γενεὰς
3390 1844 3641 1920 ἔκάλεσεξ
3701 1865 3855 1916 Διότι

589 1958 737 2024 licet,
761 1961 885 2030 quia
912 1964 1089 2032 ipsum
1115 1965 1608 2033 transmigrationis
1637 1976 1849 2034 tempus
1885 1969 1941 2021 in
1975 1968 2170 2022 ordine

2272 1965 2366 2016 καὶ
2398 1964 2488 2017 τδν
2517 1965 2708 2033 χρόνον
2736 1962 2835 2029 τῆς
2864 1960 2974 2029 (23)
3006 1958 3348 2029 μετοικεσίας
3370 1959 3426 2009 ὲν
3458 1958 3607 2022 τάξει
3632 1956 3854 2008 τέθεικε

590 2050 955 2119 generationis
1012 2056 1211 2122 posuit,
1277 2064 1332 2109 et
1372 2056 1623 2110 similiter
1681 2058 2169 2126 ipsumCliristum,

2270 2056 2484 2122 γενεᾶς,
2518 2056 2611 2106 καὶ
2664 2054 2827 2107 αὑτὸν
2866 2053 2956 2104 τὴν
3006 2052 3265 2121 Χριστὸν,
3310 2051 3385 2113 ὡς
3432 2053 3460 2103 6
3497 2051 3674 2120 μέγας
3709 2051 3855 2118 φησι

588 2140 729 2198 sicut
761 2158 984 2212 magnus
1001 2146 1182 2199 docuit
1211 2145 1644 2216 Chrysostmnus.

1094 2146 1182 2198 :uit
1211 2145 1644 2216 Chrysostmnus.
2274 2146 2681 2216 Χρυσόστομος.

665 2233 821 2290 Vers.
848 2235 931 2289 18.
960 2234 1083 2288 Jesu
1111 2234 1310 2288 Christi
1335 2248 1508 2288 autent
1538 2265 1607 2276 —
1638 2236 1713 2289 ita
1774 2236 1893 2306 fuit.
1935 2234 2013 2305 ﬁ
2069 2235 2170 2301 Ita,

2346 2237 2459 2290 Τοῦ
2515 2238 2582 2289 δὲ
2626 2235 2829 2301 Ἰησοῦ
2869 2264 2933 2275 -
2962 2235 3150 2300 οὕτως
3180 2230 3276 2304 ἦν.
3328 2233 3515 2296 Οὕτως
3555 2232 3668 2302 (24)
3694 2272 3708 2294 ,
3776 2230 3855 2291 ὡς

592 2335 653 2381 ut
699 2326 947 2381 dicturus
980 2336 1083 2385 est.
1121 2343 1214 2381 seu
1244 2327 1503 2394 subjncct.

2272 2331 2445 2381 εἰπεῖν
2482 2329 2685 2396 μέλλει,
2713 2327 2881 2397 ἤγουν
2912 2327 3023 2395 (25)
3047 2328 3360 2380 ἀπόκειται.

662 2416 814 2471 Vers.
850 2417 938 2471 18.
963 2418 1091 2472 Cum
1113 2427 1241 2471 esset
1261 2421 1569 2487 desponsata
1598 2448 1663 2460 —
1691 2436 1718 2472 e
1742 2417 1942 2489 Spiritu
1967 2427 2170 2473 sancto.

2341 2421 2836 2486 Μνηστευθείσης
2866 2445 2931 2455 -
2959 2418 3027 2470 ἐκ
3075 2419 3424 2486 Πνεύματος
3483 2416 3679 2484 ἁγίου.
3742 2416 3859 2485 Πρδ

590 2506 907 2578 Priusquam
932 2509 1285 2564 convenirent
1305 2511 1370 2564 ad
1391 2511 1614 2564 coitum.
1640 2509 1754 2565 Non
1786 2510 1924 2565 dixit
1954 2519 2160 2570 autem,

2272 2512 2365 2566 τοῦ
2403 2510 2679 2564 συνελθεῖν
2718 2510 2915 2570 αὐτοὺς
2968 2509 3049 2571 είς
3080 2508 3398 2577 συνάφειαν.
3435 2508 3553 2561 Οὐκ
3594 2503 3719 2560 εἷπε
3774 2507 3855 2566 δὲ.

593 2602 911 2669 priusquam
955 2602 1072 2669 ipsa
1103 2602 1312 2656 veniret
1339 2604 1405 2657 ad
1428 2604 1646 2657 domum
1667 2603 1830 2656 illius.
1860 2600 1977 2657 ιιι-ιω
2008 2602 2171 2656 etiam

2272 2606 2355 2657 δτι
2394 2604 2505 2675 Πρὸ
2560 2602 2657 2655 τοῦ
2704 2602 2877 2654 ἐλθεῖν
2926 2600 3095 2672 αὐτὴν
3146 2602 3227 2663 είς
3278 2602 3378 2671 τὴν
3428 2602 3606 2653 οἰκίαν
3640 2598 3854 2652 αὐτοῦ’

598 2692 656 2744 in
699 2705 763 2744 ea
790 2700 927 2746 erat.
964 2690 1145 2746 Multis
1175 2694 1440 2763 siquidem
1468 2696 1633 2749 moris
1661 2706 1795 2761 erat,
1832 2704 1891 2749 ut
1938 2696 2079 2765 apud
2112 2712 2171 2751 se

2274 2696 2422 2749 ἔνδον
2462 2695 2574 2765 (26)
2605 2694 2714 2763 γὰρ
2758 2690 2848 2764 ἦν.
2902 2693 3065 2754 Ἔθος
3094 2692 3204 2763 γὰρ
3256 2694 3369 2754 τοῖς
3418 2690 3659 2751 πολλοῖς,
3720 2690 3858 2758 παρ’

602 2782 877 2838 haberent
927 2799 1176 2855 sponsas,
1227 2796 1450 2856 propter
1513 2789 1883 2842 securitatem.
1938 2788 2171 2859 Reperta

2276 2790 2492 2849 ἑαυτοῖς
2530 2786 2672 2854 ἔχειν
2704 2786 2802 2847 τὰς
2854 2784 3115 2854 μνηστὰς.
3150 2784 3218 2836 δι’
3252 2783 3574 2848 ἀσφάλειαν.
3619 2780 3857 2849 Εὑρέθη

596 2879 680 2927 est
709 2881 910 2939 autem,
937 2872 1038 2928 hoc
1065 2886 1168 2940 est,
1210 2878 1456 2946 apparuit
1488 2895 1502 2932 ;
1533 2878 1608 2932 ait
1642 2886 1821 2932 autem
1850 2888 2053 2947 reperta
2076 2889 2172 2943 est,

2274 2880 2350 2941 δὲ,
2376 2879 2495 2931 ἀντὶ
2528 2877 2641 2939 τοῦ,
2677 2876 2901 2946 Ἐφάνη.
2938 2875 3167 2943 Εὑρέθη
3196 2875 3252 2929 δὲ
3270 2871 3413 2939 εἷπε,
3439 2873 3529 2927 διὰ
3552 2874 3612 2926 τὸ
3641 2875 3858 2944 ἀπροσ-

594 2972 818 3032 propter
872 2965 1222 3034 inopinatum
1281 2968 1558 3023 effectum.
1600 2967 1677 3024 Ne
1726 2969 1992 3038 quispiam
2047 2985 2174 3023 vero

2274 2972 2524 3039 δόκητον.
2576 2969 2730 3021 Ἐπεὶ
2777 2968 2833 3019 δὲ
2879 2969 3122 3038 εἴρηκεν,
3173 2970 3254 3021 ὅτι
3304 2965 3504 3037 εὑρέθη
3549 2967 3607 3019 ὲν
3658 2967 3859 3034 γαστρὶ

596 3057 866 3119 turbetur,
922 3074 988 3112 eo
1025 3060 1168 3128 quod
1198 3058 1415 3125 dixerit,
1476 3070 1686 3128 reperta
1721 3071 1805 3115 est
1847 3076 1973 3115 esse
2032 3078 2172 3130 pra:-

2277 3062 2496 3132 ἔχουσα,
2535 3062 2617 3113 ἶνα
2650 3060 2721 3129 μὴ
2768 3060 2880 3127 (27)
2922 3057 3125 3129 θροηθῇ
3156 3076 3259 3122 τις,
3300 3057 3540 3119 ἀκούσας
3566 3056 3729 3109 τοῦτο
3758 3057 3858 3126 p.6-

596 3160 785 3213 gnans,
829 3145 870 3199 si
907 3146 959 3200 id
989 3148 1163 3201 solum
1222 3149 1404 3203 audiat
1448 3151 1616 3205 :ideo
1672 3152 1972 3205 orationem
2036 3166 2174 3205 con-

2277 3173 2387 3216 vov,
2415 3155 2749 3224 ἐθεράπευσε
2782 3151 2872 3204 τὸν
2894 3151 3073 3218 λόγον,
3110 3149 3387 3219 προσθεὶς,
3412 3150 3493 3201 ὅτι
3534 3149 3634 3202 Ἐκ
3666 3147 3858 3202 11νεύ-

598 3238 785 3301 ι·ιιιιὶι,
816 3238 1020 3292 addens
1045 3255 1071 3291 ε
1099 3237 1305 3307 Spiritu
1363 3251 1570 3295 sancto.

1099 3237 1305 3307 Spiritu
1363 3251 1570 3295 sancto.
2270 3265 2459 3318 ματος
2491 3247 2686 3313 ἁγίου.

668 3325 731 3399 Et
766 3343 925 3397 quam
957 3329 1026 3381 ob
1052 3344 1267 3382 causam
1300 3346 1408 3384 non
1466 3340 1548 3385 est
1596 3332 1967 3403 impragnata.
2016 3344 2175 3390 ante—

2344 3339 2452 3391 Kai.
2477 3338 2619 3397 τίνος
2651 3337 2835 3389 ἕνεκεν
2868 3336 2927 3388 οὗ
2954 3335 3178 3403 γέγονεν
3210 3332 3403 3401 ἔγκυος
3436 3332 3544 3405 πρὸ
3579 3332 3683 3400 τῆς
3718 3349 3859 3403 μνη-

597 3436 759 3488 qnam
803 3422 1285 3491 desponderetur?
1320 3425 1397 3479 Ne
1430 3426 1792 3493 occideretur,
1841 3437 2026 3498 utpote
2082 3447 2175 3484 su-

2288 3430 2489 3491 στείας;
2522 3430 2638 3481 Ἵνα
2674 3429 2744 3497 μὴ
2778 3428 3045 3499 ἀποθάνῃ,
3092 3426 3166 3489 ὼς
3198 3424 3599 3478 ὑποπτευθεϊσα
3623 3425 3863 3494 διαφθα-

610 3511 856 3578 spicimte
895 3514 961 3567 de
1018 3528 1079 3567 ea
1124 3514 1324 3579 habita,
1357 3516 1499 3584 quod
1557 3526 1813 3585 corrupta
1864 3528 2027 3572 esset.
2076 3519 2173 3575 Cui

2279 3525 2462 3595 ρῆναι.
2492 3523 2625 3575 Τίνα
2658 3525 2764 3591 γὰρ
2793 3522 2858 3575 ἂν
2908 3522 3141 3585 ἔπεισεν,
3181 3521 3264 3573 ὅτι
3312 3519 3409 3587 οὐχ
3439 3518 3725 3589 ὡμίλησεν
3757 3519 3860 3570 ἀν-

599 3603 743 3656 enim
773 3605 1098 3673 persuadere
1153 3606 1439 3675 potuisset,
1478 3624 1599 3661 cum
1634 3609 1750 3663 viro
1783 3626 1842 3664 se
1895 3625 2000 3664 n0n
2038 3626 2159 3666 esse

2274 3614 2395 3684 δρί;
2426 3614 2521 3667 Διά
2565 3614 2723 3665 τοῦτο
2757 3612 2933 3665 τοίνυν
2973 3612 3112 3681 μετὰ
3146 3611 3244 3678 τὴν
3282 3609 3600 3679 μνηστείαν,
3637 3611 3736 3662 καὶ
3766 3609 3857 3661 εν-

602 3707 950 3762 congressam
983 3695 1005 3747 ?
1054 3694 1281 3763 Pr0pter
1318 3696 1420 3750 hoc
1476 3713 1610 3767 ergo
1640 3709 1760 3767 post
1789 3700 2168 3769 desponsatid-

2274 3705 2362 3758 δον
2395 3704 2495 3773 τῆς
2523 3704 2699 3764 οἰκίας
2746 3702 2929 3763 αὑτοῦ,
2965 3705 3281 3771 ὲγκυμονεί,
3332 3702 3418 3753 ἵνα
3449 3700 3685 3769 νομισθῇ
3724 3701 3856 3752 συλ-

603 3800 747 3847 nem,
779 3796 979 3840 etcum
1014 3788 1122 3855 jam
1155 3788 1209 3841 in
1238 3790 1398 3843 domo
1432 3791 1527 3845 viri
1558 3800 1726 3855 esset,
1757 3792 2167 3863 impregnatur,

2277 3797 2461 3849 λαϐεῖν
2514 3795 2573 3859 ἐξ
2621 3794 2809 3858 αὑτοῦ,
2844 3794 2940 3847 καὶ
2972 3794 3113 3846 οὕτω
3146 3793 3409 3862 διαδράσῃ
3459 3792 3551 3844 τὸν
3580 3792 3859 3855 κίνδυνον,

601 3886 661 3930 ιι
692 3877 980 3931 verisimile
1013 3878 1102 3943 sit,
1142 3895 1208 3933 ex
1260 3882 1378 3950 ipso
1422 3883 1742 3953 concepisse
1784 3901 1797 3937 :
1834 3893 1887 3937 et
1914 3884 1990 3938 ita
2023 3888 2177 3955 peri-

2278 3887 2371 3941 καὶ
2405 3888 2489 3940 ἵνα
2524 3888 2624 3956 σχῇ
2664 3885 2854 3938 τοῦτον
2896 3885 3131 3955 χορηγόν
3161 3901 3219 3935 τε
3252 3884 3363 3936 τῶν
3402 3883 3729 3951 ἀναγκαίων
3763 3884 3857 3936 καὶ

608 3972 790 4024 culum
820 3973 1032 4026 evadat.
1088 3972 1378 4041 l’rmterea,
1411 3984 1470 4031 ut
1515 3980 1567 4032 in
1594 3981 1918 4035 necessariis
1977 3982 2174 4035 habeat

2278 3979 2572 4049 κηδεμόνα,
2614 3977 2709 4030 καὶ
2758 3978 2992 4045 μάλιστα
3054 3976 3205 4046 παρὰ
3251 3975 3344 4027 τὸν
3408 3975 3600 4046 καιρὸν
3645 3978 3747 4047 τῆς
3782 3976 3860 4039 είς

600 4062 1130 4118 subministratorem
1151 4073 1206 4118 et
1232 4077 1667 4134 procuratorem:
1692 4083 1757 4122 eo
1776 4070 2011 4124 maxime
2037 4081 2173 4125 tem-

1232 4077 1757 4134 procuratoremzeo
1776 4070 2011 4124 maxime
2037 4081 2173 4125 tem-
2280 4072 2555 4139 Αἴγυπτον
2603 4069 2805 4139 φυγῆς.

605 4164 743 4217 pore
775 4165 885 4218 quo
918 4150 974 4204 in
1004 4152 1293 4221 [Egyptum
1325 4153 1642 4224 fugiendum
1666 4167 1801 4210 erat.

673 4241 753 4295 Tu
782 4257 911 4297 vero
940 4258 1010 4297 ne
1042 4260 1281 4313 quaeras,
1315 4247 1587 4315 quomodo
1614 4250 1926 4318 conceperit
1952 4268 1966 4313 ;
2004 4266 2181 4319 neque

2354 4248 2425 4298 Σὺ
2456 4246 2511 4298 δὲ
2558 4244 2631 4314 μὴ
2684 4243 2947 4314 ζητήσῃς,
2983 4240 3098 4304 πῶς
3132 4239 3417 4304 συνέλαϐε,
3469 4240 3603 4310 μηδὲ
3634 4256 3866 4311 περιερ-

602 4333 816 4388 curiose
846 4336 1127 4394 scruteris.
1160 4352 1267 4405 quo
1317 4349 1473 4406 pacto
1514 4338 1779 4394 formatus
1814 4341 1885 4394 sit
1932 4342 2174 4413 embryo-

2284 4341 2446 4409 γάσῃ,
2477 4337 2591 4399 πῶς
2617 4335 2916 4406 διεπλάσθη
2950 4335 3010 4387 τὸ
3040 4332 3301 4405 ἔμϐρυον.
3328 4332 3498 4386 Τοῦτο
3532 4332 3642 4402 γὰρ
3669 4331 3803 4385 οὔτε
3838 4331 3864 4383 6

605 4424 720 4480 lloc
782 4427 1136 4496 enimneque
1189 4430 1521 4499 evangelista
1569 4430 1773 4495 docuit,
1824 4446 2004 4501 neque
2052 4443 2180 4489 ante

2285 4425 2677 4496 εὐαγγελιστὴς
2715 4424 2973 4489 ἐδίδαξεν,
3001 4423 3126 4477 οὕτε
3158 4423 3267 4492 πρὸ
3294 4422 3461 4475 αὐτοῦ
3495 4425 3522 4475 ὁ
3546 4422 3809 4491 ἄγγελος.
3839 4421 3865 4474 6

606 4516 783 4583 ipsum
822 4518 1063 4586 angelus,
1092 4518 1182 4585 qui
1216 4516 1424 4587 Virgini
1458 4529 1783 4589 conceptum
1810 4523 2177 4577 annuntiavit.

2286 4515 2775 4584 εὐαγγελισάμενος
2803 4518 2868 4582 τῇ
2895 4514 3142 4582 Θεοτόκῳ
3186 4513 3284 4583 τὴν
3317 4512 3602 4582 σύλληψιν.
3630 4513 3861 4581 Ἢγνόη-

608 4603 724 4657 lloc
752 4604 1016 4673 siquidem
1067 4605 1409 4674 ignorabant,
1446 4621 1511 4660 eo
1567 4608 1713 4676 quod
1761 4607 2180 4679 incomprehen-

2289 4624 2387 4659 σαν
2419 4606 2528 4674 γὰρ
2559 4606 2716 4659 τοῦτο
2740 4605 2835 4657 καὶ
2867 4604 3048 4668 αὐτοὶ,
3079 4603 3166 4657 διὰ
3196 4604 3256 4655 τὸ
3285 4598 3420 4656 εῖναι
3458 4606 3625 4655 πᾶσιν
3656 4602 3867 4659 ἀκατά-

609 4694 768 4749 εἰΙιὶΙο
791 4695 882 4758 sit,
916 4695 1124 4765 solique
1154 4696 1324 4750 beata:
1364 4697 1613 4752 Trinitati
1654 4699 1948 4769 cognitum.
1983 4700 2178 4755 Verum

2286 4698 2512 4765 ληπτον,
2565 4697 2655 4749 καὶ
2700 4696 2836 4766 μόνῃ
2886 4699 2952 4765 τῇ
3015 4694 3263 4765 μακαρίᾳ
3315 4693 3507 4763 Τριάδι
3560 4693 3862 4763 γνώριμον.

609 4786 661 4839 id
709 4794 914 4839 tantum
942 4787 1100 4851 scito,
1147 4787 1289 4856 quod
1319 4788 1489 4842 Filius
1515 4789 1827 4845 incarnatus
1864 4800 1949 4845 est
1986 4806 2181 4846 secun-

2289 4788 2462 4842 Τοῦτο
2490 4788 2545 4840 δὲ
2573 4788 2809 4856 γίνωσκε
2842 4786 3023 4855 μόνον,
3055 4787 3135 4840 ὅτι
3160 4785 3503 4853 σεσάρκωται
3533 4786 3561 4837 6
3594 4784 3746 4849 Υἱὸς,
3774 4786 3833 4837 εὑ
3851 4812 3864 4823 -

613 4878 742 4932 dum
782 4879 956 4933 Patris
990 4881 1349 4946 voluntatem,
1395 4893 1724 4952 cooperante
1755 4885 1917 4939 etiam
1976 4884 2179 4955 Spiritu

2286 4880 2440 4951 δοκίᾳ
2471 4879 2563 4932 τοῦ
2597 4879 2829 4950 Πατρὺς,
2863 4880 2954 4931 καὶ
3001 4876 3261 4948 συνεργίᾳ
3293 4876 3386 4929 τοῦ
3418 4876 3577 4946 ἁγίου
3614 4876 3863 4947 Πνεύμαο

615 4976 825 5022 sancto.
2285 4988 2397 5033 τος.

680 5059 834 5115 Vcrs.
868 5060 951 5115 19.
972 5060 1158 5131 Ioseph
1184 5091 1241 5100 -—
1269 5061 1540 5117 dimittere
1571 5079 1711 5118 eam.
1738 5062 1927 5118 Justus
1956 5064 2173 5133 quidem

2368 5063 2594 5131 Ἰωσὴφ
2646 5091 2715 5102 ——
2766 5059 3076 5114 ἀπολῦσαι
3105 5060 3320 5129 αὐτήν.
3373 5061 3591 5123 Δίκαιος
3648 5061 3864 5130 λέγεται

615 5149 835 5215 dicitur,
865 5152 956 5219 qui
987 5152 1267 5207 avaritiam
1297 5153 1446 5219 odit;
1482 5153 1686 5209 dicitur
1714 5155 1875 5208 etiam
1908 5155 2176 5225 generali-

2288 5156 2407 5226 μὶν,
2446 5156 2590 5208 καὶό
2622 5152 2795 5223 μισῶν
2838 5154 2937 5221 τὴν
2965 5151 3296 5218 πλεονεξίαν.
3334 5150 3550 5221 λέγεται
3588 5152 3669 5217 δὲ,
3714 5152 3811 5205 καὶ
3836 5151 3863 5203 6

618 5250 721 5306 ter,
756 5243 847 5312 qui
878 5243 1127 5299 virtutem
1160 5245 1313 5299 colit.
1342 5244 1494 5301 Sicut
1544 5256 1599 5301 et
1656 5245 1743 5301 hic
1768 5245 1967 5317 JOSCph
1995 5248 2175 5314 justus

2282 5246 2510 5299 καθόλου
2538 5247 2812 5313 ἐνάρετος,
2844 5241 3035 5312 ὥσπερ
3074 5244 3167 5295 καὶ
3199 5242 3295 5296 νῦν
3327 5244 3355 5296 6
3387 5244 3614 5313 Ἰωσὴφ,
3654 5243 3862 5303 δίκαιος

1805 5405 2005 5467 Variae
2054 5402 2355 5466 lectiones
2399 5408 2460 5462 et
2500 5408 2684 5464 notua.

693 5560 991 5649 .Apu‘d
1029 5564 1315 5649 Qhry‘sost'.
1343 5578 1385 5619 t.
1405 5564 1519 5631 Vll,
1543 5584 1605 5649 _p.
1628 5568 1697 5649 46
1722 5567 1781 5621 Β.
1809 5584 1968 5649 quem
1996 5570 2173 5623 locum

2362 5568 2474 5639 (9.5)
2510 5568 2713 5635 Ἥγουν
2739 5565 3286 5630 ἁπόκειται,οιιιὶιιίι.
3319 5565 3381 5616 Α.
3422 5564 3603 5616 malint
3642 5566 3854 5621 61:6st-

623 5634 867 5698 respicit.
891 5641 973 5685 est
1000 5634 1394 5704 αἰχμαλωσίας,
1415 5634 1568 5704 quod
1589 5638 1777 5691 eodem
1804 5634 1965 5693 redit.

630 5771 659 5786 ν
697 5700 949 5786 (altilem
986 5706 1246 5786 sclnolium
1265 5705 1893 5786 omiseratnllcntenius.
1958 5709 2179 5764 Transi-

2021 5711 2179 5764 'ausi-
2287 5656 2469 5786 ταίξρ)
2496 5706 2679 5786 ἱῌνὸον
2712 5705 2816 5774 γὰρ
2844 5701 2932 5785 ᾖν,
2969 5704 3290 5786 ριῐιίιιίι.“ᾼΓ
3387 5784 3393 5786 Α
3443 5772 3465 5786 Α
3583 5775 3608 5786 ﬂ

629 5772 785 5823 licrnt
809 5772 1037 5826 fortasse
1060 5774 1232 5827 strilia
1265 5774 1419 5828 istius
1463 5776 1684 5831 codicis.
2362 5772 2469 5845 (.27)
2496 5772 2818 5843 Plerumque
2844 5772 2896 5828 in
2920 5776 3111 5828 Ialilms
3142 5774 3401 5827 adhilicnt
3442 5772 3745 5845 Οιιρλὸηθῇ.
