4078 6434
223 456 321 520 12')

1140 451 1523 510 COMMEN'I‘.
1571 451 1650 509 ΙΝ
1697 445 2172 507 ΜΑΤΤΗίΕυΜ.
2219 471 2285 479 -
2329 446 2489 506 CAP.
2530 448 2576 509 Ι.

3407 451 3514 510 1210

221 571 360 622 εῖναι
394 562 804 634 μαρτυρηθεὶς,
842 561 931 615 διὰ
957 577 1015 614 τε
1053 562 1150 625 τὰς
1188 561 1356 624 ἄλλας
1387 561 1556 614 αὑτοῦ
1580 559 1802 629 ἀρετὰς,

1916 571 2033 611 esse
2067 556 2409 626 perhibetur,
2454 573 2579 612 cum
2621 565 2850 629 propter
2907 556 3044 612 alias
3080 557 3204 628 ejus
3255 557 3517 624 virtutes.

217 664 308 716 καὶ
328 660 415 713 διὰ
436 658 536 726 τὴν
571 656 857 727 πραότητα
887 657 980 709 καὶ
1006 655 1387 726 ἀγαθωσύνην.
1423 654 1808 724 Παραδειγμα-

217 754 362 807 τίσαι
387 752 446 805 δὲ
486 750 730 816 ἐλέγετο,
755 748 884 804 ὅταν
907 747 1048 817 ἀνὴρ
1097 746 1248 821 παρὰ
1280 747 1340 798 τὸ
1373 746 1656 814 συνέδριον
1701 739 1807 814 ἦγε

217 847 311 916 τὴν
353 841 828 913 ύποπτευομένην,
858 842 953 894 καὶ
986 840 1284 909 κατηγόρει
1323 839 1551 907 ταύτης,
1583 838 1678 890 καὶ
1717 835 1807 889 οὖ-

216 955 321 1000 τως
354 935 528 1004 αὐτὴν
564 926 814 1004 φανερῶς
861 933 1100 986 ἀπέλυεν
1136 930 1247 986 ἀπὸ
1274 931 1376 1000 τῆς
1417 930 1595 993 οἰκίας
1617 928 1805 994 αὑτοῦ,

215 1031 348 1099 ὅπερ
382 1029 457 1098 μὴ
505 1026 674 1080 θέλων
727 1027 952 1096 ποιῆσαι
998 1026 1026 1078 6
1059 1024 1279 1095 Ἰωσὴφ.
1315 1023 1595 1095 ἠϐουλήθη
1629 1023 1806 1094 λάθρα

216 1122 489 1176 ἀπολῦσαι
533 1120 730 1191 αὐτὴν,
765 1119 851 1172 ἵνα
889 1119 983 1172 καὶ
1013 1118 1176 1181 αὐτὸς
1209 1117 1508 1182 ἀνεύθυνος
1554 1120 1663 1172 ἀπὸ
1709 1118 1805 1173 τοῦ

215 1217 378 1283 νόμου
425 1215 609 1284 μείνῃ,
647 1211 742 1265 τοῦ
775 1210 1112 1275 κελεύοντος,
1147 1210 1407 1264 ἀπολύειν
1441 1212 1542 1274 τὰς
1568 1213 1804 1275 κυούσας

217 1306 510 1376 ἑτέρωθεν,
552 1305 816 1375 κάκείνην
865 1303 1053 1373 ἀπαθῆ
1093 1304 1282 1357 κακῶν
1331 1306 1671 1378 συν-τηρήσῃ,
1730 1305 1808 1376 μὴ

213 1400 275 1468 δη
284 1396 592 1468 μοσιεύσας
621 1397 682 1449 τὸ
705 1396 956 1464 γεγονός.

289 1574 486 1629 Ταῦτα
513 1574 584 1628 δὲ
607 1605 679 1615 —
698 1575 892 1646 ἐφάνη
916 1578 1098 1644 αὐτῷ.
1128 1579 1270 1651 Ὀρα
1297 1580 1603 1650 πραότητος
1633 1582 1809 1652 ύπερ-

216 1666 412 1736 ϐολήνῐ
452 1667 516 1720 ού
573 1667 736 1737 μόνον
765 1669 876 1740 γὰρ
915 1669 1021 1723 Δούκ
1071 1670 1290 1734 ἐξεῖπεν
1339 1673 1512 1742 ἑτέρῳ
1548 1673 1803 1742 περὶτοῦ

214 1757 564 1826 πράγματος,
599 1756 716 1810 ἀλλ’
756 1757 878 1810 οὐδὲ
905 1759 1042 1827 αὐτῇ
1080 1761 1147 1829 τῇ
1191 1760 1634 1830 ὑποπτευομένῃ,
1668 1760 1804 1813 ἀλλὰ

213 1848 334 1900 καθ’
363 1849 563 1901 ἑαυτὸν
597 1849 931 1919 ἐνεθυμήθη,
963 1850 1137 1920 λάθρα
1163 1851 1436 1904 ἀπολῦσαι
1465 1853 1657 1920 αὑτήν.
1694 1851 1804 1905 Καὶ

1915 658 2030 703 tum
2065 659 2291 719 propter
2328 651 2811 705 mansuetudinem
2850 666 2914 705 ac
2974 651 3309 720 probitatem
3366 653 3512 722 ejus.

1915 740 2234 796 Traducere
2261 752 2448 797 autem
2491 744 2805 810 dicebatur,
2840 743 3063 814 quando
3095 745 3178 798 vir
3208 745 3276 798 ad
3329 745 3521 798 conci-

1911 833 2044 887 lium
2076 834 2313 890 ducebat
2345 850 2597 900 uxorem,
2617 837 2686 891 de
2710 852 2818 906 qua
2834 837 3210 906 suspicionem
3256 838 3519 901 habebat,

1911 931 2197 1000 ipsamque
2229 931 2525 987 accusabat
2562 948 2575 984 :
2634 939 2689 985 et
2720 931 2792 985 ita
2823 929 3113 984 manifeste
3139 945 3260 984 eam
3294 945 3324 984 a
3355 931 3520 986 domo

1913 1025 2139 1094 propria
2204 1024 2544 1079 dimittebat.
2601 1023 2756 1089 Quod
2799 1023 2996 1078 nolens
3052 1022 3233 1076 facere
3289 1021 3519 1091 Joseph,

1917 1114 2091 1168 voluit
2119 1115 2259 1169 clam
2292 1114 2574 1169 dimittere
2600 1129 2744 1179 eam,
2780 1123 2838 1168 ut
2871 1122 2926 1168 et
2995 1113 3112 1184 ipse
3173 1114 3308 1167 nulli
3343 1115 3521 1169 obno-

1909 1208 2034 1260 xius
2063 1207 2279 1261 crimini
2317 1208 2620 1261 secundum
2654 1206 2826 1278 legem
2861 1216 3128 1274 maneret,
3181 1222 3276 1262 eas
3316 1208 3522 1277 juben-

1914 1307 2021 1352 tem
2066 1299 2368 1365 dimittere,
2426 1315 2548 1368 quae
2581 1299 2808 1353 aliunde
2836 1299 2891 1352 in
2948 1306 3108 1353 utero
3134 1299 3423 1365 haberent,
3468 1311 3524 1355 et

1917 1391 2063 1444 illam
2097 1409 2126 1445 a
2159 1393 2427 1446 malorum
2455 1387 2811 1461 perpessione
2833 1399 3103 1457 servaret,
3127 1392 3255 1461 quia
3291 1395 3341 1445 id
3370 1394 3521 1462 quod

1910 1483 2113 1538 factum
2144 1492 2285 1548 erat,
2351 1500 2461 1538 non
2510 1484 2919 1540 manifestabat.

1984 1575 2140 1631 Vers.
2169 1576 2259 1630 ΞΟ.
2292 1575 2418 1630 Hau:
2451 1587 2636 1631 autem
2661 1605 2732 1616 —
2765 1576 3016 1644 apparuit
3052 1576 3120 1630 ei.
3172 1574 3306 1632 Vide
3360 1592 3522 1632 man-

1909 1668 2229 1723 suetudinis
2256 1668 2662 1732 excellentiam.
2694 1665 2813 1720 Non
2848 1668 3028 1721 solum
3050 1667 3152 1722 hac
3188 1668 3257 1722 de
3282 1684 3340 1722 re
3367 1669 3514 1736 nihil

1909 1761 2068 1815 alteri
2106 1759 2518 1819 manifestabat.
2554 1758 2652 1813 sed
2685 1773 2788 1813 nec
2829 1758 2956 1828 ipsi,
3020 1758 3090 1813 de
3155 1774 3262 1828 qua
3326 1759 3518 1829 suspi-

1911 1853 2126 1908 cionem
2171 1852 2452 1906 habebat:
2496 1861 2706 1904 tantum
2739 1850 2885 1920 apud
2938 1864 2998 1904 se
3037 1850 3321 1919 cogitavit,
3378 1850 3520 1904 clam

213 1939 352 1992 διατί
386 1942 487 2011 μὴ,
524 1942 632 2008 πρὸ
660 1941 755 1994 τοῦ
788 1942 1165 2012 ἐξογκωθῆναι
1207 1946 1305 2014 τήν
1337 1946 1580 2016 γαστέρα
1609 1947 1805 2016 αὐτῆς,

1916 1946 2192 2001 dimittere
2237 1959 2389 1998 eam:
2438 1945 2505 1997 Et
2558 1957 2728 2012 quare
2785 1957 2895 1996 non
2967 1950 3263 2010 antequam
3327 1951 3524 1996 venter

211 2034 239 2084 6
262 2033 498 2101 ἄγγελος
526 2030 648 2086 εἷπε
675 2034 756 2104 τῷ
775 2035 974 2106 Ἰωσὴφ
1002 2037 1068 2088 τὰ
1099 2039 1227 2107 περὶ
1270 2038 1370 2109 τῆς
1399 2041 1644 2110 ἀσπόρου
1683 2041 1809 2094 συλ-

213 2123 458 2194 λήψεως
493 2125 642 2178 Διότι
667 2127 895 2195 ἔμελλεν
940 2130 1312 2192 ἀπιστεῖσθαι,
1348 2130 1434 2185 διὰ
1465 2134 1526 2186 τὸ
1561 2133 1806 2204 παράδο-

215 2215 321 2280 ξον.
355 2219 562 2280 Λοιπὸν
595 2218 712 2281 οὖν,
759 2220 1041 2288 ὁρωμένου
1073 2221 1166 2274 τοῦ
1202 2224 1548 2293 πράγματος,
1587 2225 1803 2295 μηνύει,

214 2309 306 2361 καὶ
361 2310 547 2362 πείθει
597 2310 802 2381 ῥᾴδιον.
839 2311 950 2364 Καὶ
991 2312 1135 2365 διατί
1199 2315 1274 2385 μὴ
1327 2317 1360 2385 ή
1397 2318 1672 2387 Παρθένος
1732 2318 1808 2388 τῷ

213 2397 413 2467 Ἰωσὴφ
452 2400 770 2469 ἀνήγγειλε,
830 2402 1252 2473 προδιδαχθεῖσα
1299 2407 1475 2461 ταῦτα
1511 2411 1660 2480 παρὰ
1711 2410 1806 2464 τοῦ

214 2491 494 2560 Γαϐριήλς
550 2494 696 2544 Διότι
751 2494 1070 2561 ἐγίνωσκεν,
1121 2496 1196 2559 ὡς
1253 2499 1314 2552 ού
1357 2502 1804 2572 πιστευθήσεται,

217 2584 420 2650 μᾶλλον
478 2584 581 2653 μὲν
645 2580 739 2636 οὖν
798 2587 894 2637 καὶ
944 2588 1262 2656 παροξυνεῖ,
1321 2591 1398 2656 ὡς
1453 2594 1810 2662 ἐπιχειροῦσα

216 2673 539 2734 συσκιάζειν
569 2672 629 2724 τὸ
665 2674 1238 2746 πεπλημμελημένον.
1274 2681 1385 2734 Καὶ
1415 2681 1558 2735 διατί
1603 2685 1678 2754 μὴ
1715 2685 1810 2737 καὶ

213 2767 277 2834 τῇ
309 2765 600 2834 Παρθένῳ,
626 2767 767 2835 μετά
795 2766 886 2818 τὸν
914 2766 1079 2836 ὄγκον
1111 2771 1206 2839 τῆς
1239 2774 1500 2842 γαστρὸς,
1537 2777 1809 2845 ἐμήνυσεν

215 2858 241 2906 ὁ
278 2856 518 2924 ἄγγελος
544 2857 642 2927 τὴν
668 2859 731 2909 ἐκ
768 2858 1089 2928 Πνεύματος
1119 2863 1276 2930 ἁγίου
1306 2865 1606 2936 σύλληψιν;
1639 2871 1807 2934 Διότι,

218 2949 264 2999 εί
297 2949 372 3019 μὴ
419 2952 825 3021 προμεμάθηκε
856 2953 1037 3019 τοῦτο,
1071 2955 1299 3025 ἔμελλεν
1334 2958 1391 3010 ἑν
1424 2957 1642 3028 θορύϐῳ
1666 2957 1810 3014 εἶναι

219 3043 309 3092 καὶ
338 3046 581 3112 ταραχῇ.
623 3047 718 3097 καὶ
768 3047 861 3098 hri.
909 3047 1106 3117 βρόχον
1155 3047 1335 3101 ἐλθεῖν
1388 3048 1448 3102 εὖ
1505 3051 1702 3115 εἰδυῖα,
1735 3054 1810 3116 ὡς

215 3132 314 3185 οὐκ
346 3133 413 3186 ἀν
449 3151 584 3187 ποτε
616 3139 782 3209 πείσῃ
813 3140 959 3204 τινὰ,
993 3139 1251 3207 λέγουσα,
1306 3139 1382 3211 μὴ
1425 3143 1686 3212 ὁμιλῆσαι
1719 3145 1812 3195 ἁν-

1913 2040 2320 2093 intumesceret
2375 2036 2614 2107 Virginis
2679 2035 2818 2090 dixit
2875 2035 3105 2105 angi-lus
3157 2034 3262 2104 ipsi
3294 2034 3522 2105 Ioseph,

1910 2147 2030 2202 quis
2059 2131 2201 2185 facta
2235 2129 2455 2184 fuerant
2477 2130 2622 2183 circa
2649 2127 3072 2196 conceptionem
3108 2127 3230 2181 sine
3259 2127 3521 2182 Semine?

1912 2228 2048 2292 Quia
2099 2233 2324 2294 propter
2365 2239 2616 2294 magnam
2703 2222 2784 2277 rei
2842 2222 3140 2276 novitatem
3199 2221 3523 2276 incredulus

1912 2316 2128 2371 fuisset.
2164 2317 2303 2370 Cum
2329 2330 2460 2382 ergo
2505 2329 2592 2368 res
2643 2314 2753 2384 iam
2787 2323 3104 2383 appareret,
3133 2314 3346 2368 indicat
3376 2313 3519 2368 faci-

1913 2409 2129 2478 liusque
2171 2409 2489 2478 persuadet.
2537 2406 2834 2468 Paeterea,
2876 2422 2975 2460 cur
3043 2421 3154 2460 non
3204 2408 3320 2476 ipsa
3354 2406 3523 2478 Virgo

1912 2503 2296 2557 manifestavit
2335 2501 2566 2570 Joseph,
2608 2515 2733 2554 cuni
2790 2499 2945 2566 prius
2995 2514 3026 2553 a
3055 2498 3310 2553 Cabricle
3371 2509 3524 2554 esset

1911 2596 2144 2651 edocta?
2234 2593 2394 2661 Quod
2461 2593 2672 2648 sciebat
2758 2601 2973 2645 tantum
3047 2591 3246 2644 abesse
3295 2600 3353 2646 ut
3414 2591 3521 2648 sibi

1913 2687 2050 2742 fides
2084 2686 2445 2740 adhiberetur
2474 2694 2535 2738 ut
2587 2683 2757 2753 magis
2781 2683 2943 2736 etiam
3000 2683 3243 2736 irritaret
3278 2683 3367 2742 (ad
3400 2685 3522 2736 vin-

1913 2781 2114 2834 dictam
2144 2777 2474 2846 Josephum)
2504 2776 2550 2829 si
2599 2775 2816 2844 culpam
2846 2783 3142 2828 conaretur
3182 2774 3382 2828 celare.
3437 2774 3522 2829 Ad

1914 2873 2031 2927 hac
2067 2888 2080 2924 :
2121 2877 2303 2936 Quare
2333 2883 2444 2922 non
2477 2877 2602 2938 post
2637 2869 2848 2923 ventris
2874 2877 3150 2922 tumorem
3175 2865 3517 2937 significavit

1912 2964 2139 3034 angelus
2181 2961 2421 3032 Virginis
2470 2961 2916 3029 conceptionem,
2953 2975 3076 3029 qua:
3111 2974 3207 3028 per
3237 2958 3512 3028 Spiritum

1913 3067 2162 3113 sanetum
2187 3055 2327 3111 facta
2360 3053 2556 3108 esset?
2583 3051 2721 3118 Quia
2752 3052 2858 3106 nisi
2879 3053 3029 3120 prius
3061 3067 3176 3106 rem
3211 3051 3514 3106 didicisset

1915 3153 2112 3205 timore
2149 3165 2214 3205 ac
2273 3147 2692 3218 perturbatione
2722 3145 2861 3200 adeo
2908 3143 3171 3214 exagitari
3206 3153 3404 3214 potut,
3461 3156 3522 3198 ut

215 3223 322 3290 δρί.
371 3226 478 3279 Διὰ
507 3227 685 3295 τοῦτο,
733 3233 803 3300 τῇ
853 3231 954 3300 μὲν
1001 3231 1288 3302 Παρθένῳ,
1339 3233 1443 3303 πρὸ
1476 3237 1574 3304 τῆς
1612 3236 1807 3306 συλλή-

1918 3251 2147 3296 mortem
2188 3242 2303 3307 ipsa
2341 3241 2444 3294 sibi
2478 3237 2879 3300 conscisceret,
2903 3237 3064 3306 plane
3111 3235 3317 3301 sciens,
3367 3235 3518 3304 quod

213 3316 379 3385 ψεως,
417 3320 446 3371 6
491 3319 722 3388 ἄγγελος
768 3321 1080 3390 διαλέγεται
1105 3340 1118 3354 ·
1156 3323 1237 3393 τῷ
1267 3324 1326 3378 δὲ
1371 3324 1592 3398 Ἰωσήφ,
1635 3329 1693 3381 ὲν
1735 3331 1807 3399 τῷ

1917 3335 2048 3388 nulli
2084 3348 2324 3402 unquam
2357 3329 2687 3400 persuadere
2718 3328 3014 3407 potuisset,
3044 3343 3103 3382 se
3129 3327 3261 3380 nulli
3283 3326 3518 3384 contini-

220 3409 398 3479 καιρῷ
418 3411 531 3464 τῶν
557 3411 783 3467 ὠδίνων.

288 3676 397 3729 Καὶ
433 3676 465 3728 6
499 3677 600 3747 μὲν
629 3678 919 3744 Ματθαῖος
951 3683 1082 3752 περὶ
1116 3683 1216 3738 τοῦ
1263 3687 1500 3756 ἀγγέλου
1547 3690 1640 3744 τοῦ
1689 3693 1814 3745 επι-

219 3766 450 3830 στάντος
496 3768 577 3839 τῷ
612 3769 814 3840 Ἰωσήφ
863 3773 1207 3845 ἀνέγραψεν·
1262 3779 1291 3831 6
1327 3778 1384 3832 δὲ
1419 3781 1635 3846 Λουκᾶς
1683 3785 1812 3855 περὶ

216 3859 309 3913 τοῦ
336 3863 849 3934 εὐαγγελισαμένου
894 3869 962 3938 τῇ
996 3869 1259 3942 Παρθένῳ
1287 3872 1386 3943 τήν
1423 3873 1576 3929 θείαν
1612 3876 1814 3946 σύλλη-

215 3953 327 4020 ψιν.
355 3956 678 4028 ’Δμφότερα
722 3958 831 4028 γὰρ
879 3962 1160 4028 γεγόνασι.
1193 3964 1301 4017 Καὶ
1329 3966 1472 4018 διατί
1523 3967 1645 4020 κατ’
1677 3969 1812 4039 ὄναρ

217 4044 365 4115 αύτῷ
392 4047 654 4115 φαίνεται
683 4049 710 4101 6
750 4050 1006 4118 ἄγγελος,
1048 4057 1142 4106 καὶ
1182 4058 1256 4126 μὴ
1309 4059 1584 4128 φανερῶς,
1623 4061 1812 4131 ὥσπερ

219 4140 313 4189 καὶ
353 4141 422 4209 τῇ
478 4139 783 4211 Παρθένῳ;
829 4145 976 4197 Διότι
1033 4147 1065 4215 ἡ
1123 4148 1223 4216 μὲν
1273 4151 1551 4220 Παρθένος
1607 4153 1811 4230 ἔχρῃζε

217 4232 466 4301 φανερᾶς
503 4231 700 4301 ὅψεως,
745 4234 834 4289 διὰ
873 4237 936 4289 τὸ
977 4240 1285 4310 παράδοξον
1327 4243 1422 4295 τοῦ
1456 4247 1808 4317 μηνύματος·

215 4323 242 4372 6
275 4321 336 4411 δὲ.
363 4321 589 4394 Ἰωσὴφ,
615 4325 829 4394 βλέπων
857 4329 957 4398 μὲν
981 4335 1076 4383 καὶ
1098 4333 1191 4384 τὸν
1222 4334 1384 4402 ὄγκον
1416 4338 1512 4406 τῆς
1548 4341 1810 4411 γαστρὸς,

216 4409 510 4478 γινώσκων
539 4413 597 4466 δὲ
627 4416 724 4466 καὶ
759 4417 851 4470 τὸν
888 4418 1005 4488 βίον
1032 4421 1128 4491 τῆς
1166 4425 1445 4493 Παρθένου
1481 4409 1722 4500 καθαρόν
1750 4449 1809 4485 τε

218 4511 310 4561 καὶ
343 4509 744 4581 ἀνεπίληπτον,
807 4515 1204 4587 εὐχερέστερον
1255 4520 1450 4589 ἔμελλε
1503 4527 1807 4582 πιστεύειν.

1914 3437 2053 3482 stam
2094 3441 2225 3498 esse
2273 3425 2408 3476 viro.
2465 3421 2764 3490 Propterea
2839 3419 3046 3489 Virgini
3105 3417 3326 3488 quidem
3391 3425 3520 3470 ante

1912 3519 2334 3586 conceptionem
2367 3512 2595 3582 angelus
2619 3511 2919 3577 nuntiat-it,
2953 3510 3126 3580 Josph
3174 3521 3357 3564 autem
3386 3524 3522 3579 par-

1913 3609 2194 3666 turitionis
2225 3617 2492 3675 tempore.

1986 3704 2050 3757 Et
2072 3701 2359 3754 Matthaeus
2382 3698 2607 3767 quidem
2644 3697 2712 3751 de
2738 3695 2936 3767 angelo
2966 3695 3174 3764 Joseph
3215 3703 3519 3764 apparente

1913 3793 2241 3862 conscripsit
2271 3810 2286 3858 ;
2326 3789 2499 3844 Lucas
2535 3804 2688 3854 vero,
2715 3788 2997 3858 quomodo
3032 3787 3240 3857 Virgini
3279 3787 3505 3841 divinus

1913 3895 2211 3955 conceptus
2234 3885 2305 3939 sit
2354 3882 2718 3936 annuntiatus
2751 3898 2764 3946 ;
2805 3890 3102 3948 utrumque
3131 3880 3278 3933 enim
3307 3879 3516 3934 factum

1912 3990 2016 4036 est.
2048 3980 2306 4041 Rursum,
2344 3992 2506 4045 quam
2548 3975 2620 4029 ob
2661 3989 2886 4028 causam
2925 3975 2979 4027 in
3006 3974 3216 4029 somnis
3271 3975 3376 4043 ipsi
3417 3973 3514 4027 Jo-

1914 4073 2047 4143 seph
2073 4071 2328 4140 apparuit
2362 4067 2589 4139 angelus
2616 4079 2671 4120 et
2701 4082 2812 4120 non
2861 4068 3178 4130 manifeste,
3213 4065 3358 4120 sicut
3396 4066 3519 4120 Vir-

1916 4167 2026 4237 gini
2072 4170 2093 4218 ‘!
2141 4164 2279 4230 Quia
2351 4161 2555 4232 Virgini
2611 4161 2831 4231 quidem
2883 4161 3177 4214 maniiesta
3227 4173 3368 4229 Opus
3399 4169 3517 4213 erat

1915 4258 2126 4312 visione
2146 4263 2370 4324 propter
2401 4255 2498 4316 rei,
2531 4264 2652 4321 qua
2684 4250 3115 4322 significabatur,
3150 4253 3452 4304 novitatem
3499 4269 3513 4304 :

1911 4350 2138 4419 Joseph,
2174 4358 2360 4401 autem
2411 4347 2602 4400 videns
2641 4347 2863 4414 quidem
2903 4344 3042 4398 uteri
3083 4353 3376 4408 tumorem,
3413 4360 3510 4398 eo-

1912 4445 2117 4516 gnitam
2149 4453 2333 4497 tamen
2388 4441 2597 4494 habens
2650 4440 2774 4494 vita:
2823 4437 3060 4507 Virginis
3106 4439 3401 4507 puritatem
3453 4454 3517 4492 ac

1915 4533 2310 4594 innocentiam,
2346 4531 2451 4583 alio
2487 4545 2706 4598 quoque
2757 4529 2921 4582 modo
2971 4527 3189 4581 facilius
3227 4539 3345 4581 erat
3389 4544 3515 4582 cre-

221 4600 435 4666 Ἀλλως
476 4619 538 4656 τε
576 4604 654 4669 δὲ,
690 4607 785 4659 καὶ
814 4605 890 4670 ὡς
927 4603 986 4663 εὖ
1029 4608 1185 4674 είδὼς
1217 4613 1517 4684 διακρίνειν
1543 4617 1807 4687 ὀνείρους,

1919 4629 2153 4690 diturus,
2190 4634 2448 4693 tanquam
2500 4624 2592 4691 qui
2645 4621 2858 4675 somnia
2889 4620 3056 4689 probe
3094 4629 3324 4674 noverat
3373 4621 3517 4690 diju-

217 4694 275 4748 ἰν
304 4696 510 4767 ὀνείρῳ
537 4697 729 4768 βλέπει
748 4700 840 4753 τὸν
863 4700 1116 4769 ἄγγελον.

287 4789 498 4858 nam
527 4817 596 4830 --
623 4791 882 4861 γυναῖκά
915 4811 1055 4848 σου.
1087 4796 1214 4851 re»
1242 4799 1407 4853 Δαυῖδ
1432 4803 1594 4859 αὐτὸν
1621 4808 1813 4862 ἐκάλε-

219 4897 331 4967 σεν,
364 4882 596 4950 ἀνάγων
621 4885 719 4953 τὴν
745 4885 988 4940 διάνοιαν
1023 4887 1192 4941 αὑτοῦ
1223 4891 1318 4943 ἐπὶ
1357 4891 1451 4947 τὸν
1497 4894 1687 4961 Δαυῖδ,
1715 4901 1811 4967 ἀφ’

217 4965 278 5024 οὗ
301 4973 656 5042 προσεδόκων
679 4976 927 5029 Ἰουδαῖοι
956 4977 1048 5030 τὸν
1087 4980 1323 5052 Χριστὸν
1358 4982 1598 5041 ἔσεσθαι.
1627 4965 1811 5044 Είπῶν

216 5064 291 5130 δὲ,
325 5065 426 5133 Μὴ
455 5064 752 5135 φοϐηθῇς,
786 5069 1125 5140 ἀνεκάλυψεν
1165 5072 1314 5142 αύτῷ
1349 5074 1410 5126 τὸ
1448 5077 1549 5145 τῆς
1578 5080 1810 5149 καρδίας

217 5159 383 5212 αὑτοῦ
418 5161 749 5231 μυστήριον.
775 5163 1058 5232 Ἐφοϋεῖτο
1091 5168 1200 5236 γὰρ
1218 5169 1471 5238 κατέχειν
1494 5171 1592 5242 τὴν
1616 5172 1809 5228 Θεοτό-

217 5269 333 5318 κον,
369 5254 447 5324 μὴ
480 5257 844 5328 προσκρούσῃ
876 5257 974 5328 τῷ
1024 5259 1167 5329 Θεῷ,
1213 5263 1505 5332 μοιχαλίδα
1559 5269 1809 5338 κατέχων

218 5347 366 5415 παρὰ
391 5351 487 5399 τὸν
508 5349 696 5417 νόμον.
734 5348 799 5400 Τί
825 5351 883 5402 δέ
905 5352 1021 5403 ἐστι
1054 5354 1135 5418 τὸ,
1171 5355 1580 5421 παραλαϐεἷν;
1617 5359 1806 5413 Ἕνδον

216 5440 469 5511 κατέχειν
496 5439 630 5509 παρ’
671 5441 873 5510 ἑαυτῷ,
914 5443 1100 5496 λαϐεῖν
1132 5441 1311 5508 αὖθις.
1339 5447 1481 5518 Ἤδη
1515 5450 1625 5520 γὰρ
1656 5453 1805 5524 αύτῴ

217 5535 355 5586 κατά
411 5533 658 5587 διάνοιαν
707 5535 1028 5590 ἀπολέλυτο.
1075 5539 1427 5608 Παραλαϐεῖν
1480 5543 1536 5595 δὲ
1576 5544 1675 5596 οὐκ
1726 5548 1807 5610 εἰς

220 5627 411 5695 γάμον,
440 5627 560 5678 ἀλλ’
582 5628 661 5688 εἰς
691 5628 955 5698 φυλακήν.
1007 5629 1127 5697 Τὴν
1155 5633 1410 5699 γυναῖκά
1433 5652 1551 5689 σου
1577 5638 1630 5690 δὲ
1657 5635 1801 5706 εἶπε,

219 5722 515 5773 κάντεῦθεν
565 5720 927 5793 πληρτφορῶν
981 5725 1195 5789 αὑτὸν,
1249 5727 1328 5778 ὅτι
1380 5730 1476 5798 οὐχ
1523 5730 1802 5802 (δμίληςεν

219 5817 389 5887 ἀνδρί.

289 5904 356 5955 ιὸ
390 5905 500 5974 γὰρ
564 5935 630 5947 -—-
681 5906 748 5958 ἐκ
800 5909 1138 5978 Πνεὺματός
1183 5911 1355 5966 ἐστίν
1401 5915 1596 5977 ἁγίου.
1635 5917 1709 5971 Τδ
1741 5922 1797 5974 ἐν

1917 4721 2139 4775 dicare:
2174 4718 2299 4772 ideo
2339 4717 2393 4769 iu
2426 4713 2637 4770 somnis
2659 4712 2917 4783 angelum
2953 4712 3126 4766 videt.

1988 4815 2146 4869 Vers.
2178 4814 2270 4868 ευ.
2293 4813 2482 4866 Diceris
2513 4840 2580 4850 --
2603 4812 2882 4880 conjugem
2922 4819 3090 4866 tuam.
3125 4808 3289 4864 David
3319 4809 3510 4875 filium,

1917 4909 2094 4978 ipsum
2148 4906 2418 4969 nominat,
2455 4913 2694 4958 mentem
2737 4904 2856 4972 ejus
2910 4903 2980 4956 ad
3027 4901 3194 4957 Datid
3238 4901 3514 4956 reducens

1915 5015 2074 5069 aquo
2103 4997 2383 5052 Christum
2405 5011 2525 5050 esse
2553 5005 2849 5048 venturum
2881 4995 3280 5063 exspectabant
3311 4992 3507 5048 Judmi.

1918 5094 2116 5147 Dicens
2156 5099 2362 5150 autem,
2394 5087 2475 5142 Ne
2522 5088 2784 5151 timueris,
2821 5086 2998 5141 eidem
3034 5085 3344 5140 manifestat
3378 5100 3508 5156 pro-

1915 5185 2018 5254 prii
2069 5183 2251 5237 cordis
2284 5196 2571 5235 arcanum.
2633 5179 2888 5233 Timebat
2937 5180 3208 5247 siquidem
3262 5178 3509 5232 retinere

1915 5275 2008 5329 Dei
2043 5273 2294 5336 Matrem,
2336 5286 2406 5324 ne
2461 5271 2630 5324 Deum
2663 5269 2990 5334 offenderet,
3049 5278 3259 5322 retenta
3313 5279 3508 5321 contra

1912 5367 2086 5436 legem
2139 5363 2406 5417 adultera.
2465 5360 2606 5427 Quid
2641 5369 2726 5414 cst
2768 5370 2953 5413 autem
3007 5357 3299 5428 accipere?
3355 5358 3510 5411 Intus

1916 5461 2176 5525 retinere,
2204 5455 2287 5510 vel
2315 5456 2381 5508 ad
2400 5469 2458 5508 se
2481 5454 2659 5523 ipsum
2699 5468 2892 5506 rursus
2941 5467 3162 5522 capere.
3188 5451 3306 5504 Jani
3354 5453 3504 5504 enim

1914 5558 2093 5602 mente
2123 5551 2190 5601 ab
2216 5561 2283 5600 eo
2318 5547 2493 5600 divisa
2519 5555 2655 5599 erat.
2685 5546 2951 5615 Accipere
2985 5559 3115 5598 vero
3149 5559 3260 5596 non
3294 5543 3359 5596 ad
3398 5558 3503 5595 nu-

1912 5643 2072 5711 ptias,
2103 5641 2197 5694 sed
2224 5641 2287 5693 ad
2316 5639 2640 5692 custodiam.
2673 5638 2906 5692 Uxorem
2932 5652 3150 5706 quoque
3171 5647 3320 5689 tuam
3345 5635 3502 5698 dixit,

1912 5745 1968 5789 ut
1997 5736 2123 5789 inde
2154 5733 2442 5788 certiorem
2477 5748 2600 5786 eum
2624 5732 2846 5792 facrret,
2881 5731 3023 5800 quod
3056 5747 3084 5782 a
3120 5730 3268 5782 nullo
3291 5740 3504 5797 cognita

1911 5838 2058 5884 esset
2086 5830 2228 5881 viro.

1990 5919 2146 5976 Vcrs.
2176 5919 2267 5975 ΞΟ.
2295 5919 2448 5983 Quod
2473 5920 2612 5972 enim
2641 5949 2700 5958 —
2737 5934 2767 5970 α
2801 5918 3004 5970 Suiritu
3031 5927 3214 5970 sancto
3240 5924 3332 5970 cst.
3369 5914 3504 5969 For-
