4078 6400
193 383 292 452 “9

1109 389 1494 451 COMMENT.
1539 389 1616 450 IN
1659 387 2128 450 MATTILEUM.
2169 414 2238 424 --
2277 390 2436 454 CAP.
2476 391 2560 450 ΙΙ.

3365 387 3468 455 150

191 500 470 572 κουμένης
493 500 720 573 ἀπάσης
750 502 814 572 τῇ
841 498 1003 570 φλογὶ
1022 501 1120 567 τῆς
1145 501 1404 565 ἀσεϐείας
1444 497 1587 572 ἦσαν
1622 502 1779 554 ἐκκεο

1890 499 2101 569 bylonia
2157 510 2212 556 et
2268 499 2531 571 )Egyptus
2591 498 2645 552 in
2710 498 2843 553 orbe
2902 507 3170 553 terrarum
3232 502 3471 556 maxime

193 593 498 657 καυμέναι,
557 597 627 665 τῇ
664 594 766 664 μὲν
820 593 948 657 τοὺς
1009 594 1217 663 μάγους
1251 593 1567 659 ἀπέστειλε,
1595 595 1693 664 τῆς
1725 595 1781 646 δὲ

195 680 358 744 αὐτὸς
389 683 592 753 ἐπέϐη,
627 683 956 752 βουλόμενος
1000 685 1326 755 ἀμφοτέρας
1354 684 1780 754 διορθώσασθαι.

198 772 454 825 Διδάσκει
477 774 532 826 δὲ
567 776 714 844 ἡμᾶς
750 775 1025 840 ἐντεῦθεν,
1064 777 1159 829 καὶ
1199 777 1280 830 ὃτι
1307 775 1413 847 χρὴ
1441 778 1533 830 τὸν
1588 776 1782 829 πιστὸν

197 861 360 923 εὐθὺς
408 866 475 916 ἐκ
531 865 835 936 προοιμίων
884 867 1228 936 πειρασμοὺς
1277 868 1604 938 προσδοκᾷν.
1639 869 1783 936 Ὅρα

198 949 293 1005 οὖν
319 954 488 1008 αὑτὸν
521 957 588 1010 ἐκ
636 958 971 1030 σπαργάνων
1000 960 1491 1031 ἐπιϐουλευόμενον
1523 962 1616 1014 καὶ
1651 961 1782 1030 φεύ-

195 1061 362 1112 γοντα
385 1051 527 1115 πρὸς
556 1048 655 1120 τὴν
714 1051 1038 1122 ὑπερορίαν
1089 1052 1286 1122 φεύγει
1319 1053 1376 1106 δὲ
1406 1056 1560 1125 καὶὴ
1599 1056 1782 1125 μήτηρ

195 1139 288 1188 καὶ
319 1140 348 1189 6
385 1138 608 1210 Ἰωσήφ.
681 1141 789 1196 Καὶ
843 1144 892 1195 oi
925 1143 1090 1213 μάγοι
1147 1145 1204 1198 δὲ
1253 1146 1313 1199 ιν
1341 1146 1496 1213 τάξει
1527 1147 1785 1216 φυγάδων

195 1227 502 1296 λεληθότως
543 1232 921 1305 ἀνεχώρησαν.
985 1236 1097 1289 Καὶ
1146 1237 1374 1308 μυρίους
1403 1239 1640 1301 ἅπαντες
1669 1240 1782 1310 (49)

196 1321 517 1390 ὑπέστησαν
577 1330 948 1399 πειρασμοὺς,
1005 1329 1119 1398 ῐνα,
1157 1331 1288 1384 ὅταν
1315 1333 1410 1386 καὶ
1436 1331 1500 1384 σὺ
1528 1333 1784 1403 διακονῇς

197 1413 564 1482 πνευματικῷ
597 1417 910 1487 πράγματι,
938 1419 1034 1471 καὶ
1066 1420 1412 1492 περιπίπτῃς
1430 1424 1782 1492 πειρασμοῖς,

194 1501 324 1572 ἔχῃς
357 1505 688 1576 ὑπόδειγμα,
719 1509 814 1562 καὶ
841 1509 919 1581 μὴ
938 1510 1240 1583 δυσφορῇς,
1296 1512 1433 1566 ἀλλά
1481 1513 1782 1584 γινώσκῃς,

191 1595 608 1669 ὃτιπειρασμοὶ
655 1604 769 1664 τοῖς
830 1602 1058 1672 ἀγαθοῖς
1129 1605 1423 1675 πράγμασι
1477 1608 1786 1677 συγκεκλη-

195 1704 401 1756 ρωνται
445 1731 462 1754 ,
519 1691 614 1745 τοῦ
669 1694 923 1748 διαϐόλου
979 1697 1081 1764 μὲν
1137 1700 1216 1760 είς
1269 1700 1531 1768 ἐμπόδιον
1585 1700 1783 1763 αὐτοὺς

191 1779 606 1853 ὲπεγείροντος,
642 1787 736 1840 τοῦ
770 1788 906 1840 Θεοῦ
937 1789 994 1842 δὲ
1032 1792 1519 1862 παραχωροῦντας,
1573 1796 1652 1856 είς
1702 1795 1786 1847 δι-

193 1873 385 1940 κξμιον
415 1875 525 1928 τῶν
561 1876 908 1944 ἀγαπώντων
942 1882 1127 1938 αὐτόν.

268 2052 383 2104 Καὶ
416 2053 584 2122 βλέπε
609 2057 937 2127 παράδοξον.
1010 2061 1348 2132 Παλαιστίνη
1404 2065 1504 2136 μὲν
1559 2067 1784 2120 ἐπιϐουο

195 2143 368 2208 λεύει,
395 2147 670 2214 Αἴγυπτος
703 2150 761 2202 δὲ
811 2151 977 2216 σώζει
1001 2153 1092 2207 τὸν
1117 2155 1414 2224 φεύγοντα’
1450 2158 1536 2210 ἵνα
1582 2160 1782 2232 μάθῃς,

197 2237 279 2288 ὅτι
322 2239 350 2288 6
381 2237 516 2301 Θεὸς
557 2243 669 2303 τοῖς
705 2243 986 2309 ἐπιπόνοις
1047 2246 1114 2299 τὰ
1143 2247 1283 2316 ἡδέα
1332 2248 1645 2314 συνέζευξε,
1690 2253 1787 2304 καὶ

193 2329 594 2398 ἀμφοτέρωθεν
649 2335 941 2403 ὑφαίνεται
984 2337 1093 2391 τῶν
1118 2340 1293 2408 ἀγίων
1319 2342 1347 2394 6
1369 2341 1485 2410 βίος
1543 2342 1572 2395 δ
1599 2340 1664 2413 δὴ
1691 2342 1788 2396 rari.

193 2417 432 2474 ὶνταῦθα
466 2422 678 2489 γέγονε.
709 2427 955 2496 Πρῶτον,
975 2429 1180 2499 ὑποψία
1202 2448 1269 2484 πε
1281 2434 1332 2502 ρὶ
1357 2433 1456 2504 τὴν
1482 2435 1784 2505 Παρθένον·

190 2505 338 2573 εἶτα,
378 2516 520 2582 μετά
542 2517 634 2568 τὸν
666 2518 844 2583 τόκον,
875 2521 1022 2589 χαρά
1052 2539 1066 2552 °
1107 2525 1272 2577 πάλιν
1327 2526 1477 2596 φυγὴ
1509 2528 1588 2591 είς
1623 2533 1791 2601 Δίγυ-

191 2619 352 2669 πτον,
383 2604 508 2660 εἶτα
536 2609 747 2665 ἐκεῖθεν
771 2612 1072 2684 ἀνάκλησις
1095 2633 1109 2648 ·
1148 2613 1308 2680 αὖθις
1333 2621 1523 2688 φόϐος,
1564 2624 1655 2678 διὰ
1693 2626 1787 2679 τὸν

205 2698 541 2768 Ἀρχέλαον⁸
609 2702 805 2759 ἔπειτα
841 2709 900 2760 ὲν
944 2711 1010 2779 τῇ
1065 2710 1323 2784 Ναζαρὲτ
1363 2714 1570 2781 ἄνεσις.
1617 2717 1786 2772 Οὔπω

190 2789 301 2860 γὰρ
329 2789 398 2859 ἦν
429 2793 525 2846 τοῦ
554 2794 999 2870 θαυματουργεῖν
1048 2804 1259 2873 καιρός.
1293 2807 1354 2859 El
1385 2807 1496 2879 γὰρ
1527 2809 1590 2863 ἐκ
1628 2811 1782 2880 πρώ-

191 2897 292 2949 της
325 2882 544 2951 ἡλικίας
588 2887 908 2955 ἐπεδείξατο
940 2891 1224 2961 θαύματα,
1257 2897 1358 2950 οὐκ
1387 2898 1454 2952 ἂν
1483 2902 1784 2974 ἐπιστεύθη

191 2974 475 3039 γεγονέναι
491 2975 798 3045 ἄνθρωπος,
815 2979 890 3042 ώς
913 2984 1259 3053 προέφημεν.
1289 2988 1389 3041 Διὰ
1408 2989 1567 3044 τοῦτο
1590 2991 1786 3064 κύησις

193 3066 553 3137 ἐννεάμηνος,
585 3073 681 3124 καὶ
723 3073 1004 3142 γέννησις,
1043 3077 1139 3129 καὶ
1188 3079 1659 3150 γαλακτοτροφία,
1691 3085 1787 3136 καί¹

1884 601 2042 646 erant
2094 591 2334 648 incensa:
2393 592 2688 662 impietatis
2747 590 3004 646 flamma.
3061 592 3144 647 Ab
3194 592 3282 646 illa
3340 610 3472 664 ergo

1884 681 2069 752 Magos
2123 683 2369 744 attraxit,
2431 683 2484 736 in
2523 683 2666 736 hanc
2723 689 2907 736 autem
2967 681 3215 743 intravit,
3260 693 3470 737 utram-

1887 789 1994 841 que
2023 773 2211 827 volens
2243 774 2308 828 ad
2343 783 2550 828 rectam
2616 772 2758 826 viam
2794 772 3006 826 reduci.
3052 771 3191 826 Hinc
3251 786 3474 841 quoque

1885 864 2047 918 docet
2100 879 2219 924 nos,
2284 863 2428 931 quod
2484 873 2539 917 et
2592 863 2806 917 ﬁdelem
2863 863 3047 917 statim
3091 877 3120 916 a
3157 861 3474 932 primordiis

1886 957 2217 1009 tentationes
2244 963 2562 1024 exspectare
2614 961 2888 1023 oporteat.
2957 952 3090 1008 Vide
3121 954 3266 1008 enim
3334 968 3474 1023 quo-

1888 1047 2049 1102 modo
2080 1048 2198 1116 ipse
2225 1047 2410 1102 statim
2439 1063 2467 1100 a
2501 1047 2663 1100 cunis
2696 1046 2977 1116 appetitur
3032 1045 3272 1110 insidiis,
3327 1046 3475 1099 abit-

1886 1154 1992 1208 que
2028 1137 2080 1190 in
2126 1138 2377 1191 exsilium
2408 1155 2420 1190 :
2457 1136 2592 1207 fugit
2643 1151 2862 1206 quoque
2907 1145 3084 1190 mater
3118 1150 3183 1189 ac
3239 1135 3474 1206 Josepb.

1888 1230 1996 1283 Sed
2030 1237 2083 1281 et
2113 1227 2248 1297 Magi
2285 1227 2338 1281 in
2372 1227 2596 1281 modum
2637 1226 2968 1296 fugientium
3021 1225 3162 1280 clam
3200 1225 3475 1281 discesse-

1887 1329 2037 1383 runt,
2109 1334 2412 1389 omnesque
2481 1318 2615 1388 justi
2693 1319 3015 1374 innumeras
3094 1318 3481 1374 sustinuerunt

1891 1415 2262 1476 tentationes,
2341 1422 2402 1467 ut
2455 1413 2500 1466 si
2557 1412 2779 1482 quando
2843 1411 2922 1466 rei
3004 1411 3277 1483 Spirituali
3347 1426 3480 1482 ope-

1890 1519 2005 1557 ram
2038 1503 2276 1569 dederis,
2309 1513 2474 1573 atque
2505 1504 2560 1556 in
2599 1502 2938 1558 tentationes
2963 1502 3248 1565 incideris,
3275 1502 3482 1557 habeas

1887 1598 2229 1667 exemplum,
2293 1605 2347 1650 et
2396 1613 2465 1650 ne
2517 1597 2746 1651 moleste
2804 1595 2970 1658 feras,
3035 1595 3130 1650 sed
3192 1610 3481 1666 agnoscas.

1888 1690 2033 1760 quod
2088 1691 2419 1744 tentalinnes
2463 1691 2517 1744 in
2566 1698 2770 1744 sortem
2811 1689 2973 1742 bonis
3022 1688 3286 1760 operibus
3340 1690 3484 1743 data:

1890 1794 2053 1838 sunt:
2106 1782 2325 1838 diabolo
2366 1783 2584 1853 quidem
2639 1782 2690 1834 in
2738 1782 3077 1836 obstaculum
3129 1779 3437 1836 adducente
3467 1820 3480 1843 ,

1891 1877 2002 1932 Deo
2034 1892 2162 1930 vero
2193 1878 2257 1930 ad
2310 1875 2690 1946 probationem
2741 1889 2932 1932 eorum
2997 1875 3090 1944 qui
3158 1874 3312 1928 illum
3357 1873 3483 1928 dili-

1890 1981 2046 2042 gunt,
2093 1971 2406 2025 ordinante.

1966 2065 2096 2121 \‘ide
2152 2075 2336 2118 autem
2400 2063 2476 2117 rei
2553 2063 2906 2117 novitatem:
2959 2061 3235 2131 siquidem
3311 2062 3485 2117 Pabu-

1889 2158 2032 2212 stina
2066 2156 2383 2221 insidiatur,
2436 2154 2705 2226 Egyptus
2752 2169 2882 2209 vero
2923 2164 3118 2210 servat
3156 2153 3483 2225 fugientem,

1889 2259 1950 2303 ut
1973 2248 2150 2304 discas
2183 2248 2354 2301 Deum
2389 2245 2641 2300 tristibus
2681 2245 2804 2299 beta
2835 2245 3212 2316 coniunxisse.
3249 2243 3383 2299 Nam
3414 2246 3485 2298 ab

1889 2340 2137 2409 utrisque
2179 2348 2494 2392 sanctorum
2536 2336 2650 2390 vita
2710 2336 3010 2407 probatur,
3066 2337 3213 2406 quod
3255 2352 3388 2391 sane
3429 2346 3486 2390 et

1889 2434 1978 2487 hic
2031 2432 2232 2486 factum
2274 2439 2381 2486 est.
2441 2429 2687 2484 Primum
2741 2428 2986 2499 suspicio
3033 2429 3217 2483 habita
3277 2440 3363 2484 est
3415 2430 3485 2483 de

1894 2524 2151 2594 Virgine;
2192 2523 2394 2578 deinde
2429 2538 2493 2577 ex
2528 2530 2690 2592 partu
2722 2521 3006 2591 gaudium.
3050 2519 3291 2576 Rursum
3356 2522 3482 2591 fuga

1890 2617 1943 2670 in
1999 2614 2330 2686 Egyptum;
2366 2620 2557 2683 postea
2591 2620 2775 2666 autem
2819 2610 2973 2666 illinc
3023 2611 3323 2665 revocatio.
3378 2612 3485 2665 lte-

1889 2723 2009 2762 rum
2068 2715 2248 2759 metus
2298 2714 2524 2775 propter
2580 2701 2952 2768 Archelaum;
3012 2701 3213 2757 deinde
3267 2702 3486 2772 requies

1890 2801 1945 2854 in
1970 2798 2261 2854 Nazarcth.
2299 2796 2541 2853 Necdum
2577 2797 2725 2851 enim
2777 2794 2974 2850 edendi
3024 2794 3291 2850 miracula
3343 2804 3483 2848 tem-

1888 2907 1990 2962 pus
2016 2901 2156 2945 erat.
2193 2888 2326 2943 Nam
2367 2889 2412 2944 si
2452 2904 2482 2943 a
2541 2889 2717 2959 prima
2770 2889 2955 2943 statim
2993 2896 3155 2942 aetate
3213 2886 3484 2956 stupenda

1889 2983 2347 3044 demonstrasset,
2376 2995 2722 3050 nequaquam
2755 2979 2919 3033 homo
2951 2978 3199 3033 creditus
3227 2986 3398 3041 esset,
3426 2986 3486 3030 ut

1891 3071 2264 3143 praediximus.
2323 3068 2381 3124 in
2419 3071 2570 3125 hunc
2619 3069 2768 3124 enim
2813 3069 2974 3124 finem
3023 3083 3220 3123 novem
3279 3067 3485 3121 mensi-

191 3156 262 3210 τὰ
292 3159 443 3228 ἑξῆς,
481 3161 568 3215 ίνα
618 3163 706 3217 διὰ
737 3167 958 3218 πάντων
1009 3167 1424 3238 εὐπαράδεκτος
1452 3174 1782 3245 ήὲνανθρώ-

1892 3166 1994 3219 bus
2051 3173 2210 3218 utero
2262 3171 2528 3234 gestatus,
2579 3171 2741 3216 natus
2794 3177 2858 3215 ac
2896 3160 3039 3216 lacte
3086 3160 3332 3215 nutritus
3378 3167 3484 3220 est.

195 3266 365 3318 πησις
394 3251 564 3304 αὑτοῦ
597 3253 845 3325 γένηται.
873 3255 989 3310 Οὐκ
1015 3256 1097 3310 ἔτι
1126 3259 1183 3312 δὲ
1232 3259 1261 3312 6
1292 3259 1527 3328 ἄγγελος
1584 3265 1784 3333 ὀνομά-

193 3340 280 3404 ζει
301 3342 402 3412 τὴν
434 3343 710 3414 Παρθένον
737 3349 976 3414 γυναῖκα
1008 3349 1104 3402 τοῦ
1150 3351 1376 3422 Ἰωσὴφ,
1406 3353 1545 3408 ἀλλὰ
1571 3357 1787 3426 μητέρα

191 3430 289 3484 τοῦ
319 3431 559 3488 παιδίου.
606 3434 802 3504 Ἑλύθη
833 3436 944 3508 γάρ
972 3439 1076 3510 ἠδη
1106 3442 1139 3510 ἡ
1174 3441 1407 3510 ὑποψία,
1439 3444 1534 3497 καὶ
1565 3446 1784 3517 πεπλη-

196 3523 473 3593 ροῖρόρητο
529 3526 716 3579 λοιπον
754 3529 976 3601 Ἰωσὴφ,
1036 3532 1119 3585 ὅτι
1149 3532 1292 3597 θεῖός
1338 3536 1490 3589 ἐστιν
1524 3537 1552 3588 6
1601 3538 1785 3602 τόκος.

195 3615 384 3668 Εἰπὼν
408 3618 488 3679 δὲ,
511 3619 596 3672 ὅτι
621 3619 811 3688 «taure
825 3623 914 3687 είς
936 3623 1265 3692 Αιγυπτον,
1286 3628 1388 3680 οὐκ
1415 3629 1785 3698 ἐπηγγείλατο

195 3710 549 3764 συνοδεύσειν
605 3713 815 3777 αὐτοῖς,
855 3717 1258 3786 αίνιττόμενος,
1290 3720 1375 3774 ὄτι
1401 3723 1577 3793 μέγαν
1600 3725 1786 3795 ἔχουσι

201 3803 590 3874 συνοδοιπόρον
621 3804 682 3858 τὸ
737 3806 972 3873 παιδίον,
1007 3808 1035 3862 ὃ
1063 3810 1158 3862 καὶ
1193 3813 1273 3874 εἰς
1307 3813 1586 3883 Αἴγυπτον
1613 3818 1786 3887 ὑπερ-

192 3894 438 3960 ορισθὲν,
461 3895 662 3948 δέδωκε
715 3900 828 3960 τοῖς
887 3900 1214 3967 Αἰγυπτίοις
1256 3906 1516 3976 ἀφορμὴν
1569 3909 1786 3962 οἰκειώ-

195 4004 358 4049 σεως.
379 3989 651 4056 ’Υστερον
680 3993 788 4061 γὰρ
821 3993 1064 4058 ἅπαντες
1106 3989 1252 4049 οὗτοι
1276 3996 1562 4067 δεξάμενοι
1586 3998 1647 4052 τὸ
1683 4001 1784 4070 κή-

195 4099 388 4152 ρυγμα
447 4082 544 4136 τοῦ
607 4083 941 4154 Εὖαγγελίου
977 4127 992 4152 ,
1055 4088 1199 4157 μέγα
1244 4091 1511 4160 ἐφρόνουν
1560 4093 1656 4146 ἐπὶ
1707 4091 1786 4162 τῷ

194 4173 569 4238 ὑποδέξασθαι
621 4176 896 4245 φεύγοντα
926 4180 1020 4232 τὸν
1041 4181 1270 4249 Κύριον.

202 4269 478 4334 cationc,
547 4269 844 4338 plurimutu
913 4273 1294 4343 gloriabantur
1382 4278 1677 4348 animoque
1745 4277 2088 4347 gestiebant,
2156 4293 2256 4342 eo,

194 4364 425 4433 pissent.

1893 3265 2203 3325 ceteraque
2241 3269 2346 3309 suo
2371 3252 2512 3308 facta
2547 3263 2680 3308 sunt
2709 3253 2927 3316 ordine,
2981 3260 3044 3322 ut
3092 3267 3188 3322 per
3217 3253 3334 3306 hrec
3370 3266 3490 3305 om-

1893 3354 1983 3407 nia
2048 3352 2206 3407 facile
2269 3352 2390 3420 ejus
2453 3349 2762 3404 incarnatio
2823 3346 3181 3414 suscipiatur.
3243 3343 3492 3414 Angelus

1891 3455 2073 3500 autem
2105 3443 2366 3513 deinceps
2404 3440 2687 3512 Virginem
2722 3455 2833 3493 non
2866 3436 3114 3492 nominat
3140 3433 3486 3516 uxorem_Jo-

1893 3539 2053 3606 scpb.
2107 3538 2201 3590 sed
2233 3534 2389 3605 pueri
2447 3542 2698 3587 matrem.
2740 3531 2861 3586 Jam
2927 3530 3076 3595 enim
3136 3529 3316 3583 soluta
3369 3537 3490 3580 erat

1895 3628 2156 3698 suSpicio,
2203 3639 2258 3682 et
2287 3625 2496 3695 Josepb
2530 3623 2735 3679 certior
2791 3621 3042 3682 eﬂ'cctus.
3080 3621 3329 3674 divinum
3362 3633 3487 3672 esse

1895 3733 2132 3794 partum.
2175 3722 2372 3776 Dieens
2404 3730 2634 3775 autem:
2704 3717 2935 3790 Fugein
2989 3717 3306 3788 IEgyptum,
3375 3729 3486 3768 non

1894 3814 2148 3885 promisit
2177 3814 2433 3868 comitem
2467 3828 2527 3868 se
2553 3812 2671 3867 fore
2703 3811 2941 3875 itineris,
2983 3811 3296 3872 insinuans,
3341 3807 3485 3878 quod

1892 3922 2152 3978 magnum
2219 3907 2487 3960 baberent
2542 3905 2644 3959 viae
2704 3904 2988 3967 comitem,
3046 3910 3181 3972 puta
3228 3915 3486 3971 puerum.

1895 3999 2018 4052 llaec
2084 4006 2345 4067 praeterea
2373 3995 2493 4066 ejus
2534 3995 2588 4049 in
2653 3992 2955 4065 Egyptum
3021 3993 3305 4065 relegatio,
3373 4007 3489 4046 ma-

1895 4107 2055 4163 gnam
2118 4089 2270 4144 dedit
2333 4089 2605 4161 Egyptiis
2656 4089 3006 4146 occasionem
3074 4085 3488 4143 familiaritatis.

1897 4184 2094 4239 Postea
2120 4183 2268 4237 enim
2298 4197 2491 4237 omnes
2525 4183 2603 4248 hi,
2667 4191 2919 4252 suscepta
2951 4182 3232 4252 Evangelii
3293 4178 3492 4249 praedi-

2339 4277 2485 4346 quod
2563 4276 2866 4347 fugientem
2931 4275 3226 4330 Dominum
3299 4290 3489 4330 δυεοι-

265 4461 377 4514 Kal
407 4461 526 4511 Ic“:
561 4491 624 4499 -—
647 4466 755 4516 τοῦ
783 4465 1086 4522 ἀπολέσαι
1109 4470 1282 4523 αὑτό.
1318 4471 1476 4526 Ἴσοι
1505 4472 1620 4542 (50)
1647 4474 1784 4536 ἐκεῖ,

1964 4468 2120 4524 Vers.
2156 4468 2242 4522 l5.
2285 4465 2348 4520 Et
2381 4467 2662 4520 esto—ad
2690 4467 3013 4528 perdendum
3031 4483 3170 4520 eum.
3198 4467 3345 4532 Esto,
3385 4470 3488 4524 hoc

195 4555 319 4608 ἀντὶ
351 4572 444 4607 του
483 4559 659 4620 οἴκει,
702 4560 968 4628 διάτριϐε.
1001 4561 1186 4616 Ταῦτα
1212 4564 1270 4616 δὲ
1297 4564 1536 4627 ἀκούσας
1566 4565 1789 4634 Ἰωσὴφ,

195 4649 299 4700 οὐκ
331 4649 757 4722 ἐσκανδαλίσθη.
814 4653 1026 4721 Συνῆκε
1080 4656 1211 4726 γὰρ,
1258 4657 1362 4721 ὅτι,
1402 4659 1525 4710 ἐπεὶ
1568 4659 1791 4727 ἀγγελοι

197 4734 542 4789 διακονοῦσιν
573 4740 654 4799 είς
709 4739 776 4791 τὰ
825 4742 966 4794 κατά
1009 4747 1070 4796 τὸ
1133 4745 1368 4808 παιδίον,
1428 4749 1793 4820 οίκονομικῶς

201 4825 383 4878 πάντα
436 4828 670 4893 γίνεται,
726 4832 822 4884 καὶ
869 4833 929 4885 οὐ
975 4834 1083 4905 χρὴ
1125 4837 1618 4907 περιεργάζεσθαι,
1668 4842 1792 4894 οὐδὲ

200 4919 529 4989 ἀντιλέγειν,
562 4923 678 4975 ἀλλ’
708 4927 976 4990 εὐπειθῶς
1026 4931 1217 4996 εἴκειν,
1257 4930 1336 4996 οἷς
1362 4933 1429 4985 ἂν
1463 4935 1491 4986 6
1531 4934 1664 4998 Θεὸς
1693 4953 1786 4987 κε-

202 5009 355 5081 λεύῃ.

279 5101 335 5154 '0
382 5102 451 5155 δὲ
500 5135 568 5144 -
608 5105 715 5157 τὸν
740 5109 874 5160 Υίόν
893 5127 1030 5176 μου.
1075 5112 1148 5164 Τὸ
1199 5113 1279 5175 δὲ,
1321 5115 1424 5178 Ἐξ
1485 5119 1787 5185 Αἰγύπτου

204 5191 468 5249 ἐκάλεσα
498 5199 606 5250 τὸν
644 5201 779 5252 Υίόν
804 5220 940 5268 μου.
981 5221 1044 5254 πε
1059 5206 1110 5273 ρ).
1136 5207 1232 5270 τῆς
1260 5209 1613 5277 ἀνακλήσεως
1656 5212 1788 5263 ἑαυ-

205 5287 314 5341 τῶν
349 5288 595 5344 Ἰουδαῖοι
622 5293 856 5361 ῥηθῆναι
891 5295 1130 5363 λέγουσι.
1166 5301 1305 5368 Πρὸς
1325 5300 1420 5364 οὖς
1450 5302 1561 5370 (51)
1588 5319 1791 5372 φαμεν,

1890 4574 1993 4628 est,
2029 4563 2243 4626 Habita,
2267 4577 2620 4620 convcrsare.
2645 4562 2771 4616 llaec
2785 4569 2971 4615 autem
3002 4563 3231 4618 audiens
3258 4562 3486 4634 Josepli,

1890 4673 1999 4712 non
2029 4671 2222 4721 passus
2250 4666 2335 4710 est
2367 4654 2786 4710 offemliculum.
2819 4654 2956 4708 Nam
3010 4655 3281 4710 intellexit
3313 4659 3484 4726 quod,

1889 4765 2014 4805 cum
2033 4749 2212 4820 angeli
2237 4749 2475 4804 ministri
2502 4761 2691 4804 essent
2729 4749 2796 4803 ad
2833 4764 2895 4802 ea
2919 4765 3040 4818 qua:
3073 4750 3216 4804 circa
3251 4766 3483 4820 puerum

1893 4843 2218 4910 agebantur,
2248 4840 2432 4894 omnia
2485 4840 2956 4895 administratorie
3007 4841 3252 4905 fiebant;
3293 4857 3396 4895 nec
3431 4841 3483 4894 in

1897 4934 1982 4988 his
2014 4933 2291 4987 curiosum
2325 4948 2449 4987 esse
2488 4933 2800 5002 oportebat,
2831 4932 2926 4987 sed
2976 4931 3135 4986 facile
3174 4934 3241 4986 ad
3298 4933 3485 4986 omnia

1896 5044 2017 5097 quae
2051 5027 2315 5080 Dominus
2346 5027 2622 5094 iussisset,
2654 5025 2904 5080 obedire.

1974 5119 2125 5172 Vers.
2149 5118 2233 5171 14.
2255 5117 2352 5170 Ille
2380 5113 2637 5169 uero—V.
2684 5115 2764 5169 l5.
2799 5114 3000 5168 Filium
3038 5131 3230 5168 meum.
3270 5115 3482 5169 Dictum

1898 5211 2073 5264 illud;
2129 5210 2208 5263 Ea;
2241 5208 2470 5279 ﬁggpto
2502 5208 2679 5260 vocavi
2728 5207 2901 5276 ﬁlium
2958 5223 3150 5269 meum,
3187 5206 3360 5261 Judaei
3416 5207 3486 5261 de

1896 5319 1995 5357 sua
2034 5304 2278 5373 ipsorum
2309 5300 2662 5356 revocatione
2694 5300 2905 5355 dictum
2945 5314 3226 5355 asserunt.
3269 5299 3486 5366 Quibus

1410 5476 1606 5538 Variae
1653 5479 1962 5540 lectiones
2007 5485 2067 5538 et
2114 5483 2307 5538 noue.

282 5630 392 5699 (ῑῦ)
444 5634 661 5708 Aliquid
720 5637 1019 5708 lticrlcest.
1057 5636 1357 5691 llutitcnins
1419 5642 1580 5693 habet
1617 5643 1772 5708 justi.

210 5699 520 5782 Forteergn
551 5699 601 5756 οἱ
630 5707 829 5760 δίκαιοι
862 5707 1069 5776 legerit.
1107 5709 1212 5760 Sed
1244 5713 1447 5770 πιστοὶ,
1504 5699 1772 5780 ἑνάῥετο’.,

211 5781 263 5825 ει
315 5777 536 5839 similia,
584 5779 748 5831 etiam
787 5795 892 5832 nun
955 5788 1080 5830 sunt
1141 5781 1337 5832 aliena.
1398 5781 1515 5834 Mat
1581 5777 1772 5848 legitur

1889 5659 2058 5709 αγιοι.

2102 5713 2289 5787 illita-.2,
2320 5709 2525 5764 omittit
2556 5710 2617 5763 Α.
2650 5778 2685 5787 η

1959 5784 2069 5849 (51)
2100 5783 2226 5837 νὶιίι)
2253 5784 2528 5852 Ultrtaziwl,
2574 5793 2612 5835 ι.
2650 5777 2833 5849 ἨΙΑ).
2874 5780 2992 5838 HL
