  <div class='ocr_page' id='page_1' title='image "/cluster/home/n/w/nwhite01/storage/ocr_20150623/129/uva.x030341099/097.png"; bbox 0 0 4042 6390; ppageno 0'>
   <div class='ocr_carea' id='block_1_1' title="bbox 679 388 783 452">
    <p class='ocr_par' dir='ltr' id='par_1_1' title="bbox 679 388 783 452">
     <span class='ocr_line' id='line_1_1' title="bbox 679 388 783 452; baseline -0.01 0"><span class='ocrx_word' id='word_1_1' title='bbox 679 388 783 452; x_wconf 85' lang='grc'><strong>175</strong></span> 
     </span>
    </p>
   </div>
   <div class='ocr_carea' id='block_1_2' title="bbox 1941 362 3919 436">
    <p class='ocr_par' dir='ltr' id='par_1_2' title="bbox 1941 362 3919 436">
     <span class='ocr_line' id='line_1_2' title="bbox 1941 362 3919 436; baseline -0.008 -1"><span class='ocrx_word' id='word_1_2' title='bbox 1941 371 2318 436; x_wconf 79' lang='lat' dir='ltr'><strong>EUTHYMII</strong></span> <span class='ocrx_word' id='word_1_3' title='bbox 2361 370 2719 431; x_wconf 65' lang='lat' dir='ltr'><strong>ZlGABEN&#39;I</strong></span> <span class='ocrx_word' id='word_1_4' title='bbox 3827 362 3919 419; x_wconf 73' lang='grc' dir='ltr'><strong>Πὸ</strong></span> 
     </span>
    </p>
   </div>
   <div class='ocr_carea' id='block_1_3' title="bbox 675 474 2238 568">
    <p class='ocr_par' dir='ltr' id='par_1_3' title="bbox 675 490 2238 568">
     <span class='ocr_line' id='line_1_3' title="bbox 675 490 2238 568; baseline -0.008 -16"><span class='ocrx_word' id='word_1_5' title='bbox 675 512 764 553; x_wconf 78' lang='lat' dir='ltr'><strong>iur</strong></span> <span class='ocrx_word' id='word_1_6' title='bbox 791 500 857 564; x_wconf 81' lang='lat'><strong>&quot;,</strong></span> <span class='ocrx_word' id='word_1_7' title='bbox 887 503 944 551; x_wconf 93' lang='lat' dir='ltr'><strong>ut</strong></span> <span class='ocrx_word' id='word_1_8' title='bbox 966 496 1313 568; x_wconf 83' lang='lat' dir='ltr'><strong>manifestum</strong></span> <span class='ocrx_word' id='word_1_9' title='bbox 1341 493 1430 555; x_wconf 89' lang='lat' dir='ltr'><strong>sit,</strong></span> <span class='ocrx_word' id='word_1_10' title='bbox 1453 491 1595 561; x_wconf 89' lang='lat' dir='ltr'><strong>quod</strong></span> <span class='ocrx_word' id='word_1_11' title='bbox 1629 492 1679 545; x_wconf 90' lang='lat' dir='ltr'><strong>in</strong></span> <span class='ocrx_word' id='word_1_12' title='bbox 1705 492 1810 546; x_wconf 87' lang='lat' dir='ltr'><strong>illis</strong></span> <span class='ocrx_word' id='word_1_13' title='bbox 1829 491 2043 560; x_wconf 79' lang='lat' dir='ltr'><strong>quidem</strong></span> <span class='ocrx_word' id='word_1_14' title='bbox 2068 490 2238 559; x_wconf 90' lang='lat' dir='ltr'><strong>ipsum</strong></span> 
     </span>
    </p>
   </div>
   <div class='ocr_carea' id='block_1_4' title="bbox 2347 474 3924 568">
    <p class='ocr_par' dir='ltr' id='par_1_4' title="bbox 2350 474 3924 558">
     <span class='ocr_line' id='line_1_4' title="bbox 2350 474 3924 558; baseline -0.013 -18"><span class='ocrx_word' id='word_1_15' title='bbox 2350 488 2766 558; x_wconf 72' lang='grc' dir='ltr'><strong>πειραζόμενος,</strong></span> <span class='ocrx_word' id='word_1_16' title='bbox 2795 483 2868 547; x_wconf 83' lang='grc' dir='ltr'><strong>ὡς</strong></span> <span class='ocrx_word' id='word_1_17' title='bbox 2906 478 3044 534; x_wconf 79' lang='grc' dir='ltr'>εἶναι</span> <span class='ocrx_word' id='word_1_18' title='bbox 3093 481 3270 550; x_wconf 77' lang='grc' dir='ltr'>δῆλον,</span> <span class='ocrx_word' id='word_1_19' title='bbox 3301 480 3382 532; x_wconf 79' lang='grc' dir='ltr'>ὅτι</span> <span class='ocrx_word' id='word_1_20' title='bbox 3437 478 3492 529; x_wconf 84' lang='grc' dir='ltr'>ὲν</span> <span class='ocrx_word' id='word_1_21' title='bbox 3545 475 3782 534; x_wconf 73' lang='grc' dir='ltr'><strong>ἐκείναις</strong></span> <span class='ocrx_word' id='word_1_22' title='bbox 3828 474 3924 540; x_wconf 79' lang='grc' dir='ltr'>μὲν</span> 
     </span>
    </p>
   </div>
   <div class='ocr_carea' id='block_1_5' title="bbox 674 584 2242 659">
    <p class='ocr_par' dir='ltr' id='par_1_5' title="bbox 674 584 2242 659">
     <span class='ocr_line' id='line_1_5' title="bbox 674 584 2242 659; baseline -0.009 -17"><span class='ocrx_word' id='word_1_23' title='bbox 674 606 704 642; x_wconf 91' lang='lat' dir='ltr'><strong>e</strong></span> <span class='ocrx_word' id='word_1_24' title='bbox 763 588 1059 659; x_wconf 78' lang='lat' dir='ltr'><strong>longinquo</strong></span> <span class='ocrx_word' id='word_1_25' title='bbox 1119 584 1353 638; x_wconf 86' lang='lat' dir='ltr'><strong>tentabat</strong></span> <span class='ocrx_word' id='word_1_26' title='bbox 1392 601 1404 635; x_wconf 93' lang='lat'><strong>:</strong></span> <span class='ocrx_word' id='word_1_27' title='bbox 1439 595 1636 650; x_wconf 83' lang='lat' dir='ltr'><strong>nempe</strong></span> <span class='ocrx_word' id='word_1_28' title='bbox 1689 596 1784 651; x_wconf 90' lang='lat' dir='ltr'><strong>per</strong></span> <span class='ocrx_word' id='word_1_29' title='bbox 1845 594 2118 642; x_wconf 89' lang='lat' dir='ltr'><strong>somnum,</strong></span> <span class='ocrx_word' id='word_1_30' title='bbox 2148 591 2242 646; x_wconf 87' lang='lat' dir='ltr'><strong>per</strong></span> 
     </span>
    </p>
   </div>
   <div class='ocr_carea' id='block_1_6' title="bbox 675 673 2237 748">
    <p class='ocr_par' dir='ltr' id='par_1_6' title="bbox 675 673 2237 748">
     <span class='ocr_line' id='line_1_6' title="bbox 675 673 2237 748; baseline -0.008 -13"><span class='ocrx_word' id='word_1_31' title='bbox 675 681 977 743; x_wconf 84' lang='lat' dir='ltr'><strong>tristitiam,</strong></span> <span class='ocrx_word' id='word_1_32' title='bbox 999 694 1095 748; x_wconf 88' lang='lat' dir='ltr'><strong>per</strong></span> <span class='ocrx_word' id='word_1_33' title='bbox 1117 675 1404 748; x_wconf 78' lang='lat' dir='ltr'><strong>ignaviam,</strong></span> <span class='ocrx_word' id='word_1_34' title='bbox 1422 684 1474 728; x_wconf 89' lang='lat' dir='ltr'><strong>et</strong></span> <span class='ocrx_word' id='word_1_35' title='bbox 1497 673 1711 728; x_wconf 83' lang='lat' dir='ltr'><strong>similia.</strong></span> <span class='ocrx_word' id='word_1_36' title='bbox 1741 673 2029 742; x_wconf 82' lang='lat' dir='ltr'><strong>Postquam</strong></span> <span class='ocrx_word' id='word_1_37' title='bbox 2055 678 2237 724; x_wconf 90' lang='lat' dir='ltr'><strong>autem</strong></span> 
     </span>
    </p>
   </div>
   <div class='ocr_carea' id='block_1_7' title="bbox 675 762 2240 842">
    <p class='ocr_par' dir='ltr' id='par_1_7' title="bbox 675 762 2240 842">
     <span class='ocr_line' id='line_1_7' title="bbox 675 762 2240 842; baseline -0.007 -17"><span class='ocrx_word' id='word_1_38' title='bbox 675 773 850 842; x_wconf 86' lang='lat' dir='ltr'><strong>ipsum</strong></span> <span class='ocrx_word' id='word_1_39' title='bbox 903 771 1111 825; x_wconf 84' lang='lat' dir='ltr'><strong>esurire</strong></span> <span class='ocrx_word' id='word_1_40' title='bbox 1166 766 1569 836; x_wconf 76' lang='lat' dir='ltr'><strong>cognovit,jam</strong></span> <span class='ocrx_word' id='word_1_41' title='bbox 1631 780 1795 834; x_wconf 83' lang='lat' dir='ltr'><strong>prope</strong></span> <span class='ocrx_word' id='word_1_42' title='bbox 1835 778 1898 818; x_wconf 85' lang='lat' dir='ltr'><strong>ac</strong></span> <span class='ocrx_word' id='word_1_43' title='bbox 1953 762 2240 818; x_wconf 71' lang='lat' dir='ltr'><strong>manifeste</strong></span> 
     </span>
    </p>
   </div>
   <div class='ocr_carea' id='block_1_8' title="bbox 671 855 2238 932">
    <p class='ocr_par' dir='ltr' id='par_1_8' title="bbox 671 855 2238 932">
     <span class='ocr_line' id='line_1_8' title="bbox 671 855 2238 932; baseline -0.006 -17"><span class='ocrx_word' id='word_1_44' title='bbox 671 863 932 932; x_wconf 82' lang='lat' dir='ltr'><strong>appetivit</strong></span> <span class='ocrx_word' id='word_1_45' title='bbox 969 879 981 913; x_wconf 90' lang='lat'><strong>:</strong></span> <span class='ocrx_word' id='word_1_46' title='bbox 1021 861 1177 928; x_wconf 88' lang='lat' dir='ltr'><strong>idque</strong></span> <span class='ocrx_word' id='word_1_47' title='bbox 1213 874 1308 926; x_wconf 89' lang='lat' dir='ltr'><strong>per</strong></span> <span class='ocrx_word' id='word_1_48' title='bbox 1336 859 1529 911; x_wconf 91' lang='lat' dir='ltr'><strong>vitium</strong></span> <span class='ocrx_word' id='word_1_49' title='bbox 1564 856 1690 932; x_wconf 76' lang='lat' dir='ltr'><strong>fami</strong></span> <span class='ocrx_word' id='word_1_50' title='bbox 1730 855 2066 910; x_wconf 76' lang='lat' dir='ltr'><strong>conveniens</strong></span> <span class='ocrx_word' id='word_1_51' title='bbox 2111 863 2238 924; x_wconf 85' lang='lat' dir='ltr'><strong>puta</strong></span> 
     </span>
    </p>
   </div>
   <div class='ocr_carea' id='block_1_9' title="bbox 670 947 2236 1024">
    <p class='ocr_par' dir='ltr' id='par_1_9' title="bbox 670 947 2236 1024">
     <span class='ocr_line' id='line_1_9' title="bbox 670 947 2236 1024; baseline -0.006 -17"><span class='ocrx_word' id='word_1_52' title='bbox 670 955 869 1024; x_wconf 78' lang='lat' dir='ltr'><strong>gulam.</strong></span> <span class='ocrx_word' id='word_1_53' title='bbox 905 952 1195 1006; x_wconf 80' lang='lat' dir='ltr'><strong>Considera</strong></span> <span class='ocrx_word' id='word_1_54' title='bbox 1249 966 1376 1004; x_wconf 86' lang='lat' dir='ltr'><strong>vero</strong></span> <span class='ocrx_word' id='word_1_55' title='bbox 1432 949 1561 1016; x_wconf 90' lang='lat' dir='ltr'><strong>quid</strong></span> <span class='ocrx_word' id='word_1_56' title='bbox 1603 948 1780 1001; x_wconf 82' lang='lat' dir='ltr'><strong>faciat.</strong></span> <span class='ocrx_word' id='word_1_57' title='bbox 1807 947 2066 999; x_wconf 83' lang='lat' dir='ltr'><strong>Audierat</strong></span> <span class='ocrx_word' id='word_1_58' title='bbox 2109 953 2162 998; x_wconf 89' lang='lat' dir='ltr'><strong>et</strong></span> <span class='ocrx_word' id='word_1_59' title='bbox 2207 960 2236 997; x_wconf 87' lang='lat' dir='ltr'><strong>a</strong></span> 
     </span>
    </p>
   </div>
   <div class='ocr_carea' id='block_1_10' title="bbox 669 1037 2236 1112">
    <p class='ocr_par' dir='ltr' id='par_1_10' title="bbox 669 1037 2236 1112">
     <span class='ocr_line' id='line_1_10' title="bbox 669 1037 2236 1112; baseline -0.007 -14"><span class='ocrx_word' id='word_1_60' title='bbox 669 1047 898 1107; x_wconf 83' lang='lat' dir='ltr'><strong>Joanne,</strong></span> <span class='ocrx_word' id='word_1_61' title='bbox 929 1052 981 1096; x_wconf 91' lang='lat' dir='ltr'><strong>et</strong></span> <span class='ocrx_word' id='word_1_62' title='bbox 1026 1058 1120 1112; x_wconf 88' lang='lat' dir='ltr'><strong>per</strong></span> <span class='ocrx_word' id='word_1_63' title='bbox 1151 1057 1336 1095; x_wconf 86' lang='lat' dir='ltr'><strong>vocem</strong></span> <span class='ocrx_word' id='word_1_64' title='bbox 1361 1041 1575 1094; x_wconf 63' lang='lat' dir='ltr'><strong>caelitus</strong></span> <span class='ocrx_word' id='word_1_65' title='bbox 1605 1039 1901 1106; x_wconf 86' lang='lat' dir='ltr'><strong>delapsam,</strong></span> <span class='ocrx_word' id='word_1_66' title='bbox 1932 1037 2078 1090; x_wconf 89' lang='lat' dir='ltr'><strong>hunc</strong></span> <span class='ocrx_word' id='word_1_67' title='bbox 2109 1050 2236 1089; x_wconf 88' lang='lat' dir='ltr'><strong>esse</strong></span> 
     </span>
    </p>
   </div>
   <div class='ocr_carea' id='block_1_11' title="bbox 673 1127 2234 1202">
    <p class='ocr_par' dir='ltr' id='par_1_11' title="bbox 673 1127 2234 1202">
     <span class='ocr_line' id='line_1_11' title="bbox 673 1127 2234 1202; baseline -0.005 -15"><span class='ocrx_word' id='word_1_68' title='bbox 673 1137 762 1188; x_wconf 85' lang='lat' dir='ltr'><strong>Dei</strong></span> <span class='ocrx_word' id='word_1_69' title='bbox 805 1135 999 1189; x_wconf 81' lang='lat' dir='ltr'><strong>Filium</strong></span> <span class='ocrx_word' id='word_1_70' title='bbox 1028 1151 1041 1196; x_wconf 89' lang='lat'><strong>;</strong></span> <span class='ocrx_word' id='word_1_71' title='bbox 1069 1135 1323 1202; x_wconf 81' lang='lat' dir='ltr'><strong>ignorans</strong></span> <span class='ocrx_word' id='word_1_72' title='bbox 1353 1148 1480 1202; x_wconf 84' lang='lat' dir='ltr'><strong>ergo</strong></span> <span class='ocrx_word' id='word_1_73' title='bbox 1519 1131 1662 1201; x_wconf 83' lang='lat' dir='ltr'><strong>quod</strong></span> <span class='ocrx_word' id='word_1_74' title='bbox 1695 1128 1784 1183; x_wconf 84' lang='lat' dir='ltr'><strong>Dei</strong></span> <span class='ocrx_word' id='word_1_75' title='bbox 1819 1127 1987 1182; x_wconf 83' lang='lat' dir='ltr'><strong>Filius</strong></span> <span class='ocrx_word' id='word_1_76' title='bbox 2014 1141 2234 1180; x_wconf 86' lang='lat' dir='ltr'><strong>carnem</strong></span> 
     </span>
    </p>
   </div>
   <div class='ocr_carea' id='block_1_12' title="bbox 667 1215 2238 1295">
    <p class='ocr_par' dir='ltr' id='par_1_12' title="bbox 667 1215 2238 1295">
     <span class='ocr_line' id='line_1_12' title="bbox 667 1215 2238 1295; baseline -0.007 -17"><span class='ocrx_word' id='word_1_77' title='bbox 667 1226 1072 1295; x_wconf 79' lang='lat' dir='ltr'><strong>assitiiipsiSset,</strong></span> <span class='ocrx_word' id='word_1_78' title='bbox 1099 1223 1365 1290; x_wconf 87' lang='lat' dir='ltr'><strong>siquidem</strong></span> <span class='ocrx_word' id='word_1_79' title='bbox 1406 1222 1560 1274; x_wconf 90' lang='lat' dir='ltr'><strong>latuit</strong></span> <span class='ocrx_word' id='word_1_80' title='bbox 1595 1235 1717 1272; x_wconf 91' lang='lat' dir='ltr'><strong>eum</strong></span> <span class='ocrx_word' id='word_1_81' title='bbox 1747 1233 2002 1271; x_wconf 86' lang='lat' dir='ltr'><strong>arcanum</strong></span> <span class='ocrx_word' id='word_1_82' title='bbox 2059 1215 2238 1269; x_wconf 86' lang='lat' dir='ltr'><strong>incar-</strong></span> 
     </span>
    </p>
   </div>
   <div class='ocr_carea' id='block_1_13' title="bbox 672 1307 2236 1386">
    <p class='ocr_par' dir='ltr' id='par_1_13' title="bbox 672 1307 2236 1386">
     <span class='ocr_line' id='line_1_13' title="bbox 672 1307 2236 1386; baseline -0.008 -14"><span class='ocrx_word' id='word_1_83' title='bbox 672 1319 908 1372; x_wconf 88' lang='lat' dir='ltr'><strong>nationis</strong></span> <span class='ocrx_word' id='word_1_84' title='bbox 950 1316 1286 1386; x_wconf 81' lang='lat' dir='ltr'><strong>mysterium,</strong></span> <span class='ocrx_word' id='word_1_85' title='bbox 1322 1314 1630 1379; x_wconf 84' lang='lat' dir='ltr'><strong>suspicatus</strong></span> <span class='ocrx_word' id='word_1_86' title='bbox 1678 1321 1760 1364; x_wconf 86' lang='lat' dir='ltr'><strong>est</strong></span> <span class='ocrx_word' id='word_1_87' title='bbox 1798 1310 2073 1363; x_wconf 88' lang='lat' dir='ltr'><strong>hominem</strong></span> <span class='ocrx_word' id='word_1_88' title='bbox 2113 1307 2236 1375; x_wconf 89' lang='lat' dir='ltr'><strong>qui-</strong></span> 
     </span>
    </p>
   </div>
   <div class='ocr_carea' id='block_1_14' title="bbox 671 1397 2237 1468">
    <p class='ocr_par' dir='ltr' id='par_1_14' title="bbox 671 1397 2237 1468">
     <span class='ocr_line' id='line_1_14' title="bbox 671 1397 2237 1468; baseline -0.009 -5"><span class='ocrx_word' id='word_1_89' title='bbox 671 1411 792 1463; x_wconf 88' lang='lat' dir='ltr'><strong>dem</strong></span> <span class='ocrx_word' id='word_1_90' title='bbox 825 1423 964 1468; x_wconf 73' lang='lat' dir='ltr'><strong>esse,</strong></span> <span class='ocrx_word' id='word_1_91' title='bbox 992 1423 1020 1459; x_wconf 77' lang='grc' dir='ltr'><strong>ει</strong></span> <span class='ocrx_word' id='word_1_92' title='bbox 1057 1406 1164 1459; x_wconf 79' lang='lat' dir='ltr'><strong>Deo</strong></span> <span class='ocrx_word' id='word_1_93' title='bbox 1200 1415 1377 1457; x_wconf 89' lang='lat' dir='ltr'><strong>tamen</strong></span> <span class='ocrx_word' id='word_1_94' title='bbox 1431 1403 1503 1455; x_wconf 88' lang='lat' dir='ltr'><strong>ob</strong></span> <span class='ocrx_word' id='word_1_95' title='bbox 1544 1404 1768 1454; x_wconf 75' lang='lat' dir='ltr'><strong>virtutes</strong></span> <span class='ocrx_word' id='word_1_96' title='bbox 1801 1398 1970 1468; x_wconf 84' lang='lat' dir='ltr'><strong>ipsius</strong></span> <span class='ocrx_word' id='word_1_97' title='bbox 2010 1397 2237 1466; x_wconf 84' lang='lat' dir='ltr'><strong>adopta-</strong></span> 
     </span>
    </p>
   </div>
   <div class='ocr_carea' id='block_1_15' title="bbox 673 1489 2236 1566">
    <p class='ocr_par' dir='ltr' id='par_1_15' title="bbox 673 1489 2236 1566">
     <span class='ocr_line' id='line_1_15' title="bbox 673 1489 2236 1566; baseline -0.006 -16"><span class='ocrx_word' id='word_1_98' title='bbox 673 1511 803 1550; x_wconf 88' lang='lat' dir='ltr'><strong>tum.</strong></span> <span class='ocrx_word' id='word_1_99' title='bbox 837 1501 1020 1566; x_wconf 83' lang='lat' dir='ltr'><strong>Itaque</strong></span> <span class='ocrx_word' id='word_1_100' title='bbox 1051 1497 1098 1548; x_wconf 88' lang='lat' dir='ltr'><strong>ci</strong></span> <span class='ocrx_word' id='word_1_101' title='bbox 1132 1497 1238 1565; x_wconf 88' lang='lat' dir='ltr'><strong>jam</strong></span> <span class='ocrx_word' id='word_1_102' title='bbox 1274 1504 1481 1548; x_wconf 89' lang='lat' dir='ltr'><strong>tantum</strong></span> <span class='ocrx_word' id='word_1_103' title='bbox 1532 1493 1721 1546; x_wconf 83' lang='lat' dir='ltr'><strong>invidit</strong></span> <span class='ocrx_word' id='word_1_104' title='bbox 1775 1492 2061 1553; x_wconf 88' lang='lat' dir='ltr'><strong>honorem,</strong></span> <span class='ocrx_word' id='word_1_105' title='bbox 2094 1489 2236 1542; x_wconf 83' lang='lat' dir='ltr'><strong>sicut</strong></span> 
     </span>
    </p>
   </div>
   <div class='ocr_carea' id='block_1_16' title="bbox 669 1583 2238 1656">
    <p class='ocr_par' dir='ltr' id='par_1_16' title="bbox 669 1583 2238 1656">
     <span class='ocr_line' id='line_1_16' title="bbox 669 1583 2238 1656; baseline -0.004 -15"><span class='ocrx_word' id='word_1_106' title='bbox 669 1602 720 1643; x_wconf 82' lang='grc' dir='ltr'>ι“ι</span> <span class='ocrx_word' id='word_1_107' title='bbox 762 1592 924 1643; x_wconf 80' lang='lat' dir='ltr'><strong>veteri</strong></span> <span class='ocrx_word' id='word_1_108' title='bbox 955 1589 1122 1642; x_wconf 74' lang='lat' dir='ltr'><strong>Adam</strong></span> <span class='ocrx_word' id='word_1_109' title='bbox 1157 1608 1168 1642; x_wconf 86' lang='lat'>:</span> <span class='ocrx_word' id='word_1_110' title='bbox 1205 1588 1466 1656; x_wconf 87' lang='lat' dir='ltr'><strong>nisusque</strong></span> <span class='ocrx_word' id='word_1_111' title='bbox 1493 1594 1576 1639; x_wconf 84' lang='lat' dir='ltr'><strong>est</strong></span> <span class='ocrx_word' id='word_1_112' title='bbox 1602 1584 1768 1647; x_wconf 86' lang='lat' dir='ltr'><strong>hunc,</strong></span> <span class='ocrx_word' id='word_1_113' title='bbox 1804 1585 1948 1638; x_wconf 85' lang='lat' dir='ltr'><strong>velut</strong></span> <span class='ocrx_word' id='word_1_114' title='bbox 1989 1583 2136 1635; x_wconf 88' lang='lat' dir='ltr'><strong>illum</strong></span> <span class='ocrx_word' id='word_1_115' title='bbox 2169 1584 2238 1634; x_wconf 86' lang='lat' dir='ltr'><strong>ab</strong></span> 
     </span>
    </p>
   </div>
   <div class='ocr_carea' id='block_1_17' title="bbox 671 1679 1064 1749">
    <p class='ocr_par' dir='ltr' id='par_1_17' title="bbox 671 1679 1064 1749">
     <span class='ocr_line' id='line_1_17' title="bbox 671 1679 1064 1749; baseline -0.008 -17"><span class='ocrx_word' id='word_1_116' title='bbox 671 1682 786 1749; x_wconf 86' lang='lat' dir='ltr'><strong>ipso</strong></span> <span class='ocrx_word' id='word_1_117' title='bbox 813 1679 1064 1748; x_wconf 74' lang='lat' dir='ltr'><strong>dejicere.</strong></span> 
     </span>
    </p>
   </div>
   <div class='ocr_carea' id='block_1_18' title="bbox 745 1857 2235 1929">
    <p class='ocr_par' dir='ltr' id='par_1_18' title="bbox 745 1857 2235 1929">
     <span class='ocr_line' id='line_1_18' title="bbox 745 1857 2235 1929; baseline -0.003 -15"><span class='ocrx_word' id='word_1_118' title='bbox 745 1865 805 1915; x_wconf 71' lang='lat' dir='ltr'><strong>lit</strong></span> <span class='ocrx_word' id='word_1_119' title='bbox 855 1862 1060 1916; x_wconf 77' lang='lat' dir='ltr'><strong>idcirco</strong></span> <span class='ocrx_word' id='word_1_120' title='bbox 1112 1861 1332 1929; x_wconf 90' lang='lat' dir='ltr'><strong>propius</strong></span> <span class='ocrx_word' id='word_1_121' title='bbox 1387 1858 1672 1917; x_wconf 88' lang='lat' dir='ltr'><strong>accedens,</strong></span> <span class='ocrx_word' id='word_1_122' title='bbox 1708 1857 1936 1925; x_wconf 83' lang='lat' dir='ltr'><strong>primam</strong></span> <span class='ocrx_word' id='word_1_123' title='bbox 1988 1857 2235 1925; x_wconf 65' lang='lat' dir='ltr'><strong>producit</strong></span> 
     </span>
    </p>
   </div>
   <div class='ocr_carea' id='block_1_19' title="bbox 672 1947 2238 2017">
    <p class='ocr_par' dir='ltr' id='par_1_19' title="bbox 672 1947 2238 2017">
     <span class='ocr_line' id='line_1_19' title="bbox 672 1947 2238 2017; baseline -0.001 -16"><span class='ocrx_word' id='word_1_124' title='bbox 672 1952 1049 2010; x_wconf 80' lang='lat' dir='ltr'><strong>tentationeni,</strong></span> <span class='ocrx_word' id='word_1_125' title='bbox 1082 1963 1276 2016; x_wconf 88' lang='lat' dir='ltr'><strong>nempe</strong></span> <span class='ocrx_word' id='word_1_126' title='bbox 1338 1949 1704 2017; x_wconf 80' lang='lat' dir='ltr'><strong>gulositatem,</strong></span> <span class='ocrx_word' id='word_1_127' title='bbox 1745 1962 1838 2014; x_wconf 80' lang='lat' dir='ltr'><strong>per</strong></span> <span class='ocrx_word' id='word_1_128' title='bbox 1878 1962 2040 2014; x_wconf 83' lang='lat' dir='ltr'><strong>quam</strong></span> <span class='ocrx_word' id='word_1_129' title='bbox 2094 1947 2238 2014; x_wconf 86' lang='lat' dir='ltr'><strong>cepit</strong></span> 
     </span>
    </p>
   </div>
   <div class='ocr_carea' id='block_1_20' title="bbox 669 2037 2238 2110">
    <p class='ocr_par' dir='ltr' id='par_1_20' title="bbox 669 2037 2238 2110">
     <span class='ocr_line' id='line_1_20' title="bbox 669 2037 2238 2110; baseline -0.001 -16"><span class='ocrx_word' id='word_1_130' title='bbox 669 2052 720 2094; x_wconf 87' lang='lat' dir='ltr'><strong>et</strong></span> <span class='ocrx_word' id='word_1_131' title='bbox 772 2041 1003 2110; x_wconf 87' lang='lat' dir='ltr'><strong>primunt</strong></span> <span class='ocrx_word' id='word_1_132' title='bbox 1041 2040 1233 2093; x_wconf 73' lang='lat' dir='ltr'><strong>Adam.</strong></span> <span class='ocrx_word' id='word_1_133' title='bbox 1270 2037 1402 2103; x_wconf 86' lang='lat' dir='ltr'><strong>Quia</strong></span> <span class='ocrx_word' id='word_1_134' title='bbox 1434 2053 1564 2108; x_wconf 78' lang='lat' dir='ltr'><strong>ergo</strong></span> <span class='ocrx_word' id='word_1_135' title='bbox 1591 2038 1773 2090; x_wconf 91' lang='lat' dir='ltr'><strong>nullus</strong></span> <span class='ocrx_word' id='word_1_136' title='bbox 1815 2037 2000 2090; x_wconf 86' lang='lat' dir='ltr'><strong>aderat</strong></span> <span class='ocrx_word' id='word_1_137' title='bbox 2061 2039 2238 2102; x_wconf 85' lang='lat' dir='ltr'><strong>cibus,</strong></span> 
     </span>
    </p>
   </div>
   <div class='ocr_carea' id='block_1_21' title="bbox 671 2127 2238 2198">
    <p class='ocr_par' dir='ltr' id='par_1_21' title="bbox 671 2127 2238 2198">
     <span class='ocr_line' id='line_1_21' title="bbox 671 2127 2238 2198; baseline -0.003 -14"><span class='ocrx_word' id='word_1_138' title='bbox 671 2147 736 2184; x_wconf 89' lang='lat' dir='ltr'><strong>co</strong></span> <span class='ocrx_word' id='word_1_139' title='bbox 767 2130 908 2198; x_wconf 89' lang='lat' dir='ltr'><strong>quod</strong></span> <span class='ocrx_word' id='word_1_140' title='bbox 943 2129 1194 2183; x_wconf 86' lang='lat' dir='ltr'><strong>desertus</strong></span> <span class='ocrx_word' id='word_1_141' title='bbox 1225 2127 1386 2180; x_wconf 82' lang='lat' dir='ltr'><strong>nimis</strong></span> <span class='ocrx_word' id='word_1_142' title='bbox 1441 2136 1586 2180; x_wconf 83' lang='lat' dir='ltr'><strong>esset</strong></span> <span class='ocrx_word' id='word_1_143' title='bbox 1621 2127 1791 2191; x_wconf 88' lang='lat' dir='ltr'><strong>locus,</strong></span> <span class='ocrx_word' id='word_1_144' title='bbox 1819 2127 2025 2180; x_wconf 83' lang='lat' dir='ltr'><strong>sciebat</strong></span> <span class='ocrx_word' id='word_1_145' title='bbox 2059 2138 2238 2182; x_wconf 86' lang='lat' dir='ltr'><strong>autem</strong></span> 
     </span>
    </p>
   </div>
   <div class='ocr_carea' id='block_1_22' title="bbox 672 2225 2240 2294">
    <p class='ocr_par' dir='ltr' id='par_1_22' title="bbox 672 2225 2240 2294">
     <span class='ocr_line' id='line_1_22' title="bbox 672 2225 2240 2294; baseline -0.002 -14"><span class='ocrx_word' id='word_1_146' title='bbox 672 2227 798 2280; x_wconf 85' lang='lat' dir='ltr'><strong>l&#39;ami</strong></span> <span class='ocrx_word' id='word_1_147' title='bbox 882 2225 1295 2279; x_wconf 80' lang='lat' dir='ltr'><strong>convenientem</strong></span> <span class='ocrx_word' id='word_1_148' title='bbox 1371 2238 1490 2277; x_wconf 88' lang='lat' dir='ltr'><strong>csse</strong></span> <span class='ocrx_word' id='word_1_149' title='bbox 1572 2239 1767 2292; x_wconf 87' lang='lat' dir='ltr'><strong>panem</strong></span> <span class='ocrx_word' id='word_1_150' title='bbox 1851 2225 1986 2294; x_wconf 90' lang='lat' dir='ltr'><strong>ipsc,</strong></span> <span class='ocrx_word' id='word_1_151' title='bbox 2020 2225 2240 2294; x_wconf 89' lang='lat' dir='ltr'><strong>quidem</strong></span> 
     </span>
    </p>
   </div>
   <div class='ocr_carea' id='block_1_23' title="bbox 670 2313 2238 2383">
    <p class='ocr_par' dir='ltr' id='par_1_23' title="bbox 670 2313 2238 2383">
     <span class='ocr_line' id='line_1_23' title="bbox 670 2313 2238 2383; baseline -0.002 -13"><span class='ocrx_word' id='word_1_152' title='bbox 670 2334 780 2370; x_wconf 89' lang='lat' dir='ltr'><strong>non</strong></span> <span class='ocrx_word' id='word_1_153' title='bbox 834 2318 1013 2379; x_wconf 84' lang='lat' dir='ltr'><strong>all&#39;ert,</strong></span> <span class='ocrx_word' id='word_1_154' title='bbox 1044 2331 1110 2369; x_wconf 92' lang='lat' dir='ltr'><strong>eo</strong></span> <span class='ocrx_word' id='word_1_155' title='bbox 1156 2315 1298 2383; x_wconf 88' lang='lat' dir='ltr'><strong>quod</strong></span> <span class='ocrx_word' id='word_1_156' title='bbox 1333 2314 1398 2367; x_wconf 85' lang='lat' dir='ltr'><strong>ab</strong></span> <span class='ocrx_word' id='word_1_157' title='bbox 1433 2313 1748 2368; x_wconf 86' lang='lat' dir='ltr'><strong>adversario</strong></span> <span class='ocrx_word' id='word_1_158' title='bbox 1802 2313 2055 2368; x_wconf 87' lang='lat' dir='ltr'><strong>Christus</strong></span> <span class='ocrx_word' id='word_1_159' title='bbox 2087 2331 2238 2370; x_wconf 87' lang='lat' dir='ltr'><strong>smn-</strong></span> 
     </span>
    </p>
   </div>
   <div class='ocr_carea' id='block_1_24' title="bbox 668 2404 2240 2478">
    <p class='ocr_par' dir='ltr' id='par_1_24' title="bbox 668 2404 2240 2478">
     <span class='ocr_line' id='line_1_24' title="bbox 668 2404 2240 2478; baseline -0.001 -17"><span class='ocrx_word' id='word_1_160' title='bbox 668 2418 860 2478; x_wconf 85' lang='lat' dir='ltr'><strong>pturus</strong></span> <span class='ocrx_word' id='word_1_161' title='bbox 899 2422 1004 2459; x_wconf 92' lang='lat' dir='ltr'><strong>non</strong></span> <span class='ocrx_word' id='word_1_162' title='bbox 1039 2417 1175 2469; x_wconf 89' lang='lat' dir='ltr'><strong>erat,</strong></span> <span class='ocrx_word' id='word_1_163' title='bbox 1202 2407 1296 2458; x_wconf 89' lang='lat' dir='ltr'><strong>sed</strong></span> <span class='ocrx_word' id='word_1_164' title='bbox 1334 2406 1488 2474; x_wconf 87' lang='lat' dir='ltr'><strong>jubet</strong></span> <span class='ocrx_word' id='word_1_165' title='bbox 1525 2413 1582 2457; x_wconf 91' lang='lat' dir='ltr'><strong>ut</strong></span> <span class='ocrx_word' id='word_1_166' title='bbox 1633 2404 1700 2459; x_wconf 88' lang='lat' dir='ltr'><strong>de</strong></span> <span class='ocrx_word' id='word_1_167' title='bbox 1756 2406 2022 2473; x_wconf 87' lang='lat' dir='ltr'><strong>lapidibus</strong></span> <span class='ocrx_word' id='word_1_168' title='bbox 2071 2422 2240 2475; x_wconf 90' lang='lat' dir='ltr'><strong>panes</strong></span> 
     </span>
    </p>
   </div>
   <div class='ocr_carea' id='block_1_25' title="bbox 668 2498 2237 2567">
    <p class='ocr_par' dir='ltr' id='par_1_25' title="bbox 668 2498 2237 2567">
     <span class='ocr_line' id='line_1_25' title="bbox 668 2498 2237 2567; baseline -0.001 -13"><span class='ocrx_word' id='word_1_169' title='bbox 668 2499 880 2555; x_wconf 83' lang='lat' dir='ltr'><strong>elliciat.</strong></span> <span class='ocrx_word' id='word_1_170' title='bbox 916 2500 978 2553; x_wconf 86' lang='lat' dir='ltr'><strong>Et</strong></span> <span class='ocrx_word' id='word_1_171' title='bbox 1011 2514 1076 2552; x_wconf 91' lang='lat' dir='ltr'><strong>ne</strong></span> <span class='ocrx_word' id='word_1_172' title='bbox 1101 2499 1350 2554; x_wconf 82' lang='lat' dir='ltr'><strong>Christus</strong></span> <span class='ocrx_word' id='word_1_173' title='bbox 1382 2498 1606 2551; x_wconf 78' lang='lat' dir='ltr'><strong>insidias</strong></span> <span class='ocrx_word' id='word_1_174' title='bbox 1634 2508 1974 2567; x_wconf 79' lang='lat' dir='ltr'><strong>agnosceret,</strong></span> <span class='ocrx_word' id='word_1_175' title='bbox 2011 2499 2237 2553; x_wconf 86' lang='lat' dir='ltr'><strong>observa</strong></span> 
     </span>
    </p>
   </div>
   <div class='ocr_carea' id='block_1_26' title="bbox 672 2590 2241 2660">
    <p class='ocr_par' dir='ltr' id='par_1_26' title="bbox 672 2590 2241 2660">
     <span class='ocr_line' id='line_1_26' title="bbox 672 2590 2241 2660; baseline -0.001 -15"><span class='ocrx_word' id='word_1_176' title='bbox 672 2593 896 2647; x_wconf 79' lang='lat' dir='ltr'><strong>teclinas</strong></span> <span class='ocrx_word' id='word_1_177' title='bbox 940 2591 1058 2660; x_wconf 86' lang='lat' dir='ltr'><strong>ejus</strong></span> <span class='ocrx_word' id='word_1_178' title='bbox 1117 2606 1180 2644; x_wconf 91' lang='lat' dir='ltr'><strong>ac</strong></span> <span class='ocrx_word' id='word_1_179' title='bbox 1213 2591 1429 2643; x_wconf 68' lang='lat' dir='ltr'><strong>malitiae.</strong></span> <span class='ocrx_word' id='word_1_180' title='bbox 1477 2590 1924 2659; x_wconf 78' lang='lat' dir='ltr'><strong>magnitudinem.</strong></span> <span class='ocrx_word' id='word_1_181' title='bbox 1953 2593 2066 2645; x_wconf 83' lang='lat' dir='ltr'><strong>Non</strong></span> <span class='ocrx_word' id='word_1_182' title='bbox 2107 2593 2241 2645; x_wconf 83' lang='lat' dir='ltr'><strong>dixit</strong></span> 
     </span>
    </p>
   </div>
   <div class='ocr_carea' id='block_1_27' title="bbox 669 2680 2239 2753">
    <p class='ocr_par' dir='ltr' id='par_1_27' title="bbox 669 2680 2239 2753">
     <span class='ocr_line' id='line_1_27' title="bbox 669 2680 2239 2753; baseline 0 -15"><span class='ocrx_word' id='word_1_183' title='bbox 669 2684 995 2753; x_wconf 86' lang='lat' dir='ltr'><strong>simpliciter</strong></span> <span class='ocrx_word' id='word_1_184' title='bbox 1032 2700 1044 2734; x_wconf 88' lang='lat'><strong>:</strong></span> <span class='ocrx_word' id='word_1_185' title='bbox 1077 2680 1284 2745; x_wconf 79' lang='lat' dir='ltr'><strong>Facito,</strong></span> <span class='ocrx_word' id='word_1_186' title='bbox 1316 2689 1375 2734; x_wconf 90' lang='lat' dir='ltr'><strong>ut</strong></span> <span class='ocrx_word' id='word_1_187' title='bbox 1407 2681 1492 2733; x_wconf 90' lang='lat' dir='ltr'><strong>isti</strong></span> <span class='ocrx_word' id='word_1_188' title='bbox 1529 2681 1734 2750; x_wconf 79' lang='lat' dir='ltr'><strong>lapides</strong></span> <span class='ocrx_word' id='word_1_189' title='bbox 1767 2698 1936 2751; x_wconf 87' lang='lat' dir='ltr'><strong>panes</strong></span> <span class='ocrx_word' id='word_1_190' title='bbox 1963 2684 2119 2753; x_wconf 75' lang='lat' dir='ltr'><strong>liant,</strong></span> <span class='ocrx_word' id='word_1_191' title='bbox 2146 2685 2239 2738; x_wconf 86' lang='lat' dir='ltr'><strong>sed</strong></span> 
     </span>
    </p>
   </div>
   <div class='ocr_carea' id='block_1_28' title="bbox 671 2750 2241 2843">
    <p class='ocr_par' dir='ltr' id='par_1_28' title="bbox 671 2750 2241 2843">
     <span class='ocr_line' id='line_1_28' title="bbox 671 2750 2241 2843; baseline 0.002 -18"><span class='ocrx_word' id='word_1_192' title='bbox 671 2750 933 2843; x_wconf 46' lang='lat' dir='ltr'><strong>prae-misit</strong></span> <span class='ocrx_word' id='word_1_193' title='bbox 966 2791 979 2826; x_wconf 90' lang='lat'><strong>:</strong></span> <span class='ocrx_word' id='word_1_194' title='bbox 1019 2772 1074 2826; x_wconf 87' lang='lat' dir='ltr'><strong>Si</strong></span> <span class='ocrx_word' id='word_1_195' title='bbox 1112 2771 1278 2824; x_wconf 77' lang='lat' dir='ltr'><strong>Filius</strong></span> <span class='ocrx_word' id='word_1_196' title='bbox 1337 2771 1430 2824; x_wconf 85' lang='lat' dir='ltr'><strong>Dei</strong></span> <span class='ocrx_word' id='word_1_197' title='bbox 1487 2788 1561 2835; x_wconf 77' lang='lat' dir='ltr'><strong>cs,</strong></span> <span class='ocrx_word' id='word_1_198' title='bbox 1600 2781 1658 2824; x_wconf 91' lang='lat' dir='ltr'><strong>ut</strong></span> <span class='ocrx_word' id='word_1_199' title='bbox 1695 2750 2134 2842; x_wconf 44' lang='lat' dir='ltr'><strong>appareat-quod</strong></span> <span class='ocrx_word' id='word_1_200' title='bbox 2184 2786 2241 2828; x_wconf 88' lang='lat' dir='ltr'><strong>ut</strong></span> 
     </span>
    </p>
   </div>
   <div class='ocr_carea' id='block_1_29' title="bbox 669 2860 2238 2932">
    <p class='ocr_par' dir='ltr' id='par_1_29' title="bbox 669 2860 2238 2932">
     <span class='ocr_line' id='line_1_29' title="bbox 669 2860 2238 2932; baseline 0.001 -17"><span class='ocrx_word' id='word_1_201' title='bbox 669 2864 1093 2923; x_wconf 77' lang='lat' dir='ltr'><strong>demonstretur,</strong></span> <span class='ocrx_word' id='word_1_202' title='bbox 1127 2876 1192 2913; x_wconf 91' lang='lat' dir='ltr'><strong>an</strong></span> <span class='ocrx_word' id='word_1_203' title='bbox 1220 2860 1387 2914; x_wconf 87' lang='lat' dir='ltr'><strong>Filius</strong></span> <span class='ocrx_word' id='word_1_204' title='bbox 1417 2861 1506 2914; x_wconf 88' lang='lat' dir='ltr'><strong>Dei</strong></span> <span class='ocrx_word' id='word_1_205' title='bbox 1540 2862 1629 2924; x_wconf 88' lang='lat' dir='ltr'><strong>sit,</strong></span> <span class='ocrx_word' id='word_1_206' title='bbox 1664 2865 1796 2931; x_wconf 88' lang='lat' dir='ltr'><strong>petit</strong></span> <span class='ocrx_word' id='word_1_207' title='bbox 1827 2868 1897 2932; x_wconf 84' lang='lat' dir='ltr'><strong>(v)</strong></span> <span class='ocrx_word' id='word_1_208' title='bbox 1921 2865 2156 2932; x_wconf 88' lang='lat' dir='ltr'><strong>lapidum</strong></span> <span class='ocrx_word' id='word_1_209' title='bbox 2185 2866 2238 2917; x_wconf 90' lang='lat' dir='ltr'><strong>in</strong></span> 
     </span>
    </p>
   </div>
   <div class='ocr_carea' id='block_1_30' title="bbox 667 2949 2238 3023">
    <p class='ocr_par' dir='ltr' id='par_1_30' title="bbox 667 2949 2238 3023">
     <span class='ocr_line' id='line_1_30' title="bbox 667 2949 2238 3023; baseline 0.003 -21"><span class='ocrx_word' id='word_1_210' title='bbox 667 2967 837 3020; x_wconf 89' lang='lat' dir='ltr'><strong>panes</strong></span> <span class='ocrx_word' id='word_1_211' title='bbox 871 2950 988 3004; x_wconf 86' lang='lat' dir='ltr'><strong>ﬁeri</strong></span> <span class='ocrx_word' id='word_1_212' title='bbox 1036 2949 1588 3003; x_wconf 82' lang='lat' dir='ltr'><strong>transformationem.</strong></span> <span class='ocrx_word' id='word_1_213' title='bbox 1624 2952 1782 3006; x_wconf 83' lang='lat' dir='ltr'><strong>l’utat</strong></span> <span class='ocrx_word' id='word_1_214' title='bbox 1845 2957 1991 3006; x_wconf 88' lang='lat' dir='ltr'><strong>enim</strong></span> <span class='ocrx_word' id='word_1_215' title='bbox 2049 2955 2238 3023; x_wconf 85' lang='lat' dir='ltr'><strong>hujus-</strong></span> 
     </span>
    </p>
   </div>
   <div class='ocr_carea' id='block_1_31' title="bbox 669 3042 2236 3111">
    <p class='ocr_par' dir='ltr' id='par_1_31' title="bbox 669 3042 2236 3111">
     <span class='ocr_line' id='line_1_31' title="bbox 669 3042 2236 3111; baseline 0.001 -16"><span class='ocrx_word' id='word_1_216' title='bbox 669 3043 810 3096; x_wconf 90' lang='lat' dir='ltr'><strong>modi</strong></span> <span class='ocrx_word' id='word_1_217' title='bbox 854 3042 1029 3097; x_wconf 72' lang='lat' dir='ltr'><strong>verbis</strong></span> <span class='ocrx_word' id='word_1_218' title='bbox 1065 3042 1434 3110; x_wconf 82' lang='lat' dir='ltr'><strong>pungendum,</strong></span> <span class='ocrx_word' id='word_1_219' title='bbox 1466 3053 1721 3111; x_wconf 89' lang='lat' dir='ltr'><strong>tanquam</strong></span> <span class='ocrx_word' id='word_1_220' title='bbox 1778 3049 1976 3098; x_wconf 86' lang='lat' dir='ltr'><strong>rubore</strong></span> <span class='ocrx_word' id='word_1_221' title='bbox 2023 3048 2236 3099; x_wconf 63' lang='lat' dir='ltr'><strong>sulqu-</strong></span> 
     </span>
    </p>
   </div>
   <div class='ocr_carea' id='block_1_32' title="bbox 668 3132 2239 3206">
    <p class='ocr_par' dir='ltr' id='par_1_32' title="bbox 668 3132 2239 3206">
     <span class='ocr_line' id='line_1_32' title="bbox 668 3132 2239 3206; baseline 0 -16"><span class='ocrx_word' id='word_1_222' title='bbox 668 3136 845 3196; x_wconf 88' lang='lat' dir='ltr'><strong>datur,</strong></span> <span class='ocrx_word' id='word_1_223' title='bbox 884 3134 929 3190; x_wconf 91' lang='lat' dir='ltr'><strong>si</strong></span> <span class='ocrx_word' id='word_1_224' title='bbox 965 3133 1131 3187; x_wconf 80' lang='lat' dir='ltr'><strong>Filius</strong></span> <span class='ocrx_word' id='word_1_225' title='bbox 1162 3132 1254 3186; x_wconf 90' lang='lat' dir='ltr'><strong>Dei</strong></span> <span class='ocrx_word' id='word_1_226' title='bbox 1284 3148 1390 3187; x_wconf 91' lang='lat' dir='ltr'><strong>non</strong></span> <span class='ocrx_word' id='word_1_227' title='bbox 1425 3149 1542 3188; x_wconf 89' lang='lat' dir='ltr'><strong>esse</strong></span> <span class='ocrx_word' id='word_1_228' title='bbox 1578 3136 1856 3198; x_wconf 79' lang='lat' dir='ltr'><strong>credatur,</strong></span> <span class='ocrx_word' id='word_1_229' title='bbox 1898 3146 1955 3190; x_wconf 90' lang='lat' dir='ltr'><strong>ut</strong></span> <span class='ocrx_word' id='word_1_230' title='bbox 1994 3137 2239 3206; x_wconf 72' lang='lat' dir='ltr'><strong>iguorato</strong></span> 
     </span>
    </p>
   </div>
   <div class='ocr_carea' id='block_1_33' title="bbox 2280 1846 3314 1924">
    <p class='ocr_par' dir='ltr' id='par_1_33' title="bbox 2280 1846 3314 1924">
     <span class='ocr_line' id='line_1_33' title="bbox 2280 1846 3314 1924; baseline -0.007 -14"><span class='ocrx_word' id='word_1_231' title='bbox 2280 1846 2318 1910; x_wconf 71' lang='grc' dir='ltr'>β</span> <span class='ocrx_word' id='word_1_232' title='bbox 2415 1861 2506 1912; x_wconf 83' lang='grc' dir='ltr'><strong>Διὸ</strong></span> <span class='ocrx_word' id='word_1_233' title='bbox 2561 1860 2652 1911; x_wconf 79' lang='grc' dir='ltr'>καὶ</span> <span class='ocrx_word' id='word_1_234' title='bbox 2703 1853 3020 1924; x_wconf 66' lang='grc' dir='ltr'>προσελθὼν</span> <span class='ocrx_word' id='word_1_235' title='bbox 3092 1851 3260 1919; x_wconf 72' lang='grc' dir='ltr'>ἐγγὺς</span> <span class='ocrx_word' id='word_1_236' title='bbox 3298 1888 3314 1911; x_wconf 86' lang='grc'><strong>.</strong></span> 
     </span>
    </p>
   </div>
   <div class='ocr_carea' id='block_1_34' title="bbox 2351 562 3925 649">
    <p class='ocr_par' dir='ltr' id='par_1_34' title="bbox 2351 562 3925 649">
     <span class='ocr_line' id='line_1_34' title="bbox 2351 562 3925 649; baseline -0.013 -19"><span class='ocrx_word' id='word_1_237' title='bbox 2351 578 2636 649; x_wconf 68' lang='grc' dir='ltr'>πόρρωθεν</span> <span class='ocrx_word' id='word_1_238' title='bbox 2666 577 2829 629; x_wconf 79' lang='grc' dir='ltr'>αὑτὸν</span> <span class='ocrx_word' id='word_1_239' title='bbox 2855 573 3110 642; x_wconf 75' lang='grc' dir='ltr'>ὲπείραζε</span> <span class='ocrx_word' id='word_1_240' title='bbox 3138 573 3203 623; x_wconf 81' lang='grc' dir='ltr'>δι’</span> <span class='ocrx_word' id='word_1_241' title='bbox 3227 571 3417 631; x_wconf 85' lang='grc' dir='ltr'>ῦπνου,</span> <span class='ocrx_word' id='word_1_242' title='bbox 3458 566 3525 617; x_wconf 74' lang='grc' dir='ltr'>δι’</span> <span class='ocrx_word' id='word_1_243' title='bbox 3555 563 3805 631; x_wconf 81' lang='grc' dir='ltr'>ἀκηδίας,</span> <span class='ocrx_word' id='word_1_244' title='bbox 3840 562 3925 612; x_wconf 76' lang='grc' dir='ltr'>διὰ</span> 
     </span>
    </p>
   </div>
   <div class='ocr_carea' id='block_1_35' title="bbox 2349 655 3928 732">
    <p class='ocr_par' dir='ltr' id='par_1_35' title="bbox 2349 655 3928 732">
     <span class='ocr_line' id='line_1_35' title="bbox 2349 655 3928 732; baseline -0.014 -8"><span class='ocrx_word' id='word_1_245' title='bbox 2349 670 2552 732; x_wconf 79' lang='grc' dir='ltr'><strong>δειλίας</strong></span> <span class='ocrx_word' id='word_1_246' title='bbox 2585 670 2680 723; x_wconf 75' lang='grc' dir='ltr'><strong>καὶ</strong></span> <span class='ocrx_word' id='word_1_247' title='bbox 2706 668 2815 720; x_wconf 83' lang='grc' dir='ltr'><strong>τῶν</strong></span> <span class='ocrx_word' id='word_1_248' title='bbox 2851 665 3112 720; x_wconf 80' lang='grc' dir='ltr'><strong>τοιούτων</strong></span> <span class='ocrx_word' id='word_1_249' title='bbox 3135 681 3148 694; x_wconf 84' lang='lat'><strong><em>°</em></strong></span> <span class='ocrx_word' id='word_1_250' title='bbox 3194 663 3319 716; x_wconf 73' lang='grc' dir='ltr'>ἐπεὶ</span> <span class='ocrx_word' id='word_1_251' title='bbox 3341 661 3397 714; x_wconf 82' lang='grc' dir='ltr'>δὲ</span> <span class='ocrx_word' id='word_1_252' title='bbox 3430 659 3574 728; x_wconf 73' lang='grc' dir='ltr'>ἔγνω</span> <span class='ocrx_word' id='word_1_253' title='bbox 3599 655 3787 708; x_wconf 89' lang='grc' dir='ltr'>τοῦτον</span> <span class='ocrx_word' id='word_1_254' title='bbox 3812 669 3928 704; x_wconf 87' lang='grc' dir='ltr'>πει-</span> 
     </span>
    </p>
   </div>
   <div class='ocr_carea' id='block_1_36' title="bbox 2348 749 3926 827">
    <p class='ocr_par' dir='ltr' id='par_1_36' title="bbox 2348 749 3926 827">
     <span class='ocr_line' id='line_1_36' title="bbox 2348 749 3926 827; baseline -0.01 -15"><span class='ocrx_word' id='word_1_255' title='bbox 2348 762 2612 824; x_wconf 81' lang='grc' dir='ltr'>νάσαντα,</span> <span class='ocrx_word' id='word_1_256' title='bbox 2663 759 2852 812; x_wconf 75' lang='grc' dir='ltr'>λοιπὸν</span> <span class='ocrx_word' id='word_1_257' title='bbox 2905 755 3212 827; x_wconf 79' lang='grc' dir='ltr'><strong>προσῆλθεν</strong></span> <span class='ocrx_word' id='word_1_258' title='bbox 3305 753 3494 820; x_wconf 69' lang='grc' dir='ltr'>ἔγγὺς,</span> <span class='ocrx_word' id='word_1_259' title='bbox 3583 749 3676 801; x_wconf 77' lang='grc' dir='ltr'>καὶ</span> <span class='ocrx_word' id='word_1_260' title='bbox 3758 761 3926 813; x_wconf 71' lang='grc' dir='ltr'>φανε-</span> 
     </span>
    </p>
   </div>
   <div class='ocr_carea' id='block_1_37' title="bbox 2351 837 3925 922">
    <p class='ocr_par' dir='ltr' id='par_1_37' title="bbox 2351 837 3925 922">
     <span class='ocr_line' id='line_1_37' title="bbox 2351 837 3925 922; baseline -0.015 -13"><span class='ocrx_word' id='word_1_261' title='bbox 2351 853 2460 922; x_wconf 85' lang='grc' dir='ltr'>ρῶς</span> <span class='ocrx_word' id='word_1_262' title='bbox 2516 851 2630 920; x_wconf 82' lang='grc'><strong>(96)</strong></span> <span class='ocrx_word' id='word_1_263' title='bbox 2695 849 2843 920; x_wconf 77' lang='grc' dir='ltr'>αὐτῷ</span> <span class='ocrx_word' id='word_1_264' title='bbox 2897 846 3227 919; x_wconf 75' lang='grc' dir='ltr'>προσϐάλλει</span> <span class='ocrx_word' id='word_1_265' title='bbox 3295 845 3386 897; x_wconf 66' lang='grc' dir='ltr'>διὰ</span> <span class='ocrx_word' id='word_1_266' title='bbox 3453 840 3549 895; x_wconf 87' lang='grc' dir='ltr'><strong>τοῦ</strong></span> <span class='ocrx_word' id='word_1_267' title='bbox 3617 837 3925 905; x_wconf 70' lang='grc' dir='ltr'>ὲπιτηδείου</span> 
     </span>
    </p>
   </div>
   <div class='ocr_carea' id='block_1_38' title="bbox 2345 924 3926 1014">
    <p class='ocr_par' dir='ltr' id='par_1_38' title="bbox 2345 924 3926 1014">
     <span class='ocr_line' id='line_1_38' title="bbox 2345 924 3926 1014; baseline -0.012 -18"><span class='ocrx_word' id='word_1_268' title='bbox 2345 947 2411 1014; x_wconf 77' lang='grc' dir='ltr'><strong>τῇ</strong></span> <span class='ocrx_word' id='word_1_269' title='bbox 2468 943 2631 1012; x_wconf 78' lang='grc' dir='ltr'>πείνῃ</span> <span class='ocrx_word' id='word_1_270' title='bbox 2688 941 2913 1001; x_wconf 68' lang='grc' dir='ltr'>πάθους,</span> <span class='ocrx_word' id='word_1_271' title='bbox 2966 937 3113 1003; x_wconf 85' lang='grc' dir='ltr'>λέγω</span> <span class='ocrx_word' id='word_1_272' title='bbox 3156 935 3242 1004; x_wconf 84' lang='grc' dir='ltr'>δὴ,</span> <span class='ocrx_word' id='word_1_273' title='bbox 3294 935 3396 1001; x_wconf 76' lang='grc' dir='ltr'>τῆς</span> <span class='ocrx_word' id='word_1_274' title='bbox 3462 924 3926 999; x_wconf 72' lang='grc' dir='ltr'><strong>γαστριμαργίας.</strong></span> 
     </span>
    </p>
   </div>
   <div class='ocr_carea' id='block_1_39' title="bbox 2347 1013 3928 1098">
    <p class='ocr_par' dir='ltr' id='par_1_39' title="bbox 2347 1013 3928 1098">
     <span class='ocr_line' id='line_1_39' title="bbox 2347 1013 3928 1098; baseline -0.014 -9"><span class='ocrx_word' id='word_1_275' title='bbox 2347 1036 2458 1089; x_wconf 80' lang='grc' dir='ltr'><strong>Καὶ</strong></span> <span class='ocrx_word' id='word_1_276' title='bbox 2495 1036 2709 1098; x_wconf 85' lang='grc' dir='ltr'>σκόπει,</span> <span class='ocrx_word' id='word_1_277' title='bbox 2761 1033 2812 1084; x_wconf 84' lang='grc' dir='ltr'><strong>τί</strong></span> <span class='ocrx_word' id='word_1_278' title='bbox 2856 1031 3016 1083; x_wconf 86' lang='grc' dir='ltr'>ποιεῖ.</span> <span class='ocrx_word' id='word_1_279' title='bbox 3057 1027 3284 1081; x_wconf 78' lang='grc' dir='ltr'><strong>Ἤκουσε</strong></span> <span class='ocrx_word' id='word_1_280' title='bbox 3317 1025 3411 1077; x_wconf 74' lang='grc' dir='ltr'>καὶ</span> <span class='ocrx_word' id='word_1_281' title='bbox 3436 1024 3588 1091; x_wconf 73' lang='grc' dir='ltr'>παρὰ</span> <span class='ocrx_word' id='word_1_282' title='bbox 3606 1019 3698 1072; x_wconf 83' lang='grc' dir='ltr'><strong>τοῦ</strong></span> <span class='ocrx_word' id='word_1_283' title='bbox 3746 1013 3874 1070; x_wconf 81' lang='grc' dir='ltr'><strong>’1ωὰ</strong></span> <span class='ocrx_word' id='word_1_284' title='bbox 3907 1045 3928 1057; x_wconf 85' lang='lat'><strong>-</strong></span> 
     </span>
    </p>
   </div>
   <div class='ocr_carea' id='block_1_40' title="bbox 2346 1113 3924 1197">
    <p class='ocr_par' dir='ltr' id='par_1_40' title="bbox 2346 1113 3924 1197">
     <span class='ocr_line' id='line_1_40' title="bbox 2346 1113 3924 1197; baseline -0.016 -15"><span class='ocrx_word' id='word_1_285' title='bbox 2346 1148 2460 1194; x_wconf 85' lang='grc' dir='ltr'>νου,</span> <span class='ocrx_word' id='word_1_286' title='bbox 2517 1128 2612 1182; x_wconf 75' lang='grc' dir='ltr'>καὶ</span> <span class='ocrx_word' id='word_1_287' title='bbox 2681 1127 2831 1197; x_wconf 77' lang='grc' dir='ltr'>παρὰ</span> <span class='ocrx_word' id='word_1_288' title='bbox 2891 1124 2988 1191; x_wconf 65' lang='grc' dir='ltr'>τῆς</span> <span class='ocrx_word' id='word_1_289' title='bbox 3049 1119 3473 1188; x_wconf 81' lang='grc' dir='ltr'>κατενεχθείσης</span> <span class='ocrx_word' id='word_1_290' title='bbox 3537 1113 3742 1168; x_wconf 69' lang='grc' dir='ltr'>ἄνευθεν</span> <span class='ocrx_word' id='word_1_291' title='bbox 3815 1127 3924 1175; x_wconf 75' lang='grc' dir='ltr'>φω-</span> 
     </span>
    </p>
   </div>
   <div class='ocr_carea' id='block_1_41' title="bbox 2346 1201 3930 1291">
    <p class='ocr_par' dir='ltr' id='par_1_41' title="bbox 2346 1201 3930 1291">
     <span class='ocr_line' id='line_1_41' title="bbox 2346 1201 3930 1291; baseline -0.015 -17"><span class='ocrx_word' id='word_1_292' title='bbox 2346 1223 2464 1291; x_wconf 81' lang='grc' dir='ltr'>νῆς,</span> <span class='ocrx_word' id='word_1_293' title='bbox 2491 1221 2574 1273; x_wconf 87' lang='grc' dir='ltr'><strong>δτι</strong></span> <span class='ocrx_word' id='word_1_294' title='bbox 2602 1212 2756 1280; x_wconf 74' lang='grc' dir='ltr'>οὗτος</span> <span class='ocrx_word' id='word_1_295' title='bbox 2789 1217 2916 1278; x_wconf 78' lang='grc' dir='ltr'>Υἱός</span> <span class='ocrx_word' id='word_1_296' title='bbox 2952 1216 3068 1267; x_wconf 71' lang='grc' dir='ltr'>ἐστι</span> <span class='ocrx_word' id='word_1_297' title='bbox 3110 1212 3202 1264; x_wconf 88' lang='grc' dir='ltr'><strong>τοῦ</strong></span> <span class='ocrx_word' id='word_1_298' title='bbox 3235 1208 3369 1263; x_wconf 86' lang='grc' dir='ltr'>Θεοῦ</span> <span class='ocrx_word' id='word_1_299' title='bbox 3416 1211 3512 1259; x_wconf 73' lang='grc' dir='ltr'>καὶ</span> <span class='ocrx_word' id='word_1_300' title='bbox 3549 1205 3763 1270; x_wconf 64' lang='grc' dir='ltr'>ἀγνοῶ-ι</span> <span class='ocrx_word' id='word_1_301' title='bbox 3794 1204 3874 1253; x_wconf 73' lang='grc' dir='ltr'>ὅτι</span> <span class='ocrx_word' id='word_1_302' title='bbox 3904 1201 3930 1250; x_wconf 79' lang='grc' dir='ltr'>ὁ</span> 
     </span>
    </p>
   </div>
   <div class='ocr_carea' id='block_1_42' title="bbox 2349 1289 3925 1375">
    <p class='ocr_par' dir='ltr' id='par_1_42' title="bbox 2349 1289 3925 1375">
     <span class='ocr_line' id='line_1_42' title="bbox 2349 1289 3925 1375; baseline -0.016 -10"><span class='ocrx_word' id='word_1_303' title='bbox 2349 1289 2477 1374; x_wconf 75' lang='grc' dir='ltr'>Υίὸς</span> <span class='ocrx_word' id='word_1_304' title='bbox 2507 1309 2600 1364; x_wconf 88' lang='grc' dir='ltr'><strong>τοῦ</strong></span> <span class='ocrx_word' id='word_1_305' title='bbox 2639 1307 2777 1361; x_wconf 82' lang='grc' dir='ltr'><strong>Θεοῦ</strong></span> <span class='ocrx_word' id='word_1_306' title='bbox 2822 1303 3273 1375; x_wconf 78' lang='grc' dir='ltr'>ὲνηνθρώπησενο</span> <span class='ocrx_word' id='word_1_307' title='bbox 3322 1296 3478 1350; x_wconf 79' lang='grc' dir='ltr'>ἔλαθε</span> <span class='ocrx_word' id='word_1_308' title='bbox 3527 1296 3636 1362; x_wconf 73' lang='grc' dir='ltr'>γὶιρ</span> <span class='ocrx_word' id='word_1_309' title='bbox 3692 1291 3854 1344; x_wconf 68' lang='grc' dir='ltr'>αὑτὸν</span> <span class='ocrx_word' id='word_1_310' title='bbox 3894 1289 3925 1357; x_wconf 72' lang='grc' dir='ltr'><strong>ἡ</strong></span> 
     </span>
    </p>
   </div>
   <div class='ocr_carea' id='block_1_43' title="bbox 2345 1384 3928 1477">
    <p class='ocr_par' dir='ltr' id='par_1_43' title="bbox 2345 1384 3928 1477">
     <span class='ocr_line' id='line_1_43' title="bbox 2345 1384 3928 1477; baseline -0.017 -18"><span class='ocrx_word' id='word_1_311' title='bbox 2345 1406 2653 1477; x_wconf 76' lang='grc' dir='ltr'>ἀπόρρητος</span> <span class='ocrx_word' id='word_1_312' title='bbox 2695 1399 2860 1453; x_wconf 81' lang='grc' dir='ltr'>αὐτοῦ</span> <span class='ocrx_word' id='word_1_313' title='bbox 2893 1395 3303 1464; x_wconf 82' lang='grc' dir='ltr'>ὲνανθρὼπησις</span> <span class='ocrx_word' id='word_1_314' title='bbox 3327 1408 3340 1418; x_wconf 90' lang='grc'><strong>·</strong></span> <span class='ocrx_word' id='word_1_315' title='bbox 3387 1387 3656 1442; x_wconf 80' lang='grc' dir='ltr'>ὑπέλαϐεν</span> <span class='ocrx_word' id='word_1_316' title='bbox 3688 1387 3792 1446; x_wconf 84' lang='grc' dir='ltr'>δτι,</span> <span class='ocrx_word' id='word_1_317' title='bbox 3835 1384 3928 1434; x_wconf 69' lang='grc' dir='ltr'><strong>ἄν·</strong></span> 
     </span>
    </p>
   </div>
   <div class='ocr_carea' id='block_1_44' title="bbox 2346 1475 3928 1565">
    <p class='ocr_par' dir='ltr' id='par_1_44' title="bbox 2346 1475 3928 1565">
     <span class='ocr_line' id='line_1_44' title="bbox 2346 1475 3928 1565; baseline -0.016 -17"><span class='ocrx_word' id='word_1_318' title='bbox 2346 1475 2563 1565; x_wconf 82' lang='grc' dir='ltr'>θρωπος</span> <span class='ocrx_word' id='word_1_319' title='bbox 2604 1493 2700 1556; x_wconf 84' lang='grc' dir='ltr'>ὢν,</span> <span class='ocrx_word' id='word_1_320' title='bbox 2747 1490 3035 1559; x_wconf 82' lang='grc' dir='ltr'>υίοθετήθη</span> <span class='ocrx_word' id='word_1_321' title='bbox 3080 1487 3157 1552; x_wconf 86' lang='grc' dir='ltr'>τῷ</span> <span class='ocrx_word' id='word_1_322' title='bbox 3199 1484 3316 1554; x_wconf 85' lang='grc' dir='ltr'>Θεῷ</span> <span class='ocrx_word' id='word_1_323' title='bbox 3348 1483 3435 1535; x_wconf 75' lang='grc' dir='ltr'><strong>διὰ</strong></span> <span class='ocrx_word' id='word_1_324' title='bbox 3460 1480 3559 1542; x_wconf 81' lang='grc' dir='ltr'><strong>τὰς</strong></span> <span class='ocrx_word' id='word_1_325' title='bbox 3603 1477 3802 1547; x_wconf 74' lang='grc' dir='ltr'>ἀρετὰς</span> <span class='ocrx_word' id='word_1_326' title='bbox 3834 1475 3928 1526; x_wconf 78' lang='grc' dir='ltr'>αῦ-</span> 
     </span>
    </p>
   </div>
   <div class='ocr_carea' id='block_1_45' title="bbox 2346 1565 3930 1652">
    <p class='ocr_par' dir='ltr' id='par_1_45' title="bbox 2346 1565 3930 1652">
     <span class='ocr_line' id='line_1_45' title="bbox 2346 1565 3930 1652; baseline -0.016 -10"><span class='ocrx_word' id='word_1_327' title='bbox 2346 1588 2471 1652; x_wconf 83' lang='grc' dir='ltr'>τοῦ,</span> <span class='ocrx_word' id='word_1_328' title='bbox 2532 1588 2625 1639; x_wconf 76' lang='grc' dir='ltr'>καὶ</span> <span class='ocrx_word' id='word_1_329' title='bbox 2675 1584 2859 1637; x_wconf 72' lang='grc' dir='ltr'>λοιπὸν</span> <span class='ocrx_word' id='word_1_330' title='bbox 2911 1579 3205 1648; x_wconf 76' lang='grc' dir='ltr'><strong>ἐφθόνησεν</strong></span> <span class='ocrx_word' id='word_1_331' title='bbox 3259 1573 3408 1642; x_wconf 73' lang='grc' dir='ltr'>αὐτῷ</span> <span class='ocrx_word' id='word_1_332' title='bbox 3449 1575 3546 1641; x_wconf 82' lang='grc' dir='ltr'>τῆς</span> <span class='ocrx_word' id='word_1_333' title='bbox 3597 1565 3930 1636; x_wconf 62' lang='grc' dir='ltr'>τηλικαύτης</span> 
     </span>
    </p>
   </div>
   <div class='ocr_carea' id='block_1_46' title="bbox 2346 1661 3933 1748">
    <p class='ocr_par' dir='ltr' id='par_1_46' title="bbox 2346 1661 3933 1748">
     <span class='ocr_line' id='line_1_46' title="bbox 2346 1661 3933 1748; baseline -0.014 -17"><span class='ocrx_word' id='word_1_334' title='bbox 2346 1681 2530 1748; x_wconf 74' lang='grc' dir='ltr'>τιμῆς,</span> <span class='ocrx_word' id='word_1_335' title='bbox 2553 1676 2742 1745; x_wconf 82' lang='grc' dir='ltr'>ὥσπερ</span> <span class='ocrx_word' id='word_1_336' title='bbox 2767 1673 2862 1726; x_wconf 77' lang='grc' dir='ltr'>καὶ</span> <span class='ocrx_word' id='word_1_337' title='bbox 2890 1673 2966 1742; x_wconf 82' lang='grc' dir='ltr'>τῷ</span> <span class='ocrx_word' id='word_1_338' title='bbox 2992 1669 3206 1738; x_wconf 85' lang='grc' dir='ltr'>παλαιῷ</span> <span class='ocrx_word' id='word_1_339' title='bbox 3236 1667 3428 1734; x_wconf 70' lang='grc' dir='ltr'>Ἀδὰμ,</span> <span class='ocrx_word' id='word_1_340' title='bbox 3449 1664 3544 1715; x_wconf 76' lang='grc' dir='ltr'>καὶ</span> <span class='ocrx_word' id='word_1_341' title='bbox 3561 1662 3825 1712; x_wconf 77' lang='grc' dir='ltr'>ἔσπευσεν</span> <span class='ocrx_word' id='word_1_342' title='bbox 3843 1661 3933 1709; x_wconf 76' lang='grc' dir='ltr'><strong>ἐκ·</strong></span> 
     </span>
    </p>
   </div>
   <div class='ocr_carea' id='block_1_47' title="bbox 2347 1754 3705 1830">
    <p class='ocr_par' dir='ltr' id='par_1_47' title="bbox 2347 1754 3705 1830">
     <span class='ocr_line' id='line_1_47' title="bbox 2347 1754 3705 1830; baseline -0.014 -9"><span class='ocrx_word' id='word_1_343' title='bbox 2347 1770 2529 1822; x_wconf 80' lang='grc' dir='ltr'>ϐαλεῖν</span> <span class='ocrx_word' id='word_1_344' title='bbox 2555 1771 2646 1820; x_wconf 77' lang='grc' dir='ltr'>καὶ</span> <span class='ocrx_word' id='word_1_345' title='bbox 2671 1766 2856 1818; x_wconf 82' lang='grc' dir='ltr'>τοῦτον</span> <span class='ocrx_word' id='word_1_346' title='bbox 2888 1761 3111 1830; x_wconf 80' lang='grc' dir='ltr'>ταύτης,</span> <span class='ocrx_word' id='word_1_347' title='bbox 3138 1759 3213 1822; x_wconf 85' lang='grc' dir='ltr'>ὡς</span> <span class='ocrx_word' id='word_1_348' title='bbox 3244 1758 3449 1810; x_wconf 75' lang='grc' dir='ltr'>ἐκεῖνον</span> <span class='ocrx_word' id='word_1_349' title='bbox 3470 1754 3705 1820; x_wconf 61' lang='grc' dir='ltr'>ὲκείνῃς.</span> 
     </span>
    </p>
   </div>
   <div class='ocr_carea' id='block_1_48' title="bbox 3375 1847 3932 1916">
    <p class='ocr_par' dir='ltr' id='par_1_48' title="bbox 3375 1847 3932 1916">
     <span class='ocr_line' id='line_1_48' title="bbox 3375 1847 3932 1916; baseline -0.013 -18"><span class='ocrx_word' id='word_1_350' title='bbox 3375 1847 3604 1916; x_wconf 78' lang='grc' dir='ltr'>πρώτην</span> <span class='ocrx_word' id='word_1_351' title='bbox 3665 1856 3932 1909; x_wconf 76' lang='grc' dir='ltr'>προσαγει</span> 
     </span>
    </p>
   </div>
   <div class='ocr_carea' id='block_1_49' title="bbox 2349 1930 3934 2020">
    <p class='ocr_par' dir='ltr' id='par_1_49' title="bbox 2349 1930 3934 2020">
     <span class='ocr_line' id='line_1_49' title="bbox 2349 1930 3934 2020; baseline -0.015 -17"><span class='ocrx_word' id='word_1_352' title='bbox 2349 1955 2566 2020; x_wconf 79' lang='grc' dir='ltr'>πεῖραν,</span> <span class='ocrx_word' id='word_1_353' title='bbox 2621 1948 2718 2018; x_wconf 75' lang='grc' dir='ltr'>τὴν</span> <span class='ocrx_word' id='word_1_354' title='bbox 2773 1942 3242 2015; x_wconf 67' lang='grc' dir='ltr'><strong>γαστριμαργίαν,</strong></span> <span class='ocrx_word' id='word_1_355' title='bbox 3296 1939 3364 1992; x_wconf 79' lang='grc' dir='ltr'>δι’</span> <span class='ocrx_word' id='word_1_356' title='bbox 3410 1933 3476 2008; x_wconf 71' lang='grc' dir='ltr'>ἧς</span> <span class='ocrx_word' id='word_1_357' title='bbox 3523 1930 3642 1986; x_wconf 77' lang='grc' dir='ltr'>εἷλε</span> <span class='ocrx_word' id='word_1_358' title='bbox 3695 1933 3788 1985; x_wconf 74' lang='grc' dir='ltr'><strong>καὶ</strong></span> <span class='ocrx_word' id='word_1_359' title='bbox 3849 1933 3934 1982; x_wconf 77' lang='grc' dir='ltr'>τὸν</span> 
     </span>
    </p>
   </div>
   <div class='ocr_carea' id='block_1_50' title="bbox 2349 2021 3931 2115">
    <p class='ocr_par' dir='ltr' id='par_1_50' title="bbox 2349 2021 3931 2115">
     <span class='ocr_line' id='line_1_50' title="bbox 2349 2021 3931 2115; baseline -0.015 -18"><span class='ocrx_word' id='word_1_360' title='bbox 2349 2045 2564 2115; x_wconf 83' lang='grc' dir='ltr'>πρῶτον</span> <span class='ocrx_word' id='word_1_361' title='bbox 2636 2040 2836 2110; x_wconf 80' lang='grc' dir='ltr'>Ἀδάμ’</span> <span class='ocrx_word' id='word_1_362' title='bbox 2893 2038 2987 2090; x_wconf 73' lang='grc' dir='ltr'>καὶ</span> <span class='ocrx_word' id='word_1_363' title='bbox 3034 2038 3155 2088; x_wconf 82' lang='grc' dir='ltr'><strong>ὲπεί</strong></span> <span class='ocrx_word' id='word_1_364' title='bbox 3190 2029 3430 2098; x_wconf 80' lang='grc' dir='ltr'>οὐδαμοῦ</span> <span class='ocrx_word' id='word_1_365' title='bbox 3485 2027 3688 2098; x_wconf 74' lang='grc' dir='ltr'>βρῶσις</span> <span class='ocrx_word' id='word_1_366' title='bbox 3720 2021 3811 2093; x_wconf 77' lang='grc' dir='ltr'>ἦν,</span> <span class='ocrx_word' id='word_1_367' title='bbox 3847 2024 3931 2074; x_wconf 66' lang='grc' dir='ltr'>διὰ</span> 
     </span>
    </p>
   </div>
   <div class='ocr_carea' id='block_1_51' title="bbox 2347 2118 3934 2207">
    <p class='ocr_par' dir='ltr' id='par_1_51' title="bbox 2347 2118 3934 2207">
     <span class='ocr_line' id='line_1_51' title="bbox 2347 2118 3934 2207; baseline -0.018 -15"><span class='ocrx_word' id='word_1_368' title='bbox 2347 2141 2444 2207; x_wconf 78' lang='grc' dir='ltr'>τὴν</span> <span class='ocrx_word' id='word_1_369' title='bbox 2469 2139 2607 2203; x_wconf 80' lang='grc' dir='ltr'>ᾶγαν</span> <span class='ocrx_word' id='word_1_370' title='bbox 2642 2133 2900 2205; x_wconf 69' lang='grc' dir='ltr'>ἐρημίαν,</span> <span class='ocrx_word' id='word_1_371' title='bbox 2934 2128 3202 2197; x_wconf 74' lang='grc' dir='ltr'><strong>ἐγίνωσκε</strong></span> <span class='ocrx_word' id='word_1_372' title='bbox 3257 2125 3314 2177; x_wconf 85' lang='grc' dir='ltr'>δὲ</span> <span class='ocrx_word' id='word_1_373' title='bbox 3347 2125 3414 2190; x_wconf 78' lang='grc' dir='ltr'><strong>τῇ</strong></span> <span class='ocrx_word' id='word_1_374' title='bbox 3459 2121 3620 2190; x_wconf 73' lang='grc' dir='ltr'>πείνῃ</span> <span class='ocrx_word' id='word_1_375' title='bbox 3647 2118 3934 2207; x_wconf 15' lang='grc' dir='ltr'>τῦνλᾶρτον</span> 
     </span>
    </p>
   </div>
   <div class='ocr_carea' id='block_1_52' title="bbox 2351 2205 3935 2294">
    <p class='ocr_par' dir='ltr' id='par_1_52' title="bbox 2351 2205 3935 2294">
     <span class='ocr_line' id='line_1_52' title="bbox 2351 2205 3935 2294; baseline -0.018 -13"><span class='ocrx_word' id='word_1_376' title='bbox 2351 2205 2492 2282; x_wconf 77' lang='grc' dir='ltr'>εἶναι</span> <span class='ocrx_word' id='word_1_377' title='bbox 2526 2223 2885 2294; x_wconf 79' lang='grc' dir='ltr'><strong>κατάλληλον,</strong></span> <span class='ocrx_word' id='word_1_378' title='bbox 2913 2220 3075 2281; x_wconf 75' lang='grc' dir='ltr'>αὐτὸς</span> <span class='ocrx_word' id='word_1_379' title='bbox 3109 2216 3209 2286; x_wconf 83' lang='grc' dir='ltr'>μὲν</span> <span class='ocrx_word' id='word_1_380' title='bbox 3231 2215 3290 2266; x_wconf 74' lang='grc' dir='ltr'>οὐ</span> <span class='ocrx_word' id='word_1_381' title='bbox 3323 2211 3651 2278; x_wconf 65' lang='grc' dir='ltr'>προσφέρει,</span> <span class='ocrx_word' id='word_1_382' title='bbox 3680 2205 3816 2257; x_wconf 79' lang='grc' dir='ltr'>διότι</span> <span class='ocrx_word' id='word_1_383' title='bbox 3836 2205 3935 2255; x_wconf 67' lang='grc' dir='ltr'>οὐκ</span> 
     </span>
    </p>
   </div>
   <div class='ocr_carea' id='block_1_53' title="bbox 2349 2294 3935 2387">
    <p class='ocr_par' dir='ltr' id='par_1_53' title="bbox 2349 2294 3935 2387">
     <span class='ocr_line' id='line_1_53' title="bbox 2349 2294 3935 2387; baseline -0.017 -18"><span class='ocrx_word' id='word_1_384' title='bbox 2349 2317 2572 2387; x_wconf 76' lang='grc' dir='ltr'>ἔμελλεν</span> <span class='ocrx_word' id='word_1_385' title='bbox 2606 2314 2768 2367; x_wconf 77' lang='grc' dir='ltr'>αὑτὸν</span> <span class='ocrx_word' id='word_1_386' title='bbox 2793 2310 2941 2379; x_wconf 69' lang='grc' dir='ltr'>παρὰ</span> <span class='ocrx_word' id='word_1_387' title='bbox 2966 2307 3059 2362; x_wconf 82' lang='grc' dir='ltr'><strong>τοῦ</strong></span> <span class='ocrx_word' id='word_1_388' title='bbox 3099 2303 3358 2373; x_wconf 77' lang='grc' dir='ltr'>πολεμίου</span> <span class='ocrx_word' id='word_1_389' title='bbox 3393 2301 3580 2353; x_wconf 83' lang='grc' dir='ltr'>λαϐεῖν</span> <span class='ocrx_word' id='word_1_390' title='bbox 3620 2299 3647 2349; x_wconf 80' lang='grc' dir='ltr'><strong>ό</strong></span> <span class='ocrx_word' id='word_1_391' title='bbox 3676 2294 3935 2366; x_wconf 73' lang='grc' dir='ltr'>Χριστὸς,</span> 
     </span>
    </p>
   </div>
   <div class='ocr_carea' id='block_1_54' title="bbox 2349 2385 3936 2470">
    <p class='ocr_par' dir='ltr' id='par_1_54' title="bbox 2349 2385 3936 2470">
     <span class='ocr_line' id='line_1_54' title="bbox 2349 2385 3936 2470; baseline -0.018 -9"><span class='ocrx_word' id='word_1_392' title='bbox 2349 2410 2632 2461; x_wconf 73' lang='grc' dir='ltr'><strong>ἐπιτάττει</strong></span> <span class='ocrx_word' id='word_1_393' title='bbox 2670 2405 2726 2456; x_wconf 79' lang='grc' dir='ltr'>δὲ</span> <span class='ocrx_word' id='word_1_394' title='bbox 2776 2401 2948 2470; x_wconf 78' lang='grc' dir='ltr'>αὐτῷ,</span> <span class='ocrx_word' id='word_1_395' title='bbox 3009 2399 3234 2466; x_wconf 77' lang='grc' dir='ltr'>ποιῆσαι</span> <span class='ocrx_word' id='word_1_396' title='bbox 3287 2393 3412 2454; x_wconf 81' lang='grc' dir='ltr'>τοὺς</span> <span class='ocrx_word' id='word_1_397' title='bbox 3446 2385 3936 2454; x_wconf 74' lang='grc' dir='ltr'>ὑποδεικνυμὲνςυς</span> 
     </span>
    </p>
   </div>
   <div class='ocr_carea' id='block_1_55' title="bbox 2348 2479 3936 2568">
    <p class='ocr_par' dir='ltr' id='par_1_55' title="bbox 2348 2479 3936 2568">
     <span class='ocr_line' id='line_1_55' title="bbox 2348 2479 3936 2568; baseline -0.018 -14"><span class='ocrx_word' id='word_1_398' title='bbox 2348 2502 2550 2564; x_wconf 79' lang='grc' dir='ltr'>λίθους.</span> <span class='ocrx_word' id='word_1_399' title='bbox 2583 2501 2783 2568; x_wconf 78' lang='grc' dir='ltr'>ἄρτους</span> <span class='ocrx_word' id='word_1_400' title='bbox 2804 2514 2818 2527; x_wconf 93' lang='grc'><strong>·</strong></span> <span class='ocrx_word' id='word_1_401' title='bbox 2860 2496 2952 2548; x_wconf 72' lang='grc' dir='ltr'>καὶ</span> <span class='ocrx_word' id='word_1_402' title='bbox 2983 2494 3071 2545; x_wconf 81' lang='grc' dir='ltr'>ἵνα</span> <span class='ocrx_word' id='word_1_403' title='bbox 3123 2491 3197 2561; x_wconf 79' lang='grc' dir='ltr'>μὴ</span> <span class='ocrx_word' id='word_1_404' title='bbox 3228 2491 3404 2558; x_wconf 72' lang='grc' dir='ltr'>νοήσῃ</span> <span class='ocrx_word' id='word_1_405' title='bbox 3448 2486 3546 2555; x_wconf 74' lang='grc' dir='ltr'>τὴν</span> <span class='ocrx_word' id='word_1_406' title='bbox 3585 2479 3879 2546; x_wconf 70' lang='grc' dir='ltr'>ἐπιίουλὴν</span> <span class='ocrx_word' id='word_1_407' title='bbox 3911 2480 3936 2525; x_wconf 73' lang='grc' dir='ltr'>ὁ</span> 
     </span>
    </p>
   </div>
   <div class='ocr_carea' id='block_1_56' title="bbox 2351 2573 3935 2664">
    <p class='ocr_par' dir='ltr' id='par_1_56' title="bbox 2351 2573 3935 2664">
     <span class='ocr_line' id='line_1_56' title="bbox 2351 2573 3935 2664; baseline -0.016 -18"><span class='ocrx_word' id='word_1_408' title='bbox 2351 2593 2608 2664; x_wconf 71' lang='grc' dir='ltr'>Χριστὸς,</span> <span class='ocrx_word' id='word_1_409' title='bbox 2669 2591 2771 2659; x_wconf 87' lang='grc' dir='ltr'><strong>δρα</strong></span> <span class='ocrx_word' id='word_1_410' title='bbox 2817 2586 3068 2658; x_wconf 70' lang='grc' dir='ltr'>μηχανὴν</span> <span class='ocrx_word' id='word_1_411' title='bbox 3121 2583 3217 2636; x_wconf 78' lang='grc' dir='ltr'>καὶ</span> <span class='ocrx_word' id='word_1_412' title='bbox 3271 2578 3541 2649; x_wconf 75' lang='grc' dir='ltr'>πονηρίας</span> <span class='ocrx_word' id='word_1_413' title='bbox 3591 2573 3935 2643; x_wconf 68' lang='grc' dir='ltr'>ὑπερϐολήν·</span> 
     </span>
    </p>
   </div>
   <div class='ocr_carea' id='block_1_57' title="bbox 2349 2667 3936 2743">
    <p class='ocr_par' dir='ltr' id='par_1_57' title="bbox 2349 2667 3936 2743">
     <span class='ocr_line' id='line_1_57' title="bbox 2349 2667 3936 2743; baseline -0.013 -8"><span class='ocrx_word' id='word_1_414' title='bbox 2349 2688 2449 2737; x_wconf 83' lang='grc' dir='ltr'>οὐκ</span> <span class='ocrx_word' id='word_1_415' title='bbox 2486 2679 2636 2735; x_wconf 77' lang='grc' dir='ltr'>εἶπεν</span> <span class='ocrx_word' id='word_1_416' title='bbox 2666 2679 2853 2742; x_wconf 82' lang='grc' dir='ltr'>ἁπλῶς</span> <span class='ocrx_word' id='word_1_417' title='bbox 2888 2682 2991 2741; x_wconf 81' lang='grc' dir='ltr'>ὅτι,</span> <span class='ocrx_word' id='word_1_418' title='bbox 3035 2677 3268 2743; x_wconf 81' lang='grc' dir='ltr'>Ποίησον</span> <span class='ocrx_word' id='word_1_419' title='bbox 3303 2674 3430 2734; x_wconf 75' lang='grc' dir='ltr'>τοὺς</span> <span class='ocrx_word' id='word_1_420' title='bbox 3474 2669 3654 2730; x_wconf 74' lang='grc' dir='ltr'>λίθους</span> <span class='ocrx_word' id='word_1_421' title='bbox 3715 2667 3936 2736; x_wconf 79' lang='grc' dir='ltr'>ἄρτους.</span> 
     </span>
    </p>
   </div>
   <div class='ocr_carea' id='block_1_58' title="bbox 2349 2757 3936 2844">
    <p class='ocr_par' dir='ltr' id='par_1_58' title="bbox 2349 2757 3936 2844">
     <span class='ocr_line' id='line_1_58' title="bbox 2349 2757 3936 2844; baseline -0.008 -14"><span class='ocrx_word' id='word_1_422' title='bbox 2349 2777 2484 2830; x_wconf 77' lang='grc' dir='ltr'>ἀλλὰ</span> <span class='ocrx_word' id='word_1_423' title='bbox 2521 2775 2786 2844; x_wconf 76' lang='grc' dir='ltr'>προέταξε</span> <span class='ocrx_word' id='word_1_424' title='bbox 2823 2773 2883 2824; x_wconf 82' lang='grc' dir='ltr'><strong>τό</strong></span> <span class='ocrx_word' id='word_1_425' title='bbox 2904 2787 2918 2801; x_wconf 79' lang='grc'><em>’</em></span> <span class='ocrx_word' id='word_1_426' title='bbox 2979 2773 3048 2824; x_wconf 79' lang='grc' dir='ltr'><strong>Εἰ</strong></span> <span class='ocrx_word' id='word_1_427' title='bbox 3080 2770 3214 2832; x_wconf 66' lang='grc' dir='ltr'><strong>Υἱὸς</strong></span> <span class='ocrx_word' id='word_1_428' title='bbox 3240 2762 3296 2820; x_wconf 76' lang='grc' dir='ltr'>εἶ</span> <span class='ocrx_word' id='word_1_429' title='bbox 3323 2765 3426 2817; x_wconf 76' lang='grc' dir='ltr'><strong>τοῦ</strong></span> <span class='ocrx_word' id='word_1_430' title='bbox 3458 2762 3631 2824; x_wconf 81' lang='grc' dir='ltr'>Θεοῦ,</span> <span class='ocrx_word' id='word_1_431' title='bbox 3665 2760 3750 2812; x_wconf 87' lang='grc' dir='ltr'><strong>ῖνα</strong></span> <span class='ocrx_word' id='word_1_432' title='bbox 3788 2757 3936 2825; x_wconf 68' lang='grc' dir='ltr'>δόξῃ.</span> 
     </span>
    </p>
   </div>
   <div class='ocr_carea' id='block_1_59' title="bbox 2347 2850 3937 2936">
    <p class='ocr_par' dir='ltr' id='par_1_59' title="bbox 2347 2850 3937 2936">
     <span class='ocr_line' id='line_1_59' title="bbox 2347 2850 3937 2936; baseline -0.014 -16"><span class='ocrx_word' id='word_1_433' title='bbox 2347 2869 2426 2920; x_wconf 80' lang='grc' dir='ltr'>ὅτι</span> <span class='ocrx_word' id='word_1_434' title='bbox 2460 2868 2596 2936; x_wconf 77' lang='grc' dir='ltr'>πρὸς</span> <span class='ocrx_word' id='word_1_435' title='bbox 2621 2862 2898 2926; x_wconf 68' lang='grc' dir='ltr'>ἀπόδειξιν</span> <span class='ocrx_word' id='word_1_436' title='bbox 2946 2861 3041 2914; x_wconf 90' lang='grc' dir='ltr'><strong>τοῦ</strong></span> <span class='ocrx_word' id='word_1_437' title='bbox 3071 2855 3210 2911; x_wconf 76' lang='grc' dir='ltr'>εἶναι</span> <span class='ocrx_word' id='word_1_438' title='bbox 3240 2857 3404 2912; x_wconf 71' lang='grc' dir='ltr'>αὐτὸν</span> <span class='ocrx_word' id='word_1_439' title='bbox 3436 2853 3565 2905; x_wconf 79' lang='grc' dir='ltr'>Υίὸν</span> <span class='ocrx_word' id='word_1_440' title='bbox 3604 2851 3742 2903; x_wconf 83' lang='grc' dir='ltr'>Θεοῦ</span> <span class='ocrx_word' id='word_1_441' title='bbox 3781 2850 3937 2916; x_wconf 74' lang='grc' dir='ltr'>ζητεῖ</span> 
     </span>
    </p>
   </div>
   <div class='ocr_carea' id='block_1_60' title="bbox 2346 2942 3936 3027">
    <p class='ocr_par' dir='ltr' id='par_1_60' title="bbox 2346 2942 3936 3027">
     <span class='ocr_line' id='line_1_60' title="bbox 2346 2942 3936 3027; baseline -0.013 -16"><span class='ocrx_word' id='word_1_442' title='bbox 2346 2959 2601 3027; x_wconf 75' lang='grc' dir='ltr'>γενέσθαι</span> <span class='ocrx_word' id='word_1_443' title='bbox 2654 2958 2752 3026; x_wconf 74' lang='grc' dir='ltr'>τὴν</span> <span class='ocrx_word' id='word_1_444' title='bbox 2804 2954 3171 3024; x_wconf 82' lang='grc' dir='ltr'>μεταποίησιν</span> <span class='ocrx_word' id='word_1_445' title='bbox 3233 2949 3343 3001; x_wconf 86' lang='grc' dir='ltr'>τῶν</span> <span class='ocrx_word' id='word_1_446' title='bbox 3395 2946 3559 2999; x_wconf 81' lang='grc' dir='ltr'>λίθων</span> <span class='ocrx_word' id='word_1_447' title='bbox 3602 2946 3681 3006; x_wconf 81' lang='grc' dir='ltr'><strong>εἰς</strong></span> <span class='ocrx_word' id='word_1_448' title='bbox 3715 2942 3936 3011; x_wconf 73' lang='grc' dir='ltr'>ἄρτους.</span> 
     </span>
    </p>
   </div>
   <div class='ocr_carea' id='block_1_61' title="bbox 2353 3037 3936 3124">
    <p class='ocr_par' dir='ltr' id='par_1_61' title="bbox 2353 3037 3936 3124">
     <span class='ocr_line' id='line_1_61' title="bbox 2353 3037 3936 3124; baseline -0.013 -19"><span class='ocrx_word' id='word_1_449' title='bbox 2353 3056 2512 3124; x_wconf 78' lang='grc' dir='ltr'>’ῼετο</span> <span class='ocrx_word' id='word_1_450' title='bbox 2539 3054 2672 3120; x_wconf 85' lang='grc' dir='ltr'>γὰρ,</span> <span class='ocrx_word' id='word_1_451' title='bbox 2698 3053 2780 3103; x_wconf 86' lang='grc' dir='ltr'>ὃτι</span> <span class='ocrx_word' id='word_1_452' title='bbox 2810 3046 3324 3117; x_wconf 79' lang='grc' dir='ltr'>παρακνισθήσεται</span> <span class='ocrx_word' id='word_1_453' title='bbox 3350 3041 3429 3112; x_wconf 80' lang='grc' dir='ltr'>τῷ</span> <span class='ocrx_word' id='word_1_454' title='bbox 3468 3041 3639 3109; x_wconf 77' lang='grc' dir='ltr'>λόγῳ,</span> <span class='ocrx_word' id='word_1_455' title='bbox 3681 3037 3936 3103; x_wconf 72' lang='grc' dir='ltr'>καθάπερ</span> 
     </span>
    </p>
   </div>
   <div class='ocr_carea' id='block_1_62' title="bbox 2347 3129 3933 3210">
    <p class='ocr_par' dir='ltr' id='par_1_62' title="bbox 2347 3129 3933 3210">
     <span class='ocr_line' id='line_1_62' title="bbox 2347 3129 3933 3210; baseline -0.011 -12"><span class='ocrx_word' id='word_1_456' title='bbox 2347 3145 2666 3207; x_wconf 75' lang='grc' dir='ltr'>ὀνειδισθεὶς</span> <span class='ocrx_word' id='word_1_457' title='bbox 2699 3143 2792 3195; x_wconf 74' lang='grc' dir='ltr'><strong>ἐπὶ</strong></span> <span class='ocrx_word' id='word_1_458' title='bbox 2828 3141 2903 3210; x_wconf 82' lang='grc' dir='ltr'>τῷ</span> <span class='ocrx_word' id='word_1_459' title='bbox 2943 3141 3018 3208; x_wconf 84' lang='grc' dir='ltr'>μὴ</span> <span class='ocrx_word' id='word_1_460' title='bbox 3055 3134 3196 3190; x_wconf 76' lang='grc' dir='ltr'>εἶναι</span> <span class='ocrx_word' id='word_1_461' title='bbox 3233 3136 3359 3196; x_wconf 76' lang='grc' dir='ltr'>Υἱὸς</span> <span class='ocrx_word' id='word_1_462' title='bbox 3387 3134 3546 3198; x_wconf 88' lang='grc' dir='ltr'>Θεοῦ,</span> <span class='ocrx_word' id='word_1_463' title='bbox 3591 3132 3686 3184; x_wconf 77' lang='grc' dir='ltr'>καὶ</span> <span class='ocrx_word' id='word_1_464' title='bbox 3716 3129 3933 3198; x_wconf 83' lang='grc' dir='ltr'>ἀγνοῶν</span> 
     </span>
    </p>
   </div>
   <div class='ocr_carea' id='block_1_63' title="bbox 667 3204 2238 3303">
    <p class='ocr_par' dir='ltr' id='par_1_63' title="bbox 667 3204 2238 3298">
     <span class='ocr_line' id='line_1_63' title="bbox 667 3204 2238 3298; baseline 0.001 -17"><span class='ocrx_word' id='word_1_465' title='bbox 667 3227 813 3290; x_wconf 88' lang='lat' dir='ltr'><strong>dolo,</strong></span> <span class='ocrx_word' id='word_1_466' title='bbox 838 3225 1039 3295; x_wconf 89' lang='lat' dir='ltr'><strong>lapides</strong></span> <span class='ocrx_word' id='word_1_467' title='bbox 1062 3226 1116 3279; x_wconf 91' lang='lat' dir='ltr'><strong>in</strong></span> <span class='ocrx_word' id='word_1_468' title='bbox 1141 3240 1310 3294; x_wconf 86' lang='lat' dir='ltr'><strong>panes</strong></span> <span class='ocrx_word' id='word_1_469' title='bbox 1351 3225 1722 3291; x_wconf 81' lang='lat' dir='ltr'><strong>transformct,</strong></span> <span class='ocrx_word' id='word_1_470' title='bbox 1743 3239 1966 3297; x_wconf 86' lang='lat' dir='ltr'><strong>accepta</strong></span> <span class='ocrx_word' id='word_1_471' title='bbox 1983 3204 2129 3282; x_wconf 75' lang='lat' dir='ltr'><strong>certe</strong></span> <span class='ocrx_word' id='word_1_472' title='bbox 2156 3231 2238 3298; x_wconf 69' lang='grc' dir='ltr'><strong>(π)</strong></span> 
     </span>
    </p>
   </div>
   <div class='ocr_carea' id='block_1_64' title="bbox 2347 3204 3937 3303">
    <p class='ocr_par' dir='ltr' id='par_1_64' title="bbox 2347 3204 3937 3303">
     <span class='ocr_line' id='line_1_64' title="bbox 2347 3204 3937 3303; baseline -0.012 -13"><span class='ocrx_word' id='word_1_473' title='bbox 2347 3238 2435 3297; x_wconf 74' lang='grc' dir='ltr'>τὸν</span> <span class='ocrx_word' id='word_1_474' title='bbox 2468 3204 2661 3300; x_wconf 58' lang='grc' dir='ltr'>δόλον,</span> <span class='ocrx_word' id='word_1_475' title='bbox 2710 3204 3018 3303; x_wconf 76' lang='grc' dir='ltr'>μεταϐαλεῖ</span> <span class='ocrx_word' id='word_1_476' title='bbox 3053 3231 3180 3292; x_wconf 82' lang='grc' dir='ltr'>τοῦς</span> <span class='ocrx_word' id='word_1_477' title='bbox 3223 3227 3536 3290; x_wconf 78' lang='grc' dir='ltr'>λίθουςεξς</span> <span class='ocrx_word' id='word_1_478' title='bbox 3594 3225 3818 3295; x_wconf 79' lang='grc' dir='ltr'>ἄρτους,</span> <span class='ocrx_word' id='word_1_479' title='bbox 3865 3223 3937 3282; x_wconf 79' lang='grc' dir='ltr'>ὼς</span> 
     </span>
    </p>
   </div>
   <div class='ocr_carea' id='block_1_65' title="bbox 669 3319 2239 3388">
    <p class='ocr_par' dir='ltr' id='par_1_65' title="bbox 669 3319 2239 3388">
     <span class='ocr_line' id='line_1_65' title="bbox 669 3319 2239 3388; baseline -0.001 -15"><span class='ocrx_word' id='word_1_480' title='bbox 669 3335 696 3372; x_wconf 91' lang='lat' dir='ltr'><strong>a</strong></span> <span class='ocrx_word' id='word_1_481' title='bbox 739 3320 845 3372; x_wconf 87' lang='lat' dir='ltr'><strong>Deo</strong></span> <span class='ocrx_word' id='word_1_482' title='bbox 889 3327 1153 3387; x_wconf 87' lang='lat' dir='ltr'><strong>potestate</strong></span> <span class='ocrx_word' id='word_1_483' title='bbox 1184 3332 1285 3382; x_wconf 86' lang='lat' dir='ltr'><strong>;ac</strong></span> <span class='ocrx_word' id='word_1_484' title='bbox 1313 3319 1653 3387; x_wconf 87' lang='lat' dir='ltr'><strong>postmodum</strong></span> <span class='ocrx_word' id='word_1_485' title='bbox 1704 3319 1894 3372; x_wconf 84' lang='lat' dir='ltr'><strong>videns</strong></span> <span class='ocrx_word' id='word_1_486' title='bbox 1925 3319 2034 3387; x_wconf 87' lang='lat' dir='ltr'><strong>jam</strong></span> <span class='ocrx_word' id='word_1_487' title='bbox 2073 3320 2239 3388; x_wconf 89' lang='lat' dir='ltr'><strong>ipsos,</strong></span> 
     </span>
    </p>
   </div>
   <div class='ocr_carea' id='block_1_66' title="bbox 668 3409 2241 3479">
    <p class='ocr_par' dir='ltr' id='par_1_66' title="bbox 668 3409 2241 3479">
     <span class='ocr_line' id='line_1_66' title="bbox 668 3409 2241 3479; baseline -0.001 -17"><span class='ocrx_word' id='word_1_488' title='bbox 668 3425 866 3479; x_wconf 82' lang='lat' dir='ltr'><strong>magna</strong></span> <span class='ocrx_word' id='word_1_489' title='bbox 913 3419 1174 3461; x_wconf 87' lang='lat' dir='ltr'><strong>attractus</strong></span> <span class='ocrx_word' id='word_1_490' title='bbox 1209 3410 1412 3469; x_wconf 85' lang='lat' dir='ltr'><strong>esuric,</strong></span> <span class='ocrx_word' id='word_1_491' title='bbox 1438 3409 1744 3477; x_wconf 88' lang='lat' dir='ltr'><strong>dejiciatur.</strong></span> <span class='ocrx_word' id='word_1_492' title='bbox 1774 3409 1878 3461; x_wconf 81' lang='lat' dir='ltr'><strong>Sed</strong></span> <span class='ocrx_word' id='word_1_493' title='bbox 1931 3427 2035 3461; x_wconf 88' lang='lat' dir='ltr'><strong>non</strong></span> <span class='ocrx_word' id='word_1_494' title='bbox 2089 3412 2241 3462; x_wconf 55' lang='lat' dir='ltr'><strong>latuit</strong></span> 
     </span>
    </p>
   </div>
   <div class='ocr_carea' id='block_1_67' title="bbox 666 3498 2238 3568">
    <p class='ocr_par' dir='ltr' id='par_1_67' title="bbox 666 3498 2238 3568">
     <span class='ocr_line' id='line_1_67' title="bbox 666 3498 2238 3568; baseline -0.001 -15"><span class='ocrx_word' id='word_1_495' title='bbox 666 3503 850 3564; x_wconf 90' lang='lat' dir='ltr'><strong>illum,</strong></span> <span class='ocrx_word' id='word_1_496' title='bbox 909 3499 1000 3568; x_wconf 86' lang='lat' dir='ltr'><strong>qui</strong></span> <span class='ocrx_word' id='word_1_497' title='bbox 1065 3498 1340 3568; x_wconf 85' lang='lat' dir='ltr'><strong>sapientes</strong></span> <span class='ocrx_word' id='word_1_498' title='bbox 1419 3501 1833 3567; x_wconf 80' lang='lat' dir='ltr'><strong>comprehcndit</strong></span> <span class='ocrx_word' id='word_1_499' title='bbox 1915 3503 1966 3550; x_wconf 88' lang='lat' dir='ltr'><strong>in</strong></span> <span class='ocrx_word' id='word_1_500' title='bbox 2041 3505 2238 3553; x_wconf 87' lang='lat' dir='ltr'><strong>astutia</strong></span> 
     </span>
    </p>
   </div>
   <div class='ocr_carea' id='block_1_68' title="bbox 665 3592 868 3646">
    <p class='ocr_par' dir='ltr' id='par_1_68' title="bbox 665 3592 868 3646">
     <span class='ocr_line' id='line_1_68' title="bbox 665 3592 868 3646; baseline -0.02 0"><span class='ocrx_word' id='word_1_501' title='bbox 665 3608 762 3646; x_wconf 88' lang='lat' dir='ltr'><strong>sua</strong></span> <span class='ocrx_word' id='word_1_502' title='bbox 805 3592 868 3642; x_wconf 77' lang='lat'><strong>°’.</strong></span> 
     </span>
    </p>
   </div>
   <div class='ocr_carea' id='block_1_69' title="bbox 739 3682 2237 3748">
    <p class='ocr_par' dir='ltr' id='par_1_69' title="bbox 739 3682 2237 3748">
     <span class='ocr_line' id='line_1_69' title="bbox 739 3682 2237 3748; baseline 0 -12"><span class='ocrx_word' id='word_1_503' title='bbox 739 3683 893 3738; x_wconf 81' lang='lat' dir='ltr'><strong>V&#39;ers.</strong></span> <span class='ocrx_word' id='word_1_504' title='bbox 919 3682 972 3738; x_wconf 76' lang='grc' dir='ltr'><strong>ι.</strong></span> <span class='ocrx_word' id='word_1_505' title='bbox 1053 3682 1155 3747; x_wconf 85' lang='lat' dir='ltr'><strong>Qui</strong></span> <span class='ocrx_word' id='word_1_506' title='bbox 1188 3711 1250 3724; x_wconf 91' lang='lat'><strong><em>—</em></strong></span> <span class='ocrx_word' id='word_1_507' title='bbox 1287 3682 1394 3736; x_wconf 78' lang='lat' dir='ltr'><strong>Dei.</strong></span> <span class='ocrx_word' id='word_1_508' title='bbox 1430 3683 1704 3736; x_wconf 86' lang='lat' dir='ltr'><strong>Intellecta</strong></span> <span class='ocrx_word' id='word_1_509' title='bbox 1786 3683 1930 3736; x_wconf 88' lang='lat' dir='ltr'><strong>illius</strong></span> <span class='ocrx_word' id='word_1_510' title='bbox 1996 3687 2194 3738; x_wconf 87' lang='lat' dir='ltr'><strong>astutia</strong></span> <span class='ocrx_word' id='word_1_511' title='bbox 2221 3723 2237 3748; x_wconf 91' lang='lat'><strong>,</strong></span> 
     </span>
    </p>
   </div>
   <div class='ocr_carea' id='block_1_70' title="bbox 667 3767 2242 3843">
    <p class='ocr_par' dir='ltr' id='par_1_70' title="bbox 667 3767 2242 3843">
     <span class='ocr_line' id='line_1_70' title="bbox 667 3767 2242 3843; baseline 0 -17"><span class='ocrx_word' id='word_1_512' title='bbox 667 3773 880 3843; x_wconf 77' lang='lat' dir='ltr'><strong>signum</strong></span> <span class='ocrx_word' id='word_1_513' title='bbox 911 3787 1021 3826; x_wconf 88' lang='lat' dir='ltr'><strong>non</strong></span> <span class='ocrx_word' id='word_1_514' title='bbox 1055 3767 1224 3824; x_wconf 89' lang='lat' dir='ltr'><strong>edidit</strong></span> <span class='ocrx_word' id='word_1_515' title='bbox 1256 3771 1600 3840; x_wconf 89' lang='lat' dir='ltr'><strong>requisitum.</strong></span> <span class='ocrx_word' id='word_1_516' title='bbox 1634 3771 1768 3825; x_wconf 78' lang='lat' dir='ltr'><strong>Nam</strong></span> <span class='ocrx_word' id='word_1_517' title='bbox 1806 3774 1956 3843; x_wconf 78' lang='lat' dir='ltr'><strong>signa</strong></span> <span class='ocrx_word' id='word_1_518' title='bbox 1998 3775 2063 3827; x_wconf 89' lang='lat' dir='ltr'><strong>ad</strong></span> <span class='ocrx_word' id='word_1_519' title='bbox 2093 3790 2242 3827; x_wconf 89' lang='lat' dir='ltr'><strong>com-</strong></span> 
     </span>
    </p>
   </div>
   <div class='ocr_carea' id='block_1_71' title="bbox 671 3862 2240 3922">
    <p class='ocr_par' dir='ltr' id='par_1_71' title="bbox 671 3862 2240 3922">
     <span class='ocr_line' id='line_1_71' title="bbox 671 3862 2240 3922; baseline 0.003 -5"><span class='ocrx_word' id='word_1_520' title='bbox 671 3867 890 3918; x_wconf 91' lang='lat' dir='ltr'><strong>modum</strong></span> <span class='ocrx_word' id='word_1_521' title='bbox 952 3862 1306 3916; x_wconf 61' lang='lat' dir='ltr'><strong>intuentium?</strong></span> <span class='ocrx_word' id='word_1_522' title='bbox 1343 3864 1459 3916; x_wconf 88' lang='lat' dir='ltr'><strong>lieri</strong></span> <span class='ocrx_word' id='word_1_523' title='bbox 1513 3877 1956 3917; x_wconf 85' lang='lat' dir='ltr'><strong>consueverunt:</strong></span> <span class='ocrx_word' id='word_1_524' title='bbox 1992 3867 2240 3922; x_wconf 80' lang='lat' dir='ltr'><strong>diabolus</strong></span> 
     </span>
    </p>
   </div>
   <div class='ocr_carea' id='block_1_72' title="bbox 665 3957 2236 4017">
    <p class='ocr_par' dir='ltr' id='par_1_72' title="bbox 665 3957 2236 4017">
     <span class='ocr_line' id='line_1_72' title="bbox 665 3957 2236 4017; baseline 0.001 -3"><span class='ocrx_word' id='word_1_525' title='bbox 665 3970 844 4014; x_wconf 83' lang='lat' dir='ltr'><strong>autem</strong></span> <span class='ocrx_word' id='word_1_526' title='bbox 880 3959 1080 4012; x_wconf 90' lang='lat' dir='ltr'><strong>nullam</strong></span> <span class='ocrx_word' id='word_1_527' title='bbox 1112 3959 1238 4012; x_wconf 88' lang='lat' dir='ltr'><strong>inde</strong></span> <span class='ocrx_word' id='word_1_528' title='bbox 1263 3957 1531 4012; x_wconf 87' lang='lat' dir='ltr'><strong>relaturus</strong></span> <span class='ocrx_word' id='word_1_529' title='bbox 1553 3969 1670 4012; x_wconf 88' lang='lat' dir='ltr'><strong>erat</strong></span> <span class='ocrx_word' id='word_1_530' title='bbox 1695 3959 1998 4015; x_wconf 82' lang='lat' dir='ltr'><strong>utilitatem.</strong></span> <span class='ocrx_word' id='word_1_531' title='bbox 2026 3961 2236 4017; x_wconf 81' lang='lat' dir='ltr'><strong>Etenim</strong></span> 
     </span>
    </p>
   </div>
   <div class='ocr_carea' id='block_1_73' title="bbox 665 4051 2238 4124">
    <p class='ocr_par' dir='ltr' id='par_1_73' title="bbox 665 4051 2238 4124">
     <span class='ocr_line' id='line_1_73' title="bbox 665 4051 2238 4124; baseline 0.001 -17"><span class='ocrx_word' id='word_1_532' title='bbox 665 4069 842 4124; x_wconf 88' lang='lat' dir='ltr'><strong>neque</strong></span> <span class='ocrx_word' id='word_1_533' title='bbox 881 4051 1012 4106; x_wconf 85' lang='lat' dir='ltr'><strong>visis</strong></span> <span class='ocrx_word' id='word_1_534' title='bbox 1054 4052 1398 4121; x_wconf 87' lang='lat' dir='ltr'><strong>postmodum</strong></span> <span class='ocrx_word' id='word_1_535' title='bbox 1433 4051 1688 4104; x_wconf 88' lang='lat' dir='ltr'><strong>omnibus</strong></span> <span class='ocrx_word' id='word_1_536' title='bbox 1745 4068 1866 4120; x_wconf 68' lang='lat' dir='ltr'><strong>quae</strong></span> <span class='ocrx_word' id='word_1_537' title='bbox 1907 4054 2037 4107; x_wconf 82' lang='lat' dir='ltr'><strong>fecit</strong></span> <span class='ocrx_word' id='word_1_538' title='bbox 2077 4055 2238 4108; x_wconf 88' lang='lat' dir='ltr'><strong>Chri-</strong></span> 
     </span>
    </p>
   </div>
   <div class='ocr_carea' id='block_1_74' title="bbox 668 4142 2241 4218">
    <p class='ocr_par' dir='ltr' id='par_1_74' title="bbox 668 4142 2241 4218">
     <span class='ocr_line' id='line_1_74' title="bbox 668 4142 2241 4218; baseline -0.001 -15"><span class='ocrx_word' id='word_1_539' title='bbox 668 4157 806 4210; x_wconf 85' lang='lat' dir='ltr'><strong>stus,</strong></span> <span class='ocrx_word' id='word_1_540' title='bbox 840 4147 892 4199; x_wconf 91' lang='lat' dir='ltr'><strong>in</strong></span> <span class='ocrx_word' id='word_1_541' title='bbox 923 4144 1107 4213; x_wconf 87' lang='lat' dir='ltr'><strong>aliquo</strong></span> <span class='ocrx_word' id='word_1_542' title='bbox 1139 4152 1380 4198; x_wconf 87' lang='lat' dir='ltr'><strong>mutatus</strong></span> <span class='ocrx_word' id='word_1_543' title='bbox 1408 4155 1509 4198; x_wconf 85' lang='lat' dir='ltr'><strong>est.</strong></span> <span class='ocrx_word' id='word_1_544' title='bbox 1545 4142 1651 4199; x_wconf 88' lang='lat' dir='ltr'><strong>Sed</strong></span> <span class='ocrx_word' id='word_1_545' title='bbox 1679 4148 1744 4200; x_wconf 90' lang='lat' dir='ltr'><strong>ad</strong></span> <span class='ocrx_word' id='word_1_546' title='bbox 1779 4148 2043 4202; x_wconf 89' lang='lat' dir='ltr'><strong>occultam</strong></span> <span class='ocrx_word' id='word_1_547' title='bbox 2070 4151 2241 4218; x_wconf 86' lang='lat' dir='ltr'><strong>ipsius</strong></span> 
     </span>
    </p>
   </div>
   <div class='ocr_carea' id='block_1_75' title="bbox 674 4236 2239 4308">
    <p class='ocr_par' dir='ltr' id='par_1_75' title="bbox 674 4236 2239 4308">
     <span class='ocr_line' id='line_1_75' title="bbox 674 4236 2239 4308; baseline 0.004 -17"><span class='ocrx_word' id='word_1_548' title='bbox 674 4238 967 4308; x_wconf 87' lang='lat' dir='ltr'><strong>respondet</strong></span> <span class='ocrx_word' id='word_1_549' title='bbox 1001 4236 1410 4306; x_wconf 73' lang='lat' dir='ltr'><strong>cegitationem,</strong></span> <span class='ocrx_word' id='word_1_550' title='bbox 1444 4248 1495 4290; x_wconf 92' lang='lat' dir='ltr'><strong>et</strong></span> <span class='ocrx_word' id='word_1_551' title='bbox 1515 4252 1578 4290; x_wconf 82' lang='lat' dir='ltr'><strong>ex</strong></span> <span class='ocrx_word' id='word_1_552' title='bbox 1603 4237 1724 4291; x_wconf 90' lang='lat' dir='ltr'><strong>libri</strong></span> <span class='ocrx_word' id='word_1_553' title='bbox 1771 4237 2173 4296; x_wconf 85' lang='lat' dir='ltr'><strong>Deuterouomii</strong></span> <span class='ocrx_word' id='word_1_554' title='bbox 2196 4245 2239 4275; x_wconf 78' lang='lat'><strong>“</strong></span> 
     </span>
    </p>
   </div>
   <div class='ocr_carea' id='block_1_76' title="bbox 671 4327 2237 4400">
    <p class='ocr_par' dir='ltr' id='par_1_76' title="bbox 671 4327 2237 4400">
     <span class='ocr_line' id='line_1_76' title="bbox 671 4327 2237 4400; baseline 0.003 -16"><span class='ocrx_word' id='word_1_555' title='bbox 671 4331 948 4400; x_wconf 84' lang='lat' dir='ltr'><strong>Scriptura</strong></span> <span class='ocrx_word' id='word_1_556' title='bbox 984 4328 1029 4383; x_wconf 93' lang='lat' dir='ltr'><strong>ei</strong></span> <span class='ocrx_word' id='word_1_557' title='bbox 1062 4329 1338 4382; x_wconf 86' lang='lat' dir='ltr'><strong>silentium</strong></span> <span class='ocrx_word' id='word_1_558' title='bbox 1372 4328 1618 4396; x_wconf 90' lang='lat' dir='ltr'><strong>imponit.</strong></span> <span class='ocrx_word' id='word_1_559' title='bbox 1646 4327 1723 4383; x_wconf 85' lang='lat' dir='ltr'><strong>Ac</strong></span> <span class='ocrx_word' id='word_1_560' title='bbox 1769 4330 1814 4382; x_wconf 91' lang='lat' dir='ltr'><strong>si</strong></span> <span class='ocrx_word' id='word_1_561' title='bbox 1862 4331 2067 4385; x_wconf 90' lang='lat' dir='ltr'><strong>diceret</strong></span> <span class='ocrx_word' id='word_1_562' title='bbox 2109 4351 2120 4385; x_wconf 87' lang='lat'><strong>:</strong></span> <span class='ocrx_word' id='word_1_563' title='bbox 2158 4335 2237 4389; x_wconf 83' lang='lat' dir='ltr'><strong>Ad</strong></span> 
     </span>
    </p>
   </div>
   <div class='ocr_carea' id='block_1_77' title="bbox 667 4419 2234 4494">
    <p class='ocr_par' dir='ltr' id='par_1_77' title="bbox 667 4419 2234 4494">
     <span class='ocr_line' id='line_1_77' title="bbox 667 4419 2234 4494; baseline 0.003 -20"><span class='ocrx_word' id='word_1_564' title='bbox 667 4421 794 4492; x_wconf 90' lang='lat' dir='ltr'><strong>quid</strong></span> <span class='ocrx_word' id='word_1_565' title='bbox 829 4419 963 4474; x_wconf 89' lang='lat' dir='ltr'><strong>mihi</strong></span> <span class='ocrx_word' id='word_1_566' title='bbox 992 4434 1129 4488; x_wconf 89' lang='lat' dir='ltr'><strong>opus</strong></span> <span class='ocrx_word' id='word_1_567' title='bbox 1153 4429 1231 4472; x_wconf 91' lang='lat' dir='ltr'><strong>est</strong></span> <span class='ocrx_word' id='word_1_568' title='bbox 1266 4433 1434 4487; x_wconf 87' lang='lat' dir='ltr'><strong>panes</strong></span> <span class='ocrx_word' id='word_1_569' title='bbox 1457 4435 1520 4473; x_wconf 78' lang='lat' dir='ltr'><strong>ex</strong></span> <span class='ocrx_word' id='word_1_570' title='bbox 1563 4419 1832 4489; x_wconf 87' lang='lat' dir='ltr'><strong>lapidibus</strong></span> <span class='ocrx_word' id='word_1_571' title='bbox 1859 4421 2060 4490; x_wconf 80' lang='lat' dir='ltr'><strong>facere,</strong></span> <span class='ocrx_word' id='word_1_572' title='bbox 2108 4441 2234 4494; x_wconf 82' lang='lat' dir='ltr'><strong>pro-</strong></span> 
     </span>
    </p>
   </div>
   <div class='ocr_carea' id='block_1_78' title="bbox 2345 3314 3934 3397">
    <p class='ocr_par' dir='ltr' id='par_1_78' title="bbox 2345 3314 3934 3397">
     <span class='ocr_line' id='line_1_78' title="bbox 2345 3314 3934 3397; baseline -0.01 -17"><span class='ocrx_word' id='word_1_573' title='bbox 2345 3331 2481 3397; x_wconf 82' lang='grc' dir='ltr'>ἔχων</span> <span class='ocrx_word' id='word_1_574' title='bbox 2543 3338 2608 3380; x_wconf 77' lang='grc' dir='ltr'><strong>εκ</strong></span> <span class='ocrx_word' id='word_1_575' title='bbox 2655 3326 2789 3379; x_wconf 83' lang='grc' dir='ltr'>Θεοῦ</span> <span class='ocrx_word' id='word_1_576' title='bbox 2823 3325 3079 3393; x_wconf 83' lang='grc' dir='ltr'>δύναμιν,</span> <span class='ocrx_word' id='word_1_577' title='bbox 3111 3325 3206 3374; x_wconf 79' lang='grc' dir='ltr'>καὶ</span> <span class='ocrx_word' id='word_1_578' title='bbox 3256 3318 3468 3382; x_wconf 82' lang='grc' dir='ltr'>λοιπὸν,</span> <span class='ocrx_word' id='word_1_579' title='bbox 3524 3315 3650 3370; x_wconf 73' lang='grc' dir='ltr'>ἰδὼν</span> <span class='ocrx_word' id='word_1_580' title='bbox 3709 3314 3934 3378; x_wconf 78' lang='grc' dir='ltr'>αὐτοὺς,</span> 
     </span>
    </p>
   </div>
   <div class='ocr_carea' id='block_1_79' title="bbox 2346 3407 3936 3488">
    <p class='ocr_par' dir='ltr' id='par_1_79' title="bbox 2346 3407 3936 3488">
     <span class='ocr_line' id='line_1_79' title="bbox 2346 3407 3936 3488; baseline -0.011 -14"><span class='ocrx_word' id='word_1_581' title='bbox 2346 3423 2484 3474; x_wconf 71' lang='grc' dir='ltr'>πάνυ</span> <span class='ocrx_word' id='word_1_582' title='bbox 2544 3420 2749 3473; x_wconf 84' lang='grc' dir='ltr'>πεινῶν</span> <span class='ocrx_word' id='word_1_583' title='bbox 2808 3419 3179 3488; x_wconf 81' lang='grc' dir='ltr'>ἡττηθήσεται</span> <span class='ocrx_word' id='word_1_584' title='bbox 3217 3413 3318 3482; x_wconf 81' lang='grc' dir='ltr'>τῆς</span> <span class='ocrx_word' id='word_1_585' title='bbox 3374 3410 3647 3479; x_wconf 74' lang='grc' dir='ltr'>γαστρόςο</span> <span class='ocrx_word' id='word_1_586' title='bbox 3694 3407 3936 3460; x_wconf 74' lang='grc' dir='ltr'>ἀλλὀὐκ</span> 
     </span>
    </p>
   </div>
   <div class='ocr_carea' id='block_1_80' title="bbox 2342 3498 3939 3582">
    <p class='ocr_par' dir='ltr' id='par_1_80' title="bbox 2342 3498 3939 3582">
     <span class='ocr_line' id='line_1_80' title="bbox 2342 3498 3939 3582; baseline -0.009 -18"><span class='ocrx_word' id='word_1_587' title='bbox 2342 3513 2502 3565; x_wconf 74' lang='grc' dir='ltr'>ἔλαθε</span> <span class='ocrx_word' id='word_1_588' title='bbox 2533 3514 2621 3565; x_wconf 80' lang='grc' dir='ltr'><strong>τὸν</strong></span> <span class='ocrx_word' id='word_1_589' title='bbox 2661 3511 3031 3582; x_wconf 80' lang='grc' dir='ltr'>δρασσόμενον</span> <span class='ocrx_word' id='word_1_590' title='bbox 3061 3510 3189 3570; x_wconf 74' lang='grc' dir='ltr'>τοὺς</span> <span class='ocrx_word' id='word_1_591' title='bbox 3221 3505 3421 3575; x_wconf 79' lang='grc' dir='ltr'>σοφοὺς</span> <span class='ocrx_word' id='word_1_592' title='bbox 3448 3505 3504 3556; x_wconf 83' lang='grc' dir='ltr'>ὲν</span> <span class='ocrx_word' id='word_1_593' title='bbox 3539 3505 3602 3572; x_wconf 79' lang='grc' dir='ltr'>τῇ</span> <span class='ocrx_word' id='word_1_594' title='bbox 3629 3498 3939 3571; x_wconf 67' lang='grc' dir='ltr'>πανουργίᾳ</span> 
     </span>
    </p>
   </div>
   <div class='ocr_carea' id='block_1_81' title="bbox 2341 3605 2542 3658">
    <p class='ocr_par' dir='ltr' id='par_1_81' title="bbox 2341 3605 2542 3658">
     <span class='ocr_line' id='line_1_81' title="bbox 2341 3605 2542 3658; baseline 0 0"><span class='ocrx_word' id='word_1_595' title='bbox 2341 3605 2542 3658; x_wconf 77' lang='grc' dir='ltr'>αὐτῶν.</span> 
     </span>
    </p>
   </div>
   <div class='ocr_carea' id='block_1_82' title="bbox 2427 3691 3938 3763">
    <p class='ocr_par' dir='ltr' id='par_1_82' title="bbox 2427 3691 3938 3763">
     <span class='ocr_line' id='line_1_82' title="bbox 2427 3691 3938 3763; baseline -0.009 -10"><span class='ocrx_word' id='word_1_596' title='bbox 2427 3703 2481 3753; x_wconf 86' lang='lat'><strong>&#39;0</strong></span> <span class='ocrx_word' id='word_1_597' title='bbox 2512 3699 2580 3752; x_wconf 79' lang='grc' dir='ltr'>δὲ</span> <span class='ocrx_word' id='word_1_598' title='bbox 2609 3696 2959 3763; x_wconf 70' lang='grc' dir='ltr'>ἀποκριθεὶς</span> <span class='ocrx_word' id='word_1_599' title='bbox 2987 3724 3058 3736; x_wconf 91' lang='lat'><strong>--</strong></span> <span class='ocrx_word' id='word_1_600' title='bbox 3092 3692 3264 3749; x_wconf 84' lang='grc' dir='ltr'>Θεοῦ.</span> <span class='ocrx_word' id='word_1_601' title='bbox 3317 3691 3506 3753; x_wconf 70' lang='grc' dir='ltr'>Συνεὶς</span> <span class='ocrx_word' id='word_1_602' title='bbox 3548 3691 3646 3758; x_wconf 77' lang='grc' dir='ltr'>τὴν</span> <span class='ocrx_word' id='word_1_603' title='bbox 3698 3707 3938 3758; x_wconf 82' lang='grc' dir='ltr'>πανουρ-</span> 
     </span>
    </p>
   </div>
   <div class='ocr_carea' id='block_1_83' title="bbox 2343 3783 3934 3859">
    <p class='ocr_par' dir='ltr' id='par_1_83' title="bbox 2343 3783 3934 3859">
     <span class='ocr_line' id='line_1_83' title="bbox 2343 3783 3934 3859; baseline -0.008 -14"><span class='ocrx_word' id='word_1_604' title='bbox 2343 3795 2467 3859; x_wconf 82' lang='grc' dir='ltr'>γίαν</span> <span class='ocrx_word' id='word_1_605' title='bbox 2489 3791 2677 3855; x_wconf 77' lang='grc' dir='ltr'>αὑτοῦ,</span> <span class='ocrx_word' id='word_1_606' title='bbox 2709 3792 2769 3843; x_wconf 85' lang='grc' dir='ltr'>τὸ</span> <span class='ocrx_word' id='word_1_607' title='bbox 2798 3790 2896 3859; x_wconf 82' lang='grc' dir='ltr'>μὲν</span> <span class='ocrx_word' id='word_1_608' title='bbox 2923 3785 3254 3857; x_wconf 73' lang='grc' dir='ltr'>ὲπιξητηοὲν</span> <span class='ocrx_word' id='word_1_609' title='bbox 3286 3787 3512 3855; x_wconf 81' lang='grc' dir='ltr'>σημεῖον</span> <span class='ocrx_word' id='word_1_610' title='bbox 3535 3785 3637 3836; x_wconf 74' lang='grc' dir='ltr'>οὐκ</span> <span class='ocrx_word' id='word_1_611' title='bbox 3664 3783 3890 3852; x_wconf 74' lang='grc' dir='ltr'>ἐποίησε</span> <span class='ocrx_word' id='word_1_612' title='bbox 3921 3795 3934 3808; x_wconf 83' lang='grc'><strong><em>⁸</em></strong></span> 
     </span>
    </p>
   </div>
   <div class='ocr_carea' id='block_1_84' title="bbox 2342 3873 3936 3958">
    <p class='ocr_par' dir='ltr' id='par_1_84' title="bbox 2342 3873 3936 3958">
     <span class='ocr_line' id='line_1_84' title="bbox 2342 3873 3936 3958; baseline -0.009 -21"><span class='ocrx_word' id='word_1_613' title='bbox 2342 3886 2474 3937; x_wconf 76' lang='grc' dir='ltr'>διότι</span> <span class='ocrx_word' id='word_1_614' title='bbox 2510 3885 2577 3937; x_wconf 73' lang='grc' dir='ltr'>τὰ</span> <span class='ocrx_word' id='word_1_615' title='bbox 2633 3885 2832 3958; x_wconf 84' lang='grc' dir='ltr'>σημεῖα</span> <span class='ocrx_word' id='word_1_616' title='bbox 2879 3881 2947 3933; x_wconf 77' lang='grc' dir='ltr'>δι’</span> <span class='ocrx_word' id='word_1_617' title='bbox 2993 3879 3262 3948; x_wconf 83' lang='grc' dir='ltr'>ὠφέλειαν</span> <span class='ocrx_word' id='word_1_618' title='bbox 3311 3878 3422 3929; x_wconf 84' lang='grc' dir='ltr'>τῶν</span> <span class='ocrx_word' id='word_1_619' title='bbox 3471 3875 3727 3946; x_wconf 77' lang='grc' dir='ltr'>ὁρώντων</span> <span class='ocrx_word' id='word_1_620' title='bbox 3779 3873 3936 3926; x_wconf 73' lang='grc' dir='ltr'>εἴωθε</span> 
     </span>
    </p>
   </div>
   <div class='ocr_carea' id='block_1_85' title="bbox 2343 3961 3932 4045">
    <p class='ocr_par' dir='ltr' id='par_1_85' title="bbox 2343 3961 3932 4045">
     <span class='ocr_line' id='line_1_85' title="bbox 2343 3961 3932 4045; baseline -0.008 -15"><span class='ocrx_word' id='word_1_621' title='bbox 2343 3976 2671 4045; x_wconf 69' lang='grc' dir='ltr'>γίνεσθαι,’ό</span> <span class='ocrx_word' id='word_1_622' title='bbox 2692 3961 2751 4026; x_wconf 69' lang='grc' dir='ltr'>δὲ</span> <span class='ocrx_word' id='word_1_623' title='bbox 2780 3973 3028 4036; x_wconf 80' lang='grc' dir='ltr'>διάϐολος</span> <span class='ocrx_word' id='word_1_624' title='bbox 3051 3972 3205 4026; x_wconf 76' lang='grc' dir='ltr'>οὐδὲν</span> <span class='ocrx_word' id='word_1_625' title='bbox 3228 3969 3453 4041; x_wconf 77' lang='grc' dir='ltr'>εμελλεν</span> <span class='ocrx_word' id='word_1_626' title='bbox 3500 3967 3756 4021; x_wconf 80' lang='grc' dir='ltr'>ἐντεῦθεν</span> <span class='ocrx_word' id='word_1_627' title='bbox 3787 3967 3932 4034; x_wconf 76' lang='grc' dir='ltr'>ὠφε-</span> 
     </span>
    </p>
   </div>
   <div class='ocr_carea' id='block_1_86' title="bbox 2347 4059 3928 4138">
    <p class='ocr_par' dir='ltr' id='par_1_86' title="bbox 2347 4059 3928 4138">
     <span class='ocr_line' id='line_1_86' title="bbox 2347 4059 3928 4138; baseline -0.007 -18"><span class='ocrx_word' id='word_1_628' title='bbox 2347 4069 2582 4138; x_wconf 80' lang='grc' dir='ltr'>ληθῆναι</span> <span class='ocrx_word' id='word_1_629' title='bbox 2610 4083 2621 4095; x_wconf 84' lang='grc'><em>’</em></span> <span class='ocrx_word' id='word_1_630' title='bbox 2664 4066 2761 4119; x_wconf 78' lang='grc' dir='ltr'>καὶ</span> <span class='ocrx_word' id='word_1_631' title='bbox 2791 4065 2899 4132; x_wconf 79' lang='grc' dir='ltr'>γὰρ</span> <span class='ocrx_word' id='word_1_632' title='bbox 2955 4063 3211 4132; x_wconf 77' lang='grc' dir='ltr'>ὕστερον,</span> <span class='ocrx_word' id='word_1_633' title='bbox 3240 4060 3363 4114; x_wconf 86' lang='grc' dir='ltr'>ίδὼν</span> <span class='ocrx_word' id='word_1_634' title='bbox 3401 4059 3603 4125; x_wconf 83' lang='grc' dir='ltr'>πάντα,</span> <span class='ocrx_word' id='word_1_635' title='bbox 3626 4062 3726 4112; x_wconf 81' lang='grc' dir='ltr'>ὅσα</span> <span class='ocrx_word' id='word_1_636' title='bbox 3750 4059 3928 4127; x_wconf 79' lang='grc' dir='ltr'><strong>ὲποὶη-</strong></span> 
     </span>
    </p>
   </div>
   <div class='ocr_carea' id='block_1_87' title="bbox 2346 4150 3934 4226">
    <p class='ocr_par' dir='ltr' id='par_1_87' title="bbox 2346 4150 3934 4226">
     <span class='ocr_line' id='line_1_87' title="bbox 2346 4150 3934 4226; baseline -0.008 -14"><span class='ocrx_word' id='word_1_637' title='bbox 2346 4177 2437 4212; x_wconf 90' lang='grc' dir='ltr'><strong>σεν</strong></span> <span class='ocrx_word' id='word_1_638' title='bbox 2477 4159 2505 4209; x_wconf 84' lang='grc' dir='ltr'><strong>ὁ</strong></span> <span class='ocrx_word' id='word_1_639' title='bbox 2546 4158 2826 4226; x_wconf 59' lang='grc' dir='ltr'>Χριστὸς,</span> <span class='ocrx_word' id='word_1_640' title='bbox 2895 4155 3051 4209; x_wconf 81' lang='grc' dir='ltr'>οὐδὲν</span> <span class='ocrx_word' id='word_1_641' title='bbox 3122 4152 3468 4225; x_wconf 79' lang='grc' dir='ltr'>μετεϐλήθη·</span> <span class='ocrx_word' id='word_1_642' title='bbox 3538 4153 3677 4222; x_wconf 72' lang='grc' dir='ltr'>πρὸς</span> <span class='ocrx_word' id='word_1_643' title='bbox 3727 4152 3784 4204; x_wconf 80' lang='grc' dir='ltr'>δὲ</span> <span class='ocrx_word' id='word_1_644' title='bbox 3847 4150 3934 4203; x_wconf 61' lang='grc' dir='ltr'>τὶν</span> 
     </span>
    </p>
   </div>
   <div class='ocr_carea' id='block_1_88' title="bbox 2343 4244 3935 4319">
    <p class='ocr_par' dir='ltr' id='par_1_88' title="bbox 2343 4244 3935 4319">
     <span class='ocr_line' id='line_1_88' title="bbox 2343 4244 3935 4319; baseline -0.007 -17"><span class='ocrx_word' id='word_1_645' title='bbox 2343 4249 2728 4319; x_wconf 81' lang='grc' dir='ltr'>κεκρυμμένον</span> <span class='ocrx_word' id='word_1_646' title='bbox 2787 4246 2952 4301; x_wconf 84' lang='grc' dir='ltr'>αὑτοῦ</span> <span class='ocrx_word' id='word_1_647' title='bbox 3009 4249 3214 4298; x_wconf 78' lang='grc' dir='ltr'>σκοπὸν</span> <span class='ocrx_word' id='word_1_648' title='bbox 3266 4245 3639 4310; x_wconf 77' lang='grc' dir='ltr'>ἀπολογεῖται,</span> <span class='ocrx_word' id='word_1_649' title='bbox 3693 4244 3789 4295; x_wconf 78' lang='grc' dir='ltr'>καὶ</span> <span class='ocrx_word' id='word_1_650' title='bbox 3830 4244 3935 4295; x_wconf 79' lang='grc' dir='ltr'><strong>ἀπὸ</strong></span> 
     </span>
    </p>
   </div>
   <div class='ocr_carea' id='block_1_89' title="bbox 2346 4335 3933 4409">
    <p class='ocr_par' dir='ltr' id='par_1_89' title="bbox 2346 4335 3933 4409">
     <span class='ocr_line' id='line_1_89' title="bbox 2346 4335 3933 4409; baseline -0.006 -15"><span class='ocrx_word' id='word_1_651' title='bbox 2346 4344 2445 4407; x_wconf 79' lang='grc' dir='ltr'>τῆς</span> <span class='ocrx_word' id='word_1_652' title='bbox 2482 4342 2540 4392; x_wconf 78' lang='grc' dir='ltr'>ὲν</span> <span class='ocrx_word' id='word_1_653' title='bbox 2579 4341 2645 4409; x_wconf 75' lang='grc' dir='ltr'>τῇ</span> <span class='ocrx_word' id='word_1_654' title='bbox 2677 4337 2845 4409; x_wconf 73' lang='grc' dir='ltr'>βίϐλῳ</span> <span class='ocrx_word' id='word_1_655' title='bbox 2879 4337 2973 4389; x_wconf 89' lang='grc' dir='ltr'><strong>τοῦ</strong></span> <span class='ocrx_word' id='word_1_656' title='bbox 3005 4336 3426 4406; x_wconf 81' lang='grc' dir='ltr'>Δευτερονομίου</span> <span class='ocrx_word' id='word_1_657' title='bbox 3463 4335 3686 4404; x_wconf 70' lang='grc' dir='ltr'>Γραφῆς</span> <span class='ocrx_word' id='word_1_658' title='bbox 3719 4338 3933 4387; x_wconf 76' lang='grc' dir='ltr'>ἐπιστο-</span> 
     </span>
    </p>
   </div>
   <div class='ocr_carea' id='block_1_90' title="bbox 2345 4429 3928 4504">
    <p class='ocr_par' dir='ltr' id='par_1_90' title="bbox 2345 4429 3928 4504">
     <span class='ocr_line' id='line_1_90' title="bbox 2345 4429 3928 4504; baseline -0.003 -18"><span class='ocrx_word' id='word_1_659' title='bbox 2345 4433 2490 4504; x_wconf 75' lang='grc' dir='ltr'>μίζει</span> <span class='ocrx_word' id='word_1_660' title='bbox 2545 4432 2728 4496; x_wconf 82' lang='grc' dir='ltr'>αὐτὸν,</span> <span class='ocrx_word' id='word_1_661' title='bbox 2778 4432 2977 4484; x_wconf 74' lang='grc' dir='ltr'>ὡσανεὶ</span> <span class='ocrx_word' id='word_1_662' title='bbox 3009 4431 3202 4498; x_wconf 85' lang='grc' dir='ltr'>λέγων·</span> <span class='ocrx_word' id='word_1_663' title='bbox 3258 4429 3323 4483; x_wconf 90' lang='grc' dir='ltr'><strong>Τί</strong></span> <span class='ocrx_word' id='word_1_664' title='bbox 3386 4448 3476 4499; x_wconf 88' lang='grc' dir='ltr'><strong>μοι</strong></span> <span class='ocrx_word' id='word_1_665' title='bbox 3523 4433 3695 4484; x_wconf 85' lang='grc' dir='ltr'>ποιεῖν</span> <span class='ocrx_word' id='word_1_666' title='bbox 3729 4433 3928 4500; x_wconf 80' lang='grc' dir='ltr'>ἄρτους</span> 
     </span>
    </p>
   </div>
   <div class='ocr_carea' id='block_1_91' title="bbox 667 4510 2238 4592">
    <p class='ocr_par' dir='ltr' id='par_1_91' title="bbox 667 4510 2238 4584">
     <span class='ocr_line' id='line_1_91' title="bbox 667 4510 2238 4584; baseline 0.002 -18"><span class='ocrx_word' id='word_1_667' title='bbox 667 4523 791 4584; x_wconf 89' lang='lat' dir='ltr'><strong>pter</strong></span> <span class='ocrx_word' id='word_1_668' title='bbox 819 4513 1016 4566; x_wconf 76' lang='lat' dir='ltr'><strong>famem</strong></span> <span class='ocrx_word' id='word_1_669' title='bbox 1035 4527 1155 4581; x_wconf 69' lang='lat' dir='ltr'><strong>qute</strong></span> <span class='ocrx_word' id='word_1_670' title='bbox 1177 4527 1263 4564; x_wconf 89' lang='lat' dir='ltr'><strong>me</strong></span> <span class='ocrx_word' id='word_1_671' title='bbox 1289 4521 1465 4580; x_wconf 77' lang='lat' dir='ltr'><strong>urget.</strong></span> <span class='ocrx_word' id='word_1_672' title='bbox 1485 4510 1554 4564; x_wconf 93' lang='lat' dir='ltr'><strong>Ut</strong></span> <span class='ocrx_word' id='word_1_673' title='bbox 1572 4511 1674 4565; x_wconf 89' lang='lat' dir='ltr'><strong>illis</strong></span> <span class='ocrx_word' id='word_1_674' title='bbox 1698 4511 1826 4566; x_wconf 88' lang='lat' dir='ltr'><strong>visis</strong></span> <span class='ocrx_word' id='word_1_675' title='bbox 1849 4514 2053 4568; x_wconf 89' lang='lat' dir='ltr'><strong>alliciar</strong></span> <span class='ocrx_word' id='word_1_676' title='bbox 2072 4518 2238 4570; x_wconf 83' lang='lat' dir='ltr'><strong>esca?</strong></span> 
     </span>
    </p>
   </div>
   <div class='ocr_carea' id='block_1_92' title="bbox 2347 4510 3928 4592">
    <p class='ocr_par' dir='ltr' id='par_1_92' title="bbox 2347 4523 3928 4592">
     <span class='ocr_line' id='line_1_92' title="bbox 2347 4523 3928 4592; baseline -0.003 -14"><span class='ocrx_word' id='word_1_677' title='bbox 2347 4528 2404 4578; x_wconf 71' lang='grc' dir='ltr'><strong>ὲκ</strong></span> <span class='ocrx_word' id='word_1_678' title='bbox 2441 4525 2605 4577; x_wconf 86' lang='grc' dir='ltr'>λίθων</span> <span class='ocrx_word' id='word_1_679' title='bbox 2638 4524 2985 4590; x_wconf 76' lang='grc' dir='ltr'>ἐπιτάττεις;</span> <span class='ocrx_word' id='word_1_680' title='bbox 3039 4524 3262 4584; x_wconf 81' lang='grc' dir='ltr'>Πάντως</span> <span class='ocrx_word' id='word_1_681' title='bbox 3316 4523 3404 4576; x_wconf 70' lang='grc' dir='ltr'>διὰ</span> <span class='ocrx_word' id='word_1_682' title='bbox 3439 4523 3537 4590; x_wconf 77' lang='grc' dir='ltr'>τὴν</span> <span class='ocrx_word' id='word_1_683' title='bbox 3598 4523 3928 4592; x_wconf 76' lang='grc' dir='ltr'>συνέχουσαν</span> 
     </span>
    </p>
   </div>
   <div class='ocr_carea' id='block_1_93' title="bbox 671 4600 2239 4675">
    <p class='ocr_par' dir='ltr' id='par_1_93' title="bbox 671 4600 2239 4675">
     <span class='ocr_line' id='line_1_93' title="bbox 671 4600 2239 4675; baseline 0.001 -16"><span class='ocrx_word' id='word_1_684' title='bbox 671 4605 832 4673; x_wconf 76' lang='lat' dir='ltr'><strong>Atqui</strong></span> <span class='ocrx_word' id='word_1_685' title='bbox 866 4618 976 4656; x_wconf 90' lang='lat' dir='ltr'><strong>non</strong></span> <span class='ocrx_word' id='word_1_686' title='bbox 1009 4603 1125 4656; x_wconf 89' lang='lat' dir='ltr'><strong>solo</strong></span> <span class='ocrx_word' id='word_1_687' title='bbox 1171 4616 1310 4671; x_wconf 90' lang='lat' dir='ltr'><strong>pane</strong></span> <span class='ocrx_word' id='word_1_688' title='bbox 1342 4600 1624 4654; x_wconf 84' lang='lat' dir='ltr'><strong>hominum</strong></span> <span class='ocrx_word' id='word_1_689' title='bbox 1661 4601 1769 4656; x_wconf 86' lang='lat' dir='ltr'><strong>vita</strong></span> <span class='ocrx_word' id='word_1_690' title='bbox 1803 4606 2005 4658; x_wconf 83' lang='lat' dir='ltr'><strong>servari</strong></span> <span class='ocrx_word' id='word_1_691' title='bbox 2042 4612 2239 4675; x_wconf 75' lang='lat' dir='ltr'><strong>potest;</strong></span> 
     </span>
    </p>
   </div>
   <div class='ocr_carea' id='block_1_94' title="bbox 671 4692 2243 4767">
    <p class='ocr_par' dir='ltr' id='par_1_94' title="bbox 671 4692 2243 4767">
     <span class='ocr_line' id='line_1_94' title="bbox 671 4692 2243 4767; baseline 0.004 -19"><span class='ocrx_word' id='word_1_692' title='bbox 671 4699 766 4750; x_wconf 84' lang='lat' dir='ltr'><strong>sed</strong></span> <span class='ocrx_word' id='word_1_693' title='bbox 798 4705 852 4748; x_wconf 88' lang='lat' dir='ltr'><strong>et</strong></span> <span class='ocrx_word' id='word_1_694' title='bbox 886 4695 990 4747; x_wconf 90' lang='lat' dir='ltr'><strong>alio</strong></span> <span class='ocrx_word' id='word_1_695' title='bbox 1021 4701 1278 4763; x_wconf 70' lang='lat' dir='ltr'><strong>prazterea</strong></span> <span class='ocrx_word' id='word_1_696' title='bbox 1342 4692 1444 4748; x_wconf 89' lang='lat' dir='ltr'><strong>cibi</strong></span> <span class='ocrx_word' id='word_1_697' title='bbox 1479 4707 1697 4760; x_wconf 86' lang='lat' dir='ltr'><strong>genere.</strong></span> <span class='ocrx_word' id='word_1_698' title='bbox 1754 4697 1925 4750; x_wconf 84' lang='lat' dir='ltr'><strong>Omne</strong></span> <span class='ocrx_word' id='word_1_699' title='bbox 1974 4697 2243 4767; x_wconf 88' lang='lat' dir='ltr'><strong>siquidem</strong></span> 
     </span>
    </p>
   </div>
   <div class='ocr_carea' id='block_1_95' title="bbox 670 4783 2244 4856">
    <p class='ocr_par' dir='ltr' id='par_1_95' title="bbox 670 4783 2244 4856">
     <span class='ocr_line' id='line_1_95' title="bbox 670 4783 2244 4856; baseline 0.003 -16"><span class='ocrx_word' id='word_1_700' title='bbox 670 4787 898 4840; x_wconf 87' lang='lat' dir='ltr'><strong>verbum</strong></span> <span class='ocrx_word' id='word_1_701' title='bbox 937 4785 1003 4838; x_wconf 89' lang='lat' dir='ltr'><strong>ab</strong></span> <span class='ocrx_word' id='word_1_702' title='bbox 1054 4799 1148 4837; x_wconf 86' lang='lat' dir='ltr'><strong>ore</strong></span> <span class='ocrx_word' id='word_1_703' title='bbox 1189 4783 1285 4837; x_wconf 89' lang='lat' dir='ltr'><strong>Dei</strong></span> <span class='ocrx_word' id='word_1_704' title='bbox 1342 4783 1628 4854; x_wconf 79' lang='lat' dir='ltr'><strong>egrediens</strong></span> <span class='ocrx_word' id='word_1_705' title='bbox 1686 4785 1755 4839; x_wconf 88' lang='lat' dir='ltr'><strong>ad</strong></span> <span class='ocrx_word' id='word_1_706' title='bbox 1811 4800 1935 4840; x_wconf 88' lang='lat' dir='ltr'><strong>cum</strong></span> <span class='ocrx_word' id='word_1_707' title='bbox 1967 4789 2057 4856; x_wconf 86' lang='lat' dir='ltr'><strong>qui</strong></span> <span class='ocrx_word' id='word_1_708' title='bbox 2102 4787 2244 4844; x_wconf 81' lang='lat' dir='ltr'><strong>fame</strong></span> 
     </span>
    </p>
   </div>
   <div class='ocr_carea' id='block_1_96' title="bbox 2361 4615 3928 4687">
    <p class='ocr_par' dir='ltr' id='par_1_96' title="bbox 2361 4615 3928 4687">
     <span class='ocr_line' id='line_1_96' title="bbox 2361 4615 3928 4687; baseline 0 -19"><span class='ocrx_word' id='word_1_709' title='bbox 2361 4635 2426 4687; x_wconf 84' lang='grc' dir='ltr'><strong>με</strong></span> <span class='ocrx_word' id='word_1_710' title='bbox 2462 4615 2677 4679; x_wconf 86' lang='grc' dir='ltr'>πείναν,</span> <span class='ocrx_word' id='word_1_711' title='bbox 2727 4617 2814 4669; x_wconf 82' lang='grc' dir='ltr'>ῐνα</span> <span class='ocrx_word' id='word_1_712' title='bbox 2856 4616 3133 4685; x_wconf 84' lang='grc' dir='ltr'>φανέντων</span> <span class='ocrx_word' id='word_1_713' title='bbox 3177 4615 3485 4680; x_wconf 83' lang='grc' dir='ltr'>δελεασθῶ;</span> <span class='ocrx_word' id='word_1_714' title='bbox 3541 4616 3682 4668; x_wconf 70' lang='grc' dir='ltr'>Ἀλλ’</span> <span class='ocrx_word' id='word_1_715' title='bbox 3719 4618 3820 4668; x_wconf 65' lang='grc' dir='ltr'>οὐκ</span> <span class='ocrx_word' id='word_1_716' title='bbox 3847 4617 3928 4667; x_wconf 77' lang='grc' dir='ltr'>επ¹</span> 
     </span>
    </p>
   </div>
   <div class='ocr_carea' id='block_1_97' title="bbox 2348 4705 3929 4778">
    <p class='ocr_par' dir='ltr' id='par_1_97' title="bbox 2348 4705 3929 4778">
     <span class='ocr_line' id='line_1_97' title="bbox 2348 4705 3929 4778; baseline -0.003 -17"><span class='ocrx_word' id='word_1_717' title='bbox 2348 4707 2498 4778; x_wconf 77' lang='grc' dir='ltr'>ἄρτῳ</span> <span class='ocrx_word' id='word_1_718' title='bbox 2535 4707 2682 4778; x_wconf 87' lang='grc' dir='ltr'>μόνῳ</span> <span class='ocrx_word' id='word_1_719' title='bbox 2718 4708 2947 4777; x_wconf 81' lang='grc' dir='ltr'>ζήσεται</span> <span class='ocrx_word' id='word_1_720' title='bbox 2968 4707 3280 4778; x_wconf 75' lang='grc' dir='ltr'>ἄνθρωπος,</span> <span class='ocrx_word' id='word_1_721' title='bbox 3321 4705 3436 4761; x_wconf 80' lang='grc' dir='ltr'>ἀλλ’</span> <span class='ocrx_word' id='word_1_722' title='bbox 3473 4706 3588 4758; x_wconf 76' lang='grc' dir='ltr'>ἔστι</span> <span class='ocrx_word' id='word_1_723' title='bbox 3617 4708 3707 4758; x_wconf 77' lang='grc' dir='ltr'>καὶ</span> <span class='ocrx_word' id='word_1_724' title='bbox 3740 4707 3929 4776; x_wconf 75' lang='grc' dir='ltr'>ἕτερος</span> 
     </span>
    </p>
   </div>
   <div class='ocr_carea' id='block_1_98' title="bbox 2346 4798 3926 4870">
    <p class='ocr_par' dir='ltr' id='par_1_98' title="bbox 2346 4798 3926 4870">
     <span class='ocr_line' id='line_1_98' title="bbox 2346 4798 3926 4870; baseline -0.002 -21"><span class='ocrx_word' id='word_1_725' title='bbox 2346 4801 2542 4869; x_wconf 81' lang='grc' dir='ltr'>τρόπος</span> <span class='ocrx_word' id='word_1_726' title='bbox 2571 4800 2797 4869; x_wconf 80' lang='grc' dir='ltr'>τροφῆς.</span> <span class='ocrx_word' id='word_1_727' title='bbox 2833 4801 2943 4852; x_wconf 73' lang='grc' dir='ltr'><strong>Καὶ</strong></span> <span class='ocrx_word' id='word_1_728' title='bbox 2970 4801 3078 4869; x_wconf 81' lang='grc' dir='ltr'>γὰρ</span> <span class='ocrx_word' id='word_1_729' title='bbox 3120 4801 3228 4852; x_wconf 76' lang='grc' dir='ltr'><strong>πᾶν</strong></span> <span class='ocrx_word' id='word_1_730' title='bbox 3261 4798 3432 4870; x_wconf 79' lang='grc' dir='ltr'>ῥῆμα,</span> <span class='ocrx_word' id='word_1_731' title='bbox 3486 4799 3926 4865; x_wconf 73' lang='grc' dir='ltr'>ἐκπορευόμενον</span> 
     </span>
    </p>
   </div>
   <div class='ocr_carea' id='block_1_99' title="bbox 672 4873 2238 4962">
    <p class='ocr_par' dir='ltr' id='par_1_99' title="bbox 672 4873 2238 4946">
     <span class='ocr_line' id='line_1_99' title="bbox 672 4873 2238 4946; baseline 0.005 -18"><span class='ocrx_word' id='word_1_732' title='bbox 672 4876 956 4946; x_wconf 89' lang='lat' dir='ltr'><strong>premitur,</strong></span> <span class='ocrx_word' id='word_1_733' title='bbox 989 4875 1107 4928; x_wconf 91' lang='lat' dir='ltr'><strong>loco</strong></span> <span class='ocrx_word' id='word_1_734' title='bbox 1137 4874 1243 4927; x_wconf 85' lang='lat' dir='ltr'><strong>cibi</strong></span> <span class='ocrx_word' id='word_1_735' title='bbox 1284 4873 1449 4927; x_wconf 86' lang='lat' dir='ltr'><strong>vitam</strong></span> <span class='ocrx_word' id='word_1_736' title='bbox 1504 4875 1621 4943; x_wconf 88' lang='lat' dir='ltr'><strong>ejus</strong></span> <span class='ocrx_word' id='word_1_737' title='bbox 1657 4875 1912 4943; x_wconf 90' lang='lat' dir='ltr'><strong>sustinet,</strong></span> <span class='ocrx_word' id='word_1_738' title='bbox 1944 4889 2000 4932; x_wconf 91' lang='lat' dir='ltr'><strong>et</strong></span> <span class='ocrx_word' id='word_1_739' title='bbox 2049 4882 2238 4936; x_wconf 75' lang='lat' dir='ltr'><strong>sul‘licil</strong></span> 
     </span>
    </p>
   </div>
   <div class='ocr_carea' id='block_1_100' title="bbox 2347 4873 3927 4962">
    <p class='ocr_par' dir='ltr' id='par_1_100' title="bbox 2347 4889 3927 4962">
     <span class='ocr_line' id='line_1_100' title="bbox 2347 4889 3927 4962; baseline -0.002 -20"><span class='ocrx_word' id='word_1_740' title='bbox 2347 4889 2434 4943; x_wconf 83' lang='grc' dir='ltr'>διὰ</span> <span class='ocrx_word' id='word_1_741' title='bbox 2469 4892 2738 4962; x_wconf 78' lang='grc' dir='ltr'>στόματος</span> <span class='ocrx_word' id='word_1_742' title='bbox 2774 4891 2911 4944; x_wconf 87' lang='grc' dir='ltr'>Θεοῦ</span> <span class='ocrx_word' id='word_1_743' title='bbox 2943 4892 3037 4945; x_wconf 71' lang='grc' dir='ltr'><strong>ἐπὶ</strong></span> <span class='ocrx_word' id='word_1_744' title='bbox 3067 4892 3157 4944; x_wconf 84' lang='grc' dir='ltr'>τὸν</span> <span class='ocrx_word' id='word_1_745' title='bbox 3197 4891 3486 4954; x_wconf 81' lang='grc' dir='ltr'>πεινῶντα,</span> <span class='ocrx_word' id='word_1_746' title='bbox 3515 4890 3672 4960; x_wconf 80' lang='grc' dir='ltr'>δίκην</span> <span class='ocrx_word' id='word_1_747' title='bbox 3721 4889 3927 4959; x_wconf 69' lang='grc' dir='ltr'>τροφῆς</span> 
     </span>
    </p>
   </div>
   <div class='ocr_carea' id='block_1_101' title="bbox 673 4966 2243 5041">
    <p class='ocr_par' dir='ltr' id='par_1_101' title="bbox 673 4966 2243 5041">
     <span class='ocr_line' id='line_1_101' title="bbox 673 4966 2243 5041; baseline 0.004 -18"><span class='ocrx_word' id='word_1_748' title='bbox 673 4970 744 5023; x_wconf 83' lang='lat' dir='ltr'><strong>ei.</strong></span> <span class='ocrx_word' id='word_1_749' title='bbox 782 4968 857 5021; x_wconf 88' lang='lat' dir='ltr'><strong>lta</strong></span> <span class='ocrx_word' id='word_1_750' title='bbox 888 4983 1019 5022; x_wconf 86' lang='lat' dir='ltr'><strong>sane</strong></span> <span class='ocrx_word' id='word_1_751' title='bbox 1069 4966 1456 5038; x_wconf 67' lang='lat' dir='ltr'><strong>gastrimargiae</strong></span> <span class='ocrx_word' id='word_1_752' title='bbox 1504 4968 1684 5022; x_wconf 92' lang='lat' dir='ltr'><strong>dolum</strong></span> <span class='ocrx_word' id='word_1_753' title='bbox 1725 4971 2134 5041; x_wconf 77' lang='lat' dir='ltr'><strong>longanimitate</strong></span> <span class='ocrx_word' id='word_1_754' title='bbox 2181 4991 2243 5030; x_wconf 88' lang='lat' dir='ltr'><strong>ac</strong></span> 
     </span>
    </p>
   </div>
   <div class='ocr_carea' id='block_1_102' title="bbox 677 5059 2238 5131">
    <p class='ocr_par' dir='ltr' id='par_1_102' title="bbox 677 5059 2238 5131">
     <span class='ocr_line' id='line_1_102' title="bbox 677 5059 2238 5131; baseline 0.004 -15"><span class='ocrx_word' id='word_1_755' title='bbox 677 5064 957 5118; x_wconf 86' lang='lat' dir='ltr'><strong>tolerantia</strong></span> <span class='ocrx_word' id='word_1_756' title='bbox 981 5063 1198 5131; x_wconf 88' lang='lat' dir='ltr'><strong>repulit.</strong></span> <span class='ocrx_word' id='word_1_757' title='bbox 1227 5059 1641 5116; x_wconf 88' lang='lat' dir='ltr'><strong>Observandum</strong></span> <span class='ocrx_word' id='word_1_758' title='bbox 1678 5066 1746 5131; x_wconf 68' lang='grc' dir='ltr'>(ιτ)</span> <span class='ocrx_word' id='word_1_759' title='bbox 1772 5080 1899 5118; x_wconf 88' lang='lat' dir='ltr'><strong>vero</strong></span> <span class='ocrx_word' id='word_1_760' title='bbox 1926 5065 2238 5123; x_wconf 72' lang='lat' dir='ltr'><strong>Matthazum</strong></span> 
     </span>
    </p>
   </div>
   <div class='ocr_carea' id='block_1_103' title="bbox 747 5223 1565 5290">
    <p class='ocr_par' dir='ltr' id='par_1_103' title="bbox 747 5223 1565 5290">
     <span class='ocr_line' id='line_1_103' title="bbox 747 5223 1565 5290; baseline 0.002 -13"><span class='ocrx_word' id='word_1_761' title='bbox 747 5225 794 5255; x_wconf 79' lang='lat'>&quot;</span> <span class='ocrx_word' id='word_1_762' title='bbox 857 5224 1017 5279; x_wconf 80' lang='lat' dir='ltr'><strong>Marc.</strong></span> <span class='ocrx_word' id='word_1_763' title='bbox 1049 5240 1088 5287; x_wconf 85' lang='grc' dir='ltr'><strong>ι,</strong></span> <span class='ocrx_word' id='word_1_764' title='bbox 1123 5223 1188 5276; x_wconf 78' lang='grc'><strong>15</strong></span> <span class='ocrx_word' id='word_1_765' title='bbox 1217 5240 1232 5290; x_wconf 87' lang='grc'><strong>;</strong></span> <span class='ocrx_word' id='word_1_766' title='bbox 1257 5224 1386 5279; x_wconf 88' lang='lat' dir='ltr'><strong>Luc.</strong></span> <span class='ocrx_word' id='word_1_767' title='bbox 1413 5243 1486 5288; x_wconf 86' lang='lat' dir='ltr'><strong>vi,</strong></span> <span class='ocrx_word' id='word_1_768' title='bbox 1512 5226 1565 5279; x_wconf 73' lang='grc'>2.</span> 
     </span>
    </p>
   </div>
   <div class='ocr_carea' id='block_1_104' title="bbox 1646 5225 2433 5296">
    <p class='ocr_par' dir='ltr' id='par_1_104' title="bbox 1646 5225 2433 5296">
     <span class='ocr_line' id='line_1_104' title="bbox 1646 5225 2433 5296; baseline 0.005 -16"><span class='ocrx_word' id='word_1_769' title='bbox 1646 5225 1801 5280; x_wconf 71' lang='lat' dir='ltr'><strong>“Job</strong></span> <span class='ocrx_word' id='word_1_770' title='bbox 1833 5244 1883 5288; x_wconf 92' lang='lat' dir='ltr'><strong>v,</strong></span> <span class='ocrx_word' id='word_1_771' title='bbox 1914 5228 1978 5281; x_wconf 77' lang='lat' dir='ltr'><strong>l5</strong></span> <span class='ocrx_word' id='word_1_772' title='bbox 2009 5228 2210 5293; x_wconf 77' lang='lat' dir='ltr'><strong>;lCor.</strong></span> <span class='ocrx_word' id='word_1_773' title='bbox 2243 5244 2323 5296; x_wconf 87' lang='grc' dir='ltr'>ιιι,</span> <span class='ocrx_word' id='word_1_774' title='bbox 2351 5231 2433 5284; x_wconf 80' lang='grc'><strong>19.</strong></span> 
     </span>
    </p>
   </div>
   <div class='ocr_carea' id='block_1_105' title="bbox 2351 4983 3929 5054">
    <p class='ocr_par' dir='ltr' id='par_1_105' title="bbox 2351 4983 3929 5054">
     <span class='ocr_line' id='line_1_105' title="bbox 2351 4983 3929 5054; baseline -0.002 -20"><span class='ocrx_word' id='word_1_775' title='bbox 2351 4983 2563 5053; x_wconf 85' lang='grc' dir='ltr'>συνέχει</span> <span class='ocrx_word' id='word_1_776' title='bbox 2615 4986 2714 5053; x_wconf 79' lang='grc' dir='ltr'>τὴν</span> <span class='ocrx_word' id='word_1_777' title='bbox 2773 4983 2912 5054; x_wconf 80' lang='grc' dir='ltr'>ζωὴν</span> <span class='ocrx_word' id='word_1_778' title='bbox 2962 4984 3156 5049; x_wconf 85' lang='grc' dir='ltr'>αὑτοῦ,</span> <span class='ocrx_word' id='word_1_779' title='bbox 3197 4984 3292 5037; x_wconf 71' lang='grc' dir='ltr'>καὶ</span> <span class='ocrx_word' id='word_1_780' title='bbox 3326 4985 3488 5052; x_wconf 77' lang='grc' dir='ltr'>ἀρκεῖ</span> <span class='ocrx_word' id='word_1_781' title='bbox 3548 4984 3717 5050; x_wconf 75' lang='grc' dir='ltr'>αὐτῷ.</span> <span class='ocrx_word' id='word_1_782' title='bbox 3774 4983 3929 5034; x_wconf 80' lang='grc' dir='ltr'>υῦτω</span> 
     </span>
    </p>
   </div>
   <div class='ocr_carea' id='block_1_106' title="bbox 2354 5073 3925 5146">
    <p class='ocr_par' dir='ltr' id='par_1_106' title="bbox 2354 5073 3925 5146">
     <span class='ocr_line' id='line_1_106' title="bbox 2354 5073 3925 5146; baseline -0.001 -22"><span class='ocrx_word' id='word_1_783' title='bbox 2354 5074 2726 5144; x_wconf 80' lang='grc' dir='ltr'>μακροθύμως</span> <span class='ocrx_word' id='word_1_784' title='bbox 2755 5077 3134 5146; x_wconf 80' lang='grc' dir='ltr'>ἀπεκρούσατο</span> <span class='ocrx_word' id='word_1_785' title='bbox 3154 5076 3251 5144; x_wconf 83' lang='grc' dir='ltr'>τὴν</span> <span class='ocrx_word' id='word_1_786' title='bbox 3293 5073 3540 5145; x_wconf 67' lang='grc' dir='ltr'>μηχανὴν</span> <span class='ocrx_word' id='word_1_787' title='bbox 3575 5078 3671 5142; x_wconf 71' lang='grc' dir='ltr'>τῆς</span> <span class='ocrx_word' id='word_1_788' title='bbox 3703 5089 3925 5144; x_wconf 66' lang='grc' dir='ltr'>γαστρι-</span> 
     </span>
    </p>
   </div>
   <div class='ocr_carea' id='block_1_107' title="bbox 2515 5234 2943 5302">
    <p class='ocr_par' dir='ltr' id='par_1_107' title="bbox 2515 5234 2943 5302">
     <span class='ocr_line' id='line_1_107' title="bbox 2515 5234 2943 5302; baseline 0.007 -16"><span class='ocrx_word' id='word_1_789' title='bbox 2515 5234 2559 5262; x_wconf 67' lang='lat'>“</span> <span class='ocrx_word' id='word_1_790' title='bbox 2583 5235 2736 5288; x_wconf 85' lang='lat' dir='ltr'><strong>Deut.</strong></span> <span class='ocrx_word' id='word_1_791' title='bbox 2771 5252 2888 5302; x_wconf 85' lang='lat' dir='ltr'><strong>vttt,</strong></span> <span class='ocrx_word' id='word_1_792' title='bbox 2911 5237 2943 5289; x_wconf 82' lang='grc'><strong>5</strong></span> 
     </span>
    </p>
   </div>
   <div class='ocr_carea' id='block_1_108' title="bbox 1882 5366 2728 5436">
    <p class='ocr_par' dir='ltr' id='par_1_108' title="bbox 1882 5366 2728 5436">
     <span class='ocr_line' id='line_1_108' title="bbox 1882 5366 2728 5436; baseline 0.012 -14"><span class='ocrx_word' id='word_1_793' title='bbox 1882 5366 2075 5427; x_wconf 62' lang='lat' dir='ltr'><strong>Variae</strong></span> <span class='ocrx_word' id='word_1_794' title='bbox 2105 5370 2411 5436; x_wconf 84' lang='lat' dir='ltr'><strong>lectiones</strong></span> <span class='ocrx_word' id='word_1_795' title='bbox 2448 5380 2506 5433; x_wconf 86' lang='lat' dir='ltr'><strong>et</strong></span> <span class='ocrx_word' id='word_1_796' title='bbox 2541 5382 2728 5435; x_wconf 65' lang='lat' dir='ltr'><strong>notae.</strong></span> 
     </span>
    </p>
   </div>
   <div class='ocr_carea' id='block_1_109' title="bbox 742 5473 1161 5544">
    <p class='ocr_par' dir='ltr' id='par_1_109' title="bbox 742 5473 1161 5544">
     <span class='ocr_line' id='line_1_109' title="bbox 742 5473 1161 5544; baseline -0.012 -15"><span class='ocrx_word' id='word_1_797' title='bbox 742 5473 851 5543; x_wconf 85' lang='lat'><strong>(96)</strong></span> <span class='ocrx_word' id='word_1_798' title='bbox 883 5473 1068 5544; x_wconf 84' lang='grc' dir='ltr'>Τούτῳ</span> <span class='ocrx_word' id='word_1_799' title='bbox 1098 5473 1161 5525; x_wconf 77' lang='grc' dir='ltr'>Α.</span> 
     </span>
    </p>
   </div>
   <div class='ocr_carea' id='block_1_110' title="bbox 721 5629 2236 5710">
    <p class='ocr_par' dir='ltr' id='par_1_110' title="bbox 721 5629 2236 5710">
     <span class='ocr_line' id='line_1_110' title="bbox 721 5629 2236 5710; baseline 0.002 -25"><span class='ocrx_word' id='word_1_800' title='bbox 721 5632 814 5710; x_wconf 34' lang='grc' dir='ltr'><strong>ιν)</strong></span> <span class='ocrx_word' id='word_1_801' title='bbox 847 5630 936 5710; x_wconf 43' lang='lat' dir='ltr'><strong>Ut“</strong></span> <span class='ocrx_word' id='word_1_802' title='bbox 963 5629 1228 5708; x_wconf 78' lang='lat' dir='ltr'><strong>videatur,</strong></span> <span class='ocrx_word' id='word_1_803' title='bbox 1280 5629 1346 5684; x_wconf 88' lang='lat' dir='ltr'><strong>ad</strong></span> <span class='ocrx_word' id='word_1_804' title='bbox 1399 5630 1879 5704; x_wconf 69' lang='lat' dir='ltr'><strong>deinonstrapdmu</strong></span> <span class='ocrx_word' id='word_1_805' title='bbox 1935 5648 2059 5687; x_wconf 88' lang='lat' dir='ltr'><strong>cum</strong></span> <span class='ocrx_word' id='word_1_806' title='bbox 2115 5649 2236 5688; x_wconf 82' lang='lat' dir='ltr'><strong>esse</strong></span> 
     </span>
    </p>
   </div>
   <div class='ocr_carea' id='block_1_111' title="bbox 672 5699 1255 5766">
    <p class='ocr_par' dir='ltr' id='par_1_111' title="bbox 672 5699 1255 5766">
     <span class='ocr_line' id='line_1_111' title="bbox 672 5699 1255 5766; baseline -0.002 -12"><span class='ocrx_word' id='word_1_807' title='bbox 672 5699 866 5754; x_wconf 75' lang='lat' dir='ltr'><strong>Filium</strong></span> <span class='ocrx_word' id='word_1_808' title='bbox 907 5700 1018 5762; x_wconf 81' lang='lat' dir='ltr'><strong>Dei,</strong></span> <span class='ocrx_word' id='word_1_809' title='bbox 1049 5711 1255 5766; x_wconf 82' lang='lat' dir='ltr'><strong>petere.</strong></span> 
     </span>
    </p>
   </div>
   <div class='ocr_carea' id='block_1_112' title="bbox 741 5769 2235 5844">
    <p class='ocr_par' dir='ltr' id='par_1_112' title="bbox 741 5769 2235 5844">
     <span class='ocr_line' id='line_1_112' title="bbox 741 5769 2235 5844; baseline 0.004 -22"><span class='ocrx_word' id='word_1_810' title='bbox 741 5773 819 5841; x_wconf 84' lang='lat' dir='ltr'><strong>(.r)</strong></span> <span class='ocrx_word' id='word_1_811' title='bbox 852 5769 1019 5824; x_wconf 75' lang='lat' dir='ltr'><strong>Certe.</strong></span> <span class='ocrx_word' id='word_1_812' title='bbox 1053 5769 1209 5824; x_wconf 77' lang='lat' dir='ltr'><strong>Forte</strong></span> <span class='ocrx_word' id='word_1_813' title='bbox 1237 5781 1358 5841; x_wconf 83' lang='lat' dir='ltr'><strong>post</strong></span> <span class='ocrx_word' id='word_1_814' title='bbox 1390 5772 1529 5841; x_wconf 81' lang='grc' dir='ltr'>ἔχων</span> <span class='ocrx_word' id='word_1_815' title='bbox 1563 5775 1764 5844; x_wconf 79' lang='lat' dir='ltr'><strong>reperit</strong></span> <span class='ocrx_word' id='word_1_816' title='bbox 1827 5773 2009 5842; x_wconf 74' lang='grc' dir='ltr'>δῆθεν,</span> <span class='ocrx_word' id='word_1_817' title='bbox 2075 5773 2235 5844; x_wconf 81' lang='lat' dir='ltr'><strong>idque</strong></span> 
     </span>
    </p>
   </div>
   <div class='ocr_carea' id='block_1_113' title="bbox 2348 5636 2763 5692">
    <p class='ocr_par' dir='ltr' id='par_1_113' title="bbox 2348 5636 2763 5692">
     <span class='ocr_line' id='line_1_113' title="bbox 2348 5636 2763 5692; baseline 0.01 -5"><span class='ocrx_word' id='word_1_818' title='bbox 2348 5636 2582 5691; x_wconf 75' lang='lat' dir='ltr'><strong>reddidit</strong></span> <span class='ocrx_word' id='word_1_819' title='bbox 2607 5648 2763 5692; x_wconf 75' lang='lat' dir='ltr'><strong>certe.</strong></span> 
     </span>
    </p>
   </div>
   <div class='ocr_carea' id='block_1_114' title="bbox 2420 5708 3917 5787">
    <p class='ocr_par' dir='ltr' id='par_1_114' title="bbox 2420 5708 3917 5787">
     <span class='ocr_line' id='line_1_114' title="bbox 2420 5708 3917 5787; baseline 0.004 -26"><span class='ocrx_word' id='word_1_820' title='bbox 2420 5708 2489 5787; x_wconf 61' lang='grc' dir='ltr'><strong>(λ)</strong></span> <span class='ocrx_word' id='word_1_821' title='bbox 2528 5708 2936 5787; x_wconf 57' lang='lat' dir='ltr'><strong>Observandum.</strong></span> <span class='ocrx_word' id='word_1_822' title='bbox 2969 5709 3195 5764; x_wconf 80' lang='lat' dir='ltr'><strong>Videtur</strong></span> <span class='ocrx_word' id='word_1_823' title='bbox 3227 5709 3423 5787; x_wconf 73' lang='lat' dir='ltr'><strong>legisse</strong></span> <span class='ocrx_word' id='word_1_824' title='bbox 3475 5711 3917 5784; x_wconf 68' lang='grc' dir='ltr'>παρατηρητέον.</span> 
     </span>
    </p>
   </div>
   <div class='ocr_carea' id='block_1_115' title="bbox 2346 5775 3507 5853">
    <p class='ocr_par' dir='ltr' id='par_1_115' title="bbox 2346 5775 3507 5853">
     <span class='ocr_line' id='line_1_115' title="bbox 2346 5775 3507 5853; baseline 0.007 -25"><span class='ocrx_word' id='word_1_825' title='bbox 2346 5775 2486 5830; x_wconf 67' lang='lat' dir='ltr'><strong>Infra</strong></span> <span class='ocrx_word' id='word_1_826' title='bbox 2523 5780 2963 5849; x_wconf 74' lang='grc' dir='ltr'>ἀπαρατηρήτως</span> <span class='ocrx_word' id='word_1_827' title='bbox 3002 5796 3226 5850; x_wconf 78' lang='lat' dir='ltr'><strong>prorsus</strong></span> <span class='ocrx_word' id='word_1_828' title='bbox 3250 5775 3507 5853; x_wconf 67' lang='grc' dir='ltr'>ηέεΙρτὶι.</span> 
     </span>
    </p>
   </div>
  </div>
