4122 6412
273 401 379 468 185

334 512 500 581 (ΚΕΦ
533 516 632 583 Δ⁹.)
691 516 827 584 Περὶ
858 515 966 582 τῆς
989 513 1395 580 διδασκαλίας
1422 513 1532 568 τοῦ
1557 512 1854 583 Σωτῆρος.
1888 516 1936 570 Α

350 610 488 663 Ἀπὸ
513 611 648 663 τότε
673 640 739 651 -
774 608 1072 676 οὐρανῶν,
1123 608 1300 661 Τοῦτο
1324 609 1429 679 πρὸ
1467 607 1564 660 τοῦ
1599 608 1859 675 Σωτῆρος

262 703 291 754 6
326 702 583 769 Ἰωάννης
612 700 898 770 ἐκήρυξεν.
935 703 1196 771 Ἀρχεται
1226 701 1282 753 δὲ
1315 700 1407 752 καὶ
1436 702 1462 752 6
1505 700 1743 768 Χριστὸς
1771 701 1857 750 ἐν-

267 793 485 854 τεῦθεν,
523 795 610 845 ἵνα
645 793 814 863 δείξῃ.
860 794 943 846 ὅτι
985 791 1275 862 προοίμιον
1315 791 1483 845 αὐτοῦ
1509 787 1576 862 ἦν
1603 793 1632 844 6
1673 792 1858 845 Ἰωάν-

264 903 385 954 νης,
431 889 528 938 καὶ
569 886 651 937 ὅτι
685 885 785 936 ούκ
817 885 966 936 ἔστιν
1001 877 1159 948 οὗτος
1187 886 1435 948 ἐναντίος
1483 886 1701 954 ἐκείνῳ.
1746 884 1856 938 Kal

265 982 375 1047 γὰρ
403 979 510 1029 ἔδει
563 976 785 1046 πρῶτον
847 977 1008 1030 ἄλλον
1076 977 1431 1047 μαρτυρῆσαι
1490 980 1618 1047 περὶ
1664 975 1855 1039 αὐτοῦ,

263 1068 361 1121 zal
402 1069 522 1120 τκὶτε
556 1069 721 1120 αὐτὸν
753 1068 953 1121 ἐλθεῖν.
995 1067 1152 1127 Τινὲς
1179 1068 1236 1121 δὲ
1261 1068 1547 1135 λέγουστν,
1585 1069 1669 1121 ὅτι
1708 1069 1860 1121 δοκεῖ

264 1157 368 1226 μὲν
392 1157 419 1210 6
448 1159 531 1227 Χρ
562 1159 684 1221 στος
723 1157 792 1210 τὰ
827 1159 967 1212 αὐτὰ
1005 1159 1083 1229 τῷ
1116 1159 1347 1232 Ἰωάννῃ
1383 1163 1710 1229 κηρύσσειν,
1741 1155 1858 1216 οἷον

259 1249 321 1299 τὸ
349 1249 728 1311 Μετανοεῖτε,
766 1249 860 1302 καὶ
908 1250 968 1302 τὸ
1019 1251 1299 1318 Ἤγγικεν
1333 1251 1370 1318 ἠ
1401 1250 1695 1314 ,ϐασιλεία
1737 1249 1859 1304 τῶν

258 1341 560 1410 οὐρανῶν,
610 1345 710 1396 οὐκ
745 1344 862 1395 ἐστι
893 1344 971 1398 δέ.
1025 1343 1085 1396 Ὀ
1142 1343 1244 1413 μὲν
1272 1343 1384 1415 γὰρ
1419 1345 1701 1415 Ἰωάννης,
1737 1346 1858 1399 Με-

259 1436 534 1496 τανοεῖτε,
574 1435 788 1502 ἔλεγεν,
837 1433 924 1502 ἐφ’
955 1431 1038 1498 οἷς
1101 1436 1497 1506 ἡμαρτήκατε⁶
1536 1438 1564 1490 6
1601 1435 1659 1490 δὲ
1721 1437 1859 1508 Χρι-

260 1525 410 1587 στδς,
444 1525 799 1592 Μετανοεῖτε,
833 1527 956 1581 ἀντὶ
989 1527 1107 1590 τοῦ,
1147 1528 1575 1582 Μεταὸάλλεσθε
1613 1529 1724 1583 ἀπὸ
1753 1530 1856 1599 τῆς

259 1617 505 1680 παλαιᾶς
537 1617 631 1670 ἐπὶ
664 1618 766 1688 τὴν
813 1623 1032 1688 καινήν.
1083 1621 1194 1673 Kal
1232 1622 1547 1691 παράγουσι
1601 1599 1857 1692 μάρτυρα

254 1709 351 1761 τὸν
388 1711 643 1780 Μάρκον,
679 1711 991 1780 προσθέντα
1025 1713 1109 1765 τό·
1166 1714 1277 1767 Καὶ
1330 1715 1652 1768 πιστεύετε
1680 1715 1751 1768 ἐν
1778 1714 1860 1781 τῷ

258 1803 630 1870 Εὑαςγελίῳ.
677 1804 785 1857 Καὶ
821 1803 850 1856 6
893 1803 993 1873 μὲν
1036 1803 1316 1874 Ἰωάννης,
1351 1806 1859 1874 φασὶ,,ϐασι.ιείαν

259 1892 562 1960 οἰτανῶν,
629 1895 722 1948 τὸν
775 1896 1012 1966 Χριστὸν
1064 1895 1370 1967 ὠνόμασεν·
1425 1899 1454 1950 6
1501 1897 1560 1951 δὲ
1622 1898 1859 1969 Χριστὸς

256 1985 362 2054 τὴν
420 1987 675 2056 οὐράνιον
724 1990 818 2042 καὶ
863 1989 1166 2060 ἀγγελικὴν
1221 1991 1526 2055 πολιτείαν,
1576 1994 1644 2064 ἣν
1693 1994 1856 2056 αὐτὸς

255 2074 457 2141 [uelle
505 2077 846 2145 νομοθετεῖν,
907 2078 985 2141 ὡς
1040 2081 1484 2150 προειρήκαμεν.
1553 2079 1616 2132 '0
1670 2079 1857 2149 μέντοι

253 2168 509 2237 Μάρκος,
545 2171 666 2222 ἀντὶ
692 2170 786 2221 τοῦ
819 2171 1112 2224 Βασιλεία
1137 2169 1254 2223 τῶν
1277 2169 1574 2239 οὐρανῶν,
1637 2171 1712 2226 Ἠ
1735 2170 1857 2235 ,ϐα-

253 2263 465 2315 σιλεία
497 2263 603 2316 τοῦ
644 2263 792 2316 Θεοῦ
824 2259 970 2320 εἷπε.
997 2265 1108 2319 Καὶ
1138 2267 1342 2318 νοεῖται
1374 2265 1479 2328 ἔτι,
1511 2266 1594 2318 ὅτι
1623 2265 1857 2336 ἤγγικεν

254 2355 288 2423 ή
318 2351 574 2423 βασιλεία
607 2355 701 2407 τοῦ
730 2356 888 2421 Θεοῦ,
913 2357 1002 2412 Eva
1056 2356 1360 2428 βασιλεύσῃ
1411 2357 1522 2411 τῶν
1565 2357 1857 2411 πιστευόν-

253 2461 365 2497 των
416 2445 542 2498 τῶν
586 2447 686 2514 μὲν
740 2447 847 2518 γὰρ
903 2447 1152 2502 ἀπίστων
1203 2447 1366 2517 φύσει
1412 2449 1534 2502 εστὶ
1599 2448 1858 2519 βασιλεὺς

256 2536 287 2586 6
317 2535 450 2598 Υἱὸς
484 2537 598 2605 (15)
645 2537 737 2590 καὶ
789 2538 959 2605 Λόγος
986 2553 999 2566 ·
1038 2537 1150 2590 τῶν
1207 2537 1262 2592 δὲ
1313 2539 1705 2603 πιστευόντων,
1759 2540 1858 2592 καὶ

255 2627 420 2694 φύσει
479 2629 575 2682 καὶ
612 2629 962 2700 προαιρέσει,
991 2629 1263 2695 ἑκουσίως
1298 2630 1613 2702 δεχομένων
1657 2631 1720 2684 τδ
1763 2631 1856 2684 ὑπ’

251 2719 424 2772 αὐτοῦ
483 2719 890 2789 βασιλεύεσθαι.

325 2813 682 2880 Ιιεριπατῶν
707 2843 778 2854 -
802 2814 986 2879 αὐτῷ.
1018 2813 1300 2878 Ματθαῐος
1332 2814 1431 2885 μὲν
1478 2813 1715 2870 δνταῦθά
1747 2832 1857 2886 φη-

253 2920 360 2970 σιν,
391 2906 477 2958 ὅτι
549 2906 689 2974 μετὰ
721 2907 781 2958 τὸ
813 2906 1190 2976 παραδοθῆναι
1219 2906 1311 2960 τὸν
1339 2906 1594 2976 Ἰωάννην
1623 2907 1855 2977 ὴκολού·

251 2995 432 3065 θησαν
465 2993 612 3051 οὗτοι
659 2995 736 3065 τῷ
771 2998 951 3065 Ἰησοῦ
974 3011 990 3027 ⁶
1027 2998 1056 3050 6
1089 2998 1134 3051 6‘
1170 2996 1568 3069 εύαγγελιστὴς
1601 2997 1859 3068 Ἰωάννης

251 3089 480 3160 μᾶλλον,
515 3091 596 3143 ὃτι
626 3092 732 3161 πρὸ
761 3089 855 3144 τοῦ
880 3091 1274 3161 παραδοθῆναι.
1307 3091 1421 3146 Kal
1448 3090 1728 3155 Ματθαῐος
1755 3092 1857 3162 μὲν

1161 400 1552 462 COMMENT.
1599 356 2207 461 lanuuinum.
2255 425 2319 435 —
2357 401 2517 460 σειν.
2565 400 2664 461 IV.

3466 405 3570 470 186

2279 513 2456 579 (CAP.
2494 514 2611 583 IV.)
2652 514 2726 567 De
2760 515 3005 568 doctrina
3037 513 3260 574 Christi.

2032 604 2192 659 Vers.
2228 605 2316 658 17.
2344 606 2427 660 Ex
2476 623 2535 660 eo
2570 618 2811 674 tempore
2838 637 2911 646 —
2944 608 3214 662 caelorum.
3251 608 3380 666 Haec
3430 621 3562 670 ante

1961 696 2298 751 Salvatorem
2323 697 2563 752 Joannes
2590 697 2933 766 praedicavit.
2962 698 3162 769 Incipit
3188 710 3370 755 autem
3401 702 3570 757 etiam

1963 790 2090 844 inde
2132 789 2416 854 Christus,
2450 799 2509 843 ut
2537 789 2794 844 ostendat
2816 791 3152 862 principium
3203 807 3363 846 suum
3394 792 3572 848 fuisse

1962 881 2254 946 Joannem,
2314 891 2370 936 et
2439 897 2792 951 nequaquam
2862 883 2936 936 illi
3003 884 3345 936 contrarium
3418 900 3568 939 esse.

1956 971 2156 1043 Operae
2187 973 2426 1043 pretium
2463 973 2611 1028 enim
2639 982 2780 1041 erat,
2827 984 2887 1027 ut
2919 973 3159 1043 primum
3207 975 3350 1028 alius
3383 974 3452 1028 de
3504 989 3572 1029 eo

1962 1067 2132 1121 ferret
2170 1067 2573 1128 testimonium,
2635 1075 2690 1121 et
2745 1075 2878 1122 tunc
2908 1067 3127 1121 veniret
3161 1066 3300 1136 ipse.
3333 1068 3570 1132 Quidam

1959 1162 2144 1208 autem
2204 1154 2417 1219 dicunt,
2491 1154 2668 1210 videri
2730 1156 2952 1226 quidem
3011 1157 3204 1210 eadem
3273 1158 3572 1226 prasdicare

1960 1245 2266 1310 Christum,
2291 1262 2413 1317 qua
2429 1246 2694 1313 Joannes,
2724 1257 2857 1318 puta
2884 1263 2899 1300 :
2926 1247 3260 1316 Resipiscite,
3297 1257 3347 1301 et
3401 1250 3570 1304 instat

1961 1354 2182 1408 regnum
2233 1331 2506 1404 calorum,
2573 1355 2685 1394 non
2743 1349 2930 1395 tamen
2987 1340 3063 1394 ita
3123 1356 3273 1396 esse.
3321 1339 3572 1394 Joannes

1958 1431 2232 1500 siquidem
2283 1431 2422 1486 dixit
2478 1449 2492 1485 :
2545 1432 2916 1502 Resipiscite,
2966 1444 3193 1504 propter
3234 1442 3464 1503 peccata
3515 1433 3569 1486 in

1960 1524 2165 1594 quibus
2190 1523 2526 1580 oll‘endistis.
2563 1525 2819 1581 Christus
2855 1541 3028 1580 vero:
3093 1525 3445 1594 Resipiscite,
3510 1533 3573 1578 ut

1961 1616 2259 1671 transferri
2316 1618 2643 1673 mereamini
2699 1635 2727 1672 a
2763 1619 2937 1673 veteri
2989 1618 3351 1673 Testamento
3382 1617 3482 1683 (ee)
3514 1617 3572 1670 in

1959 1724 2185 1763 novum.
2218 1710 2283 1764 Et
2318 1709 2560 1764 Marcum
2591 1725 2691 1781 pro
2725 1719 2871 1765 teste
2900 1710 3209 1771 adducunt,
3235 1708 3329 1779 qui
3357 1707 3512 1762 addit
3549 1722 3566 1760 :

1960 1801 2029 1856 Et
2079 1803 2275 1856 credite
2342 1801 2737 1872 Evangelia".
2797 1801 2861 1858 Et
2919 1800 3189 1864 Joannes,
3280 1800 3566 1870 inquiunt,

1968 1895 2253 1951 Christum
2281 1897 2500 1952 vocavit
2541 1913 2760 1965 regnum
2798 1896 3077 1950 calorum.
3099 1895 3356 1948 Christus
3384 1901 3570 1946 autem

1960 1988 2241 2043 caelestem
2270 1988 2695 2059 angelicamque
2722 1987 2997 2058 politiam,
3017 2001 3183 2056 quam
3225 1985 3342 2054 ipse
3370 1983 3570 2045 condi-

1962 2087 2120 2132 turus
2149 2090 2289 2145 erat,
2319 2087 2380 2133 ut
2412 2077 2796 2149 przediximus.
2825 2077 3040 2131 Marcus
3069 2091 3204 2130 sane
3255 2090 3355 2145 pro
3389 2073 3570 2144 Regna

1962 2170 2212 2228 caelorum
2243 2170 2408 2232 dixit,
2436 2169 2678 2240 Regnum
2705 2168 2803 2223 Dei
2833 2169 2902 2220 ⁷⁸.
2934 2167 3269 2238 lntelligitur
3295 2174 3570 2237 praeterea

1962 2278 2192 2332 regnum
2256 2261 2352 2318 Dei
2384 2263 2619 2326 instare,
2675 2271 2736 2316 ut
2795 2275 2966 2330 super
3021 2259 3318 2314 credentes
3351 2267 3568 2328 regnet.

1960 2351 2241 2423 Siquidem
2295 2353 2706 2408 incredulorum
2733 2361 2930 2406 natura
2962 2349 3074 2405 Rex
3109 2359 3195 2404 est
3229 2348 3408 2404 Filius
3467 2346 3568 2400 Dei

1959 2455 2016 2500 et
2055 2444 2320 2510 Verbum,
2353 2443 2704 2500 credentium
2719 2457 2854 2498 vero
2883 2451 3121 2511 utroque
3149 2440 3336 2501 modo,
3363 2447 3566 2493 natura

1959 2539 2220 2594 videlicet
2253 2548 2310 2594 et
2339 2537 2644 2603 voluntate,
2674 2551 2804 2591 cum
2859 2542 3062 2605 sponte
3107 2531 3568 2606 gubernationem

1960 2627 2080 2696 ejus
2103 2627 2427 2696 suscipiant.

2036 2819 2191 2877 νει-ε.
2261 2821 2349 2877 l8.
2395 2821 2870 2877 Ambulans—V.
2907 2822 3001 2877 20.
3073 2818 3242 2874 Eum.
3282 2819 3573 2876 Mattheus

1958 2915 2184 2984 quidem
2243 2915 2298 2969 in
2351 2915 2456 2971 hoc
2513 2917 2634 2971 loco
2660 2915 2818 2980 dicit,
2849 2926 3141 2986 postquam
3183 2913 3419 2968 traditus
3479 2923 3570 2967 est

1957 3001 2202 3058 Joannes
2261 3005 2363 3059 hos
2420 3019 2546 3059 esse
2599 3004 2884 3060 Christum
2913 3012 3161 3059 secutos.
3219 3000 3569 3073 Evangelista

1963 3112 2097 3150 vero
2128 3095 2390 3160 Joannes,
2434 3097 2581 3167 quod
2607 3097 2794 3168 potius
2825 3105 3121 3168 antequam
3159 3095 3471 3149 traderetur
3494 3093 3568 3148 ".

251 3178 435 3247 εἶπεν,
471 3183 555 3234 ὅτι
587 3183 681 3236 καὶ
717 3183 1064 3255 ἀμφοτὲρους
1095 3185 1123 3237 6
1153 3183 1371 3255 Ἰησοῦς
1407 3183 1705 3237 ἐκάλεσενο
1737 3185 1766 3238 6
1795 3183 1851 3238 δὲ

1961 3186 2234 3243 Praeterea
2259 3187 2550 3244 Matthasus
2581 3189 2782 3245 asserit
2805 3189 2971 3244 simul
3007 3199 3305 3254 utrumque
3336 3199 3569 3240 vocasse

249 3276 532 3346 Ἰωάννης,
565 3276 649 3329 ὅτι
693 3275 783 3327 τὸν
821 3274 921 3346 μὲν
959 3274 1244 3346 Ἀνδρέαν,
1299 3277 1328 3329 6
1369 3273 1604 3346 Ἰησοῦς,
1653 3275 1747 3328 τὸν
1794 3276 1850 3330 δὲ

253 3370 484 3440 Πέτρον,
531 3371 561 3422 6
616 3369 896 3435 ’Δνδρέα;.
945 3369 1112 3423 Ὅθεν
1165 3370 1423 3442 φανερὸν,
1475 3372 1561 3425 ὅτι
1617 3372 1854 3443 δευτέρα

252 3461 395 3533 αὕτη
437 3464 471 3533 ἡ
525 3461 717 3532 κλῆσις
764 3457 856 3533 ἦν.
893 3464 1000 3518 Καὶ
1028 3465 1139 3534 γὰρ
1171 3463 1642 3537 ἀκολουθήσαντες
1678 3466 1852 3538 αὐτῷ,

252 3554 363 3625 πρὸ
384 3555 484 3608 τοῦ
515 3555 888 3630 παραδοθῆναι
911 3555 1004 3610 τὸν
1037 3555 1321 3626 Ἰωάννην,
1353 3556 1658 3628 ὶπανῆλθον
1687 3559 1853 3612 πάλιν

255 3649 336 3708 εις
368 3647 472 3716 τὴν
496 3647 638 3700 ἰδίαν
670 3645 933 3716 πατρίδα,
961 3647 1056 3700 καὶ
1079 3645 1179 3716 τὴν
1205 3647 1482 3718 προτέραν
1499 3649 1699 3720 τέχνην
1720 3667 1854 3719 μετ-

251 3738 609 3810 ιχειρίζοντο,
662 3739 759 3793 an
813 3739 906 3792 τὸν
950 3741 1050 3809 μὲν
1078 3739 1342 3810 Ἰωάννην
1377 3740 1582 3803 ιδόντες
1612 3743 1854 3812 παραδο-

254 3831 440 3895 Bina,
492 3831 588 3883 τὸν
633 3831 690 3883 δι
737 3830 951 3901 Ἰησοῦν
999 3831 1462 3902 ἀναχωρήσαντα.
1515 3833 1720 3887 Λοιπὸν
1761 3829 1856 3888 οὖν

254 3921 284 3972 6
315 3922 576 3991 Χριστὸς,
611 3921 796 3985 ὶνδοὺς
831 3923 1021 3986 αὐτοῖς
1052 3921 1113 3975 1:6
1153 3922 1397 3994 πρῶτον,
1431 3921 1655 3995 Ιρχεται
1689 3923 1854 3977 πάλιν

255 4013 706 4083 ἁνακτήσόμενος
732 4012 829 4065 καὶ
861 4013 1076 4066 κελεύει
1109 4013 1449 4079 ἀκολουθεῖν,
1485 4013 1595 4081 ἵνα,
1631 4014 1750 4068 ἀνθ’
1777 4009 1853 4070 ὧν

255 4102 403 4174 εἶχον
451 4103 712 4168 δικτύων,
767 4100 1026 4168 λαϐόντες
1069 4105 1202 4176 παρ’
1258 4105 1426 4159 αὐτοῦ
1476 4106 1575 4177 τὴν
1626 4106 1853 4178 λογικὴν

258 4196 533 4266 σαγήνην,
570 4195 667 4249 καὶ
700 4195 991 4266 βάλλοντες
1027 4198 1108 4260 si;
1141 4195 1242 4269 τὴν
1269 4196 1548 4252 θάλασσαν
1577 4198 1672 4251 τοῦ
1712 4198 1853 4270 βίου,

255 4292 388 4354 τοὺς
416 4288 746 4360 ἀνθρώπους
777 4291 893 4362 (Η)
926 4289 1298 4362 θηρεύσωσιν,
1338 4291 1461 4344 ἀντὶ
1491 4290 1600 4345 τῶν
1633 4293 1853 4364 ἰχθύων.

258 4383 468 4436 Σκόπει
526 4382 606 4451 δὲ,
665 4383 785 4446 πῶς
836 4383 1044 4447 εὐθέως
1099 4383 1442 4454 ὑπήκουσαν,
1497 4385 1595 4438 καὶ
1640 4387 1860 4456 ἀφῆκαν

255 4473 292 4529 ἃ
332 4469 502 4544 εἶχον,
538 4473 705 4544 μηδὲν
734 4492 786 4528 τι
813 4475 1318 4546 προφασισὰμενοι.
1352 4476 1462 4530 Kal
1488 4477 1602 4548 γὰρ
1631 4476 1807 4542 οὕτως
1831 4479 1859 4532 6

257 4566 501 4636 Χριστὸς
548 4565 824 4636 βούλεται,
865 4565 1070 4631 παντὸς
1113 4567 1423 4636 ἀναγκαίου
1467 4570 1749 4639 προτιμᾷν
1794 4571 1857 4623 τὸ

255 4658 576 4712 ἀκολουθεῖν
605 4659 778 4730 αὐτῷ.
805 4659 985 4714 Δεῦτε
1010 4660 1089 4726 δὲ,
1131 4660 1329 4714 ὀπίσω
1350 4678 1496 4731 μου,
1531 4657 1707 4728 εἶπεν,
1738 4663 1861 4718 ἀντὶ

255 4749 378 4817 τοῦ,
415 4750 851 4822 Ἀκολουθήσατέ
889 4768 1001 4822 μοι.

331 4839 612 4913 [Ἂδελφοὶ
652 4841 765 4912 (15)
812 4841 928 4906 δύο,
979 4842 1242 4910 γεγόνασι
1292 4843 1484 4914 πρώτη
1541 4843 1738 4915 κλῆσις
1777 4848 1858 4920 τῷ

257 4930 508 5003 Χριστῷ,
554 4933 866 4988 διδάσκοντι
907 4935 1007 4988 καὶ
1057 4934 1148 4987 διὰ
1191 4933 1386 4988 τούτου
1432 4934 1496 4988 τδ
1548 4937 1856 5008 προσήκειν

259 5023 572 5092 ἁδελφικῶς
621 5025 1024 5089 πολιτεύεσθαι,
1068 5027 1164 5080 καὶ
1194 5027 1406 5097 ’ἀδελφά
1447 5030 1689 5098 φρονεῖν,
1726 5029 1856 5095 τοὺς

259 5117 742 5190 μαθητευομένους
773 5119 943 5190 αύτῷ.
970 5118 992 5191 ]

366 5264 412 5296 ⁷³
446 5261 616 5319 Mare.
667 5278 706 5325 ι,
745 5262 834 5317 15.
947 5263 992 5294 ⁷⁸
1026 5263 1164 5320 Ibid.

1273 5266 1321 5298 "
1361 5267 1520 5323 Juatt.
1550 5285 1588 5334 ι,
1630 5268 1702 5326 35
1734 5285 1889 5347 seqq.

1955 3279 2194 3347 Jesum;
2256 3280 2510 3336 Joannes
2567 3289 2777 3347 autem,
2832 3279 2978 3350 quod
3008 3280 3284 3333 Andream
3341 3275 3568 3346 quidem

1957 3371 2145 3439 Jesus,
2171 3371 2399 3428 Petrum
2436 3387 2566 3427 vero
2592 3372 2846 3428 Andreas
2876 3370 3184 3426 vocaverit.
3207 3367 3364 3423 Unde
3382 3367 3574 3422 mani-

1957 3465 2161 3521 festum
2220 3467 2472 3521 esthanc
2498 3465 2803 3521 secundam
2830 3464 3004 3520 fuisse
3051 3462 3431 3519 vocationem.
3463 3461 3562 3515 Et-

1959 3557 2110 3614 enim
2149 3573 2274 3613 cum
2311 3573 2436 3612 eum
2472 3557 2646 3612 secuti
2691 3557 2926 3612 fuissent
2955 3565 3086 3610 ante
3112 3551 3346 3610 Joannis
3394 3551 3570 3607 tradi-

1960 3653 2192 3718 tionem,
2234 3665 2453 3706 rursum
2482 3650 2550 3705 ad
2581 3649 2818 3722 patriam
2845 3648 3054 3704 reversi
3085 3657 3237 3714 sunt,
3267 3655 3558 3715 artemque

1960 3746 2201 3815 priorem
2259 3750 2633 3798 exercuerunt
2682 3759 2697 3796 :
2752 3748 2948 3811 utpote
2980 3741 3239 3796 videntes
3294 3737 3570 3794 Joannem

1962 3833 2187 3902 quidem
2251 3831 2515 3888 traditum
2572 3846 2716 3897 esse,
2791 3830 2980 3887 Jesum
3049 3845 3184 3886 vero
3242 3828 3568 3889 secessisse.

1964 3927 2322 3982 Postmodum
2376 3925 2545 3997 igitur
2589 3923 2872 3990 Christus,
2934 3922 3177 3994 primum
3210 3922 3294 3978 eis
3351 3921 3564 3976 factum

1965 4021 2281 4088 ignescens,
2326 4015 2480 4071 venit
2514 4024 2574 4069 ut
2607 4029 2829 4070 rursum
2881 4027 2982 4068 eos
3010 4019 3344 4082 recuperat:
3382 4009 3570 4081 jubet-

1965 4127 2074 4181 que
2106 4119 2168 4165 ut
2191 4119 2515 4180 sequantur,
2551 4114 2608 4162 et
2641 4121 2740 4178 pro
2766 4105 2978 4161 retibus
3017 4121 3140 4174 qua:
3179 4101 3567 4174 possidebant,

1969 4212 2190 4261 sumant
2247 4203 2316 4258 ab
2360 4218 2426 4258 eo
2457 4201 2782 4257 rationalem
2820 4212 3084 4270 sagenam
3131 4214 3145 4251 :
3203 4204 3259 4251 et
3304 4194 3360 4250 in
3413 4209 3570 4250 mare

1967 4297 2157 4354 saeculi
2193 4297 2502 4362 mittentes,
2533 4310 2634 4364 pro
2675 4293 2922 4364 piscibus
2961 4289 3220 4346 homines
3237 4287 3475 4357 capiant.
3504 4284 3572 4341 Et

1969 4390 2094 4445 vide
2125 4387 2404 4460 quomodo
2434 4387 2644 4450 statim,
2678 4385 2765 4440 his
2793 4400 2918 4455 qua:
2947 4381 3312 4454 possidebant
3359 4377 3574 4432 relictis

1969 4483 2319 4549 obedierunt,
2366 4479 2508 4534 nihil
2564 4477 3013 4550 tergiversantes.
3077 4473 3155 4529 lta
3218 4485 3417 4542 nempe
3447 4468 3570 4524 vult

1965 4574 2242 4640 Christus,
2288 4581 2350 4629 ut
2397 4571 2576 4628 cuivis
2621 4568 2948 4626 necessitati
2988 4582 3123 4624 suus
3207 4572 3572 4635 praeponatur

1961 4667 2356 4739 discipulatus.
2381 4665 2530 4722 Dixlt
2555 4673 2741 4719 autem
2776 4679 2791 4717 :
2822 4662 3002 4719 Venite
3036 4669 3155 4732 post
3190 4676 3297 4723 me,
3327 4659 3435 4714 hoc
3459 4666 3572 4719 est,

1962 4762 2269 4833 Sequimini
2297 4776 2406 4816 me.

2037 4853 2259 4909 Fratres
2291 4852 2538 4919 fuerunt,
2572 4852 2666 4923 qui
2693 4851 2931 4923 primum
2971 4863 3001 4902 a
3037 4845 3266 4902 Christo
3328 4841 3576 4898 docente

1963 4947 2144 5002 vocati
2183 4957 2312 5001 sunt
2345 4965 2359 5002 :
2390 4956 2502 5001 tum
2526 4947 2652 5016 quia
2691 4943 2824 5000 huic
2844 4938 3109 4998 convenit
3134 4937 3384 4993 fraterno
3403 4931 3575 4989 modo

1964 5041 2277 5112 gubernare
2311 5057 2327 5095 :
2356 5049 2470 5095 tum
2486 5040 2615 5110 quia
2641 5038 2888 5094 fraterno
2906 5033 3070 5091 modo
3093 5045 3292 5105 sapere
3315 5033 3573 5101 oporteat

1960 5147 2059 5188 eos
2081 5132 2174 5203 qui
2199 5132 2269 5188 ab
2290 5132 2412 5204 ipso
2434 5132 2725 5188 docentur.

1464 5428 1667 5492 Varia
1695 5432 2008 5498 lectiones
2051 5442 2117 5498 et
2161 5443 2357 5498 nota.

336 5547 450 5612 (13)
514 5546 628 5597 Kal
657 5544 830 5612 Λόγος
855 5547 884 5598 6
911 5547 1061 5611 Υἱός.
1103 5549 1169 5603 Α.

335 5615 450 5688 (ιι)
481 5615 828 5684 Θηρεύωσιν.
861 5616 919 5670 Β.

2038 5555 2154 5629 (t5)
2183 5555 2397 5614 Inclusa
2426 5556 2480 5612 in
2523 5557 2767 5629 margine
2802 5554 2969 5612 habet
2993 5557 3061 5610 Α.

335 5734 430 5802 (ιε)
471 5733 830 5811 ’ζέειίζηιθηιο-
865 5733 960 5811 Ῡίκ
1007 5745 1215 5811 ρειιςπιι
1248 5735 1530 5811 ᾼιαοὲκηε
1563 5751 1844 5810 τυροτιιιιη
1880 5759 2002 5802 esse
2051 5744 2121 5802 ab
2151 5741 2423 5799 llentcnio
2465 5742 2520 5798 in
2545 5741 2759 5798 codice.
2813 5739 2993 5796 Malim
3044 5735 3304 5811 equidem
3339 5729 3562 5790 intelli-

263 5820 387 5877 gere
422 5805 726 5866 πολιτείας,
758 5805 900 5870 quod
939 5807 1098 5874 paulo
1129 5806 1356 5861 inferius
1383 5807 1600 5880 legitur.
