  <div class='ocr_page' id='page_1' title='image "/cluster/home/n/w/nwhite01/storage/ocr_20150623/129/uva.x030341099/104.png"; bbox 0 0 4042 6418; ppageno 0'>
   <div class='ocr_carea' id='block_1_1' title="bbox 193 397 299 463">
    <p class='ocr_par' dir='ltr' id='par_1_1' title="bbox 193 397 299 463">
     <span class='ocr_line' id='line_1_1' title="bbox 193 397 299 463; baseline -0.009 0"><span class='ocrx_word' id='word_1_1' title='bbox 193 397 299 463; x_wconf 78' lang='grc'><strong>189</strong></span> 
     </span>
    </p>
   </div>
   <div class='ocr_carea' id='block_1_2' title="bbox 1085 367 2553 449">
    <p class='ocr_par' dir='ltr' id='par_1_2' title="bbox 1085 367 2553 449">
     <span class='ocr_line' id='line_1_2' title="bbox 1085 367 2553 449; baseline -0.007 0"><span class='ocrx_word' id='word_1_2' title='bbox 1085 386 1483 449; x_wconf 77' lang='lat' dir='ltr'><strong>COMMENT.</strong></span> <span class='ocrx_word' id='word_1_3' title='bbox 1525 384 1612 446; x_wconf 83' lang='lat' dir='ltr'><strong>IN</strong></span> <span class='ocrx_word' id='word_1_4' title='bbox 1654 381 2138 448; x_wconf 65' lang='lat' dir='ltr'><strong>MATTIMIUM.</strong></span> <span class='ocrx_word' id='word_1_5' title='bbox 2177 403 2246 416; x_wconf 77' lang='lat'><strong><em>—</em></strong></span> <span class='ocrx_word' id='word_1_6' title='bbox 2288 367 2448 440; x_wconf 73' lang='lat' dir='ltr'><strong>CAP.</strong></span> <span class='ocrx_word' id='word_1_7' title='bbox 2483 379 2553 438; x_wconf 73' lang='grc' dir='ltr'>ν.</span> 
     </span>
    </p>
   </div>
   <div class='ocr_carea' id='block_1_3' title="bbox 3379 371 3481 436">
    <p class='ocr_par' dir='ltr' id='par_1_3' title="bbox 3379 371 3481 436">
     <span class='ocr_line' id='line_1_3' title="bbox 3379 371 3481 436; baseline 0.01 -1"><span class='ocrx_word' id='word_1_8' title='bbox 3379 371 3481 436; x_wconf 78' lang='lat'><strong>190</strong></span> 
     </span>
    </p>
   </div>
   <div class='ocr_carea' id='block_1_4' title="bbox 186 489 1800 583">
    <p class='ocr_par' dir='ltr' id='par_1_4' title="bbox 186 500 1783 583">
     <span class='ocr_line' id='line_1_4' title="bbox 186 500 1783 583; baseline -0.009 -14"><span class='ocrx_word' id='word_1_9' title='bbox 186 515 394 578; x_wconf 81' lang='grc' dir='ltr'>πίστιν,</span> <span class='ocrx_word' id='word_1_10' title='bbox 422 513 500 577; x_wconf 75' lang='grc' dir='ltr'>ὥς</span> <span class='ocrx_word' id='word_1_11' title='bbox 536 511 692 583; x_wconf 70' lang='grc' dir='ltr'>παρὰ</span> <span class='ocrx_word' id='word_1_12' title='bbox 712 507 929 563; x_wconf 83' lang='grc' dir='ltr'>πολλῶν</span> <span class='ocrx_word' id='word_1_13' title='bbox 959 505 1138 561; x_wconf 74' lang='grc' dir='ltr'>ἄλλων</span> <span class='ocrx_word' id='word_1_14' title='bbox 1164 505 1429 576; x_wconf 75' lang='grc' dir='ltr'>ὕστερονς</span> <span class='ocrx_word' id='word_1_15' title='bbox 1456 503 1602 557; x_wconf 83' lang='grc' dir='ltr'>Διότι</span> <span class='ocrx_word' id='word_1_16' title='bbox 1628 500 1783 557; x_wconf 76' lang='grc' dir='ltr'>οὔπω</span> 
     </span>
    </p>
   </div>
   <div class='ocr_carea' id='block_1_5' title="bbox 1917 489 3488 583">
    <p class='ocr_par' dir='ltr' id='par_1_5' title="bbox 1919 489 3488 565">
     <span class='ocr_line' id='line_1_5' title="bbox 1919 489 3488 565; baseline -0.004 -13"><span class='ocrx_word' id='word_1_17' title='bbox 1919 500 2042 554; x_wconf 87' lang='lat' dir='ltr'><strong>ibus</strong></span> <span class='ocrx_word' id='word_1_18' title='bbox 2073 499 2096 552; x_wconf 83' lang='lat'><strong>‘.&#39;</strong></span> <span class='ocrx_word' id='word_1_19' title='bbox 2124 496 2265 565; x_wconf 84' lang='lat' dir='ltr'><strong>Quia</strong></span> <span class='ocrx_word' id='word_1_20' title='bbox 2296 496 2542 552; x_wconf 89' lang='lat' dir='ltr'><strong>nondum</strong></span> <span class='ocrx_word' id='word_1_21' title='bbox 2581 490 2929 549; x_wconf 72' lang='lat' dir='ltr'><strong>manifestam</strong></span> <span class='ocrx_word' id='word_1_22' title='bbox 2963 505 3076 546; x_wconf 67' lang='lat' dir='ltr'><strong>suae</strong></span> <span class='ocrx_word' id='word_1_23' title='bbox 3101 489 3362 561; x_wconf 66' lang='lat' dir='ltr'><strong>potentia</strong></span> <span class='ocrx_word' id='word_1_24' title='bbox 3390 490 3488 546; x_wconf 80' lang='lat' dir='ltr'><strong>de-</strong></span> 
     </span>
    </p>
   </div>
   <div class='ocr_carea' id='block_1_6' title="bbox 195 596 1777 676">
    <p class='ocr_par' dir='ltr' id='par_1_6' title="bbox 195 596 1777 676">
     <span class='ocr_line' id='line_1_6' title="bbox 195 596 1777 676; baseline -0.009 -15"><span class='ocrx_word' id='word_1_25' title='bbox 195 609 298 676; x_wconf 79' lang='grc' dir='ltr'>τῆς</span> <span class='ocrx_word' id='word_1_26' title='bbox 364 604 560 660; x_wconf 68' lang='grc' dir='ltr'>ἑαυτοῦ</span> <span class='ocrx_word' id='word_1_27' title='bbox 632 602 921 672; x_wconf 79' lang='grc' dir='ltr'>δυνάμεως</span> <span class='ocrx_word' id='word_1_28' title='bbox 979 597 1260 663; x_wconf 81' lang='grc' dir='ltr'>ἀπόδειξιν</span> <span class='ocrx_word' id='word_1_29' title='bbox 1301 597 1452 666; x_wconf 86' lang='grc' dir='ltr'>σαφῆ</span> <span class='ocrx_word' id='word_1_30' title='bbox 1521 596 1777 649; x_wconf 86' lang='grc' dir='ltr'>δέδωκεν.</span> 
     </span>
    </p>
   </div>
   <div class='ocr_carea' id='block_1_7' title="bbox 194 688 1784 767">
    <p class='ocr_par' dir='ltr' id='par_1_7' title="bbox 194 688 1784 767">
     <span class='ocr_line' id='line_1_7' title="bbox 194 688 1784 767; baseline -0.008 -15"><span class='ocrx_word' id='word_1_31' title='bbox 194 702 404 761; x_wconf 76' lang='grc' dir='ltr'>Ἄλλως</span> <span class='ocrx_word' id='word_1_32' title='bbox 425 699 538 767; x_wconf 79' lang='lat' dir='ltr'><strong>(l8)</strong></span> <span class='ocrx_word' id='word_1_33' title='bbox 560 715 621 751; x_wconf 76' lang='grc' dir='ltr'><strong>τε</strong></span> <span class='ocrx_word' id='word_1_34' title='bbox 641 695 726 760; x_wconf 70' lang='grc' dir='ltr'>δὲ,</span> <span class='ocrx_word' id='word_1_35' title='bbox 750 695 885 749; x_wconf 74' lang='grc' dir='ltr'>αὐτὸ</span> <span class='ocrx_word' id='word_1_36' title='bbox 900 693 1078 754; x_wconf 82' lang='grc' dir='ltr'>τοῦτο,</span> <span class='ocrx_word' id='word_1_37' title='bbox 1103 692 1162 745; x_wconf 79' lang='grc' dir='ltr'><strong>τὸ</strong></span> <span class='ocrx_word' id='word_1_38' title='bbox 1186 691 1472 764; x_wconf 75' lang='grc' dir='ltr'>προσιέναι</span> <span class='ocrx_word' id='word_1_39' title='bbox 1493 688 1591 744; x_wconf 77' lang='grc' dir='ltr'>καὶ</span> <span class='ocrx_word' id='word_1_40' title='bbox 1610 701 1784 740; x_wconf 84' lang='grc' dir='ltr'>ποοσ-</span> 
     </span>
    </p>
   </div>
   <div class='ocr_carea' id='block_1_8' title="bbox 190 782 1285 863">
    <p class='ocr_par' dir='ltr' id='par_1_8' title="bbox 190 782 1285 863">
     <span class='ocr_line' id='line_1_8' title="bbox 190 782 1285 863; baseline -0.009 -13"><span class='ocrx_word' id='word_1_41' title='bbox 190 797 371 863; x_wconf 77' lang='grc' dir='ltr'>ἀγειν,</span> <span class='ocrx_word' id='word_1_42' title='bbox 400 793 461 846; x_wconf 76' lang='grc' dir='ltr'>οὗ</span> <span class='ocrx_word' id='word_1_43' title='bbox 490 795 590 860; x_wconf 79' lang='grc' dir='ltr'>τῆς</span> <span class='ocrx_word' id='word_1_44' title='bbox 618 789 894 859; x_wconf 81' lang='grc' dir='ltr'><strong>τυχούσης</strong></span> <span class='ocrx_word' id='word_1_45' title='bbox 920 787 1160 848; x_wconf 84' lang='grc' dir='ltr'>πίστεως</span> <span class='ocrx_word' id='word_1_46' title='bbox 1192 782 1285 854; x_wconf 77' lang='grc' dir='ltr'><strong>ἢν.</strong></span> 
     </span>
    </p>
   </div>
   <div class='ocr_carea' id='block_1_9' title="bbox 258 871 1786 950">
    <p class='ocr_par' dir='ltr' id='par_1_9' title="bbox 258 871 1786 950">
     <span class='ocr_line' id='line_1_9' title="bbox 258 871 1786 950; baseline -0.01 -12"><span class='ocrx_word' id='word_1_47' title='bbox 258 887 374 938; x_wconf 83' lang='lat' dir='ltr'><strong>Kal</strong></span> <span class='ocrx_word' id='word_1_48' title='bbox 400 881 838 950; x_wconf 74' lang='grc' dir='ltr'><strong>ἠκολούθησαν</strong></span> <span class='ocrx_word' id='word_1_49' title='bbox 856 909 925 918; x_wconf 87' lang='grc'><strong>--</strong></span> <span class='ocrx_word' id='word_1_50' title='bbox 953 877 1146 945; x_wconf 74' lang='grc' dir='ltr'>πέραν</span> <span class='ocrx_word' id='word_1_51' title='bbox 1169 875 1277 929; x_wconf 78' lang='grc' dir='ltr'>τοῦ</span> <span class='ocrx_word' id='word_1_52' title='bbox 1322 872 1644 942; x_wconf 76' lang='grc' dir='ltr'><strong>Ἰορδάνου.</strong></span> <span class='ocrx_word' id='word_1_53' title='bbox 1675 871 1786 923; x_wconf 80' lang='grc' dir='ltr'><strong>Καὶ</strong></span> 
     </span>
    </p>
   </div>
   <div class='ocr_carea' id='block_1_10' title="bbox 192 964 1676 1040">
    <p class='ocr_par' dir='ltr' id='par_1_10' title="bbox 192 964 1676 1040">
     <span class='ocr_line' id='line_1_10' title="bbox 192 964 1676 1040; baseline -0.007 -14"><span class='ocrx_word' id='word_1_54' title='bbox 192 972 292 1026; x_wconf 73' lang='grc' dir='ltr'>ἀπὸ</span> <span class='ocrx_word' id='word_1_55' title='bbox 325 972 424 1026; x_wconf 87' lang='grc' dir='ltr'>τοῦ</span> <span class='ocrx_word' id='word_1_56' title='bbox 457 970 625 1024; x_wconf 73' lang='grc' dir='ltr'>τόπου</span> <span class='ocrx_word' id='word_1_57' title='bbox 667 968 893 1040; x_wconf 82' lang='grc' dir='ltr'>δηλαδὴ.</span> <span class='ocrx_word' id='word_1_58' title='bbox 926 966 1022 1020; x_wconf 80' lang='grc' dir='ltr'><strong>τοῦ</strong></span> <span class='ocrx_word' id='word_1_59' title='bbox 1051 966 1228 1038; x_wconf 79' lang='grc' dir='ltr'>πέραν</span> <span class='ocrx_word' id='word_1_60' title='bbox 1257 964 1353 1018; x_wconf 85' lang='grc' dir='ltr'>τοῦ</span> <span class='ocrx_word' id='word_1_61' title='bbox 1383 964 1676 1035; x_wconf 80' lang='grc' dir='ltr'><strong>Ἰορδάνου.</strong></span> 
     </span>
    </p>
   </div>
   <div class='ocr_carea' id='block_1_11' title="bbox 479 1144 1498 1219">
    <p class='ocr_par' dir='ltr' id='par_1_11' title="bbox 479 1144 1498 1219">
     <span class='ocr_line' id='line_1_11' title="bbox 479 1144 1498 1219; baseline -0.007 -13"><span class='ocrx_word' id='word_1_62' title='bbox 479 1154 637 1206; x_wconf 72' lang='grc' dir='ltr'><strong>ΚΕΦ.</strong></span> <span class='ocrx_word' id='word_1_63' title='bbox 673 1151 734 1206; x_wconf 83' lang='grc' dir='ltr'><strong>Ε.</strong></span> <span class='ocrx_word' id='word_1_64' title='bbox 771 1149 911 1219; x_wconf 75' lang='grc' dir='ltr'>Περὶ</span> <span class='ocrx_word' id='word_1_65' title='bbox 937 1148 1059 1202; x_wconf 87' lang='grc' dir='ltr'><strong>τῶν</strong></span> <span class='ocrx_word' id='word_1_66' title='bbox 1076 1144 1498 1219; x_wconf 81' lang='grc' dir='ltr'>μακαρισμῶν.</span> 
     </span>
    </p>
   </div>
   <div class='ocr_carea' id='block_1_12' title="bbox 256 1233 1790 1309">
    <p class='ocr_par' dir='ltr' id='par_1_12' title="bbox 256 1233 1790 1309">
     <span class='ocr_line' id='line_1_12' title="bbox 256 1233 1790 1309; baseline -0.006 -14"><span class='ocrx_word' id='word_1_67' title='bbox 256 1241 420 1295; x_wconf 82' lang='grc' dir='ltr'>Ἰδὼν</span> <span class='ocrx_word' id='word_1_68' title='bbox 449 1269 512 1281; x_wconf 84' lang='lat'><strong>—</strong></span> <span class='ocrx_word' id='word_1_69' title='bbox 540 1240 700 1307; x_wconf 75' lang='grc' dir='ltr'>ὄρος.</span> <span class='ocrx_word' id='word_1_70' title='bbox 737 1239 748 1309; x_wconf 95' lang='lat'><strong><em>|</em></strong></span> <span class='ocrx_word' id='word_1_71' title='bbox 778 1239 870 1300; x_wconf 80' lang='grc' dir='ltr'>Είς</span> <span class='ocrx_word' id='word_1_72' title='bbox 898 1237 1009 1308; x_wconf 77' lang='grc'><strong>(19)</strong></span> <span class='ocrx_word' id='word_1_73' title='bbox 1041 1237 1166 1307; x_wconf 72' lang='grc' dir='ltr'>ὅρος</span> <span class='ocrx_word' id='word_1_74' title='bbox 1189 1235 1395 1298; x_wconf 75' lang='grc' dir='ltr'>ἀναϐὰς</span> <span class='ocrx_word' id='word_1_75' title='bbox 1419 1234 1634 1300; x_wconf 74' lang='grc' dir='ltr'>ἐξέθετο</span> <span class='ocrx_word' id='word_1_76' title='bbox 1663 1233 1790 1296; x_wconf 79' lang='grc' dir='ltr'>τοὺς</span> 
     </span>
    </p>
   </div>
   <div class='ocr_carea' id='block_1_13' title="bbox 200 1326 1788 1402">
    <p class='ocr_par' dir='ltr' id='par_1_13' title="bbox 200 1326 1788 1402">
     <span class='ocr_line' id='line_1_13' title="bbox 200 1326 1788 1402; baseline -0.004 -18"><span class='ocrx_word' id='word_1_77' title='bbox 200 1332 587 1402; x_wconf 79' lang='grc' dir='ltr'>μακαρισμοὺς</span> <span class='ocrx_word' id='word_1_78' title='bbox 634 1332 662 1383; x_wconf 85' lang='grc' dir='ltr'>ὁ</span> <span class='ocrx_word' id='word_1_79' title='bbox 719 1329 949 1398; x_wconf 83' lang='grc' dir='ltr'>Κύριος,</span> <span class='ocrx_word' id='word_1_80' title='bbox 996 1328 1267 1382; x_wconf 80' lang='grc' dir='ltr'><strong>διδάσκων</strong></span> <span class='ocrx_word' id='word_1_81' title='bbox 1324 1326 1644 1388; x_wconf 83' lang='grc' dir='ltr'>κάντεῦθεν,</span> <span class='ocrx_word' id='word_1_82' title='bbox 1706 1327 1788 1379; x_wconf 83' lang='grc' dir='ltr'>ὅτι</span> 
     </span>
    </p>
   </div>
   <div class='ocr_carea' id='block_1_14' title="bbox 196 1417 1791 1496">
    <p class='ocr_par' dir='ltr' id='par_1_14' title="bbox 196 1417 1791 1496">
     <span class='ocr_line' id='line_1_14' title="bbox 196 1417 1791 1496; baseline -0.008 -16"><span class='ocrx_word' id='word_1_83' title='bbox 196 1425 296 1496; x_wconf 78' lang='grc' dir='ltr'>χρὴ</span> <span class='ocrx_word' id='word_1_84' title='bbox 345 1425 440 1477; x_wconf 79' lang='grc' dir='ltr'>τὸν</span> <span class='ocrx_word' id='word_1_85' title='bbox 493 1419 850 1494; x_wconf 79' lang='grc' dir='ltr'><strong>μακαρισμοῦ</strong></span> <span class='ocrx_word' id='word_1_86' title='bbox 901 1422 1086 1489; x_wconf 78' lang='grc' dir='ltr'>τυχεῖν</span> <span class='ocrx_word' id='word_1_87' title='bbox 1140 1419 1430 1488; x_wconf 77' lang='grc' dir='ltr'><strong>ἐφιέμενον</strong></span> <span class='ocrx_word' id='word_1_88' title='bbox 1481 1417 1791 1487; x_wconf 83' lang='grc' dir='ltr'>ἀποστῆναι</span> 
     </span>
    </p>
   </div>
   <div class='ocr_carea' id='block_1_15' title="bbox 198 1509 1792 1587">
    <p class='ocr_par' dir='ltr' id='par_1_15' title="bbox 198 1509 1792 1587">
     <span class='ocr_line' id='line_1_15' title="bbox 198 1509 1792 1587; baseline -0.006 -17"><span class='ocrx_word' id='word_1_89' title='bbox 198 1519 300 1570; x_wconf 81' lang='grc' dir='ltr'>τῶν</span> <span class='ocrx_word' id='word_1_90' title='bbox 375 1515 756 1587; x_wconf 74' lang='grc' dir='ltr'><strong>χαμαιζήλων,</strong></span> <span class='ocrx_word' id='word_1_91' title='bbox 832 1516 932 1568; x_wconf 72' lang='grc' dir='ltr'>καὶ</span> <span class='ocrx_word' id='word_1_92' title='bbox 991 1512 1129 1584; x_wconf 77' lang='grc' dir='ltr'>πρὸς</span> <span class='ocrx_word' id='word_1_93' title='bbox 1190 1513 1260 1566; x_wconf 81' lang='grc' dir='ltr'>τὰ</span> <span class='ocrx_word' id='word_1_94' title='bbox 1320 1509 1636 1581; x_wconf 76' lang='grc' dir='ltr'>ὑψηλότερα</span> <span class='ocrx_word' id='word_1_95' title='bbox 1695 1525 1792 1580; x_wconf 83' lang='grc' dir='ltr'>με·</span> 
     </span>
    </p>
   </div>
   <div class='ocr_carea' id='block_1_16' title="bbox 199 1607 607 1682">
    <p class='ocr_par' dir='ltr' id='par_1_16' title="bbox 199 1607 607 1682">
     <span class='ocr_line' id='line_1_16' title="bbox 199 1607 607 1682; baseline -0.002 -18"><span class='ocrx_word' id='word_1_96' title='bbox 199 1611 554 1682; x_wconf 75' lang='grc' dir='ltr'>τεωρισθῆναι</span> 
     </span>
    </p>
   </div>
   <div class='ocr_carea' id='block_1_17' title="bbox 261 1695 1794 1773">
    <p class='ocr_par' dir='ltr' id='par_1_17' title="bbox 261 1695 1794 1773">
     <span class='ocr_line' id='line_1_17' title="bbox 261 1695 1794 1773; baseline -0.007 -16"><span class='ocrx_word' id='word_1_97' title='bbox 261 1704 462 1773; x_wconf 80' lang='grc' dir='ltr'>Ἀνέϐη</span> <span class='ocrx_word' id='word_1_98' title='bbox 504 1702 558 1753; x_wconf 81' lang='grc' dir='ltr'>δὲ</span> <span class='ocrx_word' id='word_1_99' title='bbox 605 1700 720 1770; x_wconf 76' lang='lat'><strong>(20)</strong></span> <span class='ocrx_word' id='word_1_100' title='bbox 773 1701 854 1762; x_wconf 85' lang='grc' dir='ltr'><strong>εἰς</strong></span> <span class='ocrx_word' id='word_1_101' title='bbox 901 1699 962 1752; x_wconf 83' lang='grc' dir='ltr'>τὸ</span> <span class='ocrx_word' id='word_1_102' title='bbox 993 1699 1120 1768; x_wconf 72' lang='grc' dir='ltr'>ὅρος</span> <span class='ocrx_word' id='word_1_103' title='bbox 1150 1698 1210 1751; x_wconf 83' lang='grc' dir='ltr'>τὸ</span> <span class='ocrx_word' id='word_1_104' title='bbox 1249 1697 1502 1766; x_wconf 78' lang='grc' dir='ltr'>πλησίον,</span> <span class='ocrx_word' id='word_1_105' title='bbox 1545 1697 1662 1764; x_wconf 74' lang='grc' dir='ltr'>ἅμα</span> <span class='ocrx_word' id='word_1_106' title='bbox 1695 1695 1794 1763; x_wconf 84' lang='grc' dir='ltr'>μὲν</span> 
     </span>
    </p>
   </div>
   <div class='ocr_carea' id='block_1_18' title="bbox 201 1787 1791 1862">
    <p class='ocr_par' dir='ltr' id='par_1_18' title="bbox 201 1787 1791 1862">
     <span class='ocr_line' id='line_1_18' title="bbox 201 1787 1791 1862; baseline -0.009 -12"><span class='ocrx_word' id='word_1_107' title='bbox 201 1795 468 1850; x_wconf 66' lang='grc' dir='ltr'>ἐκκλίνων</span> <span class='ocrx_word' id='word_1_108' title='bbox 509 1796 633 1856; x_wconf 77' lang='grc' dir='ltr'>τοὺς</span> <span class='ocrx_word' id='word_1_109' title='bbox 674 1796 732 1845; x_wconf 79' lang='grc' dir='ltr'>ὲν</span> <span class='ocrx_word' id='word_1_110' title='bbox 763 1793 916 1862; x_wconf 84' lang='grc' dir='ltr'>μέσῳ</span> <span class='ocrx_word' id='word_1_111' title='bbox 961 1789 1249 1861; x_wconf 82' lang='grc' dir='ltr'>θορύϐους,</span> <span class='ocrx_word' id='word_1_112' title='bbox 1288 1790 1404 1858; x_wconf 74' lang='grc' dir='ltr'>ἅμα</span> <span class='ocrx_word' id='word_1_113' title='bbox 1435 1788 1492 1840; x_wconf 72' lang='grc' dir='ltr'>δὲ</span> <span class='ocrx_word' id='word_1_114' title='bbox 1524 1788 1618 1839; x_wconf 69' lang='grc' dir='ltr'>καὶ</span> <span class='ocrx_word' id='word_1_115' title='bbox 1652 1787 1791 1838; x_wconf 87' lang='grc' dir='ltr'>ἀπε-</span> 
     </span>
    </p>
   </div>
   <div class='ocr_carea' id='block_1_19' title="bbox 1888 580 3489 650">
    <p class='ocr_par' dir='ltr' id='par_1_19' title="bbox 1888 580 3489 650">
     <span class='ocr_line' id='line_1_19' title="bbox 1888 580 3489 650; baseline -0.007 -7"><span class='ocrx_word' id='word_1_116' title='bbox 1888 586 2344 643; x_wconf 88' lang='lat' dir='ltr'><strong>monstrationem</strong></span> <span class='ocrx_word' id='word_1_117' title='bbox 2393 585 2618 639; x_wconf 75' lang='lat' dir='ltr'><strong>dederat</strong></span> <span class='ocrx_word' id='word_1_118' title='bbox 2651 600 2664 635; x_wconf 88' lang='lat'><strong>:</strong></span> <span class='ocrx_word' id='word_1_119' title='bbox 2705 583 2923 650; x_wconf 86' lang='lat' dir='ltr'><strong>alioque</strong></span> <span class='ocrx_word' id='word_1_120' title='bbox 2973 581 3138 635; x_wconf 90' lang='lat' dir='ltr'><strong>modo</strong></span> <span class='ocrx_word' id='word_1_121' title='bbox 3180 580 3325 635; x_wconf 88' lang='lat' dir='ltr'><strong>idem</strong></span> <span class='ocrx_word' id='word_1_122' title='bbox 3356 595 3489 649; x_wconf 61' lang='lat' dir='ltr'><strong>proo</strong></span> 
     </span>
    </p>
   </div>
   <div class='ocr_carea' id='block_1_20' title="bbox 1887 672 3494 745">
    <p class='ocr_par' dir='ltr' id='par_1_20' title="bbox 1887 672 3494 745">
     <span class='ocr_line' id='line_1_20' title="bbox 1887 672 3494 745; baseline -0.004 -11"><span class='ocrx_word' id='word_1_123' title='bbox 1887 679 2090 734; x_wconf 87' lang='lat' dir='ltr'><strong>ducere</strong></span> <span class='ocrx_word' id='word_1_124' title='bbox 2124 687 2180 733; x_wconf 88' lang='lat' dir='ltr'><strong>et</strong></span> <span class='ocrx_word' id='word_1_125' title='bbox 2206 677 2470 732; x_wconf 86' lang='lat' dir='ltr'><strong>adhibere</strong></span> <span class='ocrx_word' id='word_1_126' title='bbox 2512 682 2744 745; x_wconf 86' lang='lat' dir='ltr'><strong>poterat,</strong></span> <span class='ocrx_word' id='word_1_127' title='bbox 2781 672 2886 729; x_wconf 77' lang='lat' dir='ltr'><strong>fide</strong></span> <span class='ocrx_word' id='word_1_128' title='bbox 2938 674 3106 728; x_wconf 88' lang='lat' dir='ltr'><strong>etiam</strong></span> <span class='ocrx_word' id='word_1_129' title='bbox 3159 687 3269 726; x_wconf 92' lang='lat' dir='ltr'><strong>non</strong></span> <span class='ocrx_word' id='word_1_130' title='bbox 3329 686 3494 728; x_wconf 84' lang='lat' dir='ltr'><strong>acce-</strong></span> 
     </span>
    </p>
   </div>
   <div class='ocr_carea' id='block_1_21' title="bbox 1889 772 2076 826">
    <p class='ocr_par' dir='ltr' id='par_1_21' title="bbox 1889 772 2076 826">
     <span class='ocr_line' id='line_1_21' title="bbox 1889 772 2076 826; baseline -0.011 0"><span class='ocrx_word' id='word_1_131' title='bbox 1889 772 2076 826; x_wconf 84' lang='lat' dir='ltr'><strong>dente.</strong></span> 
     </span>
    </p>
   </div>
   <div class='ocr_carea' id='block_1_22' title="bbox 1973 859 3491 925">
    <p class='ocr_par' dir='ltr' id='par_1_22' title="bbox 1973 859 3491 925">
     <span class='ocr_line' id='line_1_22' title="bbox 1973 859 3491 925; baseline -0.007 -5"><span class='ocrx_word' id='word_1_132' title='bbox 1973 867 2128 925; x_wconf 84' lang='lat' dir='ltr'><strong>Vers.</strong></span> <span class='ocrx_word' id='word_1_133' title='bbox 2186 865 2277 920; x_wconf 74' lang='lat'><strong>25.</strong></span> <span class='ocrx_word' id='word_1_134' title='bbox 2336 864 2408 918; x_wconf 83' lang='lat' dir='ltr'><strong>Et</strong></span> <span class='ocrx_word' id='word_1_135' title='bbox 2460 871 2652 918; x_wconf 65' lang='lat' dir='ltr'><strong>secutae</strong></span> <span class='ocrx_word' id='word_1_136' title='bbox 2692 889 2761 901; x_wconf 85' lang='lat'><strong>-</strong></span> <span class='ocrx_word' id='word_1_137' title='bbox 2796 870 2946 913; x_wconf 84' lang='lat' dir='ltr'><strong>trans</strong></span> <span class='ocrx_word' id='word_1_138' title='bbox 3001 859 3294 914; x_wconf 74' lang='lat' dir='ltr'><strong>Iordanem</strong></span> <span class='ocrx_word' id='word_1_139' title='bbox 3351 860 3491 913; x_wconf 81' lang='lat' dir='ltr'><strong>silis.</strong></span> 
     </span>
    </p>
   </div>
   <div class='ocr_carea' id='block_1_23' title="bbox 1891 951 3495 1033">
    <p class='ocr_par' dir='ltr' id='par_1_23' title="bbox 1891 951 3495 1033">
     <span class='ocr_line' id='line_1_23' title="bbox 1891 951 3495 1033; baseline -0.008 -16"><span class='ocrx_word' id='word_1_140' title='bbox 1891 965 2074 1033; x_wconf 82' lang='grc' dir='ltr'>Πέραν</span> <span class='ocrx_word' id='word_1_141' title='bbox 2104 957 2198 1012; x_wconf 79' lang='grc' dir='ltr'><strong>τοῦ</strong></span> <span class='ocrx_word' id='word_1_142' title='bbox 2222 955 2518 1026; x_wconf 78' lang='grc' dir='ltr'>Ἰορδάνου,</span> <span class='ocrx_word' id='word_1_143' title='bbox 2541 952 2707 1008; x_wconf 88' lang='lat' dir='ltr'><strong>etiam</strong></span> <span class='ocrx_word' id='word_1_144' title='bbox 2747 951 3003 1007; x_wconf 72' lang='lat' dir='ltr'><strong>videlicet</strong></span> <span class='ocrx_word' id='word_1_145' title='bbox 3029 966 3062 1005; x_wconf 74' lang='grc' dir='ltr'><strong>α</strong></span> <span class='ocrx_word' id='word_1_146' title='bbox 3095 951 3320 1022; x_wconf 89' lang='lat' dir='ltr'><strong>regione</strong></span> <span class='ocrx_word' id='word_1_147' title='bbox 3370 966 3495 1022; x_wconf 66' lang='lat' dir='ltr'><strong>quae</strong></span> 
     </span>
    </p>
   </div>
   <div class='ocr_carea' id='block_1_24' title="bbox 1891 1047 2670 1112">
    <p class='ocr_par' dir='ltr' id='par_1_24' title="bbox 1891 1047 2670 1112">
     <span class='ocr_line' id='line_1_24' title="bbox 1891 1047 2670 1112; baseline -0.014 0"><span class='ocrx_word' id='word_1_148' title='bbox 1891 1058 1996 1112; x_wconf 87' lang='lat' dir='ltr'><strong>sita</strong></span> <span class='ocrx_word' id='word_1_149' title='bbox 2031 1064 2147 1110; x_wconf 86' lang='lat' dir='ltr'><strong>erat</strong></span> <span class='ocrx_word' id='word_1_150' title='bbox 2171 1061 2323 1107; x_wconf 81' lang='lat' dir='ltr'><strong>trans</strong></span> <span class='ocrx_word' id='word_1_151' title='bbox 2348 1047 2670 1104; x_wconf 76' lang='lat' dir='ltr'><strong>Iordanem.</strong></span> 
     </span>
    </p>
   </div>
   <div class='ocr_carea' id='block_1_25' title="bbox 2233 1138 3078 1198">
    <p class='ocr_par' dir='ltr' id='par_1_25' title="bbox 2233 1138 3078 1198">
     <span class='ocr_line' id='line_1_25' title="bbox 2233 1138 3078 1198; baseline -0.008 0"><span class='ocrx_word' id='word_1_152' title='bbox 2233 1142 2388 1198; x_wconf 80' lang='lat' dir='ltr'><strong>CAP.</strong></span> <span class='ocrx_word' id='word_1_153' title='bbox 2426 1141 2487 1196; x_wconf 75' lang='grc' dir='ltr'>ν.</span> <span class='ocrx_word' id='word_1_154' title='bbox 2528 1141 2605 1195; x_wconf 87' lang='lat' dir='ltr'><strong>De</strong></span> <span class='ocrx_word' id='word_1_155' title='bbox 2633 1138 3078 1195; x_wconf 80' lang='lat' dir='ltr'><strong>beatitudinibus.</strong></span> 
     </span>
    </p>
   </div>
   <div class='ocr_carea' id='block_1_26' title="bbox 1965 1225 3497 1312">
    <p class='ocr_par' dir='ltr' id='par_1_26' title="bbox 1965 1225 3497 1312">
     <span class='ocr_line' id='line_1_26' title="bbox 1965 1225 3497 1312; baseline -0.011 -15"><span class='ocrx_word' id='word_1_156' title='bbox 1965 1242 2100 1312; x_wconf 87' lang='lat' dir='ltr'><strong>Cap.</strong></span> <span class='ocrx_word' id='word_1_157' title='bbox 2131 1238 2200 1302; x_wconf 69' lang='grc' dir='ltr'><strong>ν,</strong></span> <span class='ocrx_word' id='word_1_158' title='bbox 2237 1251 2383 1291; x_wconf 83' lang='lat' dir='ltr'><strong>vers.</strong></span> <span class='ocrx_word' id='word_1_159' title='bbox 2430 1235 2482 1288; x_wconf 76' lang='grc'><strong>1.</strong></span> <span class='ocrx_word' id='word_1_160' title='bbox 2515 1234 2646 1289; x_wconf 84' lang='lat' dir='ltr'><strong>Cum</strong></span> <span class='ocrx_word' id='word_1_161' title='bbox 2689 1233 2899 1286; x_wconf 80' lang='lat' dir='ltr'><strong>vidisset</strong></span> <span class='ocrx_word' id='word_1_162' title='bbox 2931 1261 3002 1270; x_wconf 94' lang='lat'>—</span> <span class='ocrx_word' id='word_1_163' title='bbox 3039 1238 3294 1284; x_wconf 84' lang='lat' dir='ltr'><strong>montem.</strong></span> <span class='ocrx_word' id='word_1_164' title='bbox 3347 1227 3386 1297; x_wconf 72' lang='grc' dir='ltr'><strong>ἰ-</strong></span> <span class='ocrx_word' id='word_1_165' title='bbox 3437 1225 3497 1280; x_wconf 83' lang='grc' dir='ltr'><strong>1η</strong></span> 
     </span>
    </p>
   </div>
   <div class='ocr_carea' id='block_1_27' title="bbox 1895 1323 3498 1394">
    <p class='ocr_par' dir='ltr' id='par_1_27' title="bbox 1895 1323 3498 1394">
     <span class='ocr_line' id='line_1_27' title="bbox 1895 1323 3498 1394; baseline -0.011 -3"><span class='ocrx_word' id='word_1_166' title='bbox 1895 1345 2084 1391; x_wconf 81' lang='lat' dir='ltr'><strong>monte</strong></span> <span class='ocrx_word' id='word_1_167' title='bbox 2132 1328 2501 1385; x_wconf 87' lang='lat' dir='ltr'><strong>beatitudines</strong></span> <span class='ocrx_word' id='word_1_168' title='bbox 2559 1325 2813 1394; x_wconf 74' lang='lat' dir='ltr'><strong>exposuit</strong></span> <span class='ocrx_word' id='word_1_169' title='bbox 2872 1323 3156 1387; x_wconf 87' lang='lat' dir='ltr'><strong>Dominus,</strong></span> <span class='ocrx_word' id='word_1_170' title='bbox 3191 1323 3396 1377; x_wconf 82' lang='lat' dir='ltr'><strong>docens</strong></span> <span class='ocrx_word' id='word_1_171' title='bbox 3429 1335 3498 1375; x_wconf 78' lang='lat' dir='ltr'><strong>ex</strong></span> 
     </span>
    </p>
   </div>
   <div class='ocr_carea' id='block_1_28' title="bbox 1896 1415 3498 1493">
    <p class='ocr_par' dir='ltr' id='par_1_28' title="bbox 1896 1415 3498 1493">
     <span class='ocr_line' id='line_1_28' title="bbox 1896 1415 3498 1493; baseline -0.011 -11"><span class='ocrx_word' id='word_1_172' title='bbox 1896 1429 2001 1482; x_wconf 91' lang='lat' dir='ltr'><strong>hoc</strong></span> <span class='ocrx_word' id='word_1_173' title='bbox 2039 1430 2294 1493; x_wconf 86' lang='lat' dir='ltr'><strong>oportere</strong></span> <span class='ocrx_word' id='word_1_174' title='bbox 2337 1417 2653 1488; x_wconf 89' lang='lat' dir='ltr'><strong>cupientem</strong></span> <span class='ocrx_word' id='word_1_175' title='bbox 2703 1416 2972 1485; x_wconf 89' lang='lat' dir='ltr'><strong>attingere</strong></span> <span class='ocrx_word' id='word_1_176' title='bbox 3012 1415 3433 1476; x_wconf 73' lang='lat' dir='ltr'><strong>beatitudinem,</strong></span> <span class='ocrx_word' id='word_1_177' title='bbox 3468 1427 3498 1465; x_wconf 86' lang='lat' dir='ltr'><strong>a</strong></span> 
     </span>
    </p>
   </div>
   <div class='ocr_carea' id='block_1_29' title="bbox 1897 1507 3500 1590">
    <p class='ocr_par' dir='ltr' id='par_1_29' title="bbox 1897 1507 3500 1590">
     <span class='ocr_line' id='line_1_29' title="bbox 1897 1507 3500 1590; baseline -0.01 -16"><span class='ocrx_word' id='word_1_178' title='bbox 1897 1516 2174 1590; x_wconf 87' lang='lat' dir='ltr'><strong>depressis</strong></span> <span class='ocrx_word' id='word_1_179' title='bbox 2239 1511 2389 1566; x_wconf 88' lang='lat' dir='ltr'><strong>humi</strong></span> <span class='ocrx_word' id='word_1_180' title='bbox 2464 1510 2629 1564; x_wconf 86' lang='lat' dir='ltr'><strong>rebus</strong></span> <span class='ocrx_word' id='word_1_181' title='bbox 2687 1509 2958 1574; x_wconf 83' lang='lat' dir='ltr'><strong>abstrahi,</strong></span> <span class='ocrx_word' id='word_1_182' title='bbox 3013 1517 3070 1563; x_wconf 90' lang='lat' dir='ltr'><strong>et</strong></span> <span class='ocrx_word' id='word_1_183' title='bbox 3121 1509 3188 1562; x_wconf 89' lang='lat' dir='ltr'><strong>ad</strong></span> <span class='ocrx_word' id='word_1_184' title='bbox 3246 1507 3500 1562; x_wconf 85' lang='lat' dir='ltr'><strong>sublimia</strong></span> 
     </span>
    </p>
   </div>
   <div class='ocr_carea' id='block_1_30' title="bbox 1898 1609 2121 1667">
    <p class='ocr_par' dir='ltr' id='par_1_30' title="bbox 1898 1609 2121 1667">
     <span class='ocr_line' id='line_1_30' title="bbox 1898 1609 2121 1667; baseline -0.027 0"><span class='ocrx_word' id='word_1_185' title='bbox 1898 1609 2121 1667; x_wconf 78' lang='lat' dir='ltr'><strong>elevari.</strong></span> 
     </span>
    </p>
   </div>
   <div class='ocr_carea' id='block_1_31' title="bbox 1972 1687 3500 1766">
    <p class='ocr_par' dir='ltr' id='par_1_31' title="bbox 1972 1687 3500 1766">
     <span class='ocr_line' id='line_1_31' title="bbox 1972 1687 3500 1766; baseline -0.01 -10"><span class='ocrx_word' id='word_1_186' title='bbox 1972 1705 2030 1756; x_wconf 91' lang='lat' dir='ltr'><strong>ln</strong></span> <span class='ocrx_word' id='word_1_187' title='bbox 2079 1708 2320 1754; x_wconf 84' lang='lat' dir='ltr'><strong>montem</strong></span> <span class='ocrx_word' id='word_1_188' title='bbox 2379 1696 2691 1766; x_wconf 78' lang='lat' dir='ltr'><strong>proximum</strong></span> <span class='ocrx_word' id='word_1_189' title='bbox 2741 1691 3014 1751; x_wconf 84' lang='lat' dir='ltr'><strong>ascendit.</strong></span> <span class='ocrx_word' id='word_1_190' title='bbox 3062 1688 3226 1744; x_wconf 85' lang='lat' dir='ltr'><strong>simul</strong></span> <span class='ocrx_word' id='word_1_191' title='bbox 3277 1687 3500 1757; x_wconf 88' lang='lat' dir='ltr'><strong>quidem</strong></span> 
     </span>
    </p>
   </div>
   <div class='ocr_carea' id='block_1_32' title="bbox 1898 1781 3502 1861">
    <p class='ocr_par' dir='ltr' id='par_1_32' title="bbox 1898 1781 3502 1861">
     <span class='ocr_line' id='line_1_32' title="bbox 1898 1781 3502 1861; baseline -0.011 -12"><span class='ocrx_word' id='word_1_192' title='bbox 1898 1795 2186 1853; x_wconf 84' lang='lat' dir='ltr'><strong>tumultus,</strong></span> <span class='ocrx_word' id='word_1_193' title='bbox 2222 1791 2316 1861; x_wconf 87' lang='lat' dir='ltr'><strong>qui</strong></span> <span class='ocrx_word' id='word_1_194' title='bbox 2347 1791 2399 1843; x_wconf 88' lang='lat' dir='ltr'><strong>in</strong></span> <span class='ocrx_word' id='word_1_195' title='bbox 2432 1789 2540 1842; x_wconf 88' lang='lat' dir='ltr'><strong>imo</strong></span> <span class='ocrx_word' id='word_1_196' title='bbox 2561 1796 2721 1840; x_wconf 86' lang='lat' dir='ltr'><strong>erant</strong></span> <span class='ocrx_word' id='word_1_197' title='bbox 2765 1784 3050 1839; x_wconf 85' lang='lat' dir='ltr'><strong>declinans</strong></span> <span class='ocrx_word' id='word_1_198' title='bbox 3086 1800 3101 1848; x_wconf 87' lang='lat'><strong>;</strong></span> <span class='ocrx_word' id='word_1_199' title='bbox 3138 1781 3302 1835; x_wconf 83' lang='lat' dir='ltr'><strong>simul</strong></span> <span class='ocrx_word' id='word_1_200' title='bbox 3334 1781 3502 1834; x_wconf 80' lang='lat' dir='ltr'><strong>etiam</strong></span> 
     </span>
    </p>
   </div>
   <div class='ocr_carea' id='block_1_33' title="bbox 205 1871 1800 1956">
    <p class='ocr_par' dir='ltr' id='par_1_33' title="bbox 205 1879 1789 1956">
     <span class='ocr_line' id='line_1_33' title="bbox 205 1879 1789 1956; baseline -0.006 -16"><span class='ocrx_word' id='word_1_201' title='bbox 205 1887 501 1956; x_wconf 81' lang='grc' dir='ltr'>ρίσπαστον</span> <span class='ocrx_word' id='word_1_202' title='bbox 537 1885 634 1954; x_wconf 83' lang='grc' dir='ltr'>τὴν</span> <span class='ocrx_word' id='word_1_203' title='bbox 669 1883 1027 1936; x_wconf 73' lang='grc' dir='ltr'>διδασκαλίαν</span> <span class='ocrx_word' id='word_1_204' title='bbox 1057 1879 1401 1950; x_wconf 81' lang='grc' dir='ltr'>ποιήσασθαι</span> <span class='ocrx_word' id='word_1_205' title='bbox 1439 1879 1789 1948; x_wconf 78' lang='grc' dir='ltr'>βουλόμενος.</span> 
     </span>
    </p>
   </div>
   <div class='ocr_carea' id='block_1_34' title="bbox 1917 1871 3504 1956">
    <p class='ocr_par' dir='ltr' id='par_1_34' title="bbox 1917 1871 3504 1956">
     <span class='ocr_line' id='line_1_34' title="bbox 1917 1871 3504 1956; baseline -0.011 -14"><span class='ocrx_word' id='word_1_206' title='bbox 1917 1889 2104 1956; x_wconf 79' lang='lat' dir='ltr'><strong>ibsque</strong></span> <span class='ocrx_word' id='word_1_207' title='bbox 2147 1885 2251 1939; x_wconf 87' lang='lat' dir='ltr'><strong>ulla</strong></span> <span class='ocrx_word' id='word_1_208' title='bbox 2307 1881 2667 1937; x_wconf 80' lang='lat' dir='ltr'><strong>distractione</strong></span> <span class='ocrx_word' id='word_1_209' title='bbox 2717 1878 2918 1931; x_wconf 89' lang='lat' dir='ltr'><strong>docere</strong></span> <span class='ocrx_word' id='word_1_210' title='bbox 2973 1874 3228 1944; x_wconf 89' lang='lat' dir='ltr'><strong>cupiens.</strong></span> <span class='ocrx_word' id='word_1_211' title='bbox 3283 1871 3504 1926; x_wconf 82' lang='lat' dir='ltr'><strong>Transit</strong></span> 
     </span>
    </p>
   </div>
   <div class='ocr_carea' id='block_1_35' title="bbox 202 1967 1790 2046">
    <p class='ocr_par' dir='ltr' id='par_1_35' title="bbox 202 1967 1790 2046">
     <span class='ocr_line' id='line_1_35' title="bbox 202 1967 1790 2046; baseline -0.008 -15"><span class='ocrx_word' id='word_1_212' title='bbox 202 1978 419 2046; x_wconf 75' lang='grc' dir='ltr'>Μετὲϐη</span> <span class='ocrx_word' id='word_1_213' title='bbox 460 1980 569 2046; x_wconf 78' lang='grc' dir='ltr'><strong>γὰρ</strong></span> <span class='ocrx_word' id='word_1_214' title='bbox 609 1977 718 2029; x_wconf 82' lang='grc' dir='ltr'>ἀπὸ</span> <span class='ocrx_word' id='word_1_215' title='bbox 753 1976 854 2043; x_wconf 84' lang='grc' dir='ltr'>τῆς</span> <span class='ocrx_word' id='word_1_216' title='bbox 889 1973 1190 2041; x_wconf 78' lang='grc' dir='ltr'>θεραπείας</span> <span class='ocrx_word' id='word_1_217' title='bbox 1230 1971 1338 2024; x_wconf 83' lang='grc' dir='ltr'>τῶν</span> <span class='ocrx_word' id='word_1_218' title='bbox 1382 1971 1654 2036; x_wconf 84' lang='grc' dir='ltr'>σωμάτων</span> <span class='ocrx_word' id='word_1_219' title='bbox 1697 1967 1790 2019; x_wconf 77' lang='grc' dir='ltr'><strong>ἐπὶ</strong></span> 
     </span>
    </p>
   </div>
   <div class='ocr_carea' id='block_1_36' title="bbox 203 2061 1792 2139">
    <p class='ocr_par' dir='ltr' id='par_1_36' title="bbox 203 2061 1792 2139">
     <span class='ocr_line' id='line_1_36' title="bbox 203 2061 1792 2139; baseline -0.006 -17"><span class='ocrx_word' id='word_1_220' title='bbox 203 2073 293 2139; x_wconf 75' lang='grc' dir='ltr'>τὴν</span> <span class='ocrx_word' id='word_1_221' title='bbox 324 2071 571 2138; x_wconf 73' lang='grc' dir='ltr'>ἰατρείαν</span> <span class='ocrx_word' id='word_1_222' title='bbox 600 2068 710 2120; x_wconf 84' lang='grc' dir='ltr'><strong>τῶν</strong></span> <span class='ocrx_word' id='word_1_223' title='bbox 738 2067 947 2135; x_wconf 78' lang='grc' dir='ltr'>ψυχῶν.</span> <span class='ocrx_word' id='word_1_224' title='bbox 983 2065 1140 2117; x_wconf 73' lang='grc' dir='ltr'><strong>Οὕτω</strong></span> <span class='ocrx_word' id='word_1_225' title='bbox 1166 2064 1274 2134; x_wconf 85' lang='grc' dir='ltr'>γὰρ</span> <span class='ocrx_word' id='word_1_226' title='bbox 1306 2062 1395 2116; x_wconf 77' lang='grc' dir='ltr'>ἀεὶ</span> <span class='ocrx_word' id='word_1_227' title='bbox 1429 2061 1597 2115; x_wconf 83' lang='grc' dir='ltr'>ποιῶν</span> <span class='ocrx_word' id='word_1_228' title='bbox 1622 2061 1792 2113; x_wconf 75' lang='grc' dir='ltr'>διετέ-</span> 
     </span>
    </p>
   </div>
   <div class='ocr_carea' id='block_1_37' title="bbox 209 2157 1792 2238">
    <p class='ocr_par' dir='ltr' id='par_1_37' title="bbox 209 2157 1792 2238">
     <span class='ocr_line' id='line_1_37' title="bbox 209 2157 1792 2238; baseline -0.008 -18"><span class='ocrx_word' id='word_1_229' title='bbox 209 2167 311 2234; x_wconf 74' lang='grc' dir='ltr'>ὶει,</span> <span class='ocrx_word' id='word_1_230' title='bbox 349 2168 699 2238; x_wconf 85' lang='grc' dir='ltr'>μεταϐαίνων</span> <span class='ocrx_word' id='word_1_231' title='bbox 730 2163 825 2220; x_wconf 79' lang='grc' dir='ltr'>ἀπ’</span> <span class='ocrx_word' id='word_1_232' title='bbox 856 2163 1072 2231; x_wconf 73' lang='grc' dir='ltr'>ἐκείνης</span> <span class='ocrx_word' id='word_1_233' title='bbox 1103 2162 1196 2212; x_wconf 68' lang='grc' dir='ltr'><strong>ἐπὶ</strong></span> <span class='ocrx_word' id='word_1_234' title='bbox 1230 2159 1469 2229; x_wconf 81' lang='grc' dir='ltr'>ταύτην,</span> <span class='ocrx_word' id='word_1_235' title='bbox 1507 2159 1604 2210; x_wconf 75' lang='grc' dir='ltr'>καὶ</span> <span class='ocrx_word' id='word_1_236' title='bbox 1635 2157 1792 2218; x_wconf 71' lang='grc' dir='ltr'>αὖθις</span> 
     </span>
    </p>
   </div>
   <div class='ocr_carea' id='block_1_38' title="bbox 205 2251 1793 2330">
    <p class='ocr_par' dir='ltr' id='par_1_38' title="bbox 205 2251 1793 2330">
     <span class='ocr_line' id='line_1_38' title="bbox 205 2251 1793 2330; baseline -0.01 -13"><span class='ocrx_word' id='word_1_237' title='bbox 205 2265 304 2317; x_wconf 83' lang='grc' dir='ltr'><strong>ἀπὺ</strong></span> <span class='ocrx_word' id='word_1_238' title='bbox 338 2264 543 2330; x_wconf 82' lang='grc' dir='ltr'><strong>ταύτης</strong></span> <span class='ocrx_word' id='word_1_239' title='bbox 575 2260 663 2311; x_wconf 75' lang='grc' dir='ltr'><strong>ἐπ’</strong></span> <span class='ocrx_word' id='word_1_240' title='bbox 701 2258 947 2324; x_wconf 76' lang='grc' dir='ltr'>ἐκείνην,</span> <span class='ocrx_word' id='word_1_241' title='bbox 984 2256 1080 2308; x_wconf 71' lang='grc' dir='ltr'>καὶ</span> <span class='ocrx_word' id='word_1_242' title='bbox 1121 2253 1380 2323; x_wconf 80' lang='grc' dir='ltr'>ποικίλην</span> <span class='ocrx_word' id='word_1_243' title='bbox 1415 2251 1793 2322; x_wconf 75' lang='grc' dir='ltr'>παρεχόμενος</span> 
     </span>
    </p>
   </div>
   <div class='ocr_carea' id='block_1_39' title="bbox 208 2357 625 2428">
    <p class='ocr_par' dir='ltr' id='par_1_39' title="bbox 208 2357 625 2428">
     <span class='ocr_line' id='line_1_39' title="bbox 208 2357 625 2428; baseline 0.002 -18"><span class='ocrx_word' id='word_1_244' title='bbox 208 2363 298 2428; x_wconf 78' lang='grc' dir='ltr'>τὴν</span> <span class='ocrx_word' id='word_1_245' title='bbox 333 2357 625 2424; x_wconf 80' lang='grc' dir='ltr'>ὠφέλειαν.</span> 
     </span>
    </p>
   </div>
   <div class='ocr_carea' id='block_1_40' title="bbox 272 2434 1796 2509">
    <p class='ocr_par' dir='ltr' id='par_1_40' title="bbox 272 2434 1796 2509">
     <span class='ocr_line' id='line_1_40' title="bbox 272 2434 1796 2509; baseline -0.01 -7"><span class='ocrx_word' id='word_1_246' title='bbox 272 2450 383 2503; x_wconf 86' lang='lat' dir='ltr'><strong>Kal</strong></span> <span class='ocrx_word' id='word_1_247' title='bbox 419 2449 786 2509; x_wconf 78' lang='grc' dir='ltr'>καθίσαντος</span> <span class='ocrx_word' id='word_1_248' title='bbox 824 2473 894 2484; x_wconf 89' lang='lat'><strong>—-</strong></span> <span class='ocrx_word' id='word_1_249' title='bbox 928 2441 1140 2496; x_wconf 83' lang='grc' dir='ltr'>αὐτοῦ.</span> <span class='ocrx_word' id='word_1_250' title='bbox 1187 2437 1527 2508; x_wconf 77' lang='grc' dir='ltr'>Συνανῆλθον</span> <span class='ocrx_word' id='word_1_251' title='bbox 1567 2437 1666 2506; x_wconf 74' lang='grc' dir='ltr'>μὲν</span> <span class='ocrx_word' id='word_1_252' title='bbox 1701 2434 1796 2487; x_wconf 72' lang='grc' dir='ltr'>καὶ</span> 
     </span>
    </p>
   </div>
   <div class='ocr_carea' id='block_1_41' title="bbox 209 2529 1796 2610">
    <p class='ocr_par' dir='ltr' id='par_1_41' title="bbox 209 2529 1796 2610">
     <span class='ocr_line' id='line_1_41' title="bbox 209 2529 1796 2610; baseline -0.011 -16"><span class='ocrx_word' id='word_1_253' title='bbox 209 2542 252 2593; x_wconf 82' lang='grc' dir='ltr'>οἱ</span> <span class='ocrx_word' id='word_1_254' title='bbox 284 2541 456 2610; x_wconf 79' lang='grc' dir='ltr'>ὄχλοι,</span> <span class='ocrx_word' id='word_1_255' title='bbox 503 2537 814 2608; x_wconf 77' lang='grc' dir='ltr'>προσῆλθον</span> <span class='ocrx_word' id='word_1_256' title='bbox 845 2536 903 2588; x_wconf 77' lang='grc' dir='ltr'>δὲ</span> <span class='ocrx_word' id='word_1_257' title='bbox 937 2536 986 2586; x_wconf 76' lang='grc' dir='ltr'>οἱ</span> <span class='ocrx_word' id='word_1_258' title='bbox 1038 2533 1304 2602; x_wconf 75' lang='grc' dir='ltr'>μαθηταὶ,</span> <span class='ocrx_word' id='word_1_259' title='bbox 1337 2531 1412 2593; x_wconf 82' lang='grc' dir='ltr'><strong>ὡς</strong></span> <span class='ocrx_word' id='word_1_260' title='bbox 1461 2529 1796 2596; x_wconf 72' lang='grc' dir='ltr'>οἰκειότερον</span> 
     </span>
    </p>
   </div>
   <div class='ocr_carea' id='block_1_42' title="bbox 210 2619 1794 2702">
    <p class='ocr_par' dir='ltr' id='par_1_42' title="bbox 210 2619 1794 2702">
     <span class='ocr_line' id='line_1_42' title="bbox 210 2619 1794 2702; baseline -0.009 -15"><span class='ocrx_word' id='word_1_261' title='bbox 210 2633 354 2702; x_wconf 67' lang='grc' dir='ltr'>αντῷ</span> <span class='ocrx_word' id='word_1_262' title='bbox 414 2632 794 2700; x_wconf 76' lang='grc' dir='ltr'>διακείμενοι,</span> <span class='ocrx_word' id='word_1_263' title='bbox 856 2627 1106 2688; x_wconf 82' lang='grc' dir='ltr'>θέλοντες</span> <span class='ocrx_word' id='word_1_264' title='bbox 1160 2623 1482 2694; x_wconf 77' lang='grc' dir='ltr'>διδαχθῆναί</span> <span class='ocrx_word' id='word_1_265' title='bbox 1545 2639 1598 2674; x_wconf 87' lang='grc' dir='ltr'><strong>τι</strong></span> <span class='ocrx_word' id='word_1_266' title='bbox 1661 2619 1794 2690; x_wconf 80' lang='grc' dir='ltr'>παρ’</span> 
     </span>
    </p>
   </div>
   <div class='ocr_carea' id='block_1_43' title="bbox 213 2725 395 2780">
    <p class='ocr_par' dir='ltr' id='par_1_43' title="bbox 213 2725 395 2780">
     <span class='ocr_line' id='line_1_43' title="bbox 213 2725 395 2780; baseline -0.005 0"><span class='ocrx_word' id='word_1_267' title='bbox 213 2725 395 2780; x_wconf 78' lang='grc' dir='ltr'>αὐτοῦ.</span> 
     </span>
    </p>
   </div>
   <div class='ocr_carea' id='block_1_44' title="bbox 277 2806 1799 2880">
    <p class='ocr_par' dir='ltr' id='par_1_44' title="bbox 277 2806 1799 2880">
     <span class='ocr_line' id='line_1_44' title="bbox 277 2806 1799 2880; baseline -0.009 -10"><span class='ocrx_word' id='word_1_268' title='bbox 277 2817 383 2870; x_wconf 81' lang='lat' dir='ltr'><strong>Kal</strong></span> <span class='ocrx_word' id='word_1_269' title='bbox 411 2815 665 2880; x_wconf 75' lang='grc' dir='ltr'>ἀνοίξας</span> <span class='ocrx_word' id='word_1_270' title='bbox 705 2813 1117 2866; x_wconf 78' lang='grc' dir='ltr'>-ἐδίδασκεν</span> <span class='ocrx_word' id='word_1_271' title='bbox 1137 2810 1383 2872; x_wconf 83' lang='grc' dir='ltr'>αὐτούς.</span> <span class='ocrx_word' id='word_1_272' title='bbox 1423 2808 1581 2869; x_wconf 91' lang='grc' dir='ltr'>Τίνος</span> <span class='ocrx_word' id='word_1_273' title='bbox 1608 2806 1799 2859; x_wconf 72' lang='grc' dir='ltr'>ἕνεκεν</span> 
     </span>
    </p>
   </div>
   <div class='ocr_carea' id='block_1_45' title="bbox 214 2897 1802 2972">
    <p class='ocr_par' dir='ltr' id='par_1_45' title="bbox 214 2897 1802 2972">
     <span class='ocr_line' id='line_1_45' title="bbox 214 2897 1802 2972; baseline -0.009 -9"><span class='ocrx_word' id='word_1_274' title='bbox 214 2907 382 2971; x_wconf 78' lang='grc' dir='ltr'>εἶπεν,</span> <span class='ocrx_word' id='word_1_275' title='bbox 409 2910 494 2962; x_wconf 84' lang='grc' dir='ltr'>ὅτι</span> <span class='ocrx_word' id='word_1_276' title='bbox 550 2909 647 2961; x_wconf 71' lang='grc' dir='ltr'>καὶ</span> <span class='ocrx_word' id='word_1_277' title='bbox 705 2906 928 2970; x_wconf 79' lang='grc' dir='ltr'>ἀνοίξας</span> <span class='ocrx_word' id='word_1_278' title='bbox 955 2906 1018 2956; x_wconf 73' lang='grc' dir='ltr'><strong>τὸ</strong></span> <span class='ocrx_word' id='word_1_279' title='bbox 1049 2904 1226 2972; x_wconf 76' lang='grc' dir='ltr'>στόμα</span> <span class='ocrx_word' id='word_1_280' title='bbox 1278 2898 1485 2964; x_wconf 66' lang='lat' dir='ltr'><strong>ain-oft;</strong></span> <span class='ocrx_word' id='word_1_281' title='bbox 1514 2898 1662 2950; x_wconf 89' lang='grc' dir='ltr'>Διότι</span> <span class='ocrx_word' id='word_1_282' title='bbox 1687 2897 1802 2965; x_wconf 75' lang='grc' dir='ltr'>ξκαὶ</span> 
     </span>
    </p>
   </div>
   <div class='ocr_carea' id='block_1_46' title="bbox 216 2987 1800 3073">
    <p class='ocr_par' dir='ltr' id='par_1_46' title="bbox 216 2987 1800 3073">
     <span class='ocr_line' id='line_1_46' title="bbox 216 2987 1800 3073; baseline -0.006 -20"><span class='ocrx_word' id='word_1_283' title='bbox 216 3004 288 3073; x_wconf 70' lang='grc' dir='ltr'>μὴ</span> <span class='ocrx_word' id='word_1_284' title='bbox 320 3004 554 3069; x_wconf 79' lang='grc' dir='ltr'>ἀνοίγων</span> <span class='ocrx_word' id='word_1_285' title='bbox 584 3001 720 3053; x_wconf 74' lang='grc' dir='ltr'>αὐτὸ</span> <span class='ocrx_word' id='word_1_286' title='bbox 748 3000 1030 3051; x_wconf 75' lang='grc' dir='ltr'>ἐδίδασκεν</span> <span class='ocrx_word' id='word_1_287' title='bbox 1061 2996 1282 3056; x_wconf 75' lang='grc' dir='ltr'>αὐτοὺς,</span> <span class='ocrx_word' id='word_1_288' title='bbox 1316 2994 1410 3061; x_wconf 75' lang='grc' dir='ltr'>ἀφ’</span> <span class='ocrx_word' id='word_1_289' title='bbox 1434 2987 1800 3062; x_wconf 55' lang='grc' dir='ltr'>ὦνξέπραττε.</span> 
     </span>
    </p>
   </div>
   <div class='ocr_carea' id='block_1_47' title="bbox 217 3083 1799 3164">
    <p class='ocr_par' dir='ltr' id='par_1_47' title="bbox 217 3083 1799 3164">
     <span class='ocr_line' id='line_1_47' title="bbox 217 3083 1799 3164; baseline -0.009 -17"><span class='ocrx_word' id='word_1_290' title='bbox 217 3096 352 3160; x_wconf 68' lang='grc' dir='ltr'>Πρὸς</span> <span class='ocrx_word' id='word_1_291' title='bbox 393 3095 494 3164; x_wconf 80' lang='grc' dir='ltr'>μὲν</span> <span class='ocrx_word' id='word_1_292' title='bbox 522 3090 615 3146; x_wconf 79' lang='grc' dir='ltr'>οὖν</span> <span class='ocrx_word' id='word_1_293' title='bbox 646 3092 774 3153; x_wconf 80' lang='grc' dir='ltr'>τοὺς</span> <span class='ocrx_word' id='word_1_294' title='bbox 815 3088 1070 3160; x_wconf 75' lang='grc' dir='ltr'>μαθητὰς</span> <span class='ocrx_word' id='word_1_295' title='bbox 1102 3086 1384 3141; x_wconf 78' lang='grc' dir='ltr'>ἀποτείνει</span> <span class='ocrx_word' id='word_1_296' title='bbox 1429 3084 1558 3146; x_wconf 75' lang='grc' dir='ltr'>τοὺς</span> <span class='ocrx_word' id='word_1_297' title='bbox 1583 3083 1799 3149; x_wconf 80' lang='grc' dir='ltr'>λόγους,</span> 
     </span>
    </p>
   </div>
   <div class='ocr_carea' id='block_1_48' title="bbox 218 3175 1801 3253">
    <p class='ocr_par' dir='ltr' id='par_1_48' title="bbox 218 3175 1801 3253">
     <span class='ocr_line' id='line_1_48' title="bbox 218 3175 1801 3253; baseline -0.008 -14"><span class='ocrx_word' id='word_1_298' title='bbox 218 3188 303 3239; x_wconf 76' lang='grc' dir='ltr'><strong>ἴνα</strong></span> <span class='ocrx_word' id='word_1_299' title='bbox 355 3185 673 3253; x_wconf 77' lang='grc' dir='ltr'>ἀνεπαχθὴς</span> <span class='ocrx_word' id='word_1_300' title='bbox 718 3183 845 3253; x_wconf 73' lang='grc' dir='ltr'><strong>δόξῃ</strong></span> <span class='ocrx_word' id='word_1_301' title='bbox 886 3183 1002 3244; x_wconf 81' lang='grc' dir='ltr'>τοῖς</span> <span class='ocrx_word' id='word_1_302' title='bbox 1032 3179 1238 3250; x_wconf 75' lang='grc' dir='ltr'>ὄχλοις,</span> <span class='ocrx_word' id='word_1_303' title='bbox 1275 3178 1490 3239; x_wconf 78' lang='grc' dir='ltr'>κοινοὺς</span> <span class='ocrx_word' id='word_1_304' title='bbox 1515 3177 1572 3230; x_wconf 80' lang='grc' dir='ltr'><strong>δι</strong></span> <span class='ocrx_word' id='word_1_305' title='bbox 1600 3175 1801 3238; x_wconf 78' lang='grc' dir='ltr'>αὐτοὺς</span> 
     </span>
    </p>
   </div>
   <div class='ocr_carea' id='block_1_49' title="bbox 219 3266 1799 3343">
    <p class='ocr_par' dir='ltr' id='par_1_49' title="bbox 219 3266 1799 3343">
     <span class='ocr_line' id='line_1_49' title="bbox 219 3266 1799 3343; baseline -0.004 -15"><span class='ocrx_word' id='word_1_306' title='bbox 219 3278 451 3330; x_wconf 74' lang='grc' dir='ltr'>ποιεῖται</span> <span class='ocrx_word' id='word_1_307' title='bbox 490 3275 628 3343; x_wconf 78' lang='grc' dir='ltr'>πρὸς</span> <span class='ocrx_word' id='word_1_308' title='bbox 682 3274 895 3334; x_wconf 79' lang='grc' dir='ltr'>πάντας</span> <span class='ocrx_word' id='word_1_309' title='bbox 923 3271 1258 3342; x_wconf 80' lang='grc' dir='ltr'>ἀνθρώπους</span> <span class='ocrx_word' id='word_1_310' title='bbox 1299 3272 1392 3322; x_wconf 72' lang='grc' dir='ltr'>καὶ</span> <span class='ocrx_word' id='word_1_311' title='bbox 1446 3266 1799 3328; x_wconf 71' lang='grc' dir='ltr'>καθολικούς.</span> 
     </span>
    </p>
   </div>
   <div class='ocr_carea' id='block_1_50' title="bbox 283 3359 1802 3438">
    <p class='ocr_par' dir='ltr' id='par_1_50' title="bbox 283 3359 1802 3438">
     <span class='ocr_line' id='line_1_50' title="bbox 283 3359 1802 3438; baseline -0.01 -14"><span class='ocrx_word' id='word_1_312' title='bbox 283 3369 486 3438; x_wconf 59' lang='grc' dir='ltr'>Δείνων</span> <span class='ocrx_word' id='word_1_313' title='bbox 521 3397 588 3408; x_wconf 91' lang='lat'><strong>—-</strong></span> <span class='ocrx_word' id='word_1_314' title='bbox 634 3364 934 3433; x_wconf 73' lang='grc' dir='ltr'>οὐρανῶν.</span> <span class='ocrx_word' id='word_1_315' title='bbox 984 3366 1101 3418; x_wconf 85' lang='grc' dir='ltr'><strong>Ούκ</strong></span> <span class='ocrx_word' id='word_1_316' title='bbox 1149 3359 1329 3427; x_wconf 76' lang='grc' dir='ltr'>εἶπεν,</span> <span class='ocrx_word' id='word_1_317' title='bbox 1379 3364 1430 3414; x_wconf 78' lang='grc' dir='ltr'>οἱ</span> <span class='ocrx_word' id='word_1_318' title='bbox 1454 3360 1663 3429; x_wconf 73' lang='grc' dir='ltr'>πτωχοὶ</span> <span class='ocrx_word' id='word_1_319' title='bbox 1687 3360 1802 3420; x_wconf 77' lang='grc' dir='ltr'>τοῖς</span> 
     </span>
    </p>
   </div>
   <div class='ocr_carea' id='block_1_51' title="bbox 221 3450 1801 3532">
    <p class='ocr_par' dir='ltr' id='par_1_51' title="bbox 221 3450 1801 3532">
     <span class='ocr_line' id='line_1_51' title="bbox 221 3450 1801 3532; baseline -0.009 -18"><span class='ocrx_word' id='word_1_320' title='bbox 221 3464 520 3532; x_wconf 76' lang='grc' dir='ltr'>χρήμασιν,</span> <span class='ocrx_word' id='word_1_321' title='bbox 540 3461 655 3513; x_wconf 82' lang='grc' dir='ltr'>ἀλλ’</span> <span class='ocrx_word' id='word_1_322' title='bbox 684 3460 734 3510; x_wconf 78' lang='grc' dir='ltr'>οἱ</span> <span class='ocrx_word' id='word_1_323' title='bbox 751 3461 958 3526; x_wconf 75' lang='grc' dir='ltr'>πτωχοὶ</span> <span class='ocrx_word' id='word_1_324' title='bbox 985 3455 1060 3526; x_wconf 80' lang='grc' dir='ltr'>τῷ</span> <span class='ocrx_word' id='word_1_325' title='bbox 1091 3455 1395 3524; x_wconf 84' lang='grc' dir='ltr'>πνεύματι·</span> <span class='ocrx_word' id='word_1_326' title='bbox 1430 3453 1715 3505; x_wconf 82' lang='grc' dir='ltr'>τουτέστιν</span> <span class='ocrx_word' id='word_1_327' title='bbox 1749 3450 1801 3501; x_wconf 79' lang='lat' dir='ltr'><strong>oi</strong></span> 
     </span>
    </p>
   </div>
   <div class='ocr_carea' id='block_1_52' title="bbox 220 3542 1805 3622">
    <p class='ocr_par' dir='ltr' id='par_1_52' title="bbox 220 3542 1805 3622">
     <span class='ocr_line' id='line_1_52' title="bbox 220 3542 1805 3622; baseline -0.005 -19"><span class='ocrx_word' id='word_1_328' title='bbox 220 3554 470 3605; x_wconf 72' lang='grc' dir='ltr'>ταπεινοὶ</span> <span class='ocrx_word' id='word_1_329' title='bbox 497 3554 563 3622; x_wconf 80' lang='grc' dir='ltr'>τῇ</span> <span class='ocrx_word' id='word_1_330' title='bbox 603 3550 715 3618; x_wconf 67' lang='grc'><strong>(21)</strong></span> <span class='ocrx_word' id='word_1_331' title='bbox 756 3549 1083 3619; x_wconf 80' lang='grc' dir='ltr'>προαιρέσει</span> <span class='ocrx_word' id='word_1_332' title='bbox 1111 3548 1204 3600; x_wconf 74' lang='grc' dir='ltr'>καὶ</span> <span class='ocrx_word' id='word_1_333' title='bbox 1234 3549 1300 3616; x_wconf 73' lang='grc' dir='ltr'>τῇ</span> <span class='ocrx_word' id='word_1_334' title='bbox 1320 3546 1490 3615; x_wconf 77' lang='grc' dir='ltr'>ψυχῇ,</span> <span class='ocrx_word' id='word_1_335' title='bbox 1511 3544 1688 3597; x_wconf 81' lang='grc' dir='ltr'>ταῦτα</span> <span class='ocrx_word' id='word_1_336' title='bbox 1709 3542 1805 3595; x_wconf 79' lang='grc' dir='ltr'>νῦν</span> 
     </span>
    </p>
   </div>
   <div class='ocr_carea' id='block_1_53' title="bbox 221 3635 1806 3714">
    <p class='ocr_par' dir='ltr' id='par_1_53' title="bbox 221 3635 1806 3714">
     <span class='ocr_line' id='line_1_53' title="bbox 221 3635 1806 3714; baseline -0.006 -19"><span class='ocrx_word' id='word_1_337' title='bbox 221 3644 437 3714; x_wconf 81' lang='grc' dir='ltr'>πνεῦμα</span> <span class='ocrx_word' id='word_1_338' title='bbox 486 3644 786 3711; x_wconf 77' lang='grc' dir='ltr'>ὀνομάσας.</span> <span class='ocrx_word' id='word_1_339' title='bbox 814 3641 890 3693; x_wconf 81' lang='grc' dir='ltr'><strong>Οὐ</strong></span> <span class='ocrx_word' id='word_1_340' title='bbox 930 3640 1041 3710; x_wconf 77' lang='grc' dir='ltr'>γὰρ</span> <span class='ocrx_word' id='word_1_341' title='bbox 1070 3640 1098 3692; x_wconf 83' lang='grc' dir='ltr'>ὁ</span> <span class='ocrx_word' id='word_1_342' title='bbox 1129 3641 1194 3692; x_wconf 68' lang='grc' dir='ltr'>ὲκ</span> <span class='ocrx_word' id='word_1_343' title='bbox 1246 3635 1627 3708; x_wconf 78' lang='grc' dir='ltr'>περιστάσεὼς</span> <span class='ocrx_word' id='word_1_344' title='bbox 1657 3649 1806 3697; x_wconf 86' lang='grc' dir='ltr'>τινος</span> 
     </span>
    </p>
   </div>
   <div class='ocr_carea' id='block_1_54' title="bbox 220 3730 1807 3803">
    <p class='ocr_par' dir='ltr' id='par_1_54' title="bbox 220 3730 1807 3803">
     <span class='ocr_line' id='line_1_54' title="bbox 220 3730 1807 3803; baseline -0.006 -12"><span class='ocrx_word' id='word_1_345' title='bbox 220 3738 496 3801; x_wconf 72' lang='grc' dir='ltr'>ταπεινὸς,</span> <span class='ocrx_word' id='word_1_346' title='bbox 555 3732 712 3798; x_wconf 72' lang='grc' dir='ltr'>οὗτος</span> <span class='ocrx_word' id='word_1_347' title='bbox 745 3733 1111 3803; x_wconf 77' lang='grc' dir='ltr'>μακαριστὸς,</span> <span class='ocrx_word' id='word_1_348' title='bbox 1140 3732 1278 3786; x_wconf 82' lang='grc' dir='ltr'>διότι</span> <span class='ocrx_word' id='word_1_349' title='bbox 1307 3730 1464 3784; x_wconf 78' lang='grc' dir='ltr'>οὐδὲν</span> <span class='ocrx_word' id='word_1_350' title='bbox 1497 3731 1605 3783; x_wconf 85' lang='grc' dir='ltr'>τῶν</span> <span class='ocrx_word' id='word_1_351' title='bbox 1633 3731 1807 3798; x_wconf 83' lang='grc' dir='ltr'>ἀπρο-</span> 
     </span>
    </p>
   </div>
   <div class='ocr_carea' id='block_1_55' title="bbox 222 3821 1808 3899">
    <p class='ocr_par' dir='ltr' id='par_1_55' title="bbox 222 3821 1808 3899">
     <span class='ocr_line' id='line_1_55' title="bbox 222 3821 1808 3899; baseline -0.007 -17"><span class='ocrx_word' id='word_1_352' title='bbox 222 3830 457 3899; x_wconf 85' lang='grc' dir='ltr'>αιρέτων</span> <span class='ocrx_word' id='word_1_353' title='bbox 508 3828 876 3897; x_wconf 82' lang='grc' dir='ltr'>μακαριστόν.</span> <span class='ocrx_word' id='word_1_354' title='bbox 933 3826 1092 3879; x_wconf 77' lang='grc' dir='ltr'>Πᾶσα</span> <span class='ocrx_word' id='word_1_355' title='bbox 1141 3824 1250 3893; x_wconf 76' lang='grc' dir='ltr'>γὰρ</span> <span class='ocrx_word' id='word_1_356' title='bbox 1278 3823 1450 3892; x_wconf 81' lang='grc' dir='ltr'>ἀρετὴ</span> <span class='ocrx_word' id='word_1_357' title='bbox 1470 3821 1550 3891; x_wconf 84' lang='grc' dir='ltr'>τῷ</span> <span class='ocrx_word' id='word_1_358' title='bbox 1573 3821 1808 3889; x_wconf 76' lang='grc' dir='ltr'>ἑκουσίῳ</span> 
     </span>
    </p>
   </div>
   <div class='ocr_carea' id='block_1_56' title="bbox 222 3912 1808 3992">
    <p class='ocr_par' dir='ltr' id='par_1_56' title="bbox 222 3912 1808 3992">
     <span class='ocr_line' id='line_1_56' title="bbox 222 3912 1808 3992; baseline -0.008 -17"><span class='ocrx_word' id='word_1_359' title='bbox 222 3922 710 3992; x_wconf 76' lang='grc' dir='ltr'>χαρακτηρίζεται.</span> <span class='ocrx_word' id='word_1_360' title='bbox 765 3917 989 3987; x_wconf 79' lang='grc' dir='ltr'>Πτωχδν</span> <span class='ocrx_word' id='word_1_361' title='bbox 1017 3916 1074 3969; x_wconf 79' lang='grc' dir='ltr'>δὲ</span> <span class='ocrx_word' id='word_1_362' title='bbox 1124 3915 1384 3977; x_wconf 74' lang='grc' dir='ltr'>ἐνταῦθα,</span> <span class='ocrx_word' id='word_1_363' title='bbox 1428 3914 1520 3967; x_wconf 79' lang='grc' dir='ltr'><strong>τὸν</strong></span> <span class='ocrx_word' id='word_1_364' title='bbox 1548 3912 1808 3966; x_wconf 75' lang='grc' dir='ltr'>ταπεινὸν</span> 
     </span>
    </p>
   </div>
   <div class='ocr_carea' id='block_1_57' title="bbox 221 4005 1810 4077">
    <p class='ocr_par' dir='ltr' id='par_1_57' title="bbox 221 4005 1810 4077">
     <span class='ocr_line' id='line_1_57' title="bbox 221 4005 1810 4077; baseline -0.005 -11"><span class='ocrx_word' id='word_1_365' title='bbox 221 4015 479 4066; x_wconf 68' lang='grc' dir='ltr'>ἐκάλεσεν</span> <span class='ocrx_word' id='word_1_366' title='bbox 513 4013 622 4066; x_wconf 78' lang='grc' dir='ltr'>ἀπὸ</span> <span class='ocrx_word' id='word_1_367' title='bbox 656 4011 751 4064; x_wconf 78' lang='grc' dir='ltr'><strong>τοῦ</strong></span> <span class='ocrx_word' id='word_1_368' title='bbox 803 4006 1267 4077; x_wconf 78' lang='grc' dir='ltr'>κατεπτηχέναι,</span> <span class='ocrx_word' id='word_1_369' title='bbox 1306 4007 1334 4060; x_wconf 76' lang='grc' dir='ltr'><strong>ὅ</strong></span> <span class='ocrx_word' id='word_1_370' title='bbox 1372 4009 1488 4059; x_wconf 77' lang='grc' dir='ltr'>ἐστι</span> <span class='ocrx_word' id='word_1_371' title='bbox 1544 4005 1810 4075; x_wconf 68' lang='grc' dir='ltr'>πεφοϐῆ-</span> 
     </span>
    </p>
   </div>
   <div class='ocr_carea' id='block_1_58' title="bbox 223 4095 1808 4170">
    <p class='ocr_par' dir='ltr' id='par_1_58' title="bbox 223 4095 1808 4170">
     <span class='ocr_line' id='line_1_58' title="bbox 223 4095 1808 4170; baseline -0.006 -16"><span class='ocrx_word' id='word_1_372' title='bbox 223 4107 383 4156; x_wconf 71' lang='grc' dir='ltr'>σθαι.</span> <span class='ocrx_word' id='word_1_373' title='bbox 422 4103 481 4154; x_wconf 84' lang='lat'><strong>&#39;0</strong></span> <span class='ocrx_word' id='word_1_374' title='bbox 511 4101 620 4170; x_wconf 79' lang='grc' dir='ltr'><strong>γὰρ</strong></span> <span class='ocrx_word' id='word_1_375' title='bbox 656 4099 1041 4166; x_wconf 77' lang='grc' dir='ltr'>ταπεινόφρων</span> <span class='ocrx_word' id='word_1_376' title='bbox 1080 4099 1171 4149; x_wconf 82' lang='grc' dir='ltr'>ἀεὶ</span> <span class='ocrx_word' id='word_1_377' title='bbox 1233 4095 1481 4164; x_wconf 78' lang='grc' dir='ltr'>φοϐεῖται</span> <span class='ocrx_word' id='word_1_378' title='bbox 1517 4095 1607 4148; x_wconf 84' lang='grc' dir='ltr'>τὸν</span> <span class='ocrx_word' id='word_1_379' title='bbox 1651 4095 1808 4154; x_wconf 65' lang='grc' dir='ltr'>Θεὸν,</span> 
     </span>
    </p>
   </div>
   <div class='ocr_carea' id='block_1_59' title="bbox 225 4187 1812 4262">
    <p class='ocr_par' dir='ltr' id='par_1_59' title="bbox 225 4187 1812 4262">
     <span class='ocr_line' id='line_1_59' title="bbox 225 4187 1812 4262; baseline -0.004 -18"><span class='ocrx_word' id='word_1_380' title='bbox 225 4195 296 4254; x_wconf 79' lang='grc' dir='ltr'>ὡς</span> <span class='ocrx_word' id='word_1_381' title='bbox 331 4193 604 4262; x_wconf 74' lang='grc' dir='ltr'>μηδέποτε</span> <span class='ocrx_word' id='word_1_382' title='bbox 659 4191 1043 4259; x_wconf 79' lang='grc' dir='ltr'>εὐαρεστήσας</span> <span class='ocrx_word' id='word_1_383' title='bbox 1069 4187 1243 4256; x_wconf 75' lang='grc' dir='ltr'>αὐτῷ.</span> <span class='ocrx_word' id='word_1_384' title='bbox 1285 4189 1485 4240; x_wconf 82' lang='grc' dir='ltr'>Σκόπει</span> <span class='ocrx_word' id='word_1_385' title='bbox 1521 4187 1595 4249; x_wconf 76' lang='grc' dir='ltr'>δὲ,</span> <span class='ocrx_word' id='word_1_386' title='bbox 1629 4189 1812 4239; x_wconf 77' lang='grc' dir='ltr'>ὁποῖον</span> 
     </span>
    </p>
   </div>
   <div class='ocr_carea' id='block_1_60' title="bbox 226 4280 1812 4354">
    <p class='ocr_par' dir='ltr' id='par_1_60' title="bbox 226 4280 1812 4354">
     <span class='ocr_line' id='line_1_60' title="bbox 226 4280 1812 4354; baseline -0.004 -17"><span class='ocrx_word' id='word_1_387' title='bbox 226 4285 478 4354; x_wconf 79' lang='grc' dir='ltr'>θεμέλιον</span> <span class='ocrx_word' id='word_1_388' title='bbox 512 4285 612 4353; x_wconf 82' lang='grc' dir='ltr'>τῆς</span> <span class='ocrx_word' id='word_1_389' title='bbox 665 4281 1027 4345; x_wconf 79' lang='grc' dir='ltr'>διδασκαλίας</span> <span class='ocrx_word' id='word_1_390' title='bbox 1055 4280 1409 4334; x_wconf 83' lang='grc' dir='ltr'>κατεϐάλετο.</span> <span class='ocrx_word' id='word_1_391' title='bbox 1453 4281 1609 4332; x_wconf 77' lang='grc' dir='ltr'>Ἐπεὶ</span> <span class='ocrx_word' id='word_1_392' title='bbox 1645 4282 1754 4348; x_wconf 79' lang='grc' dir='ltr'>γὰρ</span> <span class='ocrx_word' id='word_1_393' title='bbox 1779 4280 1812 4348; x_wconf 86' lang='grc' dir='ltr'>ἡ</span> 
     </span>
    </p>
   </div>
   <div class='ocr_carea' id='block_1_61' title="bbox 229 4372 1813 4446">
    <p class='ocr_par' dir='ltr' id='par_1_61' title="bbox 229 4372 1813 4446">
     <span class='ocr_line' id='line_1_61' title="bbox 229 4372 1813 4446; baseline -0.004 -16"><span class='ocrx_word' id='word_1_394' title='bbox 229 4377 650 4446; x_wconf 69' lang='grc' dir='ltr'>ύψηλοφροσύνη</span> <span class='ocrx_word' id='word_1_395' title='bbox 695 4376 788 4426; x_wconf 81' lang='grc' dir='ltr'><strong>τόν</strong></span> <span class='ocrx_word' id='word_1_396' title='bbox 817 4392 872 4427; x_wconf 89' lang='grc' dir='ltr'><strong>τε</strong></span> <span class='ocrx_word' id='word_1_397' title='bbox 930 4373 1184 4428; x_wconf 83' lang='grc' dir='ltr'>διάϐολον</span> <span class='ocrx_word' id='word_1_398' title='bbox 1227 4372 1518 4434; x_wconf 85' lang='grc' dir='ltr'>κατέϐαλε,</span> <span class='ocrx_word' id='word_1_399' title='bbox 1565 4374 1662 4426; x_wconf 74' lang='grc' dir='ltr'>καὶ</span> <span class='ocrx_word' id='word_1_400' title='bbox 1721 4375 1813 4425; x_wconf 64' lang='grc' dir='ltr'><strong>τὸν</strong></span> 
     </span>
    </p>
   </div>
   <div class='ocr_carea' id='block_1_62' title="bbox 231 4461 1814 4536">
    <p class='ocr_par' dir='ltr' id='par_1_62' title="bbox 231 4461 1814 4536">
     <span class='ocr_line' id='line_1_62' title="bbox 231 4461 1814 4536; baseline -0.001 -19"><span class='ocrx_word' id='word_1_401' title='bbox 231 4467 662 4536; x_wconf 79' lang='grc' dir='ltr'>πρωτόπλαστον</span> <span class='ocrx_word' id='word_1_402' title='bbox 691 4463 970 4528; x_wconf 76' lang='grc' dir='ltr'>ἐξέϐαλεν,</span> <span class='ocrx_word' id='word_1_403' title='bbox 991 4462 1246 4534; x_wconf 74' lang='grc' dir='ltr'>οἰηθέντα</span> <span class='ocrx_word' id='word_1_404' title='bbox 1265 4463 1397 4515; x_wconf 69' lang='grc' dir='ltr'>Θεὸν</span> <span class='ocrx_word' id='word_1_405' title='bbox 1423 4461 1643 4514; x_wconf 71' lang='grc' dir='ltr'>ἔσεσθαι</span> <span class='ocrx_word' id='word_1_406' title='bbox 1676 4464 1814 4531; x_wconf 83' lang='grc' dir='ltr'><strong>μετά</strong></span> 
     </span>
    </p>
   </div>
   <div class='ocr_carea' id='block_1_63' title="bbox 1896 1964 3501 2042">
    <p class='ocr_par' dir='ltr' id='par_1_63' title="bbox 1896 1964 3501 2042">
     <span class='ocr_line' id='line_1_63' title="bbox 1896 1964 3501 2042; baseline -0.01 -10"><span class='ocrx_word' id='word_1_407' title='bbox 1896 1979 2044 2032; x_wconf 86' lang='lat' dir='ltr'><strong>enim</strong></span> <span class='ocrx_word' id='word_1_408' title='bbox 2080 1993 2109 2030; x_wconf 88' lang='lat' dir='ltr'><strong>a</strong></span> <span class='ocrx_word' id='word_1_409' title='bbox 2142 1989 2274 2029; x_wconf 86' lang='lat' dir='ltr'><strong>cura</strong></span> <span class='ocrx_word' id='word_1_410' title='bbox 2327 1987 2623 2042; x_wconf 82' lang='lat' dir='ltr'><strong>corporum</strong></span> <span class='ocrx_word' id='word_1_411' title='bbox 2655 1970 2722 2022; x_wconf 86' lang='lat' dir='ltr'><strong>ad</strong></span> <span class='ocrx_word' id='word_1_412' title='bbox 2778 1983 2965 2023; x_wconf 89' lang='lat' dir='ltr'><strong>curam</strong></span> <span class='ocrx_word' id='word_1_413' title='bbox 2995 1966 3330 2020; x_wconf 83' lang='lat' dir='ltr'><strong>animarum.</strong></span> <span class='ocrx_word' id='word_1_414' title='bbox 3364 1964 3501 2018; x_wconf 73' lang='lat' dir='ltr'><strong>Nam</strong></span> 
     </span>
    </p>
   </div>
   <div class='ocr_carea' id='block_1_64' title="bbox 1896 2057 3506 2140">
    <p class='ocr_par' dir='ltr' id='par_1_64' title="bbox 1896 2057 3506 2140">
     <span class='ocr_line' id='line_1_64' title="bbox 1896 2057 3506 2140; baseline -0.012 -12"><span class='ocrx_word' id='word_1_415' title='bbox 1896 2075 1968 2128; x_wconf 83' lang='lat' dir='ltr'><strong>ita</strong></span> <span class='ocrx_word' id='word_1_416' title='bbox 2015 2085 2235 2140; x_wconf 84' lang='lat' dir='ltr'><strong>semper</strong></span> <span class='ocrx_word' id='word_1_417' title='bbox 2289 2067 2358 2122; x_wconf 86' lang='lat' dir='ltr'><strong>ab</strong></span> <span class='ocrx_word' id='word_1_418' title='bbox 2406 2067 2494 2120; x_wconf 85' lang='lat' dir='ltr'><strong>illa</strong></span> <span class='ocrx_word' id='word_1_419' title='bbox 2559 2065 2757 2119; x_wconf 85' lang='lat' dir='ltr'><strong>transit</strong></span> <span class='ocrx_word' id='word_1_420' title='bbox 2791 2063 2856 2116; x_wconf 88' lang='lat' dir='ltr'><strong>ad</strong></span> <span class='ocrx_word' id='word_1_421' title='bbox 2910 2062 3094 2120; x_wconf 84' lang='lat' dir='ltr'><strong>istam.</strong></span> <span class='ocrx_word' id='word_1_422' title='bbox 3131 2068 3188 2113; x_wconf 89' lang='lat' dir='ltr'><strong>et</strong></span> <span class='ocrx_word' id='word_1_423' title='bbox 3211 2073 3402 2113; x_wconf 85' lang='lat' dir='ltr'><strong>rursus</strong></span> <span class='ocrx_word' id='word_1_424' title='bbox 3435 2057 3506 2110; x_wconf 82' lang='lat' dir='ltr'><strong>ab</strong></span> 
     </span>
    </p>
   </div>
   <div class='ocr_carea' id='block_1_65' title="bbox 1900 2155 3239 2228">
    <p class='ocr_par' dir='ltr' id='par_1_65' title="bbox 1900 2155 3239 2228">
     <span class='ocr_line' id='line_1_65' title="bbox 1900 2155 3239 2228; baseline -0.015 -4"><span class='ocrx_word' id='word_1_425' title='bbox 1900 2172 2001 2224; x_wconf 90' lang='lat' dir='ltr'><strong>hac</strong></span> <span class='ocrx_word' id='word_1_426' title='bbox 2031 2169 2096 2222; x_wconf 87' lang='lat' dir='ltr'><strong>ad</strong></span> <span class='ocrx_word' id='word_1_427' title='bbox 2144 2167 2313 2227; x_wconf 86' lang='lat' dir='ltr'><strong>illam,</strong></span> <span class='ocrx_word' id='word_1_428' title='bbox 2352 2171 2411 2216; x_wconf 89' lang='lat' dir='ltr'><strong>ut</strong></span> <span class='ocrx_word' id='word_1_429' title='bbox 2441 2161 2649 2214; x_wconf 81' lang='lat' dir='ltr'><strong>variam</strong></span> <span class='ocrx_word' id='word_1_430' title='bbox 2674 2166 2895 2228; x_wconf 73' lang='lat' dir='ltr'><strong>praestet</strong></span> <span class='ocrx_word' id='word_1_431' title='bbox 2925 2155 3239 2208; x_wconf 80' lang='lat' dir='ltr'><strong>utilitatem.</strong></span> 
     </span>
    </p>
   </div>
   <div class='ocr_carea' id='block_1_66' title="bbox 1968 2325 3500 2407">
    <p class='ocr_par' dir='ltr' id='par_1_66' title="bbox 1968 2325 3500 2407">
     <span class='ocr_line' id='line_1_66' title="bbox 1968 2325 3500 2407; baseline -0.014 -8"><span class='ocrx_word' id='word_1_432' title='bbox 1968 2341 2128 2398; x_wconf 73' lang='lat' dir='ltr'><strong>Vers.</strong></span> <span class='ocrx_word' id='word_1_433' title='bbox 2170 2342 2223 2396; x_wconf 77' lang='lat' dir='ltr'><strong>l.</strong></span> <span class='ocrx_word' id='word_1_434' title='bbox 2253 2339 2492 2407; x_wconf 77' lang='lat' dir='ltr'><strong>Cumque</strong></span> <span class='ocrx_word' id='word_1_435' title='bbox 2511 2336 2728 2389; x_wconf 83' lang='lat' dir='ltr'><strong>sedisset</strong></span> <span class='ocrx_word' id='word_1_436' title='bbox 2758 2359 2828 2373; x_wconf 91' lang='lat'><strong>—</strong></span> <span class='ocrx_word' id='word_1_437' title='bbox 2856 2331 3045 2400; x_wconf 77' lang='lat' dir='ltr'><strong>ipsius.</strong></span> <span class='ocrx_word' id='word_1_438' title='bbox 3072 2326 3247 2382; x_wconf 88' lang='lat' dir='ltr'><strong>Simul</strong></span> <span class='ocrx_word' id='word_1_439' title='bbox 3272 2325 3500 2394; x_wconf 79' lang='lat' dir='ltr'><strong>quidem</strong></span> 
     </span>
    </p>
   </div>
   <div class='ocr_carea' id='block_1_67' title="bbox 1898 2426 3506 2498">
    <p class='ocr_par' dir='ltr' id='par_1_67' title="bbox 1898 2426 3506 2498">
     <span class='ocr_line' id='line_1_67' title="bbox 1898 2426 3506 2498; baseline -0.014 -5"><span class='ocrx_word' id='word_1_440' title='bbox 1898 2439 2074 2494; x_wconf 60' lang='lat' dir='ltr'><strong>turbae</strong></span> <span class='ocrx_word' id='word_1_441' title='bbox 2123 2432 2518 2495; x_wconf 83' lang='lat' dir='ltr'><strong>ascenderunt,</strong></span> <span class='ocrx_word' id='word_1_442' title='bbox 2567 2426 2824 2498; x_wconf 79' lang='lat' dir='ltr'><strong>discipuli</strong></span> <span class='ocrx_word' id='word_1_443' title='bbox 2891 2433 3075 2478; x_wconf 86' lang='lat' dir='ltr'><strong>autem</strong></span> <span class='ocrx_word' id='word_1_444' title='bbox 3121 2427 3506 2478; x_wconf 87' lang='lat' dir='ltr'><strong>accesserunt.</strong></span> 
     </span>
    </p>
   </div>
   <div class='ocr_carea' id='block_1_68' title="bbox 1901 2508 3507 2599">
    <p class='ocr_par' dir='ltr' id='par_1_68' title="bbox 1901 2508 3507 2599">
     <span class='ocr_line' id='line_1_68' title="bbox 1901 2508 3507 2599; baseline -0.015 -15"><span class='ocrx_word' id='word_1_445' title='bbox 1901 2539 2158 2599; x_wconf 80' lang='lat' dir='ltr'><strong>tanquam</strong></span> <span class='ocrx_word' id='word_1_446' title='bbox 2187 2522 2514 2581; x_wconf 84' lang='lat' dir='ltr'><strong>tamiliarius</strong></span> <span class='ocrx_word' id='word_1_447' title='bbox 2558 2534 2686 2591; x_wconf 78' lang='lat' dir='ltr'><strong>erga</strong></span> <span class='ocrx_word' id='word_1_448' title='bbox 2728 2531 2855 2572; x_wconf 87' lang='lat' dir='ltr'><strong>eum</strong></span> <span class='ocrx_word' id='word_1_449' title='bbox 2888 2513 3094 2576; x_wconf 64' lang='lat' dir='ltr'><strong>allecti,</strong></span> <span class='ocrx_word' id='word_1_450' title='bbox 3135 2520 3190 2566; x_wconf 89' lang='lat' dir='ltr'><strong>et</strong></span> <span class='ocrx_word' id='word_1_451' title='bbox 3219 2508 3507 2580; x_wconf 80' lang='lat' dir='ltr'><strong>quippiam</strong></span> 
     </span>
    </p>
   </div>
   <div class='ocr_carea' id='block_1_69' title="bbox 1901 2613 2635 2684">
    <p class='ocr_par' dir='ltr' id='par_1_69' title="bbox 1901 2613 2635 2684">
     <span class='ocr_line' id='line_1_69' title="bbox 1901 2613 2635 2684; baseline -0.016 -8"><span class='ocrx_word' id='word_1_452' title='bbox 1901 2623 1970 2678; x_wconf 89' lang='lat' dir='ltr'><strong>ab</strong></span> <span class='ocrx_word' id='word_1_453' title='bbox 1995 2636 2061 2677; x_wconf 88' lang='lat' dir='ltr'><strong>eo</strong></span> <span class='ocrx_word' id='word_1_454' title='bbox 2088 2620 2305 2676; x_wconf 75' lang='lat' dir='ltr'><strong>discere</strong></span> <span class='ocrx_word' id='word_1_455' title='bbox 2327 2613 2635 2684; x_wconf 89' lang='lat' dir='ltr'><strong>cupientes.</strong></span> 
     </span>
    </p>
   </div>
   <div class='ocr_carea' id='block_1_70' title="bbox 1975 2779 3497 2863">
    <p class='ocr_par' dir='ltr' id='par_1_70' title="bbox 1975 2779 3497 2863">
     <span class='ocr_line' id='line_1_70' title="bbox 1975 2779 3497 2863; baseline -0.017 -8"><span class='ocrx_word' id='word_1_456' title='bbox 1975 2801 2134 2854; x_wconf 81' lang='lat' dir='ltr'><strong>Vers.</strong></span> <span class='ocrx_word' id='word_1_457' title='bbox 2166 2797 2223 2850; x_wconf 69' lang='grc'><strong>2.</strong></span> <span class='ocrx_word' id='word_1_458' title='bbox 2250 2796 2317 2851; x_wconf 87' lang='lat' dir='ltr'><strong>Et</strong></span> <span class='ocrx_word' id='word_1_459' title='bbox 2343 2801 2523 2863; x_wconf 79' lang='lat' dir='ltr'><strong>aperto</strong></span> <span class='ocrx_word' id='word_1_460' title='bbox 2546 2817 2618 2830; x_wconf 89' lang='lat'><strong>—--</strong></span> <span class='ocrx_word' id='word_1_461' title='bbox 2647 2787 2872 2841; x_wconf 78' lang='lat' dir='ltr'><strong>docebat</strong></span> <span class='ocrx_word' id='word_1_462' title='bbox 2905 2801 3009 2838; x_wconf 79' lang='lat' dir='ltr'><strong>eos.</strong></span> <span class='ocrx_word' id='word_1_463' title='bbox 3046 2781 3221 2848; x_wconf 85' lang='lat' dir='ltr'><strong>Quam</strong></span> <span class='ocrx_word' id='word_1_464' title='bbox 3252 2779 3323 2834; x_wconf 91' lang='lat' dir='ltr'><strong>ob</strong></span> <span class='ocrx_word' id='word_1_465' title='bbox 3363 2793 3497 2833; x_wconf 84' lang='lat' dir='ltr'><strong>cau-</strong></span> 
     </span>
    </p>
   </div>
   <div class='ocr_carea' id='block_1_71' title="bbox 1902 2872 3508 2956">
    <p class='ocr_par' dir='ltr' id='par_1_71' title="bbox 1902 2872 3508 2956">
     <span class='ocr_line' id='line_1_71' title="bbox 1902 2872 3508 2956; baseline -0.016 -9"><span class='ocrx_word' id='word_1_466' title='bbox 1902 2907 2017 2948; x_wconf 82' lang='lat' dir='ltr'><strong>sam</strong></span> <span class='ocrx_word' id='word_1_467' title='bbox 2051 2891 2203 2952; x_wconf 88' lang='lat' dir='ltr'><strong>dicit,</strong></span> <span class='ocrx_word' id='word_1_468' title='bbox 2229 2886 2372 2956; x_wconf 86' lang='lat' dir='ltr'><strong>quod</strong></span> <span class='ocrx_word' id='word_1_469' title='bbox 2420 2901 2481 2937; x_wconf 89' lang='lat' dir='ltr'><strong>os</strong></span> <span class='ocrx_word' id='word_1_470' title='bbox 2511 2895 2673 2936; x_wconf 90' lang='lat' dir='ltr'><strong>suum</strong></span> <span class='ocrx_word' id='word_1_471' title='bbox 2734 2877 2999 2948; x_wconf 89' lang='lat' dir='ltr'><strong>aperuit?</strong></span> <span class='ocrx_word' id='word_1_472' title='bbox 3028 2872 3166 2939; x_wconf 86' lang='lat' dir='ltr'><strong>Quia</strong></span> <span class='ocrx_word' id='word_1_473' title='bbox 3197 2872 3362 2926; x_wconf 88' lang='lat' dir='ltr'><strong>etiam</strong></span> <span class='ocrx_word' id='word_1_474' title='bbox 3394 2883 3508 2923; x_wconf 88' lang='lat' dir='ltr'><strong>non</strong></span> 
     </span>
    </p>
   </div>
   <div class='ocr_carea' id='block_1_72' title="bbox 1901 2964 3508 3052">
    <p class='ocr_par' dir='ltr' id='par_1_72' title="bbox 1901 2964 3508 3052">
     <span class='ocr_line' id='line_1_72' title="bbox 1901 2964 3508 3052; baseline -0.014 -15"><span class='ocrx_word' id='word_1_475' title='bbox 1901 2992 2095 3052; x_wconf 86' lang='lat' dir='ltr'><strong>aperto</strong></span> <span class='ocrx_word' id='word_1_476' title='bbox 2116 2996 2210 3034; x_wconf 89' lang='lat' dir='ltr'><strong>ore</strong></span> <span class='ocrx_word' id='word_1_477' title='bbox 2235 2976 2469 3033; x_wconf 88' lang='lat' dir='ltr'><strong>docebat</strong></span> <span class='ocrx_word' id='word_1_478' title='bbox 2497 2989 2593 3029; x_wconf 88' lang='lat' dir='ltr'><strong>eos</strong></span> <span class='ocrx_word' id='word_1_479' title='bbox 2623 2972 2903 3041; x_wconf 86' lang='lat' dir='ltr'><strong>operibus.</strong></span> <span class='ocrx_word' id='word_1_480' title='bbox 2931 2968 3012 3023; x_wconf 85' lang='lat' dir='ltr'><strong>Ad</strong></span> <span class='ocrx_word' id='word_1_481' title='bbox 3041 2964 3347 3047; x_wconf 61' lang='lat' dir='ltr'><strong>disgipulos</strong></span> <span class='ocrx_word' id='word_1_482' title='bbox 3380 2964 3508 3032; x_wconf 82' lang='lat' dir='ltr'><strong>qui-</strong></span> 
     </span>
    </p>
   </div>
   <div class='ocr_carea' id='block_1_73' title="bbox 1903 3053 3511 3144">
    <p class='ocr_par' dir='ltr' id='par_1_73' title="bbox 1903 3053 3511 3144">
     <span class='ocr_line' id='line_1_73' title="bbox 1903 3053 3511 3144; baseline -0.016 -14"><span class='ocrx_word' id='word_1_483' title='bbox 1903 3077 2027 3130; x_wconf 91' lang='lat' dir='ltr'><strong>dem</strong></span> <span class='ocrx_word' id='word_1_484' title='bbox 2053 3071 2236 3144; x_wconf 78' lang='lat' dir='ltr'><strong>dirigit</strong></span> <span class='ocrx_word' id='word_1_485' title='bbox 2273 3082 2611 3129; x_wconf 87' lang='lat' dir='ltr'><strong>sermonem,</strong></span> <span class='ocrx_word' id='word_1_486' title='bbox 2644 3080 2713 3118; x_wconf 85' lang='lat' dir='ltr'><strong>ne</strong></span> <span class='ocrx_word' id='word_1_487' title='bbox 2743 3062 2919 3117; x_wconf 88' lang='lat' dir='ltr'><strong>turbis</strong></span> <span class='ocrx_word' id='word_1_488' title='bbox 2949 3059 3214 3114; x_wconf 89' lang='lat' dir='ltr'><strong>molestus</strong></span> <span class='ocrx_word' id='word_1_489' title='bbox 3243 3069 3367 3111; x_wconf 83' lang='lat' dir='ltr'><strong>esse</strong></span> <span class='ocrx_word' id='word_1_490' title='bbox 3419 3053 3511 3108; x_wconf 88' lang='lat' dir='ltr'><strong>vi-</strong></span> 
     </span>
    </p>
   </div>
   <div class='ocr_carea' id='block_1_74' title="bbox 1907 3145 3513 3229">
    <p class='ocr_par' dir='ltr' id='par_1_74' title="bbox 1907 3145 3513 3229">
     <span class='ocr_line' id='line_1_74' title="bbox 1907 3145 3513 3229; baseline -0.016 -7"><span class='ocrx_word' id='word_1_491' title='bbox 1907 3168 2123 3229; x_wconf 84' lang='lat' dir='ltr'><strong>deatur,</strong></span> <span class='ocrx_word' id='word_1_492' title='bbox 2157 3161 2529 3218; x_wconf 86' lang='lat' dir='ltr'><strong>communiter</strong></span> <span class='ocrx_word' id='word_1_493' title='bbox 2561 3167 2745 3212; x_wconf 87' lang='lat' dir='ltr'><strong>tamen</strong></span> <span class='ocrx_word' id='word_1_494' title='bbox 2777 3155 2929 3208; x_wconf 88' lang='lat' dir='ltr'><strong>illum</strong></span> <span class='ocrx_word' id='word_1_495' title='bbox 2977 3147 3239 3223; x_wconf 79' lang='lat' dir='ltr'><strong>praponit</strong></span> <span class='ocrx_word' id='word_1_496' title='bbox 3284 3146 3352 3200; x_wconf 88' lang='lat' dir='ltr'><strong>ad</strong></span> <span class='ocrx_word' id='word_1_497' title='bbox 3386 3145 3513 3200; x_wconf 81' lang='lat' dir='ltr'><strong>uui-</strong></span> 
     </span>
    </p>
   </div>
   <div class='ocr_carea' id='block_1_75' title="bbox 1857 3249 2778 3324">
    <p class='ocr_par' dir='ltr' id='par_1_75' title="bbox 1857 3249 2778 3324">
     <span class='ocr_line' id='line_1_75' title="bbox 1857 3249 2778 3324; baseline -0.016 -9"><span class='ocrx_word' id='word_1_498' title='bbox 1857 3258 1871 3276; x_wconf 87' lang='lat'><strong>‘</strong></span> <span class='ocrx_word' id='word_1_499' title='bbox 1910 3273 2099 3314; x_wconf 83' lang='lat' dir='ltr'><strong>versos</strong></span> <span class='ocrx_word' id='word_1_500' title='bbox 2120 3271 2185 3310; x_wconf 87' lang='lat' dir='ltr'><strong>ac</strong></span> <span class='ocrx_word' id='word_1_501' title='bbox 2210 3252 2452 3324; x_wconf 82' lang='lat' dir='ltr'><strong>singulos</strong></span> <span class='ocrx_word' id='word_1_502' title='bbox 2496 3249 2778 3303; x_wconf 76' lang='lat' dir='ltr'><strong>homines.</strong></span> 
     </span>
    </p>
   </div>
   <div class='ocr_carea' id='block_1_76' title="bbox 1977 3331 3514 3404">
    <p class='ocr_par' dir='ltr' id='par_1_76' title="bbox 1977 3331 3514 3404">
     <span class='ocr_line' id='line_1_76' title="bbox 1977 3331 3514 3404; baseline -0.016 0"><span class='ocrx_word' id='word_1_503' title='bbox 1977 3349 2132 3404; x_wconf 83' lang='lat' dir='ltr'><strong>Vers.</strong></span> <span class='ocrx_word' id='word_1_504' title='bbox 2160 3347 2214 3402; x_wconf 80' lang='lat'><strong>5.</strong></span> <span class='ocrx_word' id='word_1_505' title='bbox 2249 3345 2438 3398; x_wconf 82' lang='lat' dir='ltr'><strong>Dicens</strong></span> <span class='ocrx_word' id='word_1_506' title='bbox 2469 3372 2542 3381; x_wconf 95' lang='lat'><strong>—</strong></span> <span class='ocrx_word' id='word_1_507' title='bbox 2577 3339 2847 3394; x_wconf 69' lang='lat' dir='ltr'><strong>calorum.</strong></span> <span class='ocrx_word' id='word_1_508' title='bbox 2887 3335 3012 3390; x_wconf 86' lang='lat' dir='ltr'><strong>Non</strong></span> <span class='ocrx_word' id='word_1_509' title='bbox 3045 3331 3204 3396; x_wconf 79' lang='lat' dir='ltr'><strong>dixit,</strong></span> <span class='ocrx_word' id='word_1_510' title='bbox 3241 3339 3514 3399; x_wconf 82' lang='lat' dir='ltr'><strong>pauperes</strong></span> 
     </span>
    </p>
   </div>
   <div class='ocr_carea' id='block_1_77' title="bbox 1905 3420 3522 3517">
    <p class='ocr_par' dir='ltr' id='par_1_77' title="bbox 1905 3420 3522 3517">
     <span class='ocr_line' id='line_1_77' title="bbox 1905 3420 3522 3517; baseline -0.017 -15"><span class='ocrx_word' id='word_1_511' title='bbox 1905 3440 2371 3517; x_wconf 86' lang='lat' dir='ltr'><strong>possessionibus,</strong></span> <span class='ocrx_word' id='word_1_512' title='bbox 2399 3439 2494 3493; x_wconf 89' lang='lat' dir='ltr'><strong>sed</strong></span> <span class='ocrx_word' id='word_1_513' title='bbox 2525 3435 2792 3502; x_wconf 82' lang='lat' dir='ltr'><strong>Pauperes</strong></span> <span class='ocrx_word' id='word_1_514' title='bbox 2817 3432 3032 3494; x_wconf 81' lang='lat' dir='ltr'><strong>spiritu,</strong></span> <span class='ocrx_word' id='word_1_515' title='bbox 3062 3428 3169 3482; x_wconf 90' lang='lat' dir='ltr'><strong>hoc</strong></span> <span class='ocrx_word' id='word_1_516' title='bbox 3207 3434 3313 3487; x_wconf 89' lang='lat' dir='ltr'><strong>est,</strong></span> <span class='ocrx_word' id='word_1_517' title='bbox 3344 3420 3522 3477; x_wconf 82' lang='lat' dir='ltr'><strong>humi-</strong></span> 
     </span>
    </p>
   </div>
   <div class='ocr_carea' id='block_1_78' title="bbox 1907 3517 3516 3594">
    <p class='ocr_par' dir='ltr' id='par_1_78' title="bbox 1907 3517 3516 3594">
     <span class='ocr_line' id='line_1_78' title="bbox 1907 3517 3516 3594; baseline -0.016 0"><span class='ocrx_word' id='word_1_518' title='bbox 1907 3542 1982 3594; x_wconf 68' lang='lat' dir='ltr'><strong>les</strong></span> <span class='ocrx_word' id='word_1_519' title='bbox 2018 3537 2203 3592; x_wconf 87' lang='lat' dir='ltr'><strong>animo</strong></span> <span class='ocrx_word' id='word_1_520' title='bbox 2245 3549 2310 3589; x_wconf 90' lang='lat' dir='ltr'><strong>ac</strong></span> <span class='ocrx_word' id='word_1_521' title='bbox 2345 3533 2672 3593; x_wconf 72' lang='lat' dir='ltr'><strong>voluntate;</strong></span> <span class='ocrx_word' id='word_1_522' title='bbox 2712 3526 2958 3579; x_wconf 88' lang='lat' dir='ltr'><strong>animum</strong></span> <span class='ocrx_word' id='word_1_523' title='bbox 2989 3537 3233 3593; x_wconf 86' lang='lat' dir='ltr'><strong>namque</strong></span> <span class='ocrx_word' id='word_1_524' title='bbox 3267 3517 3516 3587; x_wconf 75' lang='grc' dir='ltr'>πνεῦμα,</span> 
     </span>
    </p>
   </div>
   <div class='ocr_carea' id='block_1_79' title="bbox 1909 3610 3514 3698">
    <p class='ocr_par' dir='ltr' id='par_1_79' title="bbox 1909 3610 3514 3698">
     <span class='ocr_line' id='line_1_79' title="bbox 1909 3610 3514 3698; baseline -0.018 -8"><span class='ocrx_word' id='word_1_525' title='bbox 1909 3633 1960 3690; x_wconf 87' lang='lat' dir='ltr'><strong>id</strong></span> <span class='ocrx_word' id='word_1_526' title='bbox 1996 3639 2101 3694; x_wconf 87' lang='lat' dir='ltr'><strong>est,</strong></span> <span class='ocrx_word' id='word_1_527' title='bbox 2136 3629 2383 3698; x_wconf 78' lang='lat' dir='ltr'><strong>spiritum</strong></span> <span class='ocrx_word' id='word_1_528' title='bbox 2434 3621 2759 3678; x_wconf 88' lang='lat' dir='ltr'><strong>nominavit.</strong></span> <span class='ocrx_word' id='word_1_529' title='bbox 2789 3616 2979 3687; x_wconf 80' lang='lat' dir='ltr'><strong>Neque</strong></span> <span class='ocrx_word' id='word_1_530' title='bbox 3027 3615 3177 3669; x_wconf 90' lang='lat' dir='ltr'><strong>enim</strong></span> <span class='ocrx_word' id='word_1_531' title='bbox 3209 3612 3304 3683; x_wconf 89' lang='lat' dir='ltr'><strong>qui</strong></span> <span class='ocrx_word' id='word_1_532' title='bbox 3337 3610 3514 3665; x_wconf 78' lang='lat' dir='ltr'><strong>infor-</strong></span> 
     </span>
    </p>
   </div>
   <div class='ocr_carea' id='block_1_80' title="bbox 1913 3701 3518 3790">
    <p class='ocr_par' dir='ltr' id='par_1_80' title="bbox 1913 3701 3518 3790">
     <span class='ocr_line' id='line_1_80' title="bbox 1913 3701 3518 3790; baseline -0.014 -13"><span class='ocrx_word' id='word_1_533' title='bbox 1913 3722 2071 3777; x_wconf 88' lang='lat' dir='ltr'><strong>tunio</strong></span> <span class='ocrx_word' id='word_1_534' title='bbox 2105 3721 2302 3790; x_wconf 85' lang='lat' dir='ltr'><strong>quovis</strong></span> <span class='ocrx_word' id='word_1_535' title='bbox 2342 3715 2687 3776; x_wconf 87' lang='lat' dir='ltr'><strong>humiliatur,</strong></span> <span class='ocrx_word' id='word_1_536' title='bbox 2715 3711 2805 3764; x_wconf 89' lang='lat' dir='ltr'><strong>hic</strong></span> <span class='ocrx_word' id='word_1_537' title='bbox 2839 3709 3033 3762; x_wconf 89' lang='lat' dir='ltr'><strong>beatus</strong></span> <span class='ocrx_word' id='word_1_538' title='bbox 3068 3713 3174 3769; x_wconf 89' lang='lat' dir='ltr'><strong>est,</strong></span> <span class='ocrx_word' id='word_1_539' title='bbox 3215 3702 3341 3774; x_wconf 88' lang='lat' dir='ltr'><strong>quia</strong></span> <span class='ocrx_word' id='word_1_540' title='bbox 3377 3701 3518 3755; x_wconf 85' lang='lat' dir='ltr'><strong>nihil</strong></span> 
     </span>
    </p>
   </div>
   <div class='ocr_carea' id='block_1_81' title="bbox 1910 3792 3517 3884">
    <p class='ocr_par' dir='ltr' id='par_1_81' title="bbox 1910 3792 3517 3884">
     <span class='ocr_line' id='line_1_81' title="bbox 1910 3792 3517 3884; baseline -0.016 -15"><span class='ocrx_word' id='word_1_541' title='bbox 1910 3815 2055 3884; x_wconf 83' lang='lat' dir='ltr'><strong>quod</strong></span> <span class='ocrx_word' id='word_1_542' title='bbox 2118 3807 2548 3867; x_wconf 86' lang='lat' dir='ltr'><strong>involuntarinm</strong></span> <span class='ocrx_word' id='word_1_543' title='bbox 2610 3813 2716 3868; x_wconf 86' lang='lat' dir='ltr'><strong>est,</strong></span> <span class='ocrx_word' id='word_1_544' title='bbox 2751 3799 3057 3856; x_wconf 81' lang='lat' dir='ltr'><strong>beatiﬁcat.</strong></span> <span class='ocrx_word' id='word_1_545' title='bbox 3114 3795 3309 3850; x_wconf 86' lang='lat' dir='ltr'><strong>Omnis</strong></span> <span class='ocrx_word' id='word_1_546' title='bbox 3367 3792 3517 3849; x_wconf 86' lang='lat' dir='ltr'><strong>enim</strong></span> 
     </span>
    </p>
   </div>
   <div class='ocr_carea' id='block_1_82' title="bbox 1909 3885 3522 3972">
    <p class='ocr_par' dir='ltr' id='par_1_82' title="bbox 1909 3885 3522 3972">
     <span class='ocr_line' id='line_1_82' title="bbox 1909 3885 3522 3972; baseline -0.014 -12"><span class='ocrx_word' id='word_1_547' title='bbox 1909 3907 2083 3960; x_wconf 78' lang='lat' dir='ltr'><strong>virtus</strong></span> <span class='ocrx_word' id='word_1_548' title='bbox 2114 3902 2282 3972; x_wconf 76' lang='lat' dir='ltr'><strong>perid</strong></span> <span class='ocrx_word' id='word_1_549' title='bbox 2339 3899 2484 3970; x_wconf 83' lang='lat' dir='ltr'><strong>quod</strong></span> <span class='ocrx_word' id='word_1_550' title='bbox 2529 3893 2898 3950; x_wconf 82' lang='lat' dir='ltr'><strong>voluntarium</strong></span> <span class='ocrx_word' id='word_1_551' title='bbox 2927 3899 3034 3954; x_wconf 88' lang='lat' dir='ltr'><strong>est,</strong></span> <span class='ocrx_word' id='word_1_552' title='bbox 3060 3887 3397 3957; x_wconf 84' lang='lat' dir='ltr'><strong>imprimitur</strong></span> <span class='ocrx_word' id='word_1_553' title='bbox 3417 3885 3522 3954; x_wconf 72' lang='grc' dir='ltr'><strong>(ΙΙ).</strong></span> 
     </span>
    </p>
   </div>
   <div class='ocr_carea' id='block_1_83' title="bbox 1911 3979 3524 4065">
    <p class='ocr_par' dir='ltr' id='par_1_83' title="bbox 1911 3979 3524 4065">
     <span class='ocr_line' id='line_1_83' title="bbox 1911 3979 3524 4065; baseline -0.013 -15"><span class='ocrx_word' id='word_1_554' title='bbox 1911 3997 2214 4065; x_wconf 83' lang='lat' dir='ltr'><strong>Pauperem</strong></span> <span class='ocrx_word' id='word_1_555' title='bbox 2239 4003 2422 4047; x_wconf 89' lang='lat' dir='ltr'><strong>autem</strong></span> <span class='ocrx_word' id='word_1_556' title='bbox 2470 3990 2562 4045; x_wconf 86' lang='lat' dir='ltr'><strong>hic</strong></span> <span class='ocrx_word' id='word_1_557' title='bbox 2607 3986 2825 4042; x_wconf 80' lang='lat' dir='ltr'><strong>vocavit</strong></span> <span class='ocrx_word' id='word_1_558' title='bbox 2873 3983 3059 4038; x_wconf 88' lang='lat' dir='ltr'><strong>animo</strong></span> <span class='ocrx_word' id='word_1_559' title='bbox 3111 3979 3401 4043; x_wconf 74' lang='lat' dir='ltr'><strong>humilem;</strong></span> <span class='ocrx_word' id='word_1_560' title='bbox 3461 3985 3524 4030; x_wconf 91' lang='lat' dir='ltr'><strong>ut</strong></span> 
     </span>
    </p>
   </div>
   <div class='ocr_carea' id='block_1_84' title="bbox 1911 4073 3518 4158">
    <p class='ocr_par' dir='ltr' id='par_1_84' title="bbox 1911 4073 3518 4158">
     <span class='ocr_line' id='line_1_84' title="bbox 1911 4073 3518 4158; baseline -0.013 -16"><span class='ocrx_word' id='word_1_561' title='bbox 1911 4091 2149 4158; x_wconf 79' lang='grc' dir='ltr'>πτωχδς,</span> <span class='ocrx_word' id='word_1_562' title='bbox 2183 4087 2235 4141; x_wconf 90' lang='lat' dir='ltr'><strong>id</strong></span> <span class='ocrx_word' id='word_1_563' title='bbox 2268 4094 2370 4149; x_wconf 90' lang='lat' dir='ltr'><strong>est,</strong></span> <span class='ocrx_word' id='word_1_564' title='bbox 2402 4098 2634 4154; x_wconf 85' lang='lat' dir='ltr'><strong>pauper,</strong></span> <span class='ocrx_word' id='word_1_565' title='bbox 2667 4081 2884 4136; x_wconf 90' lang='lat' dir='ltr'><strong>dicatur</strong></span> <span class='ocrx_word' id='word_1_566' title='bbox 2936 4077 3046 4131; x_wconf 71' lang='grc' dir='ltr'>ἀπὸ</span> <span class='ocrx_word' id='word_1_567' title='bbox 3080 4073 3172 4128; x_wconf 76' lang='grc' dir='ltr'>τοῦ</span> <span class='ocrx_word' id='word_1_568' title='bbox 3230 4086 3518 4139; x_wconf 80' lang='grc' dir='ltr'>πατεπτη-</span> 
     </span>
    </p>
   </div>
   <div class='ocr_carea' id='block_1_85' title="bbox 1913 4167 3522 4257">
    <p class='ocr_par' dir='ltr' id='par_1_85' title="bbox 1913 4167 3522 4257">
     <span class='ocr_line' id='line_1_85' title="bbox 1913 4167 3522 4257; baseline -0.012 -18"><span class='ocrx_word' id='word_1_569' title='bbox 1913 4187 2089 4257; x_wconf 72' lang='grc' dir='ltr'>κέναι,</span> <span class='ocrx_word' id='word_1_570' title='bbox 2122 4183 2266 4253; x_wconf 88' lang='lat' dir='ltr'><strong>quod</strong></span> <span class='ocrx_word' id='word_1_571' title='bbox 2304 4191 2386 4237; x_wconf 90' lang='lat' dir='ltr'><strong>est</strong></span> <span class='ocrx_word' id='word_1_572' title='bbox 2414 4181 2649 4236; x_wconf 78' lang='lat' dir='ltr'><strong>timuisse</strong></span> <span class='ocrx_word' id='word_1_573' title='bbox 2691 4179 2808 4233; x_wconf 82' lang='lat' dir='ltr'><strong>sive</strong></span> <span class='ocrx_word' id='word_1_574' title='bbox 2851 4174 3096 4229; x_wconf 81' lang='lat' dir='ltr'><strong>territum</strong></span> <span class='ocrx_word' id='word_1_575' title='bbox 3155 4186 3282 4224; x_wconf 81' lang='lat' dir='ltr'><strong>esse.</strong></span> <span class='ocrx_word' id='word_1_576' title='bbox 3330 4167 3522 4238; x_wconf 52' lang='lat' dir='ltr'><strong>Siqui-</strong></span> 
     </span>
    </p>
   </div>
   <div class='ocr_carea' id='block_1_86' title="bbox 1912 4259 3522 4330">
    <p class='ocr_par' dir='ltr' id='par_1_86' title="bbox 1912 4259 3522 4330">
     <span class='ocr_line' id='line_1_86' title="bbox 1912 4259 3522 4330; baseline -0.014 -1"><span class='ocrx_word' id='word_1_577' title='bbox 1912 4275 2037 4330; x_wconf 85' lang='lat' dir='ltr'><strong>dem</strong></span> <span class='ocrx_word' id='word_1_578' title='bbox 2071 4273 2295 4326; x_wconf 88' lang='lat' dir='ltr'><strong>humilis</strong></span> <span class='ocrx_word' id='word_1_579' title='bbox 2343 4278 2438 4323; x_wconf 89' lang='lat' dir='ltr'><strong>aut</strong></span> <span class='ocrx_word' id='word_1_580' title='bbox 2487 4268 2771 4322; x_wconf 84' lang='lat' dir='ltr'><strong>modestus</strong></span> <span class='ocrx_word' id='word_1_581' title='bbox 2810 4264 3019 4324; x_wconf 87' lang='lat' dir='ltr'><strong>animo,</strong></span> <span class='ocrx_word' id='word_1_582' title='bbox 3077 4259 3249 4314; x_wconf 88' lang='lat' dir='ltr'><strong>Deum</strong></span> <span class='ocrx_word' id='word_1_583' title='bbox 3295 4270 3522 4326; x_wconf 87' lang='lat' dir='ltr'><strong>semper</strong></span> 
     </span>
    </p>
   </div>
   <div class='ocr_carea' id='block_1_87' title="bbox 1917 4350 3521 4435">
    <p class='ocr_par' dir='ltr' id='par_1_87' title="bbox 1917 4350 3521 4435">
     <span class='ocr_line' id='line_1_87' title="bbox 1917 4350 3521 4435; baseline -0.013 -13"><span class='ocrx_word' id='word_1_584' title='bbox 1917 4371 2092 4428; x_wconf 78' lang='lat' dir='ltr'><strong>timet,</strong></span> <span class='ocrx_word' id='word_1_585' title='bbox 2128 4376 2387 4435; x_wconf 85' lang='lat' dir='ltr'><strong>tanquam</strong></span> <span class='ocrx_word' id='word_1_586' title='bbox 2410 4362 2500 4431; x_wconf 91' lang='lat' dir='ltr'><strong>qui</strong></span> <span class='ocrx_word' id='word_1_587' title='bbox 2538 4359 2672 4415; x_wconf 76' lang='lat' dir='ltr'><strong>nihil</strong></span> <span class='ocrx_word' id='word_1_588' title='bbox 2708 4372 2945 4428; x_wconf 82' lang='lat' dir='ltr'><strong>unquam</strong></span> <span class='ocrx_word' id='word_1_589' title='bbox 2975 4357 3127 4424; x_wconf 67' lang='lat' dir='ltr'><strong>juxta</strong></span> <span class='ocrx_word' id='word_1_590' title='bbox 3171 4351 3317 4405; x_wconf 90' lang='lat' dir='ltr'><strong>illius</strong></span> <span class='ocrx_word' id='word_1_591' title='bbox 3348 4350 3521 4404; x_wconf 85' lang='lat' dir='ltr'><strong>bene-</strong></span> 
     </span>
    </p>
   </div>
   <div class='ocr_carea' id='block_1_88' title="bbox 1915 4443 3524 4532">
    <p class='ocr_par' dir='ltr' id='par_1_88' title="bbox 1915 4443 3524 4532">
     <span class='ocr_line' id='line_1_88' title="bbox 1915 4443 3524 4532; baseline -0.013 -17"><span class='ocrx_word' id='word_1_592' title='bbox 1915 4459 2176 4532; x_wconf 83' lang='lat' dir='ltr'><strong>placitum</strong></span> <span class='ocrx_word' id='word_1_593' title='bbox 2225 4455 2522 4526; x_wconf 81' lang='lat' dir='ltr'><strong>peregerit.</strong></span> <span class='ocrx_word' id='word_1_594' title='bbox 2584 4451 2886 4508; x_wconf 86' lang='lat' dir='ltr'><strong>Considera</strong></span> <span class='ocrx_word' id='word_1_595' title='bbox 2930 4463 3082 4510; x_wconf 74' lang='lat' dir='ltr'><strong>vero,</strong></span> <span class='ocrx_word' id='word_1_596' title='bbox 3127 4445 3288 4516; x_wconf 89' lang='lat' dir='ltr'><strong>quale</strong></span> <span class='ocrx_word' id='word_1_597' title='bbox 3325 4443 3524 4497; x_wconf 80' lang='lat' dir='ltr'><strong>funda-</strong></span> 
     </span>
    </p>
   </div>
   <div class='ocr_carea' id='block_1_89' title="bbox 227 4539 1800 4627">
    <p class='ocr_par' dir='ltr' id='par_1_89' title="bbox 227 4553 1800 4627">
     <span class='ocr_line' id='line_1_89' title="bbox 227 4553 1800 4627; baseline -0.003 -17"><span class='ocrx_word' id='word_1_598' title='bbox 227 4561 326 4627; x_wconf 76' lang='grc' dir='ltr'>τὴν</span> <span class='ocrx_word' id='word_1_599' title='bbox 352 4557 450 4610; x_wconf 76' lang='grc' dir='ltr'><strong>τοῦ</strong></span> <span class='ocrx_word' id='word_1_600' title='bbox 481 4558 641 4622; x_wconf 77' lang='grc' dir='ltr'>ξύλου</span> <span class='ocrx_word' id='word_1_601' title='bbox 669 4555 895 4626; x_wconf 84' lang='grc' dir='ltr'>βρῶσιν,</span> <span class='ocrx_word' id='word_1_602' title='bbox 937 4555 1035 4606; x_wconf 64' lang='grc' dir='ltr'><strong>καὶ⁸</strong></span> <span class='ocrx_word' id='word_1_603' title='bbox 1092 4553 1219 4626; x_wconf 73' lang='grc' dir='ltr'>ῥίζα</span> <span class='ocrx_word' id='word_1_604' title='bbox 1253 4557 1342 4606; x_wconf 75' lang='grc' dir='ltr'>καὶ</span> <span class='ocrx_word' id='word_1_605' title='bbox 1379 4553 1530 4623; x_wconf 79' lang='grc' dir='ltr'>πηγὴ</span> <span class='ocrx_word' id='word_1_606' title='bbox 1560 4554 1670 4606; x_wconf 79' lang='grc' dir='ltr'>τῶν</span> <span class='ocrx_word' id='word_1_607' title='bbox 1711 4571 1800 4606; x_wconf 85' lang='grc' dir='ltr'>κα-</span> 
     </span>
    </p>
   </div>
   <div class='ocr_carea' id='block_1_90' title="bbox 1917 4539 3527 4627">
    <p class='ocr_par' dir='ltr' id='par_1_90' title="bbox 1920 4539 3527 4609">
     <span class='ocr_line' id='line_1_90' title="bbox 1920 4539 3527 4609; baseline -0.012 0"><span class='ocrx_word' id='word_1_608' title='bbox 1920 4565 2163 4609; x_wconf 88' lang='lat' dir='ltr'><strong>mcntum</strong></span> <span class='ocrx_word' id='word_1_609' title='bbox 2184 4553 2450 4606; x_wconf 70' lang='lat' dir='ltr'><strong>doctrina:</strong></span> <span class='ocrx_word' id='word_1_610' title='bbox 2474 4565 2585 4603; x_wconf 67' lang='lat' dir='ltr'><strong>sum</strong></span> <span class='ocrx_word' id='word_1_611' title='bbox 2614 4541 3108 4607; x_wconf 77' lang='lat' dir='ltr'><strong>substernaLQuia</strong></span> <span class='ocrx_word' id='word_1_612' title='bbox 3139 4539 3287 4594; x_wconf 88' lang='lat' dir='ltr'><strong>enim</strong></span> <span class='ocrx_word' id='word_1_613' title='bbox 3329 4552 3527 4606; x_wconf 87' lang='lat' dir='ltr'><strong>super-</strong></span> 
     </span>
    </p>
   </div>
   <div class='ocr_carea' id='block_1_91' title="bbox 231 4645 1810 4716">
    <p class='ocr_par' dir='ltr' id='par_1_91' title="bbox 231 4645 1810 4716">
     <span class='ocr_line' id='line_1_91' title="bbox 231 4645 1810 4716; baseline -0.003 -15"><span class='ocrx_word' id='word_1_614' title='bbox 231 4650 342 4701; x_wconf 79' lang='grc' dir='ltr'>κῶν</span> <span class='ocrx_word' id='word_1_615' title='bbox 367 4651 622 4702; x_wconf 70' lang='grc' dir='ltr'>ἁπάντων</span> <span class='ocrx_word' id='word_1_616' title='bbox 653 4647 885 4716; x_wconf 80' lang='grc' dir='ltr'>γέγονεν</span> <span class='ocrx_word' id='word_1_617' title='bbox 913 4645 1078 4714; x_wconf 79' lang='grc' dir='ltr'>αὕτη,</span> <span class='ocrx_word' id='word_1_618' title='bbox 1125 4645 1422 4698; x_wconf 84' lang='grc' dir='ltr'>ἀντίπαλον</span> <span class='ocrx_word' id='word_1_619' title='bbox 1463 4645 1603 4712; x_wconf 75' lang='grc' dir='ltr'>αὐτῇ</span> <span class='ocrx_word' id='word_1_620' title='bbox 1639 4661 1810 4696; x_wconf 85' lang='grc' dir='ltr'>κατα-</span> 
     </span>
    </p>
   </div>
   <div class='ocr_carea' id='block_1_92' title="bbox 233 4737 1816 4812">
    <p class='ocr_par' dir='ltr' id='par_1_92' title="bbox 233 4737 1816 4812">
     <span class='ocr_line' id='line_1_92' title="bbox 233 4737 1816 4812; baseline -0.003 -18"><span class='ocrx_word' id='word_1_621' title='bbox 233 4743 493 4804; x_wconf 74' lang='grc' dir='ltr'>σκευάζει</span> <span class='ocrx_word' id='word_1_622' title='bbox 525 4743 842 4812; x_wconf 77' lang='grc' dir='ltr'>φάρμακον,</span> <span class='ocrx_word' id='word_1_623' title='bbox 862 4742 964 4812; x_wconf 79' lang='grc' dir='ltr'>τὴν</span> <span class='ocrx_word' id='word_1_624' title='bbox 987 4737 1521 4810; x_wconf 81' lang='grc' dir='ltr'>ταπεινοφροσύνην,</span> <span class='ocrx_word' id='word_1_625' title='bbox 1545 4739 1636 4790; x_wconf 74' lang='grc' dir='ltr'>καὶ</span> <span class='ocrx_word' id='word_1_626' title='bbox 1655 4738 1816 4807; x_wconf 75' lang='grc' dir='ltr'>ῥίζαν</span> 
     </span>
    </p>
   </div>
   <div class='ocr_carea' id='block_1_93' title="bbox 229 4825 1817 4905">
    <p class='ocr_par' dir='ltr' id='par_1_93' title="bbox 229 4825 1817 4905">
     <span class='ocr_line' id='line_1_93' title="bbox 229 4825 1817 4905; baseline -0.003 -18"><span class='ocrx_word' id='word_1_627' title='bbox 229 4837 435 4904; x_wconf 70' lang='grc' dir='ltr'>ταύτην</span> <span class='ocrx_word' id='word_1_628' title='bbox 489 4837 581 4889; x_wconf 70' lang='grc' dir='ltr'>καὶ</span> <span class='ocrx_word' id='word_1_629' title='bbox 638 4836 884 4905; x_wconf 78' lang='grc' dir='ltr'>κρηπῖδα</span> <span class='ocrx_word' id='word_1_630' title='bbox 935 4833 1046 4886; x_wconf 84' lang='grc' dir='ltr'><strong>τῶν</strong></span> <span class='ocrx_word' id='word_1_631' title='bbox 1107 4834 1320 4904; x_wconf 74' lang='grc' dir='ltr'>ἀρετῶν</span> <span class='ocrx_word' id='word_1_632' title='bbox 1343 4831 1688 4902; x_wconf 79' lang='grc' dir='ltr'>ὑποτίθησιν,</span> <span class='ocrx_word' id='word_1_633' title='bbox 1749 4825 1817 4900; x_wconf 84' lang='grc' dir='ltr'>ἦς</span> 
     </span>
    </p>
   </div>
   <div class='ocr_carea' id='block_1_94' title="bbox 238 4922 1815 5000">
    <p class='ocr_par' dir='ltr' id='par_1_94' title="bbox 238 4922 1815 5000">
     <span class='ocr_line' id='line_1_94' title="bbox 238 4922 1815 5000; baseline -0.004 -19"><span class='ocrx_word' id='word_1_634' title='bbox 238 4929 682 5000; x_wconf 72' lang='grc' dir='ltr'>ὺποσπααθείσης</span> <span class='ocrx_word' id='word_1_635' title='bbox 723 4931 938 4981; x_wconf 69' lang='grc' dir='ltr'>ἅπαντα</span> <span class='ocrx_word' id='word_1_636' title='bbox 965 4927 1155 4990; x_wconf 76' lang='grc' dir='ltr'>τᾶλλα,</span> <span class='ocrx_word' id='word_1_637' title='bbox 1182 4927 1277 4978; x_wconf 68' lang='grc' dir='ltr'>καὶ</span> <span class='ocrx_word' id='word_1_638' title='bbox 1316 4926 1364 4978; x_wconf 82' lang='lat' dir='ltr'><strong>si</strong></span> <span class='ocrx_word' id='word_1_639' title='bbox 1401 4938 1564 4996; x_wconf 68' lang='grc' dir='ltr'>μέχρι</span> <span class='ocrx_word' id='word_1_640' title='bbox 1599 4922 1694 4976; x_wconf 82' lang='grc' dir='ltr'>τοῦ</span> <span class='ocrx_word' id='word_1_641' title='bbox 1723 4923 1815 4976; x_wconf 83' lang='grc' dir='ltr'>ού-</span> 
     </span>
    </p>
   </div>
   <div class='ocr_carea' id='block_1_95' title="bbox 238 5015 1815 5089">
    <p class='ocr_par' dir='ltr' id='par_1_95' title="bbox 238 5015 1815 5089">
     <span class='ocr_line' id='line_1_95' title="bbox 238 5015 1815 5089; baseline -0.004 -17"><span class='ocrx_word' id='word_1_642' title='bbox 238 5019 394 5088; x_wconf 75' lang='grc' dir='ltr'>ρανοῦ</span> <span class='ocrx_word' id='word_1_643' title='bbox 423 5019 740 5087; x_wconf 71' lang='grc' dir='ltr'>φθάνουσιν,</span> <span class='ocrx_word' id='word_1_644' title='bbox 793 5019 1165 5089; x_wconf 79' lang='grc' dir='ltr'>ὑποσύρονται</span> <span class='ocrx_word' id='word_1_645' title='bbox 1203 5015 1297 5070; x_wconf 81' lang='grc' dir='ltr'><strong>καὶ</strong></span> <span class='ocrx_word' id='word_1_646' title='bbox 1350 5015 1815 5077; x_wconf 74' lang='grc' dir='ltr'>καταπίπτουσιν,</span> 
     </span>
    </p>
   </div>
   <div class='ocr_carea' id='block_1_96' title="bbox 233 5111 902 5182">
    <p class='ocr_par' dir='ltr' id='par_1_96' title="bbox 233 5111 902 5182">
     <span class='ocr_line' id='line_1_96' title="bbox 233 5111 902 5182; baseline 0.001 -18"><span class='ocrx_word' id='word_1_647' title='bbox 233 5114 425 5174; x_wconf 69' lang='grc' dir='ltr'><strong>ὼς-ὲπὶ</strong></span> <span class='ocrx_word' id='word_1_648' title='bbox 453 5111 544 5164; x_wconf 78' lang='grc' dir='ltr'>τοῦ</span> <span class='ocrx_word' id='word_1_649' title='bbox 573 5113 902 5182; x_wconf 74' lang='grc' dir='ltr'>Φαρισαίου.</span> 
     </span>
    </p>
   </div>
   <div class='ocr_carea' id='block_1_97' title="bbox 1923 4636 3522 4711">
    <p class='ocr_par' dir='ltr' id='par_1_97' title="bbox 1923 4636 3522 4711">
     <span class='ocr_line' id='line_1_97' title="bbox 1923 4636 3522 4711; baseline -0.012 -10"><span class='ocrx_word' id='word_1_650' title='bbox 1923 4648 2010 4703; x_wconf 85' lang='lat' dir='ltr'><strong>hia</strong></span> <span class='ocrx_word' id='word_1_651' title='bbox 2053 4645 2330 4700; x_wconf 88' lang='lat' dir='ltr'><strong>diabolum</strong></span> <span class='ocrx_word' id='word_1_652' title='bbox 2371 4643 2616 4711; x_wconf 84' lang='lat' dir='ltr'><strong>dejecit;</strong></span> <span class='ocrx_word' id='word_1_653' title='bbox 2648 4655 2710 4694; x_wconf 89' lang='lat' dir='ltr'><strong>ac</strong></span> <span class='ocrx_word' id='word_1_654' title='bbox 2761 4636 3186 4704; x_wconf 85' lang='lat' dir='ltr'><strong>protoplastum,</strong></span> <span class='ocrx_word' id='word_1_655' title='bbox 3235 4639 3522 4701; x_wconf 80' lang='lat' dir='ltr'><strong>putantem</strong></span> 
     </span>
    </p>
   </div>
   <div class='ocr_carea' id='block_1_98' title="bbox 1924 4723 3521 4812">
    <p class='ocr_par' dir='ltr' id='par_1_98' title="bbox 1924 4723 3521 4812">
     <span class='ocr_line' id='line_1_98' title="bbox 1924 4723 3521 4812; baseline -0.014 -15"><span class='ocrx_word' id='word_1_656' title='bbox 1924 4743 2070 4812; x_wconf 89' lang='lat' dir='ltr'><strong>quod</strong></span> <span class='ocrx_word' id='word_1_657' title='bbox 2134 4749 2422 4810; x_wconf 83' lang='lat' dir='ltr'><strong>postquam</strong></span> <span class='ocrx_word' id='word_1_658' title='bbox 2454 4738 2521 4792; x_wconf 86' lang='lat' dir='ltr'><strong>dc</strong></span> <span class='ocrx_word' id='word_1_659' title='bbox 2558 4737 2703 4806; x_wconf 87' lang='lat' dir='ltr'><strong>ligno</strong></span> <span class='ocrx_word' id='word_1_660' title='bbox 2754 4733 3108 4792; x_wconf 76' lang='lat' dir='ltr'><strong>comedisset,</strong></span> <span class='ocrx_word' id='word_1_661' title='bbox 3149 4727 3296 4782; x_wconf 89' lang='lat' dir='ltr'><strong>Deus</strong></span> <span class='ocrx_word' id='word_1_662' title='bbox 3341 4723 3521 4787; x_wconf 80' lang='lat' dir='ltr'><strong>fieret,</strong></span> 
     </span>
    </p>
   </div>
   <div class='ocr_carea' id='block_1_99' title="bbox 1925 4814 3525 4901">
    <p class='ocr_par' dir='ltr' id='par_1_99' title="bbox 1925 4814 3525 4901">
     <span class='ocr_line' id='line_1_99' title="bbox 1925 4814 3525 4901; baseline -0.014 -14"><span class='ocrx_word' id='word_1_663' title='bbox 1925 4833 2187 4890; x_wconf 88' lang='lat' dir='ltr'><strong>continuo</strong></span> <span class='ocrx_word' id='word_1_664' title='bbox 2213 4832 2508 4901; x_wconf 84' lang='lat' dir='ltr'><strong>prostravit</strong></span> <span class='ocrx_word' id='word_1_665' title='bbox 2535 4845 2549 4894; x_wconf 88' lang='lat'><strong>;</strong></span> <span class='ocrx_word' id='word_1_666' title='bbox 2589 4827 2849 4895; x_wconf 77' lang='lat' dir='ltr'><strong>radixquc</strong></span> <span class='ocrx_word' id='word_1_667' title='bbox 2876 4832 2933 4876; x_wconf 83' lang='lat' dir='ltr'><strong>et</strong></span> <span class='ocrx_word' id='word_1_668' title='bbox 2956 4822 3076 4876; x_wconf 82' lang='lat' dir='ltr'><strong>fons</strong></span> <span class='ocrx_word' id='word_1_669' title='bbox 3103 4817 3351 4875; x_wconf 89' lang='lat' dir='ltr'><strong>omnium</strong></span> <span class='ocrx_word' id='word_1_670' title='bbox 3380 4814 3525 4868; x_wconf 82' lang='lat' dir='ltr'><strong>facta</strong></span> 
     </span>
    </p>
   </div>
   <div class='ocr_carea' id='block_1_100' title="bbox 1925 4910 3523 4987">
    <p class='ocr_par' dir='ltr' id='par_1_100' title="bbox 1925 4910 3523 4987">
     <span class='ocr_line' id='line_1_100' title="bbox 1925 4910 3523 4987; baseline -0.013 -7"><span class='ocrx_word' id='word_1_671' title='bbox 1925 4935 2009 4980; x_wconf 84' lang='lat' dir='ltr'><strong>cst</strong></span> <span class='ocrx_word' id='word_1_672' title='bbox 2050 4926 2317 4979; x_wconf 88' lang='lat' dir='ltr'><strong>malorum</strong></span> <span class='ocrx_word' id='word_1_673' title='bbox 2356 4941 2369 4987; x_wconf 88' lang='lat'>;</span> <span class='ocrx_word' id='word_1_674' title='bbox 2415 4920 2755 4977; x_wconf 82' lang='lat' dir='ltr'><strong>contrarium</strong></span> <span class='ocrx_word' id='word_1_675' title='bbox 2808 4916 2911 4986; x_wconf 89' lang='lat' dir='ltr'><strong>ipsi</strong></span> <span class='ocrx_word' id='word_1_676' title='bbox 2955 4920 3229 4984; x_wconf 62' lang='lat' dir='ltr'><strong>pratparat</strong></span> <span class='ocrx_word' id='word_1_677' title='bbox 3264 4910 3523 4979; x_wconf 83' lang='lat' dir='ltr'><strong>pharma—</strong></span> 
     </span>
    </p>
   </div>
   <div class='ocr_carea' id='block_1_101' title="bbox 1924 5000 3526 5081">
    <p class='ocr_par' dir='ltr' id='par_1_101' title="bbox 1924 5000 3526 5081">
     <span class='ocr_line' id='line_1_101' title="bbox 1924 5000 3526 5081; baseline -0.014 -10"><span class='ocrx_word' id='word_1_678' title='bbox 1924 5033 2074 5081; x_wconf 85' lang='lat' dir='ltr'><strong>cum,</strong></span> <span class='ocrx_word' id='word_1_679' title='bbox 2127 5014 2296 5069; x_wconf 88' lang='lat' dir='ltr'><strong>animi</strong></span> <span class='ocrx_word' id='word_1_680' title='bbox 2340 5012 2598 5067; x_wconf 81' lang='lat' dir='ltr'><strong>videlicet</strong></span> <span class='ocrx_word' id='word_1_681' title='bbox 2645 5009 2989 5070; x_wconf 70' lang='lat' dir='ltr'><strong>modestiam,</strong></span> <span class='ocrx_word' id='word_1_682' title='bbox 3017 5015 3073 5060; x_wconf 87' lang='lat' dir='ltr'><strong>et</strong></span> <span class='ocrx_word' id='word_1_683' title='bbox 3101 5005 3244 5058; x_wconf 92' lang='lat' dir='ltr'><strong>hanc</strong></span> <span class='ocrx_word' id='word_1_684' title='bbox 3283 5000 3526 5055; x_wconf 78' lang='lat' dir='ltr'><strong>radicem</strong></span> 
     </span>
    </p>
   </div>
   <div class='ocr_carea' id='block_1_102' title="bbox 1924 5094 3523 5165">
    <p class='ocr_par' dir='ltr' id='par_1_102' title="bbox 1924 5094 3523 5165">
     <span class='ocr_line' id='line_1_102' title="bbox 1924 5094 3523 5165; baseline -0.012 -3"><span class='ocrx_word' id='word_1_685' title='bbox 1924 5124 1990 5164; x_wconf 86' lang='lat' dir='ltr'><strong>ac</strong></span> <span class='ocrx_word' id='word_1_686' title='bbox 2018 5109 2436 5162; x_wconf 82' lang='lat' dir='ltr'><strong>fundamentum</strong></span> <span class='ocrx_word' id='word_1_687' title='bbox 2467 5103 2733 5158; x_wconf 90' lang='lat' dir='ltr'><strong>substruit</strong></span> <span class='ocrx_word' id='word_1_688' title='bbox 2757 5101 3024 5154; x_wconf 83' lang='lat' dir='ltr'><strong>virtutum</strong></span> <span class='ocrx_word' id='word_1_689' title='bbox 3060 5115 3074 5162; x_wconf 87' lang='lat'><strong>;</strong></span> <span class='ocrx_word' id='word_1_690' title='bbox 3120 5112 3229 5165; x_wconf 89' lang='lat' dir='ltr'><strong>quo</strong></span> <span class='ocrx_word' id='word_1_691' title='bbox 3282 5094 3523 5162; x_wconf 76' lang='lat' dir='ltr'><strong>di-jecto,</strong></span> 
     </span>
    </p>
   </div>
   <div class='ocr_carea' id='block_1_103' title="bbox 235 5187 3529 5277">
    <p class='ocr_par' dir='ltr' id='par_1_103' title="bbox 235 5187 3529 5277">
     <span class='ocr_line' id='line_1_103' title="bbox 235 5187 3529 5277; baseline -0.007 -15"><span class='ocrx_word' id='word_1_692' title='bbox 235 5208 438 5277; x_wconf 83' lang='lat' dir='ltr'><strong>reliqua</strong></span> <span class='ocrx_word' id='word_1_693' title='bbox 468 5207 644 5262; x_wconf 89' lang='lat' dir='ltr'><strong>omnia</strong></span> <span class='ocrx_word' id='word_1_694' title='bbox 677 5207 842 5261; x_wconf 88' lang='lat' dir='ltr'><strong>etiam</strong></span> <span class='ocrx_word' id='word_1_695' title='bbox 880 5206 924 5259; x_wconf 90' lang='lat' dir='ltr'><strong>si</strong></span> <span class='ocrx_word' id='word_1_696' title='bbox 951 5206 1018 5259; x_wconf 90' lang='lat' dir='ltr'><strong>ad</strong></span> <span class='ocrx_word' id='word_1_697' title='bbox 1051 5203 1250 5260; x_wconf 69' lang='lat' dir='ltr'><strong>cmlum</strong></span> <span class='ocrx_word' id='word_1_698' title='bbox 1301 5216 1473 5272; x_wconf 89' lang='lat' dir='ltr'><strong>usque</strong></span> <span class='ocrx_word' id='word_1_699' title='bbox 1505 5201 1837 5271; x_wconf 71' lang='lat' dir='ltr'><strong>pertingant,</strong></span> <span class='ocrx_word' id='word_1_700' title='bbox 1912 5202 2280 5258; x_wconf 87' lang='lat' dir='ltr'><strong>detrahuntur</strong></span> <span class='ocrx_word' id='word_1_701' title='bbox 2305 5215 2368 5254; x_wconf 88' lang='lat' dir='ltr'><strong>ac</strong></span> <span class='ocrx_word' id='word_1_702' title='bbox 2393 5197 2675 5263; x_wconf 86' lang='lat' dir='ltr'><strong>decidunt,</strong></span> <span class='ocrx_word' id='word_1_703' title='bbox 2713 5193 3176 5267; x_wconf 86' lang='lat' dir='ltr'><strong>quemadmodum</strong></span> <span class='ocrx_word' id='word_1_704' title='bbox 3232 5190 3288 5244; x_wconf 90' lang='lat' dir='ltr'><strong>in</strong></span> <span class='ocrx_word' id='word_1_705' title='bbox 3336 5187 3529 5242; x_wconf 75' lang='lat' dir='ltr'><strong>Phari-</strong></span> 
     </span>
    </p>
   </div>
   <div class='ocr_carea' id='block_1_104' title="bbox 240 5314 799 5361">
    <p class='ocr_par' dir='ltr' id='par_1_104' title="bbox 240 5314 799 5361">
     <span class='ocr_line' id='line_1_104' title="bbox 240 5314 799 5361; baseline -0.004 -3"><span class='ocrx_word' id='word_1_706' title='bbox 240 5320 345 5360; x_wconf 63' lang='lat'><strong>820</strong></span> <span class='ocrx_word' id='word_1_707' title='bbox 377 5315 657 5360; x_wconf 84' lang='lat' dir='ltr'><strong>ostensum</strong></span> <span class='ocrx_word' id='word_1_708' title='bbox 691 5314 799 5361; x_wconf 72' lang='grc' dir='ltr'>εει.</span> 
     </span>
    </p>
   </div>
   <div class='ocr_carea' id='block_1_105' title="bbox 1393 5436 2276 5500">
    <p class='ocr_par' dir='ltr' id='par_1_105' title="bbox 1393 5436 2276 5500">
     <span class='ocr_line' id='line_1_105' title="bbox 1393 5436 2276 5500; baseline -0.002 -5"><span class='ocrx_word' id='word_1_709' title='bbox 1393 5437 1593 5500; x_wconf 69' lang='lat' dir='ltr'><strong>Varini</strong></span> <span class='ocrx_word' id='word_1_710' title='bbox 1637 5436 1943 5498; x_wconf 84' lang='lat' dir='ltr'><strong>lectiones</strong></span> <span class='ocrx_word' id='word_1_711' title='bbox 1987 5443 2046 5496; x_wconf 91' lang='lat' dir='ltr'><strong>et</strong></span> <span class='ocrx_word' id='word_1_712' title='bbox 2087 5441 2276 5496; x_wconf 76' lang='lat' dir='ltr'><strong>noue.</strong></span> 
     </span>
    </p>
   </div>
   <div class='ocr_carea' id='block_1_106' title="bbox 311 5585 1690 5661">
    <p class='ocr_par' dir='ltr' id='par_1_106' title="bbox 311 5585 1690 5661">
     <span class='ocr_line' id='line_1_106' title="bbox 311 5585 1690 5661; baseline -0.004 -18"><span class='ocrx_word' id='word_1_713' title='bbox 311 5592 422 5658; x_wconf 83' lang='lat' dir='ltr'><strong>(l8)</strong></span> <span class='ocrx_word' id='word_1_714' title='bbox 453 5589 510 5645; x_wconf 79' lang='lat' dir='ltr'><strong>In</strong></span> <span class='ocrx_word' id='word_1_715' title='bbox 538 5593 618 5646; x_wconf 86' lang='lat' dir='ltr'><strong>his</strong></span> <span class='ocrx_word' id='word_1_716' title='bbox 651 5609 878 5661; x_wconf 80' lang='lat' dir='ltr'><strong>prorsus</strong></span> <span class='ocrx_word' id='word_1_717' title='bbox 910 5586 1167 5646; x_wconf 83' lang='lat' dir='ltr'><strong>abhorret</strong></span> <span class='ocrx_word' id='word_1_718' title='bbox 1201 5590 1377 5646; x_wconf 69' lang='lat' dir='ltr'><strong>versit)</strong></span> <span class='ocrx_word' id='word_1_719' title='bbox 1413 5585 1690 5642; x_wconf 78' lang='lat' dir='ltr'><strong>llcntcnii.</strong></span> 
     </span>
    </p>
   </div>
   <div class='ocr_carea' id='block_1_107' title="bbox 312 5661 1314 5734">
    <p class='ocr_par' dir='ltr' id='par_1_107' title="bbox 312 5661 1314 5734">
     <span class='ocr_line' id='line_1_107' title="bbox 312 5661 1314 5734; baseline 0.004 -22"><span class='ocrx_word' id='word_1_720' title='bbox 312 5661 423 5730; x_wconf 72' lang='lat'><strong>(19)</strong></span> <span class='ocrx_word' id='word_1_721' title='bbox 456 5661 664 5718; x_wconf 86' lang='lat' dir='ltr'><strong>Inclusa</strong></span> <span class='ocrx_word' id='word_1_722' title='bbox 694 5665 746 5717; x_wconf 89' lang='lat' dir='ltr'><strong>in</strong></span> <span class='ocrx_word' id='word_1_723' title='bbox 782 5665 1024 5734; x_wconf 80' lang='lat' dir='ltr'><strong>margine</strong></span> <span class='ocrx_word' id='word_1_724' title='bbox 1056 5662 1224 5717; x_wconf 85' lang='lat' dir='ltr'><strong>habet</strong></span> <span class='ocrx_word' id='word_1_725' title='bbox 1248 5666 1314 5717; x_wconf 70' lang='grc' dir='ltr'><strong>Α.</strong></span> 
     </span>
    </p>
   </div>
   <div class='ocr_carea' id='block_1_108' title="bbox 2007 5581 2500 5653">
    <p class='ocr_par' dir='ltr' id='par_1_108' title="bbox 2007 5581 2500 5653">
     <span class='ocr_line' id='line_1_108' title="bbox 2007 5581 2500 5653; baseline -0.01 -16"><span class='ocrx_word' id='word_1_726' title='bbox 2007 5583 2117 5653; x_wconf 66' lang='lat'><strong>(‘20)</strong></span> <span class='ocrx_word' id='word_1_727' title='bbox 2149 5583 2215 5636; x_wconf 79' lang='grc' dir='ltr'>Δέ</span> <span class='ocrx_word' id='word_1_728' title='bbox 2256 5583 2410 5636; x_wconf 84' lang='lat' dir='ltr'><strong>abest</strong></span> <span class='ocrx_word' id='word_1_729' title='bbox 2436 5581 2500 5633; x_wconf 81' lang='grc' dir='ltr'><strong>Α.</strong></span> 
     </span>
    </p>
   </div>
   <div class='ocr_carea' id='block_1_109' title="bbox 2010 5647 3082 5726">
    <p class='ocr_par' dir='ltr' id='par_1_109' title="bbox 2010 5647 3082 5726">
     <span class='ocr_line' id='line_1_109' title="bbox 2010 5647 3082 5726; baseline 0.015 -4"><span class='ocrx_word' id='word_1_730' title='bbox 2010 5647 2122 5726; x_wconf 64' lang='lat' dir='ltr'><strong>(at)</strong></span> <span class='ocrx_word' id='word_1_731' title='bbox 2154 5656 2234 5725; x_wconf 77' lang='grc' dir='ltr'>τῇ</span> <span class='ocrx_word' id='word_1_732' title='bbox 2263 5654 2408 5723; x_wconf 76' lang='grc' dir='ltr'>ψυχῇ</span> <span class='ocrx_word' id='word_1_733' title='bbox 2453 5652 2545 5704; x_wconf 75' lang='grc' dir='ltr'>καὶ</span> <span class='ocrx_word' id='word_1_734' title='bbox 2578 5651 2643 5719; x_wconf 78' lang='grc' dir='ltr'>τῇ</span> <span class='ocrx_word' id='word_1_735' title='bbox 2679 5647 2996 5718; x_wconf 67' lang='grc' dir='ltr'>προαιρέσει</span> <span class='ocrx_word' id='word_1_736' title='bbox 3016 5647 3082 5704; x_wconf 64' lang='grc' dir='ltr'><strong>Αν</strong></span> 
     </span>
    </p>
   </div>
   <div class='ocr_carea' id='block_1_110' title="bbox 314 5812 2870 5894">
    <p class='ocr_par' dir='ltr' id='par_1_110' title="bbox 314 5812 2870 5894">
     <span class='ocr_line' id='line_1_110' title="bbox 314 5812 2870 5894; baseline -0.005 -19"><span class='ocrx_word' id='word_1_737' title='bbox 314 5821 401 5894; x_wconf 74' lang='grc'><strong>((0</strong></span> <span class='ocrx_word' id='word_1_738' title='bbox 438 5819 794 5891; x_wconf 73' lang='lat' dir='ltr'><strong>huprimitur.</strong></span> <span class='ocrx_word' id='word_1_739' title='bbox 849 5819 1122 5887; x_wconf 80' lang='lat' dir='ltr'><strong>Noscitur,</strong></span> <span class='ocrx_word' id='word_1_740' title='bbox 1166 5821 1427 5892; x_wconf 53' lang='lat' dir='ltr'><strong>signatur.</strong></span> <span class='ocrx_word' id='word_1_741' title='bbox 1474 5818 1938 5888; x_wconf 64' lang='grc' dir='ltr'>Χαρακτηςιίζειν,</span> <span class='ocrx_word' id='word_1_742' title='bbox 1976 5826 2152 5870; x_wconf 78' lang='lat' dir='ltr'><strong>nulum</strong></span> <span class='ocrx_word' id='word_1_743' title='bbox 2183 5832 2255 5868; x_wconf 84' lang='grc' dir='ltr'>ιϊι</span> <span class='ocrx_word' id='word_1_744' title='bbox 2283 5812 2602 5882; x_wconf 69' lang='grc' dir='ltr'><strong>ἰωνιὶηιεηε,</strong></span> <span class='ocrx_word' id='word_1_745' title='bbox 2639 5812 2870 5881; x_wconf 70' lang='lat' dir='ltr'><strong>signare.</strong></span> 
     </span>
    </p>
   </div>
  </div>
