4042 6384
580 362 675 429 191

1840 356 2222 418 EU'l'IIYMlI
2262 360 2622 419 ZIG.\BE;\'I

3735 359 3843 426 192

645 473 840 539 Aptum
883 483 1102 536 quoque
1156 467 1434 537 praemium
1488 465 1615 520 huic
1659 467 2016 534 rependitur:
2050 481 2132 531 ιη’(

2322 467 2676 537 Κατάλληλον
2709 469 2788 529 δὲ,
2823 473 2918 522 καὶ
2953 469 3011 522 τὸ
3033 472 3234 540 ταύτης
3266 470 3692 526 ἔπαο>.ον.’Ᾱντὶ
3725 491 3839 542 γαρ

575 574 817 612 ριιτοιηιι
884 559 1135 612 videlicet
1201 557 1510 626 abjectione
1559 572 1804 610 summus
1863 557 2058 617 honor,
2093 565 2148 608 et

577 666 683 718 quo
715 651 892 703 nullus
927 659 1095 721 major
1135 649 1357 717 reperiri
1390 658 1588 716 potest.
1628 648 1728 703 Per
1784 650 2002 702 modum
2052 665 2148 702 au-

577 750 685 792 tem
734 740 1125 794 beatitudinum
1178 748 1446 809 prtecepta
1499 741 1610 793 haec
1646 739 1879 803 induxit,
1914 739 2146 792 invidio-

579 847 699 883 sam
759 832 1005 884 devitans
1061 845 1393 884 sermonem.
1443 830 1738 900 Oportebat
1790 833 1932 884 enim
1983 841 2043 884 ut
2091 831 2142 883 in

577 923 839 990 principio
871 932 1152 975 mansuete
1174 938 1298 985 eum
1337 925 1416 977 eis
1434 924 1769 992 loqueretur,
1807 934 1862 976 et
1902 925 1975 975 ita
2007 938 2145 992 pau-

574 1012 720 1066 latim
747 1011 812 1064 ad
851 1014 1273 1081 praecipiendum
1309 1014 1608 1068 de\eniret.

643 1104 814 1167 Quam
868 1104 938 1158 ob
972 1119 1191 1158 causam
1244 1104 1380 1158 dixit
1432 1120 1730 1174 pauperes.
1786 1115 1841 1159 et
1893 1122 2000 1160 non
2043 1107 2144 1160 bu-

573 1196 730 1250 miles
756 1195 779 1246 ?
801 1195 936 1261 Quia
970 1211 1260 1264 pauperem
1299 1211 1420 1251 esse
1450 1198 1568 1265 plus
1612 1205 1714 1261 est,
1747 1213 1909 1266 quam
1959 1199 2142 1251 humi-

572 1287 677 1340 lem
709 1302 850 1341 esse.
916 1286 1056 1342 Sunt
1096 1288 1238 1342 enim
1273 1287 1403 1342 varii
1449 1287 1771 1342 humilitatis
1819 1289 1963 1342 modi
1999 1305 2013 1340 :
2052 1289 2142 1343 hic

572 1373 786 1441 quidem
820 1375 1166 1428 mediocriter
1197 1376 1383 1429 animo
1412 1376 1694 1430 modestus
1740 1385 1843 1441 est,
1871 1377 1961 1431 ille
2011 1394 2142 1432 vero

571 1478 693 1515 cum
729 1463 1084 1528 excellentia;
1119 1480 1276 1534 quam
1331 1466 1694 1520 humilitatem
1749 1469 1912 1520 etiam
1971 1469 2140 1524 [λωίιί

569 1554 933 1616 commendat,
987 1554 1174 1609 dicens
1208 1572 1220 1607 :
1270 1555 1376 1610 Cor
1417 1558 1694 1609 contritum
1726 1566 1775 1609 et
1804 1557 2141 1613 humiliatum

568 1644 708 1698 Deus
732 1663 834 1698 non
862 1648 1110 1715 despicies
1137 1648 1203 1702 ⁸⁸.

646 1737 798 1791 Vers.
846 1739 897 1792 4.
951 1739 1104 1792 Beati
1133 1771 1201 1780 —
1227 1741 1637 1794 consolationem
1688 1745 1965 1811 accipient.
2001 1743 2137 1810 Quia

2252 559 2351 624 τῆς
2383 559 2556 628 ἄκρας
2578 561 2829 630 ἀτιμίας,
2861 563 3008 633 ἄκρα
3041 565 3194 634 τιμὴ.
3231 568 3324 616 καὶ
3348 566 3446 617 οὑκ
3475 565 3630 618 ἔστιν
3654 566 3839 634 εὑρεῖν

2253 649 2532 704 ἐπέκεινα.
2603 652 2691 702 Ἑν
2731 654 2882 717 τάξει
2934 654 2990 706 δὲ
3043 656 3399 725 μακαρισμοῦ
3447 657 3548 718 τὰς
3614 657 3841 720 ἐντολὰς

2252 737 2458 801 ταύτας
2487 740 2806 808 εἰσήγαγεν,
2841 743 3320 812 ἀνεπαχθέστερον
3340 747 3430 799 τὸν
3457 746 3618 814 λόγον
3641 749 3839 801 ποιῶν.

2257 830 2528 898 Ἷίδειγάρ
2553 833 2608 883 ὲν
2639 835 2782 903 ἀρχῇ
2816 836 3123 908 πραότερον
3168 839 3353 901 αὐτοῖς
3413 839 3704 908 ὁμιλῆσαι,
3743 855 3840 892 και

2251 920 2424 982 οὑτως
2453 924 2637 992 ἡρέμα
2674 926 2996 996 προϐαίνειν
3017 928 3097 991 είς
3122 931 3180 980 τὸ
3197 931 3542 985 ἐπιτάττειν.

2320 1101 2478 1164 Τίνος
2504 1119 2692 1157 ενεκεν
2734 1105 2848 1176 (9.9.)
2883 1107 2982 1160 οὐκ
3017 1107 3192 1170 εἶπεν,
3227 1109 3290 1162 Οἱ
3315 1113 3584 1174 ταπεινοὶ,
3609 1111 3733 1163 ἀλλ’
3774 1114 3839 1164 Ol

2250 1195 2508 1261 πτωχοί;
2546 1195 2668 1248 Ὀτι
2717 1178 2876 1250 ⁴τοῦτο
2907 1201 3120 1252 ἐκείνου
3147 1200 3328 1256 πλέον.
3366 1203 3474 1255 Καὶ
3499 1205 3610 1271 γάρ
3647 1203 3838 1255 πολλοὶ

2250 1286 2346 1351 τῆς
2373 1289 2878 1358 ταπεινοφροσύνης
2912 1293 2960 1342 οἱ
3012 1293 3223 1361 τρόποι.
3277 1294 3382 1345 Καὶ
3410 1295 3439 1345 6
3467 1294 3570 1362 μέν
3595 1296 3717 1346 ἐστι
3741 1312 3840 1346 τα-

2251 1377 2434 1438 πεινὸς
2481 1380 2851 1449 συμμέτρως·
2881 1382 2988 1434 ὀδὲ
3052 1384 3174 1451 μεθ’
3225 1384 3532 1454 ὑπερϐολῆς
3583 1386 3833 1455 ἀπάσης.

2249 1466 2468 1536 Ταύτην
2511 1473 2605 1522 καὶ
2639 1472 2668 1523 6
2699 1473 2970 1542 μακάριος
2991 1474 3154 1526 Δαυῖδ
3187 1477 3402 1528 ἐπαινεῖ
3421 1477 3601 1544 λέγων
3637 1493 3650 1506 ⁸
3682 1482 3837 1544 Καρ-

2247 1555 2384 1608 δίαν
2409 1561 2928 1630 συντετριμμένην
2955 1566 3050 1616 καὶ
3090 1566 3608 1635 τεταπεινωμένην
3630 1571 3664 1620 ό
3687 1568 3838 1632 Θεὸς

2246 1649 2356 1701 οὐκ
2380 1649 2794 1712 ἐξουδενώσει.

2317 1739 2607 1806 Μακάριοι
2637 1772 2707 1781 —
2756 1745 3356 1812 παρακληθήσονται.
3410 1748 3564 1799 Ἐπεὶ
3629 1749 3838 1813 πάντες

567 1842 759 1882 omnes
795 1830 1055 1898 putabant
1086 1848 1182 1886 eos
1209 1848 1330 1887 esse
1365 1834 1576 1897 beatos,
1608 1836 1700 1904 qui
1735 1837 1787 1889 in
1817 1837 2014 1907 gaudio
2047 1853 2132 1891 es-

2247 1829 2632 1899 ὑπελάμσανςν
2667 1837 2972 1906 μακαρίους
3006 1838 3128 1908 μὲν,
3169 1841 3295 1904 τοὺς
3322 1842 3380 1892 ὲν
3409 1843 3577 1911 χαρᾷ,
3611 1841 3838 1904 ἀθλίους

567 1927 710 1983 sent,
769 1922 997 1975 miseros
1049 1938 1175 1977 vero
1233 1923 1325 1993 qui
1374 1925 1429 1979 in
1471 1926 1782 1992 alllictione,
1831 1927 2140 1997 huiusmodi

566 2011 876 2078 op'nionem
908 2013 1164 2067 radicitus
1194 2016 1393 2078 evellit,
1417 2019 1746 2072 contrariam
1778 2021 2137 2074 substituens.

565 2096 840 2166 Lugentes
873 2111 1053 2156 autem
1094 2104 1248 2170 dicit,
1279 2121 1387 2160 non
1433 2107 1527 2176 qui
1567 2109 1886 2178 simpliciter
1934 2111 2139 2182 lugent,

564 2191 658 2242 sed
683 2192 774 2258 qui
809 2208 906 2260 pro
943 2196 1180 2262 peccatis
1209 2197 1412 2266 lugent.
1450 2199 1703 2255 Miserum
1728 2203 1874 2256 enim
1918 2220 1982 2258 ac
2010 2220 2140 2274 pro-

563 2279 796 2334 hibitum
853 2291 936 2335 est
995 2283 1179 2352 lugere
1233 2287 1390 2342 obes
1431 2304 1550 2358 qua:
1588 2293 1708 2358 quis
1761 2293 1963 2360 patitur
2007 2299 2136 2364 (gg).

565 2366 801 2423 Tristitia
853 2375 991 2426 enim
1054 2379 1259 2442 mundi,
1293 2379 1372 2432 ait
1411 2380 1626 2448 Paulus,
1683 2393 1900 2436 mortem
1947 2400 2135 2453 opera-

562 2467 648 2512 tur
675 2479 694 2521 :
720 2480 780 2517 ea
809 2482 946 2531 vero,
981 2483 1096 2537 qua:
1122 2473 1404 2524 secundum
1441 2473 1604 2526 Deum
1647 2485 1747 2539 est,
1771 2478 2135 2544 pauitantia»:

562 2550 616 2603 iu
641 2553 861 2606 salutem
891 2558 1129 2611 stabilem
1148 2561 1212 2614 ⁸⁸.
1249 2559 1532 2626 Quomodo
1557 2581 1687 2634 ergo
1718 2568 1824 2621 alio
1863 2567 1981 2621 loco
2007 2568 2140 2622 d‘cit

560 2641 762 2698 Paulus
792 2662 805 2698 :
841 2647 1074 2702 Gaudete
1100 2651 1152 2702 iu
1190 2651 1413 2706 Domino
1449 2671 1652 2724 semper
1672 2655 1761 2710 “7
1785 2658 1922 2725 Quia
1963 2669 2019 2715 et
2051 2662 2137 2715 ille

560 2735 818 2803 gaudium
869 2737 1021 2802 dicit,
1057 2741 1200 2809 quod
1223 2757 1254 2795 e
1288 2743 1436 2798 luctu
1467 2746 1659 2800 oritur.
1689 2746 1862 2803 Habet
1898 2767 2138 2821 namque

559 2824 739 2880 luctus
761 2843 1048 2898 repensum
1081 2833 1179 2886 sibi
1196 2835 1470 2902 gaudium.
1496 2837 1964 2904 Quemadmodum
1985 2847 2132 2900 enim

555 2927 842 2987 postquam
885 2921 1177 3004 vehemens
1208 2926 1386 2994 pluvia
1420 2928 1722 2998 itnpetuose
1753 2935 2129 3004 descenderit,

555 3009 818 3062 serenitas
841 2997 1084 3066 stabilior
1104 3029 1224 3069 esse
1247 3016 1384 3071 Solet
1413 3035 1429 3073 :
1457 2997 1754 3091 itaquoque
1780 3025 2027 3081 deductis
2061 3032 2135 3083 la-

553 3104 774 3169 crymis,
807 3105 1166 3171 tranquillitas
1192 3116 1248 3161 et
1278 3109 1536 3177 gaudium
1571 3113 1740 3168 animi
1772 3119 2042 3173 succedit.

632 3185 756 3242 Vult
786 3198 966 3243 autem
1001 3191 1089 3245 hic
1124 3207 1328 3260 sermo,
1353 3211 1460 3251 non
1482 3201 1645 3253 modo
1677 3201 1744 3256 de
1778 3207 2012 3274 propriis
2031 3225 2132 3264 nos

558 3278 743 3349 lugere
769 3267 998 3346 delictis,
1029 3299 1215 3339 verum
1242 3287 1405 3343 etiam
1436 3289 1503 3343 de
1530 3291 1724 3348 alienis
1757 3305 1844 3350 :et
1877 3297 1999 3352 talis
2014 3310 2132 3354 erat

553 3370 719 3424 Musis
773 3373 1008 3438 animus,
1044 3375 1280 3440 Davidis,
1311 3380 1550 3436 l)~mielis
1577 3383 1713 3453 (Mt).
1772 3387 1923 3441 Pauli
1968 3399 2132 3446 caete-

553 3477 849 3532 rorumque
883 3466 1214 3535 ltujustnodi.
1236 3471 1669 3530 (Ionsolationem
1692 3493 1819 3533 vero
1839 3482 2127 3552 accipient,

551 3553 663 3607 sive
695 3555 1039 3614 laetabuntur.
1078 3560 1180 3617 Ubi
1207 3563 1229 3614 ἲ
1259 3563 1324 3617 Et
1360 3564 1414 3618 in
1448 3571 1724 3636 praesenti,
1749 3583 1803 3625 et
1831 3572 1886 3626 in
1916 3572 2124 3630 futuro.

551 3642 608 3695 lu
634 3648 886 3712 prazsenti
917 3648 1135 3717 quidem
1162 3666 1224 3705 ea
1268 3667 1386 3722 Spe,
1419 3658 1561 3725 quod
1593 3674 1813 3728 peccata
1843 3679 1940 3718 sua
1980 3665 2125 3721 luctu

551 3734 820 3790 redimam
850 3753 866 3803 ;
899 3739 953 3792 in
994 3740 1184 3824 futuro
1228 3759 1361 3798 vero
1393 3763 1500 3801 non
1549 3751 1666 3806 sola
1698 3753 1895 3810 borum
1927 3758 2126 3814 remis-

548 3829 724 3890 sione.
759 3845 945 3885 verum
975 3834 1140 3888 etiam
1179 3834 1532 3895 beatitudine.

612 3919 653 3987 1-
681 3919 814 3997 Nam
843 3922 933 3992 qui
967 3923 1105 3980 ﬁlios
1126 3935 1221 3981 aut
1263 3944 1462 3986 uxores
1499 3943 1744 3990 mortuas
1771 3936 1979 4008 lugent,
2014 3956 2122 3994 non

544 4012 918 4079 possessiones
946 4026 1041 4070 aut
1083 4019 1303 4088 propria
1328 4033 1519 4077 amant
1543 4039 1770 4096 corpora
1796 4029 1900 4098 (ii),
1930 4045 2033 4086 nec
2055 4047 2123 4087 eo

545 4103 779 4156 turbinis
812 4114 1056 4175 tempore
1083 4109 1192 4164 ullo
1222 4111 1383 4166 modo
1431 4118 1850 4186 concupiscunt,
1879 4136 1988 4176 non
2033 4123 2121 4177 in-

537 4192 700 4260 juriis
729 4208 1138 4264 exasperantur,
1162 4216 1263 4256 nec
1291 4202 1395 4257 alia
1425 4206 1745 4262 obsidentur
1773 4210 2067 4268 allectione
2099 4232 2116 4269 :

540 4295 746 4351 quanto
790 4287 959 4356 magis
989 4289 1078 4357 qui
1128 4305 1255 4345 suas
1285 4293 1472 4364 lugent
1514 4297 1866 4368 aegritudines
1901 4303 2030 4378 (ᾖ),
2053 4321 2120 4360 eo

541 4375 704 4429 ιιιυιΙο
728 4392 836 4446 quo
857 4392 950 4432 eas
981 4380 1161 4451 lugere
1190 4382 1413 4454 dignum
1442 4395 1548 4443 est.

615 4573 769 4629 Vers.
808 4577 860 4630 5.
903 4576 1382 4637 Beati—terram.
1417 4585 1685 4651 Quoniam
1717 4591 1847 4646 olim
1891 4595 1961 4649 ab
2020 4597 2117 4650 bo-

539 4665 779 4720 minibus
797 4683 992 4736 magno
1016 4671 1197 4724 studio
1236 4672 1591 4730 aﬂectabatur
1622 4688 1781 4736 terra
1817 4686 2114 4750 possessio,

541 4756 680 4811 lianc
704 4761 868 4812 etiam
911 4775 1007 4827 pro
1046 4761 1264 4817 virtutis
1281 4767 1504 4834 praemio
1529 4771 1701 4839 ponit.
1728 4773 1958 4838 Quidam
1983 4793 2116 4832 sane

643 4943 686 4976 ⁶¹
713 4941 854 4996 Psal.
883 4961 934 5008 ι,
974 4942 1059 5000 l9.
1168 4947 1214 4979 ⁸³
1253 4946 1296 5002 ll
1329 4947 1454 5004 Cor.
1487 4967 1581 5020 vn,
1617 4954 1702 5011 l0.

2243 1920 2297 1973 δὲ
2347 1923 2473 1986 τοὺς
2503 1926 2560 1977 ἐν
2592 1925 2794 1996 θλίψει,
2833 1929 3134 2000 πρόρριζον
3193 1933 3416 1999 ἀνασπᾷ
3439 1932 3540 2001 τὴν
3570 1933 3838 2004 τοιαύτην

2243 2013 2533 2084 ὑπόληψιν,
2587 2019 2899 2072 τούναντίον
2934 2021 3352 2092 ὑποτιθέμενος.
3406 2025 3758 2088 Πενθοῦντας
3777 2026 3835 2078 δὲ

2243 2105 2413 2171 λέγει,
2443 2107 2503 2160 οὑ
2531 2110 2659 2172 τοὺς
2703 2111 2892 2176 ἁπλῶς
2950 2114 3306 2179 πενθοῦντας,
3362 2117 3499 2170 ἀλλά
3531 2119 3660 2180 τοὺς
3691 2119 3837 2189 ὑπὲρ

2242 2199 2682 2268 ἁμαρτημάτων.
2747 2204 2821 2255 Τὺ
2885 2205 2996 2274 γὰρ
3050 2206 3192 2280 ὑπὲρ
3248 2207 3506 2278 βιωτικοῦ
3563 2211 3837 2281 πράγμαο

2241 2307 2332 2351 τος
2376 2291 2614 2358 πενθεῖν,
2686 2294 2872 2349 ἄθλιον
2905 2299 3001 2350 καὶ
3052 2301 3462 2370 κεκωλυμένον.
3493 2304 3635 2373 Φησὶ
3665 2306 3775 2375 γάρ
3809 2307 3837 2358 6

2243 2382 2471 2446 Παῦλος,
2508 2386 2590 2438 ὅτι
2634 2386 2706 2440 Ἡ
2725 2388 2846 2455 μὲν
2909 2390 3017 2444 τοῦ
3083 2393 3321 2462 κόσμου
3345 2395 3535 2462 λύπη,
3565 2395 3837 2450 θάνατον

2239 2477 2679 2545 κατεργάζεται·
2739 2483 2777 2549 ή
2826 2481 2894 2535 δὲ
2942 2484 3094 2539 κατὰ
3150 2485 3320 2549 Θεὸν,
3378 2487 3705 2556 μετάνοιαν
3747 2492 3834 2554 εις

2239 2571 2544 2636 σωτηρίαν
2568 2573 3044 2643 ἀμεταμέλητον.
3087 2579 3197 2631 Καὶ
3220 2580 3337 2643 πῶς
3354 2581 3383 2632 6
3418 2581 3634 2644 Παῦλος
3665 2584 3834 2635 πάλιν

2239 2655 2393 2710 εἷπε·
2424 2661 2753 2729 Χαίρετεὲν
2783 2667 2976 2734 Κυρίῳ
2997 2667 3292 2733 minore;
3323 2669 3437 2739 (23)
3467 2671 3612 2724 Διὸτι
3633 2673 3834 2724 κάκεῖ-

2238 2772 2329 2818 νος
2377 2757 2475 2828 τὴν
2524 2762 2589 2813 ἐκ
2649 2759 2744 2814 τοῦ
2804 2761 3037 2824 πένθους
3098 2762 3244 2829 λέγει
3274 2764 3388 2834 (9.4)
3439 2765 3637 2835 χαράν.
3672 2767 3832 2836 Ἔχει

2237 2851 2348 2920 γὰρ
2377 2852 2540 2907 τοῦτο
2573 2857 2750 2926 χαρὰν
2785 2855 3349 2926 συγκεκληρωμένην.
3389 2857 3663 2925 Καθάπερ
3692 2858 3827 2926 γὰρ.

2237 2943 2394 2996 ὑετοῦ
2427 2946 2660 3017 σφοδροῦ
2714 2947 3188 3018 καταρραγέντος,
3221 2946 3375 3000 εὐδία
3405 2946 3662 3014 γίνεσθαι
3698 2949 3827 3001 sfw-

2237 3033 2351 3099 θεν,
2380 3033 2525 3088 οὑτω
2555 3039 2672 3100 καὶ,
2724 3038 2979 3108 δακρύων
3005 3036 3466 3108 κατενεχθέντων,
3492 3040 3710 3110 γαλήνη
3732 3041 3830 3094 καὶ

2154 3142 2197 3196 c
2235 3128 2383 3198 χαρά
2407 3131 2472 3198 τῇ
2499 3129 2644 3201 ψυχῇ
2673 3131 2973 3200 ἐγγίνεται.

2310 3219 2571 3276 Βούλεται
2603 3223 2660 3277 δὲ
2702 3223 2800 3277 νῦν
2839 3226 2867 3276 6
2911 3224 3070 3293 λόγος
3113 3223 3334 3280 πενθειν
3366 3228 3516 3297 ἡμᾶς
3545 3227 3622 3298 μὴ
3661 3228 3828 3298 μόνον

2237 3309 2378 3381 ὑπὲρ
2406 3313 2515 3365 τῶν
2534 3315 2754 3368 οἰκείων
2778 3316 3218 3387 ἁμαρτημάτων,
3243 3318 3383 3372 ἀλλά
3411 3318 3507 3371 καὶ
3535 3320 3680 3388 ὑπὲρ
3713 3319 3824 3374 τῶν

2234 3404 2556 3473 ἀλλοτρίων,
2582 3403 2670 3461 οἷα
2709 3404 2779 3479 ἦν
2808 3411 2842 3478 ἡ
2872 3409 3020 3480 ψυχὴ
3047 3409 3330 3472 Μωῦσέως
3364 3413 3461 3465 καὶ
3501 3410 3671 3464 Δαυῖδ
3727 3413 3825 3467 καὶ

2235 3496 2450 3550 Παύλου
2468 3501 2564 3551 καὶ
2587 3498 2696 3552 τῶν
2711 3499 3529 3572 τοιούτων.Παρακληθήσονται
3549 3503 3627 3563 δὲ,
3649 3505 3825 3574 ἦγουν

2232 3589 2732 3661 εὐφρανθήσονται.
2779 3593 2931 3658 Ποῦς
2969 3595 3081 3647 Καὶ
3115 3595 3350 3648 ἐνταῦθα
3380 3597 3476 3650 καὶ
3506 3597 3646 3650 ἐκεῖ.
3699 3598 3820 3650 Ἐν-

2229 3683 2408 3737 ταῦθα
2469 3685 2685 3756 pharii
2712 3685 2890 3739 ἑλπίδι
2946 3687 3048 3756 τῆς
3100 3687 3537 3758 ἀπολυτρώσεως
3597 3690 3809 3742 αὑτῶνο

2226 3777 2441 3836 ικετδὲ.
2475 3778 2537 3830 οὐ
2570 3779 2732 3848 μόνον
2769 3781 2836 3850 τῇ
2870 3780 3066 3848 ἀφέσει
3135 3780 3366 3844 τούτων,
3426 3780 3565 3833 ἀλλὰ
3621 3782 3718 3834 καὶ
3749 3786 3818 3852 τῇ

2230 3868 2621 3938 μακαριότητι.

2298 3959 2364 4010 Oi
2393 3959 2503 4029 γὰρ
2544 3958 2658 4030 (25)
2713 3961 2909 4024 παῖδας
2959 3960 3056 4014 καὶ
3125 3963 3393 4029 γυναῖκας
3434 3963 3817 4027 ἀποθανόντας

2227 4047 2655 4118 θρηνοῦντες,οὑ
2677 4052 3003 4121 χρημάτων,
3035 4053 3100 4106 οὑ
3130 4053 3405 4122 σωμάτων
3434 4053 3664 4124 ἐρῶσιν,
3693 4055 3819 4110 οὐδὲ

2225 4141 2349 4195 κατ’
2407 4142 2617 4196 ἐκεῖνον
2709 4145 2808 4213 τῆς
2863 4143 3062 4214 ὀδύνης
3123 4144 3216 4197 τὸν
3249 4145 3443 4215 καιρὸν
3473 4147 3643 4200 ἀλλου
3667 4150 3818 4211 τινὸς

2221 4233 2489 4303 ἐφίενται,
2539 4234 2638 4304 οὑχ
2663 4233 2860 4306 ὕϐρεσι
2913 4235 3335 4309 παροξύνονται,
3370 4237 3468 4307 οὑχ
3503 4239 3612 4292 ὑπὸ
3645 4240 3818 4294 ἄλλον

2223 4325 2644 4395 πολιορκοῦνται
2702 4345 2854 4391 τινος
2895 4326 3146 4392 πάθους·
3198 4329 3352 4400 πόσῳ
3404 4330 3614 4400 μᾶλλον
3670 4334 3723 4384 οῑ
3746 4334 3816 4387 τὰ

2219 4418 2600 4489 ἁμαρτήματα
2655 4419 2982 4483 πενθοῦντες
3036 4420 3106 4475 τὰ
3158 4422 3392 4487 ἑαυτῶν,
3441 4423 3518 4487 ὡς
3586 4426 3817 4480 πενθεῖν

2147 4499 2201 4560 Ῐ)
2225 4511 2377 4576 ἀξιον
2398 4527 2415 4577 ;

2291 4601 2809 4672 Μακάριοι-τὴν
2829 4605 2969 4673 γῆν.
3025 4607 3180 4660 Ἐπεὶ
3220 4608 3389 4659 πάλαι
3434 4611 3552 4670 τοῖς
3601 4607 3817 4678 ἀνθρὼ-

2222 4711 2347 4756 ποις
2380 4696 2856 4764 περισπούδαστος
2878 4694 2948 4768 ἦν
2968 4702 3001 4769 ἡ
3020 4699 3359 4770 κληρονομία
3376 4700 3478 4768 τῆς
3502 4701 3632 4770 γῆς,
3650 4703 3811 4771 τίθη-

2221 4802 2274 4837 σι
2287 4786 2382 4837 καὶ
2400 4786 2607 4858 ταύτην
2621 4788 2856 4842 ἔπαθλον
2873 4791 3099 4862 ἀρετῆς.
3137 4793 3245 4844 Καί
3272 4808 3417 4854 τινες
3437 4792 3539 4860 μὲν
3556 4793 3664 4862 γῆν
3687 4810 3814 4862 νοη-

1810 4957 1858 4988 ⁸³
1890 4958 2130 5030 Philipp.
2167 4979 2240 5029 tv,
2268 4964 2323 5017 4.

1805 5141 2003 5204 Varias
2043 5144 2351 5212 lectiones
2380 5159 2442 5213 et
2465 5161 2657 5215 notae.

612 5298 722 5366 (2‘2)
770 5299 882 5354 Hoc
925 5303 1189 5357 scholium
1245 5306 1536 5384 inmneutro
1583 5323 1830 5384 meorum
1889 5315 2106 5384 legitur.

537 5369 865 5452 Ereti-ptum
889 5383 1073 5452 autem
1095 5383 1262 5430 estex
1284 5376 1474 5446 Chrys.
1509 5386 1639 5430 tam.
1669 5381 1782 5448 VII,
1810 5401 1863 5452 p.
1895 5369 2011 5440 13,5.
2039 5369 2102 5441 Ε.

610 5439 722 5510 (25)
759 5441 963 5506 Πάντες
990 5443 1049 5494 Β.

609 5595 713 5664 (gq)
739 5599 810 5651 οὺ
833 5615 894 5652 ea
934 5616 1050 5667 qum
1076 5603 1191 5669 quis
1223 5603 1442 5671 patitur.
1474 5606 1555 5660 0b
1603 5627 1716 5665 rem
1768 5622 2082 5668 terrestrem

538 5665 610 5720 ob
634 5681 841 5729 casum,
867 5665 1322 5728 nli‘inl‘ortttniutn
1349 5676 1667 5730 humanum.

610 5736 719 5807 (ΙιΙι)
756 5739 954 5807 Δανιὴλ
979 5740 1032 5793 in
1063 5743 1210 5796 nullo
1246 5761 1489 5800 meorum
1520 5749 1731 5820 legitur.

2288 5319 2401 5386 (Ἠ)
2435 5321 2640 5375 Φάτκει
2663 5324 2730 5379 Α.

2283 5388 2398 5474 (9.5)
2423 5391 2552 5474 ’μσς
2591 5393 2643 5447 in
2672 5396 2821 5449 nullo
2855 5414 3100 5474 meorum
3133 5409 3449 5474 comparet.
3481 5401 3799 5474 llepetitum

2210 5469 2296 5513 cst
2328 5475 2393 5513 ex
2419 5461 2700 5533 Chrysost.
2733 5476 2866 5520 tom.
2903 5465 3013 5531 VII,
3040 5486 3093 5537 ιι.
3127 5470 3249 5524 18⁸1.
3277 5461 3344 5524 ἰ).

2291 5617 2380 5691 (ii)
2409 5617 2569 5691 liortc
2597 5619 2805 5674 invenit
2838 5639 3107 5691 σωματων
3138 5627 3308 5682 ἰδίων.

2290 5687 2381 5756 (jjl
2417 5689 2556 5744 Suus
2579 5687 2938 5762 (egritudines.
2965 5696 3193 5752 l‘eccata
3221 5714 3344 5756 sua.
