4122 6396
315 399 419 467 193

1273 405 1672 466 COMMENT.
1713 403 1796 463 IN
1840 399 2320 462 MATTHZEUM.
2362 423 2425 435 --
2468 399 2630 460 CAP.
2678 401 2740 461 ν.

3495 391 3605 459 194

305 510 407 581 τὴν
437 513 495 563 ἐν
512 511 732 584 οὐρανῷ
753 513 1026 582 λέγουσιν,
1057 513 1086 565 6
1108 511 1162 565 δὲ
1189 511 1302 582 (26)
1322 511 1713 582 Χρυσόστομός
1742 525 1895 578 φησιι

2011 515 2212 558 terram
2244 503 2692 566 intellectualem,
2735 499 2935 556 coelum
2993 513 3117 555 esse
3173 497 3388 555 dicunt.
3424 498 3603 571 Chry—

306 605 388 655 ὃτι
419 607 514 658 καὶ
535 606 798 676 αἰσθητὸν
853 607 1099 660 τέθεικεν
1145 604 1403 669 ἔπαθλον,
1442 604 1531 658 διὰ
1563 606 1691 666 τοὺς
1717 620 1895 672 παχυο

307 697 526 766 τέρους,
555 700 683 762 τοὺς
714 699 781 751 τὰ
805 698 1040 768 αἰσθητὰ
1066 697 1174 768 πρὸ
1204 697 1311 750 τῶν
1337 695 1546 767 νοητῶν
1568 695 1890 766 ζητοῦντας.

309 785 484 843 Εῐωθε
539 791 649 860 γὰρ
691 791 759 844 δι’
783 791 907 843 ὅλου
938 789 1035 844 τοῦ
1085 787 1424 856 Εὑαγγελίου
1448 787 1786 857 προτρέπειν
1813 786 1894 848 τις

306 881 537 948 ἀρετὴν,
599 883 731 936 ποτὲ
786 881 908 952 μὲν,
971 881 1081 934 ἀπὸ
1120 883 1229 933 τῶν
1271 879 1598 949 μελλόντων,
1649 877 1779 930 ποτὲ
1811 876 1892 938 δὲ,

307 972 416 1023 ἀπὸ
445 972 557 1024 τῶν
583 975 890 1044 παρόντων,
926 976 1022 1027 καὶ
1059 972 1187 1026 οὔτε
1221 973 1350 1025 ὅταν
1376 973 1545 1042 νοητὰ
1575 970 1786 1023 ἔπαθλα
1812 969 1895 1020 τί-

305 1060 490 1130 θησιν,
524 1063 823 1130 ἀποστερεί
850 1062 958 1115 τῶν
980 1062 1282 1132 αἰσθητῶν,
1301 1060 1449 1125 οὕτε,
1480 1062 1609 1114 ὅταν
1629 1058 1890 1128 αἰσθητὰ,

303 1152 624 1224 ἀφαιρεῖται
650 1159 720 1207 τὰ
752 1155 942 1224 νοητά.
969 1155 1213 1222 Ζητεῖτε
1237 1154 1369 1225 γὰρ,
1416 1152 1573 1224 φησι,
1638 1151 1756 1218 τὴν
1774 1151 1893 1214 ,Βα-

303 1246 552 1297 σιλείαν
579 1245 688 1300 τοῦ
713 1249 882 1309 Θεοῦ,
916 1249 1014 1303 καὶ
1049 1247 1235 1301 ταῦτα
1261 1245 1458 1299 πάντα
1483 1243 1894 1312 προστεθήσε-

302 1351 397 1388 ται
423 1336 590 1404 ὑμῖν.
651 1340 761 1391 Καὶ
817 1338 1012 1402 αὖθις·
1075 1338 1290 1403 Οὐδείς
1331 1337 1508 1390 ἐστιν
1549 1336 1618 1401 ὃς
1648 1334 1892 1404 ἀφῆκεν

301 1427 525 1490 οίκίαν,
558 1429 596 1495 ἢ
625 1429 840 1496 γονεῖς,
861 1438 956 1483 καὶ
991 1429 1060 1482 τὰ
1089 1429 1236 1498 ἑξῆς,
1271 1430 1340 1494 ὃς
1369 1431 1442 1482 οὐ
1467 1428 1556 1497 μὴ
1609 1425 1890 1493 ἀπολάϐῃ

303 1521 822 1576 πολλαπλασίονα
881 1522 951 1574 ἐν
989 1519 1070 1585 τῷ
1105 1521 1286 1588 καιρῷ
1334 1522 1542 1586 τούτῳ,
1580 1519 1770 1572 καὶέν
1811 1516 1892 1582 τῷ

301 1608 472 1663 αἰῶνι
513 1611 593 1676 τῷ
618 1613 908 1680 μέλλοντι
941 1612 1095 1682 ζωὴν
1125 1615 1387 1667 αἰώνιον.

381 1783 582 1850 Πραεῖς
611 1786 725 1851 (27)
750 1785 1022 1855 λέγονται,
1049 1787 1148 1857 οὐχ
1177 1789 1230 1840 οἱ
1287 1788 1538 1857 μηδόλως
1595 1787 1892 1858 ὀργιζόμε-

2003 604 2278 650 sostomus
2313 611 2444 650 vero
2481 596 2579 656 ait,
2613 594 2758 663 quod
2814 603 2868 647 et
2901 591 3216 647 sensibilem
3247 606 3348 660 pro
3371 592 3602 660 praemio

2003 686 2268 754 posuerit,
2295 697 2522 755 prolitcr
2566 690 2888 746 crassiores,
2923 683 3015 753 qui
3073 682 3361 737 sensibilia
3414 683 3600 750 potius

2001 791 2164 845 quam
2187 777 2540 847 intelligibilia
2573 784 2845 844 quaerunt.
2880 772 3020 827 Tuto
3071 787 3314 841 namque
3349 771 3602 841 Evange-

2001 869 2074 922 lio
2113 869 2180 923 ad
2206 872 2464 923 virtutem
2495 870 2640 922 solet
2679 867 2984 928 adhortari,
3015 865 3345 936 quandoque
3373 880 3472 934 per
3504 863 3597 918 fu-

2004 970 2144 1027 tura,
2196 961 2471 1015 interdum
2518 965 2738 1029 quoque
2797 968 2852 1013 et
2892 972 2990 1027 per
3045 957 3357 1026 praesentia.
3405 955 3602 1021 Quan-

1999 1068 2160 1122 quam
2191 1067 2370 1122 neque
2403 1053 2492 1106 ubi
2535 1050 2897 1126 intelligibilia
2930 1049 3084 1119 ponit
3135 1047 3380 1118 prtemia,
3416 1050 3597 1117 primit

1999 1143 2347 1197 sensibilibus
2380 1159 2394 1194 :
2433 1158 2613 1210 neque
2641 1158 2674 1196 e
2716 1146 2957 1204 diverso,
3001 1156 3127 1194 cum
3162 1140 3446 1194 sensibilia
3482 1140 3601 1210 pol-

2000 1234 2218 1300 licetur,
2247 1231 2609 1303 intelligibilia
2659 1231 2862 1286 aufert.
2890 1231 3127 1296 Quarite
3173 1231 3347 1294 enim,
3387 1230 3593 1300 inquit,

1997 1326 2227 1392 primum
2259 1340 2476 1394 regnum
2508 1306 2608 1376 Dei
2632 1333 2682 1377 et
2692 1324 2964 1391 justitiam
3003 1323 3139 1391 eius,
3173 1333 3223 1377 et
3258 1323 3367 1377 hac
3411 1324 3593 1376 omnia

1997 1416 2318 1485 adjicientur
2348 1415 2492 1468 vobis
2518 1415 2586 1469 “.
2619 1417 2683 1470 Et
2713 1429 2905 1470 rursus
2936 1433 2949 1469 :
2985 1413 3158 1468 Nemo
3210 1425 3288 1468 est
3339 1415 3430 1484 qui
3469 1413 3599 1466 reli-

1998 1508 2169 1576 querit
2196 1506 2411 1559 domum
2441 1514 2534 1558 aut
2572 1515 2778 1574 patrem
2802 1506 2870 1570 ⁸⁵,
2924 1514 3055 1564 etc..
3099 1505 3190 1575 qui
3245 1520 3347 1557 non
3387 1505 3602 1575 fruatur

1999 1597 2168 1650 multo
2205 1597 2447 1666 pluribus
2479 1597 2534 1649 in
2585 1598 2682 1651 hoc
2715 1607 2966 1667 tmpore,
2992 1607 3040 1652 ct
3070 1597 3127 1652 in
3157 1595 3341 1666 futuro
3378 1597 3599 1664 sa'culo,

1997 1689 2106 1742 vita
2129 1697 2349 1742 eterna.

2070 1778 2111 1848 -ι-
2143 1779 2298 1833 Miles
2323 1779 2605 1844 dicuntur,
2646 1794 2759 1833 non
2795 1778 2889 1847 qui
2922 1778 3144 1848 penitus
3169 1794 3280 1834 non
3339 1779 3592 1834 irascun-

303 1892 388 1927 νοι
415 1891 428 1904 ⁸
464 1879 515 1928 oi
542 1879 777 1931 τοιοῦτοι
807 1879 917 1950 γὰρ
942 1879 1291 1949 ἀναίσθητον
1328 1880 1445 1933 ἀλλ’
1477 1882 1529 1934 οἱ
1563 1880 1739 1950 θυμὸν
1795 1881 1895 1951 μὲν

2003 1879 2092 1925 tur
2124 1889 2138 1926 :
2173 1871 2492 1942 bujusmodi
2527 1870 2675 1925 enim
2712 1871 2978 1931 insensati
3011 1873 3163 1936 sunt,
3194 1870 3291 1924 sed
3325 1870 3421 1940 qui
3450 1871 3592 1925 iram

303 1968 549 2036 ἔχοντες,
587 1969 921 2040 κρατοῦντες
951 1971 1029 2034 δὲ,
1062 1973 1158 2024 καὶ
1191 1971 1281 2024 ὅτε
1311 1971 1395 2024 δεῖ
1428 1967 1799 2041 ὀργιζόμενοι.
1822 1973 1898 2035 ὼς

305 2060 402 2110 καὶ
427 2059 595 2112 Δαυῒδ
624 2055 780 2113 εἶπεν
804 2076 819 2091 ·
861 2059 1206 2129 Ὀρτίζεσθε,
1235 2061 1336 2114 καὶ
1374 2060 1461 2130 μὴ
1505 2062 1893 2130 ἁμαρτάνετε.

375 2151 670 2219 Μακάριοι
697 2183 761 2195 --
782 2154 1331 2222 χορτασθήσονται.
1369 2155 1525 2207 Ἐπεὶ
1553 2155 1739 2224 μέλλει
1767 2157 1897 2222 περὶ

304 2243 686 2313 ἐλεημοσύνης
711 2245 910 2307 είπεῐν..
948 2249 1280 2315 προαναιρεί
1303 2244 1404 2316 τὴν
1433 2246 1775 2313 πλεονεξίαν,
1806 2246 1897 2300 ἵνα

304 2335 552 2405 καθαρὸς
581 2337 610 2388 6
632 2337 783 2400 ἔλεος
813 2337 1056 2408 γίνηται.
1107 2337 1169 2390 Ἦ
1211 2336 1532 2408 δικαιοσύνη
1586 2341 1717 2408 γὰρ,
1743 2340 1898 2390 ἀντί-

304 2427 477 2488 παλός
500 2429 619 2479 ἐστι
643 2431 707 2498 τῇ
740 2429 1046 2500 πλεονεξίᾳ.
1085 2431 1150 2482 Ol
1179 2429 1509 2496 πεινῶντες
1540 2430 1596 2482 δὲ
1657 2431 1756 2483 καὶ
1805 2431 1897 2484 δι-

305 2522 544 2590 eam“
576 2521 752 2588 εἶπεν,
778 2526 900 2578 ἀντὶ
927 2524 1044 2587 τοῦ,
1087 2527 1150 2578 Οἱ
1215 2526 1422 2596 σφόδρα
1474 2525 1892 2595 ἐπιθυμοῦντες,

309 2614 398 2666 ἵνα
429 2616 458 2666 6
491 2615 717 2685 σφοδρὸς
752 2615 894 2686 ἔρως
927 2618 1025 2685 τῆς
1050 2616 1391 2680 πλεονεξίας,
1421 2615 1517 2669 ἐπὶ
1561 2617 1661 2686 τὴν
1689 2618 1895 2671 δικαιο-

309 2703 481 2772 σύνην
511 2705 808 2773 μεταστὰς,
833 2706 998 2778 ἀνέλῃ
1030 2706 1274 2777 ἐκείνην.
1299 2706 1782 2776 Χορτασθήσονται
1813 2707 1892 2772 δὲ,

306 2794 512 2855 παντὸς
546 2793 774 2860 ἀγαθοῦ.

392 2885 616 2956 Ἐπειδὴ
647 2886 761 2956 (28)
797 2887 846 2939 oi
878 2887 1204 2940 πλεονέκται
1253 2885 1506 2940 δοκοῦσιν
1559 2887 1786 2958 εὔποροι
1821 2881 1898 2940 εῖ-

309 2998 396 3031 ναι
427 2979 523 3032 καὶ
547 2978 936 3049 χορτάζεσθαι,
962 2979 1049 3031 διὰ
1076 2980 1236 3032 τοῦτό
1264 2996 1451 3048 φησιν,
1491 2981 1571 3032 ὅτι
1616 2983 1664 3032 οἱ
1696 2979 1897 3032 δίκαιοι

309 3072 518 3141 μᾶλλον
548 3073 1045 3142 χορτασθήσονται.

2000 1963 2222 2034 quidem
2259 1963 2530 2026 sentiunt.
2582 1978 2705 2019 sese
2761 1962 2944 2016 tamen
2998 1962 3311 2028 continent,
3371 1963 3598 2031 quando

2001 2064 2188 2109 autem
2214 2061 2432 2124 oportet
2461 2055 2804 2119 irascuntur,
2838 2051 2989 2109 sicut
3033 2053 3167 2108 dicit
3195 2051 3368 2108 David
3418 2072 3433 2108 :
3474 2053 3601 2108 Ira-

1999 2146 2210 2201 scimini
2232 2154 2281 2199 et
2317 2145 2484 2199 nolite
2508 2161 2729 2214 peccare
2765 2146 2813 2177 ⁸⁸

2059 2237 2230 2295 νοτε.
2245 2238 2297 2292 6.
2318 2237 2475 2292 Beati
2487 2263 2546 2275 —-
2562 2238 2970 2292 saturabuntur.
2994 2236 3135 2303 Quia
3152 2238 3222 2293 de
3238 2238 3592 2310 eleemosyna

1998 2326 2246 2382 dicturus
2273 2338 2382 2392 est,
2413 2328 2597 2383 aufert
2631 2329 2874 2398 primum
2901 2329 3192 2385 avaritiam
3225 2339 3286 2385 ut
3325 2345 3463 2396 pura
3496 2330 3593 2384 ﬂat

2001 2420 2401 2486 misericordia,
2421 2421 2641 2491 iustitia
2672 2421 2822 2477 enim
2851 2421 3097 2477 avaritiae
3125 2422 3410 2477 contraria
3476 2434 3589 2477 est.

2005 2513 2148 2566 Dixit
2187 2523 2392 2578 autem,
2436 2515 2726 2567 esurientes
2767 2523 2816 2566 et
2865 2514 3125 2577 sitientes,
3168 2514 3272 2568 hoc
3312 2522 3417 2579 est,
3471 2515 3598 2583 plu-

2003 2605 2202 2658 rimum
2233 2604 2717 2674 concupiscentes,
2744 2614 2805 2658 ut
2828 2604 3131 2660 vehemens
3154 2604 3404 2658 avaritia:
3438 2620 3595 2660 amor

2003 2696 2057 2749 in
2089 2696 2359 2765 justitiam
2400 2697 2719 2760 translatus,
2771 2696 2918 2750 illam
2945 2695 3200 2766 perimat.
3241 2695 3596 2753 Saturabun-

2003 2797 2091 2841 tur
2123 2796 2332 2852 autem,
2365 2786 2517 2841 omni
2561 2786 3019 2848 videlicetbono.

2070 2879 2110 2948 τ
2142 2879 2278 2945 Quia
2313 2880 2460 2932 avari
2499 2878 2850 2934 abundantes
2897 2894 3022 2934 esse
3062 2869 3323 2936 videntur
3365 2891 3420 2938 et
3445 2893 3598 2938 satu‘

2003 2973 2125 3035 rati,
2162 2973 2283 3026 ideo
2313 2972 2388 3025 ait
2413 2972 2597 3040 justos
2627 2971 2812 3041 potius
2835 2971 3169 3030 saturandos
3197 2987 3348 3028 esse.

377 3163 674 3231 Μακάριοι
725 3192 796 3201 —
850 3163 1309 3231 ἐλεηθήσονται.
1373 3163 1534 3235 Παρὰ
1578 3162 1674 3216 τοῦ
1734 3163 1894 3227 Θεοῦ,

2081 3171 2240 3227 Vers.
2296 3171 2348 3225 ’1.
2381 3169 2536 3225 Beati
2570 3197 2642 3211 --
2708 3170 3129 3224 misericordiam
3186 3182 3599 3240 consequentur.

307 3254 579 3324 δηλονότι.
639 3255 787 3323 Πλὴν
821 3255 883 3307 οὐ
944 3254 1224 3320 τοσοῦτον,
1275 3257 1401 3308 ὅσον
1451 3256 1714 3325 ἠλέησαν.
1750 3256 1895 3324 Ὀση

2005 3267 2047 3317 Δ
2082 3265 2193 3319 Deo
2252 3275 2421 3324 certe,
2460 3263 2556 3318 sed
2591 3278 2700 3317 non
2755 3271 2961 3317 tantam
3021 3263 3308 3324 duntaxat,
3334 3273 3599 3332 quantam

309 3347 419 3416 γάρ
447 3347 566 3399 ἐστι
589 3346 826 3417 διαφορὰ
857 3347 1128 3417 πονηρίας
1174 3348 1272 3402 καὶ
1304 3349 1670 3418 ἁγαοὸτητος,
1697 3348 1730 3419 ἢ
1761 3347 1899 3416 μᾶλ-

294 3430 422 3503 λον,
480 3439 583 3506 ὂση
638 3438 935 3506 ἀνθρώπου
1003 3440 1101 3492 καὶ
1145 3439 1309 3500 Θεοῦ,
1367 3439 1611 3509 τοσαύτη
1675 3439 1770 3492 καὶ
1801 3440 1897 3492 ἀν·

311 3527 596 3598 θρωπίνης
629 3530 724 3580 καὶ
751 3528 901 3592 θείας
925 3529 1323 3600 ὲλιημοσύνης.

383 3708 524 3777 οὑχὶ
561 3708 673 3778 (29)
697 3707 787 3761 διὰ
814 3710 1117 3780 χρημάτων
1161 3711 1323 3779 μόνον
1352 3711 1503 3764 ἐστ;ν
1532 3712 1728 3777 ἐλεεῖν,
1760 3713 1897 3767 ἀλλά

312 3801 407 3854 καὶ
441 3800 627 3868 λόγου,
665 3800 767 3855 κᾶν
799 3802 968 3872 μηδὲν
1013 3803 1166 3874 ἔχῃς,
1207 3803 1296 3856 διὰ
1334 3804 1612 3875 δακρύων.
1644 3805 1899 3870 Ποικίλος

309 3897 421 3962 γὰρ
453 3894 482 3944 6
503 3892 605 3960 τῆς
633 3893 1010 3964 ὲλεημοσύνης
1040 3895 1265 3964 τρόπος,
1303 3897 1399 3947 καὶ
1431 3896 1662 3950 πλατεῖα
1691 3897 1834 3969 αὕτη
1863 3899 1896 3969 η

309 3983 526 4051 ntali].
545 3983 970 4054 Ἐλεηθήσονται
995 3985 1053 4038 δὲ
1077 3986 1316 4040 ἐνταῦθα
1346 3986 1470 4056 μὲν,
1501 3989 1655 4059 παρὰ
1683 3989 1893 4060 ἀνθρώ·

310 4092 431 4131 πων
454 4093 467 4106 ·
505 4077 640 4141 ἐκεῖ,
667 4076 745 4140 δὲ,
777 4076 930 4147 παρὰ
952 4076 1045 4129 τοῦ
1067 4075 1228 4131 Θεοῦ.

383 4262 677 4330 Μακάριοι
704 4292 773 4303 -
799 4263 1075 4332 ὄψονται.
1110 4262 1405 4334 Καθαροὺς
1433 4265 1501 4333 τῇ
1528 4265 1728 4337 καρδίᾳ
1762 4266 1895 4331 νόει,

315 4355 440 4414 τοὺς
500 4353 669 4423 μηδὲν
699 4370 752 4405 τι
790 4355 1028 4424 πονηρὸν
1079 4355 1295 4418 ἑαυτοῖς
1337 4356 1667 4419 συνειδότας,
1702 4358 1734 4427 ἢ
1771 4359 1899 4420 τοὺς

320 4445 698 4513 φυλάσσοντας
758 4446 858 4516 τὴν
886 4446 1119 4515 καρδίαν
1165 4448 1470 4517 ἀμόλυντον
1494 4451 1602 4504 ἀπὸ
1629 4450 1741 4505 τῶν
1771 4452 1899 4519 ἠδυ-

2008 3355 2110 3422 ipsi
2175 3355 2573 3424 praestiterunt.
2628 3353 2906 3417 Quantum
2960 3351 3109 3406 enim
3156 3353 3392 3406 interest
3455 3355 3602 3407 inter

2007 3448 2212 3500 malum
2251 3457 2304 3500 et
2333 3447 2563 3508 bonum,
2601 3451 2699 3499 aut
2733 3444 2915 3513 potius
2942 3452 3208 3512 quantum
3246 3445 3391 3498 inter
3422 3444 3602 3499 homi-

2008 3555 2131 3594 nem
2158 3549 2215 3594 et
2248 3539 2442 3603 Deum,
2475 3545 2692 3592 tantum
2727 3535 2968 3591 humana
3002 3525 3382 3592 misericordia
3423 3537 3598 3592 distat

2003 3629 2254 3683 adiviua.

2073 3719 2282 3790 -ι·-.Νοη
2313 3716 2760 3789 possessionibus
2809 3724 3023 3770 tantum
3058 3723 3348 3784 praestatur
3381 3717 3599 3771 miseri-

2003 3814 2214 3877 cordia,
2249 3813 2346 3866 sed
2375 3821 2432 3866 et
2459 3809 2830 3866 sermonibus.
2863 3809 3024 3874 Quod
3056 3808 3103 3862 si
3131 3808 3271 3863 nihil
3306 3810 3598 3873 habueris.

2003 3908 2166 3960 etiam
2207 3905 2457 3974 lacrymis
2489 3911 2781 3972 prastatur
2813 3918 2827 3956 :
2855 3901 3042 3957 varius
3069 3909 3156 3954 est
3184 3901 3330 3955 enim
3355 3902 3600 3956 eleemo—

2002 4011 2149 4066 synm
2183 3995 2400 4060 uiodus,
2437 3994 2723 4062 latumque
2758 4002 3118 4062 praeceptum.
3156 3991 3592 4048 Misericordiam

2003 4102 2133 4142 vero
2165 4095 2592 4153 consequentur,
2629 4084 2718 4140 hic
2739 4084 2810 4140 ab
2833 4083 3160 4138 hominibus
3185 4087 3317 4139 etin
3347 4085 3601 4141 futurum

2001 4196 2032 4234 a
2063 4181 2196 4235 Deo.

2075 4274 2234 4328 Vers.
2266 4273 2318 4326 8.
2339 4270 2514 4324 ’Βαοίὶ
2535 4300 2603 4313 -
2636 4268 2905 4324 videbunt.
2928 4268 3104 4325 Puros
3137 4268 3304 4325 corde
3337 4269 3602 4341 intelligit

2001 4364 2093 4435 qui
2138 4363 2343 4418 nullius
2373 4362 2580 4433 peccati
2615 4361 2719 4418 sibi
2747 4360 2958 4417 conscii
2997 4372 3126 4417 sunt
3162 4379 3177 4416 :
3232 4371 3329 4416 aut
3357 4362 3452 4432 qui
3501 4378 3602 4418 cor

2002 4465 2282 4510 servants
2317 4454 2694 4524 voluptatibus
2729 4452 3102 4523 impollutam,
3163 4469 3326 4522 quam
3387 4455 3599 4508 sancti-

317 4535 586 4600 παθειῶν,
618 4537 756 4603 ὅπερ
788 4537 816 4587 6
847 4536 1060 4600 Παῦλος
1087 4539 1363 4607 ἁγιασμὸν
1388 4541 1667 4604 ἐκάλεσεν,
1703 4543 1895 4594 εἰπών·

2008 4550 2248 4602 muniam
2282 4556 2440 4601 vocat
2455 4546 2679 4609 Paulus,
2704 4545 2895 4600 dicens
2913 4545 2958 4577 ⁸⁷
2980 4562 2994 4598 :
3016 4545 3207 4599 Pacem
3234 4546 3513 4599 sectamini
3528 4548 3604 4600 ad

311 4626 581 4694 Εἰρήνην
609 4625 851 4680 διώκετε
870 4629 1020 4696 μετὰ
1046 4629 1309 4694 πάντων,
1325 4633 1419 4684 καὶ
1446 4632 1553 4684 τὸν
1573 4635 1895 4703 ἁγιασμόν,

316 4714 388 4774 οὗ
424 4717 604 4785 χωρὶς·
637 4718 839 4783 οὐδεὶς
889 4720 1100 4788 ὄψεται
1129 4726 1237 4774 τίν
1257 4725 1498 4790 Κύριον.
1546 4725 1810 4793 Ὄψονται
1843 4727 1900 4780 δὲ

2009 4657 2185 4694 omnes
2263 4650 2312 4694 ct
2366 4641 2827 4704 sanctimoniam;
2886 4638 3000 4692 sine
3045 4655 3150 4708 qua
3196 4653 3346 4691 nemo
3404 4639 3602 4692 videbit

2005 4729 2195 4783 Deum.
2228 4729 2641 4784 Videbitautem
2675 4729 2868 4793 Deum,
2889 4727 3046 4791 dixit,
3075 4739 3330 4798 tanquam
3355 4728 3603 4782 bumana

315 4814 408 4865 τὸν
425 4813 581 4875 Θεὶν,
618 4811 695 4874 ὠς
724 4812 952 4866 δυνατὸν
983 4814 1304 4886 ἀνθρωπίνῃ
1357 4816 1540 4884 φύσει.
1576 4819 1807 4873 Τέθεικε
1845 4822 1895 4873 δὲ

2005 4830 2202 4876 natura
2241 4831 2522 4894 potentem
2553 4821 2678 4893 (ΙιΙς).
2709 4819 2862 4874 lianc
2890 4834 3022 4874 vero
3055 4820 3448 4876 beatitudinem
3475 4829 3602 4890 post

315 4905 406 4957 τὸν
438 4905 796 4974 μακαρισμὸν
823 4905 1016 4958 τοῦτον
1045 4906 1183 4976 μετὰ
1238 4908 1331 4960 τὸν
1369 4908 1468 4979 τῆς
1497 4909 1898 4982 ὲλεημοσύνης,

422 5087 471 5120 ⁸⁸
513 5085 706 5142 Matth.
738 5104 814 5153 vr,
837 5089 930 5145 55.
1038 5089 1087 5121 "
1117 5091 1251 5147 Luc.
1276 5107 1433 5160 mu,
1465 5093 1558 5157 29,
1591 5091 1680 5147 '50.

1794 5094 1840 5127 ⁸⁸
1875 5073 2020 5150 Psal.
2070 5112 2144 5158 iv,
2202 5097 2258 5152 5.

2004 4919 2409 4987 eleemosynam
2465 4914 2672 4985 posuit,
2723 4929 2850 4968 nam
2883 4913 3040 4969 multi
3062 4914 3332 4986 justitiam
3357 4929 3420 4970 ac
3451 4913 3603 4969 elee-

2369 5093 2415 5124 "
2439 5093 2608 5150 Hebr.
2645 5109 2746 5156 xu,
2775 5092 2862 5147 Η.

1481 5257 1679 5320 Varim
1722 5259 2031 5322 lectiones
2059 5269 2120 5322 et
2160 5269 2349 5324 nota}.

391 5421 504 5493 (εδ)
540 5421 702 5494 Tom.
740 5423 851 5483 vn,
880 5440 935 5494 p.
973 5424 1095 5478 188.
1123 5425 1187 5480 c.

391 5493 503 5568 (27)
540 5493 650 5545 Huc
677 5495 730 5545 in
758 5493 892 5548 meis
913 5511 1020 5548 non
1052 5496 1268 5566 legitur.
1309 5497 1384 5551 Ex
1417 5496 1725 5567 Theophyl.
1752 5513 1808 5568 p.
1833 5496 1928 5551 26,

321 5564 373 5618 C
393 5567 768 5630 (insumptum.

391 5635 504 5703 (28)
537 5632 713 5686 Etiam
743 5635 846 5688 hoc
873 5651 940 5688 ex
969 5635 1359 5707 TbeOpliylat-t.
1386 5657 1439 5708 p.
1468 5639 1537 5692 9.6
1568 5637 1628 5693 Ι).
1660 5636 1761 5692 Mei
1795 5655 1907 5694 non

2007 5443 2332 5504 agnoscunt.

2015 5503 2622 5645 pa§99iigghgophylach
2657 5523 2714 5578 p.
2736 5505 2808 5561 26
2842 5506 2882 5561 E
2911 5516 2964 5565 et
2995 5505 3370 5583 Chrysostom.
3410 5515 3451 5564 t.
3482 5506 3602 5578 ΠΙ,

393 5793 503 5866 (Hi)
536 5795 808 5865 Tanquam
833 5826 898 5835 —
916 5805 1199 5866 potentem.
1237 5793 1301 5849 Ut
1329 5811 1649 5854 concessum
1680 5808 1944 5855 creatura:
1970 5798 2248 5858 humanae.
