4122 6396
261 393 366 456 2‘31

1193 400 1587 462 COMMENT.
1634 400 1715 461 ΙΝ
1753 401 2232 462 ΜΑἸΤΗᾹΞΠΜ.
2271 427 2343 442 -
2382 406 2537 469 CAP.
2586 407 2655 467 V.

3459 417 3562 482 9.02

265 507 559 579 μωρανθὲν
609 509 671 559 τδ
722 507 962 576 δηλωθὲν
1022 507 1180 574 ἃλας,
1235 511 1285 562 εἰ
1426 514 1506 575 εἰς
1538 511 1598 563 τδ
1634 511 1839 581 ρίφῆνα

1969 511 2034 565 lis
2066 522 2149 566 est
2175 514 2256 567 sal
2293 515 2619 580 infatuatus,
2647 517 2751 572 nisi
2778 527 2836 572 ut
2877 531 3029 576 extra
3084 523 3420 582 Dominicam
3463 546 3562 587 au-

260 599 373 663 εξω
401 599 500 668 τῆς
555 599 897 668 Δεσποτικῆς
948 600 1141 669 αὐλῆς,
1182 603 1277 654 καὶ
1333 603 1797 665 καταπατεῖσθαι,
1831 604 1858 656 ὃ

257 691 376 740 ἐστι
411 690 874 758 καταφρονεῖσθαι
905 693 1052 761 παρᾶ
1085 693 1194 744 τῶν
1242 693 1568 763 ἀνθρώπιον.

343 782 544 851 ’Υμεῖς
574 812 645 822 —-
677 785 934 852 κόσμου.
1002 787 1222 854 Κόσμον
1275 789 1439 841 πάλιν
1489 793 1617 854 τοὺς
1674 793 1732 844 ὲν
1776 792 1856 864 τῷ

254 873 451 943 κόσμῳ
475 872 628 928 εἶπεν
669 874 1019 944 ἀνθρώπους,
1050 873 1124 930 ὦν
1161 881 1562 935 σκοτισθέντων
1590 883 1669 953 τῷ
1702 885 1855 954 ζόφῳ

252 965 356 1029 τῆς
391 965 619 1036 πλάνης,
664 965 873 1035 Ὑμεῖς.
900 970 1085 1038 φησὶν,
1107 971 1393 1041 ἐξελέγητε
1433 970 1576 1027 εἶναι
1610 975 1726 1044 φῶς
1756 977 1852 1029 αύ-

251 1057 391 1122 τῶν,
422 1057 565 1111 ὥστε
601 1059 858 1128 φωτίζειν
901 1064 966 1113 τὰ
1027 1062 1253 1132 ὄμματα
1287 1066 1397 1118 τῶν
1421 1067 1611 1136 ψυχῶν
1643 1069 1848 1133 αὐτῶν,

252 1151 400 1214 φωτὶ
448 1149 803 1214 διδασκαλίας
855 1152 952 1204 καὶ
989 1158 1129 1222 φωτὶ
1160 1158 1438 1225 γνώσεως,
1482 1166 1850 1232 χειραγωγεῖν

248 1239 451 1303 αὐτοὺς
487 1239 582 1292 ἐπὶ
615 1241 715 1312 τὴν
740 1242 905 1312 ὀρθὴν
925 1245 1113 1314 τρίϐον
1146 1248 1243 1318 τῆς
1272 1250 1578 1314 εὐσεϐείας.
1612 1255 1718 1307 Δύο
1735 1255 1847 1308 τοί-

247 1349 347 1384 νυν
376 1332 653 1396 διακονίας
686 1335 1158 1408 ἑνεχειρίσθησαν,
1189 1341 1250 1392 τὸ
1277 1342 1488 1407 ἁλίζειν
1517 1347 1614 1398 καὶ
1643 1349 1701 1399 τὸ
1729 1365 1848 1415 φω-

246 1421 446 1485 τίζειν.
478 1426 572 1476 Δεῖ
592 1425 702 1494 γὰρ
729 1427 949 1496 πρῶτον
983 1431 1372 1506 ἀπαλλαγῆναι
1405 1438 1504 1508 τῆς
1526 1441 1844 1511 σηπεδόνος,

243 1511 370 1569 εἶτα
401 1519 802 1590 συνετισθῆναι.

325 1611 409 1664 Οὐ
442 1640 508 1652 -
541 1615 811 1686 κειμένη.
864 1620 967 1673 Διά
1001 1620 1208 1690 ταύτης
1233 1623 1333 1692 τῆς
1367 1602 1709 1697 παραϐολῆς,
1748 1632 1845 1681 καὶ

241 1703 344 1774 τῆς
371 1705 513 1773 μετὰ
540 1706 772 1778 ταύτην,
800 1711 882 1775 είς
913 1713 1205 1785 ἀκρίϐειαν
1239 1717 1332 1770 καὶ
1365 1718 1672 1787 ἀσφάλειαν
1723 1719 1841 1790 βίον

241 1795 474 1860 τούτους
506 1799 713 1866 ινάγει,
771 1805 868 1858 aut
923 1805 1260 1874 ἐναγωνίους
1302 1805 1459 1863 εἶναι’
1495 1811 1733 1877 κελεύει,
1766 1817 1842 1877 ὡς

243 1886 356 1940 ὑπὸ
383 1892 496 1954 τοῖς
520 1892 777 1947 ἁπάντων
801 1897 1106 1968 ὀφθαλμοῖς
1141 1899 1233 1952 τοῦ
1290 1901 1481 1955 λοιποῦ
1530 1908 1846 1972 κειμένους,

240 1979 344 2032 καὶ
363 1981 427 2033 ιν
465 1982 618 2054 μέσῳ
642 1985 722 2056 τῷ
747 1987 963 2060 θεάτρῳ
983 1991 1083 2060 τῆς
1123 1993 1455 2062 οἰκουμένης
1500 1996 1847 2067 ἀγωνιζομέο

239 2089 395 2136 νους.
433 2077 516 2130 Οὐ
554 2077 830 2144 δύναται,
873 2082 1038 2152 φησὶ,
1065 2086 1245 2151 πόλις
1298 2086 1596 2156 κρυϐῆναι
1643 2090 1847 2143 ἐπάνω

244 2162 432 2232 ὄρους
457 2168 725 2238 κειμένη·
756 2172 878 2226 οὐδὲ
931 2178 1092 2246 ὑμεῖς
1145 2176 1377 2231 δύνασθε
1423 2181 1719 2249 κρυϐῆναι,
1754 2183 1848 2235 ἐπὶ

235 2257 334 2311 τοῦ
354 2256 526 2330 ὕψους
550 2263 647 2331 τῆς
670 2263 1017 2331 διδασκαλίας
1039 2270 1306 2334 τεθέντες.
1329 2273 1530 2326 Λοιπὸν
1558 2270 1649 2328 οὖν
1677 2291 1846 2343 ripae.

236 2351 421 2421 ἐχετε,
453 2353 572 2417 πῶς
635 2356 994 2413 πολιτεύεσθε
1033 2363 1128 2414 καὶ
1163 2365 1382 2430 γίνεσθε
1431 2369 1544 2428 τοῖς
1602 2366 1844 2419 ἀποϐλέ-

233 2462 441 2499 πουσιν
474 2447 556 2512 είς
589 2448 734 2518 ὑμᾶς
769 2451 1057 2507 κάλλιστον
1100 2455 1417 2526 ἀρχέτυπον
1459 2459 1551 2511 καὶ
1583 2458 1704 2528 βίον
1751 2460 1844 2513 καὶ

232 2536 428 2606 λόγου.

315 2629 675 2699 Οὐδὲ-τοῖς
697 2635 768 2688 ἐν
798 2635 872 2703 τῇ
920 2637 1102 2704 οἰκίᾳ,
1149 2638 1286 2691 Οὐδ’
1317 2639 1664 2695 ἀνάπτουσι
1682 2660 1841 2711 τινες

231 2723 502 2792 ⁸ιῑύχνον,
531 2729 626 2778 καὶ
653 2727 722 2780 τὰ
746 2728 894 2799 ἑξῆς.
951 2729 1156 2783 Λοιπὸν
1186 2727 1279 2784 οὖν
1310 2732 1419 2784 οὐδ’
1455 2735 1589 2800 ἐγὼ,
1624 2735 1839 2804 ἁνάψας

235 2813 393 2882 ὑμᾶς
425 2816 571 2884 φωτὶ
586 2816 947 2885 θεογνωσίας,
981 2820 1247 2891 βούλομαι
1276 2823 1421 2893 ὑμᾶς
1455 2823 1800 2894 κρύπτεσθαι
1823 2843 1835 2856 ’

231 2905 360 2959 ἀλλ’
388 2907 498 2962 ἰδοὺ
527 2909 721 2980 τίθημι
763 2911 910 2980 ὑμᾶς
941 2914 1040 2966 ἐπὶ
1089 2916 1190 2984 τὴν
1242 2916 1490 2984 λυχνίαν,
1554 2917 1701 2986 λέγω
1748 2919 1835 2990 δὴ,

231 2996 336 3049 ἐπὶ
363 2996 456 3049 τὸν
510 2997 715 3070 ὑψηλὸν
754 3003 918 3056 τόπον
950 3005 1048 3071 τῆς
1083 3004 1456 3070 διδασκαλίας,
1492 3006 1633 3060 ὥστε
1668 3012 1836 3079 φωτί-

229 3086 356 3151 ζειν
401 3089 611 3154 πάντας
640 3094 770 3155 τοὺς
801 3095 860 3147 ὲν
888 3097 956 3165 τῇ
989 3097 1314 3169 οἰκουμένῃ.

310 3178 568 3233 Οὔτω-
602 3183 710 3235 τὸν
753 3184 823 3237 ἐν
852 3185 979 3252 τοῖς
1027 3189 1332 3253 οὐρανοῖς.
1379 3190 1688 3261 [Λαμψάτω
1720 3193 1832 3262 (Η)
1868 3231 1909 3287 c

225 3265 333 3326 οὖν
354 3271 547 3336 εἰπὼν,
569 3273 631 3324 οὐ
651 3273 866 3328 κελεύει
881 3275 1190 3346 θεατρίζειν
1210 3279 1307 3349 τὴν
1327 3282 1550 3351 ἀρετὴν,
1583 3283 1700 3335 ἀλλ’
1722 3285 1836 3353 (48)

226 3361 574 3434 ἐργάξεσθαι
631 3365 824 3436 αὐτὴν,
885 3369 1143 3422 εἰωθυῖαν
1178 3371 1270 3439 azp‘
1313 3372 1520 3441 ἑαυτῆς
1574 3373 1835 3444 λάμπειν,

229 3456 334 3507 καὶ
374 3455 578 3527 ἑαυτὴν
599 3457 952 3526 δημοσιεύειν
988 3460 1133 3514 κατὰ
1155 3461 1255 3530 τὴν
1275 3462 1371 3515 τοῦ
1417 3465 1593 3534 μύρου
1625 3465 1835 3539 φύσιν.]

229 3549 342 3603 Διὰ
391 3547 552 3601 τοῦτο
603 3549 659 3603 δὲ
715 3550 825 3619 (49)
879 3551 1149 3621 λαμψάτω
1182 3558 1209 3624 ἡ
1239 3555 1554 3627 καθαρότης
1589 3558 1682 3610 τοῦ
1715 3558 1834 3628 βίου

227 3641 336 3692 καὶ
362 3639 527 3707 λόγου
563 3641 721 3710 ὑμῶν
753 3641 990 3697 ἐνώπιον
1021 3645 1130 3698 τῶν
1157 3647 1486 3716 ἀνθρώπων,
1519 3649 1618 3720 οὐχ
1645 3651 1834 3705 ἕνεκεν

222 3731 785 3802 ἁνθρωπαρεσκείας,
820 3735 936 3788 ἀλλ’
989 3738 1091 3790 ἵνα
1121 3737 1339 3791 ἴδωσιν
1370 3739 1542 3809 ὑμῶν
1575 3742 1648 3795 τὰ
1673 3744 1834 3798 καλὰ

223 3824 401 3893 ἔργα,
430 3826 498 3877 τὰ
521 3827 577 3877 ὲν
609 3828 844 3896 πράξεσι
902 3829 998 3881 καὶ
1047 3830 1228 3897 λόγοις
1253 3872 1268 3896 ,
1325 3833 1421 3884 καὶ
1474 3833 1831 3904 μιμήσωνται

223 3914 431 3970 ταῦτα.
451 3917 573 3970 Ἐτι
591 3917 648 3971 δὲ
678 3921 794 3984 καὶ,
823 3921 923 3974 ἵνα
946 3921 1258 3987 δοξάσωσι
1284 3923 1392 3978 τὸν
1412 3927 1645 3995 Πατέρα
1662 3929 1833 3998 ὑμῶν

223 4007 344 4061 τὸν
373 4009 448 4062 ἐν
496 4011 621 4077 τοῖς
650 4013 954 4080 οὐρανοῖς,
1016 4015 1136 4084 ἦτοι
1175 4017 1270 4069 τὸν
1328 4017 1482 4081 Θεὸν,
1537 4013 1691 4088 ᾧτινι
1741 4019 1830 4074 διὰ

228 4103 484 4164 πίστεως
543 4101 927 4174 υἱοθετήθητε,
959 4107 1065 4159 υἱοὶ
1113 4109 1215 4176 μὲν
1266 4109 1459 4172 αὑτοῦ,
1513 4111 1737 4179 ἀδελφοὶ
1772 4112 1830 4165 δὲ

224 4194 371 4264 ἐμοῦ
394 4196 701 4265 γενόμενοι.
750 4196 1086 4269 ’Υμνήσουσι
1126 4201 1436 4271 γὰραύτὸν,
1467 4202 1542 4267 ὡς
1566 4204 1828 4275 τοιαύτην

221 4283 616 4352 ἐντειλάμενον
663 4285 967 4341 πολιτείαν.
1026 4291 1137 4342 Καὶ
1205 4291 1312 4361 μὴν
1372 4293 1540 4357 αὐτὸς
1617 4295 1828 4366 ταύτην

224 4375 566 4440 ἐνετείλατο,
629 4377 746 4431 ἀλλ’
802 4379 961 4433 εἴωθε
1017 4381 1088 4434 τὰ
1151 4382 1352 4436 ἑαυτοῦ
1418 4386 1828 4457 κατορθώματα

221 4469 304 4538 τῷ
324 4469 507 4539 Πατρὶ
527 4470 793 4534 πολλάκις
810 4472 1148 4539 ἀνατιθέναι,
1163 4476 1239 4539 ὼς
1267 4478 1553 4546 προϊόντες
1586 4479 1824 4551 εὑρήσο-

1964 603 2070 656 lam
2107 607 2452 675 projiciatur,
2485 617 2542 663 et
2575 610 2956 679 conculcetur,
2993 615 3100 674 hoc
3135 630 3241 684 est,
3294 622 3566 694 despicia—

1964 706 2052 749 tur
2078 697 2148 751 ab
2181 697 2521 755 hominibus.

2032 790 2188 846 Vcrs.
2252 793 2338 847 M.
2409 793 2809 850 Vorm—mundi.
2873 798 3136 854 Mundum
3185 817 3378 859 rursus
3428 805 3567 860 dixit

1961 882 2214 938 homines
2280 885 2332 939 in
2401 887 2610 942 mundo
2675 890 3032 948 habitantes:
3095 895 3297 964 quibus
3359 899 3568 955 erroris

1957 975 2191 1046 caligine
2251 978 2581 1044 obscuratis,
2632 979 2760 1046 Vos,
2816 983 3017 1052 inquit,
3073 985 3236 1041 electi
3301 990 3461 1054 estis,
3507 1003 3568 1049 ut

1956 1068 2273 1126 luxeorum
2335 1072 2481 1132 sitis.
2519 1084 2688 1142 utque
2727 1077 2920 1133 oculos
2974 1079 3283 1135 animarum
3315 1082 3567 1152 ipsorum

1955 1161 2078 1215 luce
2114 1163 2381 1218 doctrinm
2427 1181 2491 1219 ac
2532 1166 2778 1222 scientia:
2813 1168 3161 1238 illuminetis,
3203 1183 3260 1228 et
3303 1175 3369 1230 ad
3398 1178 3566 1234 semi-

1955 1259 2037 1306 tas
2070 1261 2248 1308 rectas
2298 1254 2470 1308 dit-iui
2513 1257 2697 1312 cultus
2728 1259 3038 1316 deducatis.
3073 1261 3207 1318 Ideo
3242 1281 3442 1338 nempe
3461 1269 3570 1325 mi-

1953 1345 2241 1398 nisterium
2284 1346 2516 1402 saliendi
2565 1365 2628 1404 ac
2662 1351 3013 1408 illuminandi
3077 1356 3159 1410 eis
3203 1361 3563 1418 commissum

1951 1443 2092 1488 erat.
2148 1435 2396 1491 Primum
2430 1440 2581 1493 enim
2639 1450 2858 1512 Oportet
2890 1459 2921 1498 a
2978 1445 3273 1515 putredine
3315 1449 3567 1518 liberari.

1953 1527 2152 1581 deinde
2200 1529 2430 1584 erudiri.

2029 1620 2182 1677 Vers.
2243 1623 2331 1678 M.
2369 1623 2491 1678 Non
2518 1629 2788 1690 ~posita.
2846 1629 2952 1684 Per
3013 1631 3159 1688 hanc
3210 1647 3566 1705 sequentem-

1951 1728 2057 1782 que
2088 1715 2403 1782 parabolam
2452 1717 2519 1771 ad
2565 1720 2690 1775 vita:
2733 1721 3131 1791 perfectionem
3190 1743 3256 1784 ac
3292 1731 3562 1787 munitio-

1959 1823 2084 1860 nem
2113 1808 2260 1877 ipsos
2309 1810 2521 1865 inducit
2559 1812 2682 1882 (rr),
2745 1825 2802 1869 et
2847 1820 3218 1875 certaminum
3269 1823 3564 1892 praefectos

1962 1915 2082 1954 esse
2111 1902 2290 1970 jubet,
2324 1913 2583 1974 tanquam
2609 1906 2713 1961 sub
2758 1910 3006 1964 omnium
3058 1914 3237 1968 oculis
3284 1915 3337 1969 in
3378 1928 3566 1987 poste-

1961 2009 2082 2046 rum
2113 1996 2422 2063 ponendas.
2456 2007 2510 2052 et
2540 2001 2595 2052 in
2625 2001 2809 2055 medio
2875 2002 3044 2072 hujus
3094 2007 3286 2061 mundi
3346 2011 3562 2068 theatro

1960 2100 2261 2146 certantes.
2321 2092 2440 2147 Non
2471 2105 2660 2161 potest.
2714 2098 2916 2168 inquit,
2947 2101 3139 2156 civitas
3181 2105 3436 2160 abscondi
3465 2124 3561 2163 su-

1957 2199 2050 2249 per
2096 2193 2326 2237 montem
2360 2187 2559 2254 posita.
2615 2188 2805 2259 Neque
2861 2207 2956 2246 vos
3006 2194 3272 2250 occultari
3324 2201 3564 2267 potestis

1959 2273 2012 2326 in
2054 2274 2320 2329 doctrina:
2351 2277 2640 2334 altitudine
2692 2282 2972 2364 collocati.
3013 2283 3308 2356 Reliquum
3343 2299 3430 2346 est
3455 2291 3561 2364 igi-

1959 2373 2068 2427 tur,
2106 2373 2164 2419 ut
2187 2366 2406 2421 solliciti
2437 2368 2581 2434 sitis,
2617 2373 2896 2438 quomodo
2930 2375 3274 2444 gubernetis,
3324 2388 3381 2434 et
3439 2381 3566 2436 aliis

1955 2459 2146 2511 oculos
2179 2458 2231 2510 in
2269 2473 2368 2512 vos
2403 2458 2720 2529 figentibus,
2765 2464 3036 2534 Optimum
3102 2467 3224 2524 sitis
3275 2471 3562 2542 ex‘emplar

1955 2547 2081 2600 vita:
2114 2563 2177 2602 ac
2212 2549 2500 2605 doctrinae.

2028 2638 2185 2693 Vers.
2245 2640 2333 2694 15.
2365 2641 2550 2713 Neque
2575 2647 2753 2715 —qui
2781 2648 2837 2699 in
2893 2649 3052 2704 domo
3094 2662 3239 2706 sunt.
3269 2682 3331 2695 -—
3371 2652 3562 2725 Neque

1951 2733 2189 2785 accendit
2222 2735 2506 2805 quisquam
2545 2736 2840 2804 lucernam,
2882 2751 2990 2797 etc.
3047 2742 3238 2798 Restat
3289 2744 3470 2817 igitur,
3501 2757 3562 2802 ut

1951 2838 2130 2890 neque
2162 2840 2263 2895 ego
2294 2842 2388 2880 vos
2418 2841 2486 2880 eo
2531 2826 2641 2882 fine
2685 2828 2870 2882 divina
2895 2830 3131 2886 scientia
3177 2838 3556 2904 aecenderim,

1951 2923 2007 2966 ut
2038 2915 2438 2970 absconderem
2465 2934 2481 2970 :
2512 2918 2609 2972 sed
2658 2934 2789 2974 ecce
2821 2936 2970 2991 pono
3001 2939 3098 2978 vos
3155 2940 3324 2994 super
3355 2927 3562 2982 cande-

1947 3006 2185 3067 labrum.
2214 3007 2320 3062 hoc
2346 3017 2451 3072 est,
2507 3025 2676 3080 super
2710 3012 2997 3068 excelsum
3050 3016 3316 3071 doctrinae
3348 3018 3554 3086 locum,

1948 3108 2008 3151 ut
2033 3112 2227 3154 omnes
2254 3101 2347 3170 qui
2383 3102 2437 3154 in
2468 3101 2633 3156 domo
2667 3113 2819 3170 sunt,
2855 3104 3211 3163 illuminetis.

2024 3190 2179 3245 Vers.
2213 3190 2298 3245 i6.
2332 3190 2614 3264 Sic—qui
2641 3197 2696 3248 in
2739 3196 2885 3250 coeli;
2937 3205 3036 3251 est.
3075 3198 3282 3254 Lueeat
3321 3216 3457 3258 sane
3474 3203 3558 3258 di-

1946 3297 2101 3346 cens,
2132 3299 2240 3336 non
2270 3283 2428 3352 jubet
2466 3295 2526 3338 ut
2562 3284 2617 3338 in
2652 3289 3029 3356 spectaculum
3059 3289 3236 3346 virtus
3290 3303 3555 3362 ponatur,

1943 3375 2039 3428 sed
2088 3375 2292 3444 utipsa
2322 3391 2492 3444 opere
2544 3380 2917 3448 compleatur,
2967 3395 3090 3449 qua
3122 3397 3221 3451 per
3276 3398 3335 3438 se
3366 3384 3554 3441 lucere

1943 3467 2109 3528 solet,
2157 3481 2220 3519 ac
2252 3467 2491 3536 seipsam
2525 3465 2796 3537 unguenti
2850 3480 3010 3524 more
3039 3472 3332 3541 propalare
3363 3491 3376 3527 :
3427 3474 3554 3531 ideo

1939 3554 2121 3609 luceat
2162 3558 2373 3625 puritas
2409 3558 2535 3612 vitae
2566 3573 2631 3612 ac
2681 3561 2962 3615 sermonis
3009 3565 3179 3618 vestri
3238 3581 3426 3621 coram
3459 3567 3559 3623 ho—

1942 3648 2206 3715 minibus,
2261 3665 2369 3704 non
2434 3651 2506 3705 ob
2569 3651 2819 3706 studium
2905 3652 3228 3710 hominibus
3273 3657 3556 3726 placendi,

1939 3742 2036 3795 sed
2076 3751 2131 3794 ut
2162 3742 2372 3794 videant
2399 3752 2570 3796 vestra
2625 3759 2786 3811 opera
2815 3744 2976 3810 bona,
3024 3762 3147 3816 quae
3199 3750 3462 3818 operibus
3492 3767 3557 3807 ac

1939 3835 2294 3889 sermonibus
2351 3836 2666 3901 imitentur,
2700 3845 2754 3890 et
2806 3849 3071 3904 praeterea
3133 3849 3188 3892 ut
3257 3843 3552 3911 gloriﬁcent

1938 3925 2161 3980 Patrem
2192 3937 2445 3991 oestrum,
2479 3928 2572 3997 qui
2619 3929 2676 3980 in
2718 3929 2861 3982 (telis
2927 3942 3027 3995 est,
3073 3931 3179 3986 hoc
3232 3944 3320 3989 est
3358 3937 3550 4000 Deum.

1940 4033 1969 4072 a
2002 4033 2112 4087 quo
2143 4034 2242 4088 per
2279 4020 2441 4074 fidem
2478 4020 2724 4088 adoptati
2792 4025 2967 4085 estis;
3007 4023 3103 4077 lilii
3151 4025 3374 4094 quidem
3402 4030 3548 4099 ejus.

1947 4106 2149 4159 fratres
2180 4115 2364 4160 autem
2398 4105 2508 4160 mei
2537 4105 2754 4161 etl‘eeti:
2782 4106 3014 4162 laudant
3063 4111 3212 4163 enim
3249 4115 3455 4182 ipsum,
3491 4125 3554 4168 ut

1937 4198 2031 4268 qui
2097 4197 2415 4268 hujusmodi
2473 4198 2721 4267 politiam
2783 4199 3149 4255 ordinaverit.
3194 4202 3316 4273 Ipse
3365 4217 3552 4262 tamen

1935 4289 2202 4345 Christus
2247 4290 2390 4344 hanc
2419 4290 2733 4356 constituit,
2783 4291 2879 4346 sed
2913 4294 3140 4364 propria
3180 4311 3348 4365 opera
3411 4299 3554 4354 solet

1937 4384 2086 4438 Patri
2117 4383 2440 4454 frequenter
2469 4384 2800 4452 attribuere,
2843 4397 2903 4441 ut
2950 4387 3005 4442 in
3038 4392 3403 4459 sequentibus
3447 4401 3553 4451 erit

1937 4473 2233 4528 invenire:
2278 4475 2502 4529 Patrem
2534 4475 2796 4531 videlicet
2844 4478 3147 4546 honorans,
3193 4492 3249 4536 et
3293 4484 3552 4540 similiter

227 4578 358 4631 μεν,
394 4561 576 4630 τιμῶν
617 4561 693 4626 ὡς
734 4564 979 4634 Πατέρα,
1030 4570 1123 4619 καὶ
1166 4570 1287 4639 ἄμα
1319 4570 1606 4640 δεικνύων,
1641 4574 1725 4628 δτι
1767 4577 1826 4629 ἐν

1950 4567 2352 4634 demonstrans,
2390 4569 2540 4639 quod
2590 4585 2761 4625 unum
2794 4568 2907 4625 sint
2960 4571 3104 4628 sicut
3131 4584 3350 4643 natura,
3389 4578 3468 4634 ita
3495 4589 3553 4636 et

223 4657 389 4717 εἰσιν,
423 4652 616 4724 ὥσπερ
637 4660 702 4725 τῇ
741 4656 924 4726 φύσει,
961 4659 1102 4712 οὕτω
1134 4662 1230 4714 καὶ
1263 4662 1344 4733 τῷ
1386 4663 1680 4740 θελήματι.

303 4746 559 4819 [’Υμῶν,
588 4750 700 4821 (50)
735 4753 922 4820 φησὶν,
951 4753 1342 4824 ἐργαζομένων
1379 4759 1448 4809 τὰ
1483 4759 1648 4824 καλὰ,
1681 4763 1827 4832 λαμ-

225 4840 386 4910 ψάτω
417 4843 481 4894 τὸ
502 4842 597 4894 ἀπ’
623 4844 808 4896 αὐτῶν
837 4844 953 4912 φῶς
981 4847 1159 4916 ὑμῶν,
1197 4848 1224 4900 ὃ
1244 4847 1364 4914 καὶ,
1398 4851 1627 4920 μηδενὸς
1651 4853 1822 4924 δημοο

1933 4661 2244 4716 voluntate.

1999 4750 2041 4822 -ι-
2084 4750 2278 4818 Vobis,
2305 4753 2505 4824 inquit,
2541 4754 2686 4810 bona
2734 4772 2902 4827 opera
2937 4755 3296 4825 facientibus,
3369 4761 3550 4816 luceat

1929 4846 1999 4900 ab
2022 4846 2108 4900 cis
2139 4846 2230 4901 lux
2265 4859 2451 4903 vestra
2476 4865 2492 4903 :
2521 4865 2644 4919 qua:
2677 4849 2833 4906 nullo
2872 4851 3040 4906 etiam
3075 4852 3420 4923 publicante,
3449 4870 3551 4926 per

225 4931 530 4996 σιεύοντος,
555 4935 746 4987 εἴωθεν
771 4936 904 4989 αὐτὸ
935 4939 1098 4991 ἑαυτὸ
1127 4938 1486 5011 θριαμϐεύειν
1511 4945 1828 4998 ἀποπαλλόο

1950 4941 2170 5011 ιεὶρεδω
2230 4941 2577 5014 triumphare
2629 4945 2771 5000 solet
2803 4943 2929 5018 (es),
2981 4963 3013 5002 a
3064 4946 3231 5003 bonis
3280 4947 3548 5018 operibus

227 5044 397 5097 μενον
434 5029 545 5081 τῶν
571 5030 800 5104 καλῶν]

295 5121 400 5190 Μὴ
435 5153 508 5162 -
535 5123 880 5193 πληρῶσαι.
924 5126 1149 5201 Ἐπειδὴ
1185 5128 1415 5200 μείζονα
1440 5130 1552 5184 τῶν
1576 5131 1830 5186 παλαιῶν

1935 5033 2253 5105 prosiliens.

2015 5128 2174 5186 Vers.
2221 5131 2313 5187 Π.
2368 5131 2639 5188 Ne-ad
2693 5133 3092 5208 complendum.
3153 5132 3296 5202 Quia
3337 5134 3551 5206 majora

1428 5315 1634 5378 Voritn
1677 5315 1990 5382 lectiones
2022 5322 2086 5381 et
2116 5323 2311 5381 notat.

301 5479 414 5555 (47)
447 5479 662 5555 Inclusa
697 5481 751 5535 in
783 5498 954 5555 marg.
983 5485 1149 5543 habet
1176 5486 1243 5542 A.

301 5553 414 5623 (48)
462 5551 604 5604 Ἀλλ’
634 5551 968 5622 ἐργάζεσθαι
1008 5559 1202 5629 αὐτήν,
1239 5559 1438 5614 absunt
1466 5558 1532 5614 A.

304 5711 404 5780 (Π)
438 5710 624 5783 Malim
655 5719 726 5765 ad
773 5713 937 5767 citam
973 5722 1128 5768 caute
1172 5730 1261 5767 seu
1297 5719 1586 5783 prudenter
1617 5735 1682 5772 ac
1715 5729 1830 5774 tuto

227 5783 516 5854 agendam.
569 5782 932 5850 Ἐναγωνίους
980 5795 1164 5840 autem
1222 5782 1589 5858 reddiderim,
1639 5793 1826 5861 fortes,

551 5881 825 5940 Parnm.
867 5880 984 5940 Gn.
1025 5881 1284 5942 CXXIX.

2011 5490 2127 5564 (ιο)
2154 5492 2233 5557 δὲ,
2265 5491 2470 5548 omittit
2496 5492 2564 5548 Α.

2011 5510 2127 5634 μυς
2154 5510 2233 5557 οε,
2265 5510 2470 5548 οωιιιιι
2496 5510 2564 5548 Α.
3162 5565 3175 5576 ⁸
3431 5565 3445 5578 .

2008 5564 2102 5630 (50
2167 5564 2381 5620 Inclusa
2421 5564 2609 5621 Codex
2663 5571 2898 5636 uterque
2937 5563 3109 5622 habet
3160 5581 3217 5621 in
3271 5580 3544 5637 margine.

1943 5731 2347 5862 ωῗέέῗιίξξῒ-
2375 5796 2609 5853 solet.Se
2643 5796 2819 5869 ipsam
2854 5796 3158 5861 illustrare,
3205 5795 3542 5865 patefacere.

3163 5892 3194 5952 7
