4042 6400
155 413 242 475 209
1036 403 1432 466 COMMENT.
1472 399 1551 460 ΙΝ
1595 395 2070 460 MATTH/EUM.
2111 420 2175 430 -
2219 395 2378 454 CAP.
2415 395 2481 452 V.

3287 389 3408 451 219'

146 521 210 578 ὅτι
235 525 352 587 Θεός
381 524 531 586 ἔστη
563 524 710 577 Διότι
752 520 1007 588 θορυϐεῖν
1068 520 1263 589 ἔμελλε
1309 521 1435 580 τοὺς
1491 519 1696 586 ἀκροα-

1806 511 1891 564 nia
1967 510 2071 563 tale
2129 507 2407 578 quippiam
2484 503 2628 575 loqui
2692 504 2994 558 tentasset?
3052 502 3160 556 Cur
3210 512 3394 557 autem

144 615 241 678 τὰς.
260 615 318 667 Ei
347 618 450 686 γὰρ
479 617 530 668 οἱ
559 615 824 684 μαθηταὶ,
846 614 1096 674 συνόντες
1125 610 1297 680 αὐτῷ,
1331 612 1424 663 καὶ
1458 608 1702 661 καθεκεὶ-

149 726 254 776 mp
272 707 664 774 διδασκόμενοι,
707 709 802 760 καὶ
825 706 1351 776 θαυματουργοῦντα
1387 703 1702 773 βλέποντες,

151 800 225 850 καὶ
247 797 345 850 τῶν
379 799 712 866 ἀπορρήτων
746 797 1155 859 κοινωνοῦντες,
1186 796 1282 848 καὶ
1307 794 1540 862 δύναμιν
1573 792 1703 859 παρ’

155 888 294 941 αὑτοῦ
345 889 613 956 τοσαύτην
658 888 951 952 λαϐόντες,
998 887 1075 948 ὡς
1137 887 1232 939 καὶ⁸
1291 902 1522 954 νεκρους
1585 883 1700 949 (57)

151 979 362 1046 ἁνμστᾷν.
419 979 518 1029 ούκ
580 977 846 1046 ἠδύναντο
885 978 1064 1030 πάντα
1125 975 1420 1046 βαστάζειν
1468 975 1704 1046 πρὸτῆς

152 1070 410 1137 ἐπιδημίας
439 1069 530 1121 τοῦ
560 1069 716 1132 ἁγίου
747 1068 1101 1138 Πνερύματος⁸
1137 1068 1253 1130 πῶς
1302 1068 1474 1136 δῆμος
1513 1065 1704 1118 ἀσύνε-

151 1180 240 1223 τος,
271 1162 354 1212 καὶ
381 1163 651 1229 τοσαύτης
685 1162 890 1230 ἀρετῆς
933 1159 1478 1228 ἁπολιμπανόμενος,
1507 1157 1699 1226 ἔμελλε

157 1255 214 1322 μὴ
264 1253 615 1323 ταραχθῆναι,
681 1257 775 1305 καὶ
816 1254 894 1323 μὴ
945 1253 1183 1323 μάλιστα
1240 1251 1460 1322 νομίσαι
1512 1251 1702 1304 τοῦτον

152 1344 364 1397 ἀντίθεον
395 1386 408 1409 ,
461 1347 554 1398 καὶ
601 1347 702 1415 τὴν
760 1345 853 1398 τοῦ
902 1344 1042 1398 Θεοῦ
1099 1345 1266 1414 τιμὴν
1321 1342 1699 1410 ἀναισχύντως

152 1434 570 1503 σοετεοιζόμενον
594 1452 610 1500 ς
666 1436 766 1486 Διὰ
790 1433 951 1486 τοῦτο
985 1433 1166 1500 σοφῶς
1193 1433 1307 1502 (58)
1335 1450 1396 1484 τε
1426 1434 1520 1485 καὶ
1549 1433 1696 1484 οίκο⁹

151 1523 376 1593 νομικῶς,
411 1527 540 1578 ποτὲ
592 1526 716 1594 μὲν,
748 1526 1082 1596 θεοπρεπεῖς
1109 1524 1484 1595 ἐργαζόμενος
1516 1541 1698 1592 παρα-

149 1613 437 1678 δοξοποιίας,
467 1615 674 1677 ταύτας
708 1617 904 1686 ἀφίησι
935 1616 1252 1686 κηρύττειν,
1285 1616 1367 1669 ὅτι
1396 1615 1528 1678 Θεός
1549 1617 1665 1666 ἐστι
1686 1633 1697 1644 θ

147 1706 256 1756 ποτὲ
303 1706 374 1768 δὲ,
407 1709 730 1777 παρακιρνᾷ
787 1708 882 1759 καὶ
929 1708 1155 1776 ῥήματα
1191 1709 1305 1770 τοῖς
1362 1706 1566 1774 λόγοις,
1599 1708 1699 1773 ὲμο

151 1796 355 1862 φαντικὰ
403 1795 503 1863 τῆς
562 1796 732 1848 αὑτοῦ
784 1797 1071 1867 θεότητος·
1116 1799 1180 1850 ἐκ
1207 1795 1303 1848 τοῦ
1332 1796 1570 1865 φανεροῦ
1615 1796 1695 1859 δὲ,

150 1886 231 1937 καὶ
261 1885 326 1949 ὡς
355 1888 442 1939 ἐπὶ
458 1887 518 1939 τὸ
549 1888 824 1954 πλεῖστον,
859 1889 1094 1942 ταπεινᾶ
1125 1889 1256 1957 περὶ
1289 1887 1487 1941 ἑαυτοῦ
1523 1887 1698 1956 φθέγ-

149 1997 302 2046 γεται,
331 1980 408 2034 διὰ
446 1981 546 2050 τὴν
580 1980 868 2034 ἀσθένειαν
895 1981 1005 2033 τῶν
1039 1980 1351 2050 ἀκροατῶν.
1401 1979 1699 2047 Ἐγίνωσκε

148 2072 264 2140 γὰρ,
286 2073 358 2123 ὅτι
381 2073 446 2124 τὰ
483 2071 624 2140 ἔργα
663 2071 854 2124 τοῦτον
912 2072 1027 2140 (59)
1060 2070 1504 2141 φανερώσουσιν,
1537 2070 1573 2125 ἃ.
1604 2071 1700 2124 ού-

151 2162 250 2224 δεὶς
295 2164 441 2228 ἄλλος
507 2164 786 2236 ἐποίησεν.
854 2163 1205 2228 ’Δλαζονικδν
1281 2165 1412 2235 γὰρ,
1461 2164 1521 2217 τὸ
1569 2164 1701 2233 περὶ

150 2253 320 2307 ἑαυτοῦ
343 2271 454 2308 τινα
480 2254 696 2325 μεγάλα
730 2254 937 2323 λέγειν,
967 2256 1062 2310 καὶ
1086 2255 1352 2310 ὕποπτον.

215 2542 341 2596 Ἀλλ’
368 2544 456 2596 ἐπὶ
481 2543 543 2596 τὸ
574 2542 690 2614 (60)
728 2545 1094 2614 προκείμενον
1125 2545 1538 2612 ἐπανελθόντες,
1572 2545 1703 2600 θεα-

146 2631 374 2704 σώμεθα,
411 2635 527 2699 πῶς
556 2636 620 2688 οὐ
654 2635 917 2690 καταλύει
950 2637 1043 2690 τὸν
1074 2637 1272 2708 νόμον,
1314 2638 1447 2693 ἀλλὰ
1490 2638 1691 2699 μᾶλλον

146 2730 434 2797 ἀναπληροῖ,
455 2730 530 2792 ὡς
544 2729 779 2794 ἐλλιπῶς
799 2730 1018 2801 ἔχοντα.
1043 2733 1182 2801 Φησὶ
1213 2733 1344 2803 γὰρ,
1369 2733 1450 2786 ὅτι
1469 2733 1700 2803 Ἐλέχθη

147 2818 283 2885 παρὰ
307 2818 393 2871 τοῦ
428 2820 723 2890 νομοθέτου
756 2824 894 2891 πρὸς
927 2825 1055 2887 τοὺς
1087 2826 1350 2897 ἀρχαίους
1389 2825 1699 2894 Ἐϐραίους,

144 2910 215 2960 ὅτι
255 2909 322 2963 οὐ
363 2910 641 2978 φονεύσεις
688 2914 984 2981 ὁμόφυλον,
1018 2907 1064 2966 ὧ
1110 2914 1368 2984 ἄνθρωπε
1396 2932 1410 2947 ·
1449 2917 1506 2979 ὃς
1544 2916 1590 2967 δ’
1632 2917 1699 2969 ἂν

144 2997 385 3068 φονεύσῃ,
438 3001 746 3065 ὑπεύθυνος
795 3003 945 3055 ἔσται
995 3006 1061 3073 τῇ
1117 3007 1469 3076 κατακρίσει,
1514 3008 1594 3068 εἰς
1640 3006 1702 3058 τὸ

143 3085 302 3140 δοῦναι
334 3087 483 3159 δίκην
521 3091 681 3154 ἀξίαν
719 3091 813 3145 τοῦ
850 3094 1012 3162 φόνου
1038 3110 1053 3125 ⁶
1087 3093 1201 3163 ἐγὼ
1250 3094 1327 3147 δὲ.
1349 3096 1494 3163 λέγω
1531 3096 1697 3165 ὑμῖν,

1730 1860 1772 1913 Β
1803 1807 1926 1878 (zz)-

1813 602 2100 656 manil’este
2154 615 2262 654 non
2304 599 2440 652 dixit
2480 613 2538 652 se
2575 597 2742 649 Deum
2790 595 2956 650 esse?
2995 595 3131 660 Quia
3173 609 3236 648 ex
3294 594 3398 647 hoc

1813 692 2068 748 turbandi
2095 700 2255 744 erant
2295 689 2597 744 auditores.
2643 687 2697 743 Si
2732 687 2878 741 enim
2922 686 3175 755 discipuli
3215 685 3392 754 ipsum

1809 795 2222 860 cognoscentes,
2266 793 2322 837 et
2367 783 2434 836 ab
2479 797 2544 836 eo
2595 780 2840 850 quotidie
2888 778 3089 843 edocti,
3143 778 3395 832 videntes

1805 895 2024 951 quoque
2052 877 2320 933 mirabilia
2350 882 2693 946 operantem,
2727 888 2791 928 ac
2820 875 2985 926 rebus
3022 870 3395 925 ineli‘abilihus

1804 971 2296 1034 communicantes,
2335 977 2481 1023 tanta
2514 965 2679 1020 etiam
2712 965 2780 1020 ab
2807 979 2873 1018 eo
2908 972 3134 1033 accepta
3169 963 3390 1023 virtute.

1807 1072 1984 1119 utet
2045 1072 2292 1117 mortuos
2358 1059 2728 1122 suscitarent,
2791 1072 3134 1128 nequaquam
3210 1064 3392 1109 tamen

1805 1159 2124 1228 priusquam
2157 1155 2394 1224 Spiritus
2427 1161 2654 1207 sanctus
2684 1152 2997 1213 adveniret,
3032 1148 3211 1202 omnia
3251 1147 3396 1201 ferre

1804 1258 2058 1322 poterant
2088 1266 2100 1300 :
2131 1247 2405 1318 quomodo
2428 1246 2662 1316 populus
2683 1244 2968 1313 insipiens.
3001 1252 3273 1310 tantmque
3296 1258 3395 1292 cx—

1806 1360 1930 1416 pers
1961 1343 2213 1413 virtutis,
2248 1349 2462 1412 poterat
2499 1355 2606 1393 non
2648 1339 2892 1402 turbari,
2930 1345 3024 1390 aut
3057 1351 3166 1389 non
3206 1345 3397 1403 putare

1807 1439 1985 1507 ipsum
2011 1436 2183 1506 magis
2203 1449 2325 1489 esse
2350 1433 2458 1487 Deo
2482 1431 2842 1494 contrarium,
2869 1431 3097 1501 ejusque
3129 1428 3392 1482 honorem

1804 1531 1908 1585 sibi
1976 1529 2324 1599 impudenter
2391 1527 2716 1582 vindicare?
2785 1525 2912 1580 Ideo
2986 1525 3266 1594 sapienter
3330 1537 3394 1575 ac

1800 1621 2202 1691 dispensatorio
2258 1621 2453 1684 modo,
2504 1620 2833 1689 quandoque
2884 1617 2996 1672 Deo
3042 1618 3291 1685 pmprias
3341 1626 3399 1670 et

1799 1715 2151 1769 admirabiles
2220 1714 2466 1768 actiones
2526 1719 2824 1782 cperatur,
2886 1702 3080 1780 hisque
3138 1709 3395 1778 relinquit

1986 1816 2048 1860 ut
2101 1820 2162 1860 se
2223 1805 2392 1859 Deum
2461 1819 2583 1859 esse
2649 1802 2948 1873 praedicent
3002 1821 3014 1856 :
3064 1799 3396 1872 quandoque

1804 1915 1933 1953 vero
1965 1898 2229 1953 doctrinae
2256 1911 2372 1952 sua:
2401 1899 2565 1951 verba
2599 1896 2883 1958 admiscet,
2917 1910 3037 1965 quae
3065 1908 3220 1948 suam
3250 1893 3395 1947 indi-

1803 2000 1930 2044 cent
1966 1989 2335 2044 divinitatem.
2372 1986 2660 2042 Manifeste
2691 1995 2874 2041 autem
2902 1996 2957 2041 et
3003 1995 3059 2040 ut
3100 1986 3394 2055 plurimum

1804 2081 2032 2136 humilia
2067 2081 2136 2136 de
2166 2079 2348 2150 seipse
2381 2080 2655 2150 loquitur,
2693 2087 2916 2150 prepter
2944 2079 3258 2132 auditorum
3292 2076 3396 2131 im-

1801 2174 2199 2238 becillitatem;
2250 2171 2460 2227 sciebat
2486 2171 2652 2238 [enim
2702 2169 2848 2240 quod
2898 2168 3246 2239 postmodum
3296 2184 3394 2224 sua

1801 2266 1980 2336 ipsum
2012 2265 2429 2320 manifestarent
2464 2277 2629 2334 opera
2651 2304 2665 2330 ,
2698 2262 2882 2333 qualia
2914 2261 3099 2314 nullus
3136 2260 3278 2314 alius
3318 2259 3397 2314 fc-

1802 2345 1970 2412 cerat.
2019 2356 2348 2424 Arrogantis
2383 2356 2528 2410 enim
2560 2364 2685 2418 est,
2722 2369 2824 2409 nec
2859 2354 3175 2424 suspicione
3202 2360 3392 2408 caret.

1803 2463 2002 2520 magna
2032 2450 2282 2517 quadam
2315 2447 2383 2503 de
2413 2447 2595 2517 seipse
2625 2446 2835 2501 dicere.

1875 2541 1983 2596 Sed
2009 2541 2076 2595 ad
2098 2538 2438 2611 prepositum
2464 2538 2779 2600 redeuntes,
2808 2535 3093 2591 videamus
3116 2532 3395 2604 quomodo

1802 2637 1976 2708 legem
2021 2647 2132 2691 non
2178 2635 2375 2697 solvat,
2435 2631 2532 2688 sed
2578 2630 2854 2700 compleat
2899 2628 3082 2699 potius
3134 2636 3392 2696 tauquam

1803 2709 2316 2797 imperfectam.iAit
2335 2723 2481 2780 enim
2516 2741 2529 2776 :
2555 2723 2771 2776 Dictum
2798 2728 2885 2776 est
2912 2735 2942 2773 a
2968 2718 3282 2788 legislatore
3304 2733 3397 2770 ve-

1803 2820 2014 2875 teribus
2062 2818 2308 2873 Hebraeis
2357 2833 2370 2871 :
2412 2815 2531 2872 Non
2581 2814 2824 2875 occides,
2864 2827 2897 2866 ο
2928 2811 3114 2874 homo,
3158 2810 3394 2863 alterunt

1803 2911 1882 2966 tui
1911 2911 2150 2982 generis.
2181 2908 2510 2977 Quicunque
2540 2914 2725 2960 autem
2777 2902 3074 2968 occideritj.
3119 2899 3395 2955 obnoxius

1803 3003 1910 3057 erit
1945 2999 2414 3063 condemnationi,
2450 3008 2510 3052 ut
2545 3011 2761 3066 poenam
2803 2994 2936 3049 caadi
2970 2994 3392 3047 convenientem

1804 3094 1939 3147 luat.
1976 3092 2086 3162 Ego
2113 3102 2296 3146 autem
2321 3091 2444 3145 dico
2475 3088 2652 3151 vobis,
2687 3086 2833 3156 quod
2865 3085 3047 3138 omnis
3076 3085 3169 3152 qui
3201 3083 3393 3138 irasci-

143 3177 213 3229 ὅτι
257 3180 351 3243 πᾶς
397 3184 424 3233 ὁ
473 3183 830 3252 ὀργιζόμενος
880 3185 958 3256 τῷ
1006 3186 1219 3256 ἀδελφῷ
1270 3186 1437 3240 αὑτοῦ
1494 3187 1693 3256 μάτην,

1807 3196 1894 3239 tur
1942 3184 2097 3238 fratri
2172 3199 2273 3239 suo
2333 3184 2634 3244 incassum,
2687 3193 2789 3231 nec
2858 3193 3105 3243 congruo
3147 3186 3395 3245 tempore

143 3271 358 3343 ἀκαίρως
384 3272 578 3343 (ταῦτα
605 3277 714 3345 γὰρ
745 3276 896 3343 δηλοῖ
922 3278 982 3330 τὸ
1008 3277 1193 3346 εικῆ),
1226 3279 1411 3349 ἔνοχος
1442 3279 1594 3333 ἔσται
1624 3283 1690 3350 τῇ
1723 3275 1726 3279 ι

145 3365 457 3433 κατικρίτει.
488 3366 754 3435 Προσθεὶς
778 3367 835 3421 δὲ
867 3368 927 3420 τὸ
947 3369 1104 3436 εικῆ,
1140 3371 1242 3424 ούκ
1275 3372 1451 3424 ἀνεῖλε
1482 3375 1692 3425 παντά-

146 3469 261 3503 πασι
295 3456 385 3515 τὴν
421 3457 615 3528 ὀργὴν,
654 3458 790 3511 ἀλλὰ
827 3461 999 3532 μόνην
1028 3462 1125 3533 τὴν
1153 3463 1383 3534 ἄκαιρον
1415 3463 1692 3531 ἐξέϐαλεν.

153 3544 208 3596 Ἠ
230 3548 324 3618 γὰρ
346 3547 620 3619 εὔκαιρος,
644 3551 943 3620 ὠφέλιμος.
981 3555 1136 3608 Ἐστι
1163 3555 1218 3608 δὲ
1246 3555 1506 3627 εὔκαιρος
1555 3557 1696 3627 ὀργὴ

146 3639 172 3703 ἡ
203 3641 442 3709 γινομένη
479 3642 624 3694 κατὰ
669 3644 779 3696 τῶν
814 3646 1250 3716 πολιτευομένων
1299 3648 1556 3711 ἐναντίως
1589 3649 1697 3704 τῶν

145 3725 350 3778 ἐντολῶν
372 3728 463 3780 τοῦ
486 3729 648 3796 Θεοῦ,
678 3731 806 3786 ὅταν
837 3733 911 3804 μὴ
941 3735 1076 3804 πρὸς
1097 3736 1376 3806 ἐκδίκησιν
1399 3739 1697 3807 ἡμετέραν,

145 3815 263 3907 ἀλλά
287 3821 414 3890 πρὸς
442 3821 713 3890 ὠφέλειαν
740 3826 849 3876 τῶν
877 3828 1064 3889 κακῶς
1101 3825 1366 3895 βιούντων
1391 3829 1450 3893 ἐξ
1477 3830 1700 3900 ἀγάπης

147 3911 226 3962 καὶ
248 3913 587 3983 φιλαδελφίας
613 3917 988 3987 ὀργιζὼμεθα,
1026 3919 1166 3987 μετὰ
1188 3921 1285 3989 τῆς
1313 3923 1701 3992 προσηκούσης

146 4002 554 4078 εὐσχημοσύνης.
575 4009 908 4077 Ὀρτιζεσθε
938 4013 1071 4082 γὰρ,
1100 4016 1255 4082 φησὶ.
1287 4013 1383 4065 καὶ
1409 4015 1495 4080 μὴ
1518 4014 1704 4082 alia!"

147 4096 348 4163 τάγετε,
377 4102 646 4165 τουτέστι,
669 4103 759 4172 Μὴ
789 4103 899 4171 (Gl)
931 4105 989 4154 ὲν
1015 4103 1093 4173 τῷ
1119 4103 1434 4172 ὀργίζεσθαι
1455 4105 1700 4169 maia-rs,

147 4190 312 4253 κακῶς
340 4194 610 4265 χρώμενοι
639 4200 706 4267 τῇ
740 4197 902 4268 ὀργῇ.
947 4199 1240 4267 Ἀδελφοῦς
1272 4200 1324 4252 δὲ
1360 4201 1507 4269 ἡμᾶς
1538 4200 1705 4269 ἀλλή-

147 4281 240 4335 λων
274 4286 547 4352 ἐκάλεσεν,
589 4289 664 4351 ὡς
700 4291 791 4342 τὸν
829 4290 994 4343 αὑτὸν
1029 4289 1254 4360 ἔχοντας
1288 4291 1443 4352 Θεὸν.
1485 4296 1577 4346 καὶ
1610 4293 1704 4346 τὶν

145 4378 288 4432 αὑτὸν
337 4384 676 4453 προπάτορα,
737 4386 831 4438 καὶ
879 4387 977 4453 τὴν
1025 4386 1192 4456 αὐτὴν
1241 4387 1426 4455 φύσιν,
1462 4390 1556 4440 καὶ
1604 4389 1703 4457 τὴν

143 4468 294 4539 αὐτὴν
317 4473 516 4537 πίστιν,
553 4477 648 4526 καὶ
675 4475 772 4536 τὰς
804 4476 972 4538 αὐτὰς
1005 4478 1249 4542 ἐντολὰς,
1289 4478 1384 4530 καὶ
1409 4482 1505 4542 τὰς
1533 4481 1704 4541 αὑτὰς

1799 3277 1940 3345 (lucc
1966 3276 2113 3329 enim
2138 3273 2344 3326 indicat
2365 3270 2532 3326 dictio
2561 3269 2706 3339 εἰκῆ,
2726 3282 2890 3338 quam
2924 3283 3024 3321 nos
3053 3276 3249 3320 temere
3278 3280 3394 3320 ver-

1797 3367 1983 3434 timus)
2042 3365 2312 3420 obnoxius
2365 3363 2470 3417 erit
2516 3359 2988 3416 comlemnatioui.
3027 3359 3249 3413 Addens
3295 3373 3394 3410 au-

1801 3466 1907 3512 tem
1941 3467 2169 3520 temere,
2224 3472 2336 3510 non
2365 3453 2736 3510 omnimodam
2797 3451 3026 3506 abstulit
3080 3451 3242 3514 iram,
3300 3449 3395 3505 sed

1801 3549 2239 3617 intempestivam
2305 3554 2518 3600 tantum
2576 3543 2780 3612 abiecit
2835 3558 2851 3600 :
2905 3556 3026 3611 qua)
3079 3541 3228 3594 enim
3291 3555 3394 3610 op-

1803 3651 2032 3710 portuna
2060 3649 2164 3701 est,
2196 3638 2341 3692 utilis
2367 3646 2470 3691 est.
2513 3636 2721 3689 Dicitur
2753 3642 2937 3688 autem
2975 3633 3053 3686 ira
3082 3641 3393 3703 Opportuna

1802 3749 1921 3801 qua:
1959 3731 2191 3784 sumitur
2215 3729 2476 3784 adversus
2517 3742 2612 3781 eos
2640 3727 2729 3796 qui
2754 3735 2947 3780 contra
2995 3724 3087 3778 Dei
3118 3734 3395 3794 praecepta

1802 3831 1997 3877 vivunt
2055 3840 2068 3876 :
2126 3823 2345 3891 quando
2396 3835 2506 3873 non
2565 3820 2630 3873 ad
2679 3819 3069 3873 vindicandum
3124 3834 3243 3883 nos,
3301 3820 3396 3873 sed

1802 3917 1866 3971 ad
1901 3916 2187 3970 utilitatem
2214 3929 2402 3968 eorum
2432 3912 2522 3981 qui
2549 3911 2685 3965 male
2729 3911 2940 3975 vivunt,
2988 3926 3054 3965 ex
3102 3911 3397 3965 dilectione

1805 4019 1860 4064 et
1911 4024 2096 4062 amore
2129 4008 2372 4060 fraterno
2407 4005 2717 4067 irascimur,
2758 4019 2882 4058 cum
2937 4019 3179 4074 congrua
3222 4005 3395 4059 Iume-

1803 4112 1966 4159 state.
2028 4100 2330 4155 Irascimiui
2361 4099 2530 4158 enim,
2563 4097 2758 4166 inquit,
2791 4105 2840 4150 et
2883 4097 3046 4149 nolite
3080 4113 3298 4165 peccare
3323 4099 3394 4161 ³⁸,

1807 4197 1910 4249 hoc
1940 4203 2042 4255 est,
2076 4190 2155 4246 Ne
2188 4193 2242 4245 in
2297 4189 2584 4244 irascendo
2635 4187 2852 4253 erretis,
2916 4188 2994 4241 ira
3058 4190 3198 4242 male
3239 4197 3395 4242 uten-

1809 4297 1916 4342 tes.
1960 4286 2069 4340 Nos
2099 4298 2317 4353 quoque
2349 4282 2542 4336 fratres
2585 4282 2729 4334 inter
2758 4296 2859 4334 nos
2889 4281 3124 4335 invicem
3158 4281 3394 4345 vocavit,

1810 4389 1998 4450 utpote
2037 4376 2290 4432 eumdem
2333 4375 2596 4428 habentes
2640 4373 2840 4436 Deum,
2881 4374 3248 4441 eumdemque
3284 4371 3397 4440 pri-

1809 4488 1958 4526 mum
2021 4478 2325 4539 parentem,
2360 4466 2610 4520 eamdem
2674 4474 2963 4526 naturam,
3026 4473 3083 4517 et
3147 4463 3396 4516 eamdem

145 4536 451 4627 inﬁdis;
484 4536 592 4616 τῶν
625 4565 877 4618 ἐπάθλων
913 4536 1048 4636 (lii).
1087 4536 1248 4630 Εἶδες⁷
1279 4570 1330 4621 τί
1371 4536 1698 4639 προσέταξέ

1810 4566 1969 4619 (idem
1993 4536 2241 4628 ,veadem
2277 4569 2544 4630 praecepta
2567 4599 2581 4619 ,
2621 4565 2674 4611 et
2705 4557 2894 4612 eadem
2937 4555 3203 4624 promissa
3256 4571 3395 4623 prae-

145 4649 235 4702 Τοῦ
272 4655 428 4721 φόνου
478 4658 579 4727 τὴν
622 4659 780 4724 ῥίζαν
824 4659 1104 4728 ἐξέκοψεν.
1167 4662 1226 4713 Ὀ
1274 4661 1382 4730 γὰρ
1428 4663 1504 4731 μὴ
1534 4661 1704 4724 οὕτως

146 4741 494 4815 ὀργιζόμενος,
520 4747 620 4816 οὐχ
646 4749 764 4818 ἡξει
792 4749 923 4801 ποτὲ
951 4751 1086 4820 πρὸς
1113 4752 1293 4819 φόνον,
1323 4749 1513 4822 ὥσπερ
1539 4752 1645 4804 οὐδ’
1679 4754 1706 4805 ὁ

147 4830 282 4897 ῥίζαν
309 4836 615 4904 ἐκκόπτων,
649 4841 804 4893 ἐάσει
835 4839 1030 4894 κλάδον
1061 4841 1225 4909 φῦναί
1264 4859 1420 4896 ποτε.

239 5154 441 5214 “‘Psal.
474 5173 551 5227 tv,
583 5159 670 5216 15.

1809 4659 2061 4712 miorum.
2100 4652 2231 4708 Vide
2257 4663 2434 4710 autem
2462 4651 2593 4720 quid
2641 4650 2930 4705 addiderit.
2962 4649 3218 4702 lladicem
3264 4665 3396 4702 sane

1809 4748 1969 4803 caedis
1997 4745 2186 4800 incidit
2213 4762 2227 4798 :
2259 4744 2349 4812 qui
2383 4743 2528 4796 enim
2556 4743 2626 4796 ita
2660 4757 2767 4795 non
2803 4740 3081 4802 irascitur,
3114 4757 3394 4809 nunquam

1811 4840 1877 4894 ad
1913 4838 2113 4894 caedem
2164 4837 2448 4906 perveniet
2507 4851 2519 4888 :
2568 4835 2709 4888 sicut
2743 4849 2919 4902 neque
2954 4831 2997 4885 is
3029 4833 3118 4902 qui
3160 4833 3395 4885 radicem

1813 4941 2078 5004 amputat,
2115 4942 2328 4984 ramum
2366 4943 2602 4994 unquam
2637 4927 2946 4997 germinare
2979 4927 3142 4980 siuet.

1319 5254 1518 5316 Variaa
1549 5253 1857 5318 lectiones
1888 5259 1949 5316 et
1981 5259 2173 5316 notae.

213 5413 310 5483 (57)
341 5416 673 5472 Referuntur
700 5417 820 5472 haec
846 5416 912 5473 ad
937 5417 1126 5474 Matth.
1164 5434 1219 5484 x,
1249 5419 1302 5484 8,
1335 5419 1426 5474 ubi
1455 5421 1701 5475 nonnulli

341 5487 572 5573 νεκρούς
603 5488 870 5573 ἐγείρετε.
909 5488 1016 5544 Sed
1048 5490 1165 5573 ista‘
1185 5480 1346 5570 lectio
1377 5491 1592 5547 invecta
1618 5499 1704 5548 cst

156 5559 591 5630 aClirysostonio,
614 5560 699 5614 vel
724 5559 852 5614 ante
880 5575 1005 5615 eum
1033 5561 1100 5615 ab
1124 5560 1377 5630 Origene.

341 5627 549 5700 σαφῶς.
583 5629 644 5683 Β.

1885 5420 1996 5488 (59)
2039 5420 2204 5474 αὐτόν
2244 5418 2450 5483 malim,
2485 5415 2565 5472 uti
2597 5413 2904 5472 Henteuius
2933 5414 3148 5472 videtur
3169 5415 3391 5487 legisse.

1906 5492 1996 5561 60)
2027 5493 2118 5544 ἐπὶ
2141 5491 2198 5543 δὲ
2227 5489 2402 5561 τό.Α.

1905 5557 1994 5626 61)
2032 5564 2126 5630 μή,
2159 5560 2361 5614 omittit
2400 5557 2462 5614 C.

1891 5629 2003 5703 (62)
2033 5629 2230 5686 ἄθλων.
2268 5629 2328 5683 Β.

215 5782 306 5855 (zz)
337 5786 543 5857 Easque
582 5785 854 5855 relinquit.
920 5785 1122 5858 llisquc
1168 5787 1444 5858 relinquit,
1509 5786 1703 5857 hisque
1735 5786 1987 5844 concedit
2028 5794 2083 5842 et
2107 5783 2396 5856 permittit.
