4042 6404
587 377 692 439 215

1813 373 2196 436 EU'l'HYMII
2230 372 2591 433 ZIGABENI

3725 371 3829 436 216

584 491 854 554 praecepto
906 486 1136 549 addens,
1193 494 1407 547 temere,
1465 484 1719 539 distinxit
1774 486 1907 538 iram
1950 503 2153 556 oppor-

2275 487 2359 556 τὴν
2399 484 2657 554 εὔκαιρον
2696 483 2867 555 ὀργὴν
2897 484 3004 538 ἀπὸ
3036 485 3133 554 τῆς
3169 482 3431 553 ἀκαίρου⁸
3465 484 3613 537 οὕτω
3644 482 3707 550 δὴ
3738 483 3832 535 καὶ

583 585 770 629 tunam
802 576 870 630 ab
895 575 1308 643 intempestiva;
1341 574 1413 626 ita
1446 583 1500 626 et
1546 574 1600 626 in
1634 575 1887 642 praesenti
1922 576 2152 641 addens,

583 668 655 718 ait
687 666 1176 734 concupiscendum,
1203 664 1449 718 distinxit
1477 673 1758 731 aspectum
1786 664 1903 717 sine
1935 666 2152 731 affectu,

583 756 652 809 ab
686 772 753 810 eo
782 757 873 824 qui
903 755 1032 808 vitio
1059 752 1311 808 afﬁcitur.
1339 754 1527 823 Neque
1554 757 1700 809 enim
1728 755 2045 824 simpliciter
2073 757 2157 810 di-

586 846 681 904 xit.
720 847 809 915 qui
851 838 988 899 videt
1028 861 1047 899 :
1094 846 1211 908 sed,
1249 846 1337 915 qui
1385 848 1524 900 videt
1567 848 1640 901 ad
1667 849 2154 915 concupiscendum,

586 940 689 990 hoc
714 947 814 997 est.
847 938 938 1006 qui
963 938 1179 993 curiose
1206 940 1374 1003 videt,
1395 950 1447 993 et
1475 939 1791 999 cumanimi
1816 941 2154 1010 aegritudine,

581 1029 732 1094 quasi
782 1027 985 1080 coitum
1037 1030 1475 1098 concupiscendo
1516 1047 1531 1085 :
1568 1030 1693 1083 talis
1738 1030 1884 1083 enim
1917 1031 2026 1097 iam
2064 1045 2161 1085 cor

581 1132 737 1171 suum
779 1119 946 1173 animi
977 1119 1265 1174 affectione
1306 1121 1583 1188 implevit,
1616 1120 1845 1187 ideoque
1880 1120 2158 1173 voluntate.

582 1207 914 1263 adulterium
938 1210 1231 1264 commisit.
1267 1208 1381 1273 Vel,
1414 1210 1506 1277 qui
1531 1208 1597 1262 ad
1628 1209 1730 1262 hoc
1760 1208 1908 1263 videt
1936 1217 1997 1263 ut
2025 1224 2158 1263 con-

583 1300 847 1368 cupiscat.
902 1300 1009 1353 Iste
1050 1314 1248 1368 nempe
1295 1300 1647 1355 aﬂ'ectionum
1690 1301 2156 1370 perturbationem

582 1391 853 1459 quaesivit,
893 1400 949 1444 et
977 1389 1048 1444 ad
1079 1392 1580 1461 concupiscentiam
1619 1390 1929 1462 transfugit,
1963 1407 2028 1447 ac
2056 1394 2163 1448 sei-

582 1496 737 1549 psum
775 1479 938 1534 animi
973 1481 1371 1548 perturbationi
1413 1482 1656 1535 tradidit.
1693 1482 1900 1545 Quodsi
1932 1496 2161 1550 corpore

579 1571 802 1624 alterius
837 1586 1063 1625 uxorem
1113 1585 1220 1623 non
1260 1570 1466 1638 tetigit,
1521 1579 1577 1622 at
1636 1571 1828 1623 saltem
1861 1570 2160 1625 voluntate.

580 1662 687 1727 Qui
734 1662 914 1716 autem
958 1661 1011 1714 in
1049 1661 1277 1715 transitu
1311 1662 1477 1722 videt.
1514 1672 1608 1715 aut
1642 1662 1744 1715 alia
1775 1661 2028 1730 quapiam
2065 1676 2161 1715 ne-

579 1752 857 1813 cessitate,
893 1751 1123 1806 crimine
1170 1759 1344 1807 vacat.
1384 1751 1663 1806 Mulierem
1702 1767 1832 1805 vero
1859 1751 2015 1815 dixit,
2048 1752 2163 1805 sive

581 1842 700 1895 viro
745 1842 1118 1911 coniunctam,
1171 1842 1286 1896 sive
1338 1842 1405 1895 ab
1457 1856 1523 1895 eo
1572 1842 1829 1905 solutam,
1884 1842 1999 1897 sive
2054 1842 2163 1894 vir-

584 1936 789 2002 ginem.

648 2022 807 2075 Scire
837 2031 1017 2075 autem
1047 2033 1264 2090 oportet
1301 2024 1617 2092 hujusmodi
1648 2036 1938 2095 praecepta,
1967 2025 2065 2079 etsi
2099 2025 2165 2079 ad

579 2116 724 2168 viros
768 2114 926 2184 dirigi
975 2115 1248 2180 videntur,
1300 2117 1557 2170 mulieres
1610 2132 1826 2185 quoque
1865 2118 2163 2186 respicere.

581 2204 858 2275 Siquidem
895 2206 980 2259 vir
1033 2216 1197 2274 caput
1246 2215 1331 2261 est
1378 2208 1709 2270 mulieris“,
1768 2218 1935 2278 caput
1983 2217 2166 2262 autem

578 2304 636 2348 et
698 2294 941 2349 membra
1003 2294 1153 2348 unita
1227 2305 1376 2349 sunt.
1444 2297 1729 2352 Prohibuit
1788 2313 1919 2367 ergo
1976 2314 2169 2368 aspec-

586 2396 699 2438 tu:n
752 2384 1066 2447 curiosum;
1126 2400 1156 2439 a
1213 2387 1302 2440 tali
1365 2388 1523 2441 enim
1565 2387 1781 2443 aliectio
1837 2390 1903 2442 ad
1958 2404 2053 2443 cor
2076 2390 2170 2443 de-

582 2476 706 2530 tiuit
759 2494 771 2527 :
823 2476 970 2545 quod
1019 2476 1106 2530 ubi
1154 2486 1402 2548 aegrotat,
1452 2480 1694 2535 incendit
1744 2490 1799 2535 et
1852 2495 2052 2549 corpus
2099 2482 2166 2534 ad

583 2568 817 2623 coitum.
844 2568 1035 2637 Itaque
1060 2568 1299 2623 radicem
1334 2570 1589 2636 abscidit,
1624 2587 1692 2625 ne
1721 2573 1989 2641 producto
2017 2586 2169 2625 ramo

584 2660 822 2713 fructum
856 2674 1076 2729 quoque
1105 2660 1368 2729 proferat.

654 2748 811 2804 νει-ε.
856 2750 949 2805 29.
998 2750 1059 2805 Si
1107 2780 1168 2792 ——
1229 2750 1381 2806 Vers.
1434 2752 1525 2807 50.
1574 2755 1886 2822 gehennam.
1936 2752 2053 2807 Non
2102 2753 2171 2807 de

583 2840 1123 2911 corporis'membris
1157 2841 1438 2911 loquitur;
1471 2843 1559 2896 illa
1588 2843 1735 2897 enim
1760 2844 1920 2913 culpa
1957 2853 2167 2898 vacant.

588 2930 726 2987 Nam
763 2932 1011 3000 corporis
1051 2934 1294 2986 membra
1327 2934 1395 2987 ab
1426 2935 1605 2987 anima
1636 2934 1931 2998 ducuntur,
1965 2945 2018 2987 et
2040 2949 2175 3003 quo-

583 3037 799 3091 cunque
828 3023 915 3077 illa
946 3023 1171 3092 jusserit
1204 3033 1513 3079 moventur.
1547 3023 1652 3079 Sed
1676 3025 1929 3078 dextrum
1950 3027 2169 3094 quidem

2257 579 2346 632 ἐπὶ
2371 579 2467 647 τῆς
2486 578 2787 647 παρούσης,
2820 576 2880 627 τδ
2910 575 3060 641 πρὸς
3076 576 3139 629 τὸ
3153 573 3524 643 ἐπιθυμῆσαι
3549 574 3829 643 προσθεὶς,

2256 670 2511 723 διέστειλε
2553 670 2652 736 τὴν
2698 666 2878 734 ἀπαθῆ
2921 666 3045 733 ὖψιν
3074 667 3183 720 ἀπὸ
3221 667 3319 736 τῆς
3372 664 3676 733 ὲμπαθοῦς.
3716 664 3833 715 Οὐκ

2258 758 2380 814 εἷπε
2428 761 2555 828 γὰρ,
2605 762 2686 813 ὅτι
2733 763 2766 814 ὁ
2809 758 3063 822 ,βλέπων
3109 757 3313 821 ἁπλῶς,
3361 754 3475 808 ἀλλ’
3506 756 3541 808 δ
3576 753 3836 818 ,βλέπων

2259 852 2403 920 πρὸς
2438 852 2501 904 τὸ
2534 850 2919 918 ἐπιθυμῆσαι,
2953 848 3261 908 τουτέστιν,
3298 849 3326 900 ό
3358 846 3574 915 βλέπων
3602 844 3836 913 περιέρ-

2261 960 2389 1010 γως.
2415 944 2441 993 ὁ
2460 940 2671 1009 βλέπων
2692 938 2977 1008 ἐμπαθῶς,
2996 937 3137 990 ὥστε
3164 936 3504 1005 ιπιθυμῆσαι
3526 933 3835 993 συνουσίας.

2272 1031 2331 1083 'U
2362 1030 2602 1091 τοιοῦτος
2636 1030 2743 1099 γὰρ
2773 1030 2873 1099 ήδη
2908 1027 3002 1080 τοῦ
3036 1027 3241 1088 πάθους
3273 1024 3540 1093 ἐνέπλησε
3567 1024 3668 1093 τὴν
3701 1037 3838 1089 καρ-

2259 1122 2379 1174 δίαν
2414 1118 2627 1183 ἑαυτοῦ,
2662 1119 2755 1172 καὶ
2796 1118 2981 1171 λοιπὸν
3016 1120 3082 1187 τῇ
3129 1114 3450 1186 προαιρέσει
3494 1106 3836 1182 ιμόίχευσεν.

2268 1212 2364 1277 Ἢ,
2400 1213 2426 1263 ό
2458 1210 2545 1262 διὰ
2570 1209 2729 1261 τοῦτο
2759 1208 2995 1277 βλέπων,
3025 1209 3114 1261 ἵνα
3145 1206 3477 1276 ἐπιθυμήσῃ.
3505 1205 3562 1257 Ὀ
3591 1201 3841 1266 τοιοῦτος

2263 1303 2372 1373 γὰρ
2416 1302 2649 1370 ἐζήτησε
2686 1299 2748 1352 τὸ
2793 1298 2987 1362 πάθος,
3028 1298 3120 1349 καὶ
3162 1297 3505 1367 ηὐτομόλησε
3553 1292 3691 1362 πρὸς
3738 1294 3843 1359 τὴν

2264 1392 2582 1463 ἐπιθυμίαν,
2619 1392 2714 1444 καὶ
2746 1389 3085 1459 προδέδωκεν
3118 1388 3311 1441 ἑαυτὸν
3339 1387 3415 1454 τῷ
3447 1387 3631 1449 πάθει,
3662 1385 3761 1437 καὶ
3787 1384 3838 1434 εί

2266 1485 2360 1536 καὶ
2396 1484 2471 1551 μὴ
2500 1482 2577 1551 τῷ
2611 1481 2824 1549 σώματι
2853 1480 3033 1549 ἥψατο
3061 1478 3161 1545 τῆς
3190 1475 3473 1545 γυναικὸς,
3508 1474 3645 1528 ἀλλὰ
3676 1490 3741 1541 γε
3774 1475 3844 1541 τῇ

2266 1573 2605 1643 προαιρέσει.
2640 1572 2700 1624 Ὀ
2723 1570 2778 1624 δὲ
2806 1572 2947 1623 κατά
2973 1569 3206 1640 πάροδον
3232 1568 3465 1636 βλέπων,
3490 1566 3529 1637 ἢ
3552 1564 3695 1616 κατά
3720 1579 3849 1614 τινα

2266 1664 2455 1733 χρείαν
2479 1663 2665 1732 ἀλλην,
2695 1662 3049 1732 ἀνέγκλητος.
3079 1661 3317 1713 Γυναῖκα
3342 1658 3399 1710 δὲ
3426 1657 3519 1709 νῦν
3550 1656 3726 1722 λέγει,
3750 1653 3851 1705 καὶ

2266 1759 2365 1827 τὴν
2405 1756 2742 1825 ἰξευγμένην
2776 1754 2928 1825 ἀνδρὶ
2948 1793 2966 1820 ,
3005 1752 3101 1805 καὶ
3129 1751 3228 1822 τὴν
3262 1748 3678 1819 ἀπολελυμένην
3700 1784 3717 1809 ,
3751 1747 3850 1797 καὶ

2267 1850 2363 1919 τὴν
2394 1848 2685 1921 παρθένον.

2339 2032 2460 2099 Χρὴ
2488 2028 2544 2082 δὲ
2578 2026 2888 2094 γινώσκειν,
2919 2024 3001 2077 ὅτι
3028 2020 3096 2075 τὰ
3124 2019 3349 2073 τοιαῦτα
3377 2012 3852 2085 παραγγέλματα,

2270 2126 2319 2176 εί
2354 2123 2447 2175 καὶ
2482 2121 2617 2190 πρὸς
2653 2117 2856 2187 ἄνδρας
2885 2111 3271 2169 ἀπυτείνεσὸαι
3304 2106 3575 2169 δοκοῦσιν,
3612 2102 3753 2156 ἀλλά
3783 2117 3853 2167 γε

2272 2214 2365 2267 καὶ
2397 2213 2532 2282 πρὸς
2566 2210 2829 2278 γυναῖκας
2858 2206 3079 2274 ὁρῶσιν.
3119 2202 3178 2254 'U
3209 2201 3319 2269 γὰρ
3346 2197 3484 2268 ἀνὴρ
3512 2193 3726 2263 κεφαλὴ
3748 2195 3855 2259 τῆς

2272 2308 2526 2368 γυναικός
2561 2306 2719 2356 ἐστι’
2753 2303 2817 2371 τῇ
2853 2300 2909 2353 δι
2951 2296 3157 2366 κεφαλῇ
3194 2297 3284 2347 καὶ
3314 2291 3385 2345 τὰ
3416 2290 3554 2360 μέλη
3582 2288 3851 2358 ἧνωνται.

2283 2397 2537 2451 Ἐκόλασε
2562 2393 2741 2447 τοίνυν
2770 2391 2868 2459 τὴν
2899 2389 3186 2458 περίεργον
3216 2384 3370 2446 θέαν,
3394 2382 3529 2435 διότι
3554 2382 3621 2432 εκ
3642 2376 3855 2443 ταύτης

2271 2492 2537 2562 καταρρεῖ
2565 2486 2735 2547 πάθος
2767 2484 2859 2535 ἐπὶ
2888 2482 2986 2551 τὴν
3016 2480 3241 2549 καρδίαν
3264 2495 3278 2509 ·
3312 2477 3451 2543 αὕτη
3483 2473 3541 2527 δδ
3574 2470 3854 2562 παθοῦσα,

2272 2559 2568 2649 παροξύνει
2607 2576 2666 2629 τὸ
2707 2574 2865 2643 σῶμα
2894 2574 3029 2641 προς
3062 2568 3370 2622 συνουσίαν.
3402 2563 3729 2633 Προανεῐλεν
3752 2559 3856 2613 οὖν

2271 2674 2369 2741 τὴν
2398 2672 2572 2741 ῥίζαν,
2601 2669 2687 2719 ἵνα
2721 2666 2797 2735 μὴ
2824 2664 3014 2725 κλάδος
3054 2664 3207 2730 (post;
3241 2661 3444 2731 δνὲγκῃ
3472 2656 3707 2728 καρπόν.

2340 2768 2408 2820 Ei
2439 2762 2507 2818 δὲ
2545 2791 2616 2803 -—
2650 2762 2923 2829 γέενναν.
2958 2758 3031 2809 Οὐ
3066 2757 3193 2826 περὶ
3242 2750 3419 2822 μελῶν
3459 2749 3710 2819 σώματός
3743 2764 3856 2813 φη-

2274 2873 2358 2910 σιν
2381 2872 2396 2886 ο
2429 2850 2738 2923 ἀνέγκλητα
2768 2850 2875 2921 γὰρ
2900 2848 2967 2903 τὰ
2998 2848 3131 2917 μέλη
3165 2844 3258 2897 τοῦ
3294 2842 3542 2911 σώματος
3561 2856 3577 2872 ο
3613 2839 3720 2892 ὑπὸ
3743 2838 3859 2905 γὰρ

2272 2948 2369 3018 τῆς
2400 2946 2581 3017 ψυχῆς
2612 2946 2859 3009 ἄγονται,
2891 2941 2985 2993 καὶ
3016 2939 3153 3008 πρὸς
3172 2936 3199 2988 δ
3228 2935 3293 2988 ἂν
3322 2933 3462 3001 αὕτη
3500 2931 3737 2999 κελεύσῃ
3768 2946 3866 2981 κι-

2272 3038 2490 3095 νοῦνται
2514 3057 2527 3069 ο
2562 3036 2677 3091 ἀλλ’
2709 3032 2987 3103 ὀφθαλμὸν
3025 3032 3123 3100 μὲν
3163 3027 3336 3092 δεξιὸν
3367 3025 3523 3078 καλεῖ
3564 3024 3659 3077 τδν
3702 3021 3863 3089 δίκην

582 3116 803 3168 oculum
856 3124 1014 3170 vocat
1060 3116 1317 3169 idoneum
1366 3117 1625 3181 amicum,
1674 3116 1767 3185 qui
1812 3116 1983 3171 instar
2023 3118 2163 3171 oeuli

2275 3129 2553 3202 ὀφθαλμοῦ
2583 3128 2944 3198 στεργόμενον
2968 3120 3143 3187 δεξιὸν
3166 3118 3317 3185 φίλον
3338 3132 3352 3146 ·
3383 3118 3542 3183 χεῖρα
3565 3114 3623 3167 δὲ
3647 3111 3861 3178 δεξιὰν.

583 3215 795 3260 amatur
838 3222 851 3259 :
896 3221 1120 3261 manum
1154 3215 1338 3261 autem
1376 3208 1643 3270 dextram,
1679 3208 1988 3263 ministrum
2020 3225 2169 3263 com-

586 3297 843 3360 modum,
881 3298 975 3366 qui
1011 3299 1064 3351 in
1104 3299 1322 3353 modum
1364 3315 1559 3353 manus
1596 3300 1743 3354 utilis
1780 3308 1881 3361 est.
1921 3302 2035 3355 sive
2065 3301 2166 3355 viri

585 3388 718 3452 sint,
755 3390 873 3442 sive
913 3389 1191 3444 mulieres.
1250 3390 1391 3445 Dicit
1452 3392 1616 3461 igitur
1651 3409 1663 3443 :
1705 3392 1759 3444 Si
1797 3392 1849 3444 hi
1906 3390 2001 3445 tibi
2055 3391 2172 3446 fuc-

586 3482 698 3534 rint
730 3481 1087 3544 oll'eudiculo,
1126 3480 1363 3549 aliquam
1394 3480 1686 3536 alIerentes
1724 3483 1921 3537 mentis
1953 3494 2170 3553 pertur-

582 3574 886 3634 bationem,
939 3588 1044 3627 nec
1099 3574 1180 3627 eis
1211 3588 1422 3642 parcas,
1460 3574 1554 3628 sed
1588 3585 1809 3644 amputa
1846 3578 1993 3644 ipsos
2024 3578 2173 3630 omni

583 3680 705 3734 qua:
755 3665 1013 3718 adversus
1048 3673 1099 3717 te
1133 3674 1217 3719 est
1252 3663 1563 3729 affectione,
1603 3675 1658 3719 et
1704 3666 1908 3735 projice
1951 3668 2048 3720 abs
2096 3676 2170 3721 te.

580 3757 767 3826 Neque
780 3755 934 3820 dixit,
958 3756 1204 3819 Percute,
1227 3756 1319 3811 sed
1342 3756 1596 3822 Amputa,
1613 3757 1971 3812 manifestans
1993 3760 2175 3812 omni-

580 3849 797 3903 tnodam
824 3850 1245 3917 separationem.
1276 3847 1471 3903 Dicens
1495 3863 1713 3917 quoque
1744 3867 1754 3901 :
1782 3851 2037 3919 Amputa,
2067 3865 2179 3904 non

579 3940 655 3995 ibi
684 3939 1016 4009 permansit;
1068 3939 1164 3993 sed
1196 3939 1427 3992 ulterius
1453 3952 1761 3995 sermonem
1788 3940 2055 4003 extendit,
2089 3940 2181 3993 ad-

579 4033 717 4085 dens
756 4049 769 4084 :
806 4028 870 4081 Et
905 4031 1103 4099 projice
1132 4031 1220 4083 abs
1258 4039 1331 4092 te,
1371 4044 1441 4082 ne
1487 4029 1539 4082 in
1572 4030 1819 4098 proximo
1868 4046 2176 4096 remanens,

581 4124 675 4177 ﬁat
708 4137 900 4176 rursus
933 4121 1237 4176 fatiiiliaris.
1287 4122 1425 4187 Quia
1460 4131 1643 4177 autem
1680 4138 1793 4176 rem
1822 4123 2009 4177 duram
2039 4138 2179 4205 pige-

581 4225 823 4284 ceperat,
865 4214 1076 4269 lucrum
1127 4214 1180 4268 in
1223 4224 1502 4283 posterum
1564 4214 1963 4269 demonstravit
2004 4218 2072 4271 ab
2116 4233 2181 4272 eo

577 4304 725 4374 quod
758 4304 892 4357 utile
918 4316 1024 4381 est.

660 4394 824 4451 Vers.
856 4396 945 4451 51.
976 4396 1189 4450 Dictum
1218 4406 1293 4450 est
1325 4406 1506 4450 autem
1539 4427 1602 4440 -υ
1635 4397 1698 4452 V.
1723 4398 1813 4452 32.
1852 4398 2181 4453 adulterium

2274 3229 2365 3281 τὸν
2400 3224 2556 3293 δίκην
2584 3219 2765 3291 χειρὸς
2792 3212 3195 3286 χρησιμεύοντα
3226 3208 3396 3271 δεξιὸν
3426 3205 3733 3275 ὑπηρέτην,
3767 3203 3865 3255 καὶ

2274 3319 2382 3369 εἴτε
2433 3315 2625 3381 ἄνδρες
2664 3307 2795 3373 εἶεν,
2847 3306 2957 3359 εἴτε
2999 3304 3279 3370 γυναῖκες.
3330 3298 3493 3365 Λέγει
3542 3296 3748 3357 τοίνυν,
3781 3294 3868 3346 δτι

2286 3408 2411 3459 Ἐὰν
2446 3408 2494 3457 οί
2541 3401 2771 3455 τοιοῦτοι
2806 3391 3201 3456 σκανδαλίζωσί
3237 3405 3295 3441 σε
3338 3387 3475 3455 πρὸς
3510 3384 3866 3453 ὲμπὰθειαν,

2280 3494 2413 3568 μηδὲ
2438 3493 2642 3546 τούτων
2666 3489 2827 3557 φείσῃ
2847 3504 2860 3517 ·
2887 3484 3001 3537 ἀλλ’
3030 3480 3260 3548 ἔκκοψον
3287 3477 3483 3537 αὐτοὺς
3506 3475 3606 3568 Ϊῆξ
3805 3472 3867 3523 σε

2280 3563 2539 3657 σχέσεως,
2567 3584 2661 3636 καὶ
2689 3581 2850 3653 ῥίψον
2871 3576 3193 3648 πόῤῥωοου.
3217 3572 3326 3623 Καὶ
3350 3571 3449 3621 οὐκ
3480 3563 3627 3631 εἷπε,
3656 3565 3866 3633 Κόψον,

2278 3682 2416 3745 ἀλλ’,
2454 3680 2779 3744 Ἐκκοψ-ον,
2837 3673 2933 3741 τὴν
2981 3668 3217 3737 παντελῆ
3265 3664 3539 3728 διάζευξιν
3590 3661 3866 3727 ἐμφήνας.

2281 3776 2391 3829 Καὶ
2426 3769 2619 3834 εἰπὼν,
2663 3768 2995 3833 Ἐκκοψον,
3027 3762 3127 3815 οὐκ
3153 3761 3283 3828 ἔστη
3318 3757 3480 3827 μέχρι
3503 3754 3721 3815 τούτου,
3751 3750 3869 3804 ἀλλ’

2281 3866 2526 3919 ἐπέτεινε
2570 3861 2663 3914 τὸν
2710 3859 2889 3926 λόγον,
2935 3854 3195 3925 προσθεὶς
3234 3852 3313 3915 τὸ,
3379 3846 3489 3902 Καὶ
3550 3845 3714 3909 βάλε
3748 3843 3873 3896 ἀπὸ

2281 3953 2419 4016 σοῦ,
2472 3952 2559 4005 ίνα
2610 3950 2685 4021 μὴ
2742 3946 2968 4016 πλησίον
3031 3941 3315 4011 τυγχάνων
3375 3936 3531 3998 αὖθις
3582 3930 3871 3997 οἱκειωθῇ.

2295 4046 2448 4101 Ἐπεὶ
2504 4044 2557 4099 δὲ
2618 4042 2909 4111 ἀποτόμως
2971 4035 3275 4098 ἐκέλευσεν,
3333 4028 3503 4093 ἔδειξε
3561 4024 3755 4078 λοιπὸν
3811 4022 3873 4074 τὸ

2283 4136 2535 4192 ἐντεῦθεν
2570 4134 2780 4201 κέρδος,
2811 4131 2920 4186 ἀπὸ
2948 4128 3043 4181 τοῦ
3075 4126 3473 4197 συμφέροντος.

2370 4400 2613 4472 Ἕρῤέθη
2635 4399 2703 4452 δε
2743 4427 2811 4438 -
2853 4390 3154 4465 μοιχᾶται.
3192 4389 3326 4443 Ἰδοὺ
3376 4386 3471 4440 καὶ
3502 4384 3695 4454 ἓτερον
3728 4374 3873 4441 suo;

582 4489 883 4544 committit.
916 4487 1055 4542 Ecce
1080 4498 1135 4543 et
1158 4488 1305 4542 aliud
1333 4489 1588 4543 adulterii
1617 4496 1787 4558 genus
1811 4491 2168 4545 demonstrat.

2284 4495 2533 4570 μοιχείας
2560 4493 2825 4545 δείκνυσι.
2872 4486 3057 4555 Νόμος
3106 4482 3215 4553 γὰρ
3244 4476 3313 4551 ἦν
3355 4476 3586 4539 παλαιὸς
3612 4474 3870 4570 κελεύων

582 4580 818 4635 Jubebat
849 4581 996 4635 enim
1036 4581 1120 4634 lex
1152 4589 1328 4644 vetus,
1363 4590 1422 4633 ut
1444 4582 1939 4651 quomodocunque
1969 4583 2176 4638 odisset

584 4670 854 4739 quispiam
894 4686 1117 4724 uxorem
1156 4670 1456 4739 propriam,
1497 4685 1566 4724 ne
1596 4684 1713 4723 eam
1750 4671 2045 4737 retineret,
2078 4672 2173 4727 sed

585 4766 715 4817 dato
747 4763 848 4831 ipsi
879 4762 1061 4817 libello
1094 4763 1331 4831 repudii,
1371 4763 1693 4817 dimitteret.
1723 4761 1958 4818 Jubebat
1990 4774 2172 4820 autem

586 4856 823 4926 alijicere
869 4856 985 4910 sive
1035 4856 1347 4925 repudiare,
1379 4871 1449 4909 ne
1494 4856 1813 4910 occiderent
1841 4870 1960 4910 eam
1988 4873 2002 4921 ;
2034 4872 2176 4928 aegre

587 4948 735 5002 enim
766 4948 1270 5001 reconciliabantur
1302 4946 1499 5010 Judaei,
1534 4961 1643 5001 non
1686 4948 1849 5002 modo
1880 4963 2005 5019 erga
2042 4965 2176 5003 uxo-

588 5053 701 5103 res,
736 5040 829 5092 sed
864 5039 1028 5093 etiam
1059 5053 1186 5108 erga
1215 5038 1375 5093 ﬁlios.
1407 5037 1563 5093 Unde
1591 5046 1645 5091 et
1666 5036 1917 5093 Christus
1944 5039 2177 5108 quadra-

587 5131 797 5201 gesinto
838 5132 1014 5200 capite
1044 5130 1182 5191 dixit
1209 5132 1277 5187 ad
1317 5147 1413 5184 eos
1459 5146 1471 5182 :
1505 5130 1706 5200 Moyses
1750 5143 1967 5199 propter
2023 5132 2177 5185 duri-

588 5221 721 5273 tiam
775 5223 947 5276 cordis
999 5224 1156 5277 vestri
1216 5224 1455 5292 permisit
1512 5223 1656 5277 vobis
1709 5226 1994 5294 repudiare
2044 5241 2178 5279 uxo-

590 5327 671 5365 res
723 5324 919 5368 vestras
980 5314 1044 5369 ".
1099 5314 1275 5371 Jussit
1356 5323 1540 5370 autem
1599 5317 1731 5371 dare
1790 5318 2030 5372 libellum
2088 5334 2179 5372 re-

591 5404 761 5475 pudii,
811 5421 881 5461 ne
948 5415 1137 5477 postea
1180 5408 1335 5463 alteri
1398 5408 1509 5477 jam
1543 5417 1768 5478 nuptam
1818 5408 1956 5475 viro,
1990 5419 2177 5479 posset

700 5546 745 5579 ⁸⁸
772 5548 977 5619 Ephes.
1011 5567 1065 5615 v,
1091 5552 1179 5606 εδ.
1291 5550 1336 5582 "
1365 5546 1558 5604 Matth.
1588 5564 1703 5613 xu,
1727 5548 1783 5603 8.

2280 4563 2783 4654 τὸν-ὁπωσδήποτε
2843 4578 3108 4650 μισοῦντα
3140 4576 3237 4643 τὴν
3273 4572 3415 4626 ἰδίαν
3468 4568 3736 4637 γυναῖκα,
3793 4563 3870 4636 μὴ

2282 4679 2554 4750 κατέχειν,
2581 4677 2695 4730 ἀλλ’
2724 4672 3005 4727 ἐκϐάλλειν
3032 4666 3227 4736 αὐτὴν,
3262 4664 3422 4717 δόντα
3453 4662 3592 4750 αὐτῇ
3626 4656 3873 4750 ἀποστά-

2284 4747 2481 4835 σιονίὸ
2529 4771 2676 4821 ἐστιν
2722 4764 2998 4833 ἔγγραφον
3048 4755 3399 4817 ἀπολύσεως,
3444 4751 3537 4803 καὶ
3581 4747 3871 4800 ἐκϐάλλειν

2287 4866 2386 4936 μὲν
2420 4864 2613 4931 αὐτὴν,
2639 4861 2726 4913 ἵνα
2763 4838 2839 4928 μη
2886 4857 3047 4927 φόνος
3098 4855 3345 4923 γένηται.
3390 4845 3874 4900 Δυσκατάλλακτοι

2282 4958 2391 5026 γὰρ
2442 4951 2582 5024 ἦσαν
2625 4950 2891 5013 Ἰουδαῖοι,
2921 4948 2982 5001 οὐ
3038 4947 3173 5018 πρὸς
3231 4946 3327 5005 τὰς
3382 4939 3630 5009 γαμετὰς
3681 4937 3871 5006 μόνον,

2280 5049 2415 5103 ἀλλὰ
2446 5049 2539 5101 καί
2573 5046 2712 5117 πρὸς
2736 5044 2804 5097 τὰ
2833 5043 3017 5095 τέκνα.
3045 5040 3137 5092 Διὸ
3180 5036 3277 5091 καὶ
3304 5038 3332 5088 ό
3382 5032 3620 5104 Χριστὸς
3678 5031 3874 5100 εἴρηκε

2281 5141 2418 5211 πρὸς
2469 5139 2669 5199 αὐτοὺς
2725 5137 2784 5188 ὲν
2837 5133 2914 5204 τῷ
2964 5124 3395 5199 τεσσαρακοστῷ
3452 5122 3764 5190 κεφαλαίῳ,
3790 5122 3872 5173 ὃτι

2279 5208 2542 5298 Μωυσῆς
2570 5228 2720 5296 πρὸς
2749 5226 2861 5292 τὴν
2895 5216 3390 5292 σκληροκαρδίαν
3424 5211 3591 5283 ὑμῶν
3622 5208 3869 5275 extirpa-

2280 5326 2401 5391 ἐί-εν
2431 5321 2575 5389 ὑμῖν
2600 5318 2911 5375 ἀπολῦσαι
2940 5316 3047 5380 τὰς
3082 5311 3376 5383 γυναῖκας
3418 5303 3585 5377 ὑμῶν
3619 5319 3632 5331 ’
3670 5302 3875 5356 διδόναι

2282 5414 2340 5467 δὲ
2392 5413 2747 5479 ἀποστάσιον,
2798 5410 2885 5465 ἵνα
2938 5406 3051 5479 (75)
3090 5403 3231 5475 μετὰ
3282 5400 3465 5468 τοῦτο,
3521 5394 3874 5467 γαμηθείσης

1789 5644 1991 5705 Variae
2016 5645 2322 5708 lectiones
2365 5648 2425 5705 et
2478 5649 2665 5705 noun.

668 5773 777 5845 1,73)
809 5776 885 5846 μὴ
918 5774 1089 5837 addit,
1112 5784 1161 5828 cl
1196 5790 1340 5843 mox,
1374 5786 1493 5845 post
1528 5774 1705 5847 ἀνδρὶ,
1752 5772 1949 5829 omittit
1982 5775 2046 5827 A.
