4042 6420
197 405 281 472 917

1079 408 1469 474 COMMENT.
1500 409 1584 471 IN
1627 409 2100 471 MATTIIEUM.
2141 437 2206 447 —
2246 411 2406 472 CAP.
2442 413 2510 474 V.

3327 412 3433 475 228

195 523 338 593 αὐτῆς
364 519 529 591 ἐτέρῳ
557 520 734 590 ἀνδρὶ,
764 521 838 590 μὴ
869 520 1072 592 δυνηθῇ
1115 523 1252 591 (Ἠ),
1285 522 1361 585 ὡς
1400 523 1610 586 οίκείας
1643 539 1740 588 γυ-

1881 541 2038 579 ursus
2069 528 2507 594 apprchendere,
2538 529 2693 599 quasi
2729 531 3005 601 pr0priam
3031 574 3044 596 ,
3079 540 3133 586 et
3163 531 3293 585 hinc
3324 535 3433 584 θεῖε

192 613 366 677 ναικὸς,
393 614 550 666 πάλιν
583 614 1080 682 ἐπιλσμόἀνεσθαι,
1113 615 1210 668 καὶ
1238 617 1497 684 γίνωνται
1534 616 1739 684 συγχύ-

192 721 285 766 σεις
309 703 396 755 καὶ
429 704 649 766 στάσεις
689 704 964 758 ἐντεῦθεν.

254 795 308 848 '0
333 796 386 847 δὲ
414 797 648 862 Χριστος
677 794 798 859 νῦν,
842 797 1232 866 ἡμερωτέρους
1262 797 1459 859 αὐτοὺς
1507 798 1595 851 διὰ
1630 798 1739 849 τῶν

189 886 538 954 προλαωντων
574 884 755 952 λόγων
783 890 1156 950 καταστήσας,
1194 887 1428 950 κελεύει,
1482 889 1554 957 μὴ
1600 889 1737 939 ἀπο-

188 976 312 1028 λύειν
342 976 435 1044 τὴν
465 979 722 1041 γυναῖκα,
758 985 1032 1045 παρεκτὸς
1079 976 1238 1044 λόγου
1274 979 1551 1048 πορνείας,
1577 995 1738 1030 τουτ-

189 1070 316 1132 έστι,
371 1069 492 1137 δὲχα
545 1069 730 1131 αἰτίας
810 1070 1104 1140 πορνείαςο
1162 1072 1420 1140 πορνείαν
1487 1070 1740 1129 ἐνταῦθα,

187 1164 265 1230 τὴν
316 1163 560 1230 μοιχείαν
619 1161 929 1230 ὀνομάσας·
986 1163 1124 1215 ἀλλὰ
1166 1162 1289 1230 μηδ’
1323 1161 1741 1231 ἀπολελυμένην

187 1251 259 1318 ὑφ’
281 1251 458 1320 ἐτέρου
487 1251 680 1320 ἀνδρδς
711 1253 934 1321 γαμεῖν.
964 1252 1098 1320 Δίχα
1139 1254 1250 1322 γὰρ
1283 1251 1446 1318 λόγου
1478 1253 1740 1322 πορνείας

188 1341 325 1408 ὁμὲν
359 1340 641 1404 ἀπολύσας
669 1340 770 1411 τὴν
811 1339 1031 1405 ἑαυτοῦ,
1057 1342 1199 1392 ποιεί
1236 1340 1407 1412 αὐτὴν
1441 1340 1740 1410 μοιχεύειν,

190 1430 614 1500 συμπλεκομένην
654 1431 830 1500 ἑτέρῳ
861 1429 1051 1502 ἀνδρί·
1084 1429 1112 1481 ὀ
1143 1429 1200 1483 δὲ
1255 1430 1513 1499 γαμήσας
1549 1430 1744 1482 ἀπολε-

188 1523 402 1592 λυμένην
432 1525 521 1591 ὑφ’
557 1523 771 1591 ἑτέρου,
817 1521 1062 1592 μοιχεύει
1102 1523 1201 1591 τὴν
1223 1521 1532 1591 ἀλλοτρίαν.
1556 1520 1741 1572 Ταῦτα

190 1614 236 1667 δὲ
255 1615 898 1686 πημοθετήσαςβώφρονα
915 1614 1012 1666 καὶ
1035 1617 1134 1681 τὴν
1155 1615 1390 1681 γυναῖκα
1413 1613 1739 1681 πεποίηκεν.

201 1705 479 1759 ’Δκούσασα
505 1705 636 1775 γὰρ,
669 1706 753 1758 ὅτι
788 1705 1157 1757 ἀπολυθεῖσιν
1189 1703 1360 1774 αὐτὴν
1401 1705 1578 1766 οὐδεὶς
1625 1721 1743 1771 γα-

197 1803 357 1869 μήσει,
381 1802 592 1869 στέρξει
628 1801 720 1852 τὸν
769 1802 972 1853 οἰκεῖον
1030 1799 1221 1869 ἄνδρα,
1267 1800 1362 1852 καὶ
1395 1798 1744 1869 θεραπεύσει.

1847 627 2039 670 rentur
2075 619 2415 674 turbationes
2445 637 2508 675 ac
2538 622 2860 678 seditiones.

1917 795 2168 853 Christus
2222 814 2350 852 vero
2401 799 2674 867 prmdictis
2723 801 2902 854 verbis
2948 811 3294 870 mansuetius
3338 815 3436 853 eos

1851 890 2165 953 instituens,
2202 890 2356 960 iubet
2385 907 2453 945 ue
2497 909 2720 946 uxorem
2756 894 3063 961 repudient,
3103 893 3208 946 nisi
3256 893 3432 960 stupri

1849 997 2033 1041 causa.
2078 981 2340 1050 Stuprum
2377 991 2560 1035 autem
2606 992 2763 1035 vocat
2802 983 2889 1037 hic
2929 983 3300 1038 adulterium:
3338 985 3432 1034 sed

1851 1091 2027 1143 neque
2077 1075 2360 1130 dimissam
2395 1074 2659 1144 permittit
2685 1074 2845 1128 alteri
2902 1075 3016 1128 viro
3060 1075 3292 1127 nubere.
3329 1075 3436 1138 Qui

1851 1169 2020 1231 enim,
2059 1177 2218 1221 extra
2265 1168 2440 1237 stupri
2505 1183 2763 1227 causam.
2802 1183 2956 1221 suam
2997 1169 3270 1235 repu-tiat,
3306 1166 3438 1220 facit.

1850 1274 1971 1312 eam
2003 1259 2304 1312 adulteram
2330 1274 2472 1322 esse,
2497 1274 2623 1312 cum
2656 1258 2812 1313 alteri
2845 1260 2962 1311 viro
2983 1258 3436 1312 cotnmisccatur.

1851 1351 1952 1418 Qui
1997 1367 2126 1404 vero
2162 1351 2240 1404 sic.
2270 1350 2337 1404 ab
2369 1350 2542 1403 altero
2575 1350 2914 1418 repudiatam
2943 1350 3184 1414 duxerit,
3221 1350 3440 1404 adulte-

1854 1447 1992 1499 rium
2023 1459 2148 1497 cum
2201 1443 2376 1497 aliena
2408 1443 2724 1499 committit.
2759 1443 2856 1497 His
2893 1453 3075 1496 autem
3118 1442 3260 1496 datis
3296 1456 3440 1511 pra:-

1853 1534 2051 1603 ceptis,
2082 1548 2309 1587 uxorem
2341 1532 2508 1587 etiam
2557 1532 2918 1586 cordatiorem
2954 1547 3016 1587 ac
3048 1532 3438 1586 modestiorem

1852 1626 2110 1680 reddidit.
2142 1624 2344 1680 Audito
2373 1639 2610 1694 namque
2633 1624 2776 1694 quod
2803 1640 2862 1678 se
2888 1624 3228 1694 repudiatam
3254 1624 3440 1678 nullus

1855 1719 1908 1772 in
1947 1733 2173 1772 uxorem
2204 1719 2474 1772 ducturus
2511 1726 2626 1780 est.
2670 1719 2953 1788 praprium
2985 1717 3188 1771 amabit
3222 1717 3399 1771 virum
3421 1755 3440 1781 ,

1852 1809 2012 1877 eique
2040 1809 2298 1864 inserviet
2324 1825 2337 1862 :
2375 1820 2428 1864 et
2453 1810 2524 1863 ita
2550 1810 2800 1865 criminis
2831 1809 3085 1864 adulterii
3112 1811 3438 1873 admonens,

194 1893 325 1946 Οὕτω
355 1895 590 1962 μοιχείας
628 1891 918 1946 ὑποϐαλὼν
951 1892 1268 1963 ἐγκλήματι
1291 1894 1387 1946 καὶ
1414 1894 1506 1946 τδν
1532 1892 1745 1959 ἀλόγως

1875 1920 1960 1957 am
1991 1919 2114 1958 eum
2140 1903 2230 1972 qui
2258 1905 2376 1958 sine
2404 1919 2568 1959 causa
2601 1903 2876 1973 propriam
2909 1903 3159 1971 repudiat
3188 1915 3438 1964 uxorem,

195 1986 489 2039 ὲκὸἀλλοντα
528 1984 628 2056 τὴν
659 1983 857 2038 ἑαυτοῦ
893 1987 1152 2051 γυναῖκα,
1186 1987 1281 2036 καὶ
1337 1983 1428 2036 τὸν
1457 1983 1748 2052 γαμοῦντα

194 2079 277 2145 τὴν
329 2077 734 2146 ἀπολελυμένην
787 2077 982 2144 ἑτέρῳ,
1031 2075 1333 2143 ἐπέσφιγξε
1393 2074 1491 2142 τὴν
1522 2073 1750 2144 εἰρήνην

195 2168 289 2220 τῶν
316 2169 574 2238 συζύγων,
631 2171 728 2222 καὶ
770 2169 830 2220 τὸ
865 2170 939 2237 μὴ
976 2166 1251 2236 μοιχεύειν
1301 2166 1504 2236 μᾶλλον
1533 2165 1751 2218 ἐπέτει-

197 2278 287 2314 νεν.
315 2262 368 2315 '0
401 2263 503 2330 γὰρ
539 2261 614 2332 μὴ
653 2259 1107 2320 ἐκϐάλλων,ἀλλά
1137 2260 1383 2330 στέργων
1405 2259 1500 2328 τὴν
1526 2257 1749 2321 ἑαυτοῦ,

197 2351 280 2401 οὐκ
309 2351 368 2403 ἂν
395 2350 713 2421 ἐπιθυμήσῃ
741 2349 838 2419 τὴς
865 2349 1156 2419 ἀλλοτρίας
1176 2363 1190 2375 ⁸
1218 2348 1314 2400 καὶ
1338 2348 1365 2400 ὀ
1401 2348 1750 2418 κωλυόμενος

198 2444 368 2511 γαμεῖν
413 2443 508 2510 τὴν
560 2441 978 2508 ἀπολελυμένην
1011 2441 1206 2510 ἑτέρῳ,
1252 2438 1353 2492 οὐκ
1387 2439 1453 2493 ἂν
1503 2437 1753 2510 ἀπολύσῃ

199 2535 280 2604 τὴν
308 2534 511 2586 ἑαυτοῦ.

259 2627 431 2680 Πάλιν
454 2657 520 2665 -
543 2627 719 2692 ὅλως.
744 2623 840 2697 [Τὸ
874 2625 1002 2694 μὴν,
1031 2624 1143 2696 (75)
1173 2625 1296 2676 Οὺιι
1331 2621 1746 2691 ἐπιορκήσεις,

200 2721 479 2790 γέγραπται
538 2719 596 2770 ἐν
668 2721 736 2787 τῇ
813 2717 982 2787 βίϐλῳ
1046 2718 1146 2785 τῆς
1215 2714 1466 2778 Ἐξόδουο
1534 2712 1596 2766 τὸ
1665 2711 1744 2777 δὲ,

213 2811 529 2874 amatum
578 2810 658 2875 τῷ
717 2810 914 2876 Κυρίῳ
968 2807 1110 2872 τοὺς
1161 2806 1378 2874 ὅρκους
1420 2820 1562 2869 σου,
1596 2806 1653 2856 ἐν
1680 2806 1745 2874 τῇ

205 2903 347 2973 ﬁtﬁt}:
372 2903 461 2955 τοῦ
491 2899 942 2969 Δευτερονομίου,
977 2900 1116 2968 πλὴν
1146 2898 1214 2950 δι’
1249 2897 1455 2966 ἐτέρων
1509 2896 1712 2960 λέξεων
1731 2911 1742 2924 ⁸

203 2997 292 3049 Ital
323 2996 421 3065 (76)
454 2994 531 3060 τῷ
555 2995 800 3062 ὀνόματι
834 2992 1054 3058 Κιηρίου
1084 2989 1223 3059 ὁμῇ.
1254 2988 1427 3041 Τοῦτο
1454 2988 1510 3039 δὲ
1551 2988 1753 3058 προσέ-

204 3088 458 3154 ταξεν,ἴνα
493 3087 566 3158 μὴ
597 3085 744 3139 κατὰ
777 3084 888 3138 τῶν
917 3081 1291 3152 ψευδωνύμων
1322 3080 1463 3134 θεῶν
1484 3079 1748 3149 ὀμνύωσι.

1851 2011 2013 2064 quam
2064 2011 2213 2060 eum,
2275 1996 2367 2065 qui
2429 1996 2498 2050 ab
2559 1996 2668 2050 alio
2725 1996 3061 2064 repudiatam
3116 1993 3286 2056 ducit,
3344 2007 3443 2062 pa-

1849 2104 1968 2143 cem
2001 2088 2419 2157 coniunctorum
2456 2089 2808 2153 constrinxit,
2876 2087 3159 2158 magisque
3192 2101 3260 2140 ne
3292 2101 3445 2141 com-

1850 2184 2168 2238 mitteretur
2201 2183 2530 2237 adullerium
2561 2182 2798 2238 curavit.
2829 2182 2932 2248 Qui
2964 2183 3113 2236 enim
3145 2196 3298 2236 suam
3331 2197 3442 2237 non

1849 2277 2038 2347 abiicit
2059 2318 2072 2343 ,
2106 2277 2200 2331 sed
2233 2287 2381 2330 amat
2419 2277 2601 2347 potius
2623 2316 2638 2339 ,
2669 2276 2904 2331 alienam
2935 2289 3281 2344 nequaquam
3311 2289 3446 2328 con-

1852 2369 2101 2438 cupiscet
2129 2387 2140 2422 :
2176 2368 2430 2422 similiter
2453 2378 2510 2422 et
2538 2369 2630 2438 qui
2664 2368 2732 2422 ab
2756 2368 2864 2420 alio
2889 2367 3230 2435 repudiatam
3256 2364 3449 2435 prohi-

1856 2461 2021 2516 betur
2049 2460 2272 2523 ducere,
2305 2474 2460 2513 suam
2493 2474 2601 2513 non
2631 2457 2792 2513 facile
2827 2456 3163 2526 repudiabit.

1921 2615 2076 2670 Vers.
2122 2615 2211 2669 5'5.
2242 2615 2477 2669 Rursum
2528 2645 2592 2656 --
2629 2613 2784 2667 Vers.
2832 2611 2920 2665 54.
2955 2612 3191 2665 omnino.
3220 2609 3258 2679 ἦ
3306 2610 3448 2664 Illud

1846 2706 2092 2775 quidem,
2133 2704 2258 2759 Non
2276 2705 2539 2775 pejerabis
2574 2705 2612 2769 ',
2648 2702 2700 2755 in
2735 2703 2877 2757 libro
2909 2701 3080 2755 Exodi
3131 2699 3395 2755 scribitur
3430 2711 3448 2753 :

1852 2800 1957 2855 hoc
1984 2809 2185 2865 autem,
2217 2797 2421 2852 Reddas
2453 2797 2677 2851 Domino
2704 2796 3019 2865 juramenta
3046 2805 3138 2847 tua
3161 2796 3205 2860 ’,
3229 2795 3283 2847 in
3311 2792 3452 2848 libro

1859 2890 2287 2952 Deuteronomii,
2321 2889 2414 2944 sed
2448 2904 2546 2958 per
2573 2889 2676 2942 alia
2705 2888 2894 2942 verba.
2946 2887 3212 2956 Praecepit
3265 2896 3453 2939 autem

1859 2983 1984 3049 hoc,
2015 2997 2080 3037 ne
2103 2997 2200 3052 per
2224 2981 2342 3035 falsi
2370 2979 2608 3034 nominis
2637 2980 2767 3035 deos
2791 2978 3068 3048 iurarent.

264 3181 326 3232 Τὸ
363 3182 430 3249 μὴ
459 3155 679 3246 ὀμόσαι,
706 3178 802 3230 καὶ
830 3177 890 3229 τὺ
924 3176 1000 3244 μὴ
1031 3174 1338 3243 ἀπαιτῆσαι
1369 3174 1531 3242 ὅρκον
1552 3188 1754 3224 συνεισ-

1932 3157 1972 3228 -ζ-
2014 3155 2133 3213 Non
2179 3158 2387 3228 iurare,
2444 3167 2499 3212 et
2547 3159 2921 3228 iuramentum
2965 3173 3074 3212 non
3123 3167 3332 3227 petere.
3386 3156 3453 3210 ad

208 3273 331 3338 ἄγει.
386 3273 447 3324 '0
479 3274 588 3343 γὰρ
630 3271 695 3323 σὺ
732 3268 977 3338 φεύγεις,
1028 3266 1147 3329 πῶς
1177 3266 1396 3330 ἐπάξεις
1431 3265 1508 3333 τῷ
1545 3262 1759 3334 ἀδελφῷ

211 3365 471 3434 σον,είπερ
507 3362 835 3432 φιλάδελφος
875 3356 946 3423 εἷ,
982 3359 1078 3412 καὶ
1110 3357 1170 3410 ού
1205 3353 1672 3427 φιλοχρήματος;]

277 3542 330 3598 Ὀ
358 3545 446 3614 μὲν
476 3542 709 3602 παλαιὸς
728 3542 892 3610 νόμος
905 3540 1091 3609 φησὶν,
1107 3540 1188 3592 ὅτι
1219 3539 1341 3592 Οὐκ
1360 3535 1763 3604 ἐπιορκήσεις,

211 3637 588 3704 προσενέγκῃς
607 3634 719 3706 (77)
736 3632 803 3686 δὲ
816 3632 894 3697 τῷ
915 3630 1037 3696 Θεῷ
1055 3631 1197 3696 τοὺς
1213 3631 1429 3696 ὅρκους
1443 3645 1584 3682 σου.
1599 3627 1768 3680 Τοῦτο

212 3727 258 3780 δέ
292 3723 417 3790 εἶπε,
449 3726 612 3795 φόϐον
656 3724 750 3776 τοῦ
792 3722 865 3793 μὴ
887 3721 1221 3792 ἐπιορκῆσαι
1253 3719 1662 3788 ἐπικρεμαννὺς
1691 3716 1767 3788 τῷ

214 3818 454 3888 ὀμνύοντι,
482 3815 927 3886 γινώσκοντι,ὃτι
959 3815 986 3866 ὀ
1018 3813 1153 3876 Θεὸς
1196 3810 1359 3873 αὐτὸς
1411 3811 1627 3880 δέχεται
1679 3808 1771 3860 τὸν

215 3913 368 3981 ὅρκον,
388 3914 415 3965 ὀ
450 3911 626 3965 πάντα
680 3907 996 3977 γινώσκων.
1053 3904 1194 3974 Ἐγὼ
1225 3903 1293 3957 δὲ
1312 3902 1468 3972 λέγω
1501 3901 1662 3969 ὑμῖν,
1685 3899 1771 3970 μὴ

219 4005 402 4072 ὀμόσαι
419 4003 591 4068 ὅλως.
627 4001 686 4053 '0
726 4000 825 4070 μὲν
855 3998 964 4068 γάρ
992 3996 1257 4067 εύορκῶν,
1291 3994 1419 4055 ίσως
1449 3995 1774 4060 ἐπιορκήσει

220 4097 329 4150 ποτέ
372 4096 452 4167 [τῇ
489 4095 600 4166 (78)
637 4092 901 4163 συνηθείᾳ
923 4090 1014 4144 τοῦ
1046 4088 1269 4159 ὀμνύειν
1294 4105 1309 4119 ο
1345 4087 1371 4138 ὀ
1402 4086 1458 4139 δὲ
1497 4085 1772 4156 μηδέποτε

220 4188 420 4256 ὀμνύων,
446 4189 542 4241 οὐκ
596 4185 923 4254 ἐπιορκήσει
977 4179 1154 4251 ποτέ].
1203 4179 1414 4242 Ἀλλως
1452 4195 1511 4231 τε
1555 4178 1630 4243 δὲ,
1684 4179 1776 4232 καὶ

1866 3253 2009 3308 idem
2040 3254 2329 3307 inducunt.
2363 3252 2648 3318 Quomodo
2677 3252 2821 3306 enim
2856 3258 2921 3307 ad
2954 3253 3005 3306 id
3037 3252 3182 3321 quod
3211 3261 3264 3304 tu
3293 3249 3455 3320 fugis,

1868 3346 2094 3400 fratrem
2135 3356 2286 3400 tuum
2333 3345 2584 3406 induces,
2613 3345 2656 3398 si
2688 3355 2871 3399 tamen
2906 3343 3092 3398 fratris
3117 3352 3328 3397 amator
3360 3356 3420 3397 es
3441 3379 3459 3406 ,

1867 3451 1922 3495 et
1954 3456 2062 3493 non
2096 3440 2267 3510 magis
2299 3439 2582 3510 pecuniae?

1943 3533 2109 3588 Vetus
2136 3535 2356 3603 quidem
2387 3535 2470 3588 lex
2503 3534 2636 3588 dicit
2663 3551 2675 3587 :
2707 3531 2824 3585 Non
2848 3532 3141 3602 pejerabis;
3167 3532 3347 3601 offeres
3370 3547 3464 3582 au-

1874 3637 1970 3683 tem
2001 3628 2224 3680 Domino
2247 3628 2557 3697 juramenta
2577 3636 2687 3678 tua.
2718 3624 2874 3690 Quod
2903 3625 3054 3677 addit
3085 3622 3368 3693 utiuranti
3396 3622 3461 3676 ti-

1874 3738 2080 3776 morem
2112 3722 2402 3785 incuteret,
2431 3736 2499 3774 ne
2527 3721 2817 3789 peierarct,
2847 3719 3028 3772 sciens
3058 3717 3224 3770 Deum
3257 3716 3462 3785 ipsum,

1873 3817 1964 3886 qui
2015 3817 2197 3869 omnia
2241 3816 2415 3876 novit,
2461 3816 2834 3884 juramentum
2886 3811 3189 3877 suscipere.
3226 3805 3338 3878 Ego
3363 3825 3464 3860 au-

1878 3918 1978 3961 tem
2019 3910 2134 3960 dico
2173 3907 2314 3959 vobis
2341 3922 2358 3959 :
2396 3905 2476 3958 Ne
2509 3904 2704 3973 juretis
2732 3902 2966 3954 omnino.
2999 3898 3102 3964 Qui
3128 3899 3277 3953 enim
3310 3897 3468 3951 facile

1872 4001 2040 4070 iurat,
2074 3998 2368 4068 aliquando
2406 3996 2637 4050 fortasse
2669 3993 2937 4065 peierabit
2970 3993 3040 4046 ob
3071 3991 3296 4059 iurandi
3333 4005 3468 4045 con—

1879 4095 2224 4148 suetudinem
2263 4109 2276 4144 :
2310 4089 2400 4160 qui
2433 4099 2616 4143 autem
2650 4087 2797 4140 nullo
2836 4085 3000 4139 modo
3026 4086 3196 4154 iurat,
3231 4099 3340 4136 non
3376 4097 3470 4152 pe.

1876 4187 2074 4259 ierabit
2106 4201 2368 4253 unquam.
2405 4182 2675 4236 Praeterea
2701 4195 2920 4248 quoque
2949 4179 3144 4247 jurans
3176 4179 3246 4231 ita
3278 4191 3348 4228 ne
3377 4191 3473 4242 pe-

220 4280 268 4332 ·ιδ
316 4280 406 4349 μὲν
470 4280 742 4349 ὀμνύοντα
805 4277 880 4347 μὴ
957 4275 1253 4344 ἐπιορκεῖν,
1330 4270 1616 4323 εὐσέϐειαν
1698 4271 1754 4322 είι

1877 4284 2044 4353 ieres,
2073 4282 2279 4335 cultum
2311 4278 2556 4333 divinum
2589 4277 2884 4337 observas;
2921 4283 2974 4325 at
3006 4270 3156 4324 nullo
3192 4269 3353 4321 modo
3377 4267 3470 4334 ju-

221 4369 331 4425 Θεδν
364 4371 608 4426 ἐπαίδευε
636 4388 651 4403 ⁸
682 4373 742 4423 τι
793 4369 849 4422 δὲ
897 4368 973 4437 μὴ
1018 4366 1243 4436 ὀμνύειν
1295 4364 1458 4427 ὅλως,
1509 4363 1777 4415 ἐπιτείνει

228 4462 433 4528 μάλιστα
485 4465 583 4532 τὴν
641 4460 951 4514 εὐσέϐειαν.
1012 4458 1247 4511 Κάκεῖνο
1307 4456 1409 4526 μὲν
1463 4454 1562 4521 τῆς
1596 4455 1773 4523 μέσης

1886 4391 2008 4430 rans
2031 4417 2044 4436 ,
2074 4376 2249 4442 ipsum
2278 4372 2510 4425 maxime
2536 4369 2815 4437 provehis,
2844 4375 2899 4419 et
2926 4366 3057 4418 illud
3092 4360 3389 4416 mediocris
3416 4367 3473 4412 ct

1885 4465 2218 4534 imperfecta:
2253 4461 2614 4533 philosophia:
2645 4468 2750 4521 est,
2795 4459 2897 4511 hoc
2932 4465 3114 4510 autem
3153 4466 3382 4507 summa:
3407 4465 3473 4503 ac

226 4556 302 4606 καὶ
348 4555 560 4618 ἀτελοῦς
607 4550 678 4624 ἦν
740 4550 1062 4620 φιλοσοφίας
1087 4563 1100 4576 ·
1137 4547 1297 4601 τοῦτο
1350 4546 1409 4600 δέ
1448 4545 1549 4614 τῆς
1586 4545 1754 4615 ἄκρας

1881 4557 2160 4629 perfecta.

226 4648 301 4698 καὶ
322 4649 516 4713 τελείας
546 4649 685 4702 ἐστί.

284 4739 429 4807 Μήτε
457 4771 521 4780 -
539 4738 875 4805 βασιλέως.
900 4739 1018 4791 ’Ίνα
1055 4736 1131 4808 μὴ
1149 4736 1472 4804 νομίσωσιν,
1499 4734 1581 4786 ὅτι
1618 4732 1777 4802 μόνον

229 4827 280 4880 τὸ
309 4831 433 4883 κατὰ
455 4831 586 4884 Θεοῦ
623 4830 851 4900 ὀμνύειν
883 4829 1147 4890 ἐκώλυσε,
1171 4827 1312 4897 λέγω
1333 4827 1397 4898 δὴ
1442 4827 1524 4888 τὸ,
1562 4827 1642 4892 μὰ
1673 4825 1778 4877 τὸν

234 4921 375 4986 Θεὸν,
410 4924 730 4993 προστίθησι
754 4925 944 4976 λοιπὸν
972 4926 1065 4977 καὶ
1098 4922 1265 4976 τάλλα
1299 4922 1414 4991 εἴδη
1447 4920 1555 4972 τῶν
1573 4921 1774 4989 ὅρκων,

235 5013 282 5064 ἰν
330 5009 401 5077 οἷς
444 5016 691 5068 Ἰουδαῖοι
744 5015 1053 5084 τηνικαῦτα
1106 5013 1344 5084 ὤμνυον.
1382 5013 1439 5066 ὐ
1491 5014 1598 5080 γὰρ
1636 5008 1778 5062 κατά

237 5105 410 5161 τούτων
441 5108 681 5178 ὀμνύων,
710 5107 903 5178 ὀμνύει
953 5108 1115 5160 πάλιν
1162 5107 1304 5158 κατὰ
1346 5104 1440 5157 τοῦ
1493 5102 1654 5169 Θεοῦ,
1682 5101 1775 5154 τοῦ

328 5291 526 5347 ‘Exod.
551 5309 644 5358 xx,
680 5291 737 5345 7.
850 5292 871 5322 ²
901 5291 1058 5344 Deut.
1093 5305 1246 5354 mn,
1275 5287 1367 5355 21,
1407 5286 1495 5339 23.

1949 4738 2104 4792 Vcrs.
2157 4738 2250 4791 3t.
2285 4735 2552 4805 Neque—
2581 4733 2645 4786 V.
2702 4733 2794 4784 55.
2850 4729 2986 4798 regis
3032 4738 3131 4782 est.
3162 4723 3241 4779 Ne
3321 4731 3479 4795 puta-

1880 4842 2001 4885 rent
2029 4831 2169 4900 quod
2204 4829 2466 4882 adversus
2491 4826 2657 4880 Deum
2701 4827 2876 4878 solum
2903 4825 3092 4892 iurare
3131 4819 3474 4891 prohiberet,

1879 4919 2133 4982 dicendo,
2169 4918 2244 4987 μὰ
2283 4918 2373 4968 τὸν
2401 4916 2557 4977 Θεὸν,
2609 4915 2659 4967 id
2717 4923 2801 4968 est
2850 4929 2940 4981 per
2999 4910 3190 4970 Deum,
3245 4906 3395 4960 addit
3425 4911 3480 4956 ct

1885 5013 2019 5065 alias
2045 5013 2482 5080 iuramentorum
2517 5007 2749 5071 species,
2787 5005 2987 5074 quibus
3021 5011 3150 5055 tunc
3191 4996 3478 5065 Judaeiiu-

1887 5106 2082 5160 rabant
2112 5122 2125 5157 :
2179 5104 2271 5173 qui
2304 5102 2449 5156 enim
2484 5116 2581 5170 per
2613 5099 2730 5153 hate
2751 5098 2924 5167 iurat,
2961 5110 3151 5150 rursus
3191 5107 3286 5163 per
3306 5089 3479 5143 Deum

1397 5441 1597 5504 Variae
1640 5439 1947 5504 lectiones
1987 5445 2048 5502 et
2094 5445 2285 5501 notae.

306 5614 350 5683 t‘l
362 5616 401 5682 ί)
429 5616 678 5684 δυνηθείη
714 5615 775 5668 Β.

309 5681 406 5750 (75)
442 5681 644 5741 Inclusa
666 5681 739 5738 'in
775 5699 944 5752 marg.
973 5682 1137 5752 habet
1171 5681 1245 5732 A-

293 5748 403 5822 ,(76)
429 5761 511 5808 καὶ
538 5757 615 5826 τῷ
640 5786 713 5795 -
733 5755 842 5824 ὁμῇ
874 5748 1652 5826 omisitllenteniusz-Ngum
1691 5764 1789 5802 au—

251 5818 343 5876 tem
366 5818 729 5892 εέι,1ιίευ”ιιοιι
767 5818 996 5894 reperiri
1027 5821 1302 5886 αὐτολεξεί
1334 5821 1385 5873 in
1414 5818 1476 5874 V.
1512 5819 1574 5873 Τ.

1968 5605 2080 5671 (77)
2129 5604 2378 5657 Aoristus
2417 5600 2755 5671 coniunctivi
2792 5615 2892 5670 pro
2932 5599 3116 5655 futuro
3148 5596 3486 5671 προσοίσεις.

1965 5668 2076 5742 (78)
2105 5676 2234 5739 Qum
2263 5674 2349 5727 hic
2380 5668 2722 5731 inclusimus.
2756 5668 2818 5724 ea
2851 5688 2915 5724 ex
2948 5673 3069 5727 cod.
3105 5672 3168 5735 Δ,
3210 5668 3352 5722 haud
3382 5669 3488 5721 duo

1898 5747 1988 5802 bic
2020 5746 2090 5802 ob
2123 5746 2321 5815 duplex
2357 5745 2507 5809 ποτὲ,
2542 5742 2880 5799 exciderant.
