4042 6418
256 419 360 485 225

254 531 460 600 βλέπειν
491 525 814 590 ἀκολάστοις
847 524 1148 596 ὀφθαλμοῖς
1175 526 1432 594 γυναῖκα,
1471 524 1565 577 καὶ
1588 521 1827 594 ἀπορῤί-
1859 534 1900 582 Α

251 627 345 692 ψαι
370 624 452 675 τὸν
479 621 904 684 σκανδαλίζοντα
939 621 1033 672 καὶ
1064 619 1165 688 τὴν
1213 617 1704 680 σκανδαλίζουσαν,
1736 616 1832 669 καὶ

257 717 330 786 μὴ
359 715 608 768 ἀπολύειν
643 712 858 781 ἀλόγως
889 712 989 781 τὴν
1013 709 1154 762 ἰδίαν
1189 712 1450 778 γυναῖκα,
1473 708 1606 777 μηδὲ
1628 707 1832 775 γαμεῖν

251 805 650 875 ἀπολελυμένην
684 805 880 874 ἑτέρῳ,
913 805 1012 872 τῆς
1041 800 1329 872 ὲμπαθοῦς
1364 799 1670 870 ἐπιθυμίας
1701 797 1830 852 ἀνὲο

251 914 418 949 σπασε
445 901 541 959 τὰς
578 897 758 965 ῥίζας.
829 896 936 948 Καὶ
985 893 1150 946 πάλιν
1182 895 1240 945 ὲν
1287 894 1386 962 μὲν
1405 891 1482 960 τῷ
1539 889 1827 954 ἐπιτάξαι,

252 991 324 1056 μὴ
358 988 572 1058 ὀμνύειν
597 987 758 1051 ὅλως,
785 987 882 1057 τὴν
921 989 1045 1056 περὶ
1063 987 1130 1038 τά
1160 986 1422 1055 χρήματα
1448 983 1542 1036 καὶ
1569 985 1829 1052 κτήματα

249 1075 534 1144 ἐπιθυμίαν
561 1073 855 1142 ἐξήλασεν·
887 1078 942 1127 ἐν
974 1076 1030 1127 δὲ
1062 1074 1138 1144 τῷ
1163 1073 1527 1136 ἐντείλασθαι,
1567 1072 1642 1142 μὴ
1677 1071 1830 1125 ἀνθί-

249 1167 469 1218 στασθαι
500 1165 582 1236 τῷ
638 1167 886 1237 πονηρῷ,
918 1169 1014 1220 καὶ
1067 1166 1325 1238 στρέφειν
1378 1168 1473 1218 καὶ
1527 1167 1626 1236 τὴν
1660 1166 1828 1236 ἀλλην

248 1258 487 1323 σιαγόνα,
528 1259 623 1310 καὶ
665 1259 886 1325 ἀφιέναι
918 1259 1012 1310 καὶ
1064 1259 1126 1311 τὸ
1174 1258 1413 1328 ἱμάτιον,
1446 1258 1543 1311 καὶ⁵
1592 1258 1830 1325 ὑπάγειν

247 1349 394 1416 μιλια
409 1349 519 1412 δύο,
549 1348 643 1400 τὸν
678 1351 762 1412 si;
799 1350 861 1402 τὸ
885 1348 1205 1418 ἀμύνασθαι
1233 1349 1407 1418 θυμὸν
1437 1347 1782 1402 διαπέστειλε.

317 1439 400 1504 Τῷ
417 1440 681 1494 αἰτοῦντι
705 1469 777 1480 —
804 1437 999 1494 δίδου.
1034 1440 1165 1493 Ὅτε
1193 1440 1250 1493 δὲ
1293 1439 1484 1492 ἵστατο
1515 1441 1610 1492 ἰπὶ
1658 1440 1827 1493 τόπου

245 1532 456 1586 πεδινοῦ
494 1534 789 1598 διδάσκων,
849 1535 1234 1606 φανερώτερον
1287 1532 1470 1598 εἶπεν,
1501 1536 1584 1588 δτι
1642 1533 1826 1588 Παντὶ

244 1623 321 1688 τῷ
349 1625 614 1679 σιτοῦντί
639 1643 713 1679 σε
736 1626 934 1692 δίδου,
958 1625 1033 1687 ὡς
1060 1628 1088 1678 ό
1105 1627 1320 1686 Λουκᾶ;
1347 1627 1579 1696 ἔγραψε.
1599 1625 1828 1680 Κελεύει

243 1713 316 1777 δί,
357 1716 428 1782 μὴ
466 1714 743 1784 διακρῖναι
767 1717 861 1767 τὸν
883 1715 1034 1779 ἀξιον
1088 1718 1197 1769 ἀπὸ
1225 1716 1320 1770 τοῦ
1355 1717 1605 1783 ἀναξίου.

323 1805 414 1854 Ἐν
465 1804 575 1874 ὅσῳ
613 1808 723 1873 γὰρ
785 1808 952 1869 αἰτεῖ,
985 1807 1238 1876 δεόμενός
1270 1808 1443 1873 ἐστιν,
1479 1803 1592 1872 οἷος
1626 1809 1696 1862 ἂν
1730 1811 1828 1864 καὶ

242 1893 349 1964 εἴη.
399 1894 549 1948 ἐπεὶ
582 1899 678 1950 καὶ
707 1899 735 1949 ό
768 1897 904 1960 Θεὸς
935 1900 1113 1956 πάντα
1141 1899 1209 1951 τὰ
1243 1899 1355 1967 (84)
1399 1899 1535 1968 πρὸς
1567 1902 1830 1954 σύστασιν
1863 1877 1904 1932 Β

240 1984 340 2054 τῆς
374 1986 512 2058 ζωῆς
543 1990 714 2042 πᾶσιν
750 1987 1063 2060 ἀνθρώποις
1093 1989 1300 2060 ὁμοίως
1343 1991 1567 2060 ἀνῆκεν,
1600 1991 1830 2060 ἀγαθοῖς

239 2090 296 2125 τε
329 2078 421 2129 καὶ
447 2083 728 2149 πονηροῖς,
771 2084 983 2143 πιστοῖς
1032 2098 1092 2133 τε
1123 2083 1216 2134 καὶ
1247 2083 1523 2145 ἀπίστοις.

310 2168 417 2220 Καὶ
451 2199 516 2209 -
547 2169 975 2239 ἀποστραφῇς.
1008 2172 1120 2224 Νῦν
1147 2172 1247 2241 μὲν
1291 2173 1415 2242 δίχα
1449 2173 1612 2225 τόκου
1644 2174 1826 2227 δανει-

240 2259 353 2322 ζειν
378 2261 689 2312 ἐνετείλατο
714 2276 728 2290 ο
766 2262 855 2313 ὅτε
885 2262 962 2325 δὲ,
989 2261 1064 2323 ὡς
1115 2261 1351 2331 ἔφαμεν,
1407 2261 1690 2315 ἐδίδασκεν
1738 2262 1832 2314 ἐπὶ

239 2353 404 2402 τόπου
464 2350 704 2415 πεδινοῦ,
771 2353 1106 2421 προσέταξε,
1134 2353 1272 2423 μηδὲ
1327 2352 1386 2405 τὸ
1447 2353 1832 2424 δανειζόμενον

238 2443 507 2497 ἀπαιτεῖν.
557 2443 683 2495 Ἐὰν
709 2445 820 2513 γὰρ
849 2445 1105 2514 δανείζητ
1120 2462 1168 2508 ε,
1204 2446 1366 2516 φησὶ,
1401 2447 1535 2518 παρ’
1564 2442 1640 2500 ὧν
1672 2447 1829 2499 ἑλπί-

240 2533 362 2596 ζετε
394 2535 713 2598 ἀπολαϐεῖν,
742 2537 871 2588 ποία
912 2537 1043 2605 ύμῖν
1093 2539 1253 2609 χάρις
1293 2539 1443 2590 ἐστίν
1475 2555 1492 2606 ;
1544 2539 1632 2602 Ὠς
1689 2535 1831 2593 εἶναι

237 2624 298 2676 τὸ
358 2625 456 2694 μὲν
506 2627 645 2696 πρὸς
684 2628 1100 2699 ἀτελεστέρους,
1159 2630 1222 2683 τὸ
1273 2631 1330 2684 δὲ
1388 2629 1529 2700 πρὸς
1561 2631 1832 2686 τελειοτέ-

241 2732 388 2785 ρους.

318 2896 644 2954 Ἠκούσατε
680 2933 742 2944 -
775 2902 953 2973 ὑμᾶς.
1009 2905 1447 2976 Καταμαράνας,
1477 2905 1555 2970 ὡς
1589 2907 1828 2977 εἴρηται,

237 2987 326 3038 τὸν
355 2989 524 3060 θυμὸν
571 2993 670 3045 καὶ
699 2994 800 3061 τὴν
842 2995 1166 3064 ἐπιθυμίαν,
1213 3001 1308 3049 καὶ
1341 2999 1546 3062 παντὸς
1578 3000 1831 3052 τοιούτου

238 3077 442 3141 πάθους
467 3081 789 3147 ἀπαλλάξας
822 3082 915 3135 τὸν
953 3084 1302 3152 πειθόμενον,
1335 3084 1524 3138 λοιπὸν
1569 3084 1831 3139 ἐκέλευσε

243 3171 332 3221 καὶ
381 3172 717 3242 εὐεργετεῖν,
773 3175 834 3224 ἐν
885 3173 962 3242 τῷ
1020 3174 1224 3228 διδόναι
1273 3178 1388 3239 τοῖς
1443 3175 1680 3238 αἰτοῦσι,
1735 3178 1831 3230 καὶ

235 3263 500 3327 δανείζειν
528 3260 646 3327 τοῖς
686 3266 1008 3336 χρῄζουσινο
1062 3264 1204 3332 εἶτα,
1268 3267 1496 3337 προῖὼν,
1551 3269 1832 3337 ἀνήγαγεν

240 3359 320 3419 εἰς
355 3356 458 3427 τὴν
512 3358 692 3429 ἄκραν
719 3361 949 3430 ἀρετήν.
991 3361 1238 3429 Κορωνὶς
1288 3362 1397 3430 γὰρ
1454 3363 1547 3414 καὶ
1615 3362 1834 3434 κορυφὴ

235 3449 412 3516 πάσης
447 3449 671 3520 ἀρετῆς,
692 3453 754 3504 τὸ
774 3453 996 3522 ἀγαπᾷν
1018 3454 1144 3514 τοὺς
1175 3451 1426 3522 ἐχθροὺς,
1457 3457 1553 3506 καὶ
1582 3455 1653 3506 τὰ
1679 3454 1828 3524 ἑξῆς.

235 3535 484 3611 Ἀγαπᾷν
507 3543 563 3594 δὲ
597 3544 816 3607 αὐτοὺς,
845 3546 906 3596 ού
939 3545 1076 3597 καθό
1106 3549 1246 3598 εισιν
1287 3546 1497 3616 ἐχθροὶ,
1527 3546 1664 3598 ἀλλὰ
1694 3546 1832 3599 καθό

235 3636 372 3687 εἰσιν
399 3637 709 3706 ἀνθρωττοι.
771 3641 858 3691 Κα
912 3641 987 3712 μὴ
1055 3642 1217 3710 μόνον
1267 3643 1513 3712 ἀγαπᾷν,
1547 3643 1687 3696 ἀλλὰ
1737 3646 1833 3698 καὶ

238 3727 665 3798 ύπερεύχεσθαι.
718 3729 810 3800 Τῷ
865 3733 921 3784 δὲ
956 3735 1180 3804 ἀγαπᾷν
1231 3733 1358 3797 τοὺς
1405 3735 1633 3804 ἐχθροὺς
1696 3735 1832 3788 ἒπε-

235 3834 325 3869 ται
357 3820 468 3886 (85)
494 3823 590 3872 καὶ
616 3823 810 3887 τᾶλλα,
830 3823 975 3891 λέγω
989 3825 1053 3894 δὴ
1069 3827 1130 3877 τὸ
1151 3826 1395 3893 εὐλογεῖν
1421 3828 1546 3888 τοὺς
1572 3844 1831 3898 καταρω-

239 3911 456 3979 μένους,
498 3913 595 3966 καὶ
622 3914 806 3977 καλῶς
847 3918 1022 3968 ποιεῖν
1055 3919 1168 3981 τοῖς
1222 3918 1466 3988 μισοῦσι,
1524 3922 1619 3971 καὶ
1668 3921 1828 3992 εὐχε-

241 4001 365 4054 σθαι
397 4004 538 4074 ὑπὲρ
567 4004 676 4056 τῶν
707 4008 1149 4075 ἐπηρεαζόντων.
1189 4009 1375 4063 Ταῦτα
1404 4012 1517 4082 γάρ
1564 4014 1596 4079 ἡ
1645 4013 1829 4065 τελεία

240 4093 452 4162 ἀγάπη.
500 4096 701 4149 Σκόπει
730 4097 916 4152 δὲκαὶ
963 4099 1024 4153 τὸ
1085 4101 1323 4154 ἔπαθλον
1345 4104 1444 4171 τῆς
1489 4103 1830 4174 τηλικαύτης

241 4183 353 4253 (86)
387 4187 614 4256 ἀρετῆς,
668 4187 744 4250 ὡς
775 4190 1059 4258 μέγιστον.
1104 4192 1260 4245 Ἐπεὶ
1309 4195 1420 4262 γὰρ
1466 4195 1530 4246 τὸ
1585 4196 1830 4250 τοιοῦτον

238 4280 574 4352 κατόρθωμα
607 4284 796 4353 μεῖζον
816 4281 884 4358 ἦν
910 4289 1135 4353 παντὸς,
1168 4290 1387 4361 τίθησιν
1431 4293 1586 4365 αύτῷ
1617 4296 1828 4350 καὶτὸν

237 4370 348 4439 (87)
393 4373 590 4442 μισθὸν
613 4375 842 4443 μείζονα
872 4379 1098 4442 παντός.
1126 4380 1266 4451 Φησὶ
1293 4383 1427 4453 γάρο

1155 412 1546 476 COMMENT.
1593 412 1674 473 IN
1712 411 2192 476 MATTH/EUM.
2227 441 2296 452 -
2336 416 2502 477 CAP.
2546 418 2611 480 ιν.

3421 422 3531 486 226

1937 521 2160 578 lascivis
2207 524 2384 580 oculis
2439 541 2550 578 non
2585 525 2883 594 respicere,
2919 533 2974 580 et
3015 523 3257 594 alijicere
3285 541 3383 581 eos
3412 543 3541 584 eas-

1934 631 2042 684 que
2102 615 2195 685 qui
2233 624 2363 670 sunt
2415 611 2772 679 oﬂcndiculo,
2837 627 3016 684 neque
3073 617 3349 685 prepriam
3425 617 3547 673 sine

1935 721 2098 762 causa
2136 707 2426 776 repudiare
2459 723 2717 769 uxorem,
2773 722 2956 776 neque
2986 707 3056 760 ab
3093 707 3266 761 altero
3299 712 3552 777 repudia—

1937 809 2061 852 tam.
2111 799 2358 854 ducere:
2440 800 2759 869 aegrotantis
2819 800 3282 869 concupiscentia:
3339 803 3552 856 radices

1935 891 2162 944 avulsit.
2225 891 2469 944 Rursum
2531 891 2586 944 in
2621 907 2686 945 eo
2758 891 3099 960 quodjussit
3153 892 3383 945 omnino
3437 907 3548 945 non

1927 979 2137 1050 jurare,
2185 981 2539 1050 cupiditatem
2574 981 2718 1036 circa
2755 981 3080 1034 aﬂectiones
3139 995 3202 1031 ac
3273 981 3544 1048 pecunias

1933 1071 2160 1139 expulit.
2219 1070 2596 1139 Prmeipiendo
2644 1086 2772 1124 vero
2800 1087 2909 1124 non
2968 1070 3234 1124 resistere
3281 1069 3446 1128 malo.
3493 1082 3551 1123 et

1932 1163 2096 1216 aliam
2121 1178 2345 1233 quoque
2381 1163 2662 1216 maxillam
2699 1164 3013 1228 obvertere,
3045 1178 3108 1216 ac
3137 1160 3362 1232 pallium
3381 1161 3549 1215 etiam

1933 1255 2233 1322 dimittere,
2281 1256 2502 1326 duoque
2534 1256 2790 1310 milliaria
2832 1257 3026 1310 aliire:
3061 1256 3308 1310 animum
3357 1256 3426 1310 ab
3453 1256 3546 1312 ul-

1931 1347 2192 1403 ciseendo
2225 1349 2519 1404 continuit.

2014 1439 2170 1496 γει-ε.
2199 1443 2290 1496 42.
2355 1440 2816 1496 Petenti—dato.
2861 1439 3097 1506 Quando
3147 1449 3298 1495 certe
3336 1441 3392 1495 in
3424 1440 3549 1496 loco

1931 1529 2228 1597 campestri
2270 1528 2479 1583 docens
2523 1529 2700 1588 stetit.
2735 1528 3089 1584 manifestius
3155 1528 3329 1585 dixit:
3390 1528 3550 1584 Omni

1933 1619 2027 1673 abs
2069 1629 2120 1672 te
2151 1621 2348 1689 petenti
2399 1621 2550 1686 dato,
2609 1620 2780 1674 veluti
2819 1620 3044 1690 scripsit
3108 1619 3289 1675 Lucas
3311 1619 3354 1675 ⁸.
3381 1618 3549 1677 lubet

1931 1721 2116 1766 autem
2145 1728 2257 1766 non
2305 1711 2612 1782 dijudicare
2649 1712 2877 1782 dignum
2923 1713 2996 1766 ab
3031 1711 3284 1784 indigno.

2008 1803 2085 1857 Eo
2116 1803 2267 1858 enim
2326 1803 2473 1873 quod
2526 1804 2688 1873 petit,
2747 1804 2965 1876 indigus
3009 1813 3094 1859 est
3146 1805 3552 1877 qualiscunque

1935 1895 2024 1951 sit.
2075 1894 2212 1950 Nam
2275 1906 2332 1951 et
2373 1896 2517 1952 Deus
2572 1896 2758 1950 omnia
2789 1896 2857 1951 ad
2895 1898 3022 1951 vitse
3079 1885 3543 1955 sustentationem

1936 1983 2228 2054 aequaliter
2289 1985 2552 2040 omnibus
2611 1984 2853 2040 contulit
2906 1985 3246 2052 hominibus,
3285 1986 3445 2043 bonis
3493 1995 3552 2043 et

1933 2076 2117 2142 malis,
2149 2075 2406 2132 ﬁdelibus
2436 2087 2492 2132 et
2547 2078 2890 2132 infidelibus.

2002 2169 2167 2224 Vers.
2223 2168 2316 2222 42.
2353 2165 2805 2223 bit—averseris.
2838 2167 2994 2223 Nune
3051 2169 3274 2238 quidem
3325 2170 3536 2239 absque

1933 2257 2150 2315 fmnore
2189 2267 2440 2312 mutuare
2463 2258 2669 2328 jussit:
2713 2258 2935 2328 quando
2987 2268 3198 2322 autem,
3234 2260 3379 2314 sicut
3412 2260 3552 2314 dixi-

1934 2367 2082 2413 mus,
2119 2352 2174 2404 in
2229 2351 2352 2404 loco
2393 2349 2689 2420 campestri
2730 2350 2984 2414 docebat,
3044 2351 3207 2422 jussit
3263 2367 3444 2420 neque
3497 2353 3552 2406 id

1935 2444 2081 2513 quod
2145 2452 2454 2498 mutuatum
2513 2453 2599 2497 est
2673 2453 2946 2512 repetere.
3003 2443 3059 2497 Si
3119 2443 3288 2506 enim,
3347 2444 3549 2512 inquit,

1934 2543 2189 2589 mutuum
2257 2532 2520 2588 dederitis
2575 2533 2663 2588 bis
2733 2549 2762 2587 a
2819 2534 3020 2602 quibus
3070 2550 3169 2589 vos
3228 2543 3553 2604 recepturos

1933 2628 2192 2698 speratis,
2221 2641 2342 2695 qua:
2373 2625 2529 2680 vobis
2570 2636 2654 2679 est
2703 2627 2874 2692 gratia
2900 2627 2920 2657 ’
2951 2625 2974 2679 ?
3012 2628 3120 2680 Sed
3177 2627 3282 2681 hoc
3327 2625 3550 2696 quidem

1935 2720 2002 2774 ad
2062 2717 2515 2789 imperfectiores
2567 2717 2858 2788 dirigitur;
2913 2717 3044 2772 illud
3090 2732 3219 2772 vero
3267 2715 3430 2771 Luca:
3481 2717 3550 2772 ad

1936 2808 2324 2880 perfectiores.

2007 2898 2165 2956 Vers.
2202 2902 2292 2956 45.
2346 2900 2589 2954 Audistis
2611 2929 2681 2941 —-
2706 2898 2865 2954 γει-ε.
2902 2899 2996 2955 Η.
3055 2916 3163 2954 ros.
3230 2899 3552 2970 Postquam,

1936 3000 1996 3046 ut
2040 2991 2248 3046 dictum
2285 3000 2392 3058 est,
2424 2992 2563 3046 iram
2621 3006 2685 3046 ac
2738 2991 3244 3060 concupiscentiam
3279 2993 3553 3063 exstirpa—

1938 3083 2038 3148 vit,
2088 3083 2348 3152 omnique
2397 3083 2561 3138 simili
2591 3083 2792 3137 affectu
2825 3082 2928 3137 sibi
2979 3082 3308 3137 obedientcs
3345 3082 3548 3138 libera-

1936 3175 2036 3241 vit,
2083 3175 2349 3245 deinceps
2388 3175 2554 3229 etiam
2600 3173 2933 3229 benefacere
2971 3174 3149 3244 jubet,
3187 3174 3369 3230 dando
3392 3175 3549 3229 vide-

1938 3267 2069 3321 licet
2105 3268 2442 3336 petentibus,
2467 3282 2530 3321 ac
2563 3268 2863 3322 mutuando
2899 3267 3298 3337 indigentibus.
3338 3266 3548 3323 Deinde

1940 3361 2311 3430 procedendo,
2345 3360 2412 3414 ad
2445 3368 2746 3414 extremam
2783 3360 3044 3429 perduxit
3088 3361 3374 3415 virtutem.
3406 3359 3510 3415 Om
3531 3392 3547 3402 -

1939 3454 2029 3508 nis
2059 3454 2208 3508 enim
2255 3453 2476 3509 virtutis
2521 3452 2744 3509 coronis
2788 3468 2853 3508 ac
2905 3463 3093 3508 vertex
3148 3463 3251 3520 est,
3294 3452 3552 3510 inimicos

1936 3559 2145 3608 amare,
2203 3554 2258 3598 et
2289 3554 2486 3600 caetera
2513 3559 2633 3614 quae
2666 3555 2998 3614 sequuntur.
3047 3545 3268 3608 Amare.
3299 3546 3549 3616 inquam.

1938 3639 2227 3706 ipsos,uon
2245 3645 2522 3706 quatenus
2545 3636 2752 3691 inimici
2777 3645 2927 3697 sunt.
2944 3637 3042 3691 sed
3065 3650 3345 3706 quatenus
3364 3638 3551 3693 homi-

1935 3724 2188 3780 nes.Nec
2209 3726 2386 3780 solum
2422 3741 2632 3791 amare,
2675 3727 2770 3780 scd
2800 3737 2854 3780 et
2887 3742 2987 3796 pro
3011 3727 3093 3780 eis
3125 3727 3442 3783 obsecrare.
3464 3727 3550 3782 Ad

1935 3833 2179 3872 amorem
2228 3827 2416 3872 autem
2453 3818 2802 3872 inimicorum
2838 3829 3258 3888 consequuntur
3291 3833 3348 3873 et
3387 3820 3492 3874 alia
3526 3837 3544 3878 :

1935 3909 2063 3964 dico
2099 3923 2255 3971 sane,
2299 3909 2441 3963 bene
2486 3909 2698 3979 precari
2748 3909 3174 3974 devoventibus,
3206 3926 3270 3964 ac
3317 3912 3529 3967 benefa-

1935 4015 2063 4055 cere
2103 4001 2188 4054 liis
2227 4000 2320 4070 qui
2383 4001 2642 4067 oderunt,
2686 4009 2742 4054 et
2799 4018 2960 4056 orare
3025 4018 3124 4072 pro
3196 4003 3545 4060 lmdentibus.

1936 4091 2070 4145 Nam
2129 4091 2245 4146 [nec
2310 4092 2572 4161 perfectas
2640 4102 2772 4146 sunt
2843 4093 3178 4150 dilectionis.
3244 4097 3545 4152 Considera

1935 4198 2068 4238 vero
2125 4192 2182 4237 et
2213 4184 2501 4253 praemium
2547 4184 2868 4253 hujusmodi
2930 4185 3181 4240 virtutis.
3228 4186 3365 4252 Quia
3395 4189 3544 4241 enim

1937 4283 2048 4330 tam
2112 4277 2444 4346 praclarum
2511 4275 2729 4330 facinus
2770 4277 2924 4332 omni
2996 4278 3105 4332 alio
3161 4279 3337 4348 majus
3399 4288 3542 4345 erat,

1935 4369 2224 4440 praemium
2263 4383 2484 4439 quoque
2529 4369 2681 4423 omni
2737 4369 2916 4439 majus
2973 4369 3076 4440 ipsi
3132 4372 3403 4440 rependit.
3451 4371 3546 4425 Ait

1944 4473 2093 4520 enim
2129 4475 2142 4511 Ξ

307 4525 521 4596 ὀπως
558 4561 632 4571 -
675 4532 951 4601 ἀδίκους.
990 4537 1184 4610 Πατὴρ
1211 4541 1312 4611 μὲν
1363 4542 1474 4597 τῶν
1518 4545 1828 4617 ἀνθρώπων

2009 4549 2164 4605 Vers.
2217 4550 2309 4605 45.
2355 4549 2768 4620 Ut—injiutos.
2843 4541 3010 4605 Pater
3080 4549 3306 4619 quidem
3359 4550 3546 4605 homi-

237 4621 384 4672 ἑστὶν
409 4623 439 4673 ὁ
470 4621 625 4688 Θεὸς,
665 4624 742 4686 ὡς
781 4629 1016 4700 ποιητὴς
1067 4632 1250 4684 αὐτῶν
1284 4649 1298 4663 ·
1327 4636 1572 4708 πατέρας
1601 4639 1711 4710 γὰρ
1741 4639 1832 4693 λι-

236 4730 408 4782 γομεν
459 4716 555 4767 καὶ
586 4718 711 4778 τοὺς
739 4718 922 4788 ἔργων
953 4722 1119 4775 τινῶν
1159 4728 1428 4796 ποιητάςο
1484 4730 1566 4782 ἔτι
1623 4733 1680 4785 δὲ
1711 4733 1830 4801 καὶ,

237 4805 309 4868 ὡς
345 4808 607 4879 κηδεμὼν
639 4815 734 4864 καὶ
766 4814 1079 4886 προνοητὴς
1111 4818 1292 4872 αὐτῶν
1322 4837 1337 4852 ·
1376 4821 1509 4875 ῐδιον
1560 4826 1670 4894 γὰρ
1721 4845 1830 4880 πα-

237 4901 360 4966 τρὸς
392 4901 656 4971 κήδεσθαι
687 4907 784 4957 καὶ
833 4908 1180 4976 προνοεῖσθαι
1222 4911 1317 4964 τοῦ
1347 4914 1552 4968 οἰκείου
1611 4917 1826 4982 παιδός.

238 4992 357 5045 Υἱοὶ
403 4995 465 5046 δὲ
507 4995 603 5048 τοῦ
634 4995 772 5050 Θεοῦ
807 4998 1048 5066 γίνονται
1090 5003 1140 5055 οἱ
1175 5005 1526 5077 ὁμοιούμενοι
1557 5009 1709 5080 αὐτῷ
1755 5011 1825 5064 δι’

234 5085 456 5157 ἀρετῆς,
493 5088 727 5143 καθόσον
769 5091 918 5145 ἐστὶν
942 5092 1221 5166 ἀνθρώπῳ
1250 5096 1493 5152 δυνατόν.
1529 5101 1688 5154 Ἱδιον
1714 5105 1824 5175 γὰρ

238 5175 350 5228 υἱοῦ
406 5178 734 5248 ὁμοιοῦσθαι
782 5183 860 5253 τῷ
909 5185 1098 5254 οἰκείῳ
1142 5189 1333 5258 πατρί.
1393 5191 1606 5257 Ὅπως,
1664 5198 1822 5266 φησι,

336 5359 358 5389 ⁸
389 5357 527 5414 Luc.
557 5376 635 5425 vi,
671 5361 762 5417 30.
874 5366 895 5397 '
923 5365 1056 5422 Luc.
1089 5384 1166 5436 vi,
1205 5370 1298 5425 54.

1935 4658 2070 4698 num
2129 4643 2280 4698 Deus
2331 4651 2418 4698 est
2476 4653 2737 4713 tanquam
2800 4644 3102 4713 plasmator
3160 4657 3352 4697 eorum
3391 4652 3542 4710 (nam

1932 4745 2118 4804 patres
2145 4750 2366 4806 quoque.
2420 4735 2657 4791 dicimus
2695 4751 2926 4805 operum
2982 4735 3293 4805 aliquorum
3324 4745 3538 4804 poetas,

1931 4826 2035 4880 hoc
2098 4835 2186 4880 est
2246 4825 2586 4895 elleetores),
2655 4835 2912 4895 tanquam
2965 4826 3130 4879 etiam
3174 4826 3423 4895 provisor
3475 4839 3543 4881 ac

1928 4925 2256 4985 procurator
2314 4914 2595 4983 ipsorum:
2627 4919 2799 4986 patris
2833 4916 3102 4986 siquidem
3140 4917 3424 4987 proprium
3457 4927 3540 4972 est

1934 5008 2049 5062 lilio
2078 5022 2180 5062 suo
2224 5008 2514 5079 providere
2557 5023 2622 5064 ac
2657 5025 2978 5079 procurare.
3041 5009 3162 5064 Filii
3225 5021 3407 5064 autem
3445 5009 3538 5064 Dei

1937 5103 2098 5163 fiunt,
2148 5101 2240 5169 qui
2298 5117 2397 5171 per
2455 5102 2719 5157 virtutem
2772 5101 2983 5157 similes
3044 5103 3145 5171 ipsi
3201 5103 3539 5170 eﬂiciuntnr,

1934 5209 2204 5269 quantum
2249 5210 2337 5256 est
2372 5202 2582 5257 homini
2615 5202 2882 5273 possibile
2915 5218 2931 5268 ;
2978 5218 3106 5257 nam
3130 5202 3224 5257 lilii
3251 5200 3536 5273 proprium

1442 5491 1642 5552 Varia)
1675 5489 1986 5559 lectiones
2029 5501 2092 5558 et
2130 5505 2325 5561 note).

447 5669 538 5749 τά,
575 5669 778 5749 omittit
810 5673 871 5724 Α.
912 5689 1034 5728 mox
1063 5676 1216 5749 deest
1251 5693 1470 5746 quoque
1498 5682 1616 5749 τῆς.

301 5739 416 5812 (85)
452 5739 707 5812 Correxi.
730 5742 948 5802 ἕπεται,
985 5763 1082 5812 pro
1113 5739 1326 5805 ἔπειτα.
1364 5739 1499 5806 Nam
1528 5739 1590 5808 ei
1614 5752 1820 5810 Hente-

238 5810 354 5860 nius
392 5809 588 5878 habet,
626 5809 1033 5880 consequuntur.

2007 5687 2119 5758 (86)
2152 5689 2408 5760 τοιαύτης
2441 5693 2510 5746 Δ.

2008 5761 2123 5832 (87)
2154 5761 2246 5815 τὸν
2273 5763 2432 5818 abest
2457 5765 2521 5818 Α.
