4122 6454
216 458 327 526 2ἷό

1103 465 1491 526 COMMENT.
1539 463 1620 524 IN
1662 460 2137 522 MATTH/EUM.
2179 487 2251 498 -
2288 460 2448 524 CAP.
2493 464 2591 522 VI.

3373 460 3481 528 238

218 572 371 644 [ὅταν
397 573 507 643 (99)
537 575 614 645 μὴ
671 576 807 644 πρὸς
856 573 1115 643 ἐπίδειξιν
1163 572 1556 643 προσεύχηται·
1601 569 1698 623 καὶ
1743 571 1800 620 ἐν

1907 584 2007 623 ncc
2067 578 2244 623 tamen
2289 584 2537 639 peccare,
2565 568 2783 638 quando
2818 585 2928 624 non
2959 571 3026 625 ad
3058 571 3480 626 ostentationem

219 666 456 734 ταμιείῳ
490 666 864 734 κεκλεισμένῳ
909 664 1371 734 προσευχόμενον,
1407 657 1792 730 ἁμαρτάνειν,]

219 752 349 803 ὅταν
389 752 704 805 τούναντίον
761 757 913 823 ποιῇέ
973 753 1253 820 Πανταχοῦ
1306 753 1414 819 γὰρ
1447 755 1472 802 ὁ
1517 751 1648 812 Θεὸς
1706 750 1796 800 τὸν

222 843 426 894 σκοπὸν
481 841 724 906 ἐξετάζει
779 844 873 896 τοῦ
902 843 1209 910 γινομένου.
1258 840 1593 910 ’Υποκριτὰς
1621 839 1674 891 δὲ
1703 841 1796 892 καὶ

218 932 445 995 τούτους
505 933 788 996 ἐκάλεσεν,
840 933 914 995 ώς
962 935 1146 1001 σχῆμα
1192 935 1289 999 μὲν
1314 933 1534 1001 ἔχοντας
1567 948 1798 1001 προσευ-

219 1023 476 1091 χομένου,
512 1025 742 1094 γνώμην
785 1025 841 1078 δὲ
885 1023 1233 1093 δοξομανοῦς.

294 1201 782 1266 Προσευχόμενοι
808 1229 877 1239 --
905 1198 1133 1253 ἐθνικοί
1139 1239 1153 1253 .
1191 1200 1555 1266 Βαττολογίαν
1589 1199 1688 1269 μὲν
1711 1202 1800 1253 λέ-

218 1305 328 1353 γει,
382 1289 482 1357 τὴν
535 1292 666 1359 περὶ
723 1291 834 1342 τῶν
870 1291 944 1360 μὴ
999 1291 1390 1360 προσηκόντων
1419 1291 1654 1360 αἴτησιν,
1687 1287 1798 1344 οἷον

217 1379 351 1449 ιπερὶ⁸
417 1380 675 1446 πλούτου,
741 1382 869 1451 περὶ
925 1380 1106 1447 δόξης,
1160 1382 1288 1450 περὶ
1328 1380 1669 1444 δυναστείας,
1701 1384 1796 1434 καὶ

216 1468 330 1527 τῶν
367 1469 647 1530 τοιούτων,
685 1471 782 1523 ὅσα
813 1468 937 1524 οὐτε
967 1470 1146 1541 ψυχὴν
1173 1470 1499 1538 ὠφελοῦσιν,
1532 1469 1658 1523 οὐτε
1694 1471 1800 1540 σώθο

222 1576 357 1629 ματι
415 1561 551 1629 πρὸς
589 1560 851 1614 σύστασίν
905 1562 1044 1614 εἰσιν
1081 1564 1378 1629 ἀναγκαῖα.
1427 1560 1708 1623 Ἐονικούς
1741 1561 1799 1614 δέ

218 1667 380 1721 φησι,
412 1652 539 1713 τούς
576 1651 860 1715 ἀπίστους.
900 1653 1055 1705 Ἐπεὶ
1107 1651 1161 1704 δὲ
1191 1647 1338 1706 οὗτοι
1368 1653 1429 1705 οὐ
1495 1652 1654 1722 μόνον
1711 1655 1800 1706 αί-

216 1741 395 1804 τοῦσι,
444 1744 573 1814 περ)⁸
600 1744 708 1797 τῶν
733 1745 807 1815 μὴ
833 1745 1244 1814 προσηκόντων,
1274 1744 1410 1797 ἀλλὰ
1438 1745 1553 1810 καὶ,
1583 1747 1802 1814 μακρὰς

219 1831 543 1901 ποιούμενοι
577 1834 678 1898 τὰς
707 1835 800 1886 ἐπὶ
831 1838 953 1899 τοῖς.
971 1835 1233 1898 τοιούτοις
1265 1835 1530 1904 αἰτήσεις,
1577 1836 1800 1888 δοκοῦσι

218 1924 454 1989 πείθειν,
475 1927 553 1976 «ἐν
577 1924 654 1993 τῷ
687 1925 1071 1994 μακρολογεῖν,
1099 1925 1375 1979 διαὸάλλει
1421 1926 1519 1997 τὴν
1541 1926 1800 1996 τοιαύτην

218 2015 405 2068 αὐτῶν
443 2017 711 2087 ὑπόληψιν
757 2018 1016 2089 είρηκώς.

288 2191 551 2245 Δοκοῦσι
591 2219 665 2230 ——
712 2190 1320 2257 εἰσακουσθήσονται.
1389 2191 1615 2244 Δοκοῦσι
1677 2191 1798 2260 μὶν,

216 2276 321 2328 οὐκ
351 2275 529 2346 ὀρθῶς
566 2276 644 2330 δέ.
726 2347 728 2349 η

289 2368 388 2436 Μὴ
409 2363 839 2437 οὗν-αίτῆσαι
861 2372 1067 2424 αὐτόν.
1094 2369 1239 2437 Οἵδε,
1257 2373 1416 2424 τίνων
1435 2373 1689 2442 χρῄζετε,
1708 2376 1801 2426 καὶ

220 2459 445 2530 προτοῦ
485 2461 709 2529 αἰτῆσαι
743 2461 907 2512 αὐτὸν
963 2461 1099 2523 ὅλως
1151 2461 1280 2530 περί
1318 2478 1484 2524 τινος.
1528 2462 1638 2513 Καὶ
1688 2462 1802 2514 λοι-

218 2550 343 2608 πὸν.
381 2549 443 2601 οὐ
472 2550 576 2618 χρὴ
614 2552 788 2602 αίτείν
818 2550 884 2602 τὰ
919 2550 994 2620 μὴ
1034 2549 1296 2621 χρειώδη,
1334 2552 1458 2620 μηδ’
1492 2553 1799 2618 ἀναγκαῖα,

219 2639 408 2702 καθὼς
446 2640 776 2710 εἰρήκαμεν,
813 2641 949 2710 ὅπερ
980 2642 1096 2692 ἐστὶ
1131 2640 1474 2710 βαττολογία.
1515 2642 1668 2694 Ἐπεὶ
1709 2646 1801 2696 καὶ

221 2730 410 2800 πατὴρ
458 2733 802 2801 δυσχεραίνει
844 2732 986 2784 κατὰ
1021 2731 1228 2784 παίδων
1276 2733 1576 2786 αἰτούντων
1623 2735 1692 2788 τὰ
1726 2739 1801 2806 μὴ

223 2823 594 2894 προσήκοντα.
632 2825 742 2876 Καὶ
765 2827 811 2876 εἰ
840 2819 999 2891 οἶδεν,
1053 2818 1142 2886 ὧν¹
1163 2825 1461 2895 χρῄζομεν,
1494 2826 1634 2880 διατί
1665 2826 1803 2889 ὅλως

224 2915 357 2984 περὶ
385 2915 594 2968 τούτων
624 2916 884 2984 αίτοῦμεν
932 2915 1138 2982 αὐτόν;
1178 2918 1400 2980 Πάντως
1437 2919 1535 2987 οὐχ
1595 2919 1684 2972 ἵνα
1720 2920 1800 2972 δι-

221 3005 496 3076 δάξωμεν,
528 3006 643 3058 ἀλλ’
679 3007 766 3058 ἴνα
795 3007 1078 3076 δείξωμεν,
1108 3009 1191 3060 ὅτι
1245 3008 1409 3062 αὐτὸν
1461 3009 1660 3079 ἔχομεν
1706 3010 1804 3063 καὶ¹

223 3097 432 3166 τροφέα
471 3100 567 3149 καὶ
592 3097 897 3167 Δεσπότην,
954 3097 1050 3150 καὶ
1086 3097 1196 3160 ἵνα,
1234 3099 1581 3168 ἀναρτῶντες
1637 3100 1801 3171 μόνου

1899 671 2039 712 orat.
2086 661 2151 713 Et
2208 662 2469 730 contingit
2545 662 2596 714 in
2659 663 2913 716 rubi‘culo
2981 662 3166 716 clauso
3235 673 3480 718 orantem

1902 763 2150 816 peccare,
2217 766 2340 804 cum
2424 764 2454 802 c
2506 750 2722 804 divorso
2770 749 2981 804 fecerit.
3047 747 3190 803 Deus
3214 750 3359 803 enim
3388 752 3483 820 qui

1902 836 2098 904 ubique
2153 847 2256 898 est,
2323 839 2446 890 facti
2519 839 2961 894 discntittincm.
3029 837 3351 910 Hypocritas
3381 856 3482 895 att-

1902 935 2006 979 tcm
2076 937 2131 979 et
2173 928 2272 980 bos
2353 928 2588 989 vocavit,
2657 929 2886 981 fortnam
2929 930 3150 997 quidem
3204 931 3482 984 orantium

1901 1015 2183 1078 habentes,
2239 1027 2478 1071 mentem
2547 1034 2674 1072 vero
2726 1019 3099 1074 anhelantium
3147 1021 3214 1074 ad
3264 1019 3483 1075 inanem

1901 1103 2123 1172 gloriam

1971 1193 2126 1245 Vers.
2163 1193 2211 1244 7.
2283 1194 2820 1248 0rantes——e!lmici.
2896 1194 3217 1263 Multiloquii
3293 1196 3484 1250 vitium

1903 1281 2228 1350 βαττολογία
2291 1284 2506 1347 dicitur,
2567 1300 2690 1338 cum
2743 1286 2988 1354 pluribus
3046 1287 3231 1339 verbis
3299 1273 3488 1354 petito

1906 1374 1962 1424 fit
2013 1375 2080 1425 de
2115 1375 2200 1426 his
2232 1389 2350 1441 quae
2398 1391 2506 1427 non
2569 1376 2946 1428 conveniunt:
3004 1385 3131 1444 puta
3159 1376 3226 1429 de
3258 1377 3486 1437 divitiis,

1903 1464 2089 1532 gloria,
2123 1458 2424 1532 potentatu,
2481 1467 2712 1534 aliisque
2757 1466 3050 1530 similibus,
3079 1482 3197 1534 quae
3230 1481 3332 1520 nec
3366 1468 3488 1519 ani-

1902 1570 2004 1608 mae
2057 1567 2305 1624 prosunt,
2364 1573 2466 1611 nec
2505 1559 2568 1610 ad
2604 1560 2847 1627 corporis
2895 1560 3310 1613 consistentiam
3362 1570 3490 1613 sunt

1903 1647 2236 1701 necessaria.
2308 1648 2570 1702 Ethnicos
2632 1665 2760 1702 vero
2830 1650 2964 1704 dicit
3037 1651 3299 1704 infideles.
3351 1649 3489 1716 Quia

1903 1745 2084 1788 autem
2125 1737 2180 1789 hi
2240 1752 2347 1790 non
2407 1738 2580 1791 solum
2622 1754 2683 1791 ea
2746 1749 2936 1808 petunt
2971 1755 3090 1806 quze
3141 1756 3249 1793 non
3283 1756 3490 1794 conve—

1904 1826 2085 1886 niunt,
2139 1827 2233 1880 sed
2289 1835 2342 1880 ct
2397 1827 2585 1897 longas
2649 1829 2853 1882 faciunt
2897 1829 2965 1882 de
2995 1828 3490 1895 hujusntodircbus

1904 1916 2222 1983 petitiones,
2304 1926 2562 1984 putantes
2617 1918 2910 1972 verborum
2971 1917 3318 1971 multitudine
3367 1934 3490 1987 per-

1902 2007 2179 2069 suadere,
2239 2005 2382 2060 banc
2452 2006 2695 2075 ipsorum
2766 2006 3080 2074 opinionem
3158 2007 3258 2059 hoc
3328 2009 3491 2062 modo

1903 2097 2254 2152 condemnat.

1979 2188 2133 2242 Vers.
2169 2190 2222 2243 7.
2281 2186 2484 2242 Putant
2511 2218 2580 2228 —
2609 2189 2926 2243 exaudiendi
2968 2191 3095 2243 sint.
3135 2190 3333 2247 Putant
3373 2193 3493 2263 quia

1904 2277 2048 2343 dem,
2079 2287 2133 2331 at
2176 2293 2287 2332 non
2319 2289 2486 2333 recte.

1975 2368 2132 2423 Vers.
2178 2369 2230 2423 8.
2283 2369 2362 2423 Ne
2417 2373 2718 2440 ergo—ab
2754 2372 2849 2426 illo
2901 2375 3114 2442 petatis.
3169 2375 3332 2428 Novit
3371 2391 3492 2444 quae

1904 2461 2061 2514 vobis
2103 2462 2416 2530 expediant,
2463 2463 2782 2531 priusquam
2817 2464 2885 2518 ab
2915 2465 3005 2518 illo
3052 2465 3348 2532 quidquam
3377 2482 3494 2519 om-

1904 2551 2036 2604 nino
2076 2551 2292 2619 petatis.
2338 2551 2455 2605 Non
2509 2562 2727 2621 oportet
2778 2553 2959 2624 itaque
3003 2564 3209 2624 petere,
3240 2571 3361 2626 quae
3391 2573 3494 2611 nec

1907 2642 2054 2695 utilia
2101 2652 2231 2696 sunt
2270 2657 2373 2697 nec
2432 2645 2769 2707 necessaria,
2835 2647 2980 2700 sicut
3039 2649 3294 2713 diximus,
3346 2651 3493 2718 quod

1903 2741 1990 2787 est
2037 2732 2348 2802 batt010giae
2396 2734 2609 2789 vitium.
2661 2734 2799 2801 Quia
2843 2737 2989 2789 enim
3039 2747 3193 2805 pater
3249 2749 3353 2799 est,
3408 2740 3495 2792 in-

1905 2823 2164 2894 dignatur
2216 2823 2342 2878 filiis
2412 2825 2730 2893 petentibus
2787 2841 2909 2895 qua:
2956 2842 3068 2880 non
3132 2828 3491 2892 conveniunt.

1904 2913 2106 2971 Verum
2151 2915 2194 2970 si
2236 2916 2388 2970 novit
2436 2916 2636 2984 quibus
2686 2917 2844 2972 nobis
2899 2919 2970 2973 sit
3022 2934 3180 2989 Opus,
3228 2935 3327 2974 cur.
3379 2920 3495 2975 ba-c

1905 3010 2132 3064 omnino
2185 3009 2254 3064 ab
2304 3024 2372 3064 eo
2435 3008 2818 3078 postulamus?
2860 3009 3022 3064 Plane
3075 3025 3184 3063 non
3217 3019 3276 3064 ut
3315 3011 3490 3075 ipsum

1907 3100 2222 3164 doceamus,
2273 3098 2366 3153 sed
2402 3108 2460 3152 ut
2495 3099 2954 3161 demonstremus,
2986 3099 3129 3168 quod
3163 3114 3289 3152 eum
3331 3099 3495 3153 babes

224 3188 395 3242 αὑτοῦ
425 3188 525 3259 την
554 3187 744 3242 ἐλπίδα
766 3191 861 3259 τῆς
895 3189 1151 3258 προνοίας
1183 3194 1278 3244 καὶ
1319 3194 1596 3262 σωτηρίας
1623 3195 1801 3265 ἡμῶν,

1910 3207 2032 3246 mus
2061 3191 2413 3245 educatorem
2462 3204 2526 3244 ac
2553 3188 2868 3252 Dominum,
2921 3198 3089 3258 utque
3131 3190 3200 3243 ab
3236 3190 3354 3259 ipso
3378 3191 3495 3244 solo

223 3280 668 3350 ἑπικάμπτωμεν
721 3281 1130 3352 εὐχερέστερον.

304 3463 394 3523 Ὦς
427 3461 527 3531 μιν
553 3459 661 3531 γὰρ
693 3460 892 3531 πατὴρ,
939 3462 1034 3514 καὶ
1072 3457 1211 3514 οἶδεν
1254 3457 1329 3516 ὧν
1377 3463 1675 3534 χρῄζομεν,
1711 3467 1806 3520 καὶ

225 3551 445 3622 ἕτοιμός
475 3553 592 3604 ἐστι
620 3551 886 3621 παρέχειν
935 3553 1003 3605 τὰ
1042 3552 1299 3624 χρειώδη’
1351 3553 1509 3626 ζητεῖ
1556 3555 1615 3609 δὲ
1654 3557 1806 3625 ὅμως

230 3645 326 3698 καὶ
349 3643 447 3712 τὴν
485 3642 615 3711 παρ’
639 3643 797 3712 ἡμῶν
829 3643 1071 3713 αἴτησιν,
1105 3644 1193 3697 διὰ
1223 3645 1322 3707 τὰς
1349 3645 1692 3714 δηλωθείσας
1721 3649 1804 3700 ai-

229 3735 372 3796 τίας.
405 3733 593 3785 Ταῦτα
624 3714 864 3801 διδάξας,
897 3735 1235 3804 παραδίδωσι
1270 3736 1363 3788 καὶ
1393 3737 1565 3790 τύπον
1616 3739 1805 3809 εὐχῆς,

230 3825 328 3893 οὐχ
379 3825 469 3878 ἵνα
517 3824 723 3895 ταύτην
783 3824 950 3896 μόνην
989 3826 1087 3897 την
1138 3827 1305 3898 εὐχὴν
1339 3827 1648 3900 εὐχώμεθα,
1687 3831 1805 3885 ἀλλ’

232 3916 340 3982 ἶνα,
379 3917 584 3987 ταύτην
631 3916 850 3986 ἔχοντες
908 3917 1094 3988 πηγὴν
1142 3919 1308 3988 εὐχῆς
1383 3921 1448 3972 ὲκ
1475 3921 1678 3990 ταύτης
1709 3924 1808 3996 ἀρ-

231 4008 491 4078 ῥυώμεθα
520 4010 618 4070 τὰς
657 4007 863 4073 ἑννοίας
904 4009 1012 4063 τῶν
1042 4011 1236 4080 εὐχῶν.

303 4165 498 4230 Οὕτως
532 4192 604 4205 --
636 4165 841 4233 ὑμεῖς..
877 4167 1030 4230 Πῶς;

299 4263 494 4323 Πάτερ
525 4290 601 4301 -
631 4261 929 4328 οὐρανοῖς.
979 4264 1251 4336 Ἐκάστην
1280 4267 1425 4332 λέξιν
1466 4269 1807 4333 ἐξεταστέον.

237 4353 466 4407 Κελεύει
499 4355 610 4424 γὰρ
641 4354 843 4422 λέγειν,
876 4355 958 4415 τὸ,
991 4354 1184 4424 Πάτερ
1231 4359 1353 4427 μὲν,
1387 4359 1473 4410 ἵνα
1500 4361 1574 4430 (l)
1615 4379 1811 4431 μιμνη-

233 4442 495 4512 εκώμεθα
541 4444 641 4510 τῆς
700 4443 912 4497 ἄνωθεν
962 4445 1267 4511 εὐγενείας,
1303 4449 1399 4499 καὶ
1449 4449 1567 4512 οἵας
1599 4450 1809 4520 δωρεᾶς

1910 3283 2235 3352 pendentes,
2267 3279 2484 3334 facilius
2549 3295 2676 3334 eum
2732 3278 3018 3336 ﬂectamus
3078 3282 3169 3350 qui
3226 3296 3351 3350 spes
3410 3289 3496 3336 est

1907 3373 2099 3428 salutis
2138 3388 2203 3427 ac
2246 3371 2603 3442 providentiae
2631 3380 2856 3425 nostra.

1980 3463 2262 3533 Tanquam
2299 3470 2452 3533 pater
2489 3462 2640 3516 enim
2669 3470 2725 3515 et
2753 3461 2905 3516 novit
2932 3462 3130 3530 quibus
3165 3462 3320 3516 nobis
3357 3478 3496 3532 opus

1909 3556 2001 3622 sit,
2053 3564 2110 3610 et
2151 3555 2392 3610 tribuere
2425 3561 2652 3622 paratus
2681 3561 2786 3617 est,
2825 3567 2947 3623 qua
3013 3554 3320 3606 necessaria
3365 3562 3496 3607 sunt

1909 3655 2004 3701 aut
2065 3645 2259 3712 utilia;
2297 3643 2460 3713 exigit
2499 3651 2701 3707 tamen,
2758 3650 2819 3694 ut
2869 3641 2938 3695 ob
2964 3640 3140 3695 dictas
3171 3655 3364 3695 causas
3395 3657 3495 3696 nos

1910 3739 2000 3793 illa
2067 3746 2337 3808 petamus.
2439 3733 2567 3789 Haec
2637 3741 2930 3803 postquam
3013 3731 3223 3797 docuit,
3289 3733 3497 3802 praebet

1911 3830 2074 3884 etiam
2153 3826 2374 3881 modum
2447 3823 2741 3888 orationis,
2808 3837 2919 3877 non
2990 3833 3052 3877 ut
3123 3822 3226 3877 bac
3279 3831 3494 3877 tantum

1910 3919 2163 3974 oratione
2244 3931 2559 3986 precemur,
2648 3915 2747 3969 sed
2831 3922 2892 3968 ut
2965 3911 3154 3967 habito
3231 3913 3496 3967 orationis

1911 4012 2084 4075 fonte,
2153 4010 2221 4064 ab
2268 4010 2388 4079 ipso
2452 4007 2834 4078 precationum
2905 4003 3321 4076 intelligentiam
3355 4005 3494 4058 bau-

1913 4102 2137 4154 riamus.

1984 4191 2137 4255 Vers,
2169 4192 2223 4247 9.
2253 4189 2340 4244 Sic
2361 4203 2550 4242 —vos.
2591 4185 2840 4253 Quonam
2873 4185 3069 4240 modo?

1985 4284 2139 4337 νει-ε.
2161 4285 2214 4336 9.
2245 4281 2409 4335 Pater
2437 4310 2507 4319 —
2530 4278 2693 4332 catis.
2717 4277 2962 4349 Singulas
2987 4276 3260 4332 dictiones
3288 4277 3494 4345 ponde-

1913 4375 2099 4429 randa:
2138 4383 2284 4427 sunt.
2333 4371 2499 4424 Jubet
2544 4370 2693 4423 enim
2750 4377 2810 4423 ut
2859 4370 3131 4430 dicamus,
3193 4365 3375 4427 Pater,
3433 4373 3493 4418 ut

1914 4464 2194 4518 caelestem
2245 4461 2628 4531 cognationem
2657 4459 2726 4512 ad
2778 4457 3102 4512 memoriam
3146 4470 3490 4518 revocetnus,

230 4532 570 4603 ἠξιώθημεν,
627 4533 1034 4604 υίοθετηθέντες
1089 4536 1166 4606 τῷ
1204 4537 1343 4607 Θεῷ,
1377 4541 1471 4592 καὶ
1520 4541 1604 4593 ἵνα
1642 4543 1708 4607 αξ
1732 4562 1802 4607 ως

1911 4563 1966 4610 et
2019 4570 2126 4623 quo
2180 4567 2406 4605 munere
2445 4551 2623 4606 allecti
2683 4549 2885 4614 simus,
2942 4557 3071 4618 puta
3133 4548 3316 4603 divina
3358 4548 3493 4603 adea-

230 4626 444 4696 Πατρδς
481 4625 725 4678 τοιούτου
784 4626 1227 4698 πολιτευώμεθα·
1257 4630 1287 4682 δ
1317 4634 1426 4701 γὰρ
1447 4633 1669 4701 φαύλως
1703 4638 1803 4704 μὲν

230 4716 385 4785 βιῶν,
420 4717 642 4787 Πατέρα
668 4717 722 4769 δὲ
763 4718 956 4772 ἑαυτοῦ
994 4721 1085 4772 τὸν
1115 4720 1249 4773 Θεὸν
1297 4723 1602 4794 ὀνομάζων.
1634 4746 1806 4781 κατα-

227 4809 482 4875 ψεύδεται
516 4815 610 4862 καὶ
655 4811 750 4862 τοῦ
789 4809 922 4863 Θεοῦ
979 4812 1072 4864 καὶ
1106 4813 1323 4867 ἑαυτοῦ.
1363 4815 1435 4867 Τὸ
1480 4817 1536 4868 δὲ
1587 4818 1806 4888 Ἠμῶν,

227 4896 316 4948 ῐνα
375 4895 762 4964 γ.νώσκωμεν,
822 4900 904 4950 ὅτι
952 4897 1177 4969 ἀδελφοὶ
1240 4901 1488 4972 αλλήλων
1530 4908 1578 4959 oi
1626 4910 1809 4962 πιστοὶ

227 4990 428 5051 πάντες
456 4989 644 5058 ἐσμὲν,
672 4989 864 5052 κοινῶς
887 4990 1293 5062 υίοθετηθέντες
1314 4995 1389 5066 τῷ
1425 4999 1504 5049 ἑνὶ
1539 5003 1629 5051 καὶ
1662 5004 1809 5073 μόνῳ

223 5079 364 5149 Θεῷ,
396 5083 492 5134 καὶ
519 5080 607 5135 ἴνα
629 5081 787 5135 τοῦτο
817 5084 1054 5155 συνεχῶς
1101 5087 1510 5159 ὁμολογοῦντες,
1570 5096 1645 5166 μὴ
1677 5115 1808 5150 κατ-

221 5170 590 5244 επαιρώμεθα
651 5172 761 5228 τῶν
795 5177 1092 5242 ταπεινῶν,
1139 5179 1278 5248 μηδέ
1311 5181 1448 5245 ὅλως
1481 5186 1723 5240 ἐναντίον
1754 5206 1807 5242 τι

221 5264 368 5316 κατὰ
398 5263 508 5315 τῶν
540 5263 787 5334 ἀδελφῶν
829 5270 989 5337 ἡμῶν
1018 5270 1051 5340 ἦ
1087 5270 1427 5341 μελετῶμεν.
1471 5277 1504 5347 ἢ
1533 5277 1804 5348 λέγωμεν,

1913 4647 2122 4716 ptione,
2165 4656 2218 4698 et
2247 4655 2301 4697 ut
2327 4643 2486 4714 digne
2546 4642 2637 4695 tali
2700 4652 2852 4710 patre
2914 4654 3327 4694 conversemur.
3389 4640 3494 4702 Qui

1915 4739 2059 4793 enim
2091 4753 2252 4806 prave
2280 4737 2468 4789 vivens
2498 4735 2665 4788 Deum
2693 4739 2850 4788 vocat
2883 4731 3098 4786 Patrem
3132 4746 3315 4797 suum,
3342 4742 3397 4788 et
3430 4734 3495 4802 in

1914 4817 2106 4891 Deum,
2127 4828 2248 4880 ctin
2275 4825 2514 4893 seipsum
2543 4821 2828 4875 mentitur.
2865 4820 3119 4873 Nostrum
3135 4829 3318 4874 autem
3356 4819 3497 4875 dici-

1918 4935 2040 4973 mus
2084 4917 2324 4980 Patrem,
2361 4924 2421 4969 ut
2456 4927 2817 4981 agnoscamus
2833 4912 2977 4980 quod
2998 4911 3198 4966 fratres
3230 4910 3379 4966 inter
3394 4927 3495 4968 nos

1919 5019 2109 5066 mutuo
2120 5009 2292 5064 simus
2309 5007 2492 5062 fideles
2505 5019 2726 5059 omnes:
2757 5004 3126 5058 communiter
3139 5003 3207 5057 ab
3220 5018 3331 5057 uno
3347 5004 3495 5059 solo-

1916 5115 2023 5169 que
2043 5098 2155 5153 Deo
2174 5095 2436 5165 ad0ptati,
2462 5104 2585 5148 etut
2608 5093 2675 5147 de
2695 5093 2798 5147 hoc
2816 5093 3075 5147 continue
3091 5092 3492 5162 colloquentes,

1917 5189 2228 5255 obltumilia
2253 5187 2313 5259 (ί)
2333 5202 2440 5241 non
2459 5186 2788 5240 extollamur
2815 5202 2828 5237 :
2855 5198 3032 5253 neque
3055 5186 3280 5237 omnino
3299 5185 3495 5237 adver-

1917 5297 2013 5337 sus
2060 5280 2260 5334 fratres
2308 5289 2529 5334 nostros
2566 5277 2652 5331 vel
2710 5274 3013 5345 cogitemus
3074 5275 3378 5345 quidpiam,
3407 5275 3494 5328 vcl

1423 5410 1625 5472 Variae
1663 5413 1971 5478 lectiones
2002 5422 2064 5476 et
2099 5421 2288 5475 nota).

220 5618 244 5632 .
294 5547 448 5669 (99)A
473 5546 689 5601 Inclusa
741 5546 1084 5604 exciderunt.
1140 5548 1195 5600 ln
1252 5566 1418 5604 causa
1459 5552 1560 5607 fuit
1609 5555 1812 5626 duplex

220 5633 372 5669 οταν.
457 5656 473 5669 .

219 5633 372 5671 οταν.
405 5633 473 5671 Α.

1995 5559 2071 5629 (1)
2103 5559 2190 5614 ἴνα
2225 5558 2777 5630 ἁναμιμνησκώμεῡα
2808 5559 2870 5610 Α.

289 5774 352 5842 ιι)
414 5772 810 5840 colloquentes,
849 5778 910 5827 ob
939 5777 1181 5830 humilia.
1217 5777 1564 5845 Promentcs,
1610 5791 1799 5839 contra
1831 5785 2079 5843 humiles.

553 5868 828 5929 ΡΑτιιοι..
875 5873 989 5931 Gn.
1034 5874 1302 5938 CXXIX.
