4122 6448
179 471 270 510 0'1

1071 477 1464 536 COMMENT.
1511 475 1591 533 ΙΝ
1637 473 2111 534 ΜΑΎΤΗΛΞΙῘΜ.
2153 498 2220 509 --
2261 473 2421 532 CAP.
2463 471 2560 534 Vl.

3340 463 3448 524 2i).

181 579 308 640 Υἱδς
342 579 646 649 δηλωτικδς
671 582 764 634 τοῦ
803 583 1037 652 Πατρός.
1083 585 1339 639 Βασιλεία
1370 585 1448 647 δὲ,
1494 586 1552 636 τὸ
1611 586 1765 652 ἅγιον

1894 585 2120 653 legnum
2146 592 2328 636 autem
2358 582 2596 651 Spiritus
2625 589 2847 634 sanctus
2873 579 3108 641 dicatur,
3141 577 3212 631 ob
3239 576 3452 630 divino-

185 671 300 740 (15)
344 670 594 739 Πνεῦμα,
625 673 710 726 διὰ
735 674 824 726 τὸν
860 675 1092 728 πλοῦτον
1134 677 1242 728 τῶν
1288 677 1446 728 θείων
1479 677 1757 744 χαρισμά-

179 777 310 813 ¹των.
356 762 512 814 Ἐπεὶ
544 764 648 816 δὲὸ
680 765 914 830 Χριστὸς
948 767 1159 834 κεφαλή
1204 770 1352 819 ἐστιν
1388 767 1566 834 ἡμῶν,
1602 768 1761 832 ἅγιαι

181 851 427 919 ξομένων
457 853 634 921 ἡμῶν,
671 855 776 906 τῶν
809 857 988 924 μελῶν
1041 858 1229 920 αὑτοῦ,
1263 860 1330 910 δι’
1379 858 1624 923 ἁγνείας,
1667 857 1763 908 αὐ-

180 941 270 1002 τὸς
293 943 604 1008 ἁγιάζεται,
644 946 737 997 καὶ
770 946 1122 1012 ἀγιασθεῖσιν
1158 950 1411 1016 ἐπιφοιτᾷ
1442 948 1502 998 τὸ
1541 947 1763 1015 Πνεῦμα

181 1032 240 1082 τὸ
285 1032 462 1099 ἆγιον.
526 1034 752 1103 Θέλημα
811 1036 868 1088 δὲ
930 1035 1024 1088 τοῦ
1085 1038 1295 1108 [ἰατρὸς
1331 1040 1389 1090 ὲν
1432 1039 1702 1107 οὐρανοῖς,
1732 1041 1764 1107 ἡ

182 1119 378 1184 λογικὴ
435 1123 544 1172 τῶν
598 1123 942 1192 ἐπουρανίων
996 1125 1205 1188 τάξεων
1250 1127 1497 1196 λατρεία.
1561 1128 1765 1196 Είρηκε

182 1214 290 1278 γὰρ
319 1213 413 1262 καὶ
473 1213 608 1280 πρὸς
654 1214 745 1265 τὸν
793 1218 989 1269 Δαυῖδο
1044 1219 1103 1270 Τί
1132 1216 1241 1285 γάρ
1261 1236 1364 1286 μοι
1402 1217 1657 1286 ὑπάρχει
1693 1221 1765 1272 ἑν

184 1299 264 1361 τῷ
288 1300 528 1366 οὐραγῷ
557 1305 711 1373 παρὰ
736 1306 844 1357 τῶν
881 1307 1152 1373 ἀγγέλων.
1188 1308 1341 1360 οὐδὲν
1369 1309 1454 1359 Et:
1466 1326 1575 1374 ρον,
1624 1309 1768 1378 πλὴν

185 1390 286 1456 τῆς
347 1390 574 1460 λογικῆς
608 1393 862 1462 λατρείας
909 1396 1184 1461 δηλονότι⁹
1231 1398 1322 1448 καὶ
1354 1400 1504 1462 παρὰ
1556 1398 1647 1450 σοῦ
1674 1399 1767 1450 τοῦ

183 1480 500 1550 ἀνθρώπου,
538 1486 595 1537 τί
635 1487 910 1553 ἠθέλησα
941 1488 1037 1540 ἐπὶ
1070 1486 1180 1554 τῆς
1201 1487 1349 1556 γῆς
1385 1489 1537 1542 οὐδὲν
1583 1490 1767 1559 ἕτερον

183 1572 216 1640 ἧ
244 1571 474 1641 ταύτην.
529 1574 678 1644 Αὕτη
715 1576 824 1646 γὰρ
849 1577 910 1628 τὸ
939 1578 1237 1643 ἀναγκαῖον
1287 1579 1382 1629 καὶ
1424 1577 1770 1648 προηγούμε-

181 1678 294 1718 νον.
331 1665 541 1732 Δογικὴ
571 1665 627 1717 δὲ
661 1665 888 1733 λατρεία
934 1669 1163 1736 κυρίως,
1205 1669 1266 1720 τὸ
1289 1669 1490 1721 τείνειν
1521 1671 1612 1722 τὸν
1645 1671 1769 1724 νοῦν

182 1753 322 1820 πρὸς
369 1753 463 1805 τὸν
514 1754 668 1820 Θεὸν,
733 1757 812 1826 τῷ
862 1775 922 1808 τε
970 1759 1112 1810 κατὰ
1154 1759 1344 1812 παθῶν
1377 1760 1468 1812 καὶ
1502 1761 1771 1829 δαιμόνων

181 1841 345 1910 θυμῷ
396 1844 780 1914 νευρούμενον,
817 1848 913 1899 καὶ
946 1849 1012 1916 τῇ
1049 1847 1320 1918 ἐπιθυμίᾳ
1377 1849 1485 1901 τῶν
1519 1850 1631 1902 ἀνω
1668 1869 1772 1902 πυ-

1868 691 1985 726 rum
2045 674 2314 726 donorum
2378 672 2616 725 divitias.
2674 669 3038 752 Qttia_.igitttr
3080 667 3337 720 Christus
3367 675 3449 718 est

1866 772 2030 830 caput
2095 774 2364 827 nostrum,
2418 761 2574 816 nobis
2634 761 2725 828 qui
2797 759 3038 813 membra
3075 758 3194 825 ejus
3236 769 3448 814 sumus,

1869 868 1966 920 per
1998 852 2116 905 vit-.1:
2145 851 2437 920 puritatem
2467 849 2820 904 sanetiﬁcatis
2878 858 2930 902 et
2958 849 3068 915 jam
3103 848 3220 915 ipse
3247 846 3450 898 sancti-

1868 941 2061 993 ﬁcatur
2104 958 2118 1006 ;
2156 941 2244 994 ubi
2287 957 2415 994 vero
2443 940 2769 994 sanctilieati
2827 952 3037 1000 smnus,
3106 935 3321 988 accedit
3384 931 3450 983 ad

1867 1047 1968 1084 nos
1997 1031 2234 1100 Spiritus
2285 1041 2528 1086 sanctus.
2573 1029 2839 1083 Voluntas
2889 1037 3072 1081 autem
3125 1024 3301 1078 Patris
3336 1039 3454 1090 qua:

1869 1123 1929 1176 lit
1980 1124 2036 1177 in
2095 1122 2274 1184 caelis,
2334 1122 2763 1177 est.ratioua'.is
2811 1119 3120 1174 cmicstium
3190 1117 3454 1169 virtutum

1873 1215 2072 1268 cultus.
2105 1214 2247 1268 Dixit
2297 1215 2441 1267 enim
2474 1224 2523 1266 et
2555 1215 2622 1268 ad
2682 1212 2846 1265 David
2884 1231 2896 1265 :
2945 1209 3082 1274 Quid
3117 1207 3244 1260 mihi
3287 1215 3363 1259 est
3408 1205 3459 1255 in

1871 1305 2015 1366 caelo,
2050 1306 2118 1358 ab
2152 1305 2358 1374 angelis
2383 1305 2634 1358 videlicet
2660 1304 2681 1355 ’ἓ
2711 1318 2888 1372 neque
2915 1301 3060 1354 enim
3088 1299 3234 1351 aliud
3267 1305 3465 1366 praeter

1873 1395 2190 1447 rationalem
2244 1395 2498 1459 cultum;
2549 1404 2601 1448 ct
2665 1410 2693 1446 a
2749 1391 3072 1449 tehomine
3134 1389 3261 1458 quid
3327 1386 3466 1439 volui

1872 1502 2030 1552 super
2049 1498 2244 1538 terram
2279 1486 2363 1537 ‘5?
2386 1485 2532 1539 Nihil
2551 1486 2697 1538 aliud
2721 1495 2921 1554 prieter
2948 1482 3202 1537 eumdem
3231 1478 3463 1543 cultum,

1871 1576 1964 1644 qui
1985 1585 2067 1630 est
2084 1577 2136 1630 id
2157 1577 2302 1644 quod
2327 1576 2698 1631 necessarium
2715 1585 2823 1637 est,
2841 1572 3053 1628 eieteris
3078 1581 3460 1637 prmemmcns.

1876 1669 2180 1723 Rationalis
2235 1681 2416 1724 autem
2481 1671 2661 1724 cultus
2722 1679 2826 1732 est,
2881 1677 3120 1722 mentem
3177 1663 3244 1717 ad
3299 1662 3466 1716 Deum

1876 1760 2104 1814 tendere
2135 1761 2432 1825 intensam,
2459 1775 2522 1814 ac
2551 1775 2917 1829 supernorum
2944 1757 3223 1812 desiderio
3243 1767 3470 1808 succen-

1879 1862 2018 1913 sam,
2045 1864 2170 1904 cum
2213 1850 2382 1902 animi
2415 1851 2617 1918 impetu
2645 1849 2913 1903 adversus
2945 1845 3148 1899 tuentis
3177 1840 3469 1912 perturba-

183 1913 594 2000 ρούμενονξὉ
649 1935 693 1986 δ’
745 1937 917 2005 ἄρτος
966 1913 1126 2008 ἡμῶν
1174 1913 1434 2001 διπλοῦς·
1495 1941 1522 1993 6
1571 1942 1671 2008 μὲν
1708 1946 1774 2013 τῇ

1890 1939 2062 1994 tiones
2092 1956 2156 1994 ac
2191 1942 2491 1994 daemones.
2523 1940 2686 1994 Panis
2711 1955 2841 1993 vero
2869 1946 3056 1992 noster
3081 1936 3286 2004 duplex
3332 1940 3416 1986 est
3459 1948 3470 1981 :

180 2022 345 2092 οὐσίᾳ
399 2025 499 2092 τῆς
546 2025 728 2095 ψυχῆς
769 2028 1099 2096 ἐπιτήδειος,
1140 2031 1168 2080 6
1231 2031 1570 2096 γνωστικδς,
1625 2033 1775 2093 ὅστις

183 2115 606 2182 ὲπιχορηγεῖται
639 2119 780 2170 κατά
809 2119 908 2187 τὴν
940 2119 1049 2170 τῶν
1089 2119 1394 2188 δεχομένων
1438 2120 1671 2190 δύναμιν
1706 2137 1718 2151 ⁸
1752 2124 1779 2174 6

183 2201 259 2262 δὲ,
293 2205 362 2270 τῇ
399 2203 563 2272 οὐσίᾳ
623 2205 718 2256 τοῦ
794 2206 1048 2274 σώματος
1096 2208 1378 2276 ἁρμόδιος,
1414 2211 1440 2260 ὀ
1482 2210 1772 2278 αἰσθητός·

184 2291 283 2342 καὶ
311 2293 340 2342 ὁ
369 2293 468 2360 μὲν
502 2293 729 2358 ἀνωθεν,
774 2298 802 2347 6
847 2295 904 2346 δὲ
927 2297 1174 2348 κάτωθεν
1223 2299 1617 2368 παρεχόμενος.
1671 2302 1779 2354 Καὶ⁴

183 2381 212 2431 ὁ
241 2383 553 2451 πειρασμὸς
582 2384 636 2435 δὲ
665 2385 842 2449 διττός
882 2403 896 2419 ·
933 2388 961 2437 6
999 2386 1099 2455 μὲν
1141 2389 1410 2457 ὲνήδονος,
1449 2391 1476 2440 6
1505 2391 1561 2443 δι
1603 2392 1780 2444 ὲνόδυ-

190 2487 280 2532 νος
312 2487 328 2502 ⁸
356 2474 451 2524 καὶ
475 2475 503 2526 6
537 2475 636 2542 μὲν
665 2477 914 2539 ἑκούσιος
966 2479 1059 2530 καὶ
1099 2481 1382 2550 γεννήτωρ
1415 2482 1626 2548 παθῶν,
1661 2487 1688 2534 ὁ
1724 2484 1780 2535 δὲ

185 2560 472 2627 ἀκούσιος,
507 2568 600 2616 καὶ
641 2567 940 2636 ἀναιρέτης
980 2568 1193 2624 παθῶν.
1227 2571 1332 2623 Τὸν
1371 2573 1473 2640 μὲν
1501 2572 1596 2625 οὖν
1625 2576 1782 2629 6x06-

189 2669 308 2704 σιον
362 2654 587 2721 φεύγειν
621 2659 726 2727 χρή
752 2676 764 2690 ο
799 2657 892 2709 τὸν
918 2659 962 2708 δ’
1002 2659 1262 2712 ἀκούσιον
1295 2663 1635 2731 ἀπεύχεσθαι
1683 2669 1782 2736 μὲν

186 2742 281 2794 διὰ
313 2744 415 2812 τὴν
469 2747 753 2799 ἀσθένειαν
785 2749 964 2818 ἡμῶν,
1028 2751 1330 2804 ἐπελθόντα
1386 2752 1443 2805 δὲ
1487 2755 1783 2824 ὑπομένειν

186 2840 483 2902 γενναίως,
516 2841 591 2902 ὡς
645 2843 1042 2913 καθαρτήριον.
1083 2846 1238 2898 Ἐστι
1272 2846 1329 2898 δὲ
1365 2849 1460 2899 καὶ
1497 2848 1627 2900 ἄλλο
1665 2866 1784 2901 πειο

193 2930 434 2996 ρασμῶν
465 2925 626 2994 εἶδος,
668 2934 729 2985 τὸ
758 2934 1212 3005 δοκιμαστήριον.
1262 2940 1395 2991 Ἀπὸ
1419 2941 1513 2992 τοῦ
1543 2942 1783 3012 πονηροῦ

187 3018 251 3069 δὲ
308 3018 340 3087 ἢ
377 3019 472 3071 τοῦ
497 3020 772 3089 δαίμονος,
809 3025 843 3093 ἢ
877 3025 970 3078 τοῦ
1008 3027 1390 3100 πράγματος.]

271 3279 477 3331 Ὀτι-
517 3281 727 3350 Ἀμήν.
772 3285 1215 3356 Ἀκροτελεύτιον
1239 3291 1337 3360 τῆς
1365 3293 1553 3362 εὐχῆς,
1588 3295 1790 3360 εὐγνω⁸
1818 3256 1861 3312 C

201 3371 414 3442 μοσύνη
468 3375 578 3426 τῶν
626 3377 961 3446 εὐχομένων,
1026 3385 1120 3434 καὶ
1181 3385 1429 3452 εὐφημία
1480 3385 1574 3438 τοῦ
1632 3387 1792 3441 θεοῦ.

197 3463 426 3516 Νοεῖται
458 3467 566 3535 γάρ
591 3484 606 3498 ο
645 3469 1122 3540 Πληρωθήτωσαν,
1154 3473 1190 3526 ἃ
1226 3476 1532 3544 ηὐξάμεθα,
1563 3477 1698 3530 διότι
1731 3480 1794 3532 σὺ

201 3554 473 3620 Βασιλεὺς
504 3559 686 3628 ήμῶν,
716 3565 810 3615 καὶ
851 3564 1078 3627 δυνατὸς
1111 3569 1191 3628 είς
1225 3569 1393 3630 ἆπαν,
1453 3570 1546 3621 καὶ
1575 3570 1795 3636 δεδοξα‹

199 3646 403 3711 σμένος
437 3648 542 3702 ἀεί.
588 3651 758 3703 Τοῦτο
801 3655 907 3722 γὰρ
935 3656 1085 3722 δηλοῖ
1114 3657 1194 3720 τὸ,
1221 3656 1326 3722 Εἰς
1363 3657 1509 3726 τοὺς
1545 3659 1792 3716 αίῶνατι.

204 3736 343 3806 Βερὶ
369 3739 426 3790 δὲ
460 3739 554 3792 τοῦ
592 3741 795 3810 Ἀμὴν,
831 3745 1090 3815 ἀνωτέρω
1117 3748 1350 3817 είρηται.

289 3919 434 3971 Ἐὰν
454 3951 519 3960 --
550 3921 734 3990 ὑμῶν.
796 3926 1182 3987 Ἐπανέλαϐεν,
1218 3930 1293 3992 ὠς
1343 3930 1669 4001 εἰρήκαμεν.
1707 3935 1798 3987 τὸν

200 4009 337 4078 περὶ
369 4010 559 4064 τούτου
613 4014 791 4082 λόγον,
842 4018 936 4070 καὶ
978 4020 1246 4072 πλατύνει
1291 4023 1504 4083 τοῦτον.
1559 4026 1796 4090 δεικνὺς,

203 4098 291 4150 ὅτι
352 4105 822 4170 περισπούδαστόν
881 4110 999 4160 ἐστι
1053 4109 1174 4180 Θεῷ
1221 4113 1280 4163 τὸ
1336 4114 1578 4167 τοιοῦτον
1615 4117 1794 4186 ἔργον.

208 4191 320 4241 Καὶ
355 4191 452 4260 ὅρα
486 4211 576 4261 μοι
609 4197 1024 4274 φιλανθρωπίας
1066 4203 1394 4272 ὑπερϐολήν.
1446 4205 1622 4273 Ἠμᾶς
1656 4212 1801 4261 ποιεῖ

207 4281 438 4347 κυρίους
499 4284 600 4352 τῆς
655 4286 759 4338 τῶν
836 4290 1256 4358 ἁμαρτημάτων
1312 4294 1468 4363 ἡμῶν
1527 4297 1794 4364 ἀφέσεως.

222 4369 369 4422 Ἀλλ’
423 4372 554 4434 ἴσως
609 4377 777 4443 ἐρεῖς,
828 4380 911 4431 ὅτι
976 4381 1146 4434 πολλὰ
1170 4385 1264 4436 καὶ
1292 4385 1504 4452 μεγάλα
1537 4389 1799 4458 πεπλημ-

213 4461 454 4528 μέληκεν
476 4464 504 4515 6
534 4466 799 4536 ἀδικήσας
821 4481 836 4498 ’
868 4471 1006 4523 ἀλλὰ
1037 4471 1101 4523 σὺ
1141 4475 1362 4526 πλείονα
1413 4479 1506 4528 καὶ
1552 4478 1796 4546 μείζονα.

1888 2047 2033 2085 unus
2075 2031 2296 2099 quidem
2348 2045 2626 2100 congruus
2682 2028 3004 2083 substantia:
3055 2026 3278 2086 animae,
3338 2031 3466 2091 puta

1887 2123 2140 2182 scientia.
2187 2130 2240 2175 et
2275 2121 2397 2191 ὴαξο
2421 2122 2697 2190 praebetur
2741 2120 2894 2189 juxta
2942 2115 3330 2186 recipientium
3366 2115 3476 2166 vir-

1888 2220 2058 2266 tutem
2088 2230 2101 2278 ;
2135 2211 2276 2266 alius
2318 2226 2449 2264 vero
2500 2219 2709 2264 naturae
2763 2207 3032 2276 corporis,
3091 2202 3364 2258 sensibilis
3393 2202 3477 2252 ri-

1887 2303 2104 2358 delicet.
2173 2303 2237 2357 Et
2278 2304 2366 2356 ille
2415 2302 2636 2372 quidem
2683 2313 2924 2369 superne
2996 2300 3359 2358 ministratur,
3391 2292 3482 2344 hic.

1888 2403 2071 2448 autem
2128 2394 2364 2446 iut‘erne.
2413 2391 2676 2446 Tentatio
2724 2405 2940 2459 quoque
2993 2388 3194 2456 duplex
3254 2395 3358 2443 est.
3392 2400 3480 2435 vo—

1889 2484 2112 2553 luptatis
2153 2484 2410 2538 videlicet
2449 2499 2511 2538 ac
2545 2482 2776 2546 doloris,
2837 2492 2890 2535 et
2944 2482 3028 2534 illa
3066 2480 3285 2548 quidem
3315 2487 3471 2530 natu-

1891 2576 2020 2629 ralis
2048 2584 2152 2633 cst,
2205 2590 2267 2627 ac
2299 2575 2648 2642 perturbatio-
2676 2589 2764 2625 um
2799 2571 3108 2625 innatarum
3138 2588 3154 2630 ;
3194 2569 3311 2623 hmc
3349 2583 3478 2621 vero

1893 2665 2256 2718 invi-Inularia
2292 2673 2396 2726 est,
2429 2672 2485 2717 et
2525 2664 2998 2733 perturbationum
3053 2671 3260 2715 natura:
3291 2662 3485 2713 adver-

1892 2755 2154 2808 santium.
2194 2753 2568 2808 Voluntariam
2604 2753 2766 2823 igitur
2804 2753 2994 2820 fugere
3049 2761 3289 2820 oportet,
3333 2751 3487 2803 imo-

1894 2845 2184 2898 Iuntariam
2239 2861 2369 2898 vero
2411 2845 2655 2898 devitare.
2706 2844 2929 2914 quidem
2979 2852 3204 2912 propter
3243 2851 3484 2895 nostram

1895 2931 2374 2995 imbecillitatem;
2433 2941 2488 2984 at
2539 2931 2641 2984 nbi-
2685 2932 2918 2994 vent-rit,
2971 2940 3230 2997 tanquam
3287 2945 3484 2998 purga-

1898 3023 2064 3075 tivam
2127 3023 2359 3075 viriliter
2426 3023 2723 3076 sustinere.
2799 3022 2896 3075 Est
2953 3037 3172 3089 qumque
3220 3030 3274 3073 et
3339 3021 3486 3072 aliud

1899 3112 2258 3164 teutationum
2315 3126 2512 3180 genus,
2557 3113 2838 3164 sumenda:
2889 3109 3148 3163 videlicet
3193 3109 3486 3176 experien-

1901 3201 2006 3254 tia}.
2061 3203 2099 3253 Δ
2134 3202 2277 3254 malo
2328 3213 2532 3266 autem,
2599 3201 2846 3256 dmmone
2892 3201 3102 3255 scilicet
3136 3201 3216 3253 vel
3267 3215 3448 3267 opere.

1972 3292 2128 3346 Vers.
2161 3293 2248 3346 15.
2283 3293 2418 3356 Quia
2455 3323 2524 3332 —
2553 3295 2739 3346 Amen.
2780 3293 3036 3345 Extrema
3069 3290 3332 3345 orationis
3364 3305 3488 3357 pars

1898 3393 2000 3445 est,
2038 3399 2222 3437 eorum
2255 3384 2347 3452 qui
2380 3391 2539 3436 orant
2565 3383 2733 3436 animi
2765 3381 3060 3452 gratitude,
3094 3389 3264 3450 utque
3307 3381 3481 3433 Deum

1899 3475 2250 3527 benedieant.
2305 3473 2398 3528 Sic
2455 3489 2584 3542 ergo
2650 3473 2974 3543 intelligitur
3030 3487 3044 3523 :
3095 3470 3490 3541 Complcantur

1899 3567 2015 3620 haec
2066 3581 2187 3635 qua:
2238 3566 2618 3635 postulamus;
2680 3575 2734 3619 tu
2786 3566 2932 3618 enim
2986 3564 3101 3617 Rex
3156 3571 3346 3616 noster
3404 3578 3485 3622 es,

1901 3668 2093 3728 potens
2120 3659 2186 3711 ad
2225 3674 2287 3711 ea
2339 3656 2695 3718 conferenda,
2733 3671 3065 3725 semperque
3102 3655 3398 3722 gloriosus.
3424 3655 3488 3705 lit

1901 3749 2006 3803 hoc
2036 3750 2240 3803 indicat
2269 3751 2412 3816 quod
2447 3748 2688 3813 additur,
2752 3750 2806 3800 in
2855 3747 3069 3801 sarcula.
3126 3746 3200 3799 De
3251 3744 3491 3798 dictione

1900 3841 2069 3895 Amen
2102 3841 2357 3910 superius
2413 3841 2619 3893 dictum
2659 3849 2763 3892 est.

1973 3929 2128 3986 Vers.
2178 3932 2264 3985 H.
2323 3929 2382 3984 Si
2415 3931 2665 3985 ---Vers.
2724 3930 2810 3984 15.
2867 3938 3060 3983 vestra.
3108 3928 3354 3990 lteravit,
3435 3937 3493 3980 ut

1902 4023 2160 4087 diximus,
2208 4023 2274 4074 de
2317 4023 2418 4075 hac
2447 4036 2506 4075 re
2553 4035 2862 4074 sermonem
2918 4020 3208 4089 ipsumque
3281 4019 3489 4082 dilatat,

1902 4114 2198 4168 Ostendens
2223 4110 2537 4180 bujusmodi
2561 4127 2699 4179 opus
2735 4126 2854 4164 esse
2883 4111 2994 4164 Deo
3026 4110 3262 4164 maxime
3328 4125 3488 4164 accc-

1904 4205 2124 4275 ptabile.
2180 4203 2478 4257 Considera
2507 4203 2668 4256 etiam
2699 4202 2855 4261 mihi,
2899 4203 3151 4263 obsecro,
3184 4203 3491 4255 humanita-

1903 4297 1972 4351 tis
1991 4295 2435 4363 magnitudinem.
2468 4295 2523 4347 In
2548 4306 2733 4348 nostra
2761 4293 3337 4364 constituitIpotestate
3370 4310 3494 4363 pec-

1903 4396 2149 4442 catorum
2216 4394 2528 4438 nostrorum
2587 4383 2993 4439 remissionem.
3078 4385 3146 4438 At
3180 4385 3329 4438 dices
3381 4384 3495 4438 lor-

1907 4476 2091 4540 tassis,
2154 4475 2300 4543 quod
2371 4474 2423 4526 in
2478 4474 2665 4527 multis
2737 4474 3084 4542 deliuquens,
3161 4474 3362 4542 injuria
3447 4484 3497 4528 te

214 4553 328 4605 Καὶ
418 4555 516 4622 μὲν
546 4559 625 4619 εἰς
653 4559 744 4611 τὸν
769 4561 1078 4628 ὁμόδουλον,
1116 4566 1178 4616 σὺ
1203 4565 1257 4616 δὲ
1283 4568 1360 4628 εἰς
1385 4568 1476 4618 τὸν
1500 4571 1778 4638 Δεσπότην

1906 4566 2177 4620 allccerit.
2239 4563 2439 4617 Verum
2515 4575 2570 4618 tu
2627 4565 2678 4617 in
2741 4565 2989 4634 pluribus
3035 4574 3089 4619 et
3145 4565 3490 4634 majoribus:

215 4642 326 4694 Καὶ
371 4645 438 4695 σὺ
471 4647 594 4715 μὲν,
625 4649 880 4718 δεόμενος
913 4654 1185 4721 ἀφέσεως,
1218 4658 1452 4727 ἀφήσεις
1477 4676 1489 4688 ο
1531 4663 1556 4711 6
1583 4661 1639 4712 δὲ
1665 4662 1798 4724 Θεὸς

217 4734 292 4803 μὴ
323 4735 599 4820 δεόμενος.
640 4739 700 4793 El
729 4741 910 4797 τοίνυν
931 4746 1188 4812 ἀφήσεις,
1219 4751 1445 4802 σεαυτὸν
1489 4751 1800 4822 ἠλευθέρω-

216 4841 334 4888 σας.
373 4828 647 4895 Ἐσσεσας
679 4832 780 4902 μὲν
807 4836 916 4906 γὰρ
945 4839 1040 4890 τὸν
1075 4839 1266 4908 θυμδν,
1311 4842 1596 4911 ἀπήλασας
1620 4845 1674 4897 δὲ
1703 4846 1800 4915 τὴν

218 4921 638 4986 μνησικακίαν,
699 4927 995 4996 εἰσήγαγες
1069 4930 1266 5001 δὲτὴν
1363 4933 1803 5003 φιλανθρωπίαν.

219 5006 449 5071 ίλέωσας
482 5010 540 5066 δὲ
581 5011 672 5064 τὸν
706 5013 862 5080 Θεὸν,
893 5018 1335 5089 ὲπραγματεύσω
1387 5021 1443 5072 δὲ
1473 5023 1570 5090 τὴν
1594 5025 1802 5076 οἰκείαν

213 5098 430 5166 ἄφεσιν.

310 5285 472 5338 Οταν
500 5313 570 5326 --
601 5288 1020 5354 νηστεύοντες.
1059 5292 1427 5359 Νηστεύοντες
1451 5335 1463 5353 ,
1499 5296 1572 5364 μή
1609 5299 1800 5364 ἐπιτή-

215 5369 400 5426 δεύετε
439 5375 542 5444 τὴν
577 5376 1031 5450 σκυθρωπότήτα,
1067 5381 1315 5453 καθάπερ
1333 5388 1379 5436 οἱ
1407 5385 1800 5452 σπουδάζοντες

331 5555 373 5586 ⁸⁸
410 5553 558 5609 Psal.
586 5571 754 5621 um,
796 5561 885 5614 25.

1904 4666 1958 4708 et
2015 4657 2102 4710 ille
2155 4655 2377 4725 quidem
2449 4655 2500 4706 in
2555 4671 2911 4720 conservum,
2963 4665 3017 4710 tu
3085 4671 3217 4710 vero
3277 4658 3331 4709 in
3391 4658 3496 4710 Do-

1908 4749 2116 4801 minum
2154 4763 2168 4810 ;
2204 4756 2261 4800 tu
2300 4746 2551 4815 indigens
2617 4747 2940 4800 remissione
3003 4747 3272 4808 remittes,
3358 4746 3498 4800 Deus

1907 4854 2034 4892 vero
2078 4838 2280 4892 nullius
2312 4837 2561 4906 indigens
2591 4847 2696 4890 est.
2747 4837 2800 4890 Si
2855 4839 3038 4906 itaque
3069 4839 3374 4899 remiseris,
3414 4849 3494 4890 ιο·-

1909 4929 2087 4998 ipsum
2147 4928 2394 4982 liberasti
2431 4929 2608 4982 :iram
2650 4928 2920 4996 siquidem
2962 4928 3296 4988 exstinxisti,
3325 4931 3494 4980 malo-

1918 5037 2034 5072 rum
2093 5019 2408 5073 memoriam
2460 5019 2740 5086 expulisti,
2776 5020 3173 5089 benignitatem
3250 5021 3493 5079 induisti,

1919 5111 2087 5162 Deum
2123 5109 2214 5162 tibi
2241 5108 2537 5177 propitium
2561 5109 2857 5172 reddidisti,
2893 5111 3275 5179 pr0priamque
3308 5127 3499 5161 remis-

1913 5204 2122 5255 sionem
2175 5200 2498 5268 procurasti.

1986 5291 2135 5346 Vers.
2197 5291 2281 5344 l6.
2313 5291 2447 5345 Cum
2480 5292 2842 5361 —-jejunare.
2905 5289 2980 5344 Ne
3028 5291 3278 5344 tetricatu
3328 5289 3499 5344 tristi-

1912 5386 2038 5438 tiam
2092 5383 2380 5448 affectetis,
2403 5383 2550 5436 velut
2585 5383 2635 5436 hi
2664 5384 2755 5452 qui
2801 5384 2871 5437 ob
2923 5383 3134 5437 Iaudem
3179 5383 3496 5445 humanam,

1430 5627 1622 5686 Varia:
1647 5627 1949 5686 lectiones
1990 5636 2049 5687 et
2084 5641 2248 5690 ηοω

295 5794 410 5848 (15)
444 5793 581 5848 Vide
626 5811 745 5852 (tum
788 5795 978 5851 dixiin
1040 5796 1170 5850 edit.
1207 5796 1336 5850 bovi
1372 5795 1702 5850 'l'estamcnti
1738 5796 1801 5849 ad
1845 5793 1973 5848 Luc.
2011 5811 2062 5860 p.
2097 5795 2219 5861 507,
2258 5808 2381 5848 nutu
2427 5799 2506 5849 ιι,
