4122 6404
279 387 394 451 249

277 610 432 663 ματι,
467 594 557 646 ὅτε
584 594 961 647 κατατείνουσι
999 595 1111 663 (23)
1173 597 1334 651 τοῦτο
1365 601 1502 670 πρὸς
1547 604 1738 674 κτῆσιν
1769 609 1863 661 τοῦ

276 681 758 754 σπουδαζομένου,
815 688 908 749 καὶ
966 687 1172 757 ταύτης
1231 692 1491 759 κάκείνης
1548 695 1646 763 τῆς
1708 700 1865 768 μερί-

279 790 422 843 μνης
447 776 676 842 ἀπάγων
700 776 896 839 αὐτοὺς
919 779 947 830 ὀ
973 777 1197 847 Κύριος,
1227 775 1347 833 εἷπε
1367 799 1380 811 ·
1403 785 1459 834 Μ
1468 781 1500 848 ὴ
1519 787 1864 856 μεριμνᾶτε,

275 866 416 933 μήτε
446 869 513 935 τῇ
537 866 685 937 ψυχῇ
717 868 890 936 ὑμῶν,
921 869 1057 938 μήτε
1084 870 1162 938 τῷ
1180 870 1413 941 σώματι,
1438 876 1564 945 περὶ
1586 877 1862 948 βρώσεως,

273 959 370 1019 καὶ
393 959 629 1023 πόσεως,
669 962 761 1013 καὶ
793 959 1152 1034 ἐνδύματος.]

352 1050 500 1117 Οὐχὶ
539 1080 600 1091 -
635 1050 1004 1118 ἐνδύματος-ς
1036 1053 1210 1106 Τοῦτο
1247 1049 1369 1108 εἷπε
1404 1056 1604 1124 δηλῶν,
1638 1057 1718 1108 ὅτι
1747 1058 1774 1106 6
1804 1057 1865 1113 τὸ

272 1140 463 1193 πλεῖον
489 1142 613 1204 δοῦς
634 1143 788 1210 ἡμῖν,
807 1144 903 1195 καὶ
926 1143 986 1195 τὸ
1007 1143 1228 1197 ἔλαττον
1251 1146 1434 1202 δώσει.
1459 1147 1677 1200 {Maior
1698 1148 1776 1211 δὲ,
1804 1148 1864 1200 τὸ

276 1233 468 1300 μεῖζον
503 1231 672 1298 λέγει.

361 1408 732 1476 Ἐμὸἶιέψατε
761 1439 830 1451 -
860 1410 1033 1466 αὐτά.
1066 1412 1183 1465 Ἵνα
1233 1414 1306 1484 μή
1336 1431 1421 1476 τις
1464 1416 1615 1487 εἴπῃ,
1645 1416 1727 1468 ὅτι
1753 1419 1866 1471 Καὶ

271 1499 393 1556 πῶς
428 1500 535 1568 ἄρα
557 1499 855 1570 ζησόμεθα,
897 1503 973 1572 μὴ
1006 1504 1385 1574 μεριμνῶντες
1412 1507 1543 1576 περὶ
1562 1507 1671 1559 τῶν
1692 1510 1860 1576 ἀναγ-

269 1589 449 1647 καὲων
470 1605 483 1652 ;
515 1589 633 1641 λύει
655 1593 752 1660 τὴν
777 1593 1035 1660 τοιαύτην
1054 1596 1327 1648 ἀντίθεσιν
1360 1597 1466 1648 ἀπὸ
1487 1597 1580 1650 τοῦ
1608 1595 1866 1667 παραδεί-

269 1694 484 1748 γματος
519 1681 625 1733 τῶν
649 1684 911 1735 πετεινῶν
941 1683 975 1737 Et
992 1686 1065 1754 μὴ
1087 1688 1437 1756 μεριμνῶντα
1454 1691 1645 1759 τρέφει
1663 1693 1690 1743 ὁ
1707 1692 1858 1756 Θεός.

268 1770 585 1846 Δυνάμενος
611 1772 668 1824 δὲ
695 1773 751 1835 ἐξ
782 1773 1088 1844 ἀνθρώπων
1119 1779 1364 1845 ἐνεγκεῖν
1397 1779 1458 1832 τὸ
1485 1781 1856 1849 παράδειγμα.

269 1844 373 1928 και
412 1865 588 1915 είπείν
625 1865 714 1918 τιν
757 1837 971 1930 una,
1027 1860 1119 1919 καὶ
1150 1837 1242 1920 τδζι
1291 1837 1578 1939 Ἰωάννην,
1602 1873 1698 1924 και
1731 1837 1859 1936 ὲᾉὺξ
1893 1837 1934 1896 Β

269 1953 398 2003 κατ’
421 1952 641 2020 αὐτοὺς,
669 1954 783 2006 ὅσοι
811 1956 979 2024 μηδὲν
999 1957 1242 2011 τοιοῦτον
1269 1959 1642 2028 ὲμερίμνησαν
1665 1978 1677 1993 ·
1702 1960 1859 2014 τοῦτο

272 2043 374 2110 μὲν
422 2044 521 2096 οὐκ
563 2045 840 2110 ἐποίησεν,
895 2047 1003 2100 ἀπὸ
1049 2048 1158 2100 τῶν
1216 2049 1482 2102 πετεινῶν
1541 2051 1597 2104 δὲ
1658 2051 1858 2121 μᾶλλον

269 2134 602 2201 ιπεστόμισε
635 2135 732 2203 τὴν
762 2137 1062 2207 εἰρημένην
1087 2139 1385 2199 ἀντίθεσιν,
1418 2142 1856 2212 ὲντρεπτικώτε-

273 2241 368 2292 ρον
421 2225 830 2298 καθαψᾴμενος,
884 2231 979 2282 καὶ
1025 2231 1290 2298 περιελὼν
1336 2234 1515 2285 πᾶσαν
1557 2235 1853 2302 πρόφασιν.

346 2317 458 2368 Καὶ
499 2318 609 2386 γὰρ
647 2321 738 2370 καὶ
770 2321 802 2386 ἠ
850 2321 1058 2374 παλαιὰ
1107 2321 1318 2392 Γραφὴ,
1376 2324 1675 2394 βουλομένη
1725 2343 1857 2393 σφο-

268 2405 526 2474 δρότερον
554 2406 875 2461 καθικέσθαι
901 2411 1007 2461 τῶν
1034 2410 1356 2480 ἀνθρώπων,
1381 2415 1516 2482 πρὸς
1545 2414 1643 2483 τὴν
1672 2415 1858 2482 μέλισ-

274 2513 378 2549 σαν
425 2498 625 2559 αὐτοὺς
674 2499 903 2568 πέμπει,
960 2502 1222 2572 καὶπρὸς
1267 2505 1361 2558 τὸν
1417 2507 1705 2577 μύρμηκα,
1762 2509 1858 2562 καὶ

273 2587 414 2655 πρὸς
453 2589 587 2642 ἄλλα
621 2589 756 2650 ζῶα.
794 2592 874 2646 Τά
911 2593 1011 2660 μὲν
1050 2591 1142 2647 οὖν
1172 2599 1419 2656 πετεινὰ.
1454 2599 1748 2668 μείναντα,
1782 2601 1858 2663 ῶς

273 2677 338 2741 ἐξ
376 2680 550 2750 ἀρχῆς
589 2679 856 2748 ἐγένοντο,
896 2685 1190 2752 εὐποροῦσι
1236 2690 1330 2739 καὶ
1367 2691 1467 2758 τῆς
1515 2693 1656 2746 κατὰ
1694 2692 1857 2760 φύσιν

279 2773 485 2837 τροφῆς
536 2787 551 2801 ⁸
589 2774 617 2824 ὁ
675 2771 732 2824 δὲ
793 2773 1117 2842 ἄνθρωπος.
1185 2779 1482 2846 ὲκτραπεὶς
1539 2781 1852 2850 ἐστέρηται.

281 2859 425 2928 Πλὴν
458 2859 602 2929 ἅπερ
635 2863 666 2931 ἡ
700 2864 806 2914 ἀπὺ
835 2863 946 2934 (24)
975 2866 1068 2917 τοῦ
1094 2867 1231 2919 Θεοῦ
1260 2867 1618 2937 ἀλλοτρίωσις
1644 2873 1854 2940 ἀφεῖλε,

278 2947 449 3002 ταῦτα
481 2949 642 3003 πάλιν
679 2953 710 3019 ἠ
740 2951 874 3018 πρὸς
905 2953 1068 3005 αὐτὸν
1101 2954 1378 3018 οἰκείωσις
1407 2958 1722 3011 ἀποδίδωσι.
1756 2961 1856 3013 Διὰ

275 3040 434 3094 τοῦτο
465 3043 767 3112 προσέταξε
788 3082 804 3104 ,
843 3045 916 3113 μὴ
946 3048 1219 3115 μεριμνᾷν
1253 3049 1381 3118 περὶ
1430 3048 1636 3103 τούτων
1655 3090 1669 3114 ,
1719 3051 1856 3104 ἀλλὰ

274 3133 406 3202 περὶ
432 3132 530 3186 τοῦ
562 3133 912 3205 οἰκειωϐῆναι
952 3136 1092 3206 Θεῷ.

338 3225 463 3291 Οὐχ
492 3253 562 3264 ——
589 3223 828 3291 abrd’w;
876 3228 987 3295 Οὐχ
1018 3228 1175 3296 ὑμεῖς
1207 3229 1490 3298 κρείττους
1535 3229 1678 3283 κατά
1711 3231 1846 3283 πολὺ

272 3311 382 3364 τῶν
436 3315 701 3367 πετεινῶν
754 3319 915 3383 tere;
961 3317 1069 3369 Καὶ
1116 3319 1165 3368 εί
1217 3319 1286 3370 τὰ
1331 3320 1551 3389 χείρονα
1605 3321 1792 3391 τρέφει
1825 3325 1852 3376 ὁ

272 3404 404 3467 Θεὸς
427 3446 439 3466 ,
481 3405 661 3475 πολλῷ
698 3407 899 3475 μᾶλλον
935 3410 1060 3472 τοὺς
1100 3411 1440 3479 κρείττονας.
1494 3413 1552 3466 Ὀ
1590 3414 1701 3484 γὰρ
1735 3415 1853 3466 δια-

273 3495 488 3558 πλάσας
517 3498 649 3566 ἡμῖν
683 3499 864 3567 σῶμα,
896 3499 1150 3570 δεόμενον
1181 3504 1384 3571 τροφῆς
1406 3543 1419 3566 ο
1455 3505 1683 3572 παρέξει
1714 3506 1855 3557 πάν-

271 3604 376 3650 τως
409 3589 506 3639 καὶ
533 3589 630 3655 τὴν
667 3594 873 3659 τροφὴν
900 3591 1086 3644 αὑτοῦ.
1121 3593 1186 3643 Τί
1212 3591 1338 3658 οῦν;
1371 3594 1432 3646 οὐ
1463 3595 1542 3646 δεῖ
1570 3597 1850 3665 σπείρειν;

272 3679 388 3746 Οὐκ
423 3673 570 3740 εἷπε,
609 3680 700 3747 Μὴ
729 3680 1007 3749 σπείρετε,
1037 3683 1195 3747 ἀλλὰ,
1233 3683 1328 3750 Μὴ
1351 3683 1690 3752 μεριμνᾶτε.
1734 3686 1855 3739 Τῶν

270 3769 498 3842 τελείων
529 3771 628 3838 μὲν
657 3771 788 3840 γὰρ,
815 3773 874 3824 τὸ
910 3774 1045 3843 μηδὲ
1075 3775 1346 3844 σπείρειν,
1373 3777 1489 3828 ἀλλ’
1521 3778 1855 3846 ἐργάζεσθαι

276 3863 449 3930 μόνην
477 3861 576 3931 τὴν
609 3862 813 3933 βρῶσιν
833 3863 934 3933 τὴν
965 3866 1042 3936 μὴ
1073 3867 1473 3940 ἀπολλυμένην,
1497 3869 1642 3936 λέγω
1664 3869 1729 3940 δὴ
1753 3870 1854 3932 τὰς

270 3953 496 4020 ἀρετὰς,
551 3953 626 4015 ὡς
671 3954 719 4015 οἱ
765 3952 1074 4019 ἀπόστολοι,
1122 3959 1215 4010 καὶ
1250 3959 1299 4010 οἱ
1346 3960 1721 4029 μιμησάμενοι
1762 3960 1854 4014 τὸν

274 4043 390 4119 βίον
438 4046 640 4108 αὐτῶν,
686 4049 781 4101 καὶ
809 4047 993 4117 ζητεῖν
1023 4050 1133 4102 ἀπὸ
1166 4051 1260 4103 τοῦ
1291 4051 1406 4120 (25)
1437 4053 1572 4104 Θεοῦ
1600 4053 1700 4123 τὴν
1725 4070 1853 4124 τρο-

272 4117 421 4208 φήν
480 4134 591 4210 Ter
630 4136 813 4203 ἄρτον
859 4139 990 4208 γὰρ.
1039 4142 1196 4206 φησι,
1251 4117 1358 4194 τὸν
1389 4117 1704 4196 ἐπιούσιον
1750 4117 1857 4209 ἑὸς

269 4222 416 4292 ᾐμῖν
451 4223 750 4292 σήμερον·
778 4226 885 4278 τῶν
921 4229 1100 4295 μέσων
1137 4227 1212 4289 δὲ,
1250 4228 1310 4279 τὸ
1343 4231 1588 4299 σπείρειν
1623 4231 1741 4298 μὲν,
1779 4234 1854 4301 μὴ

272 4315 584 4383 φροντίζειν
624 4316 702 4381 δὲ,
755 4317 868 4380 πῶς
918 4318 984 4370 ἂν
1035 4319 1182 4390 φύσῃ
1228 4319 1291 4374 τὸ
1331 4322 1574 4390 σπέρμα,
1599 4322 1698 4378 καὶ
1741 4321 1853 4392 (26)

271 4404 617 4458 κατατείνειν
641 4407 866 4470 ἑαυτοὺς
889 4408 1045 4471 ὅλους
1067 4411 1146 4471 είς
1169 4408 1266 4471 τὰς
1285 4409 1541 4471 τοιαύτας
1561 4411 1853 4481 μερίμνας,

269 4494 345 4559 ὡς
373 4494 465 4548 διὰ
493 4496 698 4556 ταύτας
731 4498 953 4566 ἀμελεῖν
987 4500 1088 4569 τῆς
1119 4501 1322 4569 ψυχῆς.
1353 4502 1452 4553 Διά
1485 4503 1644 4556 τοῦτο
1672 4503 1854 4558 τοίνυν

1181 398 1569 465 COMMENT.
1616 406 1699 464 IN
1742 409 2214 479 hiA'I'l‘HfEUM.
2261 445 2327 496 -_-
2364 423 2526 486 CAP.
2559 427 2658 488 VI.

277 504 364 556 ὅτε
398 502 543 557 κατά
569 501 698 555 νοῦν
729 503 888 569 μόνον
921 505 1288 574 φροντίζουσι.
1312 511 1440 562 ποτὲ
1472 513 1528 565 δὲ
1561 515 1616 565 ὲν
1643 516 1718 586 τῷ
1749 517 1855 569 σώ-

1961 536 2143 582 autem
2183 532 2297 586 sola
2333 543 2518 590 mente
2556 536 2778 592 solliciti

3443 440 3547 503 250

2811 539 2896 607 (t),
2926 543 3258 614 quandoque
3310 561 3440 603 vero
3491 550 3547 604 in

1969 633 2199 688 corpore
2226 640 2238 675 :
2276 624 2568 692 aliquando
2597 637 2652 681 et
2683 629 2762 696 (tt)
2785 630 2853 684 ad
2882 633 3280 701 possessiones,
3323 652 3458 705 quas
3491 639 3548 692 in

1967 708 2153 761 animo
2200 711 2423 774 habent,
2468 713 2573 768 hoc
2631 717 2972 773 extendunt:
3030 729 3087 774 et
3132 722 3201 776 ab
3235 721 3355 786 hac,
3390 733 3446 779 et
3478 725 3548 779 ab

1967 798 2056 849 illa
2108 814 2258 862 cura,
2315 800 2575 857 Dominus
2624 804 2743 857 illos
2800 807 3152 873 abstrahens,
3236 811 3408 866 dixit:
3462 812 3548 867 Nc

1966 890 2116 940 anxii
2143 891 2280 954 sitis,
2302 907 2477 960 neque
2499 895 2554 947 in
2585 895 2762 950 anima
2793 906 2993 962 vestra,
3018 915 3196 970 neque
3217 902 3270 955 in
3291 917 3545 974 corpore,

1966 978 2035 1033 de
2067 980 2190 1034 cibo
2220 991 2275 1036 et
2313 990 2468 1050 potu,
2504 1000 2566 1038 ac
2602 987 2950 1042 vestimento.

2040 1070 2193 1127 Vers.
2223 1072 2312 1127 25.
2348 1074 2623 1130 Nonne—
2650 1079 3016 1132 vestimentum
3041 1081 3066 1133 Ρ
3116 1080 3228 1135 lloc
3258 1082 3393 1136 dixit
3433 1099 3550 1137 ma-

1966 1162 2256 1228 nifestans,
2302 1166 2447 1235 quod
2502 1167 2548 1220 is
2603 1169 2729 1234 qui.
2781 1170 2927 1237 quod
2973 1171 3210 1240 amplius
3258 1181 3360 1235 est,
3407 1176 3547 1241 praf-

1966 1262 2076 1307 stat
2114 1255 2292 1318 nobis,
2342 1257 2531 1325 utique
2581 1265 2638 1310 et
2678 1260 2824 1326 quod
2857 1260 3042 1313 minus
3074 1270 3192 1324 est,
3244 1264 3543 1331 praestabit,

1963 1341 2096 1395 Plus
2131 1353 2314 1397 autem
2352 1346 2510 1409 dixit,
2562 1347 2667 1401 hoc
2698 1357 2801 1410 est,
2841 1351 3135 1418 pretiosius

2042 1430 2191 1486 νει-ε.
2241 1434 2331 1488 36.
2377 1435 2701 1502 Atpicile—
2735 1438 2852 1494 illa.
2891 1437 2968 1493 Ne
2998 1443 3122 1509 quis
3160 1442 3339 1498 dicat:
3393 1445 3545 1510 Quo.

1967 1523 2127 1574 modo
2149 1531 2331 1576 autem
2363 1525 2629 1589 vivemus,
2671 1527 2740 1582 de
2766 1529 2930 1584 rebus
2961 1533 3287 1588 necessariis
3325 1549 3433 1588 non
3454 1551 3545 1588 ett-

1968 1614 2196 1666 rantes?
2236 1612 2410 1668 Solvit
2442 1616 2759 1685 bujusmodi
2788 1620 3153 1688 objectionem
3189 1625 3258 1677 ab
3289 1627 3546 1696 exemplo

1967 1702 2169 1764 avium,
2207 1719 2343 1772 quas
2376 1719 2501 1759 eum
2539 1706 2675 1763 nihil
2705 1709 2950 1764 sollicitae
2988 1711 3122 1776 sint,
3153 1714 3328 1782 pascit
3377 1715 3542 1769 Deus.

1969 1792 2160 1847 Posset
2190 1802 2374 1848 autem
2418 1805 2472 1850 et
2519 1797 2587 1850 ab
2619 1799 2932 1854 hominibus
2959 1805 3264 1871 exemplum
3299 1820 3540 1871 sumere,

1964 1893 2018 1938 et
2049 1884 2254 1950 dicere,
2287 1886 2430 1954 quod
2460 1886 2604 1941 Elias
2662 1897 2717 1941 et
2758 1888 3022 1955 Joannes,
3056 1893 3258 1962 aliique
3307 1895 3539 1959 similes,

1962 1973 2097 2026 nihil
2119 1973 2227 2027 tale
2272 1975 2560 2031 curabant.
2611 1973 2810 2030 Verum
2857 1976 2909 2030 id
2953 1994 3058 2032 non
3114 1979 3263 2043 fecit,
3309 1980 3405 2035 sed
3472 1983 3544 2035 ah

1959 2063 2152 2118 avibus
2194 2064 2373 2132 potius
2407 2065 2612 2119 dictam
2665 2067 2935 2136 repressit
2971 2070 3367 2136 obiectionem,
3422 2085 3544 2123 om-

1960 2169 2089 2208 nem
2123 2163 2473 2224 praetextum,
2510 2157 2706 2226 majori
2731 2157 3054 2214 confusione
3085 2173 3320 2230 arguens
3361 2175 3425 2216 ac
3443 2161 3545 2222 tol-

1960 2244 2100 2297 lens.

2028 2334 2164 2389 Nam
2194 2345 2250 2389 et
2299 2345 2457 2391 vetus
2500 2335 2807 2404 Scriptura,
2867 2339 3056 2393 volens
3108 2339 3363 2393 homines
3419 2353 3538 2392 am-

1961 2429 2102 2498 plius
2125 2443 2244 2482 sese
2260 2428 2495 2498 dejicere
2527 2430 2619 2498 (vi,
2647 2430 2712 2485 ad
2734 2445 2890 2500 apem
2908 2446 2972 2486 ac
2997 2429 3304 2494 formicam,
3321 2440 3544 2486 caetera-

1961 2534 2068 2589 que
2111 2519 2408 2574 animantia
2443 2520 2628 2575 mittit.
2663 2525 2805 2577 Aves
2837 2537 2966 2593 ergo
2998 2523 3191 2577 eodem
3235 2532 3402 2585 statu,
3431 2537 3540 2590 quo

1959 2624 1989 2661 a
2021 2607 2292 2678 principio
2325 2607 2566 2673 fuerunt,
2597 2619 2999 2679 permanentes,
3032 2611 3156 2666 cibo
3179 2610 3270 2680 qui
3310 2610 3390 2663 eis
3411 2609 3541 2678 jux-

1963 2707 2016 2753 ta
2074 2708 2327 2753 naturam
2369 2701 2651 2766 convenit,
2745 2703 2909 2756 etiam
2977 2701 3305 2756 abundant:
3373 2700 3539 2752 homo

1962 2805 2091 2844 vero
2152 2805 2184 2844 a
2231 2790 2344 2845 Deo
2387 2806 2634 2853 aversus,
2691 2806 2759 2845 eo
2813 2792 3079 2861 privatur.
3151 2790 3540 2845 Verumtamen

1959 2896 2080 2949 qua:
2112 2880 2336 2936 abstulit
2378 2882 2635 2936 alienatio
2675 2900 2704 2934 a
2749 2881 2886 2945 Deo,
2931 2884 3047 2936 haec
3095 2896 3310 2935 rursum
3363 2878 3541 2933 reddit

1963 2971 2225 3024 reversio.
2270 2969 2435 3025 Jubet
2460 2972 2646 3040 itaque
2673 2987 2743 3026 ne
2762 2972 2960 3025 horum
2995 2987 3184 3025 curam
3219 2971 3539 3035 habeamus,

1961 3063 2057 3117 sed
2087 3062 2154 3117 ad
2187 3062 2358 3116 Deum
2381 3063 2646 3132 peculiari
2679 3065 2842 3118 modo
2872 3071 3234 3118 revertamur.

1883 3167 1925 3222 ο
2032 3154 2187 3208 Vers.
2229 3137 2418 3208 Nonne
2445 3183 2520 3196 -—
2544 3154 2642 3208 illa
2678 3156 2703 3208 ?
2737 3155 2930 3209 Nonne
2965 3171 3057 3208 vos
3090 3155 3249 3225 longe
3281 3155 3537 3209 meliores

1957 3246 2093 3299 estis
2118 3246 2353 3300 avibus?
2379 3244 2584 3312 Quodsi
2621 3247 2810 3299 viliora
2864 3249 2958 3301 alit
3009 3250 3170 3310 Deus,
3215 3247 3386 3300 multo
3419 3261 3537 3298 ma-

1956 3336 2036 3406 gis
2071 3349 2165 3389 eos
2195 3334 2288 3405 qui
2312 3336 2568 3391 meliores
2605 3347 2756 3390 sunt.
2789 3336 2893 3401 Qui
2955 3337 3103 3390 enim
3161 3352 3364 3402 corpus
3416 3335 3540 3388 ‹·Η;ο

1952 3425 2210 3495 indigens
2247 3427 2404 3480 vobis
2440 3427 2666 3496 aptavit,
2725 3428 2898 3495 ipsius
2951 3444 3169 3497 quoque
3217 3429 3536 3481 alimentum

1955 3515 2180 3568 omnino
2201 3516 2484 3585 praebebit.
2503 3516 2640 3582 Quid
2665 3518 2830 3587 ergo?
2848 3519 3305 3587 nequeseminarc
3333 3518 3537 3572 licitum

1956 3604 2102 3657 erit?
2133 3604 2250 3658 Non
2282 3607 2434 3671 dixit,
2499 3607 2576 3661 Ne
2607 3609 2909 3670 seminetis,
2947 3611 3065 3673 sed,
3095 3607 3176 3662 Ne
3220 3608 3434 3662 solliciti
3459 3608 3537 3659 si-

1959 3695 2044 3748 tt's.
2080 3694 2452 3751 Perfectorum
2483 3699 2752 3768 siquidem
2809 3709 2891 3754 est
2931 3716 3038 3753 non
3091 3699 3386 3761 seminare,
3445 3697 3538 3750 ενι]

1958 3788 2176 3855 operari
2209 3789 2389 3843 cibum
2418 3793 2506 3859 qui
2546 3807 2652 3845 non
2717 3793 2856 3861 perit
2889 3812 2900 3846 :
2946 3792 3067 3846 dico
3112 3806 3243 3844 sane
3282 3790 3538 3850 virtutes,

1957 3876 2099 3931 sicut
2130 3879 2384 3947 apostoli,
2432 3883 2740 3950 horumque
2766 3883 2933 3936 vitam
2980 3884 3283 3943 imitantes,
3327 3896 3390 3934 ac
3436 3896 3528 3946 pe-

1957 3977 2073 4021 tere
2097 3984 2126 4020 a
2177 3969 2285 4024 Deo
2315 3971 2659 4026 alimentum.
2692 3973 2914 4033 Panem,
2950 3973 3145 4042 inquit,
3176 3981 3412 4024 nostrum
3437 3985 3534 4021 su~

1957 4061 2451 4128 persubstantt'ulem
2481 4067 2550 4119 da
2574 4066 2720 4120 nobis
2741 4067 2892 4120 hodie
2918 4067 2985 4118 ³³.
3013 4064 3365 4120 Mediocrium
3407 4077 3541 4114 vero

1958 4164 2044 4208 est
2064 4157 2334 4210 seminare
2357 4159 2600 4227 quidem,
2625 4168 2681 4213 at
2708 4175 2818 4213 non
2847 4163 3042 4212 anxios
3072 4172 3216 4222 esse,
3243 4167 3299 4210 ct
3329 4157 3542 4224 scipsos

1963 4253 2107 4300 totos
2145 4246 2201 4299 in
2234 4247 2547 4316 hujusmodi
2577 4266 2738 4304 curas
2767 4251 3029 4320 dejicere,
3063 4257 3123 4303 ut
3153 4249 3222 4302 oh
3269 4249 3366 4300 has
3418 4247 3542 4299 ani~

1961 4351 2062 4390 mae
2090 4351 2276 4390 curam
2311 4339 2610 4409 negligant.
2636 4339 2870 4409 Ideoque
2895 4340 3168 4394 seminare
3195 4353 3374 4407 neque
3411 4353 3540 4406 pro~

1961 4427 2158 4489 hibuit,
2202 4445 2379 4499 neque
2411 4435 2705 4499 concessit,
2745 4434 2840 4487 sed
2878 4435 2933 4487 in
2973 4433 3408 4500 uniuscujusque
3440 4446 3539 4483 vo-

1959 4518 2167 4574 luntate
2193 4522 2325 4576 illud
2355 4523 2593 4592 reliquit.
2628 4525 2815 4594 Neque
2861 4525 3008 4579 enim
3046 4524 3095 4578 id
3132 4524 3198 4576 de
3239 4524 3431 4576 avibus
3459 4521 3542 4573 di-

268 4586 332 4639 τὸ
367 4587 616 4656 σπείρειν
644 4586 766 4641 οὔτε
801 4588 1074 4642 ἐκώλυσεν
1095 4589 1220 4642 οὔτε
1246 4591 1545 4663 ἐπέτρεψεν
1564 4635 1578 4660 ,
1612 4593 1728 4647 ἀλλ’
1758 4597 1849 4649 ἐπὶ

1959 4607 2055 4672 xit,
2093 4619 2152 4663 ut
2181 4571 2824 4683 seminare‘prohibetl-et,
2858 4614 2952 4669 sed
2991 4613 3042 4667 id
3076 4622 3286 4668 tantum
3313 4612 3541 4664 demoti-

271 4681 336 4746 τῇ
376 4679 613 4733 ἑκάστου
650 4682 973 4749 προαιρέσει
1001 4682 1160 4734 τοῦτο
1196 4685 1613 4741 καταλέλοιπεν.
1648 4687 1708 4740 Et
1738 4690 1847 4759 γὰρ

1955 4708 2132 4756 strare
2166 4704 2357 4768 voluit,
2389 4706 2533 4774 quod
2585 4706 2706 4760 illas
2743 4706 2887 4760 Deus
2917 4706 3044 4760 alat.

277 4773 372 4825 καὶ
437 4773 569 4839 περὶ
640 4773 750 4825 τῶν
805 4779 1064 4828 πετεινῶν
1110 4773 1286 4837 εἷπεν.
1335 4780 1418 4831 ὅτι
1466 4780 1526 4832 οὐ
1576 4781 1912 4850 σπείρουσιν,
1975 4791 2090 4845 ἀλλ’
2134 4796 2234 4849 οὐκ
2284 4773 2417 4852 εἶπέ
2461 4798 2638 4864 τοῦτο,
2696 4797 2921 4853 κωλύων
2972 4797 3036 4852 τὸ
3087 4795 3353 4867 σπείρειν,
3405 4793 3543 4849 ἀλλὰ

273 4865 434 4936 μόνον
463 4868 634 4934 δεῖξαι
664 4869 1013 4939 βουλόμενος,
1045 4872 1128 4925 ὅτι
1149 4876 1178 4925 ὁ
1199 4874 1332 4939 Θεὸς
1367 4876 1562 4946 τρέφει
1583 4878 1745 4951 αύτᾴ.

379 4981 425 5010 ²³
449 4981 639 5037 Matth.
676 4995 750 5044 Vt,
781 4981 868 5035 Η.

1474 5053 1673 5115 Variae
1716 5055 2019 5122 lectiones
2052 5073 2114 5124 et
2154 5076 2344 5130 notes.

321 5201 324 5204 ’
347 5195 459 5259 (‘15)
477 5195 617 5264 ἀμέετ
627 5211 705 5266 ρῳ
730 5195 1017 5266 φιλοπονίᾳ
1054 5196 1178 5266 ,Νοιι
1203 5196 1349 5265 cepit
1368 5197 1473 5256 vim
1497 5200 1744 5255 vocabuli
1769 5202 1849 5256 in-

277 5271 508 5340 terpres.
528 5264 904 5340 _l§ard_rsivew
934 5264 1020 5324 est
1051 5265 1239 5340 idem;
1263 5264 1409 5336 quod
1442 5271 1809 5340 κατατρύχειν
1828 5309 1843 5333 ,

275 5332 460 5409 nimiis
527 5334 807 5389 laboribus
865 5350 1084 5400 vexare,
1136 5332 1375 5391 atﬂiuere
1426 5353 1492 5394 ac
1540 5332 1844 5409 quasi"ex-

277 5404 503 5458 tendere
528 5413 585 5459 et
604 5411 838 5462 attercre
862 5418 1081 5474 corpus.

345 5539 407 5622 (ι)
433 5539 762 5622 Quandoque
781 5572 842 5582 —
869 5511 1108 5598 solliciti.
1134 5543 1359 5610 Quando
1387 5545 1500 5601 sola
1525 5557 1707 5602 mente
1723 5559 1854 5602 sunt

275 5608 513 5664 solliciti.
678 5608 686 5611 ⁷

345 5679 423 5814 (αξ
445 5680 749 5763 Aliquando
772 5689 840 5734 et.
869 5679 1117 5762 Quando.

347 5749 396 5814 (υ
454 5749 694 5814 Amplius
713 5767 821 5804 sese
850 5751 1088 5814 dejicere.

347 5749 420 5815 (υ)
454 5749 694 5818 Amplius
713 5767 821 5804 me
850 5751 1088 5820 dejicere.
1123 5753 1314 5810 Acrius
1345 5770 1566 5810 monere
1620 5758 1694 5811 Ita
1722 5757 1840 5814 (lino

2032 5206 2143 5276 (ει)
2173 5207 2283 5260 ἀπὸ
2313 5210 2450 5263 Θεοῦ
2487 5212 2552 5265 Α.

2049 5274 2139 5344 25)
2171 5278 2279 5330 ἀπὺ
2301 5279 2434 5333 Θεοῦ
2457 5282 2524 5335 Α.

2024 5277 2138 5412 ίΞϐ)
2200 5346 2382 5404 Malim
2433 5351 2590 5412 μηδέ,
2648 5351 2767 5408 loco
2820 5350 2936 5405 καί.
2994 5349 3124 5412 Aut.
3182 5352 3291 5406 ἀπὸ
3342 5357 3522 5408 κοινοῦ

2046 5345 2138 5421 Ξϐ)
2200 5346 2382 5404 Malim
2433 5351 2590 5421 μηδέ,
2648 5351 2767 5408 loco
2820 5350 2936 5405 καί.
2994 5349 3124 5418 Aut,
3182 5352 3291 5406 ἀπὸ
3342 5357 3524 5408 κοινοῦ

1970 5413 2030 5465 τὸ
2043 5415 2153 5482 μή.

1962 5568 2166 5628 namus
2194 5556 2321 5628 digit
2354 5573 2406 5628 ρ.
2442 5558 2532 5624 84,
2571 5559 2924 5628 Πικροτάτοις
2952 5555 3406 5628 αὐτοῦκαθίκετο
3433 5557 3524 5610 λό-

1956 5639 2094 5698 γρις.
2127 5624 2191 5698 ξι
2214 5624 2506 5698 λΕεοῆἰιιεε
2523 5624 2780 5695 δοίη-(ιιι,
2813 5629 2900 5692 15,
2928 5628 2996 5682 τὰ
3011 5627 3283 5698 δυνάμενα
3299 5625 3526 5681 καθικέ-

1958 5692 2081 5745 σθαι
2109 5694 2209 5764 τῆς
2236 5696 2433 5766 ψυχῆς.
