4122 6414
307 380 417 447 253

1203 385 1591 446 COMMENT.
1639 387 1719 447 [Ν
1762 388 2236 451 MATTH/EUM.
2273 420 2342 429 —
2381 394 2540 455 CAP.
2573 396 2678 458 VI.

3475 410 3580 473 2E4

309 496 404 547 καὶ
439 494 606 564 σοφὸν
645 494 986 549 ἐπινοεῖσθαι
1016 495 1465 564 καλλωπισμούς.
1515 498 1785 561 κλίϐανος
1821 499 1878 552 δέ

1989 501 2072 555 nis
2121 513 2444 566 amatorem.
2499 518 2555 561 et
2589 509 2653 563 ad
2688 509 2836 565 illam
2872 495 3311 583 cognoscendam
3354 520 3577 589 sapien-

310 587 452 650 ἐστι,
481 585 544 638 τὸ
574 586 864 639 ὀπτανεῖον
901 586 1010 640 τῶν
1033 588 1235 657 ἄρτων.
1268 590 1342 641 Τὸ
1373 589 1429 641 δὲ
1476 589 1654 656 ’Υμᾶς
1684 591 1892 659 ἐμφαν-

305 677 464 730 τικὸν
513 678 681 747 τιμῆς
719 679 935 746 νόησον.
991 679 1130 749 Φησὶ
1161 679 1272 746 γὰρ
1297 681 1755 749 ἐρωτηματικῶς,
1806 683 1888 733 ὅτι

306 769 385 818 οὐ
439 767 622 838 πολλῷ
672 769 877 836 μᾶλλον
925 769 1092 838 ὑμᾶς,
1140 771 1203 822 τὸ
1247 770 1426 838 τίμιον
1461 769 1624 822 αὐτοῦ
1670 773 1885 838 κτῆμας

303 852 388 919 οἷς
425 857 589 927 σῶμα
637 859 732 910 καὶ
769 860 947 928 ψυχὴν
1006 861 1097 914 καὶ
1145 859 1273 912 νοῦν
1327 861 1642 929 ἐχαρίσατο.
1683 863 1748 912 δι’
1795 855 1888 922 οὓς

303 948 398 999 τὸν
419 943 625 1018 κόσμον
648 951 896 1018 ἐποίησε,
915 950 980 1002 δι’
1001 948 1094 1012 οὓς
1121 951 1409 1019 προφήτας
1439 950 1670 1020 ἔπεμψε,
1694 951 1760 1006 δι’
1793 952 1886 1015 οὓς

304 1039 402 1093 καὶ
437 1039 532 1093 τὸν
561 1040 829 1109 μονογενῆ
854 1039 1022 1097 αὐτοῦ
1055 1040 1186 1095 Υίὸν
1235 1039 1527 1104 ἐξέδωκεν.

388 1302 822 1370 ’ολιτόπιστοι.
872 1302 1303 1372 Ἐπιπληκτικόν
1360 1304 1478 1356 ἐστι
1539 1303 1718 1357 τοῦτο.
1771 1306 1883 1358 Καὶ

299 1394 413 1461 γὰρ
480 1391 785 1456 ἀποδείξας
811 1391 840 1443 ὃ
869 1392 1142 1455 ἐϐούλετο,
1190 1393 1375 1446 λοιπὸν
1437 1395 1755 1464 ἐπιπλήττει
1786 1398 1884 1448 αὑ⁴

301 1485 455 1544 τοὺς.
493 1483 878 1549 όλιγοπίστους
925 1482 1231 1552 ὀνομάζων,
1290 1485 1367 1547 ὠς
1404 1487 1478 1554 μὴ
1527 1487 1882 1549 πιστεύοντας

298 1572 664 1636 ἅδιστάκτως,
719 1574 801 1626 ὅτι
849 1572 1126 1642 φροντίσει
1176 1574 1358 1626 αὐτῶν
1387 1576 1415 1626 ό
1443 1574 1596 1638 Θεὸς,
1653 1574 1747 1626 καὶ
1793 1574 1882 1628 διὰ

299 1662 468 1715 τοῦτο
537 1665 943 1735 μεριμνῶντας.
989 1663 1180 1728 Οὕτως
1237 1665 1565 1734 ἐπιπλήξας,
1629 1667 1878 1735 ἐντρέπει

295 1754 548 1820 τούτους,
577 1756 673 1806 καὶ
690 1755 1140 1822 εὐπειθεστέρους
1171 1758 1331 1808 ποιεῖ.
1369 1755 1685 1810 Ἐπαίδευσε
1709 1757 1763 1810 δὲ
1791 1758 1880 1810 διὰ

297 1844 395 1896 τοῦ
430 1845 692 1914 ῥηθέντος
720 1828 1196 1916 παραδείγματος,
1226 1849 1319 1900 καὶ
1349 1847 1410 1899 τὸ
1444 1847 1517 1916 μὴ
1570 1847 1712 1916 μέγα
1748 1865 1884 1918 φρο·

298 1937 414 1988 νεῖν
463 1936 558 1987 ἐπὶ
586 1938 653 2006 τῇ
689 1936 1008 2006 πολυτελείᾳ
1038 1936 1146 1989 τῶν
1178 1937 1431 2005 ίματίων,
1461 1929 1535 1989 ὧν
1569 1937 1884 2006 ὡραιότερα

299 2024 400 2079 καὶ
431 2024 688 2077 καλλίονα
742 2026 809 2078 τὰ
848 2024 984 2094 ἄνθη
1018 2025 1112 2078 τοῦ
1146 2026 1365 2095 χόρτου.
1403 2026 1615 2095 Ὠσπερ
1652 2027 1710 2078 δέ
1743 2029 1885 2080 ἀνω-

297 2113 446 2183 τέρω
476 2115 605 2184 περὶ
644 2115 753 2166 τῶν
787 2115 1050 2173 πετεινῶν
1098 2116 1290 2181 εἰπὼν,
1318 2118 1400 2170 ὅτι
1443 2119 1502 2170 οὐ
1542 2119 1880 2186 σπείρουσιν,

301 2207 405 2260 οὐκ
457 2206 698 2260 ἐκώλυσε
737 2209 798 2260 τὸ
857 2211 1132 2276 σπείρειν,
1167 2209 1243 2272 ὡς
1305 2213 1491 2264 ἐκεῖσε
1546 2210 1879 2281 είρήκαμεν·

299 2299 480 2364 οὕτως
530 2302 642 2353 οὐδ’
701 2302 939 2355 ἐνταῦθα
967 2303 1029 2354 τὸ
1058 2304 1257 2372 κοπιᾷν
1309 2306 1404 2354 καὶ
1451 2301 1635 2372 νήθειν
1673 2302 1884 2355 ἐκώλυ-

301 2410 420 2457 σεν,
445 2394 563 2445 ἀλλ’
590 2390 744 2446 εἶπεν
769 2394 933 2456 οὕτω,
979 2393 1149 2458 δεῖξαι
1180 2393 1340 2464 μόνον
1371 2393 1564 2458 θέλων,
1590 2395 1673 2452 ὅτι
1702 2397 1730 2447 ό
1751 2394 1884 2457 Θεὸς

300 2483 445 2537 αὐτὰ
484 2487 832 2553 ἀμφιέννυσι.

375 2577 488 2629 Καὶ
522 2577 662 2630 διατι
697 2577 953 2630 τοσοῦτον
993 2578 1191 2640 κάλλος
1247 2580 1363 2639 τοῖς
1410 2576 1601 2630 ἄνθεσι
1659 2576 1885 2646 περιτέ-

303 2667 456 2719 θεικε
486 2685 501 2733 ;
534 2670 644 2738 (50)
675 2670 819 2725 Διότι
855 2670 1103 2739 βούλεταί
1137 2686 1198 2722 σε
1232 2670 1328 2721 καὶ
1361 2670 1469 2722 ἀπὸ
1505 2668 1696 2722 τούτου
1749 2686 1883 2738 μανι

306 2755 492 2808 θάνειν
521 2757 584 2808 τὸ
625 2756 856 2825 μέγεθος
891 2761 991 2826 τῆς
1025 2757 1190 2810 αὑτοῦ
1227 2757 1414 2820 σοφίας
1443 2760 1535 2810 καὶ
1569 2759 1880 2826 δυνάμεως.

302 2846 365 2899 Εί
393 2846 578 2899 τοίνυν
611 2848 681 2901 τὰ
713 2847 801 2900 διὰ
833 2848 891 2899 σὲ
926 2849 1196 2917 γενόμενα
1229 2850 1391 2918 κρίνα
1422 2849 1726 2916 φιλοτίμως
1756 2849 1878 2901 ἐνέ-

301 2938 455 3001 δυσε,
513 2938 635 3001 πῶς
683 2939 784 2991 οὐκ
818 2939 1028 2996 ἐνδύσει
1072 2939 1310 3006 μάλιστα
1353 2956 1435 3002 σε,
1471 2939 1540 2990 δι’
1579 2937 1640 2990 ὃν
1695 2939 1878 2991 ἐκεῖνα

302 3032 616 3100 πεποίηκες
654 3032 1000 3102 Δημιουργδς
1054 3031 1111 3083 δέ
1160 3032 1256 3086 καὶ
1311 3031 1620 3102 προνοητὴς
1659 3031 1880 3085 πάντων
1911 3072 1955 3128 c

301 3125 466 3183 αὐτὸς
521 3122 617 3183 ὢν.
652 3124 806 3192 ὅμως
857 3123 937 3191 τῷ
995 3124 1175 3190 Πατρὶ
1233 3121 1333 3192 τὴν
1379 3123 1751 3190 δημιουργίαν
1787 3125 1882 3176 κα)⁸

301 3214 562 3283 πρόνοιαν
594 3214 813 3266 πάντων
838 3213 1147 3283 ἀνατίθησι,
1173 3212 1438 3267 δεικνύων
1462 3231 1521 3266 τε
1550 3213 1804 3266 ἐντεῦθεν
1820 3214 1881 3267 τὸ

301 3306 437 3375 πρὶς
465 3307 627 3358 αὐτὸν
651 3307 974 3373 ὁμογνωμόν
1002 3322 1062 3357 τε
1087 3307 1182 3358 καὶ
1215 3304 1578 3375 ὁμοδύναμον,
1642 3307 1735 3358 καὶ
1769 3306 1880 3374 (3|)

299 3396 434 3448 διότι
465 3393 619 3447 οὔπω
652 3395 848 3463 καιρὺς
870 3390 960 3464 ἦν,
995 3394 1304 3463 ἐκκαλύψαι
1339 3395 1591 3462 φανερῶς
1622 3397 1750 3464 περὶ
1782 3397 1882 3465 τῆς

301 3485 500 3538 ἑαυτοῦ
530 3485 806 3554 θεότητος,
839 3484 918 3546 ὡς
948 3484 1380 3554 ήρμηνεύσαμεν
1411 3484 1774 3553 ἐξηγούμενοι
1799 3486 1879 3537 τὸ’

301 3577 631 3630 Ἠκούσατε
669 3577 757 3629 ὅτι
791 3576 1002 3644 appear;
1033 3576 1158 3641 τοῖς
1191 3576 1490 3644 ἀρχαίοις-⁸
1539 3577 1622 3630 Οὐ
1661 3579 1882 3644 φονεύ-

301 3684 452 3733 σεις.

373 3758 471 3822 Μὴ
492 3759 1042 3830 -περιόαλώμεθα.
1085 3759 1563 3829 Ἐπαναλαμσάνει
1605 3760 1770 3813 πάλιν
1793 3760 1884 3813 τὸν

208 3907 218 3916 .
306 3853 436 3922 περὶ
468 3851 562 3904 τοῦ
599 3854 673 3919 μὴ
709 3853 823 3923 (59.)
851 3854 1125 3924 μεριμνᾷν
1161 3853 1339 3919 λόγον,
1373 3853 1461 3905 διὰ
1516 3852 1577 3906 τὸ
1621 3854 1721 3922 τῆς
1783 3870 1880 3920 μευ

306 3943 506 4012 ρέμνης
543 3942 716 4010 βίαιόν
749 3960 808 3995 τε
842 3944 937 3996 κει)⁸
964 3942 1430 3997 δυσαπάλλακτον.
1465 3943 1537 3995 Σῦ
1594 3941 1654 3994 δέ
1689 3942 1882 4010 ἐννόη-

305 4052 418 4096 σον,
451 4034 537 4086 ὅτι
567 4036 617 4086 oi
649 4035 1038 4097 κελευσθέντες
1067 4034 1203 4106 μηδέ
1231 4034 1361 4102 περὶ
1412 4033 1519 4086 τῶν
1562 4032 1884 4100 ἀναγκαίων

307 4126 608 4194 μεριμνᾷν,
652 4127 777 4178 τίνα
830 4125 1164 4194 συγγνώμην
1223 4124 1444 4194 εξομεν,
1508 4121 1884 4193 μεριμνῶντες

305 4216 400 4267 καὶ
430 4215 560 4284 περὶ
597 4215 708 4267 τῶν
736 4217 836 4269 οὐκ
864 4215 1222 4282 ἀναγκαίων;

377 4305 958 4374 Πάντα-ἐπιζητεῖ.
991 4309 1065 4359 Τὸ
1105 4304 1420 4372 Ἐπιζητεῒ,
1471 4304 1594 4358 ἀντὶ
1623 4303 1739 4369 τοῦ,
1769 4303 1886 4357 Με-

1998 598 2128 645 tem.
2155 591 2417 648 Clibanus
2439 612 2568 653 vero
2591 599 2744 654 locus
2765 609 2848 656 est
2881 603 2946 656 ad
2983 608 3329 674 coquendum
3359 625 3578 678 panem.

1993 679 2324 745 Pronomen,
2365 685 2484 748 Vos,
2547 700 2604 743 ut
2645 691 2872 746 honoris
2939 695 3434 752 demonstrativum
3485 700 3578 765 sit,

1992 771 2241 838 accipito.
2267 773 2399 827 Nam
2419 778 2652 832 amantis
2675 795 2824 833 more
2849 781 3111 852 loquitur,
3135 802 3196 841 ac
3214 788 3258 840 si
3282 788 3428 842 dicat
3455 789 3529 859 (τ)
3558 807 3572 843 :

1989 859 2183 915 Nonne
2219 863 2377 934 longe
2422 869 2592 935 magis
2646 885 2762 931 vos,
2796 873 2888 941 qui
2955 875 3089 929 estis
3148 877 3386 944 pretiosa
3448 881 3572 950 ejus

1990 950 2264 1014 possessio
2297 957 2395 1021 (υ),
2451 957 2653 1022 quibus
2697 975 2918 1029 corpus,
2987 965 3247 1028 animam,
3288 984 3351 1023 ac
3411 985 3572 1023 meu-

1989 1048 2096 1090 tem
2129 1042 2298 1109 gratis
2325 1038 2579 1108 contulit,
2619 1060 2842 1118 propter
2869 1067 3006 1118 quos
3055 1057 3317 1108 mundum
3365 1057 3572 1110 forma-

1986 1130 2086 1192 vit,
2122 1143 2346 1200 prepter
2387 1152 2524 1203 quos
2564 1141 2864 1207 prophetas
2922 1143 3089 1207 misit,
3152 1157 3376 1213 propter
3430 1162 3573 1215 quos

1989 1221 2325 1289 unigenitum
2348 1243 2567 1295 quoque
2599 1227 2792 1284 Filium
2823 1247 2981 1285 suum
3015 1235 3286 1288 tradidit?

2060 1309 2210 1366 τετε.
2267 1314 2357 1367 50.
2418 1314 2462 1368 Ο
2502 1320 2733 1388 [contines
2766 1315 2982 1374 modica:
3019 1322 3162 1388 ﬁdei.
3196 1353 3268 1364 --
3308 1323 3566 1391 Increpa-

1987 1397 2154 1452 tivum
2187 1402 2420 1455 esthoc.
2457 1402 2746 1470 Postquam
2779 1407 2925 1459 enim
2959 1410 3218 1472 ostendit,
3257 1413 3399 1479 quod
3433 1411 3576 1463 vole-

1985 1488 2094 1551 bat,
2184 1491 2440 1560 deinceps
2520 1495 2667 1563 ipsos
2720 1497 3001 1566 δοιῂητεπι,
3071 1513 3261 1566 parum
3342 1499 3575 1553 ﬁdentes

1987 1579 2266 1646 appellans
2295 1599 2306 1633 :
2354 1592 2540 1647 utpote
2562 1584 2654 1652 qui
2681 1600 2786 1638 non
2819 1586 3024 1654 absque
3073 1587 3428 1657 ambiguitate
3453 1603 3575 1640 cre-

1984 1669 2193 1732 derent,
2236 1673 2380 1739 quod
2434 1673 2574 1727 Deus
2603 1675 2843 1743 ipsorum
2874 1691 3062 1730 curam
3120 1676 3366 1736 haberet.
3398 1686 3455 1731 et
3482 1679 3567 1732 id-

1984 1759 2134 1812 circo
2165 1761 2379 1815 solliciti
2411 1773 2612 1817 esseut.
2649 1764 2721 1818 Ita
2757 1766 3074 1834 objurgans,
3104 1781 3201 1820 eos
3257 1765 3568 1829 confundit,

1995 1867 2059 1904 ac
2090 1851 2409 1907 ﬁdentiores
2441 1855 2637 1908 reddit.
2673 1855 2868 1909 Docuit
2891 1871 3108 1923 quoque
3137 1857 3283 1910 dicto
3323 1857 3576 1926 exemplo

1989 1955 2098 1992 non
2130 1940 2461 1995 insolescere
2485 1944 2551 1997 de
2584 1945 2840 2012 pretiosis
2864 1946 3132 2010 vestibus,
3168 1946 3364 2013 quibus
3417 1947 3576 2017 longe

1996 2030 2352 2098 pretiosiores
2381 2043 2530 2095 sunt,
2557 2035 2835 2102 magisque
2865 2039 3048 2088 decori
3075 2035 3366 2089 herbarum
3396 2035 3573 2089 ﬂores.

1988 2119 2457 2185 Quemadmodum
2513 2134 2694 2178 autem
2742 2126 2995 2192 superius
3024 2127 3092 2180 de
3121 2127 3313 2181 avibus
3345 2127 3574 2192 diceret,

1995 2214 2143 2282 quod
2179 2230 2289 2268 non
2342 2217 2637 2282 seminent,
2694 2233 2803 2270 non
2840 2218 3122 2286 prohibuit
3174 2221 3466 2283 seminare,
3504 2220 3592 2282 si-,

1992 2313 2086 2359 cut
2109 2304 2310 2360 ibidem
2347 2305 2586 2361 diximus
2627 2324 2641 2360 :
2696 2308 2767 2361 ita
2804 2322 2980 2376 neque
3033 2309 3122 2363 hic
3149 2309 3419 2375 laborare,
3479 2321 3576 2364 aut

1986 2410 2158 2460 nere;
2188 2397 2282 2452 sed
2308 2397 2380 2450 ita
2409 2397 2621 2450 locutus
2654 2407 2756 2458 est,
2791 2397 2980 2451 volens
3015 2406 3224 2452 tantum
3261 2399 3573 2463 ostendere,

1996 2486 2143 2554 quod
2173 2485 2317 2538 Deus
2347 2485 2437 2538 illa
2462 2487 2677 2539 vestiat.

2060 2575 2245 2640 Quare
2283 2585 2471 2630 autem
2505 2588 2656 2631 tanto
2679 2578 2876 2631 decore
2916 2577 3076 2633 ﬂores
3100 2579 3346 2634 amicivit
3368 2581 3392 2633 ?
3418 2580 3572 2649 .Quia

1991 2667 2125 2730 vult,
2158 2675 2219 2721 ut
2268 2681 2336 2730 ex
2369 2667 2470 2720 hoc
2509 2667 2690 2722 discas
2735 2669 3020 2736 sapientia:
3060 2684 3125 2723 ac
3155 2670 3414 2738 potentiae
3461 2685 3573 2725 sua:

1989 2757 2447 2827 magnitudinem.
2484 2757 2538 2809 Si
2567 2773 2700 2827 ergo
2741 2757 2871 2816 lilia,
2907 2774 3029 2826 quae
3079 2769 3302 2828 propter
3350 2767 3402 2812 te
3433 2759 3572 2812 facta

1987 2856 2136 2907 sunt,
2175 2845 2415 2913 pretiose
2456 2846 2652 2909 induit,
2714 2847 2987 2914 quomodo
3030 2862 3136 2900 non
3183 2847 3354 2901 multo
3403 2847 3576 2916 magis

1990 2946 2041 2990 te
2077 2935 2294 2998 vestiet,
2324 2945 2547 3005 propter
2571 2951 2732 3004 quem
2771 2935 2860 2989 illa
2892 2935 3145 2989 formavit
3173 2937 3195 2989 τ
3228 2937 3297 2990 Et
3329 2936 3457 2990 licet
3484 2935 3571 2988 Fi-

1988 3026 2093 3079 lius
2123 3027 2237 3094 ipse
2260 3026 2502 3079 omnium
2535 3026 2608 3079 sit
2627 3034 2841 3079 creator
2866 3041 2930 3079 ac
2954 3026 3223 3094 provisor,
3255 3028 3322 3081 ad
3354 3028 3570 3082 Patrem

1997 3127 2202 3179 tamen,
2234 3115 2567 3170 creationem
2591 3130 2655 3169 ac
2689 3114 3092 3184 providentiam
3124 3115 3294 3170 refert
3335 3133 3348 3169 :
3384 3124 3573 3170 osten-

1986 3208 2124 3262 dens
2156 3207 2282 3264 hinc
2307 3207 2551 3261 eamdem
2583 3222 2705 3261 cum
2727 3207 2820 3259 illo
2864 3206 2969 3261 sibi
2996 3221 3120 3262 esse
3169 3207 3457 3260 scientiam
3505 3222 3568 3260 at:

1987 3299 2387 3370 providentiam
2426 3298 2521 3368 (ι).
2558 3297 2811 3352 Nondum
2842 3297 2989 3351 enim
3038 3307 3252 3368 tempus
3282 3307 3398 3351 erat
3420 3314 3574 3366 suam

1991 3389 2280 3445 manifeste
2305 3390 2557 3458 detegere
2583 3388 2950 3452 divinitatem,
2976 3389 3437 3472 quemadmodum
3475 3389 3573 3441 de-

1987 3480 2339 3542 claravimus,
2394 3486 2731 3547 exponentes
2793 3488 3001 3546 partem
3063 3479 3273 3532 illam:
3339 3480 3573 3534 Audistis

1985 3571 2125 3642 quod
2154 3568 2352 3622 dictum
2375 3569 2442 3622 sit
2483 3567 2715 3636 antiquis
2751 3583 2766 3620 :
2798 3565 2922 3620 Non
2961 3567 3182 3621 occides.

2043 3663 2213 3716 Vere.
2246 3663 2334 3715 5i.
2373 3660 2454 3714 Ne
2480 3687 2551 3697 —-—
2583 3659 2884 3727 aperientur
2918 3659 2944 3710 .9
2978 3658 3220 3712 Rursum
3247 3657 3468 3712 iteravit
3506 3659 3575 3712 de

1987 3751 2356 3809 sollicitudine
2384 3764 2720 3812 sermonem,
2759 3761 2995 3829 \prOpter
3031 3765 3180 3804 curae
3234 3750 3573 3812 violentiam,

1987 3862 2108 3915 quas
2130 3845 2216 3899 vix
2245 3844 2404 3913 abjici
2438 3852 2640 3912 potest.
2673 3842 2755 3895 Tu
2805 3857 2937 3896 vero
2984 3842 3292 3906 considera,
3347 3842 3491 3910 quod
3529 3842 3574 3894 si

1987 3937 2145 3991 nobis
2174 3937 2388 4005 jussum
2438 3943 2542 3999 est,
2584 3949 2652 3988 ne
2704 3934 2772 3988 de
2821 3935 2986 3988 rebus
3030 3933 3196 3988 etiam
3246 3932 3577 3986 necessariis

1988 4029 2160 4083 simus
2206 4025 2447 4090 solliciti,
2515 4040 2676 4094 quam
2735 4024 3076 4098 sperabimus
3128 4022 3367 4084 veniam,
3448 4036 3576 4074 cum

1987 4117 2056 4172 de
2092 4116 2176 4172 his
2205 4115 2369 4170 etiam
2419 4130 2541 4182 quae
2577 4113 2887 4168 necessaria
2945 4128 3056 4166 non
3112 4123 3241 4166 sunt
3289 4111 3438 4164 anxii
3499 4111 3577 4164 si-

1988 4224 2112 4263 mus
2139 4207 2163 4260 ἲ

2067 4301 2224 4354 Vers.
2266 4298 2354 4353 '52.
2385 4298 2576 4353 Omnia
2609 4327 2680 4336 ——
2730 4296 3029 4365 inquirunt.
3100 4295 3414 4362 lnquirunt.
3473 4291 3579 4346 hoc

309 4395 570 4460 ριμνῶσι,
601 4395 816 4463 νόησον.
859 4396 901 4445 Τ
907 4395 941 4447 ὰ
971 4393 1100 4464 ἔθνη
1129 4395 1259 4463 γὰρ,
1300 4393 1514 4460 ἀλόγων
1535 4393 1715 4458 δίκην,
1745 4392 1882 4461 πρὸς

1989 4403 2070 4448 est
2113 4389 2334 4448 solliciti
2357 4400 2485 4445 sunt
2515 4391 2582 4444 de
2612 4389 2716 4442 his.
2749 4387 3052 4442 Considera
3090 4405 3104 4439 :
3134 4386 3338 4440 Gentes
3365 4384 3579 4438 irratio-

313 4486 482 4552 μόνην
519 4485 782 4552 βλέπουσι
806 4487 906 4553 τὴν
945 4486 1280 4555 φιληδονίαν.
1315 4487 1488 4538 Ὅταν
1513 4484 1570 4537 δὲ
1599 4485 1709 4552 (55)
1745 4485 1882 4553 μηδέ

303 4577 415 4628 τῶν
454 4577 685 4630 ἐθνικῶν
715 4578 1132 4649 ὕπερτερῶμεν,
1165 4579 1215 4629 oi
1231 4577 1339 4630 τῶν
1365 4577 1750 4648 Γραμματέων
1796 4578 1889 4629 καὶ

306 4667 624 4736 Φαρισαίων
661 4671 989 4738 ὑπερτερεῖν
1020 4669 1142 4730 ταῖς
1187 4669 1409 4737 ἀρεταῖς
1440 4667 1890 4737 κεκελευσμένοι,

306 4760 468 4822 ποίας
504 4760 604 4811 οὐκ
632 4760 698 4811 ἂν
715 4759 910 4830 εἴημεν
952 4759 1228 4821 κολάσεως
1254 4758 1431 4824 deiet;

383 4936 935 4996 Οἵδε-ἁπάντων.
972 4940 1376 5008 Καθαψάμενος
1424 4941 1604 5018 αὐτῶν
1661 4940 1882 5008 ἱκανῶς,

313 5029 734 5102 παραθαῤῥύνει
803 5032 968 5086 πάλιν
1012 5029 1300 5101 ἑτέρωθεν.
1338 5032 1542 5099 Ἔργον
1578 5032 1688 5102 γὰρ
1733 5032 1883 5085 διδα-

1987 4485 2192 4539 nalium
2241 4497 2415 4546 more,
2469 4481 2587 4535 solo
2645 4489 2933 4533 moventur
2981 4478 3323 4548 voluptatum
3365 4490 3577 4530 amore.

1988 4577 2216 4642 Quando
2244 4588 2374 4645 ergo
2407 4587 2586 4642 neque
2620 4570 2876 4641 gentibus
2917 4568 3324 4638 przestantiores
3360 4581 3573 4628 smnus,

1989 4667 2190 4738 quibus
2210 4666 2424 4735 jussum
2447 4672 2550 4725 est,
2574 4670 2714 4715 utet
2748 4659 2956 4715 Scribis
2998 4657 3378 4720 etharisa‘is’
3409 4657 3582 4709 virtu-

2000 4768 2052 4814 te
2109 4757 2281 4811 simus
2317 4753 2733 4816 eminentiores,
2789 4766 2898 4820 quo
2952 4750 3222 4819 supplicio
3269 4749 3417 4820 digni
3473 4763 3582 4802 non

1993 4851 2240 4908 erimus?

2067 4940 2225 4997 Vers.
2257 4939 2350 4995 '52.
2379 4937 2490 4993 Scit
2523 4967 2579 4978 -
2617 4934 2878 4988 omnibus.
2947 4934 3238 5003 Postquam
3271 4931 3402 4985 satis
3438 4930 3583 4999 ipsos

1989 5032 2278 5101 corripuit,
2319 5045 2511 5084 rursus
2544 5025 2762 5081 aliunde
2791 5041 2888 5080 eos
2931 5025 3275 5080 adhortatur.
3311 5021 3404 5076 Est
3436 5022 3581 5075 enim

1516 5187 1718 5250 Varia
1751 5187 2056 5250 lectiones
2097 5198 2159 5249 et
2189 5193 2381 5249 noue.

380 5353 493 5420 (30)
521 5349 859 5420 περιτίθεται
881 5351 950 5407 Α.

379 5423 490 5491 (δι)
521 5419 642 5486 καί,
673 5422 827 5474 abest
855 5424 919 5475 Α.

378 5577 453 5644 (:c)
477 5572 724 5630 Amantia
744 5561 884 5630 moie
906 5605 974 5616 ——
992 5576 1152 5629 dicat.
1176 5574 1472 5645 lnterrogat
1495 5574 1641 5628 enim
1669 5574 1874 5629 dicens.

307 5646 584 5715 lntcrpres
621 5645 837 5698 videtur
869 5646 1059 5712 legisse
1095 5646 1394 5715 ἐρωτικῶς.

377 5712 755 5779 (ιη’ροιςεειὶο.
791 5716 1016 5771 Videtur
1042 5712 1168 5784 ergo
1195 5712 1494 5769 llenteuius
1523 5714 1689 5769 etiam
1718 5728 1848 5782 repe

2077 5349 2188 5416 (3‘2)
2229 5350 2326 5418 μή.
2351 5348 2503 5402 abest
2527 5349 2586 5418 Δ,

2077 5417 2188 5488 ('53)
2226 5415 2326 5489 μή,
2359 5433 2458 5488 pro
2485 5417 2623 5488 μηδέ
2649 5415 2713 5468 Α.

1986 5573 2123 5627 risse
2159 5573 2367 5639 κτῆμα.
2405 5571 2580 5625 Malim
2618 5580 2798 5625 tamen
2828 5571 3056 5639 κτίσμα.
3086 5569 3268 5623 Jacob.
3308 5587 3343 5624 I.
3385 5570 3468 5621 53.

2064 5643 2135 5710 (ι)
2186 5641 2475 5696 Ξείεηιίαηι
2524 5659 2587 5694 ac
2647 5643 3054 5696 nrovidentimn.
3115 5639 3459 5695 Voluntatcut
3527 5646 3583 5698 et

1993 5721 2337 5784 potestatem.
