  <div class='ocr_page' id='page_1' title='image "/cluster/home/n/w/nwhite01/storage/ocr_20150623/129/uva.x030341099/137.png"; bbox 0 0 4042 6418; ppageno 0'>
   <div class='ocr_carea' id='block_1_1' title="bbox 523 403 632 467">
    <p class='ocr_par' dir='ltr' id='par_1_1' title="bbox 523 403 632 467">
     <span class='ocr_line' id='line_1_1' title="bbox 523 403 632 467; baseline 0.028 -3"><span class='ocrx_word' id='word_1_1' title='bbox 523 403 632 467; x_wconf 78' lang='grc' dir='ltr'><strong>Ξ55</strong></span> 
     </span>
    </p>
   </div>
   <div class='ocr_carea' id='block_1_2' title="bbox 1747 402 3783 467">
    <p class='ocr_par' dir='ltr' id='par_1_2' title="bbox 1747 402 3783 467">
     <span class='ocr_line' id='line_1_2' title="bbox 1747 402 3783 467; baseline -0.011 0"><span class='ocrx_word' id='word_1_2' title='bbox 1747 405 2001 467; x_wconf 81' lang='lat' dir='ltr'><strong>EUTHY</strong></span> <span class='ocrx_word' id='word_1_3' title='bbox 2014 402 2126 461; x_wconf 83' lang='lat' dir='ltr'><strong>.\lll</strong></span> <span class='ocrx_word' id='word_1_4' title='bbox 2199 403 2564 463; x_wconf 68' lang='lat' dir='ltr'><strong>ZIGABENI</strong></span> <span class='ocrx_word' id='word_1_5' title='bbox 3681 410 3783 466; x_wconf 42' lang='grc' dir='ltr'><strong>Ξςλδ</strong></span> 
     </span>
    </p>
   </div>
   <div class='ocr_carea' id='block_1_3' title="bbox 525 511 2106 601">
    <p class='ocr_par' dir='ltr' id='par_1_3' title="bbox 525 517 2099 601">
     <span class='ocr_line' id='line_1_3' title="bbox 525 517 2099 601; baseline -0.003 -27"><span class='ocrx_word' id='word_1_6' title='bbox 525 519 1174 601; x_wconf 64' lang='grc' dir='ltr'>ρτωοεριοτῐεόἰῐῖοῑυιη,</span> <span class='ocrx_word' id='word_1_7' title='bbox 1231 531 1286 576; x_wconf 92' lang='lat' dir='ltr'><strong>et</strong></span> <span class='ocrx_word' id='word_1_8' title='bbox 1334 521 1622 588; x_wconf 75' lang='lat' dir='ltr'><strong>obiurgare</strong></span> <span class='ocrx_word' id='word_1_9' title='bbox 1671 520 1797 572; x_wconf 87' lang='lat' dir='ltr'><strong>dum</strong></span> <span class='ocrx_word' id='word_1_10' title='bbox 1859 517 2099 586; x_wconf 86' lang='lat' dir='ltr'><strong>expedit,</strong></span> 
     </span>
    </p>
   </div>
   <div class='ocr_carea' id='block_1_4' title="bbox 2212 511 3785 601">
    <p class='ocr_par' dir='ltr' id='par_1_4' title="bbox 2212 511 3785 588">
     <span class='ocr_line' id='line_1_4' title="bbox 2212 511 3785 588; baseline 0.001 -20"><span class='ocrx_word' id='word_1_11' title='bbox 2212 518 2372 570; x_wconf 69' lang='grc' dir='ltr'>καλου</span> <span class='ocrx_word' id='word_1_12' title='bbox 2409 519 2504 570; x_wconf 77' lang='grc' dir='ltr'>καὶ</span> <span class='ocrx_word' id='word_1_13' title='bbox 2527 515 2901 584; x_wconf 72' lang='grc' dir='ltr'><strong>ἐπιπλήττειν,</strong></span> <span class='ocrx_word' id='word_1_14' title='bbox 2935 517 2993 570; x_wconf 82' lang='grc' dir='ltr'>ὲν</span> <span class='ocrx_word' id='word_1_15' title='bbox 3019 511 3098 580; x_wconf 67' lang='grc' dir='ltr'><strong>οἷς</strong></span> <span class='ocrx_word' id='word_1_16' title='bbox 3133 516 3259 588; x_wconf 73' lang='grc' dir='ltr'>χρὴ,</span> <span class='ocrx_word' id='word_1_17' title='bbox 3291 519 3384 569; x_wconf 69' lang='grc' dir='ltr'>καὶ</span> <span class='ocrx_word' id='word_1_18' title='bbox 3413 521 3785 587; x_wconf 67' lang='grc' dir='ltr'>παρακαλεῖν,</span> 
     </span>
    </p>
   </div>
   <div class='ocr_carea' id='block_1_5' title="bbox 524 608 2094 679">
    <p class='ocr_par' dir='ltr' id='par_1_5' title="bbox 524 608 2094 679">
     <span class='ocr_line' id='line_1_5' title="bbox 524 608 2094 679; baseline -0.009 -7"><span class='ocrx_word' id='word_1_19' title='bbox 524 629 580 673; x_wconf 88' lang='lat' dir='ltr'><strong>et</strong></span> <span class='ocrx_word' id='word_1_20' title='bbox 611 616 901 678; x_wconf 65' lang='lat' dir='ltr'><strong>consobri,</strong></span> <span class='ocrx_word' id='word_1_21' title='bbox 927 630 986 668; x_wconf 90' lang='lat' dir='ltr'><strong>ac</strong></span> <span class='ocrx_word' id='word_1_22' title='bbox 1006 614 1257 679; x_wconf 87' lang='lat' dir='ltr'><strong>utrinque</strong></span> <span class='ocrx_word' id='word_1_23' title='bbox 1287 610 1544 664; x_wconf 80' lang='lat' dir='ltr'><strong>excitare.</strong></span> <span class='ocrx_word' id='word_1_24' title='bbox 1569 608 1685 664; x_wconf 84' lang='lat' dir='ltr'><strong>Non</strong></span> <span class='ocrx_word' id='word_1_25' title='bbox 1715 609 1849 662; x_wconf 97' lang='lat' dir='ltr'><strong>dixit</strong></span> <span class='ocrx_word' id='word_1_26' title='bbox 1871 617 2052 660; x_wconf 82' lang='lat' dir='ltr'><strong>autem</strong></span> <span class='ocrx_word' id='word_1_27' title='bbox 2081 625 2094 658; x_wconf 91' lang='lat'><strong>:</strong></span> 
     </span>
    </p>
   </div>
   <div class='ocr_carea' id='block_1_6' title="bbox 528 693 2101 768">
    <p class='ocr_par' dir='ltr' id='par_1_6' title="bbox 528 693 2101 768">
     <span class='ocr_line' id='line_1_6' title="bbox 528 693 2101 768; baseline -0.01 -9"><span class='ocrx_word' id='word_1_28' title='bbox 528 707 637 761; x_wconf 81' lang='lat' dir='ltr'><strong>Scit</strong></span> <span class='ocrx_word' id='word_1_29' title='bbox 666 704 824 768; x_wconf 75' lang='lat' dir='ltr'><strong>Deus,</strong></span> <span class='ocrx_word' id='word_1_30' title='bbox 853 703 966 764; x_wconf 85' lang='lat' dir='ltr'><strong>sed,</strong></span> <span class='ocrx_word' id='word_1_31' title='bbox 995 700 1102 754; x_wconf 83' lang='lat' dir='ltr'><strong>Scit</strong></span> <span class='ocrx_word' id='word_1_32' title='bbox 1139 699 1299 753; x_wconf 79' lang='lat' dir='ltr'><strong>Pater</strong></span> <span class='ocrx_word' id='word_1_33' title='bbox 1323 708 1523 762; x_wconf 78' lang='lat' dir='ltr'><strong>vester;</strong></span> <span class='ocrx_word' id='word_1_34' title='bbox 1549 713 1655 766; x_wconf 91' lang='lat' dir='ltr'><strong>quo</strong></span> <span class='ocrx_word' id='word_1_35' title='bbox 1687 697 1971 749; x_wconf 86' lang='lat' dir='ltr'><strong>maximam</strong></span> <span class='ocrx_word' id='word_1_36' title='bbox 2008 693 2101 745; x_wconf 87' lang='lat' dir='ltr'><strong>ha-</strong></span> 
     </span>
    </p>
   </div>
   <div class='ocr_carea' id='block_1_7' title="bbox 528 782 2098 858">
    <p class='ocr_par' dir='ltr' id='par_1_7' title="bbox 528 782 2098 858">
     <span class='ocr_line' id='line_1_7' title="bbox 528 782 2098 858; baseline -0.01 -7"><span class='ocrx_word' id='word_1_37' title='bbox 528 799 694 851; x_wconf 83' lang='lat' dir='ltr'><strong>beam</strong></span> <span class='ocrx_word' id='word_1_38' title='bbox 746 793 1017 848; x_wconf 84' lang='lat' dir='ltr'><strong>ﬁduciam.</strong></span> <span class='ocrx_word' id='word_1_39' title='bbox 1075 792 1147 843; x_wconf 85' lang='lat' dir='ltr'><strong>Ex</strong></span> <span class='ocrx_word' id='word_1_40' title='bbox 1181 806 1290 858; x_wconf 88' lang='lat' dir='ltr'><strong>quo</strong></span> <span class='ocrx_word' id='word_1_41' title='bbox 1332 791 1476 842; x_wconf 89' lang='lat' dir='ltr'><strong>enim</strong></span> <span class='ocrx_word' id='word_1_42' title='bbox 1518 788 1677 841; x_wconf 84' lang='lat' dir='ltr'><strong>Pater</strong></span> <span class='ocrx_word' id='word_1_43' title='bbox 1725 797 1828 849; x_wconf 89' lang='lat' dir='ltr'><strong>est,</strong></span> <span class='ocrx_word' id='word_1_44' title='bbox 1860 793 1916 838; x_wconf 91' lang='lat' dir='ltr'><strong>et</strong></span> <span class='ocrx_word' id='word_1_45' title='bbox 1974 782 2098 836; x_wconf 88' lang='lat' dir='ltr'><strong>talis</strong></span> 
     </span>
    </p>
   </div>
   <div class='ocr_carea' id='block_1_8' title="bbox 530 876 2098 952">
    <p class='ocr_par' dir='ltr' id='par_1_8' title="bbox 530 876 2098 952">
     <span class='ocr_line' id='line_1_8' title="bbox 530 876 2098 952; baseline -0.011 -11"><span class='ocrx_word' id='word_1_46' title='bbox 530 888 710 948; x_wconf 82' lang='lat' dir='ltr'><strong>Pater,</strong></span> <span class='ocrx_word' id='word_1_47' title='bbox 743 885 881 938; x_wconf 90' lang='lat' dir='ltr'><strong>ﬁlios</strong></span> <span class='ocrx_word' id='word_1_48' title='bbox 899 883 1176 952; x_wconf 77' lang='lat' dir='ltr'><strong>despicere</strong></span> <span class='ocrx_word' id='word_1_49' title='bbox 1207 896 1312 933; x_wconf 89' lang='lat' dir='ltr'><strong>non</strong></span> <span class='ocrx_word' id='word_1_50' title='bbox 1339 880 1559 948; x_wconf 87' lang='lat' dir='ltr'><strong>poterit,</strong></span> <span class='ocrx_word' id='word_1_51' title='bbox 1608 886 1662 931; x_wconf 91' lang='lat' dir='ltr'><strong>et</strong></span> <span class='ocrx_word' id='word_1_52' title='bbox 1687 876 1793 945; x_wconf 89' lang='lat' dir='ltr'><strong>pati</strong></span> <span class='ocrx_word' id='word_1_53' title='bbox 1833 885 1890 927; x_wconf 95' lang='lat' dir='ltr'><strong>ut</strong></span> <span class='ocrx_word' id='word_1_54' title='bbox 1919 887 2098 926; x_wconf 88' lang='lat' dir='ltr'><strong>rerum</strong></span> 
     </span>
    </p>
   </div>
   <div class='ocr_carea' id='block_1_9' title="bbox 530 971 2101 1042">
    <p class='ocr_par' dir='ltr' id='par_1_9' title="bbox 530 971 2101 1042">
     <span class='ocr_line' id='line_1_9' title="bbox 530 971 2101 1042; baseline -0.009 -10"><span class='ocrx_word' id='word_1_55' title='bbox 530 977 961 1032; x_wconf 84' lang='lat' dir='ltr'><strong>necessariarum</strong></span> <span class='ocrx_word' id='word_1_56' title='bbox 1015 972 1308 1042; x_wconf 73' lang='lat' dir='ltr'><strong>indigentia</strong></span> <span class='ocrx_word' id='word_1_57' title='bbox 1366 971 1641 1032; x_wconf 86' lang='lat' dir='ltr'><strong>deﬁciant,</strong></span> <span class='ocrx_word' id='word_1_58' title='bbox 1718 983 1838 1020; x_wconf 91' lang='lat' dir='ltr'><strong>cum</strong></span> <span class='ocrx_word' id='word_1_59' title='bbox 1923 980 2101 1033; x_wconf 87' lang='lat' dir='ltr'><strong>neque</strong></span> 
     </span>
    </p>
   </div>
   <div class='ocr_carea' id='block_1_10' title="bbox 528 1053 2098 1134">
    <p class='ocr_par' dir='ltr' id='par_1_10' title="bbox 528 1053 2098 1134">
     <span class='ocr_line' id='line_1_10' title="bbox 528 1053 2098 1134; baseline -0.009 -14"><span class='ocrx_word' id='word_1_60' title='bbox 528 1065 732 1121; x_wconf 85' lang='lat' dir='ltr'><strong>terreni</strong></span> <span class='ocrx_word' id='word_1_61' title='bbox 771 1075 952 1134; x_wconf 83' lang='lat' dir='ltr'><strong>patres</strong></span> <span class='ocrx_word' id='word_1_62' title='bbox 997 1064 1048 1117; x_wconf 90' lang='lat' dir='ltr'><strong>id</strong></span> <span class='ocrx_word' id='word_1_63' title='bbox 1082 1063 1406 1116; x_wconf 85' lang='lat' dir='ltr'><strong>sustineant.</strong></span> <span class='ocrx_word' id='word_1_64' title='bbox 1454 1059 1516 1112; x_wconf 77' lang='lat' dir='ltr'><strong>Et</strong></span> <span class='ocrx_word' id='word_1_65' title='bbox 1564 1057 1688 1125; x_wconf 80' lang='lat' dir='ltr'><strong>quia</strong></span> <span class='ocrx_word' id='word_1_66' title='bbox 1729 1055 1980 1109; x_wconf 87' lang='lat' dir='ltr'><strong>omnibus</strong></span> <span class='ocrx_word' id='word_1_67' title='bbox 2013 1053 2098 1106; x_wconf 86' lang='lat' dir='ltr'><strong>his</strong></span> 
     </span>
    </p>
   </div>
   <div class='ocr_carea' id='block_1_11' title="bbox 530 1147 2102 1224">
    <p class='ocr_par' dir='ltr' id='par_1_11' title="bbox 530 1147 2102 1224">
     <span class='ocr_line' id='line_1_11' title="bbox 530 1147 2102 1224; baseline -0.01 -14"><span class='ocrx_word' id='word_1_68' title='bbox 530 1158 632 1210; x_wconf 85' lang='lat' dir='ltr'><strong>scit</strong></span> <span class='ocrx_word' id='word_1_69' title='bbox 655 1171 750 1210; x_wconf 85' lang='lat' dir='ltr'><strong>vos</strong></span> <span class='ocrx_word' id='word_1_70' title='bbox 775 1155 1034 1224; x_wconf 76' lang='lat' dir='ltr'><strong>indigere,</strong></span> <span class='ocrx_word' id='word_1_71' title='bbox 1060 1153 1202 1205; x_wconf 79' lang='lat' dir='ltr'><strong>dabit</strong></span> <span class='ocrx_word' id='word_1_72' title='bbox 1233 1152 1437 1218; x_wconf 79' lang='lat' dir='ltr'><strong>utique.</strong></span> <span class='ocrx_word' id='word_1_73' title='bbox 1489 1147 1600 1200; x_wconf 82' lang='lat' dir='ltr'><strong>Non</strong></span> <span class='ocrx_word' id='word_1_74' title='bbox 1627 1157 1756 1200; x_wconf 89' lang='lat' dir='ltr'><strong>sunt</strong></span> <span class='ocrx_word' id='word_1_75' title='bbox 1808 1147 1953 1198; x_wconf 90' lang='lat' dir='ltr'><strong>enim</strong></span> <span class='ocrx_word' id='word_1_76' title='bbox 2007 1158 2102 1195; x_wconf 85' lang='lat' dir='ltr'><strong>sn-</strong></span> 
     </span>
    </p>
   </div>
   <div class='ocr_carea' id='block_1_12' title="bbox 528 1234 2100 1316">
    <p class='ocr_par' dir='ltr' id='par_1_12' title="bbox 528 1234 2100 1316">
     <span class='ocr_line' id='line_1_12' title="bbox 528 1234 2100 1316; baseline -0.011 -15"><span class='ocrx_word' id='word_1_77' title='bbox 528 1246 735 1316; x_wconf 83' lang='lat' dir='ltr'><strong>perﬁna</strong></span> <span class='ocrx_word' id='word_1_78' title='bbox 763 1247 945 1308; x_wconf 87' lang='lat' dir='ltr'><strong>edere,</strong></span> <span class='ocrx_word' id='word_1_79' title='bbox 1005 1245 1207 1302; x_wconf 82' lang='lat' dir='ltr'><strong>bibere,</strong></span> <span class='ocrx_word' id='word_1_80' title='bbox 1245 1249 1338 1293; x_wconf 88' lang='lat' dir='ltr'><strong>ant</strong></span> <span class='ocrx_word' id='word_1_81' title='bbox 1402 1239 1628 1299; x_wconf 85' lang='lat' dir='ltr'><strong>vestiri,</strong></span> <span class='ocrx_word' id='word_1_82' title='bbox 1682 1246 1741 1289; x_wconf 92' lang='lat' dir='ltr'><strong>ut</strong></span> <span class='ocrx_word' id='word_1_83' title='bbox 1797 1234 1972 1304; x_wconf 87' lang='lat' dir='ltr'><strong>possit</strong></span> <span class='ocrx_word' id='word_1_84' title='bbox 2004 1247 2100 1284; x_wconf 83' lang='lat' dir='ltr'><strong>ne-</strong></span> 
     </span>
    </p>
   </div>
   <div class='ocr_carea' id='block_1_13' title="bbox 528 1321 2100 1401">
    <p class='ocr_par' dir='ltr' id='par_1_13' title="bbox 528 1321 2100 1401">
     <span class='ocr_line' id='line_1_13' title="bbox 528 1321 2100 1401; baseline -0.007 -17"><span class='ocrx_word' id='word_1_85' title='bbox 528 1333 752 1401; x_wconf 82' lang='lat' dir='ltr'><strong>gligere,</strong></span> <span class='ocrx_word' id='word_1_86' title='bbox 795 1332 888 1385; x_wconf 88' lang='lat' dir='ltr'><strong>sed</strong></span> <span class='ocrx_word' id='word_1_87' title='bbox 949 1329 1157 1398; x_wconf 89' lang='lat' dir='ltr'><strong>corpori</strong></span> <span class='ocrx_word' id='word_1_88' title='bbox 1221 1328 1394 1389; x_wconf 86' lang='lat' dir='ltr'><strong>utilia,</strong></span> <span class='ocrx_word' id='word_1_89' title='bbox 1451 1335 1612 1394; x_wconf 87' lang='lat' dir='ltr'><strong>atque</strong></span> <span class='ocrx_word' id='word_1_90' title='bbox 1666 1334 1873 1378; x_wconf 68' lang='lat' dir='ltr'><strong>naturae</strong></span> <span class='ocrx_word' id='word_1_91' title='bbox 1928 1321 2100 1390; x_wconf 84' lang='lat' dir='ltr'><strong>ipsius</strong></span> 
     </span>
    </p>
   </div>
   <div class='ocr_carea' id='block_1_14' title="bbox 528 1416 2089 1488">
    <p class='ocr_par' dir='ltr' id='par_1_14' title="bbox 528 1416 2089 1488">
     <span class='ocr_line' id='line_1_14' title="bbox 528 1416 2089 1488; baseline -0.008 -12"><span class='ocrx_word' id='word_1_92' title='bbox 528 1422 853 1476; x_wconf 87' lang='lat' dir='ltr'><strong>necessaria.</strong></span> <span class='ocrx_word' id='word_1_93' title='bbox 883 1421 1068 1488; x_wconf 83' lang='lat' dir='ltr'><strong>Itaque</strong></span> <span class='ocrx_word' id='word_1_94' title='bbox 1095 1434 1255 1487; x_wconf 89' lang='lat' dir='ltr'><strong>quam</strong></span> <span class='ocrx_word' id='word_1_95' title='bbox 1290 1418 1384 1470; x_wconf 82' lang='lat' dir='ltr'><strong>tibi</strong></span> <span class='ocrx_word' id='word_1_96' title='bbox 1408 1416 1688 1468; x_wconf 85' lang='lat' dir='ltr'><strong>existimas</strong></span> <span class='ocrx_word' id='word_1_97' title='bbox 1717 1429 1836 1467; x_wconf 88' lang='lat' dir='ltr'><strong>esse</strong></span> <span class='ocrx_word' id='word_1_98' title='bbox 1869 1427 2089 1465; x_wconf 85' lang='lat' dir='ltr'><strong>causam</strong></span> 
     </span>
    </p>
   </div>
   <div class='ocr_carea' id='block_1_15' title="bbox 528 1499 2100 1577">
    <p class='ocr_par' dir='ltr' id='par_1_15' title="bbox 528 1499 2100 1577">
     <span class='ocr_line' id='line_1_15' title="bbox 528 1499 2100 1577; baseline -0.007 -14"><span class='ocrx_word' id='word_1_99' title='bbox 528 1509 940 1572; x_wconf 84' lang='lat' dir='ltr'><strong>sollicitudinis,</strong></span> <span class='ocrx_word' id='word_1_100' title='bbox 1003 1510 1172 1577; x_wconf 86' lang='lat' dir='ltr'><strong>magis</strong></span> <span class='ocrx_word' id='word_1_101' title='bbox 1234 1522 1394 1560; x_wconf 86' lang='lat' dir='ltr'><strong>causa</strong></span> <span class='ocrx_word' id='word_1_102' title='bbox 1440 1515 1523 1561; x_wconf 87' lang='lat' dir='ltr'><strong>est</strong></span> <span class='ocrx_word' id='word_1_103' title='bbox 1582 1503 1910 1558; x_wconf 83' lang='lat' dir='ltr'><strong>securitatis.</strong></span> <span class='ocrx_word' id='word_1_104' title='bbox 1963 1499 2100 1564; x_wconf 87' lang='lat' dir='ltr'><strong>Quia</strong></span> 
     </span>
    </p>
   </div>
   <div class='ocr_carea' id='block_1_16' title="bbox 529 1590 2099 1663">
    <p class='ocr_par' dir='ltr' id='par_1_16' title="bbox 529 1590 2099 1663">
     <span class='ocr_line' id='line_1_16' title="bbox 529 1590 2099 1663; baseline -0.006 -11"><span class='ocrx_word' id='word_1_105' title='bbox 529 1599 684 1652; x_wconf 84' lang='lat' dir='ltr'><strong>enim’</strong></span> <span class='ocrx_word' id='word_1_106' title='bbox 727 1600 841 1653; x_wconf 61' lang='lat' dir='ltr'><strong>hac</strong></span> <span class='ocrx_word' id='word_1_107' title='bbox 893 1599 1200 1653; x_wconf 84' lang='lat' dir='ltr'><strong>necessaria</strong></span> <span class='ocrx_word' id='word_1_108' title='bbox 1240 1608 1397 1658; x_wconf 87' lang='lat' dir='ltr'><strong>sunt,</strong></span> <span class='ocrx_word' id='word_1_109' title='bbox 1456 1597 1576 1649; x_wconf 89' lang='lat' dir='ltr'><strong>ideo</strong></span> <span class='ocrx_word' id='word_1_110' title='bbox 1604 1594 1772 1663; x_wconf 81' lang='lat' dir='ltr'><strong>magis</strong></span> <span class='ocrx_word' id='word_1_111' title='bbox 1822 1590 2099 1646; x_wconf 86' lang='lat' dir='ltr'><strong>conﬁdere</strong></span> 
     </span>
    </p>
   </div>
   <div class='ocr_carea' id='block_1_17' title="bbox 523 1679 2101 1755">
    <p class='ocr_par' dir='ltr' id='par_1_17' title="bbox 523 1679 2101 1755">
     <span class='ocr_line' id='line_1_17' title="bbox 523 1679 2101 1755; baseline -0.004 -16"><span class='ocrx_word' id='word_1_112' title='bbox 523 1695 752 1755; x_wconf 84' lang='lat' dir='ltr'><strong>oportet.</strong></span> <span class='ocrx_word' id='word_1_113' title='bbox 813 1685 945 1749; x_wconf 86' lang='lat' dir='ltr'><strong>Quis</strong></span> <span class='ocrx_word' id='word_1_114' title='bbox 971 1688 1115 1742; x_wconf 91' lang='lat' dir='ltr'><strong>enim</strong></span> <span class='ocrx_word' id='word_1_115' title='bbox 1166 1696 1336 1754; x_wconf 78' lang='lat' dir='ltr'><strong>pater,</strong></span> <span class='ocrx_word' id='word_1_116' title='bbox 1391 1685 1556 1738; x_wconf 90' lang='lat' dir='ltr'><strong>etiam</strong></span> <span class='ocrx_word' id='word_1_117' title='bbox 1607 1681 1916 1736; x_wconf 88' lang='lat' dir='ltr'><strong>necessaria</strong></span> <span class='ocrx_word' id='word_1_118' title='bbox 1973 1679 2101 1733; x_wconf 88' lang='lat' dir='ltr'><strong>ﬁliis</strong></span> 
     </span>
    </p>
   </div>
   <div class='ocr_carea' id='block_1_18' title="bbox 525 1777 862 1846">
    <p class='ocr_par' dir='ltr' id='par_1_18' title="bbox 525 1777 862 1846">
     <span class='ocr_line' id='line_1_18' title="bbox 525 1777 862 1846; baseline -0.006 -16"><span class='ocrx_word' id='word_1_119' title='bbox 525 1777 816 1846; x_wconf 76' lang='lat' dir='ltr'><strong>denegabit</strong></span> <span class='ocrx_word' id='word_1_120' title='bbox 838 1777 862 1828; x_wconf 62' lang='grc' dir='ltr'><em>ἲ</em></span> 
     </span>
    </p>
   </div>
   <div class='ocr_carea' id='block_1_19' title="bbox 2208 602 3784 675">
    <p class='ocr_par' dir='ltr' id='par_1_19' title="bbox 2208 602 3784 675">
     <span class='ocr_line' id='line_1_19' title="bbox 2208 602 3784 675; baseline 0.001 -18"><span class='ocrx_word' id='word_1_121' title='bbox 2208 606 2302 657; x_wconf 76' lang='grc' dir='ltr'>καὶ</span> <span class='ocrx_word' id='word_1_122' title='bbox 2339 604 2729 675; x_wconf 81' lang='grc' dir='ltr'><strong>ἀμφοτέρωθεν</strong></span> <span class='ocrx_word' id='word_1_123' title='bbox 2753 604 3064 675; x_wconf 77' lang='grc' dir='ltr'><strong>διεγείρειν.</strong></span> <span class='ocrx_word' id='word_1_124' title='bbox 3099 608 3211 658; x_wconf 80' lang='grc' dir='ltr'>Οὐκ</span> <span class='ocrx_word' id='word_1_125' title='bbox 3243 602 3361 659; x_wconf 73' lang='grc' dir='ltr'>εἶπε</span> <span class='ocrx_word' id='word_1_126' title='bbox 3401 609 3480 668; x_wconf 79' lang='grc' dir='ltr'>δὲ,</span> <span class='ocrx_word' id='word_1_127' title='bbox 3512 610 3596 659; x_wconf 81' lang='grc' dir='ltr'>ὅτι</span> <span class='ocrx_word' id='word_1_128' title='bbox 3631 606 3784 660; x_wconf 62' lang='grc' dir='ltr'>Οἶδεν</span> 
     </span>
    </p>
   </div>
   <div class='ocr_carea' id='block_1_20' title="bbox 2207 691 3779 766">
    <p class='ocr_par' dir='ltr' id='par_1_20' title="bbox 2207 691 3779 766">
     <span class='ocr_line' id='line_1_20' title="bbox 2207 691 3779 766; baseline 0.003 -20"><span class='ocrx_word' id='word_1_129' title='bbox 2207 696 2233 746; x_wconf 73' lang='grc' dir='ltr'>ὁ</span> <span class='ocrx_word' id='word_1_130' title='bbox 2261 695 2415 757; x_wconf 81' lang='grc' dir='ltr'>Θεὸς,</span> <span class='ocrx_word' id='word_1_131' title='bbox 2456 693 2574 746; x_wconf 85' lang='grc' dir='ltr'>ἀλλ’</span> <span class='ocrx_word' id='word_1_132' title='bbox 2613 695 2696 747; x_wconf 83' lang='grc' dir='ltr'>ὅτι</span> <span class='ocrx_word' id='word_1_133' title='bbox 2753 691 2929 748; x_wconf 74' lang='grc' dir='ltr'>Οἶδεν</span> <span class='ocrx_word' id='word_1_134' title='bbox 2975 699 3007 748; x_wconf 90' lang='lat' dir='ltr'><strong>o&#39;</strong></span> <span class='ocrx_word' id='word_1_135' title='bbox 3037 697 3240 764; x_wconf 82' lang='grc' dir='ltr'>Πατὴρ</span> <span class='ocrx_word' id='word_1_136' title='bbox 3273 697 3461 765; x_wconf 74' lang='grc' dir='ltr'>ὑμῶν,</span> <span class='ocrx_word' id='word_1_137' title='bbox 3495 699 3642 750; x_wconf 74' lang='grc' dir='ltr'>ὥστε</span> <span class='ocrx_word' id='word_1_138' title='bbox 3684 700 3779 766; x_wconf 74' lang='grc' dir='ltr'>μά-</span> 
     </span>
    </p>
   </div>
   <div class='ocr_carea' id='block_1_21' title="bbox 2206 782 3785 855">
    <p class='ocr_par' dir='ltr' id='par_1_21' title="bbox 2206 782 3785 855">
     <span class='ocr_line' id='line_1_21' title="bbox 2206 782 3785 855; baseline 0.005 -23"><span class='ocrx_word' id='word_1_139' title='bbox 2206 782 2362 835; x_wconf 81' lang='grc' dir='ltr'>λιστα</span> <span class='ocrx_word' id='word_1_140' title='bbox 2389 783 2616 853; x_wconf 78' lang='grc' dir='ltr'>θαῤῥεῐν</span> <span class='ocrx_word' id='word_1_141' title='bbox 2643 782 2861 842; x_wconf 80' lang='grc' dir='ltr'>αὐτούς.</span> <span class='ocrx_word' id='word_1_142' title='bbox 2898 784 3050 836; x_wconf 81' lang='grc' dir='ltr'>Ἐπεὶ</span> <span class='ocrx_word' id='word_1_143' title='bbox 3082 786 3188 853; x_wconf 83' lang='grc' dir='ltr'><strong>γὰρ</strong></span> <span class='ocrx_word' id='word_1_144' title='bbox 3253 787 3444 855; x_wconf 43' lang='lat' dir='ltr'><strong>[largo</strong></span> <span class='ocrx_word' id='word_1_145' title='bbox 3491 789 3638 848; x_wconf 77' lang='grc' dir='ltr'>ἐστι,</span> <span class='ocrx_word' id='word_1_146' title='bbox 3693 789 3785 840; x_wconf 67' lang='grc' dir='ltr'>καὶ</span> 
     </span>
    </p>
   </div>
   <div class='ocr_carea' id='block_1_22' title="bbox 2209 873 3788 945">
    <p class='ocr_par' dir='ltr' id='par_1_22' title="bbox 2209 873 3788 945">
     <span class='ocr_line' id='line_1_22' title="bbox 2209 873 3788 945; baseline 0.004 -19"><span class='ocrx_word' id='word_1_147' title='bbox 2209 873 2396 942; x_wconf 81' lang='grc' dir='ltr'>Πατὴρ</span> <span class='ocrx_word' id='word_1_148' title='bbox 2425 874 2688 936; x_wconf 82' lang='grc' dir='ltr'>τοιοῦτος,</span> <span class='ocrx_word' id='word_1_149' title='bbox 2718 875 2780 925; x_wconf 79' lang='grc' dir='ltr'>οὐ</span> <span class='ocrx_word' id='word_1_150' title='bbox 2822 875 3111 944; x_wconf 81' lang='grc' dir='ltr'>δυνήσεται</span> <span class='ocrx_word' id='word_1_151' title='bbox 3167 877 3430 945; x_wconf 80' lang='grc' dir='ltr'>περιιδεῖν</span> <span class='ocrx_word' id='word_1_152' title='bbox 3458 880 3590 940; x_wconf 74' lang='grc' dir='ltr'>τοὺς</span> <span class='ocrx_word' id='word_1_153' title='bbox 3639 881 3788 941; x_wconf 75' lang='grc' dir='ltr'>υἱοὺς</span> 
     </span>
    </p>
   </div>
   <div class='ocr_carea' id='block_1_23' title="bbox 2208 965 3789 1036">
    <p class='ocr_par' dir='ltr' id='par_1_23' title="bbox 2208 965 3789 1036">
     <span class='ocr_line' id='line_1_23' title="bbox 2208 965 3789 1036; baseline 0.003 -21"><span class='ocrx_word' id='word_1_154' title='bbox 2208 965 2386 1034; x_wconf 68' lang='grc' dir='ltr'>ἐνδείᾳ</span> <span class='ocrx_word' id='word_1_155' title='bbox 2451 965 2563 1016; x_wconf 82' lang='grc' dir='ltr'>τῶν</span> <span class='ocrx_word' id='word_1_156' title='bbox 2620 965 2940 1032; x_wconf 78' lang='grc' dir='ltr'><strong>ἀναγκαίων</strong></span> <span class='ocrx_word' id='word_1_157' title='bbox 3001 966 3519 1036; x_wconf 75' lang='grc' dir='ltr'><strong>διαφθειρομένους,</strong></span> <span class='ocrx_word' id='word_1_158' title='bbox 3579 973 3789 1033; x_wconf 83' lang='grc' dir='ltr'>ὃπουγε</span> 
     </span>
    </p>
   </div>
   <div class='ocr_carea' id='block_1_24' title="bbox 2207 1055 3790 1126">
    <p class='ocr_par' dir='ltr' id='par_1_24' title="bbox 2207 1055 3790 1126">
     <span class='ocr_line' id='line_1_24' title="bbox 2207 1055 3790 1126; baseline 0.002 -20"><span class='ocrx_word' id='word_1_159' title='bbox 2207 1056 2327 1107; x_wconf 80' lang='grc' dir='ltr'>οὐδὲ</span> <span class='ocrx_word' id='word_1_160' title='bbox 2391 1055 2724 1124; x_wconf 81' lang='grc' dir='ltr'><strong>ἀνθρώπινοι</strong></span> <span class='ocrx_word' id='word_1_161' title='bbox 2773 1056 3012 1123; x_wconf 80' lang='grc' dir='ltr'><strong>πατέρες</strong></span> <span class='ocrx_word' id='word_1_162' title='bbox 3067 1056 3228 1108; x_wconf 77' lang='grc' dir='ltr'>τοῦτο</span> <span class='ocrx_word' id='word_1_163' title='bbox 3261 1058 3624 1126; x_wconf 82' lang='grc' dir='ltr'>ὑπομένουσι.</span> <span class='ocrx_word' id='word_1_164' title='bbox 3681 1061 3790 1110; x_wconf 64' lang='grc' dir='ltr'><strong>Καὶ</strong></span> 
     </span>
    </p>
   </div>
   <div class='ocr_carea' id='block_1_25' title="bbox 2208 1138 3793 1213">
    <p class='ocr_par' dir='ltr' id='par_1_25' title="bbox 2208 1138 3793 1213">
     <span class='ocr_line' id='line_1_25' title="bbox 2208 1138 3793 1213; baseline 0.003 -21"><span class='ocrx_word' id='word_1_165' title='bbox 2208 1145 2330 1194; x_wconf 74' lang='grc' dir='ltr'>ἐπεὶ</span> <span class='ocrx_word' id='word_1_166' title='bbox 2379 1138 2520 1194; x_wconf 70' lang='grc' dir='ltr'>οἶδεν</span> <span class='ocrx_word' id='word_1_167' title='bbox 2572 1145 2652 1195; x_wconf 85' lang='grc' dir='ltr'>ὅτι</span> <span class='ocrx_word' id='word_1_168' title='bbox 2711 1142 2940 1213; x_wconf 76' lang='grc' dir='ltr'>χρῄζετε</span> <span class='ocrx_word' id='word_1_169' title='bbox 2998 1143 3203 1196; x_wconf 84' lang='grc' dir='ltr'>τούτων</span> <span class='ocrx_word' id='word_1_170' title='bbox 3275 1145 3551 1209; x_wconf 73' lang='grc' dir='ltr'>ἁπάντων,</span> <span class='ocrx_word' id='word_1_171' title='bbox 3624 1145 3793 1196; x_wconf 72' lang='grc' dir='ltr'>δώσει</span> 
     </span>
    </p>
   </div>
   <div class='ocr_carea' id='block_1_26' title="bbox 2208 1232 3791 1301">
    <p class='ocr_par' dir='ltr' id='par_1_26' title="bbox 2208 1232 3791 1301">
     <span class='ocr_line' id='line_1_26' title="bbox 2208 1232 3791 1301; baseline 0.001 -19"><span class='ocrx_word' id='word_1_172' title='bbox 2208 1233 2444 1292; x_wconf 81' lang='grc' dir='ltr'>πάντως.</span> <span class='ocrx_word' id='word_1_173' title='bbox 2470 1233 2545 1285; x_wconf 85' lang='grc' dir='ltr'><strong>Οὑ</strong></span> <span class='ocrx_word' id='word_1_174' title='bbox 2562 1232 2670 1301; x_wconf 78' lang='grc' dir='ltr'>γὰρ</span> <span class='ocrx_word' id='word_1_175' title='bbox 2688 1233 2940 1300; x_wconf 81' lang='grc' dir='ltr'>περιττὸν</span> <span class='ocrx_word' id='word_1_176' title='bbox 2964 1233 3024 1285; x_wconf 80' lang='grc' dir='ltr'>τὸ</span> <span class='ocrx_word' id='word_1_177' title='bbox 3047 1232 3245 1285; x_wconf 79' lang='grc' dir='ltr'>ἰσθίειν</span> <span class='ocrx_word' id='word_1_178' title='bbox 3272 1235 3366 1286; x_wconf 72' lang='grc' dir='ltr'>καὶ</span> <span class='ocrx_word' id='word_1_179' title='bbox 3387 1235 3565 1286; x_wconf 81' lang='grc' dir='ltr'><strong>πίνειν</strong></span> <span class='ocrx_word' id='word_1_180' title='bbox 3584 1239 3685 1287; x_wconf 74' lang='grc' dir='ltr'><strong>καὶ</strong></span> <span class='ocrx_word' id='word_1_181' title='bbox 3701 1236 3791 1285; x_wconf 78' lang='grc' dir='ltr'><strong>ὲνο</strong></span> 
     </span>
    </p>
   </div>
   <div class='ocr_carea' id='block_1_27' title="bbox 2207 1322 3792 1394">
    <p class='ocr_par' dir='ltr' id='par_1_27' title="bbox 2207 1322 3792 1394">
     <span class='ocr_line' id='line_1_27' title="bbox 2207 1322 3792 1394; baseline 0.001 -20"><span class='ocrx_word' id='word_1_182' title='bbox 2207 1322 2578 1382; x_wconf 86' lang='grc' dir='ltr'>διδύσκεσθαι,</span> <span class='ocrx_word' id='word_1_183' title='bbox 2623 1324 2710 1375; x_wconf 80' lang='grc' dir='ltr'>ἵνα</span> <span class='ocrx_word' id='word_1_184' title='bbox 2741 1324 2838 1374; x_wconf 64' lang='grc' dir='ltr'>καὶ</span> <span class='ocrx_word' id='word_1_185' title='bbox 2868 1324 3092 1394; x_wconf 73' lang='grc' dir='ltr'><strong>παρίδῃ⁹</strong></span> <span class='ocrx_word' id='word_1_186' title='bbox 3113 1324 3249 1378; x_wconf 87' lang='grc' dir='ltr'><strong>ἀλλά</strong></span> <span class='ocrx_word' id='word_1_187' title='bbox 3277 1329 3530 1394; x_wconf 81' lang='grc' dir='ltr'>χρήσιμα</span> <span class='ocrx_word' id='word_1_188' title='bbox 3559 1327 3644 1391; x_wconf 77' lang='grc' dir='ltr'><strong>τῷ</strong></span> <span class='ocrx_word' id='word_1_189' title='bbox 3684 1327 3792 1377; x_wconf 63' lang='lat' dir='ltr'><strong>ad;-</strong></span> 
     </span>
    </p>
   </div>
   <div class='ocr_carea' id='block_1_28' title="bbox 2211 1414 3783 1482">
    <p class='ocr_par' dir='ltr' id='par_1_28' title="bbox 2211 1414 3783 1482">
     <span class='ocr_line' id='line_1_28' title="bbox 2211 1414 3783 1482; baseline 0.002 -19"><span class='ocrx_word' id='word_1_190' title='bbox 2211 1430 2362 1480; x_wconf 86' lang='grc' dir='ltr'>ματι,</span> <span class='ocrx_word' id='word_1_191' title='bbox 2395 1414 2488 1463; x_wconf 72' lang='grc' dir='ltr'><strong>καὶ</strong></span> <span class='ocrx_word' id='word_1_192' title='bbox 2528 1415 2805 1479; x_wconf 81' lang='grc' dir='ltr'>ἀναγκαῖα</span> <span class='ocrx_word' id='word_1_193' title='bbox 2839 1417 2904 1480; x_wconf 75' lang='grc' dir='ltr'>τῇ</span> <span class='ocrx_word' id='word_1_194' title='bbox 2934 1416 3126 1466; x_wconf 88' lang='grc' dir='ltr'>τούτου</span> <span class='ocrx_word' id='word_1_195' title='bbox 3161 1414 3346 1482; x_wconf 80' lang='grc' dir='ltr'>φύσει.</span> <span class='ocrx_word' id='word_1_196' title='bbox 3412 1417 3602 1474; x_wconf 81' lang='grc' dir='ltr'>Ὥστε,</span> <span class='ocrx_word' id='word_1_197' title='bbox 3639 1416 3670 1468; x_wconf 82' lang='grc' dir='ltr'><strong>ὃ</strong></span> <span class='ocrx_word' id='word_1_198' title='bbox 3706 1434 3783 1466; x_wconf 75' lang='lat' dir='ltr'><strong>vr.-</strong></span> 
     </span>
    </p>
   </div>
   <div class='ocr_carea' id='block_1_29' title="bbox 2212 1500 3796 1574">
    <p class='ocr_par' dir='ltr' id='par_1_29' title="bbox 2212 1500 3796 1574">
     <span class='ocr_line' id='line_1_29' title="bbox 2212 1500 3796 1574; baseline 0.003 -24"><span class='ocrx_word' id='word_1_199' title='bbox 2212 1504 2390 1568; x_wconf 78' lang='grc' dir='ltr'>μέζεις</span> <span class='ocrx_word' id='word_1_200' title='bbox 2427 1504 2597 1555; x_wconf 71' lang='grc' dir='ltr'>αἴτιον</span> <span class='ocrx_word' id='word_1_201' title='bbox 2624 1500 2762 1556; x_wconf 69' lang='grc' dir='ltr'>εἶναί</span> <span class='ocrx_word' id='word_1_202' title='bbox 2809 1521 2891 1555; x_wconf 88' lang='grc' dir='ltr'><strong>σοι</strong></span> <span class='ocrx_word' id='word_1_203' title='bbox 2924 1505 3020 1573; x_wconf 84' lang='grc' dir='ltr'>τῆς</span> <span class='ocrx_word' id='word_1_204' title='bbox 3057 1504 3350 1572; x_wconf 76' lang='grc' dir='ltr'>μερίμνης,</span> <span class='ocrx_word' id='word_1_205' title='bbox 3384 1506 3541 1558; x_wconf 82' lang='grc' dir='ltr'>τοῦτο</span> <span class='ocrx_word' id='word_1_206' title='bbox 3586 1505 3796 1574; x_wconf 71' lang='grc' dir='ltr'>μᾶλλον</span> 
     </span>
    </p>
   </div>
   <div class='ocr_carea' id='block_1_30' title="bbox 2210 1591 3796 1664">
    <p class='ocr_par' dir='ltr' id='par_1_30' title="bbox 2210 1591 3796 1664">
     <span class='ocr_line' id='line_1_30' title="bbox 2210 1591 3796 1664; baseline 0.001 -20"><span class='ocrx_word' id='word_1_207' title='bbox 2210 1595 2359 1645; x_wconf 79' lang='grc' dir='ltr'>ἐστιν</span> <span class='ocrx_word' id='word_1_208' title='bbox 2391 1593 2568 1645; x_wconf 83' lang='grc' dir='ltr'>αττιον</span> <span class='ocrx_word' id='word_1_209' title='bbox 2595 1591 2696 1659; x_wconf 82' lang='grc' dir='ltr'>τῆς</span> <span class='ocrx_word' id='word_1_210' title='bbox 2741 1594 3098 1662; x_wconf 84' lang='grc' dir='ltr'>ἀμεριμνίας.</span> <span class='ocrx_word' id='word_1_211' title='bbox 3161 1595 3316 1648; x_wconf 71' lang='grc' dir='ltr'>Ἐπεὶ</span> <span class='ocrx_word' id='word_1_212' title='bbox 3359 1596 3468 1664; x_wconf 84' lang='grc' dir='ltr'><strong>γὰρ</strong></span> <span class='ocrx_word' id='word_1_213' title='bbox 3505 1596 3796 1661; x_wconf 79' lang='grc' dir='ltr'>ἀναγκαῖα</span> 
     </span>
    </p>
   </div>
   <div class='ocr_carea' id='block_1_31' title="bbox 2208 1681 3794 1754">
    <p class='ocr_par' dir='ltr' id='par_1_31' title="bbox 2208 1681 3794 1754">
     <span class='ocr_line' id='line_1_31' title="bbox 2208 1681 3794 1754; baseline -0.001 -18"><span class='ocrx_word' id='word_1_214' title='bbox 2208 1682 2403 1744; x_wconf 81' lang='grc' dir='ltr'>ταῦτα,</span> <span class='ocrx_word' id='word_1_215' title='bbox 2428 1681 2514 1733; x_wconf 87' lang='grc' dir='ltr'><strong>διά</strong></span> <span class='ocrx_word' id='word_1_216' title='bbox 2539 1683 2697 1734; x_wconf 77' lang='grc' dir='ltr'>τοῦτο</span> <span class='ocrx_word' id='word_1_217' title='bbox 2719 1683 2957 1750; x_wconf 81' lang='grc' dir='ltr'>μάλιστα</span> <span class='ocrx_word' id='word_1_218' title='bbox 2978 1684 3084 1753; x_wconf 81' lang='grc' dir='ltr'><strong>χρὴ</strong></span> <span class='ocrx_word' id='word_1_219' title='bbox 3109 1684 3355 1754; x_wconf 76' lang='grc' dir='ltr'>θαρρεῖν.</span> <span class='ocrx_word' id='word_1_220' title='bbox 3385 1686 3542 1745; x_wconf 85' lang='grc' dir='ltr'>Ποῖος</span> <span class='ocrx_word' id='word_1_221' title='bbox 3567 1685 3680 1752; x_wconf 89' lang='grc' dir='ltr'><strong>γάρ</strong></span> <span class='ocrx_word' id='word_1_222' title='bbox 3701 1701 3794 1735; x_wconf 82' lang='grc' dir='ltr'>πα-</span> 
     </span>
    </p>
   </div>
   <div class='ocr_carea' id='block_1_32' title="bbox 2207 1773 3795 1844">
    <p class='ocr_par' dir='ltr' id='par_1_32' title="bbox 2207 1773 3795 1844">
     <span class='ocr_line' id='line_1_32' title="bbox 2207 1773 3795 1844; baseline -0.002 -17"><span class='ocrx_word' id='word_1_223' title='bbox 2207 1773 2310 1841; x_wconf 81' lang='grc' dir='ltr'>τὴρ</span> <span class='ocrx_word' id='word_1_224' title='bbox 2333 1773 2582 1838; x_wconf 76' lang='grc' dir='ltr'>ἀνέξεται</span> <span class='ocrx_word' id='word_1_225' title='bbox 2605 1773 2737 1841; x_wconf 81' lang='grc' dir='ltr'>μηδὲ</span> <span class='ocrx_word' id='word_1_226' title='bbox 2754 1773 2822 1824; x_wconf 79' lang='grc' dir='ltr'><strong>τὰ</strong></span> <span class='ocrx_word' id='word_1_227' title='bbox 2858 1774 3130 1839; x_wconf 87' lang='grc' dir='ltr'>ἀναγκαῖα</span> <span class='ocrx_word' id='word_1_228' title='bbox 3168 1777 3422 1844; x_wconf 74' lang='grc' dir='ltr'>χορηγεῖν</span> <span class='ocrx_word' id='word_1_229' title='bbox 3452 1777 3566 1836; x_wconf 74' lang='grc' dir='ltr'>τοῖς</span> <span class='ocrx_word' id='word_1_230' title='bbox 3590 1775 3754 1826; x_wconf 85' lang='grc' dir='ltr'>παισί</span> <span class='ocrx_word' id='word_1_231' title='bbox 3779 1791 3795 1836; x_wconf 85' lang='grc'>;</span> 
     </span>
    </p>
   </div>
   <div class='ocr_carea' id='block_1_33' title="bbox 597 1860 2106 1933">
    <p class='ocr_par' dir='ltr' id='par_1_33' title="bbox 597 1860 2094 1927">
     <span class='ocr_line' id='line_1_33' title="bbox 597 1860 2094 1927; baseline -0.003 -11"><span class='ocrx_word' id='word_1_232' title='bbox 597 1863 749 1918; x_wconf 82' lang='lat' dir='ltr'><strong>Vers.</strong></span> <span class='ocrx_word' id='word_1_233' title='bbox 809 1865 896 1917; x_wconf 76' lang='lat'><strong>33.</strong></span> <span class='ocrx_word' id='word_1_234' title='bbox 962 1864 1192 1927; x_wconf 69' lang='lat' dir='ltr'><strong>Quwrile</strong></span> <span class='ocrx_word' id='word_1_235' title='bbox 1241 1891 1312 1902; x_wconf 91' lang='lat'><strong><em>——</em></strong></span> <span class='ocrx_word' id='word_1_236' title='bbox 1360 1864 1520 1918; x_wconf 74' lang='lat' dir='ltr'><strong>vobis.</strong></span> <span class='ocrx_word' id='word_1_237' title='bbox 1584 1861 1824 1916; x_wconf 88' lang='lat' dir='ltr'><strong>Primnm</strong></span> <span class='ocrx_word' id='word_1_238' title='bbox 1861 1860 1964 1912; x_wconf 86' lang='lat' dir='ltr'><strong>hoc</strong></span> <span class='ocrx_word' id='word_1_239' title='bbox 1989 1868 2094 1918; x_wconf 88' lang='lat' dir='ltr'><strong>est.</strong></span> 
     </span>
    </p>
   </div>
   <div class='ocr_carea' id='block_1_34' title="bbox 2212 1860 3796 1933">
    <p class='ocr_par' dir='ltr' id='par_1_34' title="bbox 2271 1863 3796 1933">
     <span class='ocr_line' id='line_1_34' title="bbox 2271 1863 3796 1933; baseline -0.002 -17"><span class='ocrx_word' id='word_1_240' title='bbox 2271 1864 2508 1930; x_wconf 77' lang='grc' dir='ltr'>Ζητεῒτε</span> <span class='ocrx_word' id='word_1_241' title='bbox 2536 1891 2605 1903; x_wconf 89' lang='lat'><strong>--</strong></span> <span class='ocrx_word' id='word_1_242' title='bbox 2635 1864 2795 1932; x_wconf 81' lang='grc' dir='ltr'>ὑμῖν.</span> <span class='ocrx_word' id='word_1_243' title='bbox 2861 1863 3102 1932; x_wconf 79' lang='grc' dir='ltr'>Πρῶτον,</span> <span class='ocrx_word' id='word_1_244' title='bbox 3158 1865 3279 1916; x_wconf 75' lang='grc' dir='ltr'>ἀντὶ</span> <span class='ocrx_word' id='word_1_245' title='bbox 3330 1865 3444 1927; x_wconf 75' lang='grc' dir='ltr'>τοῦ,</span> <span class='ocrx_word' id='word_1_246' title='bbox 3516 1866 3628 1933; x_wconf 68' lang='grc' dir='ltr'><strong>πρὸ</strong></span> <span class='ocrx_word' id='word_1_247' title='bbox 3685 1864 3796 1914; x_wconf 80' lang='grc' dir='ltr'>τῶν</span> 
     </span>
    </p>
   </div>
   <div class='ocr_carea' id='block_1_35' title="bbox 523 1948 2097 2022">
    <p class='ocr_par' dir='ltr' id='par_1_35' title="bbox 523 1948 2097 2022">
     <span class='ocr_line' id='line_1_35' title="bbox 523 1948 2097 2022; baseline -0.004 -15"><span class='ocrx_word' id='word_1_248' title='bbox 523 1963 653 2007; x_wconf 85' lang='lat' dir='ltr'><strong>ante</strong></span> <span class='ocrx_word' id='word_1_249' title='bbox 683 1968 745 2006; x_wconf 85' lang='lat' dir='ltr'><strong>ea</strong></span> <span class='ocrx_word' id='word_1_250' title='bbox 772 1969 891 2021; x_wconf 67' lang='lat' dir='ltr'><strong>quae</strong></span> <span class='ocrx_word' id='word_1_251' title='bbox 926 1955 1138 2022; x_wconf 78' lang='lat' dir='ltr'><strong>corpori</strong></span> <span class='ocrx_word' id='word_1_252' title='bbox 1174 1964 1300 2006; x_wconf 93' lang='lat' dir='ltr'><strong>sunt</strong></span> <span class='ocrx_word' id='word_1_253' title='bbox 1329 1951 1634 2006; x_wconf 80' lang='lat' dir='ltr'><strong>necessaria</strong></span> <span class='ocrx_word' id='word_1_254' title='bbox 1664 1968 1677 2003; x_wconf 92' lang='lat'>:</span> <span class='ocrx_word' id='word_1_255' title='bbox 1710 1950 1792 2002; x_wconf 81' lang='lat' dir='ltr'><strong>vel</strong></span> <span class='ocrx_word' id='word_1_256' title='bbox 1825 1948 2097 2018; x_wconf 71' lang='lat' dir='ltr'><strong>przrcipne</strong></span> 
     </span>
    </p>
   </div>
   <div class='ocr_carea' id='block_1_36' title="bbox 524 2040 2098 2111">
    <p class='ocr_par' dir='ltr' id='par_1_36' title="bbox 524 2040 2098 2111">
     <span class='ocr_line' id='line_1_36' title="bbox 524 2040 2098 2111; baseline -0.006 -15"><span class='ocrx_word' id='word_1_257' title='bbox 524 2044 640 2096; x_wconf 81' lang='lat' dir='ltr'><strong>sive</strong></span> <span class='ocrx_word' id='word_1_258' title='bbox 674 2043 927 2097; x_wconf 75' lang='lat' dir='ltr'><strong>maxime.</strong></span> <span class='ocrx_word' id='word_1_259' title='bbox 961 2043 1204 2111; x_wconf 82' lang='lat' dir='ltr'><strong>Regnum</strong></span> <span class='ocrx_word' id='word_1_260' title='bbox 1233 2059 1363 2095; x_wconf 85' lang='lat' dir='ltr'><strong>vero</strong></span> <span class='ocrx_word' id='word_1_261' title='bbox 1393 2043 1483 2095; x_wconf 80' lang='lat' dir='ltr'><strong>Dei</strong></span> <span class='ocrx_word' id='word_1_262' title='bbox 1513 2049 1673 2095; x_wconf 86' lang='lat' dir='ltr'><strong>vocat</strong></span> <span class='ocrx_word' id='word_1_263' title='bbox 1706 2041 1793 2092; x_wconf 84' lang='lat' dir='ltr'><strong>hic</strong></span> <span class='ocrx_word' id='word_1_264' title='bbox 1830 2040 2098 2092; x_wconf 88' lang='lat' dir='ltr'><strong>bonorum</strong></span> 
     </span>
    </p>
   </div>
   <div class='ocr_carea' id='block_1_37' title="bbox 522 2127 2093 2198">
    <p class='ocr_par' dir='ltr' id='par_1_37' title="bbox 522 2127 2093 2198">
     <span class='ocr_line' id='line_1_37' title="bbox 522 2127 2093 2198; baseline -0.003 -14"><span class='ocrx_word' id='word_1_265' title='bbox 522 2139 848 2184; x_wconf 67' lang='lat' dir='ltr'><strong>aeternorum</strong></span> <span class='ocrx_word' id='word_1_266' title='bbox 871 2131 1182 2184; x_wconf 80' lang='lat' dir='ltr'><strong>frnitinnem</strong></span> <span class='ocrx_word' id='word_1_267' title='bbox 1218 2150 1231 2192; x_wconf 85' lang='lat'><strong>;</strong></span> <span class='ocrx_word' id='word_1_268' title='bbox 1264 2131 1532 2198; x_wconf 81' lang='lat' dir='ltr'><strong>justitiam</strong></span> <span class='ocrx_word' id='word_1_269' title='bbox 1583 2141 1760 2181; x_wconf 86' lang='lat' dir='ltr'><strong>autem</strong></span> <span class='ocrx_word' id='word_1_270' title='bbox 1797 2129 1939 2196; x_wconf 82' lang='lat' dir='ltr'><strong>ejus.</strong></span> <span class='ocrx_word' id='word_1_271' title='bbox 1988 2127 2093 2180; x_wconf 92' lang='lat' dir='ltr'><strong>hoc</strong></span> 
     </span>
    </p>
   </div>
   <div class='ocr_carea' id='block_1_38' title="bbox 523 2216 2101 2289">
    <p class='ocr_par' dir='ltr' id='par_1_38' title="bbox 523 2216 2101 2289">
     <span class='ocr_line' id='line_1_38' title="bbox 523 2216 2101 2289; baseline -0.003 -18"><span class='ocrx_word' id='word_1_272' title='bbox 523 2227 607 2271; x_wconf 88' lang='lat' dir='ltr'><strong>est</strong></span> <span class='ocrx_word' id='word_1_273' title='bbox 637 2219 1078 2289; x_wconf 72' lang='lat' dir='ltr'><strong>iustiﬁcationem</strong></span> <span class='ocrx_word' id='word_1_274' title='bbox 1127 2235 1244 2287; x_wconf 73' lang='lat' dir='ltr'><strong>qua:</strong></span> <span class='ocrx_word' id='word_1_275' title='bbox 1274 2235 1302 2273; x_wconf 90' lang='lat' dir='ltr'><strong>a</strong></span> <span class='ocrx_word' id='word_1_276' title='bbox 1355 2220 1463 2272; x_wconf 88' lang='lat' dir='ltr'><strong>Deo</strong></span> <span class='ocrx_word' id='word_1_277' title='bbox 1495 2227 1598 2280; x_wconf 91' lang='lat' dir='ltr'><strong>est,</strong></span> <span class='ocrx_word' id='word_1_278' title='bbox 1637 2227 1694 2271; x_wconf 94' lang='lat' dir='ltr'><strong>ut</strong></span> <span class='ocrx_word' id='word_1_279' title='bbox 1722 2231 1816 2270; x_wconf 88' lang='lat' dir='ltr'><strong>vos</strong></span> <span class='ocrx_word' id='word_1_280' title='bbox 1839 2219 1955 2284; x_wconf 88' lang='lat' dir='ltr'><strong>ipse</strong></span> <span class='ocrx_word' id='word_1_281' title='bbox 1983 2216 2101 2279; x_wconf 86' lang='lat' dir='ltr'><strong>jus-</strong></span> 
     </span>
    </p>
   </div>
   <div class='ocr_carea' id='block_1_39' title="bbox 525 2307 2104 2376">
    <p class='ocr_par' dir='ltr' id='par_1_39' title="bbox 525 2307 2104 2376">
     <span class='ocr_line' id='line_1_39' title="bbox 525 2307 2104 2376; baseline -0.001 -15"><span class='ocrx_word' id='word_1_282' title='bbox 525 2307 718 2369; x_wconf 82' lang='lat' dir='ltr'><strong>tiﬁcet,</strong></span> <span class='ocrx_word' id='word_1_283' title='bbox 768 2309 850 2361; x_wconf 85' lang='lat' dir='ltr'><strong>vel</strong></span> <span class='ocrx_word' id='word_1_284' title='bbox 890 2309 1260 2376; x_wconf 86' lang='lat' dir='ltr'><strong>operationem</strong></span> <span class='ocrx_word' id='word_1_285' title='bbox 1314 2309 1555 2373; x_wconf 69' lang='lat' dir='ltr'><strong>iustitiae,</strong></span> <span class='ocrx_word' id='word_1_286' title='bbox 1599 2309 1712 2361; x_wconf 80' lang='lat' dir='ltr'><strong>sive</strong></span> <span class='ocrx_word' id='word_1_287' title='bbox 1738 2308 1951 2359; x_wconf 80' lang='lat' dir='ltr'><strong>virtutis</strong></span> <span class='ocrx_word' id='word_1_288' title='bbox 1982 2307 2104 2359; x_wconf 85' lang='lat' dir='ltr'><strong>uni-</strong></span> 
     </span>
    </p>
   </div>
   <div class='ocr_carea' id='block_1_40' title="bbox 524 2395 2108 2467">
    <p class='ocr_par' dir='ltr' id='par_1_40' title="bbox 524 2395 2108 2467">
     <span class='ocr_line' id='line_1_40' title="bbox 524 2395 2108 2467; baseline -0.001 -16"><span class='ocrx_word' id='word_1_289' title='bbox 524 2399 772 2461; x_wconf 83' lang='lat' dir='ltr'><strong>versalis,</strong></span> <span class='ocrx_word' id='word_1_290' title='bbox 811 2414 906 2467; x_wconf 85' lang='lat' dir='ltr'><strong>per</strong></span> <span class='ocrx_word' id='word_1_291' title='bbox 945 2413 1105 2461; x_wconf 89' lang='lat' dir='ltr'><strong>quam</strong></span> <span class='ocrx_word' id='word_1_292' title='bbox 1151 2397 1533 2465; x_wconf 82' lang='lat' dir='ltr'><strong>jnstiﬁcamur.</strong></span> <span class='ocrx_word' id='word_1_293' title='bbox 1583 2396 1638 2450; x_wconf 88' lang='lat' dir='ltr'><strong>Si</strong></span> <span class='ocrx_word' id='word_1_294' title='bbox 1679 2397 1824 2448; x_wconf 81' lang='lat' dir='ltr'><strong>enim</strong></span> <span class='ocrx_word' id='word_1_295' title='bbox 1873 2395 1988 2449; x_wconf 67' lang='lat' dir='ltr'><strong>haec</strong></span> <span class='ocrx_word' id='word_1_296' title='bbox 2017 2411 2108 2464; x_wconf 88' lang='lat' dir='ltr'><strong>pe-</strong></span> 
     </span>
    </p>
   </div>
   <div class='ocr_carea' id='block_1_41' title="bbox 525 2484 2105 2554">
    <p class='ocr_par' dir='ltr' id='par_1_41' title="bbox 525 2484 2105 2554">
     <span class='ocr_line' id='line_1_41' title="bbox 525 2484 2105 2554; baseline -0.002 -14"><span class='ocrx_word' id='word_1_297' title='bbox 525 2486 722 2540; x_wconf 89' lang='lat' dir='ltr'><strong>tieritis</strong></span> <span class='ocrx_word' id='word_1_298' title='bbox 791 2501 912 2554; x_wconf 68' lang='lat' dir='ltr'><strong>quae</strong></span> <span class='ocrx_word' id='word_1_299' title='bbox 992 2496 1120 2540; x_wconf 91' lang='lat' dir='ltr'><strong>sunt</strong></span> <span class='ocrx_word' id='word_1_300' title='bbox 1187 2487 1382 2540; x_wconf 73' lang='lat' dir='ltr'><strong>anima:</strong></span> <span class='ocrx_word' id='word_1_301' title='bbox 1452 2484 1781 2548; x_wconf 83' lang='lat' dir='ltr'><strong>necessaria,</strong></span> <span class='ocrx_word' id='word_1_302' title='bbox 1837 2484 2000 2537; x_wconf 87' lang='lat' dir='ltr'><strong>etiam</strong></span> <span class='ocrx_word' id='word_1_303' title='bbox 2042 2499 2105 2537; x_wconf 87' lang='lat' dir='ltr'><strong>ea</strong></span> 
     </span>
    </p>
   </div>
   <div class='ocr_carea' id='block_1_42' title="bbox 525 2574 2105 2645">
    <p class='ocr_par' dir='ltr' id='par_1_42' title="bbox 525 2574 2105 2645">
     <span class='ocr_line' id='line_1_42' title="bbox 525 2574 2105 2645; baseline 0 -16"><span class='ocrx_word' id='word_1_304' title='bbox 525 2577 676 2631; x_wconf 85' lang='lat' dir='ltr'><strong>dabit</strong></span> <span class='ocrx_word' id='word_1_305' title='bbox 727 2586 784 2630; x_wconf 89' lang='lat' dir='ltr'><strong>et</strong></span> <span class='ocrx_word' id='word_1_306' title='bbox 845 2576 1080 2645; x_wconf 84' lang='lat' dir='ltr'><strong>adjiciet,</strong></span> <span class='ocrx_word' id='word_1_307' title='bbox 1142 2592 1263 2645; x_wconf 62' lang='lat' dir='ltr'><strong>quae</strong></span> <span class='ocrx_word' id='word_1_308' title='bbox 1325 2577 1534 2644; x_wconf 92' lang='lat' dir='ltr'><strong>corpori</strong></span> <span class='ocrx_word' id='word_1_309' title='bbox 1588 2574 1894 2629; x_wconf 89' lang='lat' dir='ltr'><strong>necessaria</strong></span> <span class='ocrx_word' id='word_1_310' title='bbox 1959 2582 2105 2629; x_wconf 89' lang='lat' dir='ltr'><strong>sunt.</strong></span> 
     </span>
    </p>
   </div>
   <div class='ocr_carea' id='block_1_43' title="bbox 527 2667 2109 2736">
    <p class='ocr_par' dir='ltr' id='par_1_43' title="bbox 527 2667 2109 2736">
     <span class='ocr_line' id='line_1_43' title="bbox 527 2667 2109 2736; baseline -0.001 -15"><span class='ocrx_word' id='word_1_311' title='bbox 527 2668 660 2721; x_wconf 84' lang='lat' dir='ltr'><strong>Nam</strong></span> <span class='ocrx_word' id='word_1_312' title='bbox 698 2669 948 2735; x_wconf 88' lang='lat' dir='ltr'><strong>superius</strong></span> <span class='ocrx_word' id='word_1_313' title='bbox 982 2683 1216 2736; x_wconf 89' lang='lat' dir='ltr'><strong>quoque,</strong></span> <span class='ocrx_word' id='word_1_314' title='bbox 1262 2669 1350 2721; x_wconf 80' lang='lat' dir='ltr'><strong>ubi</strong></span> <span class='ocrx_word' id='word_1_315' title='bbox 1386 2669 1572 2722; x_wconf 90' lang='lat' dir='ltr'><strong>docuit</strong></span> <span class='ocrx_word' id='word_1_316' title='bbox 1626 2667 1900 2736; x_wconf 89' lang='lat' dir='ltr'><strong>quomodo</strong></span> <span class='ocrx_word' id='word_1_317' title='bbox 1951 2681 2109 2720; x_wconf 88' lang='lat' dir='ltr'><strong>orare</strong></span> 
     </span>
    </p>
   </div>
   <div class='ocr_carea' id='block_1_44' title="bbox 528 2756 2109 2828">
    <p class='ocr_par' dir='ltr' id='par_1_44' title="bbox 528 2756 2109 2828">
     <span class='ocr_line' id='line_1_44' title="bbox 528 2756 2109 2828; baseline 0.001 -22"><span class='ocrx_word' id='word_1_318' title='bbox 528 2768 799 2828; x_wconf 73' lang='lat' dir='ltr'><strong>oporteat,</strong></span> <span class='ocrx_word' id='word_1_319' title='bbox 855 2760 1088 2827; x_wconf 87' lang='lat' dir='ltr'><strong>primum</strong></span> <span class='ocrx_word' id='word_1_320' title='bbox 1148 2759 1364 2827; x_wconf 89' lang='lat' dir='ltr'><strong>quidem</strong></span> <span class='ocrx_word' id='word_1_321' title='bbox 1412 2758 1592 2813; x_wconf 89' lang='lat' dir='ltr'><strong>dicere</strong></span> <span class='ocrx_word' id='word_1_322' title='bbox 1639 2758 1938 2825; x_wconf 66' lang='lat' dir='ltr'><strong>praecepit:</strong></span> <span class='ocrx_word' id='word_1_323' title='bbox 2000 2756 2109 2809; x_wconf 81' lang='lat' dir='ltr'><strong>Pa-</strong></span> 
     </span>
    </p>
   </div>
   <div class='ocr_carea' id='block_1_45' title="bbox 528 2851 2112 2920">
    <p class='ocr_par' dir='ltr' id='par_1_45' title="bbox 528 2851 2112 2920">
     <span class='ocr_line' id='line_1_45' title="bbox 528 2851 2112 2920; baseline -0.002 -15"><span class='ocrx_word' id='word_1_324' title='bbox 528 2859 608 2906; x_wconf 70' lang='lat' dir='ltr'><strong>ter</strong></span> <span class='ocrx_word' id='word_1_325' title='bbox 672 2861 862 2912; x_wconf 73' lang='lat' dir='ltr'><strong>noster,</strong></span> <span class='ocrx_word' id='word_1_326' title='bbox 926 2852 1014 2920; x_wconf 82' lang='lat' dir='ltr'><strong>qui</strong></span> <span class='ocrx_word' id='word_1_327' title='bbox 1069 2867 1120 2905; x_wconf 73' lang='lat' dir='ltr'><strong>es</strong></span> <span class='ocrx_word' id='word_1_328' title='bbox 1179 2853 1232 2902; x_wconf 83' lang='lat' dir='ltr'><strong>in</strong></span> <span class='ocrx_word' id='word_1_329' title='bbox 1302 2851 1464 2910; x_wconf 68' lang='lat' dir='ltr'><strong>caelis,</strong></span> <span class='ocrx_word' id='word_1_330' title='bbox 1521 2853 1877 2918; x_wconf 77' lang='lat' dir='ltr'><strong>sanctiﬁcetur</strong></span> <span class='ocrx_word' id='word_1_331' title='bbox 1925 2866 2112 2902; x_wconf 81' lang='lat' dir='ltr'><strong>nomen</strong></span> 
     </span>
    </p>
   </div>
   <div class='ocr_carea' id='block_1_46' title="bbox 530 2940 2104 3010">
    <p class='ocr_par' dir='ltr' id='par_1_46' title="bbox 530 2940 2104 3010">
     <span class='ocr_line' id='line_1_46' title="bbox 530 2940 2104 3010; baseline 0 -18"><span class='ocrx_word' id='word_1_332' title='bbox 530 2951 679 2993; x_wconf 84' lang='lat' dir='ltr'><strong>tuum</strong></span> <span class='ocrx_word' id='word_1_333' title='bbox 722 2944 1014 2994; x_wconf 73' lang='lat' dir='ltr'><strong>:advem‘at</strong></span> <span class='ocrx_word' id='word_1_334' title='bbox 1067 2957 1282 3010; x_wconf 82' lang='lat' dir='ltr'><strong>regnum</strong></span> <span class='ocrx_word' id='word_1_335' title='bbox 1317 2951 1462 2994; x_wconf 85' lang='lat' dir='ltr'><strong>tuum</strong></span> <span class='ocrx_word' id='word_1_336' title='bbox 1499 2957 1518 2994; x_wconf 91' lang='lat'><strong><em>:</em></strong></span> <span class='ocrx_word' id='word_1_337' title='bbox 1572 2941 1666 3008; x_wconf 79' lang='lat' dir='ltr'><strong>ﬁat</strong></span> <span class='ocrx_word' id='word_1_338' title='bbox 1694 2940 1937 2993; x_wconf 79' lang='lat' dir='ltr'><strong>voluntas</strong></span> <span class='ocrx_word' id='word_1_339' title='bbox 2011 2950 2104 2992; x_wconf 85' lang='lat' dir='ltr'><strong>tua</strong></span> 
     </span>
    </p>
   </div>
   <div class='ocr_carea' id='block_1_47' title="bbox 528 3031 2114 3085">
    <p class='ocr_par' dir='ltr' id='par_1_47' title="bbox 528 3031 2114 3085">
     <span class='ocr_line' id='line_1_47' title="bbox 528 3031 2114 3085; baseline -0.001 -1"><span class='ocrx_word' id='word_1_340' title='bbox 528 3033 666 3084; x_wconf 79' lang='lat' dir='ltr'><strong>sicut</strong></span> <span class='ocrx_word' id='word_1_341' title='bbox 697 3033 753 3084; x_wconf 84' lang='lat' dir='ltr'><strong>in</strong></span> <span class='ocrx_word' id='word_1_342' title='bbox 791 3033 917 3085; x_wconf 66' lang='lat' dir='ltr'><strong>caelo</strong></span> <span class='ocrx_word' id='word_1_343' title='bbox 941 3041 990 3084; x_wconf 87' lang='lat' dir='ltr'><strong>et</strong></span> <span class='ocrx_word' id='word_1_344' title='bbox 1026 3034 1078 3084; x_wconf 87' lang='lat' dir='ltr'><strong>in</strong></span> <span class='ocrx_word' id='word_1_345' title='bbox 1120 3043 1280 3085; x_wconf 85' lang='lat' dir='ltr'><strong>terra.</strong></span> <span class='ocrx_word' id='word_1_346' title='bbox 1331 3032 1533 3085; x_wconf 88' lang='lat' dir='ltr'><strong>Deinde</strong></span> <span class='ocrx_word' id='word_1_347' title='bbox 1560 3046 1689 3085; x_wconf 76' lang='lat' dir='ltr'><strong>vero</strong></span> <span class='ocrx_word' id='word_1_348' title='bbox 1719 3051 1729 3084; x_wconf 90' lang='lat'>:</span> <span class='ocrx_word' id='word_1_349' title='bbox 1764 3031 1963 3084; x_wconf 84' lang='lat' dir='ltr'><strong>Panem</strong></span> <span class='ocrx_word' id='word_1_350' title='bbox 2021 3047 2114 3083; x_wconf 77' lang='lat' dir='ltr'><strong>no-</strong></span> 
     </span>
    </p>
   </div>
   <div class='ocr_carea' id='block_1_48' title="bbox 526 3122 2113 3192">
    <p class='ocr_par' dir='ltr' id='par_1_48' title="bbox 526 3122 2113 3192">
     <span class='ocr_line' id='line_1_48' title="bbox 526 3122 2113 3192; baseline 0 -17"><span class='ocrx_word' id='word_1_351' title='bbox 526 3132 694 3176; x_wconf 74' lang='lat' dir='ltr'><strong>strum</strong></span> <span class='ocrx_word' id='word_1_352' title='bbox 723 3123 1279 3189; x_wconf 75' lang='lat' dir='ltr'><strong>supersubstantialcm</strong></span> <span class='ocrx_word' id='word_1_353' title='bbox 1332 3125 1400 3175; x_wconf 86' lang='lat' dir='ltr'><strong>da</strong></span> <span class='ocrx_word' id='word_1_354' title='bbox 1452 3124 1597 3176; x_wconf 76' lang='lat' dir='ltr'><strong>nobis</strong></span> <span class='ocrx_word' id='word_1_355' title='bbox 1638 3123 1791 3175; x_wconf 82' lang='lat' dir='ltr'><strong>hodie</strong></span> <span class='ocrx_word' id='word_1_356' title='bbox 1830 3124 1897 3175; x_wconf 81' lang='lat'><strong>&quot;.</strong></span> <span class='ocrx_word' id='word_1_357' title='bbox 1929 3122 2113 3192; x_wconf 81' lang='lat' dir='ltr'><strong>Neque</strong></span> 
     </span>
    </p>
   </div>
   <div class='ocr_carea' id='block_1_49' title="bbox 529 3213 2113 3277">
    <p class='ocr_par' dir='ltr' id='par_1_49' title="bbox 529 3213 2113 3277">
     <span class='ocr_line' id='line_1_49' title="bbox 529 3213 2113 3277; baseline 0 -12"><span class='ocrx_word' id='word_1_358' title='bbox 529 3213 675 3266; x_wconf 88' lang='lat' dir='ltr'><strong>enim</strong></span> <span class='ocrx_word' id='word_1_359' title='bbox 715 3214 780 3266; x_wconf 90' lang='lat' dir='ltr'><strong>ad</strong></span> <span class='ocrx_word' id='word_1_360' title='bbox 811 3214 911 3267; x_wconf 86' lang='lat' dir='ltr'><strong>hoc</strong></span> <span class='ocrx_word' id='word_1_361' title='bbox 945 3213 1070 3266; x_wconf 80' lang='lat' dir='ltr'><strong>facti</strong></span> <span class='ocrx_word' id='word_1_362' title='bbox 1112 3228 1319 3277; x_wconf 89' lang='lat' dir='ltr'><strong>sumus,</strong></span> <span class='ocrx_word' id='word_1_363' title='bbox 1365 3223 1422 3266; x_wconf 91' lang='lat' dir='ltr'><strong>ut</strong></span> <span class='ocrx_word' id='word_1_364' title='bbox 1447 3214 1670 3268; x_wconf 88' lang='lat' dir='ltr'><strong>edamus</strong></span> <span class='ocrx_word' id='word_1_365' title='bbox 1695 3223 1746 3267; x_wconf 92' lang='lat' dir='ltr'><strong>et</strong></span> <span class='ocrx_word' id='word_1_366' title='bbox 1775 3214 2022 3267; x_wconf 89' lang='lat' dir='ltr'><strong>bibamus</strong></span> <span class='ocrx_word' id='word_1_367' title='bbox 2051 3228 2113 3266; x_wconf 92' lang='lat' dir='ltr'><strong>ac</strong></span> 
     </span>
    </p>
   </div>
   <div class='ocr_carea' id='block_1_50' title="bbox 529 3305 2115 3375">
    <p class='ocr_par' dir='ltr' id='par_1_50' title="bbox 529 3305 2115 3375">
     <span class='ocr_line' id='line_1_50' title="bbox 529 3305 2115 3375; baseline 0.002 -20"><span class='ocrx_word' id='word_1_368' title='bbox 529 3305 828 3358; x_wconf 88' lang='lat' dir='ltr'><strong>vestiamur</strong></span> <span class='ocrx_word' id='word_1_369' title='bbox 857 3324 866 3358; x_wconf 94' lang='lat'><strong>:</strong></span> <span class='ocrx_word' id='word_1_370' title='bbox 902 3305 996 3359; x_wconf 91' lang='lat' dir='ltr'><strong>sed</strong></span> <span class='ocrx_word' id='word_1_371' title='bbox 1033 3314 1090 3358; x_wconf 90' lang='lat' dir='ltr'><strong>ut</strong></span> <span class='ocrx_word' id='word_1_372' title='bbox 1118 3305 1228 3359; x_wconf 86' lang='lat' dir='ltr'><strong>Deo</strong></span> <span class='ocrx_word' id='word_1_373' title='bbox 1267 3307 1695 3375; x_wconf 87' lang='lat' dir='ltr'><strong>complacentes,</strong></span> <span class='ocrx_word' id='word_1_374' title='bbox 1722 3306 1940 3360; x_wconf 65' lang='lat' dir='ltr'><strong>aeternis</strong></span> <span class='ocrx_word' id='word_1_375' title='bbox 1971 3305 2115 3358; x_wconf 82' lang='lat' dir='ltr'><strong>frua-</strong></span> 
     </span>
    </p>
   </div>
   <div class='ocr_carea' id='block_1_51' title="bbox 530 3395 866 3451">
    <p class='ocr_par' dir='ltr' id='par_1_51' title="bbox 530 3395 866 3451">
     <span class='ocr_line' id='line_1_51' title="bbox 530 3395 866 3451; baseline 0.006 -3"><span class='ocrx_word' id='word_1_376' title='bbox 530 3410 653 3448; x_wconf 87' lang='lat' dir='ltr'><strong>mur</strong></span> <span class='ocrx_word' id='word_1_377' title='bbox 685 3395 866 3451; x_wconf 83' lang='lat' dir='ltr'><strong>bonis.</strong></span> 
     </span>
    </p>
   </div>
   <div class='ocr_carea' id='block_1_52' title="bbox 600 3484 2114 3554">
    <p class='ocr_par' dir='ltr' id='par_1_52' title="bbox 600 3484 2114 3554">
     <span class='ocr_line' id='line_1_52' title="bbox 600 3484 2114 3554; baseline 0 -16"><span class='ocrx_word' id='word_1_378' title='bbox 600 3484 667 3538; x_wconf 81' lang='lat' dir='ltr'><strong>Et</strong></span> <span class='ocrx_word' id='word_1_379' title='bbox 695 3485 760 3537; x_wconf 87' lang='lat' dir='ltr'><strong>ad</strong></span> <span class='ocrx_word' id='word_1_380' title='bbox 814 3487 915 3539; x_wconf 88' lang='lat' dir='ltr'><strong>hoc</strong></span> <span class='ocrx_word' id='word_1_381' title='bbox 952 3486 1185 3539; x_wconf 78' lang='lat' dir='ltr'><strong>maxime</strong></span> <span class='ocrx_word' id='word_1_382' title='bbox 1215 3486 1468 3542; x_wconf 86' lang='lat' dir='ltr'><strong>convenit</strong></span> <span class='ocrx_word' id='word_1_383' title='bbox 1522 3487 1707 3540; x_wconf 89' lang='lat' dir='ltr'><strong>vivere</strong></span> <span class='ocrx_word' id='word_1_384' title='bbox 1760 3486 1897 3554; x_wconf 89' lang='lat' dir='ltr'><strong>(aa),</strong></span> <span class='ocrx_word' id='word_1_385' title='bbox 1953 3487 2114 3553; x_wconf 85' lang='lat' dir='ltr'><strong>idque</strong></span> 
     </span>
    </p>
   </div>
   <div class='ocr_carea' id='block_1_53' title="bbox 531 3574 2117 3646">
    <p class='ocr_par' dir='ltr' id='par_1_53' title="bbox 531 3574 2117 3646">
     <span class='ocr_line' id='line_1_53' title="bbox 531 3574 2117 3646; baseline 0 -18"><span class='ocrx_word' id='word_1_386' title='bbox 531 3574 701 3640; x_wconf 78' lang='lat' dir='ltr'><strong>magis</strong></span> <span class='ocrx_word' id='word_1_387' title='bbox 730 3575 1023 3642; x_wconf 77' lang='lat' dir='ltr'><strong>postulare.</strong></span> <span class='ocrx_word' id='word_1_388' title='bbox 1061 3574 1170 3628; x_wconf 77' lang='lat' dir='ltr'><strong>Nisi</strong></span> <span class='ocrx_word' id='word_1_389' title='bbox 1201 3575 1344 3628; x_wconf 88' lang='lat' dir='ltr'><strong>enim</strong></span> <span class='ocrx_word' id='word_1_390' title='bbox 1376 3577 1479 3630; x_wconf 91' lang='lat' dir='ltr'><strong>hoc</strong></span> <span class='ocrx_word' id='word_1_391' title='bbox 1540 3576 1883 3646; x_wconf 89' lang='lat' dir='ltr'><strong>petierimus,</strong></span> <span class='ocrx_word' id='word_1_392' title='bbox 1911 3590 2117 3643; x_wconf 83' lang='lat' dir='ltr'><strong>nequa-</strong></span> 
     </span>
    </p>
   </div>
   <div class='ocr_carea' id='block_1_54' title="bbox 532 3665 2112 3734">
    <p class='ocr_par' dir='ltr' id='par_1_54' title="bbox 532 3665 2112 3734">
     <span class='ocr_line' id='line_1_54' title="bbox 532 3665 2112 3734; baseline 0.004 -20"><span class='ocrx_word' id='word_1_393' title='bbox 532 3679 694 3731; x_wconf 83' lang='lat' dir='ltr'><strong>quam</strong></span> <span class='ocrx_word' id='word_1_394' title='bbox 724 3665 875 3718; x_wconf 84' lang='lat' dir='ltr'><strong>dabit</strong></span> <span class='ocrx_word' id='word_1_395' title='bbox 911 3683 922 3717; x_wconf 89' lang='lat'>:</span> <span class='ocrx_word' id='word_1_396' title='bbox 957 3681 1019 3718; x_wconf 87' lang='lat' dir='ltr'><strong>ea</strong></span> <span class='ocrx_word' id='word_1_397' title='bbox 1059 3681 1187 3719; x_wconf 86' lang='lat' dir='ltr'><strong>vero</strong></span> <span class='ocrx_word' id='word_1_398' title='bbox 1219 3681 1338 3734; x_wconf 70' lang='lat' dir='ltr'><strong>qua:</strong></span> <span class='ocrx_word' id='word_1_399' title='bbox 1368 3667 1584 3734; x_wconf 87' lang='lat' dir='ltr'><strong>corpori</strong></span> <span class='ocrx_word' id='word_1_400' title='bbox 1614 3665 1923 3719; x_wconf 86' lang='lat' dir='ltr'><strong>necessaria</strong></span> <span class='ocrx_word' id='word_1_401' title='bbox 1957 3675 2112 3729; x_wconf 80' lang='lat' dir='ltr'><strong>sunt,</strong></span> 
     </span>
    </p>
   </div>
   <div class='ocr_carea' id='block_1_55' title="bbox 531 3755 2118 3824">
    <p class='ocr_par' dir='ltr' id='par_1_55' title="bbox 531 3755 2118 3824">
     <span class='ocr_line' id='line_1_55' title="bbox 531 3755 2118 3824; baseline 0.001 -19"><span class='ocrx_word' id='word_1_402' title='bbox 531 3762 582 3806; x_wconf 84' lang='lat' dir='ltr'><strong>ct</strong></span> <span class='ocrx_word' id='word_1_403' title='bbox 630 3763 898 3820; x_wconf 89' lang='lat' dir='ltr'><strong>petentes,</strong></span> <span class='ocrx_word' id='word_1_404' title='bbox 949 3764 1141 3808; x_wconf 82' lang='lat' dir='ltr'><strong>etnon</strong></span> <span class='ocrx_word' id='word_1_405' title='bbox 1205 3764 1453 3824; x_wconf 88' lang='lat' dir='ltr'><strong>petentes</strong></span> <span class='ocrx_word' id='word_1_406' title='bbox 1508 3755 1860 3824; x_wconf 86' lang='lat' dir='ltr'><strong>accipiemus,</strong></span> <span class='ocrx_word' id='word_1_407' title='bbox 1895 3765 2118 3824; x_wconf 87' lang='lat' dir='ltr'><strong>propter</strong></span> 
     </span>
    </p>
   </div>
   <div class='ocr_carea' id='block_1_56' title="bbox 533 3843 2118 3914">
    <p class='ocr_par' dir='ltr' id='par_1_56' title="bbox 533 3843 2118 3914">
     <span class='ocr_line' id='line_1_56' title="bbox 533 3843 2118 3914; baseline 0.002 -18"><span class='ocrx_word' id='word_1_408' title='bbox 533 3843 780 3910; x_wconf 90' lang='lat' dir='ltr'><strong>corporis</strong></span> <span class='ocrx_word' id='word_1_409' title='bbox 821 3845 1297 3908; x_wconf 87' lang='lat' dir='ltr'><strong>sustentationem,</strong></span> <span class='ocrx_word' id='word_1_410' title='bbox 1339 3845 1796 3914; x_wconf 87' lang='lat' dir='ltr'><strong>quemadmodum</strong></span> <span class='ocrx_word' id='word_1_411' title='bbox 1831 3854 2118 3914; x_wconf 79' lang='lat' dir='ltr'><strong>et&#39;gentes</strong></span> 
     </span>
    </p>
   </div>
   <div class='ocr_carea' id='block_1_57' title="bbox 534 3928 2117 4004">
    <p class='ocr_par' dir='ltr' id='par_1_57' title="bbox 534 3928 2117 4004">
     <span class='ocr_line' id='line_1_57' title="bbox 534 3928 2117 4004; baseline 0.003 -18"><span class='ocrx_word' id='word_1_412' title='bbox 534 3936 846 3992; x_wconf 66' lang='lat' dir='ltr'><strong>incredulae.</strong></span> <span class='ocrx_word' id='word_1_413' title='bbox 897 3937 1032 3990; x_wconf 86' lang='lat' dir='ltr'><strong>Nam</strong></span> <span class='ocrx_word' id='word_1_414' title='bbox 1086 3928 1288 3991; x_wconf 78' lang='lat' dir='ltr'><strong>idcirco</strong></span> <span class='ocrx_word' id='word_1_415' title='bbox 1327 3938 1510 3992; x_wconf 83' lang='lat' dir='ltr'><strong>dixit:</strong></span> <span class='ocrx_word' id='word_1_416' title='bbox 1588 3938 1941 4004; x_wconf 83' lang='lat' dir='ltr'><strong>Adjicientur.</strong></span> <span class='ocrx_word' id='word_1_417' title='bbox 1999 3937 2117 3990; x_wconf 82' lang='lat' dir='ltr'><strong>Non</strong></span> 
     </span>
    </p>
   </div>
   <div class='ocr_carea' id='block_1_58' title="bbox 534 4027 2115 4098">
    <p class='ocr_par' dir='ltr' id='par_1_58' title="bbox 534 4027 2115 4098">
     <span class='ocr_line' id='line_1_58' title="bbox 534 4027 2115 4098; baseline 0.003 -20"><span class='ocrx_word' id='word_1_418' title='bbox 534 4040 664 4094; x_wconf 81' lang='lat' dir='ltr'><strong>ergo</strong></span> <span class='ocrx_word' id='word_1_419' title='bbox 694 4027 761 4079; x_wconf 88' lang='lat' dir='ltr'><strong>de</strong></span> <span class='ocrx_word' id='word_1_420' title='bbox 813 4029 913 4081; x_wconf 83' lang='lat' dir='ltr'><strong>hoc</strong></span> <span class='ocrx_word' id='word_1_421' title='bbox 943 4027 1238 4081; x_wconf 90' lang='lat' dir='ltr'><strong>sollicitum</strong></span> <span class='ocrx_word' id='word_1_422' title='bbox 1287 4043 1407 4081; x_wconf 83' lang='lat' dir='ltr'><strong>esse</strong></span> <span class='ocrx_word' id='word_1_423' title='bbox 1454 4037 1690 4098; x_wconf 89' lang='lat' dir='ltr'><strong>oportet,</strong></span> <span class='ocrx_word' id='word_1_424' title='bbox 1752 4028 1893 4096; x_wconf 88' lang='lat' dir='ltr'><strong>quod</strong></span> <span class='ocrx_word' id='word_1_425' title='bbox 1949 4029 2115 4082; x_wconf 91' lang='lat' dir='ltr'><strong>etiam</strong></span> 
     </span>
    </p>
   </div>
   <div class='ocr_carea' id='block_1_59' title="bbox 536 4116 2115 4188">
    <p class='ocr_par' dir='ltr' id='par_1_59' title="bbox 536 4116 2115 4188">
     <span class='ocr_line' id='line_1_59' title="bbox 536 4116 2115 4188; baseline 0.002 -20"><span class='ocrx_word' id='word_1_426' title='bbox 536 4116 743 4183; x_wconf 82' lang='lat' dir='ltr'><strong>absque</strong></span> <span class='ocrx_word' id='word_1_427' title='bbox 772 4117 1139 4172; x_wconf 89' lang='lat' dir='ltr'><strong>sollicitudine</strong></span> <span class='ocrx_word' id='word_1_428' title='bbox 1173 4133 1361 4172; x_wconf 89' lang='lat' dir='ltr'><strong>sumus</strong></span> <span class='ocrx_word' id='word_1_429' title='bbox 1394 4119 1696 4188; x_wconf 89' lang='lat' dir='ltr'><strong>accepturi.</strong></span> <span class='ocrx_word' id='word_1_430' title='bbox 1733 4119 1825 4172; x_wconf 89' lang='lat' dir='ltr'><strong>sed</strong></span> <span class='ocrx_word' id='word_1_431' title='bbox 1850 4119 1917 4173; x_wconf 94' lang='lat' dir='ltr'><strong>de</strong></span> <span class='ocrx_word' id='word_1_432' title='bbox 1939 4119 2115 4173; x_wconf 88' lang='lat' dir='ltr'><strong>altero</strong></span> 
     </span>
    </p>
   </div>
   <div class='ocr_carea' id='block_1_60' title="bbox 535 4205 2121 4278">
    <p class='ocr_par' dir='ltr' id='par_1_60' title="bbox 535 4205 2121 4278">
     <span class='ocr_line' id='line_1_60' title="bbox 535 4205 2121 4278; baseline 0.004 -23"><span class='ocrx_word' id='word_1_433' title='bbox 535 4205 702 4272; x_wconf 85' lang='lat' dir='ltr'><strong>priori</strong></span> <span class='ocrx_word' id='word_1_434' title='bbox 758 4222 821 4260; x_wconf 88' lang='lat' dir='ltr'><strong>ac</strong></span> <span class='ocrx_word' id='word_1_435' title='bbox 874 4209 1094 4276; x_wconf 90' lang='lat' dir='ltr'><strong>potiori.</strong></span> <span class='ocrx_word' id='word_1_436' title='bbox 1160 4206 1359 4261; x_wconf 86' lang='lat' dir='ltr'><strong>Verum</strong></span> <span class='ocrx_word' id='word_1_437' title='bbox 1402 4209 1446 4262; x_wconf 87' lang='lat' dir='ltr'><strong>si</strong></span> <span class='ocrx_word' id='word_1_438' title='bbox 1474 4224 1535 4262; x_wconf 89' lang='lat' dir='ltr'><strong>ea</strong></span> <span class='ocrx_word' id='word_1_439' title='bbox 1581 4225 1700 4276; x_wconf 71' lang='lat' dir='ltr'><strong>quae</strong></span> <span class='ocrx_word' id='word_1_440' title='bbox 1727 4209 1942 4278; x_wconf 92' lang='lat' dir='ltr'><strong>corpori</strong></span> <span class='ocrx_word' id='word_1_441' title='bbox 1991 4223 2121 4267; x_wconf 84' lang='lat' dir='ltr'><strong>sunt</strong></span> 
     </span>
    </p>
   </div>
   <div class='ocr_carea' id='block_1_61' title="bbox 535 4297 2115 4368">
    <p class='ocr_par' dir='ltr' id='par_1_61' title="bbox 535 4297 2115 4368">
     <span class='ocr_line' id='line_1_61' title="bbox 535 4297 2115 4368; baseline 0.006 -21"><span class='ocrx_word' id='word_1_442' title='bbox 535 4297 868 4360; x_wconf 83' lang='lat' dir='ltr'><strong>necessaria,</strong></span> <span class='ocrx_word' id='word_1_443' title='bbox 937 4299 1096 4353; x_wconf 89' lang='lat' dir='ltr'><strong>nobis</strong></span> <span class='ocrx_word' id='word_1_444' title='bbox 1143 4300 1306 4353; x_wconf 84' lang='lat' dir='ltr'><strong>etiam</strong></span> <span class='ocrx_word' id='word_1_445' title='bbox 1362 4314 1472 4352; x_wconf 88' lang='lat' dir='ltr'><strong>non</strong></span> <span class='ocrx_word' id='word_1_446' title='bbox 1520 4300 1833 4368; x_wconf 91' lang='lat' dir='ltr'><strong>petentibus</strong></span> <span class='ocrx_word' id='word_1_447' title='bbox 1886 4299 2115 4368; x_wconf 71' lang='lat' dir='ltr'><strong>praebet.</strong></span> 
     </span>
    </p>
   </div>
   <div class='ocr_carea' id='block_1_62' title="bbox 533 4387 2120 4458">
    <p class='ocr_par' dir='ltr' id='par_1_62' title="bbox 533 4387 2120 4458">
     <span class='ocr_line' id='line_1_62' title="bbox 533 4387 2120 4458; baseline 0.001 -20"><span class='ocrx_word' id='word_1_448' title='bbox 533 4401 704 4454; x_wconf 87' lang='lat' dir='ltr'><strong>quare</strong></span> <span class='ocrx_word' id='word_1_449' title='bbox 736 4402 863 4455; x_wconf 88' lang='lat' dir='ltr'><strong>ergo</strong></span> <span class='ocrx_word' id='word_1_450' title='bbox 888 4387 1070 4456; x_wconf 84' lang='lat' dir='ltr'><strong>jussit,</strong></span> <span class='ocrx_word' id='word_1_451' title='bbox 1107 4397 1163 4442; x_wconf 94' lang='lat' dir='ltr'><strong>ut</strong></span> <span class='ocrx_word' id='word_1_452' title='bbox 1195 4403 1388 4457; x_wconf 91' lang='lat' dir='ltr'><strong>panem</strong></span> <span class='ocrx_word' id='word_1_453' title='bbox 1416 4399 1664 4458; x_wconf 88' lang='lat' dir='ltr'><strong>petamus</strong></span> <span class='ocrx_word' id='word_1_454' title='bbox 1696 4388 2120 4457; x_wconf 83' lang='lat' dir='ltr'><strong>supersubstan-</strong></span> 
     </span>
    </p>
   </div>
   <div class='ocr_carea' id='block_1_63' title="bbox 2203 1949 3794 2021">
    <p class='ocr_par' dir='ltr' id='par_1_63' title="bbox 2203 1949 3794 2021">
     <span class='ocr_line' id='line_1_63' title="bbox 2203 1949 3794 2021; baseline 0.001 -19"><span class='ocrx_word' id='word_1_455' title='bbox 2203 1950 2516 2016; x_wconf 70' lang='grc' dir='ltr'><strong>ἀναγκαίων</strong></span> <span class='ocrx_word' id='word_1_456' title='bbox 2571 1949 2664 2002; x_wconf 80' lang='grc' dir='ltr'>τοῦ</span> <span class='ocrx_word' id='word_1_457' title='bbox 2710 1950 2979 2018; x_wconf 82' lang='grc' dir='ltr'>σώματος,</span> <span class='ocrx_word' id='word_1_458' title='bbox 3029 1950 3061 2019; x_wconf 80' lang='grc' dir='ltr'>ἢ</span> <span class='ocrx_word' id='word_1_459' title='bbox 3109 1953 3230 2003; x_wconf 69' lang='grc' dir='ltr'>ἀντὶ</span> <span class='ocrx_word' id='word_1_460' title='bbox 3287 1953 3409 2014; x_wconf 83' lang='grc' dir='ltr'>τοῦ,</span> <span class='ocrx_word' id='word_1_461' title='bbox 3466 1954 3794 2021; x_wconf 79' lang='grc' dir='ltr'>ἐξαιρέτως,</span> 
     </span>
    </p>
   </div>
   <div class='ocr_carea' id='block_1_64' title="bbox 2204 2041 3798 2111">
    <p class='ocr_par' dir='ltr' id='par_1_64' title="bbox 2204 2041 3798 2111">
     <span class='ocr_line' id='line_1_64' title="bbox 2204 2041 3798 2111; baseline -0.001 -17"><span class='ocrx_word' id='word_1_462' title='bbox 2204 2042 2298 2094; x_wconf 75' lang='grc' dir='ltr'>καὶ</span> <span class='ocrx_word' id='word_1_463' title='bbox 2342 2041 2598 2109; x_wconf 82' lang='grc' dir='ltr'>μάλιστα.</span> <span class='ocrx_word' id='word_1_464' title='bbox 2651 2041 2939 2095; x_wconf 76' lang='grc' dir='ltr'>Βασιλείαν</span> <span class='ocrx_word' id='word_1_465' title='bbox 2993 2041 3050 2093; x_wconf 82' lang='grc' dir='ltr'>δὲ</span> <span class='ocrx_word' id='word_1_466' title='bbox 3109 2041 3244 2094; x_wconf 83' lang='grc' dir='ltr'><strong>Θεοῦ</strong></span> <span class='ocrx_word' id='word_1_467' title='bbox 3311 2044 3460 2110; x_wconf 83' lang='grc' dir='ltr'>λέγει</span> <span class='ocrx_word' id='word_1_468' title='bbox 3517 2043 3639 2102; x_wconf 80' lang='grc' dir='ltr'>νῦν,</span> <span class='ocrx_word' id='word_1_469' title='bbox 3696 2045 3798 2111; x_wconf 75' lang='grc' dir='ltr'><strong>τὴν</strong></span> 
     </span>
    </p>
   </div>
   <div class='ocr_carea' id='block_1_65' title="bbox 2204 2130 3795 2200">
    <p class='ocr_par' dir='ltr' id='par_1_65' title="bbox 2204 2130 3795 2200">
     <span class='ocr_line' id='line_1_65' title="bbox 2204 2130 3795 2200; baseline 0.002 -19"><span class='ocrx_word' id='word_1_470' title='bbox 2204 2130 2507 2182; x_wconf 81' lang='grc' dir='ltr'><strong>ἀπόλαυσιν</strong></span> <span class='ocrx_word' id='word_1_471' title='bbox 2557 2130 2665 2182; x_wconf 82' lang='grc' dir='ltr'><strong>τῶν</strong></span> <span class='ocrx_word' id='word_1_472' title='bbox 2701 2130 2939 2182; x_wconf 87' lang='grc' dir='ltr'>αἰωνίων</span> <span class='ocrx_word' id='word_1_473' title='bbox 3001 2132 3246 2196; x_wconf 80' lang='grc' dir='ltr'><strong>ἀγαθῶν.</strong></span> <span class='ocrx_word' id='word_1_474' title='bbox 3302 2134 3682 2200; x_wconf 68' lang='grc' dir='ltr'>Δικαιοσύνην</span> <span class='ocrx_word' id='word_1_475' title='bbox 3741 2134 3795 2184; x_wconf 75' lang='grc' dir='ltr'>τῖε</span> 
     </span>
    </p>
   </div>
   <div class='ocr_carea' id='block_1_66' title="bbox 2206 2220 3794 2292">
    <p class='ocr_par' dir='ltr' id='par_1_66' title="bbox 2206 2220 3794 2292">
     <span class='ocr_line' id='line_1_66' title="bbox 2206 2220 3794 2292; baseline 0.002 -22"><span class='ocrx_word' id='word_1_476' title='bbox 2206 2221 2392 2284; x_wconf 79' lang='grc' dir='ltr'>αὑτοῦ,</span> <span class='ocrx_word' id='word_1_477' title='bbox 2427 2220 2524 2288; x_wconf 79' lang='grc' dir='ltr'>τὴν</span> <span class='ocrx_word' id='word_1_478' title='bbox 2559 2221 2841 2273; x_wconf 82' lang='grc' dir='ltr'>δικαίωσιν</span> <span class='ocrx_word' id='word_1_479' title='bbox 2871 2221 2969 2291; x_wconf 73' lang='grc' dir='ltr'><strong>τὴν</strong></span> <span class='ocrx_word' id='word_1_480' title='bbox 2999 2224 3130 2292; x_wconf 80' lang='grc' dir='ltr'>παρ’</span> <span class='ocrx_word' id='word_1_481' title='bbox 3162 2223 3351 2288; x_wconf 69' lang='grc' dir='ltr'>αὑτοῦ,</span> <span class='ocrx_word' id='word_1_482' title='bbox 3395 2224 3480 2274; x_wconf 82' lang='grc' dir='ltr'>ἵνα</span> <span class='ocrx_word' id='word_1_483' title='bbox 3513 2224 3794 2291; x_wconf 75' lang='grc' dir='ltr'>δικαιώσῃ</span> 
     </span>
    </p>
   </div>
   <div class='ocr_carea' id='block_1_67' title="bbox 2208 2310 3796 2381">
    <p class='ocr_par' dir='ltr' id='par_1_67' title="bbox 2208 2310 3796 2381">
     <span class='ocr_line' id='line_1_67' title="bbox 2208 2310 3796 2381; baseline 0.001 -19"><span class='ocrx_word' id='word_1_484' title='bbox 2208 2311 2351 2378; x_wconf 79' lang='grc' dir='ltr'>ὑμᾶς</span> <span class='ocrx_word' id='word_1_485' title='bbox 2380 2311 2540 2373; x_wconf 78' lang='grc' dir='ltr'>αὑτός</span> <span class='ocrx_word' id='word_1_486' title='bbox 2573 2327 2588 2340; x_wconf 83' lang='lat'><strong>&#39;</strong></span> <span class='ocrx_word' id='word_1_487' title='bbox 2710 2314 2809 2379; x_wconf 75' lang='grc' dir='ltr'>τὴν</span> <span class='ocrx_word' id='word_1_488' title='bbox 2843 2312 2953 2381; x_wconf 68' lang='grc' dir='ltr'><strong>(δι)</strong></span> <span class='ocrx_word' id='word_1_489' title='bbox 2981 2312 3322 2380; x_wconf 81' lang='grc' dir='ltr'>κατόρθωσιν</span> <span class='ocrx_word' id='word_1_490' title='bbox 3365 2315 3462 2380; x_wconf 77' lang='grc' dir='ltr'>τῆς</span> <span class='ocrx_word' id='word_1_491' title='bbox 3504 2315 3796 2366; x_wconf 69' lang='grc' dir='ltr'>δικαιοτύ-</span> 
     </span>
    </p>
   </div>
   <div class='ocr_carea' id='block_1_68' title="bbox 2206 2386 3794 2473">
    <p class='ocr_par' dir='ltr' id='par_1_68' title="bbox 2206 2386 3794 2473">
     <span class='ocr_line' id='line_1_68' title="bbox 2206 2386 3794 2473; baseline 0.001 -21"><span class='ocrx_word' id='word_1_492' title='bbox 2206 2417 2325 2468; x_wconf 83' lang='grc' dir='ltr'>νης,</span> <span class='ocrx_word' id='word_1_493' title='bbox 2353 2402 2472 2469; x_wconf 72' lang='grc' dir='ltr'>ἦτοι</span> <span class='ocrx_word' id='word_1_494' title='bbox 2499 2386 2597 2470; x_wconf 81' lang='grc' dir='ltr'>τῆς</span> <span class='ocrx_word' id='word_1_495' title='bbox 2620 2402 2846 2454; x_wconf 82' lang='grc' dir='ltr'>καθόλου</span> <span class='ocrx_word' id='word_1_496' title='bbox 2879 2405 3102 2471; x_wconf 83' lang='grc' dir='ltr'>ἀρετῆς,</span> <span class='ocrx_word' id='word_1_497' title='bbox 3149 2404 3198 2455; x_wconf 82' lang='grc' dir='ltr'><strong>δί</strong></span> <span class='ocrx_word' id='word_1_498' title='bbox 3232 2406 3294 2473; x_wconf 73' lang='grc' dir='ltr'>ἣν</span> <span class='ocrx_word' id='word_1_499' title='bbox 3331 2403 3528 2456; x_wconf 76' lang='grc' dir='ltr'>δίκαιοι</span> <span class='ocrx_word' id='word_1_500' title='bbox 3563 2405 3794 2470; x_wconf 78' lang='grc' dir='ltr'>γινόμε-</span> 
     </span>
    </p>
   </div>
   <div class='ocr_carea' id='block_1_69' title="bbox 2209 2487 3796 2560">
    <p class='ocr_par' dir='ltr' id='par_1_69' title="bbox 2209 2487 3796 2560">
     <span class='ocr_line' id='line_1_69' title="bbox 2209 2487 3796 2560; baseline 0.003 -20"><span class='ocrx_word' id='word_1_501' title='bbox 2209 2487 2323 2559; x_wconf 78' lang='grc' dir='ltr'>θα.]</span> <span class='ocrx_word' id='word_1_502' title='bbox 2339 2491 2398 2541; x_wconf 82' lang='grc' dir='ltr'>Εἰ</span> <span class='ocrx_word' id='word_1_503' title='bbox 2421 2489 2529 2559; x_wconf 83' lang='grc' dir='ltr'><strong>γὰρ</strong></span> <span class='ocrx_word' id='word_1_504' title='bbox 2546 2489 2674 2558; x_wconf 84' lang='grc' dir='ltr'><strong>περί</strong></span> <span class='ocrx_word' id='word_1_505' title='bbox 2699 2491 2903 2544; x_wconf 87' lang='grc' dir='ltr'>τούτων</span> <span class='ocrx_word' id='word_1_506' title='bbox 2924 2496 3142 2558; x_wconf 79' lang='grc' dir='ltr'>αἰτεῖτε,</span> <span class='ocrx_word' id='word_1_507' title='bbox 3162 2494 3331 2544; x_wconf 71' lang='grc' dir='ltr'>ΰντων</span> <span class='ocrx_word' id='word_1_508' title='bbox 3357 2495 3678 2560; x_wconf 76' lang='grc' dir='ltr'>ἀναγκαίων</span> <span class='ocrx_word' id='word_1_509' title='bbox 3695 2494 3796 2560; x_wconf 79' lang='grc' dir='ltr'>τῆς</span> 
     </span>
    </p>
   </div>
   <div class='ocr_carea' id='block_1_70' title="bbox 2208 2579 3797 2652">
    <p class='ocr_par' dir='ltr' id='par_1_70' title="bbox 2208 2579 3797 2652">
     <span class='ocr_line' id='line_1_70' title="bbox 2208 2579 3797 2652; baseline 0.004 -23"><span class='ocrx_word' id='word_1_510' title='bbox 2208 2579 2406 2648; x_wconf 78' lang='grc' dir='ltr'>ψυχῆς,</span> <span class='ocrx_word' id='word_1_511' title='bbox 2427 2580 2601 2632; x_wconf 83' lang='grc' dir='ltr'>ταῦτά</span> <span class='ocrx_word' id='word_1_512' title='bbox 2637 2597 2695 2631; x_wconf 84' lang='grc' dir='ltr'><strong>τε</strong></span> <span class='ocrx_word' id='word_1_513' title='bbox 2730 2579 2910 2644; x_wconf 88' lang='grc' dir='ltr'>δώσει,</span> <span class='ocrx_word' id='word_1_514' title='bbox 2950 2581 3043 2634; x_wconf 67' lang='grc' dir='ltr'><strong>καὶ</strong></span> <span class='ocrx_word' id='word_1_515' title='bbox 3072 2583 3368 2652; x_wconf 77' lang='grc' dir='ltr'>προσθήσει</span> <span class='ocrx_word' id='word_1_516' title='bbox 3394 2585 3485 2636; x_wconf 74' lang='grc' dir='ltr'>καὶ</span> <span class='ocrx_word' id='word_1_517' title='bbox 3515 2586 3583 2636; x_wconf 77' lang='grc' dir='ltr'><strong>τὰ</strong></span> <span class='ocrx_word' id='word_1_518' title='bbox 3621 2586 3797 2650; x_wconf 80' lang='grc' dir='ltr'>ἀναγ-</span> 
     </span>
    </p>
   </div>
   <div class='ocr_carea' id='block_1_71' title="bbox 2211 2670 3794 2741">
    <p class='ocr_par' dir='ltr' id='par_1_71' title="bbox 2211 2670 3794 2741">
     <span class='ocr_line' id='line_1_71' title="bbox 2211 2670 3794 2741; baseline 0.004 -20"><span class='ocrx_word' id='word_1_519' title='bbox 2211 2677 2342 2723; x_wconf 86' lang='grc' dir='ltr'>κατα</span> <span class='ocrx_word' id='word_1_520' title='bbox 2360 2670 2454 2724; x_wconf 79' lang='grc' dir='ltr'><strong>τοῦ</strong></span> <span class='ocrx_word' id='word_1_521' title='bbox 2475 2670 2744 2740; x_wconf 87' lang='grc' dir='ltr'>σώματος.</span> <span class='ocrx_word' id='word_1_522' title='bbox 2775 2675 2884 2725; x_wconf 74' lang='grc' dir='ltr'><strong>Καὶ</strong></span> <span class='ocrx_word' id='word_1_523' title='bbox 2909 2675 3014 2741; x_wconf 71' lang='grc' dir='ltr'><strong>γὰρ</strong></span> <span class='ocrx_word' id='word_1_524' title='bbox 3042 2675 3344 2738; x_wconf 77' lang='grc' dir='ltr'>καὶόπίσω,</span> <span class='ocrx_word' id='word_1_525' title='bbox 3364 2676 3418 2726; x_wconf 76' lang='grc' dir='ltr'>ὲν</span> <span class='ocrx_word' id='word_1_526' title='bbox 3450 2671 3530 2737; x_wconf 75' lang='grc' dir='ltr'>οἷς</span> <span class='ocrx_word' id='word_1_527' title='bbox 3555 2677 3794 2740; x_wconf 75' lang='grc' dir='ltr'>ἐδίδαξε,</span> 
     </span>
    </p>
   </div>
   <div class='ocr_carea' id='block_1_72' title="bbox 2211 2759 3798 2833">
    <p class='ocr_par' dir='ltr' id='par_1_72' title="bbox 2211 2759 3798 2833">
     <span class='ocr_line' id='line_1_72' title="bbox 2211 2759 3798 2833; baseline 0.003 -22"><span class='ocrx_word' id='word_1_528' title='bbox 2211 2760 2327 2823; x_wconf 84' lang='grc' dir='ltr'>πῶς</span> <span class='ocrx_word' id='word_1_529' title='bbox 2344 2759 2928 2830; x_wconf 79' lang='grc' dir='ltr'>δεῐεῦχεσθαι,πριῖ›τον</span> <span class='ocrx_word' id='word_1_530' title='bbox 2945 2764 3041 2830; x_wconf 80' lang='grc' dir='ltr'>μὲν</span> <span class='ocrx_word' id='word_1_531' title='bbox 3058 2761 3176 2815; x_wconf 73' lang='grc' dir='ltr'>εἷπε</span> <span class='ocrx_word' id='word_1_532' title='bbox 3195 2765 3395 2832; x_wconf 80' lang='grc' dir='ltr'>λέγειν,</span> <span class='ocrx_word' id='word_1_533' title='bbox 3415 2765 3601 2833; x_wconf 74' lang='grc' dir='ltr'>Πάτερ</span> <span class='ocrx_word' id='word_1_534' title='bbox 3627 2767 3798 2831; x_wconf 70' lang='grc' dir='ltr'><strong>ἡμῶν</strong></span> 
     </span>
    </p>
   </div>
   <div class='ocr_carea' id='block_1_73' title="bbox 2213 2849 3794 2918">
    <p class='ocr_par' dir='ltr' id='par_1_73' title="bbox 2213 2849 3794 2918">
     <span class='ocr_line' id='line_1_73' title="bbox 2213 2849 3794 2918; baseline 0.001 -16"><span class='ocrx_word' id='word_1_535' title='bbox 2213 2853 2246 2902; x_wconf 83' lang='grc' dir='ltr'><em>ὀ</em></span> <span class='ocrx_word' id='word_1_536' title='bbox 2277 2850 2346 2902; x_wconf 79' lang='grc' dir='ltr'><strong>ἐν</strong></span> <span class='ocrx_word' id='word_1_537' title='bbox 2401 2849 2527 2913; x_wconf 84' lang='grc' dir='ltr'>τοῖς</span> <span class='ocrx_word' id='word_1_538' title='bbox 2573 2850 2872 2917; x_wconf 78' lang='grc' dir='ltr'>οὐρανοῖς,</span> <span class='ocrx_word' id='word_1_539' title='bbox 2909 2853 3250 2918; x_wconf 69' lang='grc' dir='ltr'>ἁγιασθήτω</span> <span class='ocrx_word' id='word_1_540' title='bbox 3307 2852 3372 2904; x_wconf 86' lang='grc' dir='ltr'>τὸ</span> <span class='ocrx_word' id='word_1_541' title='bbox 3417 2852 3608 2918; x_wconf 79' lang='grc' dir='ltr'>ὄνομά</span> <span class='ocrx_word' id='word_1_542' title='bbox 3649 2866 3794 2912; x_wconf 78' lang='grc' dir='ltr'>σου,</span> 
     </span>
    </p>
   </div>
   <div class='ocr_carea' id='block_1_74' title="bbox 2213 2939 3798 3009">
    <p class='ocr_par' dir='ltr' id='par_1_74' title="bbox 2213 2939 3798 3009">
     <span class='ocr_line' id='line_1_74' title="bbox 2213 2939 3798 3009; baseline -0.001 -16"><span class='ocrx_word' id='word_1_543' title='bbox 2213 2939 2432 2993; x_wconf 78' lang='grc' dir='ltr'><strong>ἐλθέτω</strong></span> <span class='ocrx_word' id='word_1_544' title='bbox 2476 2941 2826 3006; x_wconf 77' lang='grc' dir='ltr'>ἡβασιλεία</span> <span class='ocrx_word' id='word_1_545' title='bbox 2887 2955 3028 3003; x_wconf 87' lang='grc' dir='ltr'>σου,</span> <span class='ocrx_word' id='word_1_546' title='bbox 3079 2943 3382 3009; x_wconf 74' lang='grc' dir='ltr'>γενηθήτω</span> <span class='ocrx_word' id='word_1_547' title='bbox 3440 2942 3504 2994; x_wconf 79' lang='grc' dir='ltr'>τὸ</span> <span class='ocrx_word' id='word_1_548' title='bbox 3561 2942 3798 3008; x_wconf 64' lang='grc' dir='ltr'><strong>θέλημά</strong></span> 
     </span>
    </p>
   </div>
   <div class='ocr_carea' id='block_1_75' title="bbox 2215 3031 3795 3101">
    <p class='ocr_par' dir='ltr' id='par_1_75' title="bbox 2215 3031 3795 3101">
     <span class='ocr_line' id='line_1_75' title="bbox 2215 3031 3795 3101; baseline -0.001 -17"><span class='ocrx_word' id='word_1_549' title='bbox 2215 3046 2352 3093; x_wconf 85' lang='grc' dir='ltr'>σου,</span> <span class='ocrx_word' id='word_1_550' title='bbox 2380 3031 2459 3096; x_wconf 84' lang='grc' dir='ltr'>ὡς</span> <span class='ocrx_word' id='word_1_551' title='bbox 2490 3033 2558 3084; x_wconf 78' lang='grc' dir='ltr'><strong>ἐν</strong></span> <span class='ocrx_word' id='word_1_552' title='bbox 2583 3032 2816 3098; x_wconf 80' lang='grc' dir='ltr'>οὐρανῷ</span> <span class='ocrx_word' id='word_1_553' title='bbox 2849 3034 2944 3084; x_wconf 78' lang='grc' dir='ltr'>καὶ</span> <span class='ocrx_word' id='word_1_554' title='bbox 2969 3033 3066 3084; x_wconf 78' lang='grc' dir='ltr'><strong>ἐπὶ</strong></span> <span class='ocrx_word' id='word_1_555' title='bbox 3101 3032 3210 3098; x_wconf 77' lang='grc' dir='ltr'>τῆς</span> <span class='ocrx_word' id='word_1_556' title='bbox 3255 3032 3385 3101; x_wconf 75' lang='grc' dir='ltr'>γῆς·</span> <span class='ocrx_word' id='word_1_557' title='bbox 3462 3033 3657 3084; x_wconf 78' lang='grc' dir='ltr'>ἔπειτα</span> <span class='ocrx_word' id='word_1_558' title='bbox 3714 3033 3795 3091; x_wconf 77' lang='grc' dir='ltr'>δὲ,</span> 
     </span>
    </p>
   </div>
   <div class='ocr_carea' id='block_1_76' title="bbox 2223 3119 3796 3188">
    <p class='ocr_par' dir='ltr' id='par_1_76' title="bbox 2223 3119 3796 3188">
     <span class='ocr_line' id='line_1_76' title="bbox 2223 3119 3796 3188; baseline -0.002 -17"><span class='ocrx_word' id='word_1_559' title='bbox 2223 3120 2331 3171; x_wconf 77' lang='grc' dir='ltr'><strong>Τὸν</strong></span> <span class='ocrx_word' id='word_1_560' title='bbox 2353 3119 2535 3187; x_wconf 74' lang='grc' dir='ltr'>ἄρτον</span> <span class='ocrx_word' id='word_1_561' title='bbox 2553 3120 2721 3186; x_wconf 75' lang='grc' dir='ltr'><strong>ἡμῶν</strong></span> <span class='ocrx_word' id='word_1_562' title='bbox 2747 3121 2851 3172; x_wconf 77' lang='grc' dir='ltr'><strong>τὸν</strong></span> <span class='ocrx_word' id='word_1_563' title='bbox 2877 3120 3191 3172; x_wconf 76' lang='grc' dir='ltr'>ἐπιούσιον</span> <span class='ocrx_word' id='word_1_564' title='bbox 3216 3120 3320 3185; x_wconf 86' lang='grc' dir='ltr'>δὸς</span> <span class='ocrx_word' id='word_1_565' title='bbox 3341 3119 3484 3188; x_wconf 74' lang='grc' dir='ltr'><strong>ἡμῖν</strong></span> <span class='ocrx_word' id='word_1_566' title='bbox 3500 3121 3796 3187; x_wconf 73' lang='grc' dir='ltr'>σήμερον.</span> 
     </span>
    </p>
   </div>
   <div class='ocr_carea' id='block_1_77' title="bbox 2216 3209 3799 3280">
    <p class='ocr_par' dir='ltr' id='par_1_77' title="bbox 2216 3209 3799 3280">
     <span class='ocr_line' id='line_1_77' title="bbox 2216 3209 3799 3280; baseline 0.001 -20"><span class='ocrx_word' id='word_1_567' title='bbox 2216 3210 2288 3260; x_wconf 71' lang='grc' dir='ltr'><strong>Οὐ</strong></span> <span class='ocrx_word' id='word_1_568' title='bbox 2318 3209 2424 3279; x_wconf 86' lang='grc' dir='ltr'><strong>γάρ</strong></span> <span class='ocrx_word' id='word_1_569' title='bbox 2472 3210 2564 3263; x_wconf 78' lang='grc' dir='ltr'><strong>διὰ</strong></span> <span class='ocrx_word' id='word_1_570' title='bbox 2602 3209 2765 3264; x_wconf 79' lang='grc' dir='ltr'>τοῦτο.</span> <span class='ocrx_word' id='word_1_571' title='bbox 2820 3212 3149 3279; x_wconf 77' lang='grc' dir='ltr'>γεγόναμεν,</span> <span class='ocrx_word' id='word_1_572' title='bbox 3204 3211 3292 3264; x_wconf 76' lang='grc' dir='ltr'><strong>ινα</strong></span> <span class='ocrx_word' id='word_1_573' title='bbox 3344 3213 3637 3280; x_wconf 75' lang='grc' dir='ltr'>ἐσθίωμεν,</span> <span class='ocrx_word' id='word_1_574' title='bbox 3704 3213 3799 3262; x_wconf 75' lang='grc' dir='ltr'>καὶ</span> 
     </span>
    </p>
   </div>
   <div class='ocr_carea' id='block_1_78' title="bbox 2216 3306 3797 3375">
    <p class='ocr_par' dir='ltr' id='par_1_78' title="bbox 2216 3306 3797 3375">
     <span class='ocr_line' id='line_1_78' title="bbox 2216 3306 3797 3375; baseline -0.002 -16"><span class='ocrx_word' id='word_1_575' title='bbox 2216 3309 2477 3374; x_wconf 81' lang='grc' dir='ltr'>πίνωμεν,</span> <span class='ocrx_word' id='word_1_576' title='bbox 2514 3307 2607 3360; x_wconf 66' lang='grc' dir='ltr'><strong>καὶ</strong></span> <span class='ocrx_word' id='word_1_577' title='bbox 2642 3306 2980 3374; x_wconf 80' lang='grc' dir='ltr'>ὲνδυώμεθα,</span> <span class='ocrx_word' id='word_1_578' title='bbox 3019 3306 3137 3358; x_wconf 75' lang='grc' dir='ltr'>ἀλλ’</span> <span class='ocrx_word' id='word_1_579' title='bbox 3170 3306 3256 3357; x_wconf 78' lang='grc' dir='ltr'><strong>ἵνα</strong></span> <span class='ocrx_word' id='word_1_580' title='bbox 3314 3307 3797 3375; x_wconf 79' lang='grc' dir='ltr'>εὑαρεστήσαντες</span> 
     </span>
    </p>
   </div>
   <div class='ocr_carea' id='block_1_79' title="bbox 2215 3398 3505 3467">
    <p class='ocr_par' dir='ltr' id='par_1_79' title="bbox 2215 3398 3505 3467">
     <span class='ocr_line' id='line_1_79' title="bbox 2215 3398 3505 3467; baseline -0.002 -14"><span class='ocrx_word' id='word_1_581' title='bbox 2215 3400 2385 3467; x_wconf 82' lang='grc' dir='ltr'>αὐτῷ,</span> <span class='ocrx_word' id='word_1_582' title='bbox 2416 3399 2527 3452; x_wconf 83' lang='grc' dir='ltr'><strong>τῶν</strong></span> <span class='ocrx_word' id='word_1_583' title='bbox 2553 3399 2790 3452; x_wconf 87' lang='grc' dir='ltr'>αἰωνίων</span> <span class='ocrx_word' id='word_1_584' title='bbox 2819 3399 3223 3466; x_wconf 80' lang='grc' dir='ltr'>ἀπολαύσωμεν</span> <span class='ocrx_word' id='word_1_585' title='bbox 3257 3398 3505 3466; x_wconf 83' lang='grc' dir='ltr'>ἀγαθῶν.</span> 
     </span>
    </p>
   </div>
   <div class='ocr_carea' id='block_1_80' title="bbox 2288 3488 3797 3558">
    <p class='ocr_par' dir='ltr' id='par_1_80' title="bbox 2288 3488 3797 3558">
     <span class='ocr_line' id='line_1_80' title="bbox 2288 3488 3797 3558; baseline -0.003 -18"><span class='ocrx_word' id='word_1_586' title='bbox 2288 3490 2382 3542; x_wconf 73' lang='grc' dir='ltr'>Διά</span> <span class='ocrx_word' id='word_1_587' title='bbox 2438 3489 2596 3541; x_wconf 82' lang='grc' dir='ltr'>τοῦτο</span> <span class='ocrx_word' id='word_1_588' title='bbox 2655 3491 2887 3558; x_wconf 86' lang='grc' dir='ltr'>μάλιστα</span> <span class='ocrx_word' id='word_1_589' title='bbox 2917 3489 3024 3558; x_wconf 83' lang='grc' dir='ltr'><strong>χρὴ</strong></span> <span class='ocrx_word' id='word_1_590' title='bbox 3079 3488 3266 3556; x_wconf 79' lang='grc' dir='ltr'>ζητεῖν</span> <span class='ocrx_word' id='word_1_591' title='bbox 3297 3489 3393 3542; x_wconf 83' lang='grc' dir='ltr'>καὶ</span> <span class='ocrx_word' id='word_1_592' title='bbox 3425 3489 3565 3558; x_wconf 78' lang='grc' dir='ltr'>ὑπὲρ</span> <span class='ocrx_word' id='word_1_593' title='bbox 3598 3488 3797 3540; x_wconf 70' lang='grc' dir='ltr'>τούτου</span> 
     </span>
    </p>
   </div>
   <div class='ocr_carea' id='block_1_81' title="bbox 2219 3575 3797 3645">
    <p class='ocr_par' dir='ltr' id='par_1_81' title="bbox 2219 3575 3797 3645">
     <span class='ocr_line' id='line_1_81' title="bbox 2219 3575 3797 3645; baseline -0.002 -17"><span class='ocrx_word' id='word_1_594' title='bbox 2219 3575 2418 3643; x_wconf 76' lang='grc' dir='ltr'>μᾶλλον</span> <span class='ocrx_word' id='word_1_595' title='bbox 2446 3577 2637 3628; x_wconf 83' lang='grc' dir='ltr'>αἰτεῖν.</span> <span class='ocrx_word' id='word_1_596' title='bbox 2671 3575 2843 3628; x_wconf 82' lang='grc' dir='ltr'>Τοῦτο</span> <span class='ocrx_word' id='word_1_597' title='bbox 2883 3577 2983 3644; x_wconf 84' lang='grc' dir='ltr'>μὲν</span> <span class='ocrx_word' id='word_1_598' title='bbox 3011 3575 3117 3643; x_wconf 84' lang='grc' dir='ltr'><strong>γὰρ</strong></span> <span class='ocrx_word' id='word_1_599' title='bbox 3158 3578 3252 3628; x_wconf 72' lang='grc' dir='ltr'>ἐὰν</span> <span class='ocrx_word' id='word_1_600' title='bbox 3292 3577 3366 3645; x_wconf 83' lang='grc' dir='ltr'>μὴ</span> <span class='ocrx_word' id='word_1_601' title='bbox 3400 3576 3681 3645; x_wconf 75' lang='grc' dir='ltr'>ζητῶμεν,</span> <span class='ocrx_word' id='word_1_602' title='bbox 3735 3576 3797 3626; x_wconf 75' lang='grc' dir='ltr'>οὐ</span> 
     </span>
    </p>
   </div>
   <div class='ocr_carea' id='block_1_82' title="bbox 2215 3665 3797 3734">
    <p class='ocr_par' dir='ltr' id='par_1_82' title="bbox 2215 3665 3797 3734">
     <span class='ocr_line' id='line_1_82' title="bbox 2215 3665 3797 3734; baseline -0.001 -17"><span class='ocrx_word' id='word_1_603' title='bbox 2215 3666 2396 3718; x_wconf 79' lang='grc' dir='ltr'>δώσει·</span> <span class='ocrx_word' id='word_1_604' title='bbox 2426 3667 2494 3717; x_wconf 80' lang='grc' dir='ltr'><strong>τὰ</strong></span> <span class='ocrx_word' id='word_1_605' title='bbox 2523 3667 2568 3718; x_wconf 80' lang='grc' dir='ltr'>δ’</span> <span class='ocrx_word' id='word_1_606' title='bbox 2602 3666 2874 3733; x_wconf 83' lang='grc' dir='ltr'>ἀναγκαῖα</span> <span class='ocrx_word' id='word_1_607' title='bbox 2909 3665 3004 3718; x_wconf 82' lang='grc' dir='ltr'><strong>τοῦ</strong></span> <span class='ocrx_word' id='word_1_608' title='bbox 3032 3673 3306 3734; x_wconf 77' lang='grc' dir='ltr'>σώματος,</span> <span class='ocrx_word' id='word_1_609' title='bbox 3364 3668 3456 3718; x_wconf 73' lang='grc' dir='ltr'>καὶ</span> <span class='ocrx_word' id='word_1_610' title='bbox 3484 3665 3797 3726; x_wconf 76' lang='grc' dir='ltr'>αἰτοῦντες,</span> 
     </span>
    </p>
   </div>
   <div class='ocr_carea' id='block_1_83' title="bbox 2219 3757 3798 3826">
    <p class='ocr_par' dir='ltr' id='par_1_83' title="bbox 2219 3757 3798 3826">
     <span class='ocr_line' id='line_1_83' title="bbox 2219 3757 3798 3826; baseline -0.004 -18"><span class='ocrx_word' id='word_1_611' title='bbox 2219 3759 2313 3808; x_wconf 74' lang='grc' dir='ltr'>καὶ</span> <span class='ocrx_word' id='word_1_612' title='bbox 2367 3758 2441 3826; x_wconf 82' lang='grc' dir='ltr'>μὴ</span> <span class='ocrx_word' id='word_1_613' title='bbox 2501 3757 2783 3819; x_wconf 74' lang='grc' dir='ltr'>αἰτοῦντες</span> <span class='ocrx_word' id='word_1_614' title='bbox 2817 3757 3196 3826; x_wconf 80' lang='grc' dir='ltr'>λαμδάνομεν,</span> <span class='ocrx_word' id='word_1_615' title='bbox 3239 3758 3325 3809; x_wconf 73' lang='grc' dir='ltr'><strong>διὰ</strong></span> <span class='ocrx_word' id='word_1_616' title='bbox 3373 3757 3469 3826; x_wconf 82' lang='grc' dir='ltr'>τὴν</span> <span class='ocrx_word' id='word_1_617' title='bbox 3529 3757 3798 3809; x_wconf 74' lang='grc' dir='ltr'>σύστασιν</span> 
     </span>
    </p>
   </div>
   <div class='ocr_carea' id='block_1_84' title="bbox 2216 3847 3800 3916">
    <p class='ocr_par' dir='ltr' id='par_1_84' title="bbox 2216 3847 3800 3916">
     <span class='ocr_line' id='line_1_84' title="bbox 2216 3847 3800 3916; baseline -0.002 -16"><span class='ocrx_word' id='word_1_618' title='bbox 2216 3847 2309 3900; x_wconf 79' lang='grc' dir='ltr'><strong>τοῦ</strong></span> <span class='ocrx_word' id='word_1_619' title='bbox 2371 3848 2647 3916; x_wconf 84' lang='grc' dir='ltr'>σώματος,</span> <span class='ocrx_word' id='word_1_620' title='bbox 2700 3849 2774 3912; x_wconf 86' lang='grc' dir='ltr'>ὼς</span> <span class='ocrx_word' id='word_1_621' title='bbox 2825 3849 3021 3901; x_wconf 78' lang='grc' dir='ltr'>καὶτὰ</span> <span class='ocrx_word' id='word_1_622' title='bbox 3071 3848 3278 3902; x_wconf 77' lang='grc' dir='ltr'>ἄπιστα</span> <span class='ocrx_word' id='word_1_623' title='bbox 3324 3847 3474 3916; x_wconf 82' lang='grc' dir='ltr'>ἔθνη.</span> <span class='ocrx_word' id='word_1_624' title='bbox 3510 3849 3609 3901; x_wconf 80' lang='grc' dir='ltr'>Διά</span> <span class='ocrx_word' id='word_1_625' title='bbox 3641 3847 3800 3898; x_wconf 75' lang='grc' dir='ltr'>τοῦτο</span> 
     </span>
    </p>
   </div>
   <div class='ocr_carea' id='block_1_85' title="bbox 2217 3934 3799 4007">
    <p class='ocr_par' dir='ltr' id='par_1_85' title="bbox 2217 3934 3799 4007">
     <span class='ocr_line' id='line_1_85' title="bbox 2217 3934 3799 4007; baseline -0.001 -17"><span class='ocrx_word' id='word_1_626' title='bbox 2217 3939 2334 4007; x_wconf 68' lang='grc' dir='ltr'><strong>γὰρΔ</strong></span> <span class='ocrx_word' id='word_1_627' title='bbox 2387 3934 2563 4003; x_wconf 77' lang='grc' dir='ltr'>εἶπεν,</span> <span class='ocrx_word' id='word_1_628' title='bbox 2613 3939 2695 3991; x_wconf 83' lang='grc' dir='ltr'>ὅτι</span> <span class='ocrx_word' id='word_1_629' title='bbox 2737 3938 3240 4006; x_wconf 82' lang='grc' dir='ltr'>Προστεθήσεται.</span> <span class='ocrx_word' id='word_1_630' title='bbox 3299 3940 3460 3990; x_wconf 85' lang='grc' dir='ltr'>Ὥστε</span> <span class='ocrx_word' id='word_1_631' title='bbox 3507 3938 3606 4006; x_wconf 81' lang='grc' dir='ltr'><strong>οὐχ</strong></span> <span class='ocrx_word' id='word_1_632' title='bbox 3658 3939 3799 4004; x_wconf 70' lang='grc' dir='ltr'>ὑπὲρ</span> 
     </span>
    </p>
   </div>
   <div class='ocr_carea' id='block_1_86' title="bbox 2218 4027 3798 4102">
    <p class='ocr_par' dir='ltr' id='par_1_86' title="bbox 2218 4027 3798 4102">
     <span class='ocr_line' id='line_1_86' title="bbox 2218 4027 3798 4102; baseline -0.002 -19"><span class='ocrx_word' id='word_1_633' title='bbox 2218 4031 2407 4083; x_wconf 86' lang='grc' dir='ltr'>τούτου</span> <span class='ocrx_word' id='word_1_634' title='bbox 2431 4033 2535 4102; x_wconf 79' lang='grc' dir='ltr'><strong>χρὴ</strong></span> <span class='ocrx_word' id='word_1_635' title='bbox 2583 4032 2873 4101; x_wconf 78' lang='grc' dir='ltr'>μεριμνᾲν,</span> <span class='ocrx_word' id='word_1_636' title='bbox 2900 4030 2941 4082; x_wconf 76' lang='grc' dir='ltr'>’δ</span> <span class='ocrx_word' id='word_1_637' title='bbox 2975 4033 3068 4083; x_wconf 79' lang='grc' dir='ltr'>καὶ</span> <span class='ocrx_word' id='word_1_638' title='bbox 3125 4032 3198 4100; x_wconf 85' lang='grc' dir='ltr'>μὴ</span> <span class='ocrx_word' id='word_1_639' title='bbox 3238 4031 3618 4100; x_wconf 81' lang='grc' dir='ltr'>μεριμνῶντες</span> <span class='ocrx_word' id='word_1_640' title='bbox 3655 4027 3798 4096; x_wconf 87' lang='grc' dir='ltr'>λαμ-</span> 
     </span>
    </p>
   </div>
   <div class='ocr_carea' id='block_1_87' title="bbox 2219 4120 3797 4190">
    <p class='ocr_par' dir='ltr' id='par_1_87' title="bbox 2219 4120 3797 4190">
     <span class='ocr_line' id='line_1_87' title="bbox 2219 4120 3797 4190; baseline -0.003 -16"><span class='ocrx_word' id='word_1_641' title='bbox 2219 4123 2475 4190; x_wconf 86' lang='grc' dir='ltr'>6ἀνομεν,</span> <span class='ocrx_word' id='word_1_642' title='bbox 2521 4121 2636 4175; x_wconf 88' lang='grc' dir='ltr'>ἀλλ’</span> <span class='ocrx_word' id='word_1_643' title='bbox 2685 4121 2832 4190; x_wconf 63' lang='grc' dir='ltr'>ὑπὲρ,</span> <span class='ocrx_word' id='word_1_644' title='bbox 2863 4121 3095 4173; x_wconf 76' lang='grc' dir='ltr'>ἐκείνου.</span> <span class='ocrx_word' id='word_1_645' title='bbox 3157 4122 3266 4173; x_wconf 77' lang='grc' dir='ltr'><strong>Καὶ</strong></span> <span class='ocrx_word' id='word_1_646' title='bbox 3325 4120 3375 4171; x_wconf 87' lang='grc' dir='ltr'><strong>εἰ</strong></span> <span class='ocrx_word' id='word_1_647' title='bbox 3416 4120 3483 4171; x_wconf 67' lang='lat' dir='ltr'><strong>vi</strong></span> <span class='ocrx_word' id='word_1_648' title='bbox 3515 4121 3797 4185; x_wconf 69' lang='grc' dir='ltr'>ἀναγκαῖα.</span> 
     </span>
    </p>
   </div>
   <div class='ocr_carea' id='block_1_88' title="bbox 2219 4210 3796 4281">
    <p class='ocr_par' dir='ltr' id='par_1_88' title="bbox 2219 4210 3796 4281">
     <span class='ocr_line' id='line_1_88' title="bbox 2219 4210 3796 4281; baseline -0.001 -17"><span class='ocrx_word' id='word_1_649' title='bbox 2219 4213 2312 4265; x_wconf 80' lang='grc' dir='ltr'>τοῦ</span> <span class='ocrx_word' id='word_1_650' title='bbox 2369 4213 2622 4279; x_wconf 87' lang='grc' dir='ltr'>σώματος</span> <span class='ocrx_word' id='word_1_651' title='bbox 2670 4212 2925 4281; x_wconf 83' lang='grc' dir='ltr'>παρέχει,</span> <span class='ocrx_word' id='word_1_652' title='bbox 2968 4212 3062 4264; x_wconf 73' lang='grc' dir='ltr'>καὶ</span> <span class='ocrx_word' id='word_1_653' title='bbox 3129 4213 3204 4280; x_wconf 79' lang='grc' dir='ltr'>μὴ</span> <span class='ocrx_word' id='word_1_654' title='bbox 3259 4210 3554 4263; x_wconf 86' lang='grc' dir='ltr'>αἰτούντων</span> <span class='ocrx_word' id='word_1_655' title='bbox 3615 4213 3796 4278; x_wconf 78' lang='grc' dir='ltr'>ἡμῶν,</span> 
     </span>
    </p>
   </div>
   <div class='ocr_carea' id='block_1_89' title="bbox 2219 4302 3795 4374">
    <p class='ocr_par' dir='ltr' id='par_1_89' title="bbox 2219 4302 3795 4374">
     <span class='ocr_line' id='line_1_89' title="bbox 2219 4302 3795 4374; baseline -0.002 -19"><span class='ocrx_word' id='word_1_656' title='bbox 2219 4304 2360 4356; x_wconf 87' lang='grc' dir='ltr'>διατί</span> <span class='ocrx_word' id='word_1_657' title='bbox 2411 4303 2717 4374; x_wconf 81' lang='grc' dir='ltr'>προσέταξε</span> <span class='ocrx_word' id='word_1_658' title='bbox 2757 4304 2942 4374; x_wconf 77' lang='grc' dir='ltr'>ζητεῖν</span> <span class='ocrx_word' id='word_1_659' title='bbox 3003 4303 3094 4356; x_wconf 82' lang='grc' dir='ltr'>τὸν</span> <span class='ocrx_word' id='word_1_660' title='bbox 3149 4303 3312 4372; x_wconf 80' lang='grc' dir='ltr'>ἄρτον</span> <span class='ocrx_word' id='word_1_661' title='bbox 3361 4302 3454 4353; x_wconf 72' lang='grc' dir='ltr'><strong>τὸν</strong></span> <span class='ocrx_word' id='word_1_662' title='bbox 3479 4303 3795 4364; x_wconf 74' lang='grc' dir='ltr'>ὲπιούσιονς</span> 
     </span>
    </p>
   </div>
   <div class='ocr_carea' id='block_1_90' title="bbox 2223 4388 3798 4460">
    <p class='ocr_par' dir='ltr' id='par_1_90' title="bbox 2223 4388 3798 4460">
     <span class='ocr_line' id='line_1_90' title="bbox 2223 4388 3798 4460; baseline -0.003 -16"><span class='ocrx_word' id='word_1_663' title='bbox 2223 4390 2466 4455; x_wconf 80' lang='grc' dir='ltr'>Πάντως,</span> <span class='ocrx_word' id='word_1_664' title='bbox 2503 4390 2590 4442; x_wconf 86' lang='grc' dir='ltr'>ἵνα</span> <span class='ocrx_word' id='word_1_665' title='bbox 2623 4390 2712 4442; x_wconf 78' lang='grc' dir='ltr'><strong>διὰ</strong></span> <span class='ocrx_word' id='word_1_666' title='bbox 2766 4390 2869 4460; x_wconf 83' lang='grc' dir='ltr'>τῆς</span> <span class='ocrx_word' id='word_1_667' title='bbox 2899 4390 3158 4459; x_wconf 81' lang='grc' dir='ltr'>τοιαύτης</span> <span class='ocrx_word' id='word_1_668' title='bbox 3196 4389 3470 4457; x_wconf 83' lang='grc' dir='ltr'>αἰτήσεως</span> <span class='ocrx_word' id='word_1_669' title='bbox 3521 4388 3798 4456; x_wconf 65' lang='grc' dir='ltr'>ὁμολογῶν</span> 
     </span>
    </p>
   </div>
   <div class='ocr_carea' id='block_1_91' title="bbox 539 4475 2106 4559">
    <p class='ocr_par' dir='ltr' id='par_1_91' title="bbox 539 4475 2106 4548">
     <span class='ocr_line' id='line_1_91' title="bbox 539 4475 2106 4548; baseline 0 -18"><span class='ocrx_word' id='word_1_670' title='bbox 539 4475 903 4531; x_wconf 83' lang='lat' dir='ltr'><strong>tialem?Non</strong></span> <span class='ocrx_word' id='word_1_671' title='bbox 950 4479 1113 4532; x_wconf 88' lang='lat' dir='ltr'><strong>aliam</strong></span> <span class='ocrx_word' id='word_1_672' title='bbox 1145 4479 1215 4533; x_wconf 88' lang='lat' dir='ltr'><strong>ob</strong></span> <span class='ocrx_word' id='word_1_673' title='bbox 1255 4495 1494 4542; x_wconf 85' lang='lat' dir='ltr'><strong>causam,</strong></span> <span class='ocrx_word' id='word_1_674' title='bbox 1529 4495 1690 4548; x_wconf 90' lang='lat' dir='ltr'><strong>quam</strong></span> <span class='ocrx_word' id='word_1_675' title='bbox 1738 4487 1798 4532; x_wconf 89' lang='lat' dir='ltr'><strong>ut</strong></span> <span class='ocrx_word' id='word_1_676' title='bbox 1846 4478 1934 4533; x_wconf 91' lang='lat' dir='ltr'><strong>tali</strong></span> <span class='ocrx_word' id='word_1_677' title='bbox 1973 4477 2106 4547; x_wconf 89' lang='lat' dir='ltr'><strong>peti-</strong></span> 
     </span>
    </p>
   </div>
   <div class='ocr_carea' id='block_1_92' title="bbox 2212 4475 3793 4559">
    <p class='ocr_par' dir='ltr' id='par_1_92' title="bbox 2224 4480 3793 4553">
     <span class='ocr_line' id='line_1_92' title="bbox 2224 4480 3793 4553; baseline -0.003 -17"><span class='ocrx_word' id='word_1_678' title='bbox 2224 4500 2343 4553; x_wconf 87' lang='grc' dir='ltr'>μεν,</span> <span class='ocrx_word' id='word_1_679' title='bbox 2394 4485 2477 4536; x_wconf 83' lang='grc' dir='ltr'>ὅτι</span> <span class='ocrx_word' id='word_1_680' title='bbox 2530 4482 2694 4544; x_wconf 86' lang='grc' dir='ltr'>αὑτός</span> <span class='ocrx_word' id='word_1_681' title='bbox 2737 4483 2886 4534; x_wconf 67' lang='grc' dir='ltr'>ἐστιν</span> <span class='ocrx_word' id='word_1_682' title='bbox 2935 4484 2964 4533; x_wconf 83' lang='grc' dir='ltr'>ὀ</span> <span class='ocrx_word' id='word_1_683' title='bbox 3015 4480 3244 4550; x_wconf 49' lang='grc' dir='ltr'>τρέφων»</span> <span class='ocrx_word' id='word_1_684' title='bbox 3287 4480 3452 4548; x_wconf 79' lang='grc' dir='ltr'>ἡμᾶς,</span> <span class='ocrx_word' id='word_1_685' title='bbox 3487 4481 3581 4532; x_wconf 67' lang='grc' dir='ltr'><strong>καὶ⁵</strong></span> <span class='ocrx_word' id='word_1_686' title='bbox 3625 4481 3727 4548; x_wconf 79' lang='grc' dir='ltr'><strong>οὐχ</strong></span> <span class='ocrx_word' id='word_1_687' title='bbox 3761 4481 3793 4546; x_wconf 77' lang='grc' dir='ltr'>ἡ</span> 
     </span>
    </p>
   </div>
   <div class='ocr_carea' id='block_1_93' title="bbox 538 4567 2115 4640">
    <p class='ocr_par' dir='ltr' id='par_1_93' title="bbox 538 4567 2115 4640">
     <span class='ocr_line' id='line_1_93' title="bbox 538 4567 2115 4640; baseline 0.001 -21"><span class='ocrx_word' id='word_1_688' title='bbox 538 4567 689 4621; x_wconf 90' lang='lat' dir='ltr'><strong>tione</strong></span> <span class='ocrx_word' id='word_1_689' title='bbox 740 4567 1012 4622; x_wconf 80' lang='lat' dir='ltr'><strong>fateamur</strong></span> <span class='ocrx_word' id='word_1_690' title='bbox 1054 4570 1228 4638; x_wconf 91' lang='lat' dir='ltr'><strong>ipsum</strong></span> <span class='ocrx_word' id='word_1_691' title='bbox 1280 4586 1422 4636; x_wconf 91' lang='lat' dir='ltr'><strong>esse,</strong></span> <span class='ocrx_word' id='word_1_692' title='bbox 1465 4571 1556 4640; x_wconf 88' lang='lat' dir='ltr'><strong>qui</strong></span> <span class='ocrx_word' id='word_1_693' title='bbox 1615 4587 1716 4624; x_wconf 89' lang='lat' dir='ltr'><strong>nos</strong></span> <span class='ocrx_word' id='word_1_694' title='bbox 1742 4571 1850 4623; x_wconf 90' lang='lat' dir='ltr'><strong>alat</strong></span> <span class='ocrx_word' id='word_1_695' title='bbox 1888 4586 1902 4621; x_wconf 89' lang='lat'><strong>:</strong></span> <span class='ocrx_word' id='word_1_696' title='bbox 1948 4579 2115 4638; x_wconf 88' lang='lat' dir='ltr'><strong>utque</strong></span> 
     </span>
    </p>
   </div>
   <div class='ocr_carea' id='block_1_94' title="bbox 538 4658 2117 4733">
    <p class='ocr_par' dir='ltr' id='par_1_94' title="bbox 538 4658 2117 4733">
     <span class='ocr_line' id='line_1_94' title="bbox 538 4658 2117 4733; baseline 0 -18"><span class='ocrx_word' id='word_1_697' title='bbox 538 4658 643 4715; x_wconf 79' lang='lat' dir='ltr'><strong>hoc</strong></span> <span class='ocrx_word' id='word_1_698' title='bbox 677 4661 1019 4728; x_wconf 82' lang='lat' dir='ltr'><strong>conﬁtentes,</strong></span> <span class='ocrx_word' id='word_1_699' title='bbox 1059 4662 1149 4717; x_wconf 88' lang='lat' dir='ltr'><strong>tali</strong></span> <span class='ocrx_word' id='word_1_700' title='bbox 1202 4663 1372 4716; x_wconf 88' lang='lat' dir='ltr'><strong>animi</strong></span> <span class='ocrx_word' id='word_1_701' title='bbox 1429 4663 1758 4733; x_wconf 87' lang='lat' dir='ltr'><strong>gratitudine</strong></span> <span class='ocrx_word' id='word_1_702' title='bbox 1819 4661 2117 4715; x_wconf 74' lang='lat' dir='ltr'><strong>familiares</strong></span> 
     </span>
    </p>
   </div>
   <div class='ocr_carea' id='block_1_95' title="bbox 538 4749 863 4806">
    <p class='ocr_par' dir='ltr' id='par_1_95' title="bbox 538 4749 863 4806">
     <span class='ocr_line' id='line_1_95' title="bbox 538 4749 863 4806; baseline 0 -1"><span class='ocrx_word' id='word_1_703' title='bbox 538 4749 863 4806; x_wconf 79' lang='lat' dir='ltr'><strong>eﬂleiamur.</strong></span> 
     </span>
    </p>
   </div>
   <div class='ocr_carea' id='block_1_96' title="bbox 616 4840 2119 4913">
    <p class='ocr_par' dir='ltr' id='par_1_96' title="bbox 616 4840 2119 4913">
     <span class='ocr_line' id='line_1_96' title="bbox 616 4840 2119 4913; baseline 0.001 -20"><span class='ocrx_word' id='word_1_704' title='bbox 616 4840 772 4896; x_wconf 83' lang='lat' dir='ltr'><strong>Vers.</strong></span> <span class='ocrx_word' id='word_1_705' title='bbox 809 4842 900 4898; x_wconf 67' lang='grc'><strong>54.</strong></span> <span class='ocrx_word' id='word_1_706' title='bbox 934 4842 1014 4896; x_wconf 83' lang='lat' dir='ltr'><strong>Ne</strong></span> <span class='ocrx_word' id='word_1_707' title='bbox 1050 4873 1122 4884; x_wconf 93' lang='lat'><strong><em>—</em></strong></span> <span class='ocrx_word' id='word_1_708' title='bbox 1162 4847 1243 4897; x_wconf 75' lang='lat' dir='ltr'><strong>sui</strong></span> <span class='ocrx_word' id='word_1_709' title='bbox 1284 4846 1467 4913; x_wconf 74' lang='lat' dir='ltr'><strong>ipsius.</strong></span> <span class='ocrx_word' id='word_1_710' title='bbox 1505 4844 1640 4900; x_wconf 91' lang='lat' dir='ltr'><strong>Cum</strong></span> <span class='ocrx_word' id='word_1_711' title='bbox 1700 4843 1953 4913; x_wconf 89' lang='lat' dir='ltr'><strong>superius</strong></span> <span class='ocrx_word' id='word_1_712' title='bbox 1987 4844 2119 4897; x_wconf 81' lang='lat' dir='ltr'><strong>siin-</strong></span> 
     </span>
    </p>
   </div>
   <div class='ocr_carea' id='block_1_97' title="bbox 543 4933 2110 5002">
    <p class='ocr_par' dir='ltr' id='par_1_97' title="bbox 543 4933 2110 5002">
     <span class='ocr_line' id='line_1_97' title="bbox 543 4933 2110 5002; baseline -0.001 -17"><span class='ocrx_word' id='word_1_713' title='bbox 543 4933 758 5002; x_wconf 86' lang='lat' dir='ltr'><strong>pliciter</strong></span> <span class='ocrx_word' id='word_1_714' title='bbox 779 4934 1038 4988; x_wconf 90' lang='lat' dir='ltr'><strong>dixisset:</strong></span> <span class='ocrx_word' id='word_1_715' title='bbox 1060 4935 1139 4989; x_wconf 87' lang='lat' dir='ltr'><strong>Ne</strong></span> <span class='ocrx_word' id='word_1_716' title='bbox 1163 4937 1374 4990; x_wconf 74' lang='lat' dir='ltr'><strong>solliciti</strong></span> <span class='ocrx_word' id='word_1_717' title='bbox 1399 4937 1538 4999; x_wconf 75' lang='lat' dir='ltr'><strong>sitis,</strong></span> <span class='ocrx_word' id='word_1_718' title='bbox 1573 4936 1857 4990; x_wconf 86' lang='lat' dir='ltr'><strong>videbatur</strong></span> <span class='ocrx_word' id='word_1_719' title='bbox 1890 4935 2110 4988; x_wconf 83' lang='lat' dir='ltr'><strong>univer-</strong></span> 
     </span>
    </p>
   </div>
   <div class='ocr_carea' id='block_1_98' title="bbox 540 5023 2108 5096">
    <p class='ocr_par' dir='ltr' id='par_1_98' title="bbox 540 5023 2108 5096">
     <span class='ocr_line' id='line_1_98' title="bbox 540 5023 2108 5096; baseline -0.001 -18"><span class='ocrx_word' id='word_1_720' title='bbox 540 5023 727 5078; x_wconf 82' lang='lat' dir='ltr'><strong>saliter</strong></span> <span class='ocrx_word' id='word_1_721' title='bbox 769 5039 988 5079; x_wconf 89' lang='lat' dir='ltr'><strong>omnem</strong></span> <span class='ocrx_word' id='word_1_722' title='bbox 1021 5041 1212 5080; x_wconf 86' lang='lat' dir='ltr'><strong>eorum</strong></span> <span class='ocrx_word' id='word_1_723' title='bbox 1233 5043 1352 5095; x_wconf 65' lang='lat' dir='ltr'><strong>quae</strong></span> <span class='ocrx_word' id='word_1_724' title='bbox 1387 5027 1598 5096; x_wconf 91' lang='lat' dir='ltr'><strong>corpori</strong></span> <span class='ocrx_word' id='word_1_725' title='bbox 1629 5027 1936 5080; x_wconf 87' lang='lat' dir='ltr'><strong>necessaria</strong></span> <span class='ocrx_word' id='word_1_726' title='bbox 1960 5037 2108 5089; x_wconf 89' lang='lat' dir='ltr'><strong>sunt,</strong></span> 
     </span>
    </p>
   </div>
   <div class='ocr_carea' id='block_1_99' title="bbox 542 5117 2107 5186">
    <p class='ocr_par' dir='ltr' id='par_1_99' title="bbox 542 5117 2107 5186">
     <span class='ocr_line' id='line_1_99' title="bbox 542 5117 2107 5186; baseline 0 -16"><span class='ocrx_word' id='word_1_727' title='bbox 542 5125 855 5185; x_wconf 71' lang='lat' dir='ltr'><strong>amputasse</strong></span> <span class='ocrx_word' id='word_1_728' title='bbox 910 5132 1121 5172; x_wconf 89' lang='lat' dir='ltr'><strong>curam.</strong></span> <span class='ocrx_word' id='word_1_729' title='bbox 1161 5118 1346 5186; x_wconf 89' lang='lat' dir='ltr'><strong>Itaque</strong></span> <span class='ocrx_word' id='word_1_730' title='bbox 1400 5117 1746 5174; x_wconf 75' lang='lat' dir='ltr'><strong>manifestius</strong></span> <span class='ocrx_word' id='word_1_731' title='bbox 1781 5117 1870 5172; x_wconf 79' lang='lat' dir='ltr'><strong>hic</strong></span> <span class='ocrx_word' id='word_1_732' title='bbox 1920 5118 2107 5178; x_wconf 90' lang='lat' dir='ltr'><strong>docet,</strong></span> 
     </span>
    </p>
   </div>
   <div class='ocr_carea' id='block_1_100' title="bbox 647 5269 1199 5333">
    <p class='ocr_par' dir='ltr' id='par_1_100' title="bbox 647 5269 1199 5333">
     <span class='ocr_line' id='line_1_100' title="bbox 647 5269 1199 5333; baseline 0.002 -11"><span class='ocrx_word' id='word_1_733' title='bbox 647 5269 694 5303; x_wconf 79' lang='lat'><strong>&quot;</strong></span> <span class='ocrx_word' id='word_1_734' title='bbox 715 5269 910 5324; x_wconf 72' lang='lat' dir='ltr'><strong>Mattn.</strong></span> <span class='ocrx_word' id='word_1_735' title='bbox 939 5286 1012 5333; x_wconf 76' lang='lat' dir='ltr'><strong>v1,</strong></span> <span class='ocrx_word' id='word_1_736' title='bbox 1042 5277 1199 5324; x_wconf 74' lang='lat' dir='ltr'><strong>9-H.</strong></span> 
     </span>
    </p>
   </div>
   <div class='ocr_carea' id='block_1_101' title="bbox 2220 4570 3797 4645">
    <p class='ocr_par' dir='ltr' id='par_1_101' title="bbox 2220 4570 3797 4645">
     <span class='ocr_line' id='line_1_101' title="bbox 2220 4570 3797 4645; baseline -0.006 -15"><span class='ocrx_word' id='word_1_737' title='bbox 2220 4576 2423 4645; x_wconf 79' lang='grc' dir='ltr'>σπουδὴ</span> <span class='ocrx_word' id='word_1_738' title='bbox 2479 4574 2659 4644; x_wconf 79' lang='grc' dir='ltr'>ἡμῶν,</span> <span class='ocrx_word' id='word_1_739' title='bbox 2701 4573 2796 4625; x_wconf 76' lang='grc' dir='ltr'>καὶ</span> <span class='ocrx_word' id='word_1_740' title='bbox 2829 4571 2916 4624; x_wconf 77' lang='grc' dir='ltr'><strong>⁶ιῖνα</strong></span> <span class='ocrx_word' id='word_1_741' title='bbox 2959 4571 3121 4623; x_wconf 78' lang='grc' dir='ltr'>τοῦτο</span> <span class='ocrx_word' id='word_1_742' title='bbox 3150 4570 3324 4633; x_wconf 81' lang='grc' dir='ltr'>οὕτως</span> <span class='ocrx_word' id='word_1_743' title='bbox 3377 4571 3797 4639; x_wconf 80' lang='grc' dir='ltr'>ὁμολογοῦντες,</span> 
     </span>
    </p>
   </div>
   <div class='ocr_carea' id='block_1_102' title="bbox 2216 4659 3806 4736">
    <p class='ocr_par' dir='ltr' id='par_1_102' title="bbox 2216 4659 3806 4736">
     <span class='ocr_line' id='line_1_102' title="bbox 2216 4659 3806 4736; baseline -0.003 -17"><span class='ocrx_word' id='word_1_744' title='bbox 2216 4667 2536 4736; x_wconf 83' lang='grc' dir='ltr'>οἰκειότεροι</span> <span class='ocrx_word' id='word_1_745' title='bbox 2571 4661 2854 4732; x_wconf 81' lang='grc' dir='ltr'>γινώμεθα</span> <span class='ocrx_word' id='word_1_746' title='bbox 2898 4661 2985 4714; x_wconf 69' lang='grc' dir='ltr'>διὰ</span> <span class='ocrx_word' id='word_1_747' title='bbox 3014 4660 3125 4729; x_wconf 74' lang='grc'><strong>(55)</strong></span> <span class='ocrx_word' id='word_1_748' title='bbox 3188 4661 3287 4728; x_wconf 79' lang='grc' dir='ltr'>τὴν</span> <span class='ocrx_word' id='word_1_749' title='bbox 3345 4659 3806 4729; x_wconf 77' lang='grc' dir='ltr'>εὐγνωμοσύνην..</span> 
     </span>
    </p>
   </div>
   <div class='ocr_carea' id='block_1_103' title="bbox 2297 4828 3797 4911">
    <p class='ocr_par' dir='ltr' id='par_1_103' title="bbox 2297 4828 3797 4911">
     <span class='ocr_line' id='line_1_103' title="bbox 2297 4828 3797 4911; baseline -0.01 -14"><span class='ocrx_word' id='word_1_750' title='bbox 2297 4838 2757 4910; x_wconf 79' lang='grc' dir='ltr'><strong>Μὴ-ἐαυτῆς,</strong></span> <span class='ocrx_word' id='word_1_751' title='bbox 2798 4837 3009 4891; x_wconf 84' lang='grc' dir='ltr'>Ὀπίσω</span> <span class='ocrx_word' id='word_1_752' title='bbox 3067 4833 3238 4888; x_wconf 84' lang='grc' dir='ltr'>εἰπὼν</span> <span class='ocrx_word' id='word_1_753' title='bbox 3293 4831 3505 4911; x_wconf 82' lang='grc' dir='ltr'>ἁπλῶς,</span> <span class='ocrx_word' id='word_1_754' title='bbox 3568 4831 3654 4883; x_wconf 82' lang='grc' dir='ltr'>ὅτι</span> <span class='ocrx_word' id='word_1_755' title='bbox 3701 4828 3797 4896; x_wconf 74' lang='grc' dir='ltr'><strong>Μὴ</strong></span> 
     </span>
    </p>
   </div>
   <div class='ocr_carea' id='block_1_104' title="bbox 2212 4921 3798 5007">
    <p class='ocr_par' dir='ltr' id='par_1_104' title="bbox 2212 4921 3798 5007">
     <span class='ocr_line' id='line_1_104' title="bbox 2212 4921 3798 5007; baseline -0.014 -16"><span class='ocrx_word' id='word_1_756' title='bbox 2212 4934 2644 5007; x_wconf 77' lang='grc' dir='ltr'>μεριμνήσητε,</span> <span class='ocrx_word' id='word_1_757' title='bbox 2687 4929 2862 4984; x_wconf 75' lang='grc' dir='ltr'>ἐδόκει</span> <span class='ocrx_word' id='word_1_758' title='bbox 2898 4925 3179 4985; x_wconf 81' lang='grc' dir='ltr'>παντελῶς</span> <span class='ocrx_word' id='word_1_759' title='bbox 3214 4925 3510 4975; x_wconf 76' lang='grc' dir='ltr'>ἐκκόπτειν</span> <span class='ocrx_word' id='word_1_760' title='bbox 3541 4921 3642 4989; x_wconf 81' lang='grc' dir='ltr'><strong>τὴν</strong></span> <span class='ocrx_word' id='word_1_761' title='bbox 3697 4921 3798 4987; x_wconf 81' lang='grc' dir='ltr'><strong>μὲ-</strong></span> 
     </span>
    </p>
   </div>
   <div class='ocr_carea' id='block_1_105' title="bbox 2219 5007 3793 5091">
    <p class='ocr_par' dir='ltr' id='par_1_105' title="bbox 2219 5007 3793 5091">
     <span class='ocr_line' id='line_1_105' title="bbox 2219 5007 3793 5091; baseline -0.013 -15"><span class='ocrx_word' id='word_1_762' title='bbox 2219 5037 2418 5091; x_wconf 87' lang='grc' dir='ltr'>ριμναν</span> <span class='ocrx_word' id='word_1_763' title='bbox 2447 5020 2559 5073; x_wconf 82' lang='grc' dir='ltr'>τῶν</span> <span class='ocrx_word' id='word_1_764' title='bbox 2588 5017 2902 5085; x_wconf 82' lang='grc' dir='ltr'>ἀναγκαίων</span> <span class='ocrx_word' id='word_1_765' title='bbox 2956 5013 3051 5067; x_wconf 82' lang='grc' dir='ltr'>τοῦ</span> <span class='ocrx_word' id='word_1_766' title='bbox 3120 5012 3392 5080; x_wconf 79' lang='grc' dir='ltr'>σώματος·</span> <span class='ocrx_word' id='word_1_767' title='bbox 3443 5010 3638 5062; x_wconf 73' lang='grc' dir='ltr'>λοιπὸν</span> <span class='ocrx_word' id='word_1_768' title='bbox 3701 5007 3793 5060; x_wconf 75' lang='grc' dir='ltr'><strong>οὖν</strong></span> 
     </span>
    </p>
   </div>
   <div class='ocr_carea' id='block_1_106' title="bbox 2218 5099 3806 5182">
    <p class='ocr_par' dir='ltr' id='par_1_106' title="bbox 2218 5099 3806 5182">
     <span class='ocr_line' id='line_1_106' title="bbox 2218 5099 3806 5182; baseline -0.01 -18"><span class='ocrx_word' id='word_1_769' title='bbox 2218 5111 2455 5166; x_wconf 75' lang='grc' dir='ltr'>ἐνταῦθα</span> <span class='ocrx_word' id='word_1_770' title='bbox 2473 5111 2712 5165; x_wconf 76' lang='grc' dir='ltr'>διδάσκει</span> <span class='ocrx_word' id='word_1_771' title='bbox 2744 5105 3141 5182; x_wconf 77' lang='grc' dir='ltr'>φανερώτερον,</span> <span class='ocrx_word' id='word_1_772' title='bbox 3173 5104 3257 5157; x_wconf 83' lang='grc' dir='ltr'>ὅτι</span> <span class='ocrx_word' id='word_1_773' title='bbox 3280 5101 3380 5176; x_wconf 71' lang='grc' dir='ltr'><strong>τὴν</strong></span> <span class='ocrx_word' id='word_1_774' title='bbox 3436 5101 3538 5170; x_wconf 66' lang='grc' dir='ltr'>μὲν</span> <span class='ocrx_word' id='word_1_775' title='bbox 3586 5100 3677 5151; x_wconf 72' lang='grc' dir='ltr'><strong>ἐπὶ</strong></span> <span class='ocrx_word' id='word_1_776' title='bbox 3727 5099 3806 5172; x_wconf 50' lang='grc' dir='ltr'>τῇ</span> 
     </span>
    </p>
   </div>
   <div class='ocr_carea' id='block_1_107' title="bbox 1725 5334 2598 5396">
    <p class='ocr_par' dir='ltr' id='par_1_107' title="bbox 1725 5334 2598 5396">
     <span class='ocr_line' id='line_1_107' title="bbox 1725 5334 2598 5396; baseline -0.005 -1"><span class='ocrx_word' id='word_1_777' title='bbox 1725 5336 1923 5396; x_wconf 69' lang='grc' dir='ltr'>νοτία)</span> <span class='ocrx_word' id='word_1_778' title='bbox 1958 5334 2267 5395; x_wconf 83' lang='lat' dir='ltr'><strong>lectiones</strong></span> <span class='ocrx_word' id='word_1_779' title='bbox 2306 5339 2366 5394; x_wconf 86' lang='lat' dir='ltr'><strong>et</strong></span> <span class='ocrx_word' id='word_1_780' title='bbox 2406 5339 2598 5394; x_wconf 65' lang='lat' dir='ltr'><strong>notae.</strong></span> 
     </span>
    </p>
   </div>
   <div class='ocr_carea' id='block_1_108' title="bbox 613 5497 2109 5568">
    <p class='ocr_par' dir='ltr' id='par_1_108' title="bbox 613 5497 2109 5568">
     <span class='ocr_line' id='line_1_108' title="bbox 613 5497 2109 5568; baseline -0.003 -14"><span class='ocrx_word' id='word_1_781' title='bbox 613 5501 727 5568; x_wconf 73' lang='grc'><strong>(54)</strong></span> <span class='ocrx_word' id='word_1_782' title='bbox 759 5499 968 5568; x_wconf 78' lang='lat' dir='ltr'><strong>Inclusa</strong></span> <span class='ocrx_word' id='word_1_783' title='bbox 999 5501 1196 5554; x_wconf 89' lang='lat' dir='ltr'><strong>omittit</strong></span> <span class='ocrx_word' id='word_1_784' title='bbox 1236 5503 1294 5556; x_wconf 88' lang='grc' dir='ltr'>Β.</span> <span class='ocrx_word' id='word_1_785' title='bbox 1334 5500 1532 5555; x_wconf 83' lang='lat' dir='ltr'><strong>Eadem</strong></span> <span class='ocrx_word' id='word_1_786' title='bbox 1569 5498 1620 5550; x_wconf 91' lang='lat' dir='ltr'><strong>in</strong></span> <span class='ocrx_word' id='word_1_787' title='bbox 1677 5497 2109 5568; x_wconf 70' lang='lat' dir='ltr'><strong>margineinve~</strong></span> 
     </span>
    </p>
   </div>
   <div class='ocr_carea' id='block_1_109' title="bbox 545 5566 2106 5641">
    <p class='ocr_par' dir='ltr' id='par_1_109' title="bbox 545 5566 2106 5641">
     <span class='ocr_line' id='line_1_109' title="bbox 545 5566 2106 5641; baseline -0.001 -18"><span class='ocrx_word' id='word_1_788' title='bbox 545 5566 700 5624; x_wconf 80' lang='lat' dir='ltr'><strong>uerat</strong></span> <span class='ocrx_word' id='word_1_789' title='bbox 727 5567 1044 5624; x_wconf 89' lang='lat' dir='ltr'><strong>llentenius.</strong></span> <span class='ocrx_word' id='word_1_790' title='bbox 1083 5569 1220 5641; x_wconf 86' lang='lat' dir='ltr'><strong>Ergo</strong></span> <span class='ocrx_word' id='word_1_791' title='bbox 1253 5572 1306 5624; x_wconf 93' lang='lat' dir='ltr'><strong>in</strong></span> <span class='ocrx_word' id='word_1_792' title='bbox 1340 5573 1442 5623; x_wconf 88' lang='lat' dir='ltr'><strong>line</strong></span> <span class='ocrx_word' id='word_1_793' title='bbox 1478 5569 1638 5638; x_wconf 85' lang='lat' dir='ltr'><strong>hujus</strong></span> <span class='ocrx_word' id='word_1_794' title='bbox 1668 5566 1860 5619; x_wconf 84' lang='lat' dir='ltr'><strong>scholii</strong></span> <span class='ocrx_word' id='word_1_795' title='bbox 1888 5567 2106 5622; x_wconf 84' lang='lat' dir='ltr'><strong>addide-</strong></span> 
     </span>
    </p>
   </div>
   <div class='ocr_carea' id='block_1_110' title="bbox 2213 5493 3439 5563">
    <p class='ocr_par' dir='ltr' id='par_1_110' title="bbox 2213 5493 3439 5563">
     <span class='ocr_line' id='line_1_110' title="bbox 2213 5493 3439 5563; baseline -0.003 -13"><span class='ocrx_word' id='word_1_796' title='bbox 2213 5505 2315 5550; x_wconf 90' lang='lat' dir='ltr'><strong>rat.</strong></span> <span class='ocrx_word' id='word_1_797' title='bbox 2353 5495 2751 5550; x_wconf 81' lang='lat' dir='ltr'><strong>Revocavimus</strong></span> <span class='ocrx_word' id='word_1_798' title='bbox 2785 5509 2914 5563; x_wconf 78' lang='lat' dir='ltr'><strong>ergo</strong></span> <span class='ocrx_word' id='word_1_799' title='bbox 2948 5495 3013 5548; x_wconf 91' lang='lat' dir='ltr'><strong>ad</strong></span> <span class='ocrx_word' id='word_1_800' title='bbox 3051 5508 3214 5548; x_wconf 88' lang='lat' dir='ltr'><strong>suum</strong></span> <span class='ocrx_word' id='word_1_801' title='bbox 3243 5493 3439 5548; x_wconf 76' lang='lat' dir='ltr'><strong>locum.</strong></span> 
     </span>
    </p>
   </div>
   <div class='ocr_carea' id='block_1_111' title="bbox 2289 5563 3110 5632">
    <p class='ocr_par' dir='ltr' id='par_1_111' title="bbox 2289 5563 3110 5632">
     <span class='ocr_line' id='line_1_111' title="bbox 2289 5563 3110 5632; baseline 0.006 -20"><span class='ocrx_word' id='word_1_802' title='bbox 2289 5565 2400 5628; x_wconf 67' lang='lat'><strong>(35)</strong></span> <span class='ocrx_word' id='word_1_803' title='bbox 2441 5566 2538 5632; x_wconf 83' lang='grc' dir='ltr'>τῆς</span> <span class='ocrx_word' id='word_1_804' title='bbox 2574 5563 3013 5632; x_wconf 79' lang='grc' dir='ltr'>εὐγνωμοσύνης.</span> <span class='ocrx_word' id='word_1_805' title='bbox 3046 5565 3110 5617; x_wconf 81' lang='grc' dir='ltr'>Α.</span> 
     </span>
    </p>
   </div>
   <div class='ocr_carea' id='block_1_112' title="bbox 621 5726 2106 5799">
    <p class='ocr_par' dir='ltr' id='par_1_112' title="bbox 621 5726 2106 5799">
     <span class='ocr_line' id='line_1_112' title="bbox 621 5726 2106 5799; baseline 0.001 -20"><span class='ocrx_word' id='word_1_806' title='bbox 621 5730 732 5799; x_wconf 79' lang='grc' dir='ltr'><strong>(πη)</strong></span> <span class='ocrx_word' id='word_1_807' title='bbox 775 5726 839 5780; x_wconf 74' lang='lat' dir='ltr'><strong>Et</strong></span> <span class='ocrx_word' id='word_1_808' title='bbox 870 5729 939 5781; x_wconf 86' lang='lat' dir='ltr'><strong>ad</strong></span> <span class='ocrx_word' id='word_1_809' title='bbox 972 5731 1065 5783; x_wconf 83' lang='lat' dir='ltr'><strong>hoc</strong></span> <span class='ocrx_word' id='word_1_810' title='bbox 1092 5759 1158 5770; x_wconf 90' lang='lat'><strong><em>—</em></strong></span> <span class='ocrx_word' id='word_1_811' title='bbox 1188 5732 1369 5784; x_wconf 69' lang='lat' dir='ltr'><strong>vivere.</strong></span> <span class='ocrx_word' id='word_1_812' title='bbox 1409 5729 1700 5797; x_wconf 79' lang='lat' dir='ltr'><strong>Propterea</strong></span> <span class='ocrx_word' id='word_1_813' title='bbox 1735 5728 1836 5781; x_wconf 85' lang='lat' dir='ltr'><strong>huc</strong></span> <span class='ocrx_word' id='word_1_814' title='bbox 1874 5731 2106 5781; x_wconf 71' lang='lat' dir='ltr'><strong>maxime</strong></span> 
     </span>
    </p>
   </div>
   <div class='ocr_carea' id='block_1_113' title="bbox 2212 5726 2651 5799">
    <p class='ocr_par' dir='ltr' id='par_1_113' title="bbox 2217 5734 2651 5791">
     <span class='ocr_line' id='line_1_113' title="bbox 2217 5734 2651 5791; baseline -0.012 -14"><span class='ocrx_word' id='word_1_815' title='bbox 2217 5734 2354 5780; x_wconf 66' lang='grc' dir='ltr'><strong>(νηί-ι</strong></span> <span class='ocrx_word' id='word_1_816' title='bbox 2387 5739 2651 5791; x_wconf 69' lang='grc' dir='ltr'>ιιυιυτρτε.</span> 
     </span>
    </p>
   </div>
  </div>
