4042 6420
528 386 633 449 263

1742 374 2122 436 EUTllYMlI
2176 368 2542 433 ZIGABENI

3684 366 3789 429 2ῧὶ

527 496 600 550 mi
623 494 946 565 aegritudine
980 490 1256 562 quidpiam
1287 489 1353 544 ad
1386 488 1525 541 bene
1567 484 1904 555 Operandum
1937 482 2093 552 petit.

2223 480 2365 533 ιιτῶν
2405 483 2462 534 ὲν
2510 482 2574 550 τῇ
2634 482 2913 550 πρακτικῇ
2966 478 3276 551 φιλοσοφίᾳ,
3322 479 3590 551 λαμϐάνει
3624 480 3791 548 χάριν

528 586 757 657 gratiam
784 584 982 653 accipit
1017 582 1236 636 virtutis
1258 581 1325 634 ad
1374 578 1752 649 operationem
1794 582 2100 644 pracepto-

530 692 669 730 rum.
699 675 761 730 Et
786 677 877 743 qui
906 676 1108 743 absque
1138 672 1304 726 animi
1336 670 1771 739 perturbatione.
1794 664 2101 736 quaeritali-

526 767 656 835 quid
682 765 734 818 in
761 775 967 818 natura:
1003 762 1399 832 speculatione,
1428 760 1637 813 invenit
1670 773 1848 811 rerum
1896 754 2099 809 verita-

534 865 669 909 tem.
723 855 993 907 Praeterea
1026 854 1117 921 qui
1160 852 1344 904 animo
1370 866 1479 904 non
1518 856 1811 910 commoto.
1861 846 2103 899 scientiae

527 946 747 1016 ianuam
782 945 961 1013 pulsat
984 944 1037 995 in
1065 942 1368 1013 theologica
1396 941 1702 1009 disciplina,
1728 939 2006 1009 aperietur
2038 936 2101 999 ei

528 1036 764 1105 cognitio
786 1035 1186 1089 reconditorum
1233 1032 1633 1100 mysteriorum.
1676 1028 1778 1093 Qui
1821 1043 1949 1081 vero
1982 1026 2104 1079 ani-

530 1136 639 1183 m0,
676 1121 853 1188 aliqua
879 1119 1166 1173 affectione
1203 1118 1517 1187 perturbato
1548 1116 1704 1184 petit,
1761 1114 1956 1182 qua-rit
2010 1116 2106 1165 aut

529 1210 727 1279 pulsat,
759 1224 867 1261 non
891 1218 1281 1277 consequetur.
1345 1205 1538 1259 Petitis
1598 1204 1763 1268 enim,
1799 1200 1993 1271 inquit,
2055 1209 2105 1255 et

529 1315 633 1351 non
665 1301 921 1367 accipitis.
954 1315 1012 1352 eo
1047 1299 1184 1368 quod
1214 1296 1353 1350 Male
1378 1298 1571 1365 petatis
1597 1296 1667 1349 ³⁸.

610 1388 729 1443 llaec
786 1389 837 1441 in
871 1386 1336 1441 continuationem
1380 1385 1754 1453 promissionis
1771 1384 1979 1438 addidit
2006 1401 2019 1436 :
2050 1391 2107 1436 ut

532 1482 579 1534 si
614 1496 725 1533 non
763 1481 945 1533 statim
982 1479 1284 1547 acceperis,
1326 1493 1394 1531 ne
1417 1478 1673 1538 desistas.
1711 1477 1804 1530 sed
1850 1490 2107 1543 perseve-

532 1585 619 1623 res
655 1585 717 1623 ac
748 1570 1064 1623 incalescas.
1118 1567 1242 1622 Ideo
1273 1568 1417 1621 enim
1452 1583 1561 1620 non
1607 1568 1790 1623 statim
1830 1567 1921 1619 dat
1961 1566 2105 1635 quod

530 1659 689 1726 petis,
717 1670 771 1709 ut
796 1674 1009 1726 quaeras
1045 1674 1059 1722 ;
1101 1667 1157 1710 et
1186 1657 1388 1711 idcirco
1426 1672 1533 1709 non
1571 1658 1753 1709 statim
1820 1656 1994 1725 aperit
2018 1656 2107 1724 ja-

530 1762 693 1799 nuain
752 1757 809 1799 ut
844 1749 1046 1816 pulses.
1078 1748 1234 1814 Apud
1285 1748 1535 1800 homines
1590 1746 1757 1811 enim,
1821 1748 1865 1799 si
1908 1761 2105 1816 urgens

531 1837 882 1904 petitionibus
914 1837 1154 1898 insistas,
1189 1851 1283 1889 eos
1317 1836 1382 1889 ad
1414 1836 1547 1888 iram
1598 1850 1861 1903 provocas
1899 1855 1911 1889 :
1961 1838 2105 1905 apud

531 1926 694 1979 Deum
732 1941 878 1989 vero,
941 1928 1124 1994 potius
1174 1942 1298 1980 eum
1364 1928 1576 1992 irritas.
1608 1925 1715 1978 nisi
1757 1926 1861 1979 hoc
1919 1926 2109 1979 facias.

529 2016 661 2069 Nam
714 2017 952 2084 exquirit
988 2028 1097 2070 ate
1136 2016 1517 2071 assiduitatem
1569 2027 1625 2071 et
1664 2017 2106 2083 vehementiam;

534 2116 694 2175 teque
723 2107 838 2160 vult
869 2115 1283 2174 perseveranter
1315 2108 1479 2161 simul
1506 2122 1570 2161 ac
1612 2108 1889 2161 ferventer
1905 2119 2109 2178 petere.

532 2198 635 2263 Qui
669 2199 815 2251 enim
848 2202 1002 2267 petit,
1032 2214 1132 2252 nec
1164 2199 1388 2267 accipit.
1449 2208 1544 2252 aut
1573 2200 1795 2269 indigne
1832 2202 1988 2268 petit,
2019 2210 2114 2254 aut

532 2304 643 2342 non
677 2299 1010 2357 perseverat.
1031 2299 1123 2343 aut
1142 2289 1323 2358 tepide
1346 2290 1500 2359 petit.
1520 2289 1656 2343 Nam
1680 2290 1781 2344 tria
1813 2291 1924 2345 haac
1947 2307 2112 2361 opor-

536 2392 609 2435 tet
641 2387 998 2435 concurrere.

604 2559 757 2612 Vers.
780 2558 925 2611 9.Au
958 2559 1235 2627 quisquam
1266 2557 1404 2611 —-V.
1435 2558 1517 2613 l0.
1548 2559 1689 2613 Illi?
1715 2560 1873 2615 Ροηὶι
1896 2577 2112 2617 rursum

534 2644 1026 2698 considerationem
1056 2646 1185 2698 facti
1208 2646 1435 2699 humani
1472 2665 1485 2701 :
1518 2658 1573 2702 et
1595 2650 1663 2702 ab
1681 2652 1934 2719 exemplo
1961 2652 2116 2706 audi-

538 2744 710 2787 torem
746 2734 969 2797 inducit,
1019 2745 1075 2787 ut
1113 2735 1198 2788 his
1268 2751 1389 2805 quae
1439 2737 1582 2791 dicta
1646 2747 1773 2792 sunt
1833 2725 2114 2796 assentiat.

534 2824 767 2891 Oportet
797 2833 978 2877 autem
1017 2834 1071 2878 et
1111 2835 1388 2894 petentem
1422 2828 1592 2882 filium
1628 2846 1769 2897 esse,
1818 2841 1875 2886 et
1930 2842 2118 2902 petere

536 2930 655 2982 quin
682 2926 886 2984 patrem
905 2916 1124 2984 quidem
1147 2917 1298 2980 dare,
1335 2917 1504 2973 illium
1534 2931 1717 2975 autem
1748 2924 1999 2992 accipere
2025 2925 2121 2979 de-

538 3015 678 3055 ceat.

2204 568 2483 638 δυνάμεως
2545 570 2624 631 είς
2678 570 2876 635 πρᾶξιν
2928 568 3037 620 τῶν
3098 570 3362 621 ἐντολῶν·
3401 570 3494 622 καὶ
3538 571 3568 620 ό
3608 569 3791 637 ζητῶν

2204 661 2431 724 ἀπαθῶς
2469 662 2526 712 ὲν
2554 663 2619 729 τῇ
2662 662 2871 730 φυσικῇ
2927 659 3156 731 θεωρίᾳ,
3193 662 3416 731 εὑρήσει
3447 662 3547 729 τὴν
3587 662 3645 711 ὲν
3677 662 3793 721 τοῖς

2202 750 2353 805 οὖσιν
2392 753 2647 820 ἀλήθειαν
2667 768 2680 781 ·
2714 754 2811 805 καὶ
2839 751 2917 821 τῷ
2948 752 3203 821 κρούοντι
3230 752 3459 814 ἀπαθῶς
3484 753 3586 822 τὴν
3617 751 3791 822 θύραν

2204 842 2304 909 τῆς
2343 841 2598 909 γνώσεως
2632 844 2690 895 ἐν
2730 844 2795 911 τῇ
2834 840 3121 911 θεολογικῇ
3175 842 3554 911 μυσταγωγίᾳ,
3579 840 3795 907 ἀνοιγή·

2208 948 2359 984 σεται
2399 934 2432 1000 ἡ
2468 931 2669 997 γνῶσις
2715 932 2824 983 τῶν
2881 933 3220 1002 ἀποκρύφων
3268 933 3610 1002 μυστηρίων.
3644 931 3702 983 Ὀ
3735 930 3795 982 δὲ

2210 1020 2349 1089 μετά
2381 1037 2526 1083 τινος
2566 1021 2770 1079 πάθους
2819 1020 3071 1089 αἰτῶν,ῆ
3107 1022 3310 1090 ζητῶν,
3350 1021 3382 1091 ἢ
3430 1021 3666 1090 κρούων,
3692 1021 3796 1071 οὐκ

2203 1113 2567 1177 ἐπιτεύξεται.
2598 1114 2825 1168 Αἰτεῖτε
2850 1113 2990 1181 γὰρ,
3016 1115 3172 1183 φησὶ,
3207 1114 3302 1166 καί
3329 1115 3401 1167 οὐ
3430 1112 3794 1181 λαμϐάνετε,

2206 1204 2356 1258 διότι
2383 1205 2575 1266 κακῶς
2608 1202 2917 1275 αἰτεῖσθε]

2277 1379 2463 1430 Ταῦτα
2479 1378 2533 1430 δὲ
2549 1379 2891 1448 προσέθηκεν
2906 1381 2981 1443 εἰς
2999 1378 3291 1447 βεϐαίωσιν
3308 1379 3401 1449 τῆξ
3424 1380 3797 1449 ὑποσχέσεως,

2207 1469 2313 1532 ἵνα,
2334 1470 2382 1521 εί
2399 1469 2473 1540 μὴ
2504 1468 2814 1538 παραυτίκα
2830 1470 3020 1540 λάϐῃς,
3045 1470 3118 1537 μὴ
3144 1469 3411 1537 ἀποστῇς,
3444 1469 3557 1521 ἀλλ’
3580 1469 3801 1535 ἐπιμείο

2208 1574 2303 1627 νῃς
2346 1560 2439 1610 καὶ
2474 1558 2808 1628 θερμανθῇς.
2851 1559 2951 1609 Διά
2993 1558 3152 1609 τοῦτο
3190 1558 3295 1625 γὰρ
3341 1557 3621 1619 αἰτοῦντος
3654 1556 3797 1626 (45),

2206 1649 2306 1699 οὐκ
2378 1648 2539 1709 εὐθὺς
2603 1648 2838 1712 δίδωσιν,
2888 1650 2974 1701 ἵνα
3020 1635 3298 1718 ξητήσης·
3354 1651 3451 1701 καὶ
3501 1650 3589 1701 διὰ
3629 1648 3797 1701 τοῦτο

2209 1738 2307 1791 οὐκ
2361 1738 2564 1797 εὐθέως
2602 1739 2808 1805 ἀνοίγει
2844 1740 2943 1808 τὴν
2982 1739 3174 1809 θύραν,
3222 1740 3309 1791 ἵνα
3360 1740 3620 1812 κρούσῃς.
3667 1741 3800 1792 Ἐπὶ

2217 1829 2314 1898 μὲν
2352 1832 2458 1897 γὰρ
2489 1828 2813 1898 ἀνθρώπων,
2851 1832 2947 1881 ἐὰν
2982 1830 3269 1899 ἐπιμείνας
3315 1830 3637 1899 ὲγκείμενος
3674 1833 3801 1892 ταῖς

2213 1921 2487 1988 αἱτήσεσι,
2542 1920 2901 1990 παροργίζεις
2960 1921 3193 1984 αὐτούς·
3237 1923 3333 1975 ἐπὶ
3380 1923 3437 1973 δὲ
3486 1921 3578 1975 τοῦ
3634 1922 3800 1986 Θεοῦ,

2218 2012 2295 2078 μᾶ
2320 2011 2417 2063 λον
2459 2012 2923 2082 παραπικροίνεις
2954 2013 3141 2075 αὑτὸν,
3165 2013 3261 2065 ἐὰν
3294 2014 3371 2081 μὴ
3401 2012 3558 2064 τοίτο
3610 2015 3739 2079 ποιῇ
3754 2030 3798 2072 ς.

2215 2104 2510 2173 Δοκιμάζει
2543 2107 2651 2175 γάρ
2672 2123 2764 2158 σου
2786 2106 2882 2175 τὴν
2910 2106 3160 2158 εὐτονίαν
3192 2108 3287 2159 καὶ
3310 2106 3409 2175 τὴν
3437 2106 3803 2175 σφοδρότητα,

2218 2201 2311 2250 καὶ
2351 2198 2609 2267 βούλεταί
2651 2217 2708 2250 σε
2742 2202 2913 2251 αἰτεῖν
2942 2200 3216 2267 ὲπιμόνως
3255 2200 3371 2269 ἅμα
3414 2202 3507 2252 καὶ
3556 2200 3804 2269 θερμῶς,

2219 2290 2310 2342 καὶ
2347 2290 2561 2352 πάντως
2584 2290 2817 2343 δίδωσιν.
2856 2291 2914 2344 '0
2943 2291 3051 2361 γὰρ
3086 2293 3319 2360 αἰτήσας
3366 2294 3459 2344 καὶ
3494 2292 3568 2360 μὴ
3593 2290 3803 2352 λαϐὼν,

2217 2381 2250 2449 ἢ
2269 2381 2502 2445 ἀναξίως
2518 2380 2792 2451 ᾔτησεν,ἢ
2815 2384 2915 2435 ούκ
2946 2384 3310 2452 ὲπέμεινεν,ἢ
3339 2382 3575 2452 χλὶαρῶς
3606 2381 3804 2451 ᾔτησα.

2218 2472 2310 2523 Δεῖ
2331 2470 2439 2541 γὰρ
2469 2471 2797 2542 συνδραμεῖν
2826 2472 2893 2525 τὰ
2928 2473 3074 2543 τρία.

2293 2564 2367 2616 Ἦ
2389 2562 2480 2627 τίς
2508 2563 2757 2628 -αὺτῷ
2776 2580 2794 2627 ;
2816 2563 3012 2634 Τίθησι
3042 2566 3200 2617 πάλιν
3234 2567 3495 2634 λογισμὸν
3527 2567 3809 2635 ἀνθρωπί-

2221 2673 2312 2709 νου
2354 2660 2703 2727 πράγματος,
2734 2660 2832 2711 καὶ
2856 2661 2963 2713 ἀπο
2993 2660 3441 2729 παραδείγματος
3484 2661 3669 2725 ἐνάγει
3710 2660 3809 2711 τὸν

2219 2748 2496 2817 ἀκροατὴν
2529 2750 2608 2811 είς
2647 2749 2708 2801 τὸ
2760 2750 3009 2821 θαρῤιῖν,
3048 2752 3177 2819 περὶ
3220 2743 3296 2802 ὧν
3340 2750 3551 2820 εἴρηκε.
3592 2749 3712 2818 Χρὴ
3746 2750 3808 2801 δὲ

2221 2835 2313 2888 τὸν
2356 2834 2641 2899 αἰτοῦντα,
2685 2837 2782 2889 καὶ
2828 2838 2943 2889 υἱὸν
2998 2832 3282 2900 εἷναι,καὶ
3327 2840 3500 2889 αἰτεῖν
3548 2837 3693 2906 amp
3726 2835 3808 2903 τῷ

2223 2928 2393 2995 πατρὶ
2410 2927 2509 2996 μὲν
2533 2929 2733 2997 πρέπει
2756 2927 2961 2992 δοῦναι,
2992 2928 3069 2997 τῷ
3103 2927 3205 2995 υἱῷ
3224 2928 3278 2981 δὲ
3307 2928 3577 2997 συμφέρει
3595 2926 3807 2978 ὶαὸεἶν.

608 3092 764 3146 Vers.
799 3093 953 3149 H.Si
971 3123 1041 3134 —
1060 3096 1124 3149 ab
1147 3112 1205 3149 eo
1229 3098 1251 3152 2
1271 3096 1600 3167 Malosipsos
1617 3099 1772 3166 dixit,
1792 3116 1901 3156 non
1922 3102 2114 3159 huma-

2296 3100 2366 3151 Εί
2386 3127 2454 3137 --
2472 3100 2694 3163 αὐτόν;
2717 3101 2995 3170 Πονηροὺς
3014 3100 3211 3162 αὐτοὺς
3233 3093 3407 3165 εἶπεν,
3421 3101 3481 3152 ού
3504 3100 3811 3154 διαϐάλλων

537 3197 661 3235 nam
685 3184 1073 3239 calumniando
1104 3197 1380 3254 naturam,
1407 3190 1503 3243 sed
1530 3191 1595 3244 ad
1623 3189 1990 3247 differentiam
2022 3196 2121 3250 bo-

538 3274 728 3328 nitatis
760 3275 979 3341 divinae;
1012 3278 1251 3332 humana
1282 3295 1515 3349 namque
1534 3280 1751 3336 bonitas
1769 3283 1837 3337 ad
1856 3284 2117 3351 divinam,

539 3366 745 3419 malitia
780 3382 902 3420 esse
926 3368 1162 3431 videtur;
1197 3379 1456 3440 tantaque
1484 3382 1569 3425 est
1600 3373 1793 3426 harum
1820 3373 2117 3441 distinctio,

538 3468 800 3525 quantum
848 3462 1012 3516 homo
1040 3462 1271 3516 diﬂerta
1302 3466 1433 3517 Deo.
1455 3464 1756 3519 Considera
1800 3482 1952 3531 vero,
1981 3484 2121 3537 quo-

539 3547 698 3600 modo
733 3565 878 3605 nunc
908 3554 1128 3621 quidem
1163 3556 1485 3609 exhortatur
1518 3558 1585 3610 ad
1618 3557 1862 3612 studiose
1889 3574 2122 3626 operan-

539 3640 693 3701 dum,
728 3657 875 3695 nunc
906 3652 1087 3696 autem
1119 3658 1275 3697 orare
1306 3646 1584 3711 admonet;
1619 3664 1831 3702 rursum
1857 3665 2002 3703 nunc
2054 3652 2123 3705 ab

542 3729 645 3784 hoc
667 3732 728 3784 ad
756 3732 885 3786 illud
916 3735 1173 3797 transire.
1194 3751 1341 3789 nunc
1368 3752 1496 3800 vero
1514 3738 1583 3792 ab
1610 3739 1701 3792 illo
1719 3740 1785 3793 ad
1810 3740 1976 3795 istud.
2006 3742 2123 3799 Hoc

539 3831 718 3874 autem
754 3823 879 3877 facit
907 3826 1133 3903 docens,
1161 3830 1303 3895 quod
1352 3843 1530 3897 neque
1552 3832 1618 3883 de
1650 3832 1766 3885 solo
1789 3832 1933 3886 bono
1957 3848 2122 3903 opere

540 3927 759 3967 securos
783 3929 903 3967 esse
935 3900 1203 3984 Oporteat,
1243 3933 1423 3987 neque
1444 3935 1663 3975 rursum
1693 3923 1759 3976 de
1782 3925 1895 3977 sola
1913 3927 2121 3979 oratio-

542 4016 629 4059 ne.
664 4006 757 4056 sed
788 4014 838 4057 et
872 4022 993 4074 qua
1040 4018 1225 4062 n0stra
1285 4020 1415 4064 sunt
1457 4015 1828 4077 conferamus,
1884 4024 1940 4068 et
1967 4016 2121 4069 cuili-

540 4100 627 4144 tus
704 4096 964 4147 auxilium
1042 4099 1416 4166 imploremus.
1474 4101 1600 4155 Haec
1702 4105 1847 4157 enim
1933 4120 2124 4161 mutuo

539 4184 739 4234 auxilio
784 4185 1105 4253 pugnantia,
1174 4201 1499 4257 prosperum
1575 4190 1852 4246 habebunt
1908 4209 2125 4251 succes-

540 4284 684 4322 sum.

614 4362 766 4415 Vers.
795 4364 880 4417 η.
906 4364 1097 4420 Omnia
1127 4398 1198 4408 —
1228 4371 1373 4437 ipsis.
1428 4373 1625 4429 Omnia
1681 4392 1801 4445 qua:
1852 4380 2004 4448 prius
2054 4381 2121 4435 de

2222 3188 2323 3258 τὴν
2355 3189 2702 3259 ἀνθρωπίνην
2727 3189 2911 3257 φύσιν,
2946 3189 3079 3241 ἀλλά
3112 3190 3247 3259 πρὸς
3274 3190 3683 3259 ἀντιδιαστολὴν
3707 3193 3812 3260 τῆς

2220 3276 2560 3346 ἀγαθότητος
2591 3277 2685 3329 τοῦ
2711 3277 2870 3331 Θεοῦ.
2898 3278 2961 3330 'H
2990 3278 3096 3347 γὰρ
3138 3276 3457 3346 ἀνθρωπίνη
3504 3279 3809 3346 ἀγαθότης,

2222 3367 2360 3437 πρὸς
2378 3368 2475 3435 τὴν
2510 3366 2681 3427 θείαν,
2709 3368 2876 3420 κακία
2900 3368 3066 3429 δοκεῖ,
3092 3370 3183 3418 καὶ
3214 3367 3469 3419 τοσοῦτον
3509 3369 3713 3436 ἀμφοῖν
3746 3369 3816 3421 τὸ

2221 3457 2500 3527 διάφορον,
2543 3458 2666 3510 ὅσον
2698 3457 2991 3527 ἀνθρώπου
3049 3459 3185 3527 πρὸς
3226 3458 3380 3511 Θεόν.
3410 3460 3554 3530 Ὅρα
3592 3460 3650 3513 δὲ
3691 3460 3812 3523 πῶς

2224 3554 2354 3607 ποτὶ
2387 3554 2484 3624 μὲν
2523 3554 2894 3623 προτρέπεται
2925 3554 3258 3625 ἐργάζεσθαι
3284 3556 3384 3626 τὴν
3414 3557 3637 3625 ἀρετὴν,
3674 3558 3810 3609 ποτὶ

2224 3642 2281 3695 δὲ
2320 3645 2580 3710 παραινεῖ
2615 3642 2891 3712 εὔχεσθαι.
2915 3645 3023 3696 Καὶ
3062 3643 3159 3695 νῦν
3187 3645 3287 3712 μὲν
3316 3646 3412 3697 ἀπ’
3437 3644 3649 3697 ἐκείνου
3673 3646 3813 3715 προς

2224 3730 2382 3786 τοῦτο
2422 3731 2775 3801 μεταϐαίνει⁶
2808 3730 2903 3783 νῦν
2950 3733 3006 3784 δὲ
3061 3732 3168 3783 ἀπὸ
3202 3733 3393 3784 τούτου
3446 3733 3582 3804 πρὸς
3630 3736 3814 3785 ἐκεῖνο

2228 3824 2557 3893 μεταχωρεῖ.
2594 3822 2765 3875 Τοῦτο
2790 3822 2845 3873 δὲ
2898 3824 3065 3886 ποιεῖ,
3104 3821 3395 3886 διδάσκων,
3444 3824 3525 3875 ὅτι
3571 3822 3697 3875 οὔτε
3742 3827 3812 3893 τῇ

2225 3914 2403 3983 οἰκείᾳ
2438 3913 2639 3983 σπουδῄ
2675 3915 2942 3983 προσήκει
2977 3914 3113 3983 μόνῃ
3151 3912 3398 3984 θαρρεῖν,
3424 3912 3547 3966 οὔτε
3577 3916 3715 3985 μόνῃ
3742 3918 3811 3985 τῇ

2225 4008 2357 4076 εὐχῇ
2384 4006 2569 4068 πάλιν,
2609 4006 2747 4058 αλλά
2774 4008 2867 4058 καὶ
2893 4006 2958 4058 τὰ
2983 4006 3113 4075 παρ’
3152 4006 3364 4059 ἑαυτῶν
3407 4006 3809 4075 συνεισφέρειν,

2227 4100 2319 4150 καὶ
2347 4101 2446 4167 τὴν
2492 4099 2697 4151 ἄνωθεν
2728 4096 3108 4149 ἐπικαλεῖσθαι
3142 4096 3421 4168 βοήθειαν.
3442 4099 3521 4152 Δι’
3560 4098 3816 4169 ἀλλήλων

2226 4190 2334 4260 γὰρ
2360 4191 2535 4243 calta
2566 4190 3010 4260 συμμαχούμενα
3032 4188 3449 4259 κατορθοῦνται.

2298 4367 2497 4419 [Mrta
2528 4397 2595 4405 ——
2628 4367 2850 4431 αὺτοῖς.
2918 4367 3053 4419 Ὅσα
3087 4366 3215 4437 περὶ
3250 4367 3468 4435 ἀγάπης
3523 4365 3818 4435 προλαϐὼν

541 4449 837 4506 dilectione
868 4463 1156 4521 statuerat,
1195 4460 1347 4516 brevi
1401 4479 1550 4519 nunc
1591 4467 1759 4521 verbo
1797 4472 2114 4527 summatim

2223 4459 2609 4529 ἐνομοθέτησε,
2639 4461 2813 4511 πάντα
2867 4458 2961 4510 νῦν
3011 4460 3068 4510 ἐν
3100 4457 3179 4527 τῷ
3230 4457 3425 4529 βραχεῖ
3464 4458 3637 4525 τούτῳ
3671 4459 3820 4528 λόγῳ

548 4540 785 4611 collegit,
804 4559 868 4597 ac
892 4548 1169 4602 succincte
1191 4552 1399 4617 docuit,
1432 4570 1645 4623 ponens
1680 4574 1793 4612 rem
1826 4560 2039 4616 facilem
2064 4579 2129 4629 ac

546 4630 936 4700 iustissimam:
974 4638 1188 4703 Omnia,
1209 4643 1403 4719 inquit,
1425 4653 1757 4718 {quacunque
1782 4652 2052 4709 volueritis
2072 4665 2127 4709 ut

540 4726 742 4793 faciant
768 4730 910 4782 vobis
935 4731 1257 4799 homines,et
1292 4753 1380 4790 vos
1428 4739 1589 4808 facile
1620 4742 1768 4809 ipsis.
1816 4744 1890 4799 ita
1944 4757 2127 4803 autem

543 4817 659 4871 hinc
702 4821 834 4889 ipsis
866 4821 1047 4887 facite,
1084 4826 1226 4880 sicut
1267 4830 1426 4883 vultis
1452 4840 1511 4885 ut
1547 4831 1649 4901 ipsi
1709 4835 1862 4889 vobis
1898 4836 2123 4893 faciant.

540 4907 609 4964 Et
640 4912 743 4965 hoc
768 4914 908 4968 idem
934 4926 1037 4971 est.
1066 4921 1209 4985 quod
1251 4935 1436 4976 amare
1465 4923 1771 4990 proximum
1799 4926 1942 4982 sicut
1966 4944 2025 4984 se
2046 4932 2130 5001 ip-

540 5017 681 5057 sum.
722 5005 847 5061 Ideo
877 5009 1039 5063 etiam
1069 5011 1329 5065 subdidit.

614 5179 766 5239 νει-ς.
808 5189 893 5242 12.
922 5192 1006 5246 Ita
1046 5225 1112 5234 —-
1142 5198 1429 5265 propheta.
1466 5196 1543 5252 Ita
1577 5198 1662 5252 lex
1704 5212 1865 5257 vetus
1908 5214 1964 5259 et
1998 5222 2117 5276 pro.

650 5345 694 5377 ³⁸
727 5345 841 5401 Jac.
872 5364 946 5414 iv.
969 5351 1019 5403 3.

2230 4546 2763 4615 ἀνεκεφα).αιὼσατο,
2827 4548 2918 4600 καί⁵
2971 4549 3253 4613 συντόμως
3316 4548 3523 4611 ἐδίδαξε
3579 4550 3820 4617 πρᾶγμα.

2230 4638 2414 4709 ῥᾴδιόν
2444 4655 2502 4689 τε
2532 4638 2627 4692 καὶ
2653 4638 3012 4700 δικαιότατον,
3047 4638 3239 4701 εἰπὼν,
3272 4640 3354 4690 ὅτι
3411 4639 3635 4701 Πάντα,
3696 4639 3821 4693 ὅσα

2230 4729 2308 4783 ἀν·
2340 4731 2579 4796 θέλητε,
2610 4731 2710 4782 ἵνα
2752 4729 3009 4783 ποιῶσιν
3063 4730 3207 4800 ὑμῖν
3238 4734 3291 4783 οἱ
3350 4731 3673 4800 ἄνθρωποι,
3718 4734 3823 4785 καὶ

2228 4822 2398 4890 ὑμεῖς
2456 4822 2696 4886 ποιεῖτε,
2730 4822 2955 4887 αὐτοῖς.
2988 4820 3145 4874 Οὕτω
3174 4822 3230 4875 δὲ
3259 4824 3445 4887 αὐτοῖς
3475 4824 3648 4878 ταῦτα
3691 4842 3822 4878 ποι-ι

2231 4916 2361 4979 εἶτε,
2407 4914 2482 4977 ὼς
2536 4914 2719 4966 θέλετε
2778 4916 3023 4976 ἐκείνους
3067 4915 3178 4983 (Η)
3221 4916 3393 4967 ταῦτα
3450 4919 3623 4969 ποιεῖν
3658 4918 3819 4982 ὑμῖν,

2230 5007 2365 5076 ὅπερ
2395 5007 2593 5059 ταύτόν
2624 5008 2762 5072 ἐστι,
2801 5006 2877 5075 τῷ
2910 5008 3132 5078 ἀγαπᾷν
3166 5008 3258 5060 τὸν
3293 5010 3545 5078 πλησίον,
3582 5009 3657 5073 ὡς
3680 5010 3820 5065 tau-

2230 5100 2343 5153 τόν.
2378 5098 2469 5151 Διὸ
2496 5098 2588 5151 καὶ
2617 5099 2921 5167 ἐπήγαγενο

2313 5189 2905 5260 Οὕτως-προφῆται.
2972 5190 3128 5245 Οὕτω
3166 5193 3279 5263 (45)
3313 5190 3672 5262 διαλαμόανει
3720 5196 3821 5245 καὶ

1732 5429 1927 5491 Varia;
1982 5432 2285 5496 lectiones
2320 5444 2380 5498 et
2415 5451 2598 5500 noue.

614 5578 727 5646 (43)
784 5576 959 5632 lntell.
1002 5597 1115 5634 σου.

612 5648 725 5717 (Η)
762 5650 1069 5711 γάκείνους.
1106 5657 1168 5706 Λ.

612 5717 723 5783 (45)
770 5718 871 5771 ιντο
914 5719 1105 5781 οὓτως,
1149 5722 1270 5775 dedi
1318 5722 1479 5779 οὕτω.
1536 5725 1588 5779 In
1634 5729 1908 5799 plerisque
1961 5734 2119 5789 codd.

2218 5598 2389 5672 etiam
2439 5609 2567 5653 ante
2623 5615 2920 5654 consonam
2968 5602 3240 5672 reperitur
3289 5602 3483 5667 οὕτως.
3535 5602 3820 5672 Euthymli

2220 5682 2350 5737 ergo
2381 5669 2762 5743 interpretatio
2793 5666 3043 5743 vindicat
3069 5673 3386 5736 lectionem,
3415 5666 3576 5743 quam
3610 5666 3822 5731 habent

2222 5751 2413 5790 omnes
2446 5739 2597 5806 probi
2626 5741 2865 5795 codices.
2902 5742 3031 5812 Ejus
3066 5752 3244 5796 autem
3279 5739 3571 5800 auctoritas
3602 5760 3669 5800 eo
3703 5762 3825 5801 nia-
