4042 6386
580 392 685 461 331

580 603 765 656 vicum
822 591 1163 669 signiﬁcavit.
1217 588 1458 643 Sodoma
1502 596 1686 639 autem
1740 593 1793 637 et
1852 578 2155 635 Gomorrba

583 695 833 751 civitates
861 690 989 744 olim
1044 699 1255 755 magna:
1317 698 1381 737 ac
1443 680 1722 752 populosae
1765 684 1973 731 erant:
2036 686 2157 742 qua

581 793 807 857 propter
827 781 1050 835 nimiam
1100 774 1383 832 libidinem
1434 767 1862 826 inhabitantium
1920 762 2159 818 maxima

581 853 893 929 calamitate
931 868 1167 923 redacta:
1192 873 1324 919 sunt
1357 862 1413 916 in
1442 861 1716 931 pulveres,
1765 857 1893 927 igne
1939 853 2159 909 cmlitus

582 964 990 1035 conﬁagrante;
1049 967 1106 1015 et
1149 959 1347 1014 horum
1401 951 1734 1023 supplicium
1799 963 1831 1001 a
1886 945 1999 1035 Deo
2053 943 2160 997 illis

581 1033 909 1114 immissum,
962 1048 1157 1118 quovis
1233 1044 1340 1099 alio
1404 1037 1811 1096 formidabilius
1873 1033 2160 1088 videbatur

581 1160 646 1200 ac
695 1144 742 1200 si
770 1153 916 1199 terra
982 1141 1075 1194 illa
1106 1138 1175 1193 ad
1208 1139 1313 1191 hoc
1368 1146 1541 1203 usque
1571 1141 1788 1199 tempus
1826 1124 2157 1182 inﬂammata

579 1237 851 1297 videatur,
890 1244 1155 1297 suamque
1185 1225 1450 1297 praedicet
1485 1221 1876 1277 calamitatem.

650 1327 752 1383 llic
784 1340 916 1381 vero
941 1324 1077 1377 dicit
1141 1316 1399 1375 Christus
1464 1314 1683 1385 gravius
1706 1326 1803 1367 eos
1829 1305 2157 1381 puniendos,

579 1418 669 1487 qui
699 1431 807 1470 non
838 1410 1177 1483 exceperint,
1209 1425 1313 1464 nec
1359 1406 1635 1461 audierint
1679 1401 1845 1456 verba
1888 1397 2161 1469 apostolo-

578 1524 723 1561 rum.
752 1505 991 1561 Sodoma
1022 1503 1170 1558 enim
1203 1510 1259 1556 et
1315 1497 1623 1554 Gomorrba
1677 1507 1855 1563 neque
1898 1489 2159 1544 miracula

578 1600 848 1663 viderant,
891 1597 1035 1651 sicut
1087 1594 1173 1649 isti
1223 1595 1557 1645 innumera:
1608 1598 1785 1653 neque
1838 1581 1906 1635 ad
1957 1590 2161 1635 terram

580 1694 795 1747 illorum
824 1687 1134 1757 discipulia
1164 1684 1452 1737 Salvatore
1499 1680 1653 1732 missi
1715 1678 1954 1730 fuerant.
2022 1670 2162 1726 Cum

1838 374 2223 438 EUTHYMII
2265 370 2592 433 ZIGABEN
2598 370 2624 430 Ι

652 510 811 564 Vers.
862 506 951 561 l5.
1013 503 1179 555 Amen
1235 525 1305 536 ——
1355 489 1455 548 illi.
1510 493 1611 547 Per
1666 489 1940 547 civitatem
1992 486 2155 540 etiam
2187 498 2231 552 Α

2342 482 2529 552 Ἀμὴν
2552 512 2619 521 -
2640 481 2867 548 ἐκείνῃ.
2890 482 2988 535 Διά
3014 479 3113 551 τῆς
3142 478 3369 543 πόλεως.
3394 479 3490 535 καὶ
3518 479 3622 549 τὴν
3650 482 3846 554 κώμην

2262 576 2519 645 ἐδήλωσε.
2538 575 2618 626 Τὰ
2644 574 2698 626 δὲ
2717 574 2925 643 Σόδομα
2948 575 3043 627 καὶ
3072 574 3138 627 τὰ
3160 574 3433 645 Γόμορρα,
3459 573 3632 627 πάλαι
3663 576 3849 637 πόλεις

2261 662 2418 720 οὖσαι
2443 664 2677 734 μεγάλαι
2705 665 2799 717 καὶ
2830 664 3416 735 πολυανθρωπόταται.
3442 666 3531 719 διὰ
3557 666 3661 737 τὴν
3683 667 3844 719 ἀσέλο

2261 776 2413 827 γειαν
2454 757 2633 809 αὐτῶν
2668 756 3020 827 πανωλεθρίᾳ
3060 758 3594 828 κατετεφρώθησαν,
3623 759 3853 826 οὐρανό-

2264 850 2357 901 θεν
2390 846 2499 919 (l9)
2532 847 2912 917 κατενεχθέντι
2942 847 3101 918 πυρί.
3127 848 3240 901 Καὶ
3276 847 3486 901 τούτων
3516 850 3548 918 ὴ
3582 849 3854 918 θεήλατος

2263 940 2403 1011 αὕτη
2440 940 2664 1003 κόλασις
2697 938 3054 1010 φοσερωτίρα
3092 940 3273 1011 πάσης
3322 940 3497 994 ἐδόκει
3539 944 3733 1006 πᾶσιν,
3755 944 3853 997 ᾰτε

2262 1034 2355 1085 καὶ
2384 1034 2483 1101 τῆς
2514 1031 2617 1101 γῆς
2644 1031 2863 1099 ἐκείνης
2890 1031 3020 1101 ἄχρι
3054 1032 3151 1085 καὶ
3209 1032 3306 1085 νῦν
3367 1034 3855 1107 ιμπεπρησμένης

2262 1124 2618 1192 φαινομένης,
2648 1124 2744 1177 καὶ
2768 1122 3149 1196 κηρυττούσης
3170 1123 3271 1195 τὴν
3297 1124 3507 1178 οίκείαν
3534 1127 3853 1197 συμφοράν.

2345 1213 2509 1267 Ἀλλά
2559 1212 2654 1267 νῦν
2686 1217 2714 1267 ό
2752 1214 2989 1285 Χριστὸς
3041 1215 3349 1287 βαρύτερον
3404 1218 3858 1289 κολασθήσεσθαι

2261 1304 2412 1374 λέγει
2434 1305 2561 1369 τοὺς
2580 1305 2655 1377 μὴ
2675 1306 3016 1376 δεχομένους,
3039 1307 3166 1378 μηδ’
3181 1307 3483 1373 ἀκούοντας
3508 1312 3635 1373 τοὺς
3659 1312 3858 1377 λόγους

2261 1404 2371 1456 τῶν
2405 1404 2746 1468 ἀποστόλων,
2771 1404 2907 1457 διότι
2941 1404 3011 1480 τᾲ
3042 1405 3249 1473 Σόδομα
3300 1405 3398 1459 καὶ
3447 1406 3517 1459 τὰ
3568 1406 3856 1477 Γόμορρα,

2263 1494 2385 1547 οὕτε
2413 1496 2666 1565 θαύματα
2708 1492 2869 1561 εἶδον,
2892 1496 2967 1558 ὡς
2994 1489 3142 1549 οὗτοι
3173 1499 3365 1568 μυρία,
3389 1498 3513 1551 οὔτε
3559 1503 3700 1570 πρὸς
3760 1501 3860 1570 τὴν

2265 1590 2369 1657 γῆν
2392 1590 2571 1644 αὐτῶν
2600 1590 2839 1661 μαθηταὶ
2870 1593 3020 1660 παρὰ
3046 1590 3141 1644 τοῦ
3170 1593 3422 1663 Σωτῆρος
3444 1594 3861 1663 ἀπεστάλησαν.

2265 1680 2450 1733 Είπὼν
2474 1682 2551 1744 δὲ,
2582 1682 2665 1734 ὅτι
2697 1682 3107 1748 Ἀνεκτότερον
3132 1682 3305 1737 ἔσται
3336 1685 3412 1752 τῇ
3447 1684 3733 1754 Σοδόμων
3757 1687 3859 1739 καί

579 1795 761 1846 autem
786 1782 923 1835 dixit
949 1797 963 1833 :
990 1775 1343 1833 Tolerabilius
1388 1773 1487 1825 erit
1522 1779 1677 1824 terra
1730 1765 2083 1822 Sodomorum
2113 1769 2162 1816 et

2273 1773 2591 1841 Γομόρρων
2605 1773 2676 1825 ἐν
2706 1774 2899 1841 ᾑμέρᾳ
2940 1774 3217 1841 κρίσεως,
3245 1776 3537 1846 ἐδήλωσεν,
3564 1780 3647 1831 ὅτι
3680 1780 3780 1832 καὶ
3805 1781 3865 1832 ιν

580 1870 993 1928 Gomorrhorum
1023 1869 1081 1921 in
1102 1868 1185 1921 die
1197 1864 1415 1933 judicia“,
1445 1858 1773 1931 signiﬁcavit
1795 1856 1959 1911 etiam
1988 1856 2045 1909 in
2067 1852 2157 1907 l’u-

582 1971 707 2016 turo
732 1958 933 2015 saeculo
955 1956 1268 2011 Sodomitas
1294 1962 1349 2007 et
1370 1948 1748 2007 Gomorrbitas
1774 1961 1897 2001 esse
1928 1945 2164 2015 punien—

581 2054 682 2108 dos
702 2070 715 2107 :
736 2060 791 2106 et
812 2050 940 2104 hinc
956 2046 1304 2102 manifestum
1320 2054 1404 2097 est
1422 2042 1667 2111 quaedam
1688 2046 1907 2109 peccata
1929 2047 1983 2093 et
2003 2036 2091 2091 hic
2109 2042 2164 2089 et

582 2144 656 2197 ibi
688 2156 810 2196 esse
844 2136 1120 2210 punienda

654 2231 971 2285 Timeamus
990 2241 1121 2297 ergo
1147 2234 1197 2280 et
1227 2238 1329 2278 nos
1361 2220 1673 2293 huiusmodi
1704 2218 1903 2281 minas,
1926 2216 2163 2271 scientes

578 2322 728 2395 quod
751 2320 932 2375 omnis
952 2317 1045 2387 qui
1077 2329 1186 2370 non
1221 2321 1427 2378 servat,
1450 2326 1627 2380 neque
1662 2310 1791 2363 facit
1815 2322 1936 2377 qua:
1962 2307 2163 2361 docue-

583 2422 714 2471 runt
742 2409 996 2483 apostoli,
1024 2405 1377 2461 manifestum
1414 2412 1499 2459 est
1545 2402 1690 2473 quod
1724 2415 1905 2470 neque
1935 2398 2165 2468 suscipit

579 2522 700 2573 eos,
738 2517 919 2573 neque
952 2500 1168 2555 illorum
1200 2496 1355 2551 audit
1403 2508 1709 2550 sermones.
1766 2490 1948 2557 Quare
1980 2498 2163 2544 autem

581 2612 694 2653 uno
757 2610 868 2650 non
925 2588 1284 2661 suscipiente,
1335 2587 1591 2641 universa
1634 2583 1827 2638 civitas
1890 2579 2165 2651 punienda

580 2687 707 2743 est?
732 2684 867 2751 Quia
901 2680 1331 2748 caeteriquoque
1354 2674 1603 2729 videntes
1630 2687 1738 2727 non
1763 2670 2167 2741 prohibuerunt

582 2781 757 2834 illum.
781 2775 885 2841 Qui
909 2782 1091 2827 autem
1108 2784 1217 2825 non
1235 2766 1607 2837 suscipiebant
1622 2762 1919 2833 apostolos,
1949 2760 2167 2832 publice

582 2887 680 2928 eos
710 2867 1076 2939 expellebant.

657 2984 814 3041 Vers.
852 2980 941 3036 16.
976 2978 1110 3035 Ecce
1142 3008 1213 3021 -—
1255 2977 1525 3045 luporum.
1553 2971 1848 3040 Postquam
1890 2969 2000 3023 illis
2065 2984 2165 3021 au-

584 3077 800 3133 daciam
829 3072 1021 3143 injecit
1047 3054 1146 3141 per
1170 3084 1236 3124 ea
1264 3082 1386 3137 quae
1412 3064 1854 3127 denuntiaverat,
1906 3070 1961 3116 et
1998 3061 2167 3115 duros

582 3184 649 3223 ac
678 3164 1062 3221 adamantinos
1091 3160 1365 3215 reddidit:
1392 3156 1635 3227 praedicit
1679 3156 1843 3209 etiam
1875 3168 2025 3207 nunc
2047 3168 2167 3223 quas

584 3261 694 3314 illis
715 3267 945 3313 ventura
967 3261 1118 3318 sunt,
1137 3265 1249 3306 non
1274 3250 1450 3305 solum
1475 3263 1597 3317 quae
1623 3247 1787 3317 paulo
1814 3253 1958 3315 post,
1976 3260 2167 3300 verum

584 3352 750 3406 etiam
776 3364 895 3418 qua:
929 3350 1091 3415 longo
1148 3350 1275 3413 post
1318 3351 1587 3411 tempore.
1642 3337 1889 3392 Primum
1947 3337 2168 3406 quidem

584 3450 647 3496 ut
714 3440 822 3493 vim
855 3434 1223 3509 prarscientia:
1301 3431 1477 3500 ipsius
1541 3436 1919 3500 cognoscant;
1959 3426 2169 3481 deinde

585 3546 817 3590 verone
846 3528 1138 3599 patientes,
1171 3524 1521 3592 suspicentur
1577 3535 1700 3575 sese
1747 3523 1860 3575 haec
1918 3518 2050 3589 pati,
2102 3518 2171 3574 ob

583 3623 710 3695 ejus
738 3621 832 3689 qui
866 3619 987 3673 illos
1012 3617 1159 3672 misit
1200 3613 1630 3669 imbecillitatem
1657 3629 1675 3679 ;
1708 3610 1867 3665 tertio
1895 3618 1956 3665 ut
1984 3609 2171 3665 audito

586 3715 851 3786 primum,
882 3709 1031 3780 quod
1060 3707 1197 3762 mala
1242 3705 1455 3775 passuri
1493 3702 1624 3768 sint,
1681 3702 1893 3757 facilius
1932 3711 2172 3770 postmo-

582 3808 715 3861 dum
737 3803 938 3858 ferant.
983 3799 1140 3863 Ecce,
1181 3797 1380 3866 inquit,
1447 3811 1539 3866 ego
1579 3795 1729 3849 mitto
1764 3811 1873 3859 vos,
1914 3801 2171 3863 tanquam

587 3914 704 3952 om
739 3897 794 3949 in
851 3894 1023 3948 medio
1071 3890 1340 3959 luporum.
1397 3887 1509 3957 Ego
1556 3886 1647 3956 qui
1687 3886 1869 3941 omnia
1924 3901 2170 3956 possum,

587 3989 748 4043 mitto
776 4000 896 4051 vos,
937 3994 999 4037 ut
1023 3976 1390 4036 mordeamini
1456 3990 1521 4030 ac
1573 3974 1943 4041 dilaniemini;
1992 3989 2172 4044 neque

588 4074 949 4139 ulciscamini,
971 4080 1065 4128 aut
1087 4084 1281 4128 manus
1297 4075 1666 4138 repugnantes
1682 4065 2173 4135 objiciatis.Quam-

587 4168 816 4226 obrem?
869 4166 1011 4232 Quia
1035 4164 1207 4234 magis
1236 4164 1309 4217 ita
1363 4157 1597 4215 vincetis
1620 4199 1635 4224 ,
1662 4167 1719 4213 et
1769 4158 1926 4227 lupos
1957 4158 2011 4211 in
2041 4171 2171 4212 oves

548 4258 551 4259 ⁷
590 4254 1045 4313 transmutabitis.
1078 4250 1367 4319 Quomodo
1390 4248 1561 4304 Y‘Mea
1590 4249 1811 4315 virtute,
1842 4262 1962 4317 quae
1991 4247 2172 4302 omnia

591 4347 781 4411 vincit,
810 4353 1099 4411 vestraque
1128 4337 1569 4403 mansuetudine,
1594 4352 1715 4406 qua:
1768 4346 1826 4391 ut
1877 4337 2171 4407 plurimum

2264 1863 2343 1933 τῷ
2389 1864 2635 1931 μέλλοντι
2670 1863 2830 1916 αίῶνι
2867 1866 2918 1916 οἱ
2952 1865 3239 1935 Σοδομῖται
3270 1869 3368 1919 καὶ
3411 1867 3746 1939 Γομορῤἰται
3782 1886 3867 1921 τι·

2269 1955 2719 2045 μωρηθήσονται.
2757 1955 3074 2010 Κάντεῦθεν
3115 1958 3371 2029 φανερὸν,
3400 1960 3476 2026 ὣς
3502 1977 3651 2026 τινες
3682 1963 3857 2034 ἁμαρ-

2263 2048 2379 2099 τίαι
2410 2048 2503 2100 καὶ
2532 2047 2787 2113 ἐνταῦθα,
2814 2049 2911 2102 καὶ
2943 2051 3064 2101 ἐκεῖ
3096 2050 3442 2114 κολάζονται.

2337 2228 2672 2298 Φοδηθῶμεν
2704 2225 2799 2283 οὖν
2828 2230 2925 2283 καὶ
2955 2232 3119 2300 ἡμεῖς
3165 2231 3267 2299 τὴν
3310 2235 3575 2306 τοιαύτην
3604 2238 3867 2311 ἀπειλὴν,

2267 2320 2492 2383 ειδότες,
2517 2322 2600 2374 ὅτι
2654 2322 2773 2383 πᾶς.
2809 2322 2837 2374 ό
2869 2322 2945 2392 μὴ
2977 2322 3281 2390 φυλάττων,
3309 2325 3449 2394 μηδὲ
3498 2329 3670 2383 ποιῶν
3717 2332 3871 2403 ᾇπερ

2269 2410 2515 2476 ἐδίδαξαν
2568 2413 2618 2465 oi
2662 2412 2977 2476 ἀπόστολοι,
3033 2414 3324 2485 πρόδηλον,
3352 2416 3429 2480 ὡς
3481 2420 3607 2474 οὐδὲ
3642 2423 3867 2493 δέχεται

2267 2502 2513 2589 τούτους,
2546 2502 2671 2555 οὔτε
2718 2504 2907 2557 ἀκούει
2940 2506 3066 2569 τοὺς
3098 2505 3291 2576 λόγους
3346 2510 3549 2565 αὐτῶν.
3594 2515 3756 2568 Διατί
3784 2518 3868 2583 δὲ,

2268 2595 2388 2657 ἑνὸς
2449 2594 2524 2665 μὴ
2579 2595 2901 2663 δεξαμένου,
2946 2598 3097 2650 πᾶσα
3131 2598 3165 2667 ἡ
3217 2599 3372 2664 πόλις
3420 2602 3865 2676 κολασθήσεταις

2270 2689 2416 2740 Διότι
2445 2689 2541 2741 καὶ
2575 2689 2624 2739 οἱ
2654 2688 2835 2740 λοιποὶ
2872 2688 3187 2757 βλέποντες,
3224 2692 3324 2744 οὐκ
3360 2693 3645 2749 ἐκώλυσαν
3675 2701 3867 2756 αὐτόν.

2270 2780 2334 2833 Οἱ
2364 2780 2471 2850 γὰρ
2506 2782 2582 2850 μὴ
2618 2780 3051 2851 παραδεχόμενοι
3082 2784 3210 2845 τοὺς
3236 2784 3599 2856 ἀποστόλους,
3623 2791 3871 2866 δημοσίᾳ

2268 2871 2495 2934 τούτους
2529 2873 2864 2943 ἀπήλαυνον.

2356 2962 2511 3017 Ἰδοὺ
2546 2994 2608 3003 ——
2632 2968 2857 3021 λύκων.
2880 2967 3171 3041 Θαρῤύνας
3197 2972 3419 3040 αὐτοὺς,
3442 2974 3509 3027 δι’
3540 2966 3615 3029 ὧν
3646 2976 3872 3047 παρήγο

2270 3054 2441 3122 γειλε,
2471 3056 2566 3108 καὶ
2598 3060 2862 3128 στερροὺς
2896 3065 2987 3113 καὶ
3022 3064 3428 3133 ἀδαμαντίνους
3451 3068 3867 3137 ἐργασάμενος.

2273 3148 2460 3201 λοιπὸν
2527 3150 2786 3219 προλέγει
2834 3154 2928 3206 καὶ
2979 3154 3047 3207 τὰ
3104 3158 3505 3228 συμδησόμενα
3537 3160 3776 3225 τούτοις,
3802 3164 3869 3216 οὐ

2276 3242 2437 3308 μόνον
2499 3242 2565 3294 τὰ
2634 3245 2829 3313 μικρὸν
2896 3245 3145 3317 ὕστερον,
3195 3250 3332 3302 ἀλλὰ
3388 3250 3593 3304 καὶτὰ
3650 3256 3872 3325 μακρὸν

2274 3330 2523 3403 ὕστερον.
2551 3334 2775 3404 Πρῶτον
2812 3336 2934 3406 μὲν,
2966 3338 3056 3391 ἵνα
3116 3340 3331 3410 μάθωσι
3365 3343 3463 3413 τὴν
3500 3344 3738 3415 δύναμιν
3769 3348 3872 3417 τῆς

2274 3424 2637 3528 ιτρογνὼρεως
2676 3427 2843 3528 uiaret?
2867 3429 3166 3528 ’δεύτερον
3198 3433 3275 3497 δὲ,
3301 3434 3390 3488 ῖνα
3426 3436 3756 3507 πάσχοντες,
3792 3442 3875 3510 μὴ

2274 3516 2649 3577 ὑποπτεύωσι.
2699 3518 2769 3570 δι’
2819 3520 3108 3575 ἀσθένειαν
3163 3524 3257 3577 τοῦ
3316 3527 3634 3596 πέμψαντος
3688 3532 3871 3586 ταῦτα

2276 3605 2535 3675 πάσχειν·
2571 3608 2776 3678 τρίτον,
2802 3610 2888 3663 ἴνα
2928 3616 3363 3683 προακηκοότες.
3396 3620 3477 3672 ότι
3534 3624 3870 3696 κακοπαθή-

2276 3714 2453 3760 σουσι,
2488 3701 2617 3769 ῥᾷον
2668 3704 2789 3754 τότε
2820 3705 3060 3774 φέροιεν.
3115 3706 3299 3769 Ἰδοὺ,
3325 3712 3512 3778 φησὶν.
3560 3714 3678 3781 ἐγὼ
3712 3717 3872 3771 ἀπα-

2274 3790 2509 3843 στέλλω
2539 3792 2714 3859 ὑμᾶς,
2732 3793 2811 3859 ὡς
2835 3796 3103 3861 πρόϐατα
3130 3798 3199 3851 ἐν
3231 3800 3401 3868 μέσῳ
3423 3804 3659 3857 λύκων·
3694 3809 3807 3875 ἐγὼ
3832 3785 3874 3862 λδ

2275 3883 2457 3935 πάντα
2494 3882 2829 3953 δυναμενος’
2862 3886 3005 3941 ὥστε
3065 3890 3356 3946 δάκνεσθαι
3389 3894 3535 3963 ὑμᾶς
3570 3900 3671 3951 καὶ
3722 3917 3872 3959 crta.-

2277 3973 2573 4044 ράττεσθαι
2604 3976 2758 4045 παρὰ
2789 3978 2896 4030 τῶν
2929 3980 3419 4050 ἐπιϐουλευόντων,
3447 3987 3523 4056 μὴ
3553 3989 3871 4057 ἀμύνεσθαι

2272 4064 2352 4130 δὲ,
2383 4066 2506 4136 μηδ’
2526 4068 2927 4139 ἁντιμάχεσθαι
2946 4073 3068 4134 ταῖς
3091 4072 3468 4141 χερσί.Διατί;
3492 4078 3637 4135 Διότι
3662 4082 3873 4151 μᾶλλον

2273 4156 2419 4211 οὓτω
2475 4161 2724 4227 νικήσετε
2778 4161 2875 4213 καὶ
2926 4163 3288 4230 μεταϐαλεῖτε
3361 4168 3487 4229 τοὺς
3532 4169 3735 4236 λύκους
3785 4176 3871 4240 είς

2275 4250 2544 4320 πρόϐατα.
2566 4251 2717 4317 Πῶς;
2741 4252 2853 4322 Τῆς
2882 4254 3020 4323 ὲμῆς
3040 4255 3327 4327 δυνάμεως
3352 4260 3413 4312 τὸ
3438 4262 3553 4314 πᾶν
3581 4282 3838 4337 κατεργα
3862 4297 3875 4309 -

2276 4342 2532 4413 ζομένης,
2564 4345 2658 4397 καὶ
2689 4345 2789 4412 τῆς
2824 4346 3099 4415 ὑμετέρας
3126 4348 3182 4401 δὲ
3222 4351 3533 4423 πραότητος
3580 4358 3871 4431 χαλώσης,

588 4438 936 4496 ferocitatem
991 4448 1055 4487 ac
1102 4429 1491 4486 truculentiam
1546 4428 1848 4483 inﬁdelium
1874 4428 2167 4485 submittit.

2277 4434 2354 4497 ὡς
2386 4433 2455 4488 τὰ
2491 4435 2684 4499 πολλὰ,
2714 4436 2775 4489 τὸ
2805 4439 2999 4508 ἄγριον
3047 4443 3144 4494 καὶ
3196 4444 3417 4511 φονικὸν
3447 4446 3557 4499 τῶν
3589 4428 3870 4509 ἀπίστων.

587 4531 780 4599 Neque
845 4525 994 4581 enim
1033 4523 1289 4580 ferocitas
1366 4535 1464 4590 per
1509 4519 1869 4585 ferocitatem,
1929 4522 2025 4577 sed
2071 4537 2171 4592 per

589 4616 1074 4674 mansuetudinem
1111 4611 1356 4668 submitti
1416 4611 1573 4665 solet.
1620 4608 1754 4664 Nam
1788 4619 2004 4680 oportet
2042 4628 2169 4675 eum

591 4712 686 4781 qui
714 4708 965 4764 medetur
1004 4705 1233 4767 insanis,
1260 4704 1534 4774 patienter
1562 4700 1778 4755 illorum
1821 4701 1967 4757 ferre
2027 4702 2171 4771 inju-

594 4805 724 4862 rias,
756 4799 925 4854 solam
976 4812 1088 4867 pra
1134 4796 1307 4850 oculis
1366 4795 1616 4849 habendo
1675 4793 2053 4849 liberatidnem
2102 4794 2171 4848 ab

593 4890 829 4945 insania.
872 4887 939 4942 Et
973 4903 1075 4941 nos
1119 4901 1249 4955 ergo
1302 4886 1405 4939 nisi
1460 4885 1641 4939 ovium
1692 4886 2169 4940 mansuetudinem

592 4986 857 5037 adversus
925 4978 1267 5033 ferocitatem
1343 4976 1581 5040 illorum,
1627 4977 1718 5047 qui
1788 4991 1891 5030 nos
1950 4977 2178 5040 laedunt,

593 5069 1065 5142 proposuerimus,
1094 5082 1433 5137 nequaquam
1459 5066 1693 5136 pastoris
1722 5067 1893 5120 nostri
1917 5068 2177 5120 auxilium

589 5163 832 5219 habituri
884 5176 1092 5218 sumus.
1160 5159 1441 5230 Siquidem
1475 5161 1681 5224 ovium,
1736 5174 1843 5212 non
1896 5160 2173 5229 luporum,

584 5261 776 5322 pastor
797 5262 901 5306 est.

2279 4525 2354 4578 Οὐ
2393 4527 2501 4599 γὰρ
2548 4528 2849 4598 θρασύτητι
2883 4530 3183 4602 θρασύτης,
3219 4534 3337 4588 ἀλλ’
3389 4536 3664 4611 ἐπιεικείᾳ
3693 4558 3875 4599 κατα-

2280 4619 2599 4673 στέλλεσθαι
2649 4621 2827 4675 εῐωθε.
2857 4623 2977 4693 Χρὴ
3031 4625 3140 4695 γὰρ
3176 4630 3268 4679 τὸν
3326 4631 3643 4700 ίατρεύοντα
3683 4653 3873 4710 μεμη-

2281 4710 2439 4773 νότας
2502 4712 2873 4783 μακροθύμως
2929 4715 3120 4787 φέρειν
3172 4718 3273 4782 τὰς
3326 4725 3619 4792 παροινίας
3656 4729 3867 4797 αὐτῶν,

2280 4802 2416 4869 πρὸς
2439 4804 2617 4873 μόνην
2645 4804 2859 4876 ὁρῶντα
2893 4806 2990 4877 τὴν
3018 4810 3117 4879 τῆς
3150 4812 3346 4879 μανίας
3375 4815 3723 4888 ἀπαλλαγήν.
3751 4822 3871 4877 Καὶ

2286 4894 2445 4987 ημεῖς
2497 4890 2612 4961 οὖν,
2663 4896 2760 4949 ἐὰν
2811 4897 2886 4969 μὴ
2920 4901 3207 4969 προὸάτων
3241 4902 3557 4974 ἡμεράῒητα
3594 4910 3732 4981 πρδς
3760 4913 3869 4987 τὴν

2281 4984 2582 5055 ἀγριότητα
2638 4986 2749 5039 τῶν
2794 4991 3213 5060 ἐπηρεαζόντων
3260 4998 3395 5066 ἡμῖν
3431 4984 3863 5075 ἑπιδειξὼμεθά,

2279 5078 2495 5139 πάντως
2526 5078 2625 5146 οὔχ
2654 5078 2848 5150 ἕξομεν
2872 5081 2970 5151 τὴν
2995 5084 3091 5137 τοῦ
3120 5084 3381 5157 ποιμένῆ
3399 5089 3557 5159 ἡμῶν
3580 5088 3863 5165 βοήθεώνι

2276 5170 2571 5239 Προδάτων
2610 5172 2737 5241 γὰρ,
2766 5174 2826 5225 οὐ
2860 5174 3043 5230 λύκων
3072 5178 3193 5231 ἐστὶ
3222 5183 3427 5253 ποιμήν
3446 5183 3590 5254 (20).

1780 5371 1976 5432 Varim
2009 5373 2314 5435 lectiones
2345 5381 2403 5436 et
2438 5383 2625 5437 notae.

629 5517 771 5598 .(19)
813 5516 927 5598 [Etsi
976 5517 1164 5598 dativi-
1182 5518 1344 5598 etiam
1380 5519 1627 5598 absolute
1656 5521 1943 5588 dicuntur,
1974 5533 2153 5579 tamen

585 5587 913 5711 lgcpér‘nalim
957 5596 1050 5640 aut
1097 5587 1175 5657 τῷ
1224 5589 1538 5659 οὐρανόθεν,
1585 5601 1679 5644 aut
1738 5587 2156 5664 κατενεχθέντος

590 5672 779 5796 1afﬂati).
817 5724 971 5790 Quod
1016 5725 1104 5781 bit:
1148 5726 1378 5797 subjecit
1421 5730 1688 5786 seliolium
1741 5731 2038 5791 llentenius
2088 5752 2154 5791 ex

2268 5530 2614 5619 Lnini-ignissui
2637 5535 2867 5619 codicis,
2891 5536 3255 5619 it_1”.n__neutro
3280 5558 3525 5601 meorum
3555 5562 3856 5619 repentur.

2264 5597 2488 5687 {rusum
2516 5603 2575 5687 id
2599 5606 2762 5687 etiam
2794 5597 2864 5661 in.
2882 5609 3003 5665 aliis
3031 5611 3185 5687 libris
3212 5597 3857 5687 ριιεέέενιῖὲῥὲἇῖἱιῖἶὲἔ

2617 5677 2870 5750 leguntur
2917 5682 3064 5749 apud
3103 5669 3407 5755 Chrisosn
3448 5669 3745 5761 hom—:33,
3771 5669 3848 5749 in

2266 5738 2602 5803 Mattlnrum.
