4122 6454
210 471 320 539 338

1091 470 1486 537 (ὈΜΜΕΝΤ.
1528 469 1610 534 ΙΝ
1651 458 2124 534 ΜΛΤΤΗᾸΞῙῙΜ.
2159 500 2227 513 -
2268 471 2428 536 CAP.
2468 476 2542 536 X.

3360 479 3466 542 334

277 581 620 655 {Tanquam
675 598 806 640 aves
857 589 912 639 in
966 582 1146 639 medio
1174 584 1451 654 luporum,
1503 590 1561 638 ut
1601 582 1858 638 videlicet
1894 583 2081 639 ovium
2140 585 2619 642 mansuetudinem
2692 584 3015 650 ostendatis.
3075 602 3259 643 caram
3327 588 3472 659 lupis

207 680 486 751 prostrati,
546 692 653 733 nec
699 677 884 733 avium
913 687 1122 733 tantum
1181 675 1664 731 mansuetudinem
1699 676 1968 741 habeatis,
2004 677 2099 733 sed
2129 686 2184 732 et
2236 678 2484 733 sedulam
2519 679 2916 744 sinceritatem,
2980 679 3032 734 id
3067 688 3172 744 est,
3204 680 3464 751 simplici-

211 782 378 829 tatem
406 787 473 829 ac
521 769 890 826 innocentiam
921 785 938 822 :
971 778 1031 824 ut
1063 769 1332 824 verberati
1386 784 1450 823 ac
1496 767 1974 837 persecutionibus
1991 768 2239 840 appetiti,
2267 784 2376 824 non
2409 771 2633 828 cessatis
2665 771 2988 828 benefacere
3034 772 3473 833 \erberantibus.

209 867 282 924 Ut
313 876 496 922 autem
524 878 820 935 utrumque
865 862 960 920 ﬂat
1012 864 1318 920 secundum
1376 861 1658 917 virtutem.
1694 859 1838 915 adsit
1867 861 2156 931 prudentia
2216 873 2535 933 serpentum
2573 862 2626 918 in
2679 865 2947 920 servando
3001 867 3198 936 capite,
3235 866 3340 921 hoc
3367 877 3466 924 est.

212 960 358 1018 tlde:
391 970 449 1017 et
481 959 805 1030 simplicitas
828 956 1119 1025 columbae,
1145 956 1198 1010 in
1256 971 1369 1011 non
1392 953 1659 1010 sumenda
1695 952 1906 1009 ultione
1932 953 2007 1009 de
2048 954 2134 1010 bis
2155 954 2247 1026 qui
2264 955 2515 1027 iniuriam
2540 954 2799 1027 irrogant.
2856 953 2966 1012 Nec
2999 956 3103 1012 hoc
3146 958 3474 1029 adquinque

210 1070 310 1112 seu
357 1056 546 1110 decem
578 1069 752 1108 annos
803 1053 1158 1118 servandum,
1227 1050 1326 1107 sed
1368 1064 1551 1119 usque
1601 1047 1670 1102 ad
1717 1053 2020 1101 extremum
2058 1047 2313 1117 spiritum
2350 1047 2495 1102 :boc
2516 1048 2664 1102 enim
2707 1048 2997 1119 signiﬁcat,
3043 1052 3189 1120 quod
3235 1052 3475 1108 dicitur:

207 1147 314 1214 Qui
346 1146 660 1201 sustinuerit
678 1161 841 1215 usque
879 1144 935 1198 in
954 1144 1136 1214 ﬁnem,
1166 1143 1249 1197 hic
1277 1141 1458 1198 salvus
1484 1142 1585 1196 erit
1617 1140 1682 1192 ¹⁸.

278 1241 540 1295 Γίνεσθε
567 1266 637 1279 --
666 1235 1031 1306 περιστεραί.
1051 1234 1187 1308 [Καὶ
1217 1234 1332 1306 (21)
1357 1235 1448 1289 ἐπὶ
1478 1233 1588 1286 τῶν
1619 1231 1794 1301 ὄφεων

1977 1221 2128 1276 Vers.
2157 1222 2243 1278 l6.
2284 1221 2465 1276 Estote
2489 1252 2558 1262 —
2582 1221 2857 1278 columine.
2887 1223 2927 1295 τί·
2958 1224 3026 1280 Et
3059 1226 3149 1282 hic
3176 1227 3230 1283 in
3251 1245 3480 1303 serpen-

207 1332 328 1395 νῦν,
357 1333 454 1385 καὶ
485 1331 575 1383 ἐπὶ
624 1329 721 1382 τοῦ
769 1329 1058 1398 οἰκονόμου
1094 1328 1195 1398 τῆς
1250 1327 1492 1391 ἀδικίας,
1531 1326 1796 1396 φρόνησιν

206 1425 452 1494 νοήσεις,
485 1419 583 1491 τὴν
615 1419 863 1491 φυλακὴν
890 1419 987 1473 τοῦ
1013 1419 1216 1473 οἰκείου
1249 1414 1676 1489 συμφέροντος]

279 1600 540 1655 Βούλεται
590 1598 792 1661 αὐτοὺς
839 1598 936 1652 καὶ
981 1613 1238 1660 συνετους
1267 1592 1431 1660 εἶναι,
1455 1596 1593 1667 πρὸς
1623 1596 1685 1650 τὸ
1717 1596 1793 1666 μὴ

206 1694 542 1766 πλήττεσθαι
599 1691 852 1762 καιρίως,
899 1690 997 1744 καὶ
1047 1690 1380 1760 ἀπονήρους,
1427 1687 1566 1758 πρὸς
1605 1686 1666 1738 τὸ
1717 1686 1794 1758 μὴ

207 1786 594 1856 μνησικακεῖν.
631 1784 788 1836 Ἐπεὶ
814 1782 923 1853 γὰρ
950 1781 1216 1852 φρόνιμός
1245 1782 1398 1834 ἔστιν
1427 1784 1453 1834 ό
1475 1780 1598 1850 ὄφις
1619 1794 1634 1812 ⁵
1658 1780 1792 1833 διότι

202 1877 566 1946 τυπτόμενος,
584 1874 645 1927 τὸ
676 1875 774 1944 μὲν
812 1873 943 1928 ἄλλο
998 1873 1162 1943 σῶμα
1213 1871 1490 1942 προΐεται,
1533 1869 1702 1940 μόνην
1735 1867 1794 1920 δὲ

202 1967 476 2040 φυλάσσει
510 1966 610 2035 τὴν
640 1964 905 2035 κεφαλὴν,
929 1962 1085 2025 είδὼς
1111 1962 1169 2014 ὲν
1199 1961 1374 2032 ταύτῃ
1403 1962 1543 2030 μόνῃ
1568 1959 1793 2029 καιρίαν

202 2058 457 2129 γίνεσθαι
483 2057 579 2126 τὴν
607 2056 861 2126 πληγήν·
896 2053 1157 2107 ἐκέλευσε
1190 2051 1484 2122 μιμεῖσθαι
1513 2049 1612 2121 τὴν
1655 2049 1793 2119 φρό-

208 2167 363 2222 νησιν
394 2149 503 2202 τῶν
528 2148 726 2216 ὄφεων,
756 2148 813 2199 ὲν
843 2144 920 2213 τῷ
945 2143 1116 2198 τᾶλλα
1150 2142 1271 2212 μὲν,
1291 2142 1385 2195 καὶ
1418 2140 1670 2211 σώματα,
1698 2139 1793 2193 καὶ

200 2242 409 2311 ψυχὰς,
457 2239 552 2292 καὶ
601 2239 781 2291 πάντα
816 2235 1128 2305 προΐεσθαι,
1162 2233 1331 2304 μόνην
1381 2232 1439 2285 δὲ
1490 2230 1792 2300 φυλάσσειν

199 2333 306 2402 τὴν
338 2332 543 2397 πίστιν,
584 2329 660 2391 ὡς
694 2326 962 2398 κεφαλὴν,
987 2327 1045 2378 ὲν
1147 2325 1285 2396 μόνῃ
1337 2323 1549 2392 γίνεται
1600 2322 1793 2391 καιρία

201 2423 410 2494 πληγή.
445 2421 558 2476 Καὶ
588 2420 770 2484 πάλιν,
796 2417 1030 2490 ἐπείπερ
1063 2419 1118 2470 αι
1150 2415 1500 2487 περιστεραὶ,
1529 2412 1794 2484 ἀφαιρού-

202 2533 370 2586 μεναι
399 2514 468 2568 τὰ
501 2515 692 2576 τέκνα,
713 2513 772 2565 οὺ
813 2509 1254 2582 μνησικακοῦσιν
1304 2511 1415 2571 τοῖς
1469 2506 1790 2576 ἀφελοῦσιν,

201 2607 345 2663 ἀλλὰ
380 2607 475 2662 καὶ
525 2605 845 2677 προσίενται
890 2602 1115 2666 τούτους
1164 2601 1342 2665 αὖθις,
1375 2599 1478 2655 κᾶν
1529 2597 1792 2660 πολλάκις

201 2702 502 2772 ἁςρέλωσιν,
528 2697 808 2751 ἐπιτάττει
832 2695 1034 2766 ζηλοῦν
1058 2696 1153 2749 καὶ
1180 2694 1280 2765 τὴν
1296 2693 1504 2746 τούτων
1530 2690 1795 2762 ἀκεραιό-

199 2808 368 2864 τητα,
422 2790 728 2854 τουτέστιν,
783 2786 1048 2851 ἀκακίαν,
1084 2787 1141 2840 ιν
1170 2785 1248 2856 τῷ
1301 2786 1377 2855 μὴ
1422 2784 1790 2854 μνησικακεῖν

208 2888 320 2950 τοῖς
365 2882 665 2945 ἀδικοῦσιν,
699 2879 838 2935 ἀλλὰ
889 2882 986 2934 καὶ
1040 2879 1367 2950 προσίεσθαι
1415 2878 1642 2940 τούτους
1694 2873 1793 2930 καὶ

201 2981 403 3048 φιλεῖν.

275 3070 391 3124 Καὶ
443 3069 545 3138 δρα
582 3066 798 3137 σοφίαν.
830 3065 970 3118 Οὔτε
1001 3065 1110 3134 γὰρ
1166 3063 1264 3133 τὴν
1310 3063 1573 3133 φρόνησιν
1620 3061 1791 3131 μόνην

198 3161 310 3214 τῶν
330 3161 509 3230 ὄφεων
536 3159 822 3231 μιμεῖσθαι
852 3155 1214 3230 προσέταξεν,
1240 3153 1365 3207 οὔτε
1395 3154 1496 3224 τὴν
1531 3152 1793 3224 ἁκεραιό-

198 3269 342 3324 τητα
377 3252 547 3323 μόνην
585 3251 694 3306 τῶν
730 3249 1095 3322 περιστερῶν,
1123 3247 1239 3300 ἀλλ’
1291 3246 1558 3318 ἐκέρασεν
1608 3249 1792 3318 ἀμφο-

199 3344 394 3415 τέρας,
424 3343 561 3396 διότι
592 3343 726 3412 μίαν
752 3341 1063 3412 ἀμφότεραι
1093 3338 1344 3392 ποιοῦσιν
1371 3340 1595 3410 ἀρετήν.
1623 3339 1792 3394 Οὐδὲν

199 3435 316 3506 γὰρ
374 3434 567 3503 two;
615 3433 714 3502 τῆς
770 3430 1028 3502 τοιαύτης
1081 3431 1421 3502 φρονήσεως,
1476 3432 1571 3484 δάν
1603 3431 1788 3502 MM

197 3528 299 3581 ἁκε
313 3525 504 3595 ραιότη
515 3542 559 3585 ς.

284 3615 485 3685 Ἡμεῖς
514 3615 571 3669 δὲ
607 3615 984 3687 μιμησὼμεθα
1018 3615 1112 3670 καὶ
1158 3614 1327 3684 ἄλλην
1380 3616 1644 3686 φρόνησιν
1696 3613 1792 3668 τοῦ

196 3709 410 3776 ὄφεως.
456 3707 673 3776 Ὠσπερ
714 3706 824 3776 γὰρ
881 3708 1110 3771 ἐκεῖνος,
1164 3707 1294 3760 ὅταν
1343 3707 1588 3779 γηράσῃ,
1617 3706 1792 3775 στενῷ

192 3801 358 3870 τόπῳ
425 3799 633 3868 διείρας
695 3800 910 3864 ἑαυτὸν,
954 3799 1248 3864 ἁποξύεται
1318 3798 1416 3870 τὴν
1488 3799 1793 3870 λεγομένην

1902 1313 2071 1378 tibus,
2133 1322 2190 1368 et
2252 1313 2383 1368 alibi
2433 1313 2488 1368 in
2531 1328 2820 1369 mconomo
2871 1314 3081 1385 iniqua,
3132 1320 3482 1388 prudentiam

1899 1403 2161 1476 intellige,
2233 1405 2636 1460 observantiam
2695 1420 2884 1461 eorum
2937 1423 3058 1477 quae
3109 1410 3304 1482 cuique
3355 1426 3485 1471 sunt

1899 1496 2074 1550 utilia.

1975 1587 2102 1643 Vult
2127 1589 2276 1659 ipsos
2311 1600 2364 1646 et
2387 1590 2686 1660 prudentes
2738 1606 2880 1656 esse,
2944 1609 3014 1648 ne
3051 1595 3326 1652 lethaliter
3366 1600 3485 1653 vul-

1898 1691 2188 1748 nerentur,
2236 1690 2294 1738 et
2335 1683 2453 1738 sine
2471 1683 2624 1746 vitio.
2657 1699 2728 1739 ne
2757 1686 3082 1755 iniuriarum
3111 1690 3482 1747 meminerint.

1893 1772 2031 1828 Nam
2066 1775 2194 1846 quia
2219 1775 2461 1846 prudens
2478 1785 2824 1845 estserpens,
2855 1778 2978 1834 ideo
2995 1794 3118 1834 cum
3139 1783 3483 1849 verberatur,

1897 1862 2038 1916 alias
2069 1863 2289 1930 quidem
2316 1864 2563 1934 corporis
2590 1875 2774 1934 partes
2826 1866 3034 1936 objicit,
3095 1870 3270 1924 solum
3298 1883 3482 1928 autem

1898 1957 2068 2021 caput
2125 1961 2363 2008 servat:
2403 1954 2584 2009 sciens
2645 1955 2699 2008 in
2747 1955 2864 2010 solo
2924 1972 2992 2012 eo
3041 1958 3240 2014 let‘hale
3297 1962 3484 2017 inferri

1895 2040 2310 2099 vulnusJussit
2343 2059 2472 2114 ergo
2523 2046 2868 2115 prudentiam
2921 2048 3120 2103 imitari
3169 2064 3482 2120 serpentum

1898 2143 1959 2189 ut
1999 2134 2104 2189 alia
2134 2135 2358 2205 quidem
2407 2144 2461 2191 et
2510 2151 2740 2204 corpora
2796 2147 2851 2193 et
2901 2138 3114 2194 animas
3173 2152 3486 2214 ca‘teraquc

1897 2225 2176 2297 obiiciant,
2204 2228 2375 2283 solam
2416 2236 2599 2281 autem
2658 2228 2816 2282 (idem
2847 2241 3069 2286 servent
3121 2233 3367 2299 illaasam,
3431 2236 3484 2288 in

1896 2334 2002 2389 qua
2037 2319 2151 2375 sala
2182 2319 2242 2374 tit
2269 2320 2471 2374 vulnus
2511 2319 2732 2375 lethale.
2765 2319 2832 2374 Et
2865 2336 3083 2375 rursum
3116 2324 3243 2392 quia
3272 2326 3486 2380 calum-

1897 2408 2003 2473 bas,
2033 2423 2158 2463 cum
2191 2408 2272 2465 eis
2300 2409 2432 2480 pulli
2471 2409 2820 2474 auferuntur,
2883 2411 3149 2467 malorum
3207 2429 3315 2468 non
3371 2432 3489 2471 me-

1896 2499 2182 2558 minerunt
2211 2499 2480 2555 adversus
2506 2513 2603 2554 eos
2643 2499 2737 2568 qui
2765 2499 3139 2565 abstulerunt,
3170 2504 3264 2557 sed
3303 2504 3489 2560 denua

1897 2589 1966 2642 ad
1997 2603 2093 2644 eos
2131 2589 2424 2655 accedunt,
2462 2589 2593 2645 licet
2622 2591 2822 2660 saepius
2861 2590 3148 2658 auferant;
3175 2594 3333 2663 jubet
3382 2597 3486 2651 bo-

1903 2693 2024 2733 rum
2050 2694 2269 2750 quoque
2314 2680 2725 2751 simplicitatem
2765 2681 2988 2748 imitari,
3026 2683 3128 2739 hoc
3161 2693 3267 2749 est,
3323 2687 3487 2740 inno-

1899 2775 2160 2838 centiam,
2184 2775 2238 2828 in
2259 2788 2372 2828 non
2390 2773 2732 2830 vindicandis
2755 2773 2992 2844 injuriis,
3022 2776 3117 2831 sed
3176 2759 3490 2836 accedendo

1903 2863 1972 2918 ad
2000 2877 2098 2918 eos
2156 2865 2249 2932 qui
2277 2863 2567 2929 lreserunt,‘
2593 2863 2826 2934 illosque
2855 2865 3113 2920 amanda.

1978 3048 2043 3101 Et
2091 3045 2218 3100 vide
2257 3033 2604 3115 sapientiam.
2650 3043 2932 3113 Siquidem
2995 3059 3104 3101 non
3170 3048 3340 3102 solam
3365 3064 3482 3106 Ascr-

1901 3149 2130 3213 pentum
2171 3140 2519 3212 prudentiam
2569 3139 2737 3208 jussit
2793 3138 3021 3203 imitari,
3089 3156 3270 3211 neque
3317 3144 3491 3201 solam

1901 3231 2283 3286 columbarum
2305 3228 2734 3300 simplicitatem,
2770 3229 2866 3283 sed
2919 3237 3208 3301 utramque
3250 3234 3492 3292 miscuit.

1904 3322 2038 3378 Nam
2086 3322 2259 3378 ambae
2315 3335 2479 3375 unam
2529 3320 2692 3381 simul
2751 3319 2992 3376 efﬁciunt
3024 3327 3300 3379 virtutem.
3335 3325 3495 3382 Nulla
3549 3323 3558 3335 '

1905 3417 2054 3472 enim
2124 3414 2299 3484 ipsius
2352 3411 2658 3483 prudentia:
2719 3421 2805 3468 est
2865 3411 3094 3479 utilitas,
3151 3415 3198 3471 si
3255 3407 3538 3483 defuerit,

1906 3507 2242 3563 innocentia.

1975 3598 2088 3654 Nos
2111 3612 2242 3652 vero
2295 3605 2349 3651 et
2388 3596 2548 3650 aliam
2598 3595 2874 3665 serpentis
2919 3595 3196 3652 imitemur
3252 3601 3496 3668 pruden-

1907 3693 2060 3748 tiam.
2121 3689 2256 3743 Nam
2320 3687 2463 3743 sicut
2533 3687 2624 3741 ille
2683 3687 2777 3742 ubi
2838 3689 3108 3753 senuerit,
3165 3705 3264 3760 per
3313 3691 3493 3747 locum

1904 3783 2194 3853 angustum
2238 3780 2529 3844 transiens,
2550 3779 2791 3848 seipsum
2822 3779 3087 3845 leberidc,
3119 3780 3222 3836 hoc
3251 3790 3356 3846 est,
3391 3798 3493 3837 suo

195 3854 494 3962 λεὸηρίδα,
527 3854 640 3960 (93.)
675 3892 820 3960 φημὶ
856 3854 944 3962 δη,
971 3854 1520 3964 τῆν’ὲπιδερματίδα,
1697 3854 1794 3946 κᾶι

1907 3876 2107 3932 exuvio
2163 3889 2228 3927 ac
2289 3875 2431 3942 pelle
2461 3873 2678 3943 spoliat,
2710 3878 2766 3926 et
2824 3871 2898 3925 ita
2932 3872 3143 3927 validus
3210 3873 3492 3928 efﬁcitur:

191 3983 420 4051 γίνεται
474 3980 737 4050 σθεναρός
761 3999 774 4011 ·
803 3980 948 4034 οὕτω
1006 3981 1101 4035 καὶ
1145 3983 1320 4046 αὐτοὶ,
1349 3982 1696 4053 γηράσαντες
1723 3984 1792 4054 τῇ

194 4073 533 4145 παλαιότητι
561 4072 670 4127 τῶν
713 4072 927 4140 παθῶν,
954 4073 1286 4144 ἐμϐάλωμεν
1318 4075 1549 4132 ἑαυτοὺς
1584 4076 1664 4136 εἰς
1695 4074 1797 4146 τὴν

194 4166 405 4237 στενὴν
461 4166 554 4218 κει)⁵
600 4165 973 4237 τεθλιμμένην
1027 4167 1328 4234 πολιτείαν,
1365 4169 1458 4221 καὶ
1505 4169 1576 4222 δι’
1626 4168 1798 4240 αὐτῆς

192 4258 585 4323 ἀποξύσαντες
626 4257 718 4310 τὸν
751 4246 1207 4328 πεπαλαιωμένον
1232 4259 1434 4329 χιτῶνα
1463 4260 1564 4330 τῆς
1593 4260 1794 4331 ψυχῆς,

197 4352 488 4415 τὺσθενετς
526 4351 839 4420 γενώμεθα.

269 4443 396 4498 Νῦν
438 4444 538 4514 μὲν
593 4440 687 4497 οὖν
737 4444 819 4507 είς
865 4442 1028 4498 καλὸν
1063 4444 1419 4516 παράδειγμα
1461 4447 1589 4510 τοὺς
1641 4446 1800 4516 ὄφεις

190 4539 294 4592 καὶ
325 4536 434 4599 τὰς
468 4535 801 4608 περιστερὰς
840 4536 1065 4590 ἔλαϐενο
1099 4536 1336 4609 ἀλλαχοῦ
1389 4537 1447 4591 δὲ
1478 4537 1681 4608 μᾶλλον
1714 4541 1799 4602 είς

189 4629 377 4683 κακὸν
433 4628 776 4700 ἐλήφθησαν.
828 4629 1169 4694 Κακίζοντσι
1222 4629 1334 4701 γὰρ
1411 4631 1678 4695 Ἰουδαῖοι,
1720 4630 1798 4695 ὥς

163 4765 165 4767 ,
188 4721 383 4789 δ’ρεις,
404 4721 726 4790 γεννήματα
747 4719 998 4791 ιχιδνῶνο
1027 4722 1125 4776 καὶ
1145 4721 1498 4777 διαϐάλλεται
1531 4722 1796 4795 Ἐφραῒμ,

186 4811 272 4876 ὡς
307 4809 644 4879 περιστερὰ
673 4810 880 4878 ἄνους,
901 4813 1014 4868 οὐκ
1040 4812 1274 4883 ἔχουσα
1304 4814 1578 4882 καρδίαν.
1625 4815 1798 4869 Elimea

188 4905 304 4974 γὰρ
343 4903 622 4966 πολλάκις
655 4905 911 4976 ήΓραφὴ
937 4905 1234 4977 διαφόρους
1294 4908 1513 4972 εἰκόνας
1559 4909 1620 4974 ἐξ
1675 4909 1799 4971 ἑνὸς

187 4994 344 5058 ζὼου
384 4994 688 5065 παριστᾷν,
711 4995 842 5048 ὅταν
870 4996 1050 5050 ἐκεῖνο
1097 4997 1192 5050 καὶ
1222 4995 1514 5068 θαυμαστὰ
1545 4998 1665 5070 ἔχῃ,
1704 4999 1801 5052 καὶ

188 5089 428 5158 πονηρὰ
487 5087 966 5158 πλεονεκτήματα.
995 5089 1107 5143 Καὶ
1151 5091 1260 5160 γὰρ
1299 5089 1440 5144 λέων
1493 5091 1614 5160 μὲν,
1641 5092 1737 5146 καὶ
1770 5092 1799 5144 ό

1905 3969 1981 4023 ita
2009 3982 2227 4036 quoque
2255 3981 2377 4029 nos,
2426 3965 2518 4035 qui
2557 3972 2834 4019 vetustate
2856 3964 3152 4021 atiectuum
3183 3968 3491 4032 senuimus,

1903 4062 2220 4133 injiciamus
2247 4074 2348 4114 nos
2379 4060 2526 4129 ipsos
2561 4059 2614 4112 in
2667 4068 2961 4129 angustum
3008 4060 3371 4130 strictmnqne
3403 4063 3492 4117 vi-

1903 4153 2312 4210 vcndimodum
2351 4160 2446 4207 :et
2478 4168 2575 4221 per
2633 4152 2782 4206 hunc
2837 4160 3000 4206 exuta
3053 4154 3227 4209 veteri
3294 4155 3494 4211 anima:

1903 4253 2078 4312 veste,
2110 4243 2320 4299 robusti
2345 4242 2666 4299 eliiciamur.

1969 4447 2127 4504 Nunc
2181 4449 2366 4518 itaque
2423 4447 2480 4502 in
2539 4447 2767 4514 bonum,
2825 4458 3113 4520 serpentes
3177 4459 3344 4521 atque
3393 4466 3491 4507 co-

1902 4540 2142 4606 lumbas,
2195 4539 2450 4610 exemplo
2501 4539 2762 4610 accepit:
2818 4541 2950 4596 alibi
3010 4557 3141 4598 vera
3197 4543 3252 4597 iu
3286 4543 3490 4599 malum

1902 4633 2087 4704 potius
2113 4642 2331 4703 sumpta
2363 4643 2512 4689 sunt.
2556 4631 2688 4688 Nam
2735 4635 3097 4703 reprobaatur
3146 4633 3320 4691 Judai
3367 4645 3491 4691 tan-

1901 4743 2066 4797 quam
2097 4735 2382 4797 serpentes
2408 4734 2466 4782 et
2492 4727 2805 4796 viperarum
2863 4732 3155 4799 progenies
3187 4748 3202 4786 :
3239 4740 3296 4786 et
3347 4711 3491 4786 male

1903 4817 2056 4874 audit
2110 4817 2394 4888 Ephraim,
2426 4819 2584 4889 quasi
2615 4817 2860 4873 columba
2920 4821 3134 4875 demens
3163 4863 3180 4885 ,
3235 4838 3354 4893 qua
3383 4837 3490 4877 non

1903 4911 2093 4965 habeat
2121 4927 2211 4966 car
2242 4911 2326 4966 ι’..
2360 4909 2513 4966 Solet
2545 4911 2694 4968 enim
2732 4910 3048 4983 frequenter
3094 4911 3378 4984 Scriptura
3421 4916 3493 4970 ab

1903 5002 2096 5058 eodem
2128 5003 2349 5057 animali
2366 5001 2693 5059 diﬂ‘erentes
2704 5005 2997 5061 ostendere
3022 5007 3488 5075 comparationes,

1902 5095 2124 5163 quando
2148 5093 2280 5151 illud
2308 5096 2482 5150 bonas
2507 5094 2670 5150 simul
2699 5104 2756 5150 et
2794 5097 2966 5152 malas
3019 5097 3186 5164 liabet
3216 5097 3492 5152 conditio—
3516 5114 3524 5124 ε

187 5177 472 5248 Χριστὸς,
489 5177 634 5231 κατὰ
661 5178 725 5230 τὸ
756 5177 1037 5248 βασιλικὸν
1059 5181 1154 5233 καὶ
1177 5179 1388 5251 ἄμαχον
1406 5197 1421 5212 ο
1453 5181 1794 5236 Ἀναπεσὼν

1905 5202 2026 5242 nes.
2056 5187 2190 5242 Nam
2221 5199 2276 5243 et
2320 5187 2579 5244 Christus
2612 5187 2819 5243 dicitur
2853 5188 2939 5243 leo
2993 5198 3221 5260 propter
3282 5189 3487 5260 regiam

189 5271 330 5343 γὰρ,
363 5271 564 5341 φησὶν,
591 5270 901 5339 ἐκοιμήθη,
926 5271 1008 5338 ὡς
1035 5271 1195 5326 λέων
1215 5289 1227 5301 ·
1263 5273 1402 5327 λέων
1430 5275 1486 5327 δὲ
1519 5274 1612 5328 καὶ
1649 5275 1678 5326 ό
1710 5275 1791 5329 δί-

1900 5280 2224 5350 dignitatem
2301 5289 2356 5335 et
2416 5279 2992 5352 inexpugnabilitatem
3055 5298 3070 5336 :

303 5453 358 5488 “
394 5450 539 5506 Luc.
569 5466 680 5517 xw,
717 5450 773 5504 '5.
887 5450 932 5483 ¹⁷
960 5449 1125 5516 Osee,
1156 5466 1256 5516 vn,
1283 5452 1371 5507 tl.

3141 5281 3489 5350 Recumbem,

1416 5570 1625 5632 Varia;
1664 5569 1973 5633 lectiones
2006 5577 2067 5632 et
2103 5575 2297 5632 natm.

265 5764 390 5840 ig!)
443 5762 640 5840 gadet
665 5741 926 5840 ⁸ιιιιειῃιιιῑ
965 5762 1177 5821 inclusa
1217 5765 1397 5840 habet
1429 5765 1485 5821 in
1529 5741 1797 5838 margine.

266 5833 393 5910 32)
438 5833 764 5906 δερματίδα.
797 5833 866 5887 Α.

1981 5763 2458 5850 (ἳρχυιτιιωιριιρ.
2479 5767 2802 5850 vocabulth
2824 5811 2838 5832 ,
2876 5770 3131 5850 λεόηρίε,
3163 5785 3216 5829 et
3267 5735 3512 5850 imber“

1910 5835 2077 5906 μστίς
2111 5835 2279 5890 habet
2309 5833 2603 5894 Fietianus
2632 5841 2690 5893 in
2728 5840 2958 5906 Glossis,
2987 5833 3040 5912 ῥ’.
3069 5843 3157 5898 54.
