4042 6390
615 401 725 464 335

1855 394 2240 458 EUTHYMII
2285 389 2643 454 ZIGABENI

3778 382 3877 445 335

616 511 812 582 inquit,
885 513 1131 568 dormivit
1210 520 1266 566 ut
1325 507 1423 577 leo,
1459 512 1575 583 quis
1625 509 1900 564 suscitabit
1963 525 2078 561 eum
2113 505 2201 557 "?

2331 523 2479 569 εαιος,
2499 505 2638 557 κατὰ
2668 502 2730 554 τὸ
2755 497 3259 569 εὐπαρρησίαστον.
3285 495 3521 560 Δίκαιος
3549 493 3680 564 γὰρ,
3701 495 3876 563 φησὶν,

617 603 808 660 Justus
850 606 1012 660 etiam
1072 604 1157 658 leo
1227 616 1472 670 vocatur,
1524 614 1747 675 propter
1803 600 2200 654 fortitudinem.

619 697 831 762 Justus,
859 697 957 762 ait,
986 697 1135 767 quasi
1164 701 1242 750 leo
1263 698 1476 766 conﬁdit
1507 699 1568 750 ".
1603 697 1871 749 Przeterea
1913 703 1967 746 et
2019 691 2208 744 diabo-

2306 600 2386 666 ὡς
2408 600 2566 653 λέων
2594 596 2839 650 πέποιθε
2865 610 2877 622 °
2907 592 3049 644 λέων
3083 589 3140 642 δὲ
3169 589 3266 641 καὶ
3295 588 3324 639 ὁ
3353 585 3633 652 διάϐολος,
3658 591 3792 639 κατὰ
3817 587 3878 638 τὸ

2308 694 2582 764 ἀνήμερον
2615 689 2708 743 καὶ
2737 686 3030 757 αἱμοδόρον
3057 699 3069 712 ·
3129 683 3227 747 Ὠς
3261 682 3420 736 ,κέων
3450 683 3584 749 γὰρ,
3607 680 3757 749 φησὶ,
3779 693 3878 732 πε-

623 792 708 843 lus
751 790 836 843 leo
868 787 1095 851 dicitur,
1123 804 1190 842 eo
1226 790 1373 856 quod
1411 787 1638 841 immitis
1691 787 1761 840 sit
1791 801 1854 839 ac
1883 783 2206 853 sanguinem

2331 781 2767 852 >ιπατεῒ,ζητῶν
2797 780 2932 834 τίνα
2959 776 3242 842 καταπίῃ.

623 888 797 933 voret.
834 879 896 935 Ut
943 877 1045 944 leo,

621 971 826 1024 devoret
859 970 1001 1023 "°”.

693 1059 852 1116 Vers.
883 1061 972 1115 l7.
1007 1061 1273 1116 Attendite
1306 1091 1374 1100 —
1408 1077 1516 1116 vos.
1554 1059 1805 1115 Praedicit
1859 1059 1941 1113 eis
1999 1057 2210 1112 futuras

627 1155 986 1220 tentationes,
1031 1169 1307 1208 exacuens
1382 1153 1450 1208 ad
1505 1154 1826 1207 certamina.
1908 1151 2206 1214 Attendite,

624 1244 818 1313 inquit,
849 1245 917 1298 ab
948 1245 1282 1309 hominibus,
1323 1245 1426 1299 hoc
1454 1255 1558 1308 est,
1586 1245 1878 1300 observate
1920 1244 2204 1305 homines,

626 1338 740 1390 sive
767 1335 1014 1405 pericula
1043 1336 1117 1390 ab
1152 1335 1261 1392 illis
1295 1346 1631 1405 exspectate.

1128 879 1326 949 inquit,
1402 880 1704 933 obambulat
1754 891 1990 946 qua'rens
2055 889 2206 942 quem

695 1511 850 1568 Vers.
912 1513 1003 1567 l8.
1085 1512 1250 1566 Et—
1312 1531 1413 1568 me.
1447 1512 1744 1583 Postquam
1797 1513 1934 1568 dixit
1993 1528 2111 1583 qua:
2175 1529 2207 1568 a

627 1605 832 1660 Judzeis
860 1605 1075 1675 passuri
1101 1615 1278 1667 erant,
1305 1621 1455 1661 nunc
1485 1607 1648 1661 etiam
1679 1607 1810 1660 dicit
1859 1621 1978 1676 qua:
1997 1607 2066 1661 ab
2089 1607 2211 1661 aliis

624 1699 905 1767 gentibus.

701 1785 855 1840 Vers.
914 1786 1007 1840 l8'
1065 1786 1132 1840 In
1190 1817 1258 1828 —
1320 1787 1581 1858 gentibus.
1636 1787 1716 1842 Ad
1768 1788 2209 1859 redargutionem

621 1878 934 1933 Judazorum
967 1886 1019 1932 et
1038 1879 1390 1949 gentiutn,ne
1403 1880 1750 1949 postmodum
1772 1881 1954 1936 dicere
1981 1883 2210 1950 possint,

625 1971 770 2038 quod
804 1971 1252 2040 praedicationem
1300 1986 1410 2025 non
1476 1972 1751 2026 audierint
1810 1989 1824 2026 :
1887 1973 1942 2026 in
2003 1982 2212 2027 tantum

625 2060 773 2112 enim
846 2059 1098 2123 audient,
1164 2067 1223 2112 ut
1265 2061 1431 2114 etiam
1488 2062 1876 2130 pradicatores
1908 2063 2214 2117 innumeris

629 2151 786 2207 malis
823 2151 1083 2206 alliciant.

698 2243 856 2299 Vers.
898 2245 985 2299 l9.
1025 2244 1154 2298 Cum
1188 2256 1368 2299 autem
1403 2276 1470 2286 --
1497 2247 1810 2316 loquamini.
1872 2247 1948 2300 Ne
1981 2247 2166 2302 dicant
2201 2265 2214 2299 :

629 2332 694 2386 Et
722 2349 830 2402 quo
861 2343 1020 2402 pacto
1050 2335 1233 2388 idiotas
1262 2351 1324 2390 ac
1367 2336 1639 2390 illitterati
1679 2338 2009 2406 persuadere
2066 2350 2222 2408 pote-

629 2442 800 2480 rtmus
826 2426 1142 2482 rhetoribus
1162 2442 1225 2482 ac
1253 2428 1599 2498 philoSOphis
1617 2430 1639 2483 ?
1660 2432 1899 2501 primum
1944 2433 2086 2487 hanc
2127 2449 2220 2487 eo—

629 2533 749 2572 rum
790 2517 954 2573 solvit
981 2518 1386 2574 dubitationem
1423 2522 1616 2577 dicens
1652 2541 1666 2579 :
1715 2522 1797 2578 Ne
1840 2525 2058 2580 solliciti
2106 2527 2220 2579 sitis

633 2611 892 2681 quomodo
926 2619 1020 2664 aut
1048 2612 1176 2681 quid
1202 2612 1517 2682 loquamini.

703 2700 856 2756 Vers.
920 2701 1008 2758 l9.
1095 2703 1322 2758 Dabitur
1384 2735 1455 2746 ν-
1536 2707 1850 2775 loquamini.
1914 2710 2144 2765 Dabitur
2202 2729 2216 2765 :

630 2808 660 2846 a
691 2808 778 2847 me
807 2793 1083 2849 videlicet.
1112 2795 1238 2851 Haec
1260 2808 1442 2852 autem
1482 2801 1676 2852 iterum
1707 2801 1840 2855 dixit
1862 2801 1944 2855 eis
1983 2810 2222 2857 instante

633 2885 815 2940 crucis
842 2888 1127 2955 passione,
1166 2891 1386 2958 quando
1421 2892 1488 2945 de
1520 2893 1709 2945 mundi
1744 2897 2222 2950 consummatione

640 2975 791 3028 illum
828 2977 1330 3048 interrogaverunt.
1357 2983 1447 3034 Ait
1471 2983 1618 3036 enim
1653 2982 1850 3048 Lucas,
1901 2987 2042 3054 quod
2093 2995 2224 3040 tunc

621 3068 797 3120 etiam
817 3054 1169 3138 'subjunxerit
1200 3089 1212 3125 :
1251 3071 1362 3142 Ego
1394 3074 1530 3127 dabo
1561 3074 1702 3128 vobis
1727 3092 1782 3128 os
1803 3086 1852 3129 et
1881 3076 2223 3145 sapientiam,

2369 1053 2707 1124 Προσέχετε
2751 1079 2820 1089 -
2855 1047 3032 1117 ὑμᾶς.
3073 1044 3466 1116 Προαναφωνεῖ
3509 1041 3723 1102 τούτοις
3765 1043 3886 1102 τοὺς

2315 1151 2609 1222 μέλλοντας
2643 1146 3007 1216 πειρασμοὺς,
3041 1141 3379 1213 παραθήγων
3407 1139 3486 1199 εἰς
3511 1138 3636 1198 τοὺς
3658 1135 3887 1203 ἀγῶνας.

2311 1244 2646 1312 Προσέχετε
2662 1240 2728 1293 δὲ
2752 1239 2870 1295 ἀπὸ
2893 1235 3012 1289 τῶν
3033 1232 3381 1301 ἀνθρώπων,
3409 1232 3530 1284 ἀντὶ
3557 1229 3673 1290 τοῦ,
3697 1227 3894 1280 Quia:-

2311 1335 2466 1387 τεσθε
2494 1334 2620 1394 τοὺς
2650 1329 2995 1400 ἀνθρώπους,
3028 1325 3227 1386 εἵτουν,
3260 1323 3604 1392 Προσδοκᾶτε
3628 1315 3890 1370 δεινὰ-ἀπ’

2314 1425 2492 1478 αὐτῶν
2503 1464 2515 1476 .

2385 1515 2494 1570 Kal
2532 1546 2599 1557 —
2633 1511 2803 1583 ἐμοῦ.
2853 1511 3062 1574 Εἰπὼν,
3099 1510 3134 1563 ει
3165 1509 3566 1578 ὑποστήσονται
3622 1507 3767 1576 παρὰ
3793 1506 3896 1556 τῶν

2326 1607 2620 1668 Ἰουδαίων,
2639 1605 2826 1658 λοιπὸν
2851 1605 2999 1670 λέγει
3021 1604 3116 1654 καὶ
3146 1600 3181 1653 ἃ.
3208 1600 3360 1669 παρὰ
3380 1599 3486 1651 τῶν
3511 1597 3687 1651 ἄλλων
3712 1596 3896 1650 ἐθνῶν.

2384 1794 2486 1855 Εἰς
2514 1819 2580 1828 —-
2617 1789 2878 1841 ἔθνεσιν.
2905 1786 2998 1846 El;
3028 1784 3250 1852 ἔλεγχον
3303 1783 3398 1833 καὶ
3428 1780 3538 1832 τῶν
3595 1777 3859 1832 Ἰουδαίων
3882 1817 3896 1838 ,

2319 1879 2560 1932 καὶτῶν
2599 1875 2912 1938 ιθνῶν,ἴνα
2964 1873 3037 1943 μὴ
3091 1873 3359 1924 δύνωνται
3414 1871 3596 1936 λέγειν
3652 1869 3899 1936 ὕστερον,

2316 1973 2398 2024 ὅτι
2432 1971 2533 2023 οὐκ
2587 1970 2832 2038 ἥκουσαν
2885 1966 2980 2018 τοῦ
3036 1964 3416 2034 κηρύγματος.
3465 1962 3738 2014 Τοσοῦτον
3797 1961 3902 2030 γὰρ

2317 2063 2670 2127 ἀκούσουσιν,
2699 2059 2840 2113 ὥστε
2873 2060 2969 2113 καὶ
3017 2059 3142 2120 τοὺς
3181 2058 3430 2126 κήρυκας
3465 2056 3684 2125 μυρίοις
3717 2057 3901 2116 κακοῖς

2321 2157 2634 2210 ὑποϐαλεῖν.

2393 2250 2571 2300 Ὅταν
2599 2245 2669 2297 δὲ
2697 2275 2767 2284 -
2791 2243 3120 2311 λαᾶήσετε.
3143 2240 3261 2293 Ἵνα
3301 2240 3374 2309 μὴ
3402 2238 3664 2306 λέγωσιν,
3689 2239 3769 2290 ὅτι
3800 2237 3908 2290 Καὶ

2323 2339 2459 2403 πῶς,
2516 2338 2724 2391 ἰδιῶται
2771 2337 2866 2389 καὶ
2917 2334 3299 2404 ἀγράμματοι,
3332 2334 3518 2383 πεῖσαι
3569 2329 3908 2399 δυνησόμεθα

2325 2432 2563 2501 ῥήτορας
2597 2430 2693 2482 καὶ
2734 2428 3064 2497 φιλοσόφους
3093 2443 3105 2488 ;
3144 2423 3552 2495 προθεραπεύει
3587 2423 3683 2474 καὶ
3711 2420 3910 2489 ταύτην

2322 2527 2502 2578 αὐτῶν
2543 2523 2641 2594 τὴν
2671 2522 2907 2593 ἀπορίαν
2936 2520 3111 2586 λέγων
3139 2533 3153 2547 ·
3189 2517 3284 2583 Μὴ
3307 2516 3744 2585 μεριμνήσητε,
3786 2512 3908 2578 πῶς

2323 2620 2360 2687 ἢ
2379 2621 2437 2672 τί
2457 2618 2787 2683 λαλήσετε.

2396 2710 2724 2776 Δοθήσεται
2777 2738 2847 2747 —
2877 2707 3204 2773 λαλήσετε.
3259 2702 3581 2771 Δοθήσεται,
3617 2703 3748 2770 παρ’
3782 2699 3912 2770 ἐμοῦ

2324 2803 2547 2872 δηλαδή.
2583 2799 2774 2853 Ταῦτα
2805 2799 2861 2852 δὲ
2895 2795 3048 2850 εἶπεν
3083 2798 3265 2856 αὐτοῖς
3293 2795 3385 2847 καὶ
3410 2791 3914 2861 αὖθις,ὲγγίζοντος

2325 2894 2417 2948 τοῦ
2453 2894 2539 2946 διὰ
2565 2889 2798 2962 σταυροῦ
2853 2890 3081 2951 πάθους,
3135 2889 3222 2938 ὅτε
3257 2886 3386 2955 περὶ
3419 2886 3518 2954 τῆς
3553 2886 3648 2938 τοῦ
3707 2885 3913 2953 κόσμου

2328 2987 2639 3049 συντελείας
2696 2983 2992 3054 ἠρώτησαν
3044 2981 3228 3032 αὐτόν.
3284 2979 3424 3049 Φησὶ
3475 2979 3586 3046 γὰρ
3617 2980 3644 3029 ὀ
3677 2978 3913 3036 Λουκᾶς.

2328 3081 2421 3133 καὶ
2467 3075 2774 3147 τηνικαῦτα
2825 3076 3004 3126 εἰπεῖν
3059 3070 3244 3133 αὑτὸν,
3271 3070 3352 3121 ὅτι
3384 3069 3537 3138 Ἐγὼ
3575 3067 3748 3122 δώσω
3778 3067 3918 3136 ὑμῖν

633 3161 718 3211 (ui
749 3176 851 3213 non
891 3173 1137 3228 poterunt
1199 3167 1564 3220 contradicere
1611 3178 1706 3219 aut
1761 3171 2006 3223 resistere
2047 3187 2218 3225 omnes

2331 3172 2523 3239 στόμα
2568 3171 2663 3222 καὶ
2712 3168 2940 3236 σοφίαν
2988 3159 3124 3236 ᾗοὺ
3173 3161 3544 3227 δυνήσονται
3593 3159 3916 3221 ἀντειπεῖν,

635 3256 724 3315 qui
742 3253 1094 3307 adversantur
1117 3256 1257 3308 vobis
1277 3255 1341 3310 ".

707 3345 862 3401 νοτε.
894 3346 986 3400 20.
1019 3345 1140 3400 Νοη
1175 3377 1244 3384 -
1276 3347 1564 3418 loquentes.
1605 3349 1717 3404 Hoc
1773 3359 1880 3417 est,
1933 3352 2029 3422 qui
2094 3363 2225 3408 tunc

639 3445 956 3511 loquentur.

723 3527 868 3583 Vers.
892 3527 984 3582 ΞΘ.
1012 3525 1200 3580 Sed—
1234 3527 1396 3580 vobis.
1429 3526 1538 3582 Sed
1571 3528 1810 3597 Spiritus
1851 3542 2080 3586 sanctus
2131 3533 2222 3602 qui

638 3621 881 3692 loquitur
913 3620 968 3673 in
988 3618 1163 3674 vobis.

711 3713 867 3768 Vers.
897 3711 988 3766 Ἡ.
1021 3709 1216 3764 Prodet
1237 3741 1298 3751 ——
1315 3710 1507 3779 ﬁlium.
1543 3711 1621 3766 Illi
1656 3727 1760 3765 non
1777 3714 2065 3770 credentes
2087 3754 2100 3776 ,
2123 3715 2225 3770 hos

639 3805 874 3878 prodent
908 3803 1117 3859 fideles.

710 3897 865 3954 Vers.
896 3896 988 3951 21.
1027 3895 1093 3948 Et
1123 3925 1192 3934 —
1222 3913 1326 3949 eos.
1367 3895 1432 3949 Et
1457 3897 1711 3951 similiter
1738 3899 1803 3951 de
1827 3900 1910 3952 liis
1932 3899 2223 3955 dicendum

632 3994 745 4040 est.
783 3983 888 4038 Per
916 3984 1017 4038 hos
1046 3994 1229 4039 autem
1271 3984 1636 4040 amicissimos
1659 3988 1822 4041 etiam
1855 3988 1989 4043 alios
2023 4005 2223 4060 cogna-

636 4087 728 4130 tos
751 4083 806 4128 et
845 4073 1142 4128 familiares
1177 4073 1446 4144 intelligit.

710 4185 866 4242 Vers.
923 4189 1013 4242 22.
1048 4187 1213 4241 Et—
1263 4205 1450 4242 nomen
1504 4206 1695 4245 meum.
1732 4221 1800 4230 —-
1833 4193 1915 4246 Ab
1947 4194 2222 4261 omn'bus,

639 4282 695 4336 id
749 4292 852 4340 est.
893 4280 936 4334 A
968 4279 1216 4351 pluribus
1275 4297 1288 4334 :
1351 4297 1478 4336 nam
1514 4283 1664 4337 multi
1719 4285 1863 4354 ipsos
1893 4287 2220 4343 dilexerunt.

649 4370 742 4425 Est
771 4382 953 4425 autem
980 4381 1034 4426 et
1057 4371 1160 4424 hoc
1186 4369 1482 4440 Scriptura:
1515 4372 1711 4428 idioma
1735 4385 1789 4428 Ill.
1815 4378 2051 4430 omnibus
2079 4379 2226 4432 dicat

642 4480 744 4534 pro
799 4463 1056 4533 pluribus.
1097 4463 1236 4518 Cum
1283 4474 1466 4518 autem
1524 4470 1776 4536 superius
1825 4469 2091 4525 addiderit
2129 4472 2219 4527 ":

651 4554 878 4623 Propter
927 4571 1029 4621 me,
1064 4571 1212 4610 nunc
1246 4556 1453 4610 addens
1472 4557 1635 4610 etiam

637 4830 784 4885 adsit
826 4839 883 4884 et
909 4831 1226 4894 auxilietur,
1258 4832 1353 4901 qui
1389 4841 1615 4902 propter
1649 4833 1824 4902 ipsum
1856 4838 2160 4904 patiuntur.

716 4921 982 4976 γει-ωε.
1021 4920 1214 4987 Qui—
1270 4924 1448 4977 salvus
1509 4926 1628 4980 erit.
1693 4925 1817 4980 Tria
1867 4929 2043 4983 innuit
2096 4946 2233 5000 prae-

643 5030 770 5067 sens
802 5013 1049 5067 verbum.
1087 5013 1328 5068 Primum
1358 5015 1502 5084 quod
1528 5030 1634 5070 non
1659 5018 1832 5071 solum
1867 5020 1948 5072 eis
1993 5037 2132 5090 opus
2157 5023 2227 5076 sit

644 5106 817 5173 ipsius
846 5105 1069 5166 auxilio,
1093 5107 1186 5159 sed
1210 5115 1259 5160 et
1300 5108 1519 5176 propria
1568 5108 1893 5164 fortitudine
1944 5130 1958 5165 :
1999 5123 2058 5167 ut
2115 5129 2226 5167 non

647 5196 793 5248 illius
832 5196 1032 5258 solum,
1070 5196 1247 5250 sedet
1281 5198 1525 5266 ipsorum
1561 5201 1701 5254 bona
1768 5204 1878 5256 sint
1925 5219 2110 5272 Opera.
2165 5206 2228 5258 Et

646 5286 792 5353 quod
851 5285 1134 5355 defatigari
1197 5301 1304 5340 non
1347 5298 1615 5356 Oporteat.
1669 5291 1801 5343 Nam
1851 5306 1969 5359 qua:
2019 5292 2223 5346 utilitas

644 5386 728 5430 est
760 5379 1038 5446 principii,
1072 5379 1217 5445 quod
1280 5379 1440 5432 linem
1497 5396 1605 5435 non
1691 5383 1912 5438 habet?
1958 5383 2231 5439 Praeterea

650 5469 794 5535 quod
825 5470 893 5522 ad
937 5468 1097 5520 linem
1135 5485 1306 5538 usque
1344 5471 1463 5524 vitm
1498 5474 1749 5527 adeunda
1811 5477 1920 5530 sint
1967 5477 2229 5545 pericula.

724 5559 953 5630 Dignum
985 5569 1068 5614 est
1097 5570 1301 5625 autem,
1333 5570 1388 5614 ut
1425 5563 1522 5616 hos
1546 5565 1880 5620 admiremur
1907 5586 1919 5620 :
1960 5570 2232 5637 quomodo

650 5649 719 5704 al
795 5659 940 5702 tanta
1001 5667 1063 5703 ac
1121 5651 1243 5703 ta'tia
1331 5653 1514 5707 exi-issi
1589 5655 1848 5722 pericula,
1927 5657 2228 5723 audientes,

765 5792 803 5820 "‘
839 5789 976 5845 Gen.
1009 5808 1153 5857 xm,
1195 5793 1246 5845 9.
1364 5794 1403 5823 ¹⁹
1438 5793 1594 5846 Prov.
1630 5811 1817 5863 xum,
1865 5797 1910 5848 l.

2025 5799 2190 5852 ’πο-³η
2234 5800 2376 5853 l‘etr.
2409 5818 2461 5866 v,
2489 5800 2538 5850 8.

2332 3259 2474 3315 οὐδὲ
2498 3257 2855 3326 ἀντιστῆναι
2886 3256 3106 3319 πάντες
3131 3256 3184 3307 cl
3219 3253 3621 3320 ἀντικείμενοι
3649 3251 3814 3319 ὑμῖν.

2404 3356 2488 3407 Οὐ
2526 3383 2594 3392 --
2625 3350 2986 3414 λαλοῦντες.
3012 3350 3074 3400 Ol
3114 3347 3403 3409 λαλοῦντες
3439 3345 3584 3398 τότε.

2405 3533 2583 3586 Ἀλλὰ
2631 3560 2701 3575 —-
2761 3531 2924 3599 ὑμῖν.
2990 3527 3152 3582 Ἀλλὰ
3184 3527 3244 3580 τὺ
3275 3525 3505 3596 Πνεῦμα
3554 3527 3617 3579 τὸ
3648 3525 3826 3595 ἅγιον,
3860 3527 3920 3580 τὸ

2333 3625 2528 3677 λαλοῦν
2564 3626 2622 3676 ὲν
2660 3623 2788 3690 ὑμῖν
2819 3621 2964 3673 τότε.

2408 3714 2755 3783 Παραδώσει
2783 3745 2846 3754 --
2880 3712 3113 3766 τέκνον.
3141 3713 3203 3763 Oi
3234 3711 3308 3781 μὴ
3342 3710 3768 3778 πιστεύσαντες,
3798 3712 3918 3775 τοὺς

2334 3810 2757 3870 πιστεύσαντας.

2410 3904 2515 3956 Kal
2546 3931 2616 3941 —-
2640 3900 2883 3964 αὐτούς.
2913 3899 3022 3950 Καὶ
3047 3891 3194 3951 οὗτοι
3221 3896 3445 3965 ὁμοίως.
3471 3897 3571 3949 Διά
3595 3899 3704 3950 τῶν
3733 3899 3922 3968 φιλτά-

2333 4015 2440 4051 των
2469 3995 2525 4046 δὲ
2581 3993 2812 4055 τούτων,
2846 3993 2944 4045 καὶ
2984 3991 3083 4053 τὰς
3119 3989 3286 4050 ἄλλας
3317 3989 3551 4059 ἐνέφηνε
3597 3995 3922 4059 συγγενεῖας

2335 4088 2427 4142 καὶ
2457 4086 2814 4154 οἰκειότητας.

2407 4178 2512 4233 Kal
2541 4207 2610 4217 —
2635 4178 2825 4247 ὄνομά
2843 4179 3146 4247 μου.⁹Υπὸ
3174 4179 3446 4244 πάντων,
3470 4181 3594 4232 ἀντὶ
3623 4177 3744 4242 τοῦ,
3786 4176 3924 4229 Ὑπὸ

2335 4273 2441 4325 τῶν
2472 4271 2758 4325 πλειόνων.
2798 4272 2987 4324 Πολλοὶ
3017 4273 3126 4344 γὰρ
3159 4274 3358 4334 αὐτοὺς
3391 4272 3713 4340 ἠγάπησαν.
3755 4269 3922 4322 Ίδίω-

2338 4381 2416 4434 μα
2455 4364 2511 4417 δὲ
2552 4366 2646 4417 καὶ
2674 4363 2833 4417 τοῦτο
2875 4365 3167 4435 γραφικὺν,
3203 4365 3413 4427 πάντας
3440 4365 3648 4431 λέγειν,
3677 4365 3770 4416 καὶ
3797 4363 3923 4422 τοῦς

2337 4460 2612 4522 πλείονας.
2652 4459 2939 4530 Ἀνωτέρω
2969 4460 3026 4512 δὲ
3049 4460 3330 4531 προσθεὶς,
3361 4461 3444 4512 ὃτι
3465 4459 3722 4512 Ἕνεκεν
3753 4455 3921 4526 ἐμοῦ,

1674 4577 1685 4610 :
1726 4559 1954 4628 Propter
2037 4579 2218 4618 nomen

2333 4554 2424 4604 καὶ
2455 4550 2551 4605 νῦν
2581 4551 2638 4604 δὲ
2671 4552 2857 4615 πάλιν,
2893 4551 2976 4605 ὅτι
3015 4554 3119 4605 Διὰ
3172 4552 3238 4606 τὸ
3269 4550 3460 4620 ὄνομά
3506 4567 3662 4619 μου’
3721 4550 3922 4619 πολλὴν

643 4665 842 4712 meum,
874 4663 1123 4721 magnam
1139 4648 1221 4703 eis
1250 4649 1676 4704 consolationem
1705 4666 1765 4703 ac
1789 4653 1953 4706 animi
1980 4655 2234 4710 alacritao

645 4751 753 4794 tem
792 4741 1000 4810 injecit,
1057 4756 1180 4793 cum
1232 4755 1554 4810 persuasum
1618 4743 1873 4807 habeant,
1931 4747 2073 4814 quod
2128 4748 2233 4801 illis

2337 4642 2689 4714 παράκλησιν
2718 4643 2815 4696 καὶ
2845 4644 3163 4713 προθυμίαν
3209 4644 3393 4702 αὐτοῖς
3427 4643 3678 4706 ἐνέϐαλε,
3727 4660 3923 4696 πεπει-

2337 4736 2582 4802 σμένοις,
2621 4734 2704 4786 ὅτι
2740 4735 3128 4804 συμπαρέσται
3163 4735 3256 4788 καὶ
3284 4733 3644 4804 ἀντιλήψεται
3675 4734 3785 4786 τῶν
3819 4752 3920 4787 πα-

2335 4825 2571 4896 σχόντων
2595 4825 2662 4878 δι’
2684 4825 2868 4880 αὐτόν.

2415 4913 2480 4968 ’0
2507 4945 2574 4954 -
2605 4914 2967 4980 σωθήσεται.
2993 4915 3135 4984 Τρία
3163 4915 3224 4967 τὸ
3247 4915 3421 4985 παρὸν
3448 4916 3711 4985 ἐμφαίνει
3732 4919 3921 4987 ῥητόν·

2329 5008 2410 5060 ὅτι
2441 5008 2501 5058 οὑ
2548 5007 2709 5075 μόνον
2754 5005 2913 5076 χρεία
2948 5005 3050 5073 τῆς
3083 5006 3215 5076 παρ’
3253 5008 3421 5060 αὑτοῦ
3464 5007 3745 5078 βοηθείας,
3783 5009 3923 5062 ἀλλὰ

2330 5099 2426 5152 καὶ
2450 5100 2546 5168 τῆς
2587 5099 2768 5151 αὐτῶν
2796 5099 3115 5165 καρτερίας,
3152 5099 3239 5152 ἵνα
3277 5103 3351 5169 μὴ
3379 5099 3546 5152 αὑτοῦ
3579 5102 3920 5171 μόνον,ἁλλὰ

2329 5193 2424 5245 καὶ
2446 5191 2628 5245 αὐτῶν
2685 5193 2922 5258 γίνοιντο
2976 5196 3046 5245 τὰ
3101 5195 3534 5264 κατορθώματα·
3568 5197 3662 5247 καὶ
3715 5197 3800 5249 ὅτι
3863 5196 3919 5249 ού

2333 5286 2438 5356 χρὴ
2465 5287 2808 5356 ἀποκάμνειν
2832 5303 2845 5316 ’
2875 5288 2927 5339 τί
2968 5289 3077 5356 γὰρ
3109 5288 3304 5356 ὅςρελος
3331 5290 3526 5359 ἀρχῆς,
3553 5291 3655 5343 οὐκ
3686 5292 3918 5362 ἐχούσης

2334 5380 2524 5444 τέλος;
2559 5379 2654 5432 καὶ
2684 5380 2768 5432 ὅτι
2795 5379 2958 5450 μέχρι
2983 5381 3170 5442 τέλους
3208 5382 3352 5451 ζωῆς
3389 5381 3570 5436 αὐτῶν
3598 5385 3921 5455 παραταθῆ-

2336 5488 2486 5523 σεται
2510 5471 2576 5524 τὰ
2599 5471 2765 5524 δεινά.

2406 5564 2702 5632 Θαυμάσαι
2733 5565 2787 5616 δὲ
2810 5565 3032 5628 τούτους
3056 5566 3228 5634 ἄξιον,
3259 5567 3375 5630 πῶς
3405 5570 3482 5631 εἷς
3507 5571 3800 5634 τοσούτους
3834 5570 3921 5624 καὶ

2336 5655 2612 5717 τοιούτους
2649 5656 2930 5720 κινδύνους
2965 5660 3450 5730 ἀποστελλόμενοι,
3480 5665 3577 5714 καὶ
3609 5667 3795 5717 πᾶσαν
3829 5667 3920 5736 μὲν

2661 5800 2700 5831 ³¹
2735 5798 2864 5853 Luc.
2892 5800 2979 5864 2|,
3021 5801 3108 5855 l3.
3223 5804 3264 5832 3‘
3304 5803 3490 5859 Matth.
3529 5822 3577 5868 κ,
3627 5808 3712 5864 l8.
