4122 6404
247 385 358 451 337

1204 403 1592 470 COMMENT.
1630 412 1714 474 ΙΝ
1760 415 2240 483 ΜΑΤΤΗᾹΞΠΜ.
2285 447 2350 458 --
2391 426 2548 488 CAP.
2589 429 2662 488 X.

3425 417 3540 500 .338

243 503 346 574 τὴν
373 505 710 579 οἰκουμένην
732 511 1002 583 πολεμίαν
1031 514 1178 587 ἔχειν
1200 517 1518 591 ἀκούοντες,
1547 531 1679 596 παρ’
1711 529 1823 599 ὅλης

246 595 302 623 ιιι
338 599 705 623 --.,υ,-ο--
736 602 830 623 _._,
869 601 894 623 ι
949 605 961 623 .
1103 609 1117 623 .
1207 611 1261 623 .-
1317 612 1370 623 ..
1602 619 1613 623 -
1663 620 1718 623 ,ν

1948 533 2095 602 quod
2119 538 2440 594 universum
2464 543 2652 598 orbem
2681 543 2966 603 inimicum
2999 549 3290 614 haberent,
3316 562 3539 623 tulaquc

243 595 303 651 δι
337 599 708 669 πειράζεσθαι
732 602 832 674 τὴν
863 601 1032 677 ζωὴν,
1065 609 1165 662 οὐκ
1203 611 1538 680 έδειλίασαν,
1561 595 1674 673 οὐδ’
1707 595 1841 692 ιξή-

240 706 419 758 τησαν
451 692 774 764 ἀπαλλαγὴν
813 698 923 751 τῶν
969 701 1196 770 δεινῶν;
1257 706 1566 780 Ὑπήκουον
1601 715 1730 786 γὰρ.
1766 718 1844 781 ὡς

241 782 521 847 εὐπειθεῖς
556 786 635 854 τῷ
665 787 998 863 διδασκάλῳ,
1031 797 1129 849 καὶ
1152 796 1425 870 ἐθάρρουν
1456 803 1530 866 ὡς
1562 782 1747 860 πιστοὶ
1771 812 1836 880 τῇ

237 881 474 950 δυνάμει
515 886 610 936 τοῦ
639 887 1088 956 ἀποστέλλοντος.
1141 896 1549 968 Μεμαθηκότες
1599 901 1656 954 δὲ
1707 905 1837 969 καὶ,

237 975 323 1028 ὅτι
359 977 619 1031 τοσοῦτον
655 981 866 1051 ἰσχύσει
912 985 974 1038 τὸ
1013 988 1281 1059 κήρυγμα
1332 994 1432 1062 τῆς
1464 999 1726 1058 πίστεως,
1759 998 1837 1061 ὡς

235 1063 494 1120 διαλύσαι
523 1072 618 1123 καὶ
646 1071 746 1142 τὴν
771 1074 1147 1148 ἀδαμαντίνην
1191 1084 1432 1154 στοργήν
1456 1085 1560 1155 τῆς
1593 1089 1834 1157 φύσεως,

234 1158 335 1209 καὶ
395 1160 495 1222 τὰς
556 1166 774 1234 σχέσεις
827 1168 1087 1239 ἀλλήλαις
1147 1173 1559 1244 ἐκπολεμῶσαι,
1633 1182 1838 1250 μᾶλλον

233 1249 705 1323 ἁνηρεθίσθησαν,
751 1261 846 1312 καὶ
877 1263 1245 1332 νευρωθέντες
1289 1267 1479 1322 λοιπὸν
1509 1249 1837 1343 ταῖςνάναμ-

231 1341 481 1407 φιϐόλοις
508 1347 692 1400 ἐλπίσι
727 1349 822 1401 τοῦ
854 1353 1182 1422 κατορθοῦν,
1225 1356 1591 1425 ἀπεδύσαντο,
1625 1362 1835 1418 δώδεκα

231 1434 414 1503 μόνοι,
443 1439 583 1507 πρὸς
615 1440 838 1494 ἅπασαν
869 1445 967 1513 τὴν
999 1448 1335 1519 οἰκουμένην
1357 1491 1372 1515 ,
1431 1445 1577 1525 ᾗτινι
1609 1473 1832 1526 συμπα-

235 1527 537 1596 ρετάττετο
567 1534 894 1589 κατάὑτῶν
918 1539 1069 1592 καῖδ
1092 1541 1345 1607 διάϐολος
1377 1548 1516 1615 μετὰ
1548 1549 1657 1602 τῶν
1684 1553 1835 1604 άπείο

229 1636 346 1686 ρων
380 1621 547 1675 αὑτοῦ
577 1624 874 1695 δαιμόνων,
911 1631 1007 1683 καὶ
1042 1634 1421 1704 νενικήκασιν,
1468 1639 1568 1692 οὐκ
1611 1643 1832 1695 ἀνελόνο

225 1728 323 1775 τες
373 1717 501 1776 τοὺς
556 1718 853 1783 ἐναντίους,
903 1721 1042 1776 ἀλλά
1102 1729 1676 1798 μεταρρυθμίσαντες,
1737 1737 1831 1790 καὶ

223 1803 504 1873 δαιμόνων
531 1807 643 1878 (24)
682 1810 830 1872 ίσους
858 1811 1138 1880 λαϐόντες,
1169 1817 1422 1886 ἀγγέλων
1457 1822 1604 1887 ίσους
1639 1827 1829 1898 ἐποίη-

225 1912 352 1950 σαν.

333 1993 494 2045 Οταν
524 1993 593 2046 δὲ
625 2025 687 2036 -—
717 1997 942 2067 ἄλλην.
977 2001 1162 2053 Εἰπὼν
1202 2003 1270 2055 τὰ
1315 2005 1456 2072 μετά
1489 2005 1586 2078 τὴν
1619 2010 1824 2079 ἀνάλη-

219 2080 318 2148 ψιν
344 2084 511 2136 αὑτοῦ
546 2087 968 2158 συμϐησόμενα,
999 2091 1162 2144 πάλιν
1199 2094 1376 2163 ἤγαγε
1414 2097 1504 2148 τὸν
1535 2098 1694 2165 λόγον
1733 2102 1824 2154 ἐπὶ

219 2172 294 2225 τά
327 2173 435 2243 πρὸ
480 2175 576 2226 τοῦ
629 2179 898 2247 σταυροῦ.
950 2182 1180 2236 Κελεύει
1217 2183 1274 2236 δὲ
1317 2185 1564 2253 φεύγειν,
1614 2191 1710 2260 οὐχ
1749 2191 1824 2256 ὡς

218 2263 455 2329 δειλοὺς,
497 2267 710 2330 ἀλλ’ὡς
743 2270 1133 2336 διωκομένους.
1175 2274 1236 2328 'U
1275 2276 1331 2328 δὲ
1374 2278 1640 2348 Θεολόγος
1675 2284 1822 2354 Γρης

217 2356 413 2425 γόριος
452 2359 778 2430 ἑρμηνεύων
804 2365 964 2416 τοῦτό
995 2383 1185 2435 φησιν,
1229 2369 1311 2421 ὅτι
1347 2371 1523 2438 φειδοῖ
1554 2373 1662 2426 τῶν
1689 2375 1820 2428 διω-

219 2450 434 2504 κόντων
471 2453 566 2504 καὶ
607 2454 718 2508 τῶν
771 2456 1219 2526 ἀσθενεστέρωνο
1275 2461 1370 2513 καὶ
1419 2463 1542 2516 οὐδὲ
1593 2468 1820 2539 μακρὰν

219 2543 472 2611 φεύγειν,
508 2546 625 2597 ἀλλ’
673 2547 782 2600 ἀπὸ
812 2549 1020 2618 ταύτης
1071 2552 1174 2622 τῆς
1211 2554 1422 2617 πόλεως
1464 2557 1544 2619 είς
1579 2558 1817 2629 ἐκείνην,

222 2643 312 2693 ἵνα
348 2641 623 2710 μηδεμίαν
673 2645 1113 2715 παραλείψωσιν,
1164 2649 1244 2711 είς
1295 2649 1363 2719 ἢν
1392 2650 1492 2703 οὐκ
1529 2651 1642 2722 (9.5)
1689 2655 1815 2722 dtsz-

217 2733 430 2798 ξονται.

308 2828 498 2896 Ἀμὴν
532 2858 602 2868 -—
647 2832 754 2885 τοῦ
807 2834 1144 2904 ἀνθρώπου.
1185 2839 1331 2904 Ἕως
1373 2843 1440 2897 ἂν
1492 2845 1622 2918 ἔλθῃ
1678 2847 1816 2916 πρὸς

217 2920 392 2988 ὑμᾶς,
423 2921 597 2976 Τοῦτο
619 2924 672 2976 δὲ
708 2928 843 2995 πρὶς
879 2929 1245 2998 ψυχαγωγίαν
1286 2934 1380 2987 καὶ
1410 2937 1678 3004 ἀνάψυξιν
1711 2941 1814 2991 αύ-

212 3011 334 3063 τῶν
369 3008 513 3074 εἷπε,
567 3015 828 3084 βεϐαιῶν,
881 3019 962 3071 ὅτι
996 3021 1194 3076 θᾶττον
1230 3024 1455 3090 τούτους
1499 3030 1811 3102 καταλάσῃ,

215 3104 329 3172 πρὸ
361 3104 455 3158 τοῦ
491 3108 804 3174 περιελθεῖν
852 3112 1057 3176 αὐτοὺς
1113 3116 1296 3178 πάσας
1332 3117 1428 3183 τὰς
1464 3119 1653 3182 πόλεις
1703 3123 1815 3176 τῶν

1948 623 2057 678 vita
2091 641 2190 680 sua
2219 636 2563 685 tentarentur
2590 650 2605 686 :
2635 649 2744 690 non
2779 636 3162 693 detrectarunt
3207 643 3540 710 periculum,

1947 732 2125 787 neque
2157 721 2540 778 liberationem
2564 742 2593 778 a
2643 728 2804 782 malis
2831 740 3230 798 p0poscerunt.
3262 731 3536 787 Parebant

1947 808 2092 861 enim
2128 818 2390 880 tanquam
2420 816 2678 885 morigeri
2708 819 2976 888 magistro
3003 837 3020 872 :
3067 830 3123 874 et
3163 821 3530 887 conﬁdebant,

1948 908 2140 970 utpote
2176 904 2384 971 ﬁdeles,
2405 906 2472 961 de
2504 910 2746 977 potentia
2781 911 3112 966 emittenlis.
3139 912 3280 967 Cum
3348 923 3535 968 autent

1945 992 2291 1063 didicissent,
2317 999 2464 1066 quod
2495 1008 2703 1054 tantam
2736 1001 2966 1056 haberet
3021 1004 3147 1058 ﬁdei
3216 1006 3544 1073 prmdicatio

1942 1081 2355 1152 fortitudinem,
2414 1098 2475 1143 ut
2539 1091 2953 1146 adamantinum
3024 1109 3245 1163 quoque
3328 1105 3541 1150 natura:

1943 1189 2187 1230 amorem
2236 1177 2587 1243 dissolveret,
2641 1183 2814 1238 variis
2862 1182 3156 1240 allectibus
3222 1200 3282 1239 se
3351 1197 3541 1240 mutuo

1941 1263 2314 1333 vincentibus,
2347 1272 2517 1341 magis
2558 1274 2767 1327 incitati
2792 1284 2942 1337 sunt,
2973 1276 3285 1346 additisque
3306 1278 3538 1340 viribus,

1942 1360 2253 1416 indubitata
2300 1380 2396 1432 spe
2429 1365 2691 1434 deinceps
2739 1370 2956 1438 egregia
3002 1385 3168 1438 opera
3209 1372 3536 1432 exhibendi.

1941 1450 2042 1503 soli
2079 1451 2366 1507 duodecim
2400 1457 2640 1526 aggressi
2703 1468 2833 1511 sunt
2878 1459 3068 1513 orbem
3139 1460 3458 1514 universum
3521 1477 3536 1511 :

1939 1555 2065 1595 cum
2091 1558 2201 1610 quo
2238 1544 2503 1600 adversus
2539 1548 2659 1601 illos
2691 1563 2750 1602 se
2774 1549 3024 1605 diabolus
3078 1552 3357 1620 opposuit,
3408 1551 3539 1620 jun-

1937 1636 2041 1689 ctis
2073 1652 2262 1691 secum
2297 1639 2611 1694 innumeris
2647 1640 2961 1695 daemoniis.
2995 1638 3075 1694 llli
3133 1657 3261 1694 vero
3288 1641 3540 1696 obtinue-

1943 1737 2074 1780 runt
2109 1728 2419 1793 victoriam,
2451 1747 2559 1785 non
2588 1731 2986 1786 interﬁcientes
3031 1732 3403 1798 adversarios,
3436 1734 3535 1788 sed

1939 1815 2040 1869 sibi
2063 1831 2527 1875 connumerantes
2576 1832 2682 1877 :et
2730 1837 2869 1892 quos
2909 1823 3251 1878 daemonibus
3298 1826 3534 1893 :equales

1945 1921 2306 1978 acceperunt,
2342 1913 2553 1984 angelis
2586 1913 2799 1968 similes
2828 1915 3213 1970 reddiderunt.

2007 2020 2165 2077 Vers.
2197 2024 2289 2077 25.
2326 2024 2458 2079 Cum
2491 2026 2960 2080 autem—'aliam
2989 2068 3001 2081 .
3028 2027 3324 2100 Postquam
3383 2031 3526 2087 dixit

1943 2129 2067 2182 qum
2093 2123 2218 2183 post
2248 2119 2630 2172 ascensionem
2661 2134 2816 2174 suam
2843 2129 3004 2174 erant
3053 2131 3346 2184 eventura,
3417 2139 3535 2178 ser-

1933 2220 2152 2262 monem
2205 2207 2271 2261 ad
2333 2224 2396 2263 ea
2443 2210 2713 2276 reduxit,
2743 2226 2865 2280 quae
2913 2221 3042 2266 ante
3083 2228 3303 2268 crucem
3350 2215 3536 2276 futura

1933 2306 2090 2351 erant
2126 2339 2138 2350 .
2167 2297 2331 2353 Jubet
2362 2308 2543 2354 autem
2576 2300 2787 2371 fugere,
2827 2317 2939 2355 non
2978 2311 3241 2373 tanquam
3278 2304 3528 2373 timidos,

1933 2388 2028 2442 sed
2059 2398 2320 2458 tanquam
2352 2404 2447 2444 eos
2469 2391 2927 2462 quiexpelluntur
2964 2433 2979 2446 .
3006 2392 3206 2449 Verum
3233 2396 3378 2451 sicut
3397 2396 3533 2452 Gre-

1931 2481 2114 2551 gorius
2142 2480 2457 2551 Theologus
2485 2483 2894 2552 interpretatur,
2931 2486 3093 2554 jubet
3136 2495 3199 2540 ut
3229 2487 3534 2542 miserean-

1931 2581 2016 2625 tur
2045 2573 2494 2642 persequentium
2546 2584 2600 2628 et
2629 2576 3077 2640 imbecilliorum,
3110 2593 3215 2632 nec
3242 2579 3402 2647 longe
3441 2580 3527 2633 lu-

1927 2663 2077 2733 giant
2107 2707 2119 2727 ,
2152 2665 2246 2718 sed
2266 2665 2335 2718 ab
2359 2665 2462 2719 hac
2484 2667 2707 2721 civitate
2732 2667 2784 2720 in
2809 2668 2988 2734 illam,
3023 2685 3093 2724 ne
3121 2669 3279 2724 ullam
3304 2681 3534 2741 praeter-

1927 2766 2072 2818 eant,
2132 2758 2199 2810 ad
2225 2771 2387 2825 quam
2413 2773 2520 2812 non
2577 2760 2922 2829 perveniant.

1997 2849 2152 2902 Vers.
2178 2849 2268 2904 25.
2301 2849 2470 2903 Amen
2493 2881 2563 2890 —
2583 2852 3242 2925 {taminia—Priusquam
3262 2857 3434 2910 ueniat
3459 2858 3529 2910 ad

1925 2954 2036 2993 vos.
2107 2938 2224 2993 Hoc
2247 2947 2432 2993 autem
2462 2942 2527 2994 ad
2553 2940 2814 2996 solatium
2848 2952 2904 2996 et
2937 2944 3286 3015 refrigerium
3334 2962 3526 3002 eorum

1926 3029 2082 3094 dixit,
2115 3030 2472 3095 conﬁrmans,
2510 3033 2656 3100 quod
2688 3032 2852 3089 citius
2896 3049 2992 3089 eos
3021 3047 3166 3091 esset
3193 3037 3296 3092 sibi
3328 3039 3530 3108 adjun-

1924 3132 2118 3177 cturus
2144 3161 2158 3186 ,
2193 3139 2357 3194 quam
2390 3124 2498 3194 ipsi
2540 3140 2736 3180 omnes
2766 3126 3081 3183 Judaeorum
3113 3130 3365 3185 civitates
3419 3133 3529 3187 cir-

226 3196 526 3261 Ὶουδαίων,
554 3201 742 3268 ἤγουν,
777 3203 882 3273 πρὸ
924 3204 1016 3258 τοῦ
1049 3207 1283 3259 διελθεῖν
1315 3209 1445 3278 ὃλην
1479 3211 1578 3280 τὴν
1610 3212 1815 3267 Παλαι-

1929 3219 2213 3285 enmircnt,
2248 3220 2364 3275 sive
2399 3230 2694 3291 antequam
2731 3223 2799 3279 ad
2840 3226 3155 3280 universam
3183 3226 3528 3283 Palmstinam

215 3288 433 3358 att/qv.
461 3292 663 3361 Ἤρκει
687 3293 818 3363 γὰρ,
845 3298 941 3349 καὶ
974 3297 1134 3366 μόνον
1167 3301 1454 3367 ἐπιφανεὶς
1487 3304 1672 3366 αὐτοῖς
1696 3307 1817 3357 ἀντὶ

211 3385 401 3454 πάσης
430 3388 855 3456 παρακλήσεως,
890 3390 1066 3454 οὕτως
1097 3393 1511 3463 ἐλαυνομένοις,
1549 3397 1576 3448 ὃ
1602 3398 1665 3468 δὴ
1694 3399 1817 3450 τότε

211 3478 312 3528 καὶ
350 3480 680 3548 πεποίηκεν,
724 3481 801 3543 ὡς
829 3481 1122 3552 ὑπέσχετο.
1166 3485 1322 3538 Ἐπεὶ¹
1357 3487 1413 3540 δὲ
1445 3491 1541 3541 καὶ
1573 3489 1819 3560 βλασφη-

212 3571 442 3638 μεῖσθαι
469 3573 620 3643 παρὰ
648 3574 759 3626 τῶν
789 3575 1102 3630 διωκόντων
1127 3577 1381 3648 ἔμελλον,
1417 3583 1511 3634 καὶ
1541 3581 1630 3634 διὰ
1658 3583 1817 3636 τοῦτο

207 3663 535 3727 δάκνεσθαι,
585 3668 998 3736 παραμυθεῖται
1043 3672 1137 3723 καὶ
1179 3670 1338 3724 τοῦτο
1372 3673 1434 3724 τὸ
1485 3673 1676 3743 μέρος,
1707 3676 1816 3729 ἀπὸ

208 3757 307 3810 τοῦ
353 3757 478 3810 καθ’
509 3758 704 3812 ἑαυτὸν
745 3761 1171 3832 ύποδείγματος,
1211 3764 1384 3818 είπών
1413 3780 1427 3796 ⁶

289 3941 416 3993 Οὐκ
442 3970 514 3978 -
541 3940 650 3993 τὸν
686 3943 896 4010 κύριον
935 3944 1145 3999 αὐτοῦ.
1193 3943 1499 4015 Ἀπόφασιν
1531 3947 1632 4018 μὲν
1662 3947 1814 4016 λέγει

208 4034 405 4100 κοινὴν
436 4035 532 4085 καὶ
583 4035 717 4086 πᾶσι
763 4035 1065 4106 γνώριμον,
1127 4039 1512 4109 προσαρμόζει
1542 4041 1600 4093 δὲ
1636 4042 1811 4113 ταύτῃ

206 4131 280 4183 τὰ
322 4129 453 4183 καθ’
504 4129 722 4191 ἑαυτὸν,
757 4131 844 4183 ἵνα
902 4130 1095 4200 μηδεὶς
1145 4131 1453 4199 ἀντιλέγειν
1512 4131 1647 4201 εχοι.
1697 4135 1813 4187 Οὐκ

208 4223 364 4275 εστιν
416 4222 609 4288 ὅντως,
667 4222 789 4275 οὔτε
843 4223 1096 4294 μαθητὴς
1154 4224 1425 4295 κρείττων
1455 4225 1552 4278 τοῦ
1603 4227 1810 4280 οίκείου

205 4313 562 4378 διδασκάλου,
595 4313 718 4366 οὔτε
750 4313 936 4377 δοῦλος
970 4314 1235 4384 κρείττων
1261 4315 1355 4367 τοῦ
1397 4315 1589 4385 κυρίου
1618 4316 1807 4383 αὐτοῦ,

206 4407 318 4468 ἕως
344 4406 410 4458 ἂν
442 4406 469 4457 ὁ
491 4407 589 4474 μὲν
618 4407 705 4476 εἴη
741 4407 1014 4478 μαθητὴς,
1039 4409 1064 4460 δ
1105 4408 1161 4460 δὲ
1186 4407 1394 4472 δοῦλος.
1427 4409 1661 4478 ’Υφεσις
1694 4410 1808 4482 (26)

208 4502 323 4569 γάρ
358 4501 476 4551 ἐστι
528 4501 623 4552 καὶ
668 4500 730 4552 τὸ
751 4500 1128 4567 ,διδάσκεσθαι
1159 4501 1253 4554 καὶ
1284 4502 1344 4554 τὸ
1373 4501 1671 4569 δουλεύειν,
1712 4503 1809 4556 καὶ

208 4595 336 4646 κατ’
374 4591 509 4643 αὐτὸ
551 4592 711 4646 τοῦτο
749 4593 969 4656 πάντως
1015 4594 1127 4663 (27)
1164 4593 1564 4665 ὑποὸεόήκασι.
1602 4594 1807 4648 Λοιπὸν
1843 4581 1886 4636 υ

206 4687 302 4740 οὖν
335 4686 446 4739 οὐδ’
474 4686 631 4755 ὑμεῖς
666 4689 788 4740 ἐστε
822 4686 966 4758 ὑπὲρ
999 4688 1120 4758 ἐμὲ,
1155 4689 1246 4740 τον
1287 4687 1613 4741 διδάσκαλον
1651 4688 1807 4759 ὑμῶν

206 4782 306 4834 καὶ
331 4777 568 4849 Κύριον.

278 4872 562 4940 Ἀρκετὸν
594 4901 663 4910 —
710 4874 742 4924 ό
775 4869 1150 4938 διδάσκαλος
1200 4873 1409 4929 αὐτοῦ.
1477 4875 1668 4946 Ἀρκεῖ
1695 4877 1808 4936 τοῖς

211 4966 488 5036 μαθηταῖς
519 4966 647 5032 ὑμῖν
679 4965 759 5026 είς
811 4963 1193 5033 παραμυθίαν,
1253 4965 1338 5018 ἶνα
1386 4967 1620 5036 γένησθε
1673 4966 1808 5037 βλα-

210 5059 622 5128 σφημούμενοι,
662 5057 738 5119 ὡς
769 5055 880 5125 ἐγὼ
917 5059 946 5109 ὁ
978 5057 1299 5121 διδάσκαλος
1330 5058 1506 5128 ὑμῶν,
1536 5059 1632 5113 καὶ
1662 5058 1808 5128 μέγα

210 5153 343 5220 ὑμῖν
374 5152 456 5214 τὸ,
486 5151 579 5202 καὶ
613 5152 667 5202 ὲν
698 5153 811 5213 τοῖς
835 5151 1104 5214 τοιούτοις
1128 5150 1455 5220 ὲξισωθῆναί
1491 5169 1598 5222 μοι.

278 5242 392 5297 Καὶ
432 5245 463 5294 ὀ
496 5241 719 5305 δοῦλος
751 5271 820 5281 -
860 5242 1069 5297 αὐτοῦ.
1109 5241 1437 5296 Ἐλκυστέον
1475 5244 1572 5297 καὶ
1603 5243 1697 5296 ἐπὶ
1747 5243 1807 5296 τὸ

211 5336 380 5405 ρητδν
406 5333 568 5386 τοῦτο
604 5331 768 5385 πάλιν
798 5334 882 5399 τὸ,
915 5335 1172 5404 ἀρκετὸν,
1208 5334 1298 5389 ἵνα
1319 5335 1571 5404 γένηται.

278 5427 351 5480 ει
393 5457 459 5466 -
487 5423 827 5490 οὶκειακοὺς
870 5426 1080 5478 αὐτοῦ.
1136 5425 1468 5490 Βεελξεϐοὺλ
1495 5424 1806 5496 ὠνόμαζον,

1923 3311 2276 3368 accederent.
2315 3311 2631 3368 Sulliciebat
2652 3315 2797 3369 enim
2824 3331 2923 3385 pro
2943 3319 3092 3371 omni
3122 3320 3523 3388 consolatione,

1926 3415 1985 3456 ut
2021 3404 2133 3458 illis
2159 3404 2295 3458 adeo
2316 3405 2608 3475 exagitatis
2643 3418 2933 3476 appareret
2963 3411 3146 3478 :quod
3199 3426 3332 3467 sane
3387 3420 3521 3468 tunc

1923 3495 2087 3548 etiam
2121 3494 2274 3559 fecit,
2297 3495 2439 3550 sicut
2462 3497 2733 3565 promisit.
2761 3497 2900 3563 Quia
2931 3509 3112 3554 autem
3147 3500 3388 3556 futurum
3408 3511 3534 3558 erat-

1925 3601 1984 3644 ut
2012 3592 2080 3645 ab
2116 3591 2203 3646 his
2219 3591 2315 3660 qui
2350 3605 2409 3645 se
2446 3601 2961 3662 persequerentur,
2991 3595 3320 3649 calumniam
3354 3597 3528 3651 susti-

1918 3691 2121 3736 nerent
2150 3720 2164 3745 ,
2189 3691 2246 3736 et
2271 3681 2396 3736 ideo
2429 3683 2662 3737 moleste
2707 3683 2919 3737 ferrent
2952 3701 2964 3736 :
3006 3700 3176 3754 super
3205 3685 3311 3738 hoc
3354 3687 3521 3740 etiam

1918 3775 2347 3829 consolationem
2373 3774 2534 3830 aﬂ'ert
2564 3817 2579 3840 ,
2599 3776 2799 3844 partim
2833 3793 2862 3830 a
2897 3778 3120 3846 proprio
3151 3778 3424 3848 exemplo,
3469 3782 3530 3836 et

1917 3865 1985 3920 ab
2021 3865 2104 3920 his
2168 3882 2290 3936 quae
2322 3867 2423 3921 sibi
2460 3867 2566 3937 ipsi
2607 3868 2952 3934 accidebant,
2985 3868 3176 3924 dicens
3229 3887 3244 3923 :

1992 3957 2146 4011 Vers.
2180 3959 2272 4012 24.
2345 3957 2470 4012 Non
2494 3989 2568 3999 —
2599 3960 2873 4013 dominum
2907 3978 3090 4015 suum.
3153 3961 3522 4021 Communem

1915 4048 2127 4119 profert
2169 4051 2528 4114 sententiam,
2557 4067 2788 4121 qumque
2825 4054 3083 4108 omnibus
3130 4062 3258 4109 nota
3289 4065 3374 4111 est
3405 4075 3418 4110 :
3467 4068 3525 4113 et

1917 4141 2044 4196 huic
2071 4143 2296 4211 adaptat
2329 4184 2342 4207 ,
2373 4157 2495 4212 qua:
2525 4143 2672 4197 circa
2691 4159 2751 4198 se
2781 4144 3060 4209 accidunt,
3089 4146 3352 4202 utnullus
3390 4163 3522 4219 pos-

1915 4233 1984 4286 sit
2021 4234 2422 4289 contradicere.
2474 4233 2615 4290 Vere
2645 4235 2793 4289 enim
2827 4236 2901 4291 ita
2955 4247 3060 4302 est,
3141 4237 3287 4307 quod
3339 4253 3523 4311 neque

1915 4323 2221 4394 discipulus
2245 4341 2344 4380 suo
2377 4331 2637 4397 magistro
2655 4329 3007 4396 praestantior
3030 4335 3115 4383 est
3139 4369 3152 4394 ,
3186 4344 3364 4398 neque
3401 4346 3521 4387 ser-

1914 4433 2016 4472 vus
2048 4434 2147 4473 suo
2178 4419 2436 4474 domino:
2466 4420 2596 4474 dum
2622 4419 2712 4474 ille
2734 4420 3034 4490 discipulus
3084 4422 3269 4488 fuerit,
3302 4430 3358 4477 et
3415 4424 3522 4481 iste

1914 4519 2126 4559 servus.
2151 4505 2286 4559 Nam
2306 4506 2578 4576 subiectio
2605 4509 2854 4576 quaedam
2873 4517 2959 4563 est
2975 4507 3162 4564 doceri
3197 4523 3262 4565 ac
3287 4511 3520 4578 servire,

1912 4608 1968 4654 ct
2003 4599 2304 4654 secundum
2321 4600 2428 4654 hoc
2451 4600 2630 4670 ipsum
2656 4601 2881 4657 omnino
2909 4603 3140 4673 subjecﬁ
3158 4612 3307 4659 sunt.
3329 4605 3524 4676 Itaque

1911 4707 2091 4762 neque
2115 4706 2211 4748 vos
2229 4706 2391 4761 supra
2407 4707 2497 4748 me
2517 4694 2801 4758 estis,cum
2822 4694 2923 4750 sim
2942 4695 3208 4768 magister
3222 4710 3288 4752 ac
3334 4695 3521 4752 Domi-

1915 4800 2020 4838 llllS
2053 4792 2255 4838 νοειριν.

1981 4875 2136 4928 Vers.
2171 4872 2259 4926 25.
2289 4873 2493 4944 Sufﬁcit
2518 4903 2589 4914 --
2617 4875 2874 4947 magister
2900 4893 3048 4930 suus.
3112 4876 3259 4932 Satis
3283 4889 3368 4932 est
3420 4893 3519 4934 v0-

1912 4967 1994 5021 bis
2028 4967 2315 5036 diScipulis
2331 4968 2397 5021 ad
2429 4969 2884 5034 consolationem,
2921 4978 2983 5024 ut
3013 4971 3351 5027 contumelia
3392 4971 3515 5027 alli-

1911 5057 2156 5123 ciamini,
2185 5058 2400 5113 sicutet
2429 5075 2550 5130 ego,
2575 5061 2800 5130 quisum
2825 5060 3077 5132 Magister
3097 5071 3282 5118 vester
3307 5081 3321 5117 :
3352 5062 3518 5133 idque

1913 5166 2170 5222 magnum
2196 5163 2301 5216 est,
2337 5161 2397 5206 ut
2431 5153 2598 5208 etiam
2646 5155 2701 5207 in
2735 5155 2935 5211 talibus
2966 5155 3102 5210 mihi
3127 5156 3338 5211 similes
3373 5157 3512 5211 sitis.

1985 5243 2140 5300 Vers.
2184 5245 2275 5298 9.5.
2333 5243 2401 5298 Et
2431 5263 2612 5301 servus
2641 5278 2711 5289 —-
2735 5265 2887 5302 suus.
2927 5247 3170 5306 Rursum
3201 5250 3368 5306 etiam
3399 5251 3509 5307 huc

1913 5337 2243 5393 trahendum
2265 5348 2350 5393 est
2382 5381 2396 5402 ,
2433 5341 2580 5409 quod
2606 5341 2742 5396 dixit
2776 5359 2789 5396 :
2829 5342 3029 5414 Sit/ﬁcit
3065 5355 3121 5397 ut
3153 5344 3274 5413 ﬁat.

1993 5425 2146 5484 Vers.
2167 5429 2258 5485 95.
2315 5426 2374 5482 Si
2397 5460 2465 5470 --
2483 5431 2799 5491 domesticos
2813 5436 2928 5506 ejus
2961 5437 2985 5490 ?
3009 5435 3298 5493 Beelzebul
3327 5435 3514 5496 nomi-

1429 5587 1634 5648 Varim
1671 5585 1985 5652 lectiones
2019 5593 2079 5649 et
2116 5593 2306 5650 notae.

284 5736 400 5812 (at)
423 5737 688 5812 Bisergo
725 5739 842 5812 ῖσος
875 5754 1000 5794 cum
1033 5740 1297 5812 genitivo.

283 5807 401 5880 (‘35)
420 5806 606 5864 Malim
631 5806 955 5878 ἀφίξωνται.

1986 5739 2100 5803 (9-6)
2135 5741 2174 5794 l.
2211 5754 2263 5794 e.
2297 5742 2616 5809 ἐλάττωσις.

1995 5809 2108 5881 (27)
2137 5811 2568 5888 ύποόεϐλήκασι.
2603 5815 2664 5871 Β.
