4122 6438
229 449 332 524 διι

1184 454 1573 519 COMMENT.
1618 456 1704 518 IN
1747 456 2221 520 ΜᾹἸἹἮΑΞΙΙΜ.
2262 481 2332 494 -
2365 456 2528 518 CAP.
2561 457 2635 518 Χ.

3402 456 3510 522 342

232 567 311 632 ὥς
336 566 641 623 πωλεῖσθαι
675 565 771 622 δύο
805 563 1219 637 τοῦάσσαρίςυ.
1253 566 1346 620 καὶ
1385 569 1559 640 ὅμως,
1602 566 1724 621 οὐδὲ
1757 567 1850 627 ἓν.

1951 564 2352 638 nterrogando:
2381 564 2577 620 Nonne
2636 570 2802 620 tanta:
2845 561 3074 619 vilitatis
3121 570 3255 619 sunt
3288 578 3515 634 passer-

235 659 302 713 ιιι
330 657 540 714 τούτων
570 656 868 729 θηρεύεται
901 656 1074 730 χωρὶς
1101 657 1196 711 τοῦ
1230 657 1398 726 Θεοῦ;
1443 659 1544 730 οὐχ
1582 659 1658 722 ὡς
1697 677 1822 714 συν-

236 749 554 823 εργοῦντος,
587 750 706 806 ἀλλ’
737 749 814 818 ὡς
844 749 1334 822 παραχωροῦντος.

320 1013 523 1086 ’Υμῶν
557 1015 628 1070 δὲ
658 1047 726 1059 -
758 1018 940 1074 εἰσίν.
986 1018 1178 1089 Ὑμεῖς
1206 1021 1265 1076 δὲ
1307 1023 1566 1078 τοσοῦτόν
1596 1027 1720 1086 ἐστι
1748 1027 1825 1080 τί-

240 1125 377 1180 μιοι,
401 1106 546 1162 ὥστε
577 1110 672 1164 καὶ
693 1109 876 1175 πάσας
908 1112 1064 1182 ὑμῶν
1089 1114 1189 1179 τάς
1219 1116 1412 1188 τρίχας
1441 1117 1825 1191 ἠριθμημένας

238 1194 382 1253 εἶναι
413 1200 565 1272 παρὰ
590 1200 750 1256 Θεοῦ.
792 1202 955 1272 Δηλοί
979 1204 1036 1257 δὲ
1067 1206 1101 1274 ή
1133 1207 1520 1279 ἀπαρίθμησις
1563 1211 1674 1265 τῶν
1705 1230 1824 1281 τρι-

238 1287 376 1358 χῶν,
411 1287 512 1358 τήν
542 1287 748 1360 ἀκριϐῆ
775 1290 1000 1358 γνῶσιν,
1030 1293 1113 1346 ὅτι
1143 1293 1264 1348 λίαν
1286 1295 1626 1364 γινώσκεσθε
1651 1299 1821 1370 αύτῷ,

239 1380 338 1472 καὶ
385 1379 741 1452 λεπτομερῶς
779 1376 890 1435 οἶδε
939 1384 1122 1438 πάντα
1158 1387 1228 1440 τὰ
1263 1388 1394 1442 καθ’
1435 1390 1582 1459 ὑμᾶς
1605 1390 1694 1445 διὰ
1727 1394 1827 1464 τὴν

217 1474 381 1542 ράγαν
428 1473 587 1544 ὐμῶν
619 1476 921 1532 οἰκείωσιν.
981 1479 1094 1532 Καὶ
1152 1483 1201 1535 εἰ
1254 1481 1378 1536 τῶν⁴
1417 1484 1826 1542 εὐτελεστάτων

243 1565 547 1639 στρουθίων
586 1567 740 1621 οὐδὲν
771 1568 1071 1639 θηρεύεται
1097 1574 1268 1644 χωρὶς
1297 1575 1484 1642 αὐτοῦ,
1527 1577 1713 1642 καθὼς
1747 1581 1825 1634 εί-

245 1672 434 1728 ρηται,
470 1659 655 1729 πολλῷ
693 1661 897 1732 μᾶλλον
930 1663 1088 1732 ὐμείς
1115 1666 1164 1718 οἰ
1198 1667 1373 1737 τίμιοι
1405 1670 1507 1723 οὐκ
1537 1671 1829 1744 ἀναιρεθήο

239 1749 450 1895 Erg):
467 1751 542 1823 μή
567 1753 1028 1826 παραχωροῦντας
1061 1758 1248 1813 αὐτοῦ.
1282 1760 1393 1815 Kal
1414 1761 1600 1818 λοιπὸν
1625 1766 1686 1818 ού
1721 1767 1827 1839 χρὴ

277 1857 300 1893 ε
368 1859 422 1894 ιιι
454 1858 568 1895 ναι.

277 1857 568 1899 εοοικεναι.

322 2025 418 2094 Μὴ
449 2055 519 2066 —
539 2021 654 2081 οὖν
682 2027 872 2095 ὑμεῖς.
899 2029 1166 2096 Πολλάκις
1193 2034 1546 2101 ὲγκελεύεται
1577 2039 1677 2109 τὴν
1706 2041 1842 2109 ἀφο-

248 2123 375 2175 ϐίαν
413 2123 621 2187 αὐτοῖς.
647 2123 734 2177 διὰ
764 2124 832 2178 τὰ
886 2127 1096 2200 μεγέθη
1148 2129 1256 2182 τῶν
1312 2132 1617 2202 μελλόντων
1647 2153 1843 2208 πειρα-

251 2235 284 2270 σ
291 2217 432 2288 μῶν.

323 2307 446 2375 Πᾶς
471 2339 542 2350 —
571 2308 643 2361 ἐν
671 2311 978 2378 οὐρανοῖς.
1027 2313 1375 2383 Ὁμολογίαν,
1401 2318 1501 2389 τὴν
1531 2321 1843 2394 μαρτυρίαν

249 2400 425 2468 λέγει,
474 2401 814 2473 παραθήγων
862 2404 1062 2466 αὐτοὺς
1093 2408 1175 2468 εἰς
1232 2409 1292 2460 τὸ
1345 2411 1670 2482 μαρτύριον.
1703 2416 1844 2486 Φησὶ

253 2491 386 2563 γὰρ,
417 2491 500 2545 ὅτι
563 2493 679 2555 Πᾶς
737 2495 887 2558 ὅστις
945 2499 1291 2567 μαρτυρήσει
1352 2517 1445 2569 μοι
1489 2502 1724 2574 Θεότητα
1759 2509 1846 2559 ὲν-

255 2581 430 2636 ὡπιον
457 2583 567 2636 τῶν
589 2583 918 2655 ἀνθρώπων,
943 2591 1287 2660 μαρτυρήσω
1309 2591 1459 2662 αύτῷ
1480 2594 1635 2662 κάγὼ
1661 2597 1846 2653 πίστιν

258 2675 492 2730 ἐνώπιον
523 2676 618 2730 τοῦ
653 2679 868 2750 Πατρός
923 2697 1048 2750 μου,
1091 2683 1394 2750 τουτέστιν,
1443 2689 1539 2750 ’ος
1566 2691 1847 2764 ἀνακηρύ-

259 2766 340 2833 ξει
367 2786 434 2839 με
465 2767 621 2835 Θεὸν,
652 2770 984 2843 ἀνακηρύξω
1024 2773 1189 2827 αὐτὸν
1222 2776 1378 2845 κάγὼ
1415 2780 1625 2833 πιστόν.
1657 2781 1848 2847 Ὅστις

257 2858 304 2915 δ’
335 2857 400 2913 ἂν
427 2859 720 2932 ἀπώσηται
756 2880 846 2932 με,
885 2865 1182 2937 ἀπώσομαι
1218 2867 1373 2937 κάγὼ
1403 2871 1587 2926 αὐτόν.
1618 2873 1691 2927 Τὸ
1713 2874 1846 2943 γοῦν

272 2951 378 3004 Ἔν
403 2949 559 3019 ἐμοὶ,
589 2951 712 3005 ἀντὶ
741 2951 862 3018 τοῦ,
895 2955 1076 3024 Ἐμοί.
1110 2958 1220 3010 Καὶ
1250 2958 1331 3022 τὸ,
1369 2960 1475 3014 Ἔν
1498 2961 1681 3027 αὐτῷ,
1724 2965 1848 3018 ἀντὶ

261 3040 381 3104 τοῦ,
416 3041 596 3114 Αὐτῷ.
639 3043 701 3098 '0
733 3045 790 3100 δὲ
824 3046 1218 3117 Χρυσόστομός
1259 3051 1371 3121 (32)
1420 3069 1606 3123 φησιν,
1636 3056 1716 3109 ὅτι
1749 3057 1850 3110 οὐκ

264 3127 440 3202 εἶπεν,
475 3133 667 3198 Ὅστις
696 3137 1028 3207 ὁμολογήσει
1071 3141 1218 3208 ἐμοὶ,
1251 3139 1366 3193 ἀλλ’
1397 3141 1490 3195 Ἐν
1519 3145 1666 3214 ἐμοὶ,
1700 3157 1852 3200 τουτ-

1926 659 2055 723 cnli,
2110 668 2171 714 ut
2198 659 2309 715 duo
2358 657 2670 714 vendantur
2719 656 2952 722 assario,
2980 655 3088 711 hoc
3144 663 3251 719 est,
3288 653 3517 711 minimo

1925 753 2089 808 obolo
2112 753 2138 807 τ
2161 760 2215 808 et
2247 761 2429 807 tamen
2460 765 2640 821 neque
2667 764 2812 804 unus
2851 763 2920 803 ex
2943 747 3033 803 his
3078 745 3300 817 capitur
3319 745 3518 816 laqueo

1925 845 2134 916 absque
2163 843 2297 908 Deo,
2316 857 2428 897 non
2457 849 2714 912 tanquam
2742 846 3099 911 cooperante,
3131 837 3230 893 sed
3260 843 3518 908 tanquam

1927 936 2306 1009 permittente.

2001 1024 2154 1082 Vera.
2175 1026 2268 1082 30.
2302 1025 2470 1082 Vestri
2497 1034 2679 1080 autem
2707 1033 2946 1079 —stml..
2971 1023 3082 1080 Vos
3138 1029 3324 1078 autem
3384 1017 3523 1074 tanti

1927 1121 2085 1186 estis,
2124 1129 2186 1174 ut
2216 1135 2412 1175 omnes
2440 1134 2659 1190 quoque
2677 1117 2861 1188 capilli
2897 1117 3070 1172 vestri
3104 1112 3376 1169 numerati
3412 1111 3524 1166 sint

1928 1228 1960 1267 a
1975 1212 2108 1267 Deo.
2130 1210 2419 1282 Signiﬁcat
2435 1216 2615 1263 autem
2641 1206 2972 1276 capillorum
2995 1218 3262 1259 numerus
3276 1209 3524 1257 exactam

1929 1302 2208 1364 notitiam,
2278 1301 2423 1371 quod
2482 1299 2640 1355 valde
2707 1297 2910 1369 cogniti
2963 1296 3089 1352 sitis
3138 1294 3210 1349 ab
3271 1290 3536 1358 eo,etatl-

1929 1397 2204 1453 minutum
2226 1382 2449 1466 quoque
2480 1394 2635 1449 novit
2661 1408 2746 1457 ea,
2780 1404 2902 1461 qua:
2917 1390 3068 1446 circa
3089 1400 3186 1442 vos
3219 1396 3371 1448 sunt,
3398 1397 3527 1453 pro—

1929 1499 2053 1559 pter
2083 1503 2334 1558 magnam
2358 1485 2641 1540 vobiscum
2681 1479 3136 1536 familiaritatem.
3172 1475 3330 1544 Quod
3371 1473 3418 1529 si
3458 1486 3526 1526 ne

1933 1595 2076 1635 unus
2098 1579 2323 1650 quidem
2380 1577 2775 1633 vilissimorum
2817 1571 3268 1645 passerculorum
3333 1567 3528 1635 laqueo

1932 1672 2173 1741 capitur,
2232 1670 2439 1740 absque
2498 1669 2618 1738 ejus
2677 1682 2973 1730 consensu,
3015 1664 3159 1721 sicut
3180 1661 3388 1716 dictum
3421 1665 3528 1718 est,

1933 1764 2106 1819 multo
2144 1762 2321 1834 magis
2345 1776 2468 1826 vos,
2526 1761 2618 1830 qui
2642 1758 2870 1830 pretiosi
2900 1757 3058 1823 estis,
3089 1770 3201 1810 nou
3238 1748 3532 1806 interﬁcie-

1935 1855 2093 1918 mini,
2129 1856 2236 1910 nisi
2270 1855 2386 1924 ipse
2417 1852 2791 1909 consenserit.
2812 1849 2935 1906 Non
2961 1856 3181 1920 qportet
3221 1859 3356 1914 ergo
3411 1839 3513 1896 t‘or-

1939 1945 2168 2002 midare.

2012 2037 2173 2092 Vers.
2200 2038 2289 2091 5|.
2350 2038 2432 2091 Ne
2460 2038 2625 2108 igitur
2652 2069 2721 2078 —
2751 2051 2863 2090 vos.
2893 2034 2976 2089 Ad
3009 2031 3228 2088 timoris
3264 2025 3536 2097 abiectio-

1942 2144 2072 2185 nem
2133 2129 2339 2199 saepius
2397 2130 2745 2201 adhortatur,
2807 2134 3040 2200 propter
3103 2121 3536 2194 magnitudinem

1945 2224 2337 2280 tentationum.

2014 2316 2081 2371 ν.
2112 2315 2205 2370 32.
2239 2315 2426 2371 Omnis
2444 2314 2591 2371 —V.
2615 2316 2706 2370 35.
2734 2313 2803 2368 In
2825 2313 2968 2368 cali:
2989 2321 3089 2367 est.
3120 2307 3538 2367 Confessioncm

1943 2414 2105 2463 vocat
2135 2407 2556 2474 testimonium,
2596 2421 2907 2478 provocans
2939 2419 3037 2460 eos
3069 2402 3138 2458 ad
3169 2400 3254 2457 sui
3289 2398 3542 2456 testimo-

1943 2499 2122 2554 nium.
2146 2498 2288 2555 Dicit
2319 2515 2495 2572 ergo:
2533 2498 2729 2555 Omnis
2777 2498 2868 2568 qui
2926 2493 3307 2552 testimonium
3355 2490 3542 2546 tulerit

1946 2591 2017 2647 de
2057 2609 2180 2649 mea
2210 2593 2499 2649 divinitate
2532 2608 2716 2648 coram
2750 2591 3091 2654 hominibus,
3130 2597 3188 2644 et
3242 2603 3345 2657 ego
3391 2583 3546 2638 testi-

1947 2687 2194 2743 monium
2218 2687 2392 2742 feram
2421 2686 2499 2741 illi
2525 2701 2710 2741 coram
2747 2685 2907 2740 Patre
2937 2697 3061 2738 meo
3089 2700 3104 2736 :
3134 2681 3240 2736 hoc
3305 2685 3411 2743 est,
3439 2674 3542 2742 Qui

1949 2777 2335 2850 prmdicaverit
2387 2793 2476 2833 me
2528 2792 2652 2832 esse
2699 2777 2895 2840 Deum,
2957 2772 3274 2844 praedicabo
3339 2778 3394 2824 et
3444 2782 3545 2839 ego

1949 2885 2078 2927 eum
2102 2885 2226 2926 esse
2251 2869 2489 2925 ﬁdelem.
2544 2867 2810 2938 Quisquis
2865 2876 3048 2922 autem
3096 2878 3188 2919 me
3255 2859 3543 2931 repulerit,

1950 2963 2217 3034 repellam
2251 2970 2307 3018 et
2335 2977 2437 3033 ego
2475 2961 2651 3016 illum.
2693 2960 2851 3026 Quod
2883 2972 3015 3030 ergo
3043 2956 3283 3013 dicitur:
3334 2952 3399 3007 In
3440 2966 3545 3011 me.

1955 3055 2100 3111 idem
2123 3063 2211 3110 est
2265 3065 2332 3110 ac
2381 3053 2427 3111 si
2480 3054 2650 3116 dicat,
2707 3052 2859 3107 Mihi.
2908 3051 2976 3105 Et
3003 3047 3153 3119 quod
3179 3045 3423 3101 dicitur:
3481 3039 3547 3094 In

1952 3148 2068 3214 illa,
2151 3164 2218 3204 ac
2306 3149 2351 3204 si
2401 3146 2566 3213 dicat,
2613 3146 2727 3202 Illi.
2779 3145 3202 3216 Cbrysostomus
3263 3151 3394 3194 vero
3448 3133 3546 3197 ait,

263 3221 438 3288 ἐστιν,
465 3223 558 3276 ὑπ’
587 3224 723 3294 ἐμοῦ
754 3221 1146 3296 βοηθούμενος.
1179 3228 1343 3282 Ὅθεν
1365 3231 1674 3298 ἀκολούθοις
1697 3233 1850 3289 νοοῦ-

1956 3239 2103 3311 quod
2136 3256 2248 3295 non
2271 3240 2450 3296 dixit:
2483 3238 2746 3309 Quisquis
2777 3235 3131 3293 conﬁtcbitnr
3156 3233 3272 3289 sive
3298 3228 3548 3285 testimo-

267 3331 368 3384 μεν
402 3315 496 3369 καὶ
514 3315 606 3370 τό·
653 3315 1044 3386 Ὀμολογήσω
1075 3318 1238 3388 κάγὼ
1265 3321 1336 3375 ἐν
1362 3323 1544 3389 αὐτῷ,
1576 3326 1698 3379 ἀντὶ
1729 3326 1848 3393 τοῦ,

275 3405 418 3460 ’Υπδ
448 3409 548 3478 τῆς
583 3408 1012 3480 εὐγνωμοσύνης
1043 3411 1209 3466 αὑτοῦ
1237 3415 1583 3486 κινούμενος.
1617 3419 1776 3473 Ἐπεὶ
1797 3421 1853 3475 δὲ

266 3503 516 3572 ταραχῆς
543 3502 641 3556 καὶ
693 3503 863 3574 φόϐου
913 3504 1114 3574 μεστὸν
1145 3504 1341 3574 ἔμελλε
1374 3508 1625 3576 γίνεσθαι
1656 3511 1718 3566 τὸ
1752 3513 1854 3585 κήο

269 3609 479 3664 ρυγμα,
510 3594 981 3666 προδιαλαμόἀνει
1011 3597 1106 3650 καὶ
1136 3599 1266 3668 περὶ
1294 3601 1508 3667 τούτου,
1545 3600 1744 3671 λέγων.

1960 3333 2114 3387 nium
2175 3332 2388 3389 dederit
2437 3332 2596 3396 mihi,
2644 3331 2742 3386 sed
2791 3330 2854 3386 In
2884 3342 2974 3384 me
3001 3327 3119 3382 sive
3156 3339 3256 3396 per
3295 3336 3403 3386 me,
3444 3320 3551 3385 hoc

1962 3411 2069 3490 est,
2105 3439 2135 3478 a
2161 3440 2250 3480 me
2271 3423 2513 3495 adjutus.
2541 3422 2700 3479 Unde
2729 3427 3132 3491 consequenter
3160 3416 3326 3473 etiam
3351 3412 3549 3468 intelli-

1965 3516 2166 3586 gimus,
2201 3532 2325 3571 cum
2352 3516 2593 3573 dicitur:
2625 3513 2944 3571 Conﬁtebor
2981 3519 3039 3568 et
3059 3524 3162 3580 ego
3193 3510 3250 3562 in
3279 3506 3392 3571 illo,
3426 3519 3556 3575 per-

1964 3608 2095 3663 inde
2128 3623 2255 3664 esse
2305 3623 2370 3664 ac
2392 3608 2438 3664 si
2465 3608 2612 3664 dicat
2643 3624 2656 3660 :
2699 3607 2747 3660 A
2769 3604 3105 3678 gratitudine
3129 3600 3310 3672 ipsius
3346 3605 3551 3653 motus.

270 3689 412 3758 Quia
440 3701 625 3747 autem
701 3692 948 3750 futurum
997 3704 1118 3751 erat
1148 3705 1207 3751 ut
1261 3698 1576 3756 turbatione
1615 3717 1681 3758 ac
1735 3704 1888 3760 caede
1931 3706 2252 3777 impleretur
2289 3706 2626 3778 praedicatio,
2678 3705 2746 3760 de
2805 3704 2911 3760 hoc
2958 3713 3178 3775 quoque
3223 3704 3422 3754 tractat
3471 3691 3560 3748 di-

266 3799 399 3842 cens
418 3805 433 3842 ἶ

339 3879 439 3949 Μὴ
471 3881 766 3951 νομίσητε
790 3913 862 3924 -
886 3883 1216 3955 μάχαιραν.
1243 3885 1378 3960 [Τοῦ
1409 3889 1524 3962 (33)
1556 3891 1822 3962 Θεολόγου
1844 3909 1862 3928 ο

270 3974 338 4043 Τί
369 3973 428 4028 δι
457 3975 491 4046 ή
543 3974 832 4046 μάχαιρα;
880 3977 946 4031 Ἥ
975 3979 1118 4051 τομὴ
1147 3978 1240 4032 τοῦ
1276 3980 1464 4050 λόγου,
1509 3985 1543 4054 ή
1572 3984 1858 4054 διαιροῦσα

271 4069 330 4122 τὸ
354 4070 538 4140 χεῖρον
577 4069 813 4123 ἀπὸτοῦ
862 4070 1198 4141 κρείττονος,
1247 4074 1344 4128 καὶ
1380 4074 1745 4146 διχοτομοῦσα
1769 4079 1863 4133 τὸν

275 4160 469 4214 πιστὸν
503 4161 598 4215 καὶ
628 4161 720 4214 τὸν
769 4159 1024 4225 ἄπιστον,
1057 4163 1154 4217 καὶ
1181 4165 1548 4236 ἐπεγείρουσα
1578 4168 1671 4222 τὸν
1718 4170 1858 4235 υἰὸν,

275 4253 371 4307 καὶ
409 4253 511 4323 τὴν
542 4252 843 4326 θυγατέρα,
877 4257 972 4310 καὶ
1019 4256 1118 4324 τὴν
1152 4256 1376 4328 νύμφην
1422 4258 1501 4330 τῷ
1537 4262 1727 4330 πατρὶ,
1762 4265 1858 4316 καὶ

274 4347 340 4416 τῇ
377 4346 572 4416 μητρὶ,
603 4347 696 4399 καὶ
723 4349 792 4417 τῇ
842 4347 1103 4419 πενθερᾷ,
1150 4349 1221 4403 τὰ
1251 4349 1349 4403 νέα
1396 4352 1494 4404 καὶ
1541 4354 1859 4422 πρόσφατα,

275 4439 391 4501 τοῖς
419 4438 672 4501 παλαιοῖς
703 4439 800 4492 καὶ
837 4439 1141 4514 σκιώδεσι.]

349 4532 458 4586 Καὶ
495 4530 604 4603 μὴν
656 4531 843 4599 ελεγον
882 4535 931 4586 οἱ
985 4533 1230 4602 ἄγγελοι,
1267 4535 1625 4607 γεννηθέντος
1658 4536 1881 4592 αὑτοῦ·-

276 4625 434 4693 Δόξα
466 4626 538 4680 ἐν
564 4626 853 4695 ὑψίστοις
881 4624 1025 4692 Θεῷ,
1054 4628 1149 4680 καὶ
1179 4627 1271 4680 ἐπὶ
1294 4629 1398 4698 γῆς
1427 4631 1640 4701 εἰρήνη.
1674 4633 1787 4686 Καὶ
1815 4632 1868 4685 οἰ

278 4721 560 4791 προφῆται
581 4719 638 4773 δὲ
667 4719 766 4790 τὴν
793 4719 1024 4791 εἰρήνην
1054 4718 1221 4774 αὑτοῦ
1264 4720 1436 4776 πάλαι
1466 4725 1874 4795 προκατήγγει-

277 4813 400 4867 λαν.
426 4813 542 4866 Καὶ
573 4812 736 4876 αὐτὸς
767 4812 824 4865 δὲ
853 4815 967 4876 τοῖς
998 4811 1272 4883 μαθηταῖς
1296 4814 1656 4884 προσέταξεν,
1681 4818 1868 4889 εἰσερ-

279 4905 549 4975 χομένους
606 4906 688 4967 εἰς
763 4903 1002 4974 εκάστην
1048 4904 1251 4971 οἰκίαν,
1311 4907 1538 4976 εἰρήνην
1589 4909 1872 4978 ἐπιλέγειν

281 4998 447 5066 αὐτῇ.
495 4996 621 5059 Πῶς
649 4994 743 5050 οῦν
796 5013 930 5064 φησι
979 4996 1098 5061 νῦν,
1137 4997 1222 5051 ὅτι
1252 5001 1374 5054 Οὐκ
1425 4996 1618 5070 ἦλθον
1649 5002 1873 5066 βαλεῖν

281 5087 573 5158 εἰρήνην;
611 5088 757 5142 Διότι
798 5089 831 5159 ἡ
883 5088 1134 5160 μάχαιρα
1164 5088 1305 5161 αὕτη
1347 5094 1524 5146 ποιεῖν
1557 5092 1750 5163 ἔμελλε
1774 5095 1873 5167 τὴν

283 5179 512 5254 εἰρήνην
542 5180 782 5252 εκείνην,
819 5181 948 5252 περὶ
994 5175 1062 5254 ἦς
1094 5177 1251 5237 εἷπον
1305 5183 1359 5236 0't'
1390 5201 1449 5237 τε
1497 5185 1744 5253 ἄγγελοι,
1778 5187 1875 5241 καὶ

285 5277 394 5350 πρὸ
419 5276 627 5331 τούτων
660 5277 710 5329 οἰ
755 5276 1061 5347 προφῆται.
1119 5275 1419 5348 Μάχαιραν
1451 5276 1510 5330 δὲ
1555 5279 1725 5346 λέγει,
1774 5280 1876 5351 τὴν

285 5370 425 5441 πρὸς
456 5369 622 5423 αὑτὸν
646 5368 892 5437 ἀγάπην,
921 5366 998 5431 ὡς
1020 5366 1338 5438 διαιροῦσαν
1362 5369 1492 5433 τοὺς
1520 5370 1875 5436 πιστεύοντας

390 5555 440 5592 ⁸⁸
473 5558 611 5615 Luc.
641 5555 820 5622 ",1‘.
931 5556 1169 5613 “Matii.
1202 5575 1256 5623 ι,
1299 5560 1384 5616 12.

2033 3892 2194 3949 Vers.
2251 3893 2342 3948 34.
2388 3891 2474 3946 Ns
2503 3889 2700 3959 putetis
2735 3913 2802 3933 -ο
2848 3885 3114 3958 gladium.
3175 3882 3216 3955 ἰ-
3261 3881 3404 3950 Quid
3465 3898 3562 3954 per

1962 3987 2204 4058 gladium
2245 3985 2608 4056 signiﬁcatur,
2652 3981 2760 4036 nisi
2785 3980 2958 4036 sectio
2977 3977 3156 4045 verbi,
3189 3977 3442 4032 dividens
3463 3991 3562 4047 pe-

1959 4083 2050 4154 jus
2077 4098 2109 4138 a
2141 4080 2378 4146 meliori,
2409 4085 2469 4134 et
2499 4090 2766 4146 separans
2788 4073 3007 4128 ﬁdelem
3033 4071 3103 4127 ab
3129 4070 3334 4126 inﬁdeli
3360 4087 3373 4125 :
3409 4071 3564 4126 exci-

1962 4187 2085 4232 tans
2136 4175 2307 4230 ﬁlium
2365 4180 2423 4229 et
2479 4170 2646 4225 ﬁliam
2676 4184 2742 4225 ac
2763 4181 2965 4222 nurum
3024 4165 3292 4221 adversus
3349 4171 3562 4234 patrem

1967 4279 2020 4325 et
2041 4277 2273 4323 matrem
2290 4281 2355 4321 ac
2387 4279 2606 4320 socrum
2635 4278 2647 4315 :
2680 4270 2733 4317 et
2751 4275 2892 4316 nova
2918 4273 2984 4316 ac
3006 4258 3250 4315 recentia
3299 4257 3566 4313 adversus

1972 4363 2198 4433 antiqua
2229 4370 2285 4415 et
2338 4360 2669 4415 inveterata.

2044 4543 2210 4613 Atqui
2241 4549 2372 4596 nato
2397 4555 2466 4595 eo
2494 4537 2752 4594 dicebant
2781 4534 2961 4607 angeli
2993 4551 3010 4590 :
3055 4531 3239 4589 Gloria
3265 4531 3322 4585 in
3359 4529 3562 4586 altissi-

1971 4638 2072 4692 mis
2133 4635 2262 4700 Deo,
2294 4643 2345 4688 et
2405 4634 2462 4686 in
2496 4641 2643 4686 terra
2693 4645 2803 4700 pax
2850 4626 3009 4683 “.Et
3039 4624 3325 4696 prophetas
3373 4636 3567 4692 pacem

1971 4729 2094 4799 eius
2111 4726 2597 4782 annuntiaverant.
2657 4722 2783 4793 Ipse
2823 4734 3042 4788 quoque
3071 4713 3566 4786 discipulisjussit,

1972 4831 2035 4877 ut
2097 4819 2401 4891 quamlibet
2492 4817 2720 4871 domum
2796 4810 3195 4882 ingredientes,
3253 4822 3446 4878 pacem
3515 4805 3568 4859 ei

1973 4921 2230 4983 optarent
2264 4911 2331 4965 ⁸⁸.
2368 4907 2654 4976 Quomodo
2717 4920 2848 4975 ergo
2884 4917 3034 4958 nunc
3056 4901 3229 4956 dicit:
3296 4899 3418 4953 Non
3449 4898 3569 4953 veni

1979 5009 2237 5062 missurus
2302 5000 2620 5074 pacem,sed
2655 4995 2942 5070 gladium?
3001 4993 3140 5061 Quia
3192 4991 3404 5064 gladius
3454 4989 3567 5055 hic,

1980 5114 2171 5172 paceni
2197 5097 2342 5150 illam
2367 5095 2616 5149 facturus
2658 5099 2764 5154 est,
2798 5089 2868 5145 de
2899 5103 3005 5158 qua
3052 5087 3315 5142 dixerunt
3365 5081 3566 5153 angeli,

1982 5202 2036 5250 et
2063 5199 2189 5246 ante
2229 5189 2349 5244 illos
2385 5186 2694 5257 prophetas.
2755 5181 3007 5239 Gladium
3034 5187 3218 5257 autem
3257 5184 3419 5232 vocat
3479 5173 3568 5228 di-

1983 5286 2273 5340 lectionem
2332 5254 2459 5351 erga
2493 5254 2598 5341 se,
2640 5283 2831 5346 utpote
2894 5254 3085 5328 ﬁdeles
3133 5271 3202 5326 ab
3257 5265 3570 5324 inﬁdelibus

1983 5376 2364 5432 dividentem:
2421 5371 2582 5442 cujus
2672 5365 3087 5438 inexpugnabili
3177 5363 3403 5425 virtute,
3463 5353 3568 5427 ipsi

1483 5671 1685 5734 Variae
1711 5669 2021 5733 lectiones
2057 5673 2119 5730 et
2149 5675 2340 5731 notas.

381 5777 472 5847 se)
493 5777 654 5834 Tom.
674 5777 794 5838 vn.
813 5792 870 5847 p.
895 5775 1001 5832 392
1029 5776 1092 5831 ε.

380 5829 472 5924 ἐεὲύ
503 5829 1116 5918 Ῑῐιῇἰιέᾱίίιῖὴὶὰἱεῆιέ
1152 5847 1319 5904 habet
1361 5844 1426 5900 A.
1478 5843 1702 5915 Legitur
1751 5842 1844 5899 hic

1951 5854 2028 5897 :us
2059 5837 2114 5894 in
2147 5836 2414 5904 oratione,
2448 5836 2527 5900 εἰς
2554 5836 2623 5890 τὰ
2657 5833 2944 5906 επιφάνια,
2980 5847 3038 5904 p.
3065 5829 3196 5889 256.
