4042 6402
519 415 634 479 343

1768 413 2151 474 EUTHYMII
2191 415 2552 477 ZlGABENI

3679 411 3785 477 344

523 536 740 592 quoque
769 535 966 592 genere
997 519 1336 586 amicissimi,
1374 519 1538 576 citius
1592 535 1620 574 a
1647 529 1836 575 mutua
1865 522 2096 592 conjun-

2235 527 2311 579 ,πὸ
2339 529 2447 580 τῶν
2475 528 2550 597 μὴ
2587 528 2976 590 πιστευόντων,
3010 519 3076 597 ἧς
3112 529 3176 596 τῇ
3203 524 3402 595 ἀμάχῳ
3434 524 3665 593 δυνάμει
3690 529 3787 576 καὶ

525 612 708 667 ctione
737 621 866 666 sunt
893 610 1075 674 divisi,
1108 609 1373 680 facileque
1400 611 1684 665 abstracti.
1717 610 1855 665 Alibi
1879 619 2102 680 praeter-

528 718 594 760 ea
625 703 1006 760 vehementem
1038 702 1160 771 ejus
1207 703 1539 758 activitatet'n
1563 703 1967 765 demonstrans,
2017 701 2101 755 di-

529 795 650 850 xit:
702 793 884 864 Ignem
931 795 1050 847 verti
1117 795 1381 848 missurus
1409 796 1463 848 in
1497 805 1698 849 terram
1725 794 1792 847 ³⁸.
1822 792 2104 862 Siquidem

527 887 761 955 primum
787 885 1104 940 abscindere
1138 887 1443 955 oportebat,
1475 885 1620 956 quod
1645 895 1762 940 erat
1781 885 2100 940 immedica-

526 978 676 1034 bile:
727 978 928 1032 deinde
972 978 1261 1046 pacificare
1308 987 1526 1041 cetera,
1569 986 1625 1032 et
1678 992 1804 1047 erga
1866 978 2104 1046 seipsum

527 1082 584 1129 et
611 1088 736 1142 erga
771 1073 962 1126 Deum.
998 1072 1230 1142 Propter
1259 1071 1361 1126 hoc
1383 1086 1514 1141 ergo
1543 1070 1732 1124 durius
1767 1070 1841 1124 ita
1894 1070 2108 1125 locutus

526 1173 630 1227 est,
659 1172 717 1218 ut
742 1164 827 1217 his
855 1164 1088 1234 cognitis
1145 1174 1333 1233 postea
1382 1177 1494 1216 non
1542 1162 1855 1216 turbentur.
1915 1161 2108 1216 Adhuc

529 1263 712 1308 autem
753 1253 1202 1321 scrmonem,qui
1243 1250 1310 1304 de
1340 1252 1445 1305 hoc
1480 1250 1656 1304 factus
1677 1261 1783 1314 est,
1831 1249 2107 1320 explanat,

532 1347 684 1400 brevi
704 1346 873 1400 verbo
901 1344 1152 1398 auditum
1185 1359 1379 1397 eorum
1403 1357 1690 1408 exercens,
1729 1357 1799 1397 ne
1823 1343 1893 1396 ob
1925 1356 2107 1396 rerum

529 1437 905 1492 diﬂicultatem
945 1435 1264 1490 reclament.

607 1726 762 1779 Vers.
795 1723 885 1777 35.
929 1723 1059 1777 Veni
1083 1738 1339 1776 -socrum
1373 1720 1603 1789 suam?
1629 1717 1901 1773 Michae:
1941 1717 2116 1772 Filius

531 1815 905 1870 contumeliam
934 1815 1088 1884 faciet
1118 1815 1283 1880 patri,
1318 1822 1368 1866 et
1395 1812 1511 1880 ﬁlia
1539 1823 1816 1881 consurget
1865 1812 2117 1866 adversus

534 1917 763 1961 matrem
822 1921 999 1969 suam,
1056 1920 1230 1960 nurus
1288 1903 1552 1959 adversus
1592 1920 1799 1958 socrum
1852 1920 2026 1966 suam,
2070 1913 2119 1957 et

533 1998 737 2052 inimici
767 1999 992 2050 hominis
1037 2013 1214 2050 omnes
1240 1995 1514 2049 domestici
1539 1995 1652 2063 ejus
1675 1995 1742 2046 ⁸⁷.

606 2090 818 2144 Rursus
844 2104 938 2157 per
953 2089 1054 2142 hos
1077 2087 1448 2151 charissintos,
1479 2085 1857 2153 cognationem
1904 2099 2121 2138 onmem

533 2179 876 2251 signiﬁcavit.
922 2179 1306 2248 Propriissime
1360 2186 1544 2230 autem
1565 2176 1720 2238 dixit,
1762 2184 1820 2228 ut
1843 2174 2123 2228 hominem

535 2274 652 2326 sive
684 2272 854 2327 filium
904 2272 1173 2326 dissidere
1216 2270 1407 2324 faciam
1431 2269 1698 2323 adversus
1717 2277 1924 2337 patrem
1941 2284 2124 2329 suum,

535 2364 702 2418 filiam
720 2374 899 2418 autem
917 2365 1176 2417 adversus
1191 2371 1418 2416 matrem
1437 2361 1895 2429 suam.Siquidem
1914 2361 2130 2413 Chario-

536 2468 627 2508 res
644 2465 772 2508 sunt
798 2474 809 2507 :
832 2455 972 2508 filius
990 2455 1206 2523 quidem
1236 2454 1395 2522 patri,
1422 2455 1526 2506 filia
1551 2468 1679 2507 vero
1700 2452 1878 2516 matri,
1905 2461 2129 2521 propter

535 2557 747 2600 natura:
765 2547 1202 2602 similitudinem.
1228 2547 1302 2601 Ad
1329 2547 1445 2601 haec
1471 2561 1669 2599 nurum
1706 2554 1831 2613 apte
1855 2545 1989 2599 dixit
2027 2544 2125 2596 ad-

536 2653 732 2693 versus
750 2653 966 2693 socrum
984 2654 1136 2692 suam
1167 2637 1515 2692 dividendam
1533 2652 1685 2699 esse;
1709 2648 1966 2704 magnum
1982 2633 2126 2688 enim

539 2747 664 2785 cum
686 2732 1029 2787 observantia
1050 2732 1330 2798 pudorem,
1348 2730 1707 2786 reverentiam
1725 2746 1788 2784 ac
1806 2729 2130 2798 obsequium

551 2825 887 2880 exhibebant
931 2843 1101 2882 nurus
1135 2827 1400 2881 socribus.
1434 2827 1490 2880 In
1542 2842 1684 2879 nuru
1738 2837 1918 2879 autem
1964 2825 2132 2893 signi-

542 2915 721 2970 ﬁcavit
739 2929 794 2972 et
813 2927 1074 2988 generum
1119 2919 1379 2973 adversus
1423 2934 1672 2973 soeerum
1695 2934 1852 2972 suum
1869 2933 2132 2986 separan-

544 3007 696 3060 dum.
718 3009 984 3078 Superius
1003 3011 1183 3078 itaque
1203 3010 1508 3079 simplicem
1535 3009 1739 3063 fecerat
1756 3009 2130 3064 enumeratio-

2206 619 2349 672 αὐτὰ
2387 618 2455 671 τὰ
2489 619 2719 686 φίλτατα
2754 617 2885 684 γένη
2917 617 3112 669 θᾶττον
3141 613 3556 684 διεσπάσθησαν
3590 615 3654 664 ἐκ
3685 611 3788 679 τῆς

2205 713 2453 784 ἀλλήλων
2485 712 2801 780 συναφείας,
2822 711 2916 764 καὶ
2947 709 3188 778 εὐχερῶς
3221 707 3642 778 ἀπερράγησαν.
3673 706 3787 756 Καὶ

2209 805 2442 876 ἀλλαχοῦ
2491 805 2549 858 δὲ
2599 805 2660 858 τὸ
2711 802 2944 872 σφοδρὸν
2983 801 3153 867 αὐτῆς
3194 800 3286 852 καὶ
3315 799 3652 870 δραστήριον
3690 801 3792 863 ἐμ-

2211 899 2418 965 φαίνων
2453 896 2695 965 εἴρηκεν,
2732 895 2814 946 ὃτι
2845 893 2971 959 Πῦρ
3017 887 3210 960 ἦλθον
3257 886 3479 952 ,βαλεῖν
3528 888 3627 941 ἐπὶ
3677 888 3796 949 τὴν·

2210 989 2350 1059 γῆν.
2388 988 2537 1041 Ἔδει
2581 988 2711 1055 γὰρ,
2747 986 2853 1038 ἔδει
2903 983 3119 1054 πρῶτον
3152 981 3497 1048 ἀποκοπῆναι
3531 983 3590 1031 τὸ
3629 979 3794 1031 ἀνιά-

2210 1099 2320 1144 τως
2343 1081 2485 1150 ἔχον,
2521 1077 2641 1134 εἶτα
2666 1079 2725 1132 τὸ
2754 1079 2941 1132 λοιπὸν
2972 1077 3310 1148 εἰρηνεῦσαι,
3347 1075 3481 1142 πρός
3511 1091 3569 1126 τε
3603 1075 3793 1133 ἑαυτὸ,

2212 1173 2305 1224 καὶ
2335 1173 2471 1240 πρὸς
2495 1173 2584 1224 τὸν
2613 1171 2764 1224 Θεόν.
2795 1171 2889 1223 Διὰ
2906 1169 3066 1222 τοῦτο
3098 1170 3277 1221 τοίνυν
3299 1168 3470 1227 οῦτως
3501 1168 3798 1233 ἀποτόμως

2215 1256 2390 1324 εἶπεν,
2450 1261 2536 1312 ἴνα
2592 1258 2955 1326 γινώσκοντες
3003 1257 3206 1321 ταῦτα,
3255 1258 3329 1326 μὴ
3384 1259 3797 1324 ταρὰττωνται.

2215 1350 2605 1422 Προσεξωπλοτ
2625 1351 2680 1403 δὲ
2716 1352 2810 1402 καὶ
2846 1350 2925 1403 ἔτι
2967 1351 3056 1402 τὸν
3085 1349 3214 1418 περὶ
3251 1349 3444 1400 τούτου
3487 1349 3672 1414 λόγον,
3701 1364 3804 1412 γυ-

2220 1442 2439 1513 μνάζων
2469 1442 2565 1512 τὴν
2598 1444 2766 1512 ἀκοὴν
2812 1442 2992 1495 αὑτῶν
3033 1445 3098 1513 τῇ
3147 1443 3448 1512 τραχύτητι
3475 1439 3583 1492 τῶν
3614 1440 3802 1508 ῥημά-

2215 1553 2347 1598 των,
2383 1535 2471 1588 ἵνα
2491 1537 2564 1605 μὴ
2597 1536 2653 1587 ἑν
2683 1538 2748 1606 τῇ
2777 1533 3032 1605 δυσκολία
3057 1534 3165 1588 τῶν
3193 1534 3536 1603 πραγμάτων
3568 1527 3803 1598 ίλίγγιέιο

2221 1647 2409 1686 σωσιν,

2287 1717 2510 1774 Ἦλθον
2544 1751 2612 1762 ——
2645 1719 2756 1786 τῆς
2779 1717 3072 1786 πενθερᾶς
3100 1716 3312 1786 αὐτῆς.
3351 1715 3486 1788 [(54)
3521 1713 3764 1782 Μιχαίου
3787 1728 3804 1743 ο

2225 1810 2473 1882 θυγάτηρ
2535 1813 2976 1880 ἐπαναστήσεται
3028 1812 3122 1863 ἐπὶ
3154 1810 3255 1878 τὴν
3320 1810 3535 1880 μητέρα
3600 1805 3808 1873 αὐτῆς,

2225 1903 2410 1974 νύμφη
2466 1906 2558 1957 ἐπὶ
2619 1905 2721 1972 τὴν
2757 1902 3049 1974 ,πενθερὰν
3100 1902 3304 1969 αὐτῆς·
3361 1899 3548 1969 ἐχθροὶ
3584 1895 3810 1966 ἀνδρὸς,

2226 1999 2430 2060 πάντες
2455 1999 2502 2050 οί
2535 1999 2592 2049 ἐν
2631 1997 2707 2067 τῷ
2734 1997 2871 2066 οἴκῳ
2899 1993 3113 2066 αὐτοῦ]

2297 2087 2466 2140 Πάλιν
2495 2089 2583 2141 διὰ
2622 2087 2731 2139 τῶν
2758 2087 3036 2155 φιλτάτων
3059 2087 3287 2146 τούτων,
3319 2082 3580 2135 παντοίαν
3609 2081 3817 2148 συγγέ-

2226 2195 2376 2230 νειαν
2410 2178 2660 2247 ἐνέφηνε.
2687 2178 3011 2230 Οίκειὸτατα
3039 2176 3094 2230 δὲ
3137 2170 3312 2238 εἶπεν,
3358 2175 3648 2241 ἄνθρωπον
3686 2174 3818 2242 μὲν,

2229 2270 2407 2323 εῐτουν
2438 2272 2575 2334 υἱὸν,
2608 2270 2802 2323 διελεῖν
2853 2273 2995 2323 κατά
3025 2269 3119 2321 τοῦ
3168 2269 3375 2336 πατρὸς
3408 2266 3596 2329 αὐτοῦ,
3637 2266 3818 2330 Θυγα-

2228 2365 2360 2432 τέρα
2384 2363 2441 2415 δὲ
2471 2365 2611 2416 κατὰ
2655 2364 2752 2431 τῆς
2789 2363 2998 2432 μητρὸς
3030 2363 3198 2430 αὐτῆς
3220 2378 3232 2391 ·
3271 2360 3513 2429 φίλτεροι
3543 2361 3651 2426 γὰρ
3691 2359 3819 2420 υίὸς

2233 2455 2332 2524 μὲν
2363 2458 2554 2525 πατρκ,
2609 2455 2860 2524 Θηγατηρ
2909 2455 2966 2507 δὲ
3006 2458 3196 2525 μητρὶ,
3253 2453 3320 2506 δι’
3372 2452 3668 2522 ὁμοιότητα
3713 2449 3823 2517 φύ-

2234 2567 2391 2610 σεως.
2435 2551 2544 2601 Καὶ
2575 2551 2675 2617 τὴν
2710 2549 2932 2616 νύμφην
2984 2550 3038 2601 δὲ
3076 2545 3232 2610 αὖθις
3287 2546 3561 2615 ἁρμοδίως
3617 2547 3820 2612 εἴρηκε

2230 2640 2450 2708 διχάσαι
2475 2642 2616 2692 κατὰ
2649 2640 2746 2707 τῆς
2768 2641 3036 2709 πενθερᾶς
3064 2640 3251 2708 αὐτῆς,
3281 2638 3488 2708 Πολλὴν
3519 2637 3625 2704 γὰρ
3652 2637 3819 2698 αἰδὼ,

2233 2733 2330 2785 καὶ
2367 2733 2554 2802 τιμὴν,
2590 2735 2682 2784 καὶ
2718 2733 3016 2801 Θεραπείαν
3059 2735 3324 2801 παρεῖχον
3360 2731 3414 2781 ai
3457 2731 3667 2798 νύμφαι
3691 2728 3824 2789 ταῖς·

2235 2824 2548 2893 πενθεραῖς.
2597 2827 2695 2877 Διὰ
2747 2825 2802 2876 δὲ
2855 2825 2955 2891 τῆς
3003 2825 3247 2892 νύμφης,
3301 2823 3541 2892 ἐδήλωσε
3577 2824 3671 2873 καὶ
3725 2820 3824 2872 τὸν

2235 2918 2468 2985 νυμφίον
2520 2917 2662 2968 κατὰ
2709 2915 2803 2967 τοῦ
2869 2915 3132 2984 πενθεροῦ
3190 2913 3567 2983 διχαζόμενον.
3604 2913 3824 2965 Ὀπίσω

2239 3009 2336 3076 μὲν
2363 3006 2457 3060 οὖν
2491 3009 2667 3075 ἁπλῆν
2697 3007 3081 3077 ἀπαρζομησιν
3127 3009 3445 3076 ἐποιήσατο,
3491 3005 3683 3070 εἰπὼν,
3734 3005 3822 3058 ὅτι

546 3115 672 3152 nem
687 3100 910 3154 dicens:
933 3100 1126 3154 Prodet
1148 3103 1552 3170 ροισι-[ταιγεηι
1574 3102 1629 3154 in
1649 3112 1890 3165 mortem,
1909 3109 1958 3153 et
1973 3111 2126 3169 pater

2235 3101 2558 3170 Παραὸώσει
2599 3101 2823 3169 ἁδελφὸς
2854 3100 3080 3167 ἀδελφὸν
3115 3101 3191 3158 είς
3220 3099 3468 3160 Θάνατον,
3510 3101 3602 3150 καὶ
3631 3097 3826 3166 πατὴρ

547 3194 718 3261 filium
751 3194 793 3224 ³⁸
827 3196 945 3259 ;ltic
971 3210 1102 3248 vero
1126 3195 1231 3247 alio
1251 3196 1412 3248 modo
1435 3195 1778 3248 enumeravit
1803 3195 2126 3248 naturaliori

547 3285 828 3354 magisque
859 3287 1102 3355 proprio.
1141 3288 1293 3351 Quod
1321 3288 1364 3340 si
1395 3286 1665 3341 dissidere
1698 3288 1825 3340 facit
1850 3287 2127 3340 hominem

549 3378 816 3432 adversus
849 3393 1000 3442 eum,
1035 3379 1128 3448 qui
1170 3379 1288 3448 ipso
1312 3381 1563 3448 superior
1595 3390 1698 3443 est,
1733 3380 1907 3434 multo
1960 3381 2132 3449 magis

547 3465 812 3518 adversus
857 3467 1168 3536 conjugetn,
1219 3483 1338 3534 qua!
1384 3468 1483 3536 ipsi
1537 3469 1788 3537 subjecta
1820 3478 1939 3524 est:
2000 3469 2129 3523 illud

548 3554 695 3606 enim
736 3557 1008 3618 naturale,
1044 3555 1147 3612 hoc
1177 3567 1359 3611 autem
1394 3559 1687 3612 aseititittm
1734 3573 1836 3613 est.
1899 3560 2132 3615 Proinde

550 3645 657 3699 ltoc
694 3649 848 3716 quasi
897 3649 1248 3704 manifestum
1302 3651 1524 3720 reliquit
1579 3653 2013 3722 intelligendum.
2076 3655 2133 3708 In

551 3739 910 3807 sequentibus
959 3757 1088 3796 vero
1154 3741 1316 3795 etiam
1370 3758 1626 3812 expresse
1691 3745 1756 3796 de
1812 3745 2135 3814 conjugibus

556 3833 1031 3898 commemorabit,
1056 3833 1248 3888 dicens
1276 3851 1288 3886 :
1323 3832 1527 3897 Omnis,
1596 3836 1686 3903 qui
1742 3835 2012 3897 reliquerit
2042 3839 2137 3890 do-

554 3940 721 3987 mum,
745 3933 838 3977 aut
863 3917 1212 3992 [ratres,'aut
1253 3943 1483 3991 sorores,
1527 3937 1620 3980 aut
1645 3937 1872 3993 patrem,
1899 3938 1992 3981 aut
2017 3946 2137 3982 ma-

556 4023 712 4081 trem,
735 4024 827 4068 aut
851 4032 1090 4080 uxorem,
1119 4027 1212 4070 aut
1239 4017 1398 4085 filios,
1429 4027 1522 4070 aut
1583 4035 1740 4086 agros
1783 4030 2000 4086 propter
2041 4038 2137 4074 no-

557 4122 673 4160 men
707 4123 904 4168 meum,
935 4108 1179 4174 centupla
1229 4109 1473 4177 accipiet,
1504 4118 1552 4160 et
1577 4111 1698 4162 vita:
1723 4120 1931 4164 a'teraa:
1952 4112 2139 4166 sortie-

560 4207 648 4250 tur
667 4198 1026 4252 hwreditntem
1055 4199 1124 4252 ".

634 4287 788 4345 Vers.
816 4290 907 4346 36.
968 4290 1034 4344 Et
1071 4293 1272 4345 inimici
1312 4321 1375 4333 —
1404 4294 1543 4362 ejus.
1611 4295 1724 4350 lloc
1749 4297 2134 4366 propheticum

560 4391 644 4436 est
670 4382 923 4445 verbum,
951 4382 1158 4438 dictum
1205 4383 1334 4438 olim
1359 4385 1625 4442 adversus
1648 4387 1885 4451 ludaaos,
1919 4390 2138 4458 quando

561 4483 752 4527 contra
774 4488 833 4528 se
860 4475 1094 4528 invicem
1130 4475 1500 4531 dissensiones
1540 4477 1834 4533 habebant.
1885 4479 2140 4534 Christus
2173 4459 2215 4513 θ

562 4574 747 4620 autem
795 4579 1110 4635 opportune
1140 4568 1344 4636 aptavit
1367 4568 1453 4622 his
1478 4585 1595 4638 qua:
1617 4570 1762 4625 dicta
1792 4581 1941 4637 sunt,
1969 4573 2141 4643 signi-

563 4654 733 4710 ﬁcans
759 4655 903 4726 quod
933 4672 1126 4712 omnes
1157 4657 1446 4712 domestici
1496 4659 1617 4726 ejus
1673 4661 1765 4730 qui
1829 4663 2142 4718 crediturus

564 4755 670 4812 est,
698 4746 906 4802 inimici
941 4749 1061 4820 ejus
1085 4748 1416 4804 chicientur.

636 4857 795 4913 Vers.
822 4860 914 4914 57.
937 4859 1038 4926 Qui
1060 4871 1208 4915 amat
1227 4891 1300 4902 —
1323 4863 1535 4933 dignus.
1571 4861 1672 4918 llic
1692 4879 1910 4935 quoque
1929 4865 1994 4920 de
2016 4865 2146 4922 solis

565 4949 988 5006 ascendentibus
1006 4961 1060 5007 et
1079 4953 1542 5010 descendentibus
1559 4957 1611 5010 in
1634 4971 1962 5028 unoquoque
1977 4958 2149 5014 disse-

567 5037 700 5102 ruit,
746 5050 1004 5110 tanquam
1051 5045 1219 5115 magis
1247 5046 1482 5116 prOpriis
1511 5056 1563 5102 et
1595 5046 1970 5103 familiaribus.
2041 5049 2144 5116 Qui

570 5139 736 5192 amat,
775 5133 968 5202 inquit,
1031 5135 1153 5190 illos
1184 5153 1348 5208 supra
1385 5153 1506 5192 me:
1544 5155 1669 5193 nam
1711 5139 1928 5208 quando
1959 5141 2035 5195 illi
2065 5142 2141 5212 pii

570 5229 717 5288 sunt,
735 5222 1020 5281 honestum
1039 5238 1120 5282 est
1135 5229 1254 5283 illos
1277 5245 1481 5285 amare.
1497 5230 1722 5301 Semper
1740 5241 1920 5286 autem
1941 5234 2143 5288 malum

574 5322 661 5370 est
711 5330 896 5372 amare
927 5318 1046 5374 illos
1066 5335 1231 5392 supra
1262 5322 1454 5378 Deum.

642 5453 691 5488 ³⁸
723 5455 857 5511 Luc.
884 5463 958 5510 xit
998 5456 1089 5512 ιο.
1165 5458 1209 5490 ⁸¹
1239 5459 1402 5516 Mich.
1429 5476 1530 5524 vn,
1559 5459 1616 5513 6.

1697 5459 1742 5491 ³³
1779 5459 1972 5514 Matth.
2013 5476 2062 5522 vt,
2092 5459 2183 5514 2|.

2232 3195 2457 3248 τέκνον·
2508 3195 2743 3247 ἐνταῦθα
2797 3195 2852 3245 δὲ
2903 3194 3106 3264 τρόπον
3147 3193 3332 3262 ἕτερον
3383 3190 3825 3259 ἁπηριΘμήσατο

2235 3288 2609 3356 φυσικώτερον
2641 3305 2697 3339 τε
2728 3289 2822 3338 καὶ
2858 3285 3273 3355 σχετικώτερον.
3314 3284 3375 3336 Εἰ
3401 3284 3456 3336 δὲ
3486 3283 3575 3334 τὸν
3605 3281 3829 3351 ἄνθρω-

2235 3396 2336 3432 πον
2381 3381 2594 3451 διχάσει
2627 3382 2766 3432 κατὰ
2802 3380 2894 3432 τοῦ
2940 3378 3346 3449 ὑπερκειμένου
3391 3375 3598 3445 πατρὸς
3624 3373 3825 3437 αὑτοῦ,

2237 3475 2418 3542 πολλῷ
2453 3474 2652 3542 μᾶλλον
2684 3476 2823 3526 κατὰ
2847 3473 2942 3540 τῆς
2967 3471 3341 3540 ὑποκειμένης
3372 3467 3523 3535 αὑτῷ
3559 3465 3826 3533 συζύγου.

2238 3565 2345 3619 Τοῦ
2377 3565 2604 3634 μὲνγὰρ
2637 3567 2819 3632 φυσει,
2851 3563 2947 3632 τῆς
2979 3563 3034 3615 δὲ
3064 3562 3212 3614 Θέσει
3241 3561 3300 3612 τὸ
3322 3560 3574 3629 φίλτρον.
3607 3557 3829 3625 Τιμιὼε-

2237 3676 2396 3728 τερον
2428 3659 2483 3710 δὲ
2525 3659 2584 3710 τὸ
2614 3659 2772 3726 φύσει
2804 3656 2894 3708 τοῦ
2937 3656 3106 3708 Θέσει.
3146 3654 3350 3707 Λοιπὸν
3378 3649 3493 3714 οὖν,
3529 3650 3604 3712 ὡς
3627 3649 3827 3719 δῆλον,

2238 3754 2421 3822 ἀφῆκε
2474 3751 2631 3804 τοῦτο
2679 3748 2940 3802 νοεῖσθαι.
3002 3745 3214 3815 Προϊὼν
3245 3745 3302 3796 δὲ
3345 3742 3524 3813 ῥητῶς
3561 3741 3654 3794 καὶ
3689 3741 3832 3809 περὶ

2238 3845 2349 3898 τῶν
2403 3843 2654 3910 συζύγων
2700 3842 2943 3906 διέξεισι,
2996 3839 3194 3907 λέγων,
3234 3839 3316 3890 ὅτι
3361 3837 3466 3899 πᾶς
3517 3835 3575 3898 ὃς
3606 3834 3830 3901 ἀφῆκεν

2239 3938 2440 4002 οίκίαν,
2468 3936 2499 4005 ἦ
2530 3935 2815 4002 ἀδελφοὺς,
2845 3934 2876 4003 ἢ
2913 3932 3177 4001 ἀδελφὰς,
3212 3932 3244 4001 ἢ
3273 3930 3504 4000 πατέρα,
3527 3928 3560 3999 ἢ
3585 3926 3828 3997 μητέρα,

2239 4031 2273 4100 ἢ
2301 4032 2556 4096 γυναῖκα,
2592 4028 2624 4097 ἢ
2658 4028 2845 4090 τέκνα,
2881 4026 2913 4095 ἢ
2949 4024 3175 4094 ἀγροὺς,
3203 4023 3392 4077 ἕνεκεν
3421 4019 3514 4072 τοῦ
3558 4017 3830 4091 ὀνόματός

2243 4139 2372 4192 μου,
2417 4119 2953 4174 ἑκατονταπλασίονα
3010 4117 3266 4187 λήψεται,
3304 4115 3399 4169 καὶ
3432 4113 3578 4183 ζωὴν
3605 4109 3833 4166 αἰώνιον

2241 4215 2667 4284 κληρονομήσει.

2313 4305 2426 4358 Kal
2452 4304 2650 4373 ἐχθροὶ
2679 4333 2742 4342 -
2777 4301 2987 4356 αὐτοῦ.
3021 4301 3194 4354 Τοῦτο
3233 4299 3573 4369 προφητικόν
3599 4298 3713 4351 ἐστι
3763 4301 3833 4352 τὸ

2246 4398 2409 4469 ῥητὸν
2466 4397 2658 4466 λεχθὲν
2706 4397 2874 4448 πάλαι
2907 4396 3044 4446 κατὰ
3094 4393 3199 4445 τῶν
3250 4392 3546 4456 Ἰουδαίων,
3575 4393 3661 4445 ὅτε
3698 4391 3832 4444 κατ’

2246 4489 2496 4561 ἀλλήλων
2525 4489 2857 4558 ἐσχίσθησαν
2879 4505 2892 4518 ο
2928 4490 2954 4540 ὁ
2985 4487 3039 4538 δὲ
3075 4485 3312 4554 Χριστὸς
3360 4486 3632 4557 εὐκαίρως
3666 4487 3835 4538 τοῦτο

2244 4587 2356 4646 τοῖς
2379 4581 2762 4656 προκειμένοις
2790 4584 3028 4649 προσὴρί
3049 4595 3161 4638 οσε,
3196 4577 3392 4645 δηλῶν,
3423 4579 3500 4630 ετ.
3547 4578 3746 4640 πάντες
3781 4579 3835 4631 οἱ

2246 4679 2434 4730 οἰκεῖοι
2467 4675 2558 4728 τοῦ
2589 4674 2873 4745 μέλλοντος
2915 4670 3192 4722 πιστεύειν
3239 4669 3427 4738 ἐχθροὶ
3457 4669 3632 4739 τούτῳ
3661 4670 3836 4740 γενή-

2248 4787 2450 4824 σονται.

2333 4864 2397 4917 Ὀ
2424 4861 2622 4932 φιλῶν
2663 4891 2734 4903 —-
2769 4861 2956 4926 ἄξιος.
3009 4858 3305 4914 Κάνταῦθα
3351 4860 3481 4928 περὶ
3515 4857 3694 4926 μόνων
3718 4858 3839 4910 τῶν

2251 4955 2513 5010 ἀνιόντων
2561 4955 2657 5007 καὶ
2714 4953 3018 5007 κατιόντων
3049 4953 3134 5020 ἐφ’
3188 4952 3406 5019 ἑκάστῳ
3450 4949 3723 5010 διέλαὸεν,
3755 4949 3839 5011 ὡς

2251 5047 2622 5116 οἰκειοτέρων.
2688 5043 2747 5098 Ὀ
2797 5045 2988 5113 φιλῶν,
3033 5045 3220 5112 φησιν,
3252 5042 3472 5104 αὐτοὺς,
3519 5041 3662 5111 ὑπὲρ
3708 5041 3838 5107 ἐμέ.

2255 5142 2383 5194 Ὅτε
2417 5141 2516 5210 μὲν
2564 5137 2674 5209 γὰρ
2709 5136 3050 5200 εὐσεϐοῦσιν,
3088 5136 3252 5189 καλὸν
3282 5135 3342 5186 τὸ
3376 5133 3554 5201 φιλεῖν
3595 5133 3801 5195 αὐτοῦς
3823 5151 3839 5166 ο

2250 5233 2338 5286 ἀεὶ
2372 5233 2425 5283 δὲ
2459 5231 2651 5294 κακὸν,
2680 5230 2741 5282 τὸ
2775 5228 2950 5299 φιλεῖν
2984 5229 3182 5291 αὐτοὺς
3223 5227 3361 5298 ὑπὲρ
3402 5225 3493 5278 τὸν
3527 5225 3691 5280 θεόν.

2259 5461 2304 5492 ³⁹
2337 5457 2526 5512 Matth.
2567 5473 2670 5515 six,
2701 5456 2790 5508 ‘20.

1766 5617 1959 5680 Variae
2003 5615 2310 5679 lectiones
2347 5623 2407 5676 et
2437 5621 2625 5676 nota).

651 5780 760 5852 (54)
792 5782 916 5839 Hinc
946 5798 1065 5856 qua:
1097 5784 1302 5839 inclusa
1326 5792 1473 5848 sunt,
1505 5795 1731 5854 uterque
1759 5784 1940 5840 Codex
1974 5783 2136 5838 habet
2167 5784 2220 5837 in
2252 5783 2513 5852 ωλι-εἰη.
2552 5780 2716 5834 l'aulo
2751 5778 2975 5834 inferius
3008 5773 3239 5831 habebat
3264 5770 3585 5829 Hctttenius.
