4042 6438
516 406 624 473 34⁸7

1738 394 2125 461 ΕΗἸἮΥΜῙΙ
2164 394 2531 458 ZIGABENI

3670 391 3781 456 3‘8

518 516 985 590 discipulorum.a
1011 514 1213 586 quibus
1252 513 1333 569 illi
1360 513 1469 569 orti
1502 521 1660 570 erant
1692 531 1705 569 :
1738 514 1855 570 sive
1878 513 1935 568 in
1964 511 2092 567 civi-

2216 511 2324 576 τῶν,
2359 512 2418 578 ιε
2470 508 2548 565 ὧν
2603 510 2882 589 ὥρμηντο.
2918 509 3018 585 [Ἦ
3057 510 3170 582 (38)
3216 507 3423 577 αὐτῶν,
3481 507 3628 581 ἢτοι,
3669 512 3787 566 τῶν

518 606 721 666 tatibus
764 606 1078 663 Juda‘orum

656 718 816 775 CAP.
869 717 987 772 XX.
1040 716 1117 770 De
1138 714 1419 785 discipulis
1449 732 1482 769 α
1511 712 1724 768 Joanne
1758 714 1953 767 missis.

590 867 823 926 Vers.2.
877 867 1009 922 Cum
1044 877 1222 922 autem
1280 866 1517 923 Joannes
1564 868 2099 933 audisset—cupe-

517 970 725 1016 ctam
748 963 774 1016 2
804 960 982 1015 Lucas
1004 975 1136 1014 vero
1162 959 1295 1015 dicit
1330 958 1401 1024 δ’,
1426 958 1571 1029 quod
1596 957 1699 1027 ipsi
1749 957 2102 1011 renuntiave-

518 1060 647 1107 runt
676 1051 829 1123 signa
885 1050 1107 1115 Joanni,
1133 1059 1189 1103 et
1236 1059 1366 1103 tunc
1422 1049 1562 1103 duos
1593 1047 1860 1117 quosdam
1890 1063 1959 1101 ex
1980 1047 2097 1101 illis

520 1141 690 1208 misit,
722 1142 865 1211 quod
888 1141 1298 1197 amulationem
1331 1141 1447 1195 sive
1476 1139 1735 1194 invidiam
1758 1139 2097 1204 manifestat,

517 1248 679 1303 quam
714 1233 989 1287 habebant
1013 1234 1098 1287 isti
1128 1233 1394 1287 adversus
1416 1230 1718 1287 Christum.
1748 1232 1895 1286 Misit
1916 1240 2099 1286 autem

519 1324 641 1377 illos
689 1323 931 1378 Joannes
975 1324 1348 1393 interrogans,
1402 1339 1471 1377 an
1540 1324 1660 1393 ipse
1716 1332 1887 1389 esset,
1934 1338 2098 1393 quem

518 1422 811 1467 venturum
873 1418 995 1466 esse
1060 1413 1322 1467 dicebant
1352 1411 1474 1466 libri
1502 1413 1926 1482 prophetarum,
1985 1426 2098 1473 non

520 1514 775 1573 tanquam
802 1504 1097 1573 ignorans:
1130 1519 1239 1572 quo
1265 1504 1412 1558 enim
1444 1513 1605 1573 pacto
1644 1504 1943 1569 dubitaret,
2004 1502 2097 1572 qui

518 1603 677 1649 antea
701 1611 825 1649 cum
858 1596 1273 1665 prmdicaverat,
1293 1605 1349 1649 et
1374 1596 1611 1665 propriis
1637 1596 1895 1649 manibus
1919 1594 2099 1663 bapti-

517 1696 756 1747 zaverat,
781 1702 845 1741 ac
869 1688 1103 1756 desuper
1133 1688 1514 1741 testimonium
1573 1688 1642 1741 de
1666 1702 1733 1741 eo
1788 1687 2097 1752 audiverat,

2212 601 2537 676 Ἰουδαίων]

2196 714 2360 771 ΚΕΦ.
2410 717 2495 771 K'.
2535 715 2673 784 Περί
2724 712 2844 769 τῶν
2898 713 3369 770 ἀποσταλέντων
3395 714 3558 784 παρὰ
3587 710 3786 769 Ἰωάκ-

2920 802 3058 840 νου.

2272 880 2562 946 Ἀκούσας
2588 879 2658 933 δὲ
2684 877 2970 947 Ἰωάννης
2998 906 3069 919 -
3106 873 3581 948 προσδοκῶμσνς
3631 876 3693 931 '0
3723 876 3779 929 δὲ

2201 974 2417 1036 Λουκᾶς
2449 972 2751 1043 φησιν,τότι
2788 971 2947 1025 αὐτοὶ
2976 970 3325 1041 ἀπήγγειλαν
3352 969 3422 1023 τὰ
3455 973 3663 1040 σημεῖα
3702 967 3782 1037 τῷ

2214 1066 2456 1137 Ίωέννῃ,
2491 1065 2586 1118 καὶ
2616 1064 2737 1116 τότε
2770 1063 2983 1133 ἔπεμψε
3009 1062 3105 1117 δύο
3129 1063 3282 1125 τινὰς
3312 1060 3371 1128 ἐξ
3407 1059 3613 1122 αὐτῶν,
3643 1060 3781 1128 ὅπερ

2202 1157 2465 1227 ἐμφαίνει
2498 1156 2597 1226 τὴν
2653 1154 3010 1226 ζηλοτυπίαν,
3041 1155 3109 1226 ἢν
3142 1151 3288 1226 εῐχον
3313 1147 3461 1208 οὗτοι
3513 1152 3654 1221 πρὸς
3691 1150 3783 1202 τὸν

2202 1247 2461 1317 Χριστόν.
2500 1247 2755 1317 Ἔπεμψε
2787 1248 2845 1301 δὲ
2876 1246 3076 1309 αὐτοὺς
3124 1247 3153 1298 ὁ
3209 1244 3489 1311 Ἰωάννης,
3529 1241 3781 1310 ἐρωτῶν.

2202 1343 2253 1395 εί
2282 1341 2445 1401 αὐτός
2492 1342 2663 1409 ἔστιν,
2712 1340 2772 1393 δν
2828 1338 3088 1409 ἔρχεσθαί
3124 1353 3291 1407 φασιν
3330 1337 3388 1390 al
3444 1332 3622 1405 βίϐλοι
3674 1330 3786 1385 τῶν

2202 1434 2523 1505 προφητῶν,
2551 1435 2652 1505 οὐχ
2689 1433 2767 1497 ὡς
2811 1432 3054 1501 ἀγνοῶν⁸
3093 1429 3211 1494 πῶς
3243 1431 3384 1500 γάρς
3419 1431 3449 1481 ό
3494 1422 3787 1497 προκηρύ-

2206 1528 2302 1593 ξας
2332 1527 2495 1581 αὑτὸν
2522 1528 2615 1581 καὶ
2653 1526 2841 1597 χερσὶν
2875 1524 3035 1588 ίδίαις
3063 1523 3355 1595 βαπτίσας,
3394 1521 3490 1575 καὶ
3515 1519 3615 1589 τῆς
3642 1517 3791 1572 ἄνω-

2203 1619 2297 1671 θεν
2324 1618 2456 1689 περὶ
2486 1615 2654 1670 αὑτοῦ
2703 1616 3010 1687 μαρτυρίας
3065 1614 3330 1678 ἀκούσας,
3380 1614 3475 1666 καὶ
3526 1610 3591 1663 τὸ
3639 1610 3791 1662 θεῖον

2205 1709 2433 1779 Πνεῦμα
2459 1709 2746 1764 καταπτὰν
2776 1708 2863 1762 ἐπ’
2895 1708 3081 1773 αὐτὸν,
3112 1706 3247 1761 ὡσεὶ
3275 1703 3634 1775 περιστερὰν,
3658 1701 3791 1756 θεα-

518 1777 875 1848 divinumque
949 1777 1213 1848 Spiritum
1263 1793 1431 1848 super
1479 1793 1606 1833 eum
1672 1779 2096 1833 descendentem

2216 1777 2478 1871 σάμενος’
2509 1801 2625 1855 ἀλλ’
2666 1800 2824 1864 είδὼς
2871 1801 2999 1863 τοὺς
3037 1798 3233 1853 ἑαυτοῦ
3277 1795 3791 1869 μαθητὰςζηλοτύ-

516 1868 673 1937 quasi
706 1846 1018 1923 columbam
1044 1846 1575 1938 conspexerat?Sed
1590 1868 1774 1924 sciens
1801 1868 2101 1939 discipulos

2216 1846 2321 1957 ττωέ
2349 1846 2485 1963 πεζὸς
2510 1895 2602 1947 τὸν
2636 1846 2873 1963 Χριστνδν
2908 1846 3153 1964 ἔχοντας.
3187 1846 3434 1959 mira;
3461 1846 3793 1958 xai'npd‘rs-

519 1972 650 2013 snos
687 1958 893 2013 invidia
916 1959 1122 2014 moveri
1150 1960 1415 2016 adversus
1441 1960 1723 2015 Christum
1758 1977 1773 2026 ;
1826 1961 2099 2030 siquidem

516 2054 671 2119 prius
719 2065 940 2119 quoque
1004 2061 1375 2115 accesserant,
1440 2052 1733 2107 dicentes:
1787 2051 1982 2117 Rabbi,
2008 2052 2101 2122 qui

519 2150 633 2193 erat
681 2149 849 2193 tecum
913 2150 1060 2194 trans
1123 2141 1435 2207 Jordanem,
1492 2144 1576 2195 cui
1630 2152 1685 2195 tu
1744 2144 2105 2196 testimonium

510 2232 852 2301 perhibaisti,
900 2247 1018 2287 ecce
1072 2232 1117 2286 is
1175 2234 1449 2301 baptizat,
1496 2242 1547 2287 et
1588 2250 1765 2287 omnes
1794 2234 2004 2287 veniunt
2034 2234 2104 2287 ad

520 2339 640 2376 cuni
685 2322 757 2376 “.

594 2410 963 2469 Vehementer
990 2414 1139 2468 enim
1169 2425 1563 2485 praeceptorem
1618 2433 1777 2473 suum
1835 2426 2103 2482 amantes,

521 2512 578 2557 et
596 2505 802 2573 pariter
830 2506 997 2577 gloria
1019 2506 1164 2560 illius
1191 2506 1296 2561 frui
1330 2508 1635 2577 cupientes.
1660 2508 2105 2578 indignabantur,

521 2596 771 2651 videntes
830 2595 1111 2650 Christum
1156 2597 1433 2652 celebrem
1500 2597 1640 2651 fieri.
1720 2599 1923 2654 Verum
1976 2598 2106 2667 quia

524 2687 727 2756 sapius
790 2703 888 2742 eos
930 2688 1305 2752 admonendo,
1353 2690 1687 2760 persuadere
1759 2692 2106 2759 nequiverat,

522 2794 675 2833 nunc
703 2791 886 2834 autem
944 2780 1097 2835 brevi
1126 2781 1423 2836 moriturus
1454 2792 1573 2836 erat
1598 2798 1613 2836 :
1641 2782 1871 2837 delectis
1894 2783 2109 2838 duobus

517 2870 619 2940 qui
643 2871 1030 2940 prudentiores
1078 2881 1285 2936 essent,
1337 2873 1622 2928 hosmittit
1677 2874 1745 2927 ad
1802 2874 2107 2936 Christum,

524 2971 791 3033 pmtextu
821 2963 1044 3033 quidem
1101 2964 1494 3035 interrogandi,
1535 2980 1605 3018 an
1663 2965 1780 3035 ipse
1838 2975 1988 3020 esset
2021 2967 2111 3023 ille

522 3054 623 3124 qui
652 3062 917 3109 venturus
938 3065 1090 3121 erat;
1118 3071 1247 3111 vera
1283 3064 1468 3110 tamen
1531 3072 1695 3111 causa
1729 3068 1866 3121 erat,
1894 3067 1952 3111 ut
1980 3073 2111 3113 con-

2206 2001 2298 2054 ρον
2328 1984 2724 2053 προσελθόντες
2744 1978 2899 2035 εἷπον
2923 1981 3095 2050 αὐτῷ,
3133 1981 3217 2035 δτι
3248 1982 3353 2046 ⁸ος
3380 1975 3461 2050 ἦν
3490 1978 3639 2046 μετὰ
3668 1978 3795 2033 σοῦ

2204 2076 2399 2143 πέραν
2434 2075 2544 2129 τοῦ
2598 2074 2932 2140 Ἰορδάνου,
2982 2066 3148 2141 ᾦ-σὺ
3189 2072 3676 2141 μεμαρτύρηκας,
3698 2069 3797 2122 ίόε

2204 2164 2385 2232 οὗτος
2424 2166 2720 2231 βαπτίζει,
2765 2167 2863 2220 καί
2909 2165 3135 2231 πάντες
3180 2163 3463 2233 ἔρχονται
3502 2162 3655 2231 πρὸς
3683 2164 3801 2216 αὐ-

2205 2262 2331 2315 τόν.

2288 2418 2753 2489 Ὗπερφιλοῦντες
2802 2416 2912 2485 γὰρ
2959 2413 3053 2468 τδν
3109 2412 3241 2466 [διον
3291 2409 3645 2475 διδάσκαλον,
3694 2407 3800 2462 καὶ

2210 2511 2631 2583 παραπολαύειν
2659 2510 2759 2576 τῆς
2794 2504 2963 2563 αὑτοῦ
2987 2506 3148 2577 δόξης
3173 2503 3472 2567 ἐθέλοντες,
3498 2501 3798 2557 ιδάκνοντο

2212 2605 2503 2676 βλέποντες
2522 2597 2686 2657 αὑτὸν
2717 2600 2829 2672 (59)
2853 2598 3269 2669 εὐδοκιμοῦντα.
3316 2596 3469 2649 Ἐπεὶ
3498 2594 3555 2648 δὲ
3582 2591 3791 2646 πολλά-

2212 2715 2299 2761 κις
2330 2696 2693 2767 παραινέσας,
2736 2694 2836 2747 οὐκ
2875 2693 3095 2747 ἔπεισεν
3115 2688 3339 2752 αὐτοὺς,
3364 2685 3549 2741 λοιπὸν
3580 2683 3799 2754 μέλλων

2209 2791 2503 2860 τελευτᾷν,
2568 2787 2663 2842 δύο
2718 2788 2848 2849 τοὺς
2910 2784 3315 2852 συνετωτέρους
3373 2776 3796 2846 ιπιλεξάμενος,

2212 2884 2421 2952 πέμπει
2468 2878 2692 2944 τούτους
2739 2877 2880 2950 προς
2911 2876 3004 2930 τὸν
3054 2872 3314 2945 Χριστὸν,
3360 2867 3633 2942 προφάσει
3692 2866 3799 2935 μὲν

2210 2973 2611 3045 ιρωτήσοντας,
2662 2972 2711 3023 εί
2775 2970 2937 3031 αὑτός
2982 2969 3132 3021 εστιν
3171 2967 3201 3019 δ
3245 2965 3564 3035 ἐρχόμενος,
3611 2960 3678 3029 τῇ
3736 2956 3799 3010 δὲ

2212 3064 2463 3137 ἀληθεία,
2504 3065 2587 3117 ἶνα
2635 3060 2962 3131 θεασάμενοι
2991 3059 3063 3112 τὰ
3092 3056 3373 3126 θαύματα,
3403 3054 3440 3110 ἃ
3472 3053 3636 3119 ποιεί,
3672 3067 3799 3104 πει-

521 3148 731 3218 spectis
759 3148 1033 3203 miraculis
1072 3166 1192 3219 qua
1245 3148 1481 3203 faciebat
1536 3152 1843 3204 crederent.
1892 3150 2107 3205 Sciebat

2216 3156 2409 3211 σθῶσι.
2440 3155 2553 3209 Καὶ
2571 3155 2683 3224 γὰρ
2705 3154 2805 3225 τὴν
2835 3151 2944 3205 ἀπὸ
2972 3150 3082 3203 τῶν
3110 3148 3458 3221 πραγμάτων
3483 3142 3799 3215 μαρτυρίαν

526 3256 768 3311 namque
816 3242 1194 3297 testimonium
1221 3242 1291 3296 ab
1332 3243 1592 3310 operibus
1624 3243 1943 3298 credibilius
1964 3258 2108 3308 esse,

524 3332 813 3402 magisque
847 3333 1165 3403 suspicione
1208 3348 1422 3388 carere.
1445 3334 1576 3388 ideo
1604 3335 1769 3389 etiam
1832 3334 2108 3401 Christus,

528 3424 750 3493 cognito
798 3424 946 3494 quod
1004 3425 1073 3478 ob
1117 3424 1171 3479 id
1209 3424 1394 3493 potius
1442 3423 1684 3481 Joannes
1710 3442 1807 3481 eos
1847 3426 2109 3490 misisset,

531 3516 714 3568 statim
764 3516 820 3568 in
877 3515 969 3568 illa
1023 3515 1157 3570 liora
1219 3516 1389 3569 multa
1409 3529 1668 3587 operatus
1695 3528 1781 3574 est
1824 3520 2110 3585 miracula,

527 3609 673 3662 sicut
730 3606 861 3661 dicit
904 3605 1082 3663 Lucas
1110 3607 1177 3662 δ’.
1237 3607 1373 3661 Nam
1424 3610 1469 3662 si
1528 3608 1767 3666 Joannes
1822 3612 2114 3668 manifeste

529 3699 776 3754 misisset
807 3714 903 3754 eos
936 3715 1047 3769 quo
1077 3708 1422 3769 spectatores
1491 3700 1712 3767 ﬁerent,
1762 3718 2112 3773 nequaquam

530 3793 850 3861 persuaderi
883 3792 1197 3885 potuissent
1230 3802 1289 3848 ut
1352 3791 1482 3847 illuc
1533 3794 1775 3850 abirent.
1834 3794 1917 3850 0b
1968 3796 2114 3851 banc

531 3899 665 3953 ergo
689 3899 910 3939 causam
944 3883 1271 3954 praetextum
1308 3883 1471 3938 ﬁnxit
1500 3884 1971 3956 interrogationis.

605 3973 670 4032 ν.
703 3976 755 4029 ό.
786 3974 853 4028 Et
917 3977 1231 4043 respondens
1261 4005 1330 4014 —
1361 3977 1427 4031 γ.
1465 3977 1519 4030 5.
1552 3975 1762 4033 Letum
1830 3977 2113 4051 Evangelii

534 4067 777 4119 nuntium
801 4066 1090 4133 accipiunt.
1123 4063 1259 4120 Vide
1307 4067 1587 4135 quomodo
1643 4082 1753 4122 non
1779 4069 2113 4124 ad/etiictam

531 4172 720 4211 eorum
755 4156 1241 4227 interrogationem
1268 4156 1636 4226 responderit,
1684 4160 1776 4213 sed
1802 4159 1868 4213 ad
1928 4176 2113 4215 veram

534 4264 781 4312 causam,
857 4257 1086 4319 propter
1150 4264 1313 4317 quam
1387 4248 1537 4301 missi
1602 4259 1778 4303 erant.
1843 4249 2117 4320 Pauperes

530 4350 739 4406 autem,
792 4341 886 4410 qui
942 4341 1125 4395 laetum
1185 4339 1462 4411 Evangelii
1504 4344 1761 4395 nuntium
1812 4344 2113 4413 accipiunt,

534 4432 671 4485 dixit
693 4431 993 4500 apostolos.
1016 4430 1156 4496 Quid
1185 4432 1335 4484 enim
1361 4446 1427 4484 eo
1460 4433 1773 4502 pauperius,
1803 4434 1893 4503 qui
1943 4446 2116 4489 artem

533 4531 751 4577 exercet
774 4522 1131 4591 piscatoriam
1153 4523 1177 4574 ‘I

608 4604 767 4668 Vers.
824 4612 879 4668 6.
932 4613 1001 4668 Et
1026 4614 1210 4668 beatus
1265 4644 1336 4654 —
1392 4615 1448 4667 in
1483 4632 1584 4671 me.
1631 4616 1747 4670 lloc
1801 4618 2109 4687 praesertim

535 4714 759 4776 propter
819 4707 970 4775 ipsos
1017 4705 1156 4759 dixit
1194 4703 1427 4761 Joannis
1485 4707 1804 4777 discipulos,
1848 4709 2112 4781 detegens

537 4796 645 4850 illis
700 4796 881 4851 cordis
908 4811 1100 4851 eorum
1131 4811 1435 4851 arcanum:
1470 4798 1845 4868 ostenditque,
1874 4800 2019 4869 quod
2048 4818 2109 4856 se

538 4905 648 4945 non
677 4890 871 4943 lateret
888 4891 1032 4961 ipsos
1046 4904 1260 4959 quoque
1281 4890 1508 4954 offendi,
1526 4892 1651 4961 quia
1669 4907 1792 4947 cum
1814 4893 2116 4961 publicanis

540 4994 593 5039 et
622 4982 1000 5059 peccatoribus
1032 4981 1398 5037 manducabat
1421 4983 1501 5038 “z
1533 4994 1590 5038 et
1623 4984 1913 5040 manifeste
1965 4986 2117 5056 prius

543 5073 977 5145 gastrimargiam
1006 5073 1110 5144 ipsi
1148 5076 1465 5143 obiecerant
1525 5076 1794 5133 adversus
1820 5077 2117 5150 discipulos

541 5163 683 5233 eius,
708 5171 768 5217 ut
789 5163 993 5219 dictum
1018 5172 1106 5220 est
1130 5164 1343 5223 decimo
1366 5175 1565 5236 quarto
1593 5168 1797 5238 capite.

2213 3250 2546 3320 πιστοτέραν
2582 3248 2677 3301 καὶ
2701 3244 3157 3312 ἁνυποπτοτέραν
3188 3241 3478 3309 ἰγίνωσκι.
3512 3236 3605 3289 Διδ
3644 3235 3743 3288 καὶ
3770 3234 3799 3286 ό

2213 3342 2471 3413 Χριστὸς,
2512 3339 2668 3403 εἰδὼς
2697 3340 2779 3392 ὅτι
2813 3336 2905 3391 διὰ
2940 3335 3101 3390 τοῦτο
3151 3332 3355 3404 μᾶλλον
3390 3328 3588 3391 αὐτοὺς
3623 3327 3802 3397 ἔπεμ-

2213 3436 2314 3506 ψεν
2345 3436 2374 3488 ό
2419 3432 2699 3502 Ἰωάννης,
2756 3431 2961 3493 εὐθέως
3000 3429 3059 3481 ἰν
3091 3426 3232 3497 αὐτῇ
3262 3427 3331 3494 τῇ
3374 3421 3494 3493 ῶρᾳ
3546 3419 3799 3487 ὲθαυμα-

2214 3524 2489 3595 τούργησε
2543 3521 2735 3585 πολλὰ,
2787 3519 2972 3583 καθώς
3004 3534 3174 3589 φησιν
3216 3516 3245 3569 ὁ
3287 3514 3527 3575 Λουκᾶς.
3565 3511 3628 3563 Εί
3684 3508 3803 3577 γὰρ

2216 3616 2470 3686 φανερῶς
2508 3615 2711 3678 αὐτοὺς
2745 3610 2961 3681 ἔπεμψε
3018 3608 3240 3674 θεατὰς,
3280 3607 3382 3661 οὐκ
3427 3604 3494 3659 ἃν
3529 3600 3802 3673 ἀπῆλθον.

2215 3708 2316 3763 Διά
2343 3707 2503 3763 τοῦτο
2528 3706 2623 3760 οὖν
2661 3703 2941 3759 ἐπλάσατο
2975 3700 3247 3773 πρόφασιν
3276 3696 3624 3770 ιρωτήσεως.

2287 3978 2399 4036 Καὶ
2434 3976 2780 4047 ἀποκριθεὶς
2820 4004 2892 4016 -
2937 3966 3437 4041 εὐαγγελίζονται.
3473 3965 3640 4037 Ὅρα,
3682 3962 3807 4026 πῶς

2217 4076 2276 4128 οὐ
2303 4073 2440 4143 πρὸς
2470 4072 2569 4141 τὴν
2603 4066 3031 4137 πεπλανημένην
3059 4062 3243 4116 αὐτῶν
3266 4058 3537 4131 ἐρώτησιν
3563 4055 3806 4127 ἀπεκρί-
3864 4108 3874 4115 ,

2221 4187 2371 4233 νατο,
2402 4167 2537 4222 ἀλλὰ
2564 4166 2701 4236 πρὸς
2734 4162 2833 4234 τὴν
2862 4160 3041 4231 ἀληθῆ
3074 4159 3277 4223 αίτίαν,
3314 4156 3384 4210 δι’
3413 4156 3480 4227 ἢν
3510 4154 3808 4243 ἐπέμφθη-

2221 4278 2341 4314 σαν.
2373 4257 2632 4327 Πτωχοὺς
2658 4255 2712 4307 δὲ
2735 4252 3281 4322 εὐαγγελιζομένους,
3308 4248 3435 4311 τοὺς
3462 4245 3807 4309 ἀποστόλους

2220 4352 2493 4421 ὠνόμασε.
2528 4347 2595 4402 Τί
2622 4347 2730 4417 γὰρ
2765 4346 3092 4415 πενέστερον
3122 4340 3478 4409 ἁλιευτικῆςς

2290 4608 2399 4665 Καὶ
2444 4607 2735 4677 μακάριος
2763 4635 2834 4646 -
2869 4604 2940 4657 ἐν
2968 4603 3118 4673 ἐμοι.
3159 4602 3333 4655 Τοῦτο
3368 4600 3808 4671 προηγουμένως

2218 4706 2285 4759 δι’
2306 4703 2509 4764 αὐτοὺς
2532 4698 2653 4753 εἷπε
2673 4700 2800 4759 τοὺς
2824 4697 3072 4766 μαθητὰς
3101 4696 3375 4758 Ἰωάννου,
3401 4693 3807 4747 ἀνακαλύπτων

2220 4797 2402 4856 αὐτοῖς
2444 4793 2506 4846 τὸ
2547 4792 2647 4860 τῆς
2689 4789 2917 4857 καρδίας
2957 4786 3136 4840 αὐτῶν
3179 4786 3505 4863 μυστήριον,
3563 4783 3663 4837 καὶ
3700 4784 3812 4837 δει-

2223 4890 2425 4951 κνύων,
2455 4889 2537 4941 ὅτι
2596 4884 2659 4939 οὐ
2717 4883 3013 4953 λελήθασιν
3070 4880 3257 4946 αὑτὸν,
3319 4877 3808 4948 σκανδαλιζόμενοι

2223 4984 2319 5038 καὶ
2372 4981 2559 5044 αὐτοὶ,
2617 4977 2753 5032 διότι
2820 4976 2962 5046 μετὰ
3015 4973 3265 5028 τελωνῶν
3314 4972 3411 5026 καὶ
3460 4972 3810 5042 ἁμαρτωλῶν

2223 5073 2556 5128 ἐσθίω·Κώ
2586 5072 2695 5141 γὰρ
2739 5071 2835 5123 καὶ
2867 5065 3121 5138 φανερῶς
3152 5068 3424 5135 πρότερον
3471 5063 3810 5117 ἐνεκάλεσαν

2224 5165 2375 5236 αὐτῷ
2391 5163 2504 5237 (40)
2538 5160 2991 5233 γαστριμαργίαν
3021 5156 3296 5212 κατὰηῶν
3329 5155 3594 5226 μαθητῶν
3612 5156 3809 5222 αὑτοῦ,

2224 5258 2301 5319 ὡς
2348 5258 2408 5309 ἐν
2452 5255 2530 5325 τῷ
2576 5249 3159 5323 τεσσαρεσκαιδεκάτῳ
3210 5248 3493 5318 κεφαλαίῳ
3543 5248 3813 5319 προείρη-

2223 5368 2336 5403 ται.

615 5422 685 5461 W
719 5422 852 5479 Luc.
892 5429 992 5490 vti,
1017 5425 1103 5479 18.
1185 5426 1229 5458 “
1257 5427 1418 5483 Joan.
1457 5445 1541 5496 ιιι,
1572 5430 1661 5484 26.
1740 5432 1938 5487 "Luc.
1963 5450 2058 5499 vn,
2090 5439 2107 5491 l

2251 5440 2297 5471 “
2330 5438 2524 5495 Matth.
2549 5455 2622 5504 Ix,
2660 5436 2746 5493 Η.

1732 5548 1939 5609 Varias
1972 5550 2279 5615 lectiones
2318 5562 2377 5616 et
2406 5560 2597 5617 notaa.

624 5664 732 5730 (58)
760 5658 973 5719 Inclusa
1004 5664 1060 5719 in
1092 5665 1337 5788 margine
1367 5665 1620 5735 leguntur
1648 5671 1705 5721 Β.
1738 5670 1795 5724 in
1825 5671 2114 5742 principio,

624 5734 927 5786 διατάσσων
977 5736 1043 5788 ad
1092 5736 1212 5788 εντε
1248 5735 1491 5788 λόιιενος.
1541 5740 1747 5788 omittit
1788 5739 2110 5788 Hontonins-

548 5752 575 5787 a
624 5734 927 5807 διατάσσων
977 5734 1492 5807 πάλιντελλόμενος,
1541 5740 1747 5794 omittit
1787 5734 2111 5798 li'cntcnius.

619 5805 730 5875 (39)
753 5802 846 5858 τὸν
873 5805 1129 5879 Χριστόν.

2226 5674 2616 5799 ἐκέᾶξξαξῦτδν
2661 5674 3100 5748 γαστρίμαργον.
3153 5675 3218 5735 Α.
3266 5674 3373 5730 Sed
3413 5672 3517 5728 boc
3566 5671 3816 5741 postulat
