4122 6406
289 405 393 468 369

1168 401 1562 464 ΟΟΜΜΕΝΤ,
1608 399 1693 461 ΙΝ
1738 396 2209 465 MATTH/EUM.
2252 432 2320 444 -
2361 407 2519 468 CAP.
2559 409 2668 473 XI.

3333 408 3564 482 ’πω

366 510 603 565 Τούτων
629 511 700 564 δὲ
724 539 798 551 -—
822 506 1118 564 Ἰωάννου.
1153 503 1314 564 Οὗτοι
1344 510 1444 580 μὶν
1471 510 1880 584 βελτιωοέντες,

2058 512 2213 570 Vers.
2249 516 2300 571 7.
2330 517 2426 572 Ilia
2451 529 2629 574 autent
2659 549 2730 560 ——
2760 519 2989 578 Joanne.
3010 523 3093 579 mi
3127 523 3350 595 quidem
3372 525 3568 584 melio-

288 602 559 669 ἀπῆλθον.
605 601 762 656 Διατί
791 602 848 656 δὶ
883 602 958 673 μὴ
990 602 1276 673 παρόντων
1323 601 1506 655 αὐτῶν
1557 601 1708 669 λέγει
1745 601 1872 668 περὶ

301 695 591 762 Ἰωάννου;
625 696 751 750 ἰνα
788 693 867 765 μὴ
889 693 1018 764 δόξῃ
1042 691 1368 747 κολακεύειν
1395 691 1585 747 αὐτόν.

363 877 430 932 Τί
459 908 535 920 -
580 877 1036 948 σαλευόμενοη
1091 876 1456 941 ’Δκούσαντες
1495 878 1546 932 ei
1592 877 1740 949 ὄχλοι
1769 879 1873 949 τὴν

288 969 566 1043 ιρώτησιν
606 971 881 1036 Ἰωάννου,
908 973 1006 1027 καὶ
1031 970 1404 1042 ἀγνοήσαντες
1426 969 1520 1025 τὸν
1547 971 1752 1026 σκοπὸν
1775 971 1878 1026 αὑ-

288 1060 409 1124 τοῦ,
454 1061 940 1134 διεθορυδήθησαν,
972 1061 1091 1124 πῶς
1120 1061 1151 1114 6
1186 1059 1429 1114 τοσαῦτα
1454 1063 1550 1114 καὶ
1574 1059 1872 1131 τηλικαῦτα

290 1152 423 1221 περὶ
454 1152 618 1206 αὑτοῦ
658 1154 1038 1224 μαρτυρήσας,
1067 1153 1402 1223 ἀμφιϐάλλει
1432 1154 1550 1216 νῦν,
1594 1155 1687 1206 καὶ
1717 1151 1871 1208 ὑπώ-

292 1258 556 1309 πτευσαν,
590 1243 672 1296 δτι
707 1242 1038 1314 μετεϐλήθη.
1071 1241 1244 1296 Τοῦτο
1267 1243 1325 1296 δι
1349 1241 1513 1309 γνοὺς
1548 1243 1578 1294 6
1611 1241 1869 1312 Χριστὸς,

293 1335 592 1404 θεραπεύει
626 1336 1001 1407 τῆν’τοιαύτην
1023 1336 1283 1406 ὑποψίαν.
1307 1335 1576 1390 διδάσκων
1606 1335 1744 1405 ἅμα,
1776 1335 1872 1388 καὶ

290 1423 375 1480 ὅτι
406 1427 853 1500 καρδιογνώστης
880 1428 1052 1482 ἐστίν.
1083 1427 1620 1498 Ἐντρεπτικὼτερον
1653 1427 1710 1480 δὲ
1736 1425 1873 1480 καθ-

291 1518 602 1586 απτόμενος
667 1517 868 1584 αὐτῶν,
922 1518 1125 1590 φησιν’
1189 1519 1252 1573 Τί
1291 1517 1581 1583 ἐξήλθετε
1622 1518 1710 1582 είς
1756 1515 1874 1583 τὴν

290 1607 519 1675 ἔρημον
542 1607 873 1663 θεάσασθαι
893 1626 914 1674 ;
933 1607 1208 1678 κάλαμον
1228 1609 1347 1663 ὑπὸ
1367 1607 1593 1676 ἀνέμου
1612 1606 1875 1660 σαλευό-

286 1710 516 1763 μενον;
552 1695 826 1761 τουτέστι,
884 1696 1090 1764 κοῦφον
1144 1699 1239 1750 καὶ
1293 1697 1612 1766 εὑρίπιστον
1663 1696 1876 1759 ἄνθρω-

1976 623 2066 663 res
2099 609 2297 664 redditi
2330 610 2738 666 abscesserunt.
2771 611 2954 678 Quare
3002 624 3186 670 autem
3248 630 3363 670 non
3433 615 3567 687 ipsis

1976 703 2337 772 praesentibus
2370 705 2588 760 locutus
2627 714 2716 760 est
2738 705 2811 761 de
2843 703 3058 762 Joanne
3087 708 3112 761 ἲ
3159 705 3241 763 Ne
3262 708 3313 763 ei
3340 707 3569 765 videre-

1977 806 2067 852 tur
2110 796 2343 852 adulari.

2045 890 2203 946 Vers.
2257 891 2313 945 7.
2374 889 2516 956 Quid
2559 922 2630 933 —
2683 892 3001 962 agitatam?
3045 890 3250 948 Audita
3307 905 3339 946 a
3383 889 3572 947 turbis

1973 979 2207 1038 Joannis
2259 982 2712 1054 interrogatione,
2755 999 2884 1040 cum
2915 985 3193 1040 intentum
3245 983 3567 1056 ignorarent

1975 1074 2150 1136 illius,
2181 1074 2412 1130 turbatae
2438 1082 2569 1130 sunt
2604 1091 2619 1128 :
2655 1075 2935 1144 quomodo
2970 1075 3024 1129 is
3046 1074 3140 1144 qui
3168 1074 3237 1130 de
3263 1075 3367 1129 hoc
3394 1082 3478 1128 tot
3502 1087 3567 1126 ac

1975 1175 2129 1222 tanta
2161 1163 2392 1222 testatus
2413 1167 2608 1222 fuisset
2639 1182 2789 1222 nunc
2811 1166 3117 1224 dubitabat.
3138 1177 3193 1220 et
3213 1167 3565 1221 immutatum

1975 1271 2103 1313 eum
2159 1272 2283 1313 esse
2353 1257 2800 1326 suspicabantur.
2851 1255 2973 1323 Quo
3015 1256 3260 1328 cognito,
3309 1254 3568 1309 Christus

1975 1349 2296 1419 huiusmodi
2336 1348 2590 1405 medetur
2635 1348 2960 1420 suspicioni,
3025 1347 3235 1403 docens
3269 1347 3456 1408 simul.
3511 1355 3571 1401 et

1976 1443 2121 1514 quod
2169 1443 2416 1499 cordium
2462 1451 2608 1498 esset
2634 1442 2905 1510 cognitor,
2933 1450 2990 1496 et
3021 1438 3413 1495 confundendo
3472 1452 3572 1492 eos

1976 1537 2328 1606 redarguens.
2391 1534 2485 1589 Ait
2546 1550 2716 1606 ergo:
2768 1532 2910 1600 Quid
2939 1531 3132 1587 existis
3176 1530 3232 1586 in
3263 1531 3566 1592 desertum,

1977 1638 2039 1682 ut
2095 1628 2354 1682 videretis
2406 1627 2756 1690 arundinem,
2811 1641 2933 1695 quae
2997 1632 3223 1678 avento
3283 1618 3567 1691 agitatur?

1978 1721 2084 1775 hoc
2111 1729 2218 1784 est,
2260 1719 2440 1772 levem
2474 1728 2531 1773 et
2560 1717 2872 1772 instabilem
2896 1714 3204 1776 hominem,
3242 1720 3300 1767 et
3327 1711 3396 1765 ad
3443 1723 3567 1782 mo-

291 1800 414 1846 πον,
442 1784 536 1836 καὶ
563 1784 723 1856 δίκην
747 1785 998 1855 καλάμου
1020 1785 1119 1856 τὴν
1147 1784 1376 1857 γνώμην
1403 1787 1868 1856 εὐμετάτρεπτον,

1980 1813 2108 1867 dum
2157 1811 2444 1866 arundinis
2491 1809 2653 1865 facile
2710 1817 2896 1863 mente
2943 1804 3290 1869 mutabilem,
3327 1812 3388 1858 ut
3418 1817 3570 1857 nunc

291 1872 368 1936 ὡς
405 1874 819 1945 ὑπολαμδάνετε
851 1875 968 1942 νῦν,
1000 1877 1372 1948 ἢτοῦναντίον
1407 1877 1630 1948 μᾶλλον,
1668 1878 1872 1950 σταθη-

1973 1903 2332 1975 suspicamini
2355 1903 2379 1957 ?
2402 1911 2498 1958 aut
2523 1918 2554 1957 e
2587 1901 2807 1957 diverso
2840 1899 3120 1960 stabilem,
3144 1910 3386 1965 saxoque
3433 1893 3568 1949 soli-

293 1964 388 2034 ρδν
419 1967 514 2022 καὶ
542 1968 751 2039 πέτρας
783 1970 1168 2040 στερῤότερον,
1208 1969 1284 2032 ὡς
1322 1972 1356 2040 ἡ
1381 1970 1510 2046 ,τότε
1547 1971 1752 2042 σπουδὴ
1779 1969 1872 2024 καί

1980 1964 2209 2057 diorem,
2233 2002 2293 2047 ut
2315 2001 2448 2048 tunc
2472 1999 2723 2047 vestrum
2751 1989 2997 2046 studium
3022 2001 3088 2043 ac
3148 1964 3455 2042 concursus
3483 1991 3570 2038 te-

294 2059 570 2132 συνδρομὴ
601 2060 756 2132 ὑμῶν
782 2061 1087 2132 ἐμαρτύρει
1106 2081 1121 2127 ;

364 2148 557 2202 ’Δλλὰ
585 2181 650 2191 -
678 2150 1126 2222 ήμφιεσμένοη
1170 2153 1423 2225 Δηλονότι
1453 2154 1748 2225 τρυφηλδν,
1783 2156 1873 2212 ἵνα

294 2240 392 2294 καὶ
419 2241 508 2296 διὰ
557 2243 718 2297 τοῦτο
767 2244 896 2318 δόξῃ
946 2245 1146 2316 χαῦνος
1185 2249 1279 2302 καὶ
1337 2249 1778 2319 εὐμετάϐλητος
1837 2252 1869 2322 ἢ

292 2332 605 2388 τούναντίον
661 2335 882 2405 μᾶλλον,
934 2339 1540 2411 ἐσκληραγωγημένον,
1586 2341 1662 2406 ὼς
1697 2342 1792 2396 καὶ
1836 2345 1870 2413 ἡ

297 2424 460 2495 στολῆ
492 2426 711 2492 τούτου,
742 2429 839 2481 καὶ
870 2431 904 2499 ἡ
947 2429 1120 2501 τροφὴ
1150 2430 1608 2486 διεϐεϐαιὼσαντο

365 2600 527 2656 Ἰδοὺ
571 2633 641 2643 —
681 2605 865 2660 εἰσίν.
917 2597 1087 2670 Οὗτος
1135 2607 1214 2671 δὲ,
1261 2612 1526 2678 πρότερον
1557 2609 1678 2679 μὲν,
1716 2626 1775 2664 εν
1805 2615 1873 2682 τῇ

294 2691 490 2762 ιρήμῳ
524 2693 769 2764 διῃτᾶτο,
810 2695 905 2750 νῦν
936 2697 1013 2762 δὲ,
1044 2699 1104 2750 ὲν
1133 2699 1212 2768 τῷ
1244 2700 1606 2771 δεσμωτηρίῳ
1639 2703 1875 2773 τετήρη-

294 2799 406 2837 ται.
438 2785 591 2838 Ἐπεὶ
621 2787 728 2857 γάρ
761 2805 905 2852 τινες
933 2789 1033 2859 μὲν
1055 2791 1266 2844 οἴκοθεν
1285 2792 1392 2844 είσὶ
1413 2792 1626 2860 κοῦφοι,
1645 2792 1790 2855 τινες
1819 2793 1876 2846 δὲ

293 2874 390 2927 καὶ
424 2875 530 2928 ὑπὸ
557 2879 771 2948 τρυφῆς
795 2880 957 2933 τοῦτο
984 2882 1280 2951 πάσχουσι,
1313 2883 1558 2936 τέθεικεν
1579 2883 1608 2935 6
1639 2884 1876 2955 Χριστὸς

295 2967 390 3019 καὶ
421 2967 582 3022 τοῦτο
608 2973 855 3038 κάκεῖνο,
889 2975 983 3027 καὶ
1029 2976 1277 3043 ἤλεγξεν,
1329 2976 1406 3037 ὡς
1449 2977 1732 3047 οὐδέτερόν
1755 2980 1878 3032 ἑστι

295 3059 428 3129 περὶ
456 3061 551 3114 τὸν
591 3062 870 3134 Ἰωάννην.
899 3060 1033 3118 Εἶτα
1063 3067 1319 3137 ἐπιφέρει
1352 3067 1451 3136 τὴν
1474 3067 1757 3138 ἀλήθειαν,
1780 3069 1878 3123 καὶ

299 3154 574 3220 μαρτυρεῖ
592 3155 660 3224 τῇ
696 3153 950 3228 ἀληθείᾳ,
983 3157 1077 3209 καὶ⁵
1101 3157 1288 3210 πλέκει
1316 3157 1396 3228 τῷ
1428 3159 1716 3230 Βαπτιστῇ
1735 3161 1876 3230 λαμ-
1904 3168 1948 3225 C

297 3242 436 3311 πρὺν
461 3245 740 3316 ιγκωμίου
779 3249 1068 3317 στέφανον.

369 3338 560 3391 Ἀλλὰ
576 3367 649 3377 -
670 3340 1007 3409 προφήτου.
1037 3371 1109 3381 -
1130 3345 1592 3412 Περισσότερον,
1613 3344 1737 3399 ἀντὶ
1757 3343 1877 3410 τοῦ,

295 3429 560 3495 Μείζονα.
590 3425 727 3484 Εῐτα
763 3431 913 3499 λέγει
943 3434 1206 3487 καὶκατὰ
1247 3436 1300 3487 τί
1335 3435 1584 3505 μείζονα,
1618 3437 1701 3489 ὅτι
1737 3437 1879 3490 κατὰ

296 3521 359 3573 τὸ
389 3521 835 3593 προπορεύεσθαι
886 3524 1117 3595 πλησίον
1173 3526 1275 3595 τῆς
1330 3529 1633 3597 παρουσίας
1687 3528 1876 3583 αὐτοῦ.

296 3615 560 3680 Μείζονες
602 3617 709 3686 γὰρ
739 3616 850 3670 τῶν
879 3619 1056 3673 ἄλλων
1089 3620 1349 3690 κηρύκων
1377 3621 1427 3673 oi
1459 3621 1880 3693 προπορευόμε·

297 3725 378 3762 νοι
410 3707 639 3777 πλησίον
664 3708 758 3762 τοῦ
786 3709 1076 3780 βασιλέως.

373 3798 800 3872 [Περισσότερον
831 3802 943 3873 (41)
977 3805 1285 3874 προφήτου,
1315 3804 1391 3869 ὡς
1420 3805 1515 3858 καὶ
1553 3806 1716 3860 αὐτὸν
1753 3806 1879 3863 ίδὼν

297 3891 735 3960 όφθαλμοφανῶς
764 3893 860 3946 τδν
892 3895 984 3947 ὑπ’
1013 3895 1176 3948 αὐτοῦ
1206 3897 1704 3967 προφητευόμενον,
1734 3897 1795 3952 δν
1826 3899 1878 3952 oi

300 3985 410 4056 πρὸ
437 3985 603 4039 αὑτοῦ
639 3989 914 4057 προφῆται
939 3988 1359 4057 αίνιγματωδῶς
1385 3989 1733 4063 ὲθεάσαντο.]

375 4073 678 4142 Οὗτος--ν
719 4079 1063 4147 ἔμπροσθέν
1118 4096 1259 4135 σου.
1315 4081 1470 4136 Μετὰ
1525 4081 1625 4153 τὴν
1668 4084 1881 4138 οἰκείαν

303 4169 634 4239 μαρτυρίαν,
668 4171 924 4240 ἐπιφέρει
948 4175 1043 4225 καὶ.
1060 4173 1161 4242 τὴν
1185 4173 1534 4244 προφητικήν
1581 4190 1598 4206 ο
1629 4172 1746 4228 ἐστι
1769 4175 1889 4246 γὰρ

304 4260 588 4329 Μαλαχίου
619 4261 680 4312 τὸ
709 4262 893 4331 ῥητόν.
935 4263 1168 4334 Εἴρηται
1192 4262 1270 4329 δὲ,
1292 4264 1368 4327 ὡς
1401 4266 1509 4319 ἀπὸ
1541 4265 1636 4319 τοῦ
1670 4268 1879 4339 Πατρός

303 4352 399 4404 καὶ
433 4352 572 4405 Θεοῦ
609 4353 747 4423 πρὸς
776 4354 868 4407 τὸν
903 4354 1032 4407 Υίὸν
1059 4357 1154 4409 καὶ
1190 4355 1343 4410 Θεόν.
1381 4357 1651 4426 ’Δγγελον
1683 4359 1740 4412 δὲ
1768 4361 1879 4431 (62)

301 4444 494 4504 αὑτοῦ,
525 4442 902 4547 τὺνέιωάννην
930 4449 959 4499 6
1006 4447 1138 4511 Θεὸς
1182 4448 1494 4519 ὠνόμασεν,
1529 4451 1562 4522 ἦ
1593 4451 1668 4514 ὡς
1697 4451 1880 4520 ἁπαγ-
1917 4501 1958 4555 D

301 4535 563 4601 γείλαντα
589 4534 666 4606 τῷ
696 4536 812 4607 λαῷ
840 4537 910 4591 τὰ
960 4538 1260 4608 λαληθέντα
1287 4544 1416 4610 περὶ
1448 4542 1541 4594 τοῦ
1593 4543 1837 4613 Χριστοῦ
1861 4560 1876 4576 ·

302 4625 578 4696 Ἐγένετο
610 4628 738 4700 γὰρ,
772 4631 929 4698 φησι,
953 4631 1121 4701 ῥῆμα
1158 4634 1306 4689 Θεοῦ
1332 4634 1429 4688 ἐπὶ
1452 4634 1743 4704 Ἰωάννην
1771 4637 1881 4690 τὸν

303 4719 411 4772 τοῦ
453 4722 755 4789 Ζαχαρίου
793 4724 929 4777 υίὸν
955 4725 1024 4777 ὲν
1047 4724 1125 4793 τῇ
1150 4724 1381 4795 ἐρήμων
1417 4727 1447 4798 ἢ
1486 4728 1561 4791 ὼς
1588 4728 1882 4796 ἁγγελικδν

306 4814 420 4884 βίον
457 4817 880 4886 μετερχόμενον,
922 4821 980 4872 ὲν
1022 4819 1101 4890 τῷ
1127 4821 1508 4892 ὕπεραρθῆναι
1543 4825 1651 4877 τῶν
1674 4825 1882 4895 γηΐνων

305 4907 400 4958 καὶ
431 4909 652 4976 φρονεῖν
680 4907 925 4977 οὐράνια.
955 4909 1031 4962 T6
1070 4910 1145 4976 δὲ,
1195 4913 1319 4978 Πρὸ
1368 4912 1694 4978 προσώπου
1740 4930 1880 4980 σου,

304 4997 430 5052 ἀντὶ
454 4997 572 5059 τοῦ,
605 4997 870 5052 Ἐνὼπιόν
900 5016 994 5054 σου
1033 5002 1412 5069 προοδεύοντα,
1452 5003 1527 5066 ὡς
1570 5006 1792 5071 οίκετον,
1824 5007 1881 5070 ὃς

307 5091 405 5141 καὶ
435 5088 752 5158 ἔμπροσθέν
793 5106 887 5142 σου
923 5092 1234 5160 εὐτρεπίσει
1271 5094 1372 5165 τὴν
1402 5095 1522 5148 ὁδόν
1567 5112 1686 5152 σου.
1733 5097 1886 5160 Ὁδὸς

304 5180 364 5235 δὲ
398 5182 493 5235 τοῦ
533 5183 794 5252 Χριστοῦ,
845 5185 903 5237 αί
948 5184 1122 5256 ψυχαὶ
1147 5186 1256 5241 τῶν
1286 5188 1620 5261 ἀνθρώπων,
1662 5190 1737 5249 ὧν
1765 5197 1885 5250 ἐπι-

383 5367 431 5401 “
463 5368 695 5422 Malaclt.
737 5383 819 5435 ιιι,
858 5369 913 5425 1.
988 5371 1035 5406 δ’
1064 5369 1198 5429 Luc.
1233 5373 1426 5439 vm,2.

1974 2086 2296 2142 stabantur‘l

2046 2178 2207 2232 Vers.
2233 2177 2289 2231 8.
2320 2176 2425 2232 Sed
2455 2204 2528 2217 —-
2557 2175 2812 2229 amictum
2834 2173 2860 2227 2
2905 2170 3128 2227 Deliciis
3173 2169 3388 2224 scilicet
3431 2179 3568 2235 gau-

1977 2271 2224 2333 dentem,
2275 2279 2335 2324 ut
2387 2269 2554 2323 etiam
2581 2282 2648 2320 ex
2701 2266 2807 2320 hoc
2846 2265 3030 2318 mollis
3063 2263 3320 2317 videatur
3377 2257 3570 2313 facile-

1975 2375 2083 2432 que
2110 2359 2420 2423 mutabilis;
2445 2366 2540 2412 aut
2585 2357 2769 2427 potius
2791 2372 2820 2410 e
2843 2353 3139 2414 contrario,
3164 2350 3318 2406 duris
3360 2343 3568 2404 exemi-

1980 2461 2173 2514 tatum,
2228 2457 2291 2504 ut
2327 2450 2493 2505 etiam
2535 2449 2708 2504 vestis
2769 2447 2893 2517 ejus
2944 2461 3011 2500 ac
3064 2445 3223 2500 cibus
3275 2437 3566 2498 confirma-

1979 2550 2129 2598 runt.

2053 2633 2205 2688 Vers.
2233 2631 2286 2687 8.
2326 2629 2459 2685 Ecce
2494 2660 2566 2671 -—
2594 2639 2744 2685 sunt.
2767 2628 2879 2684 ilic
2896 2643 3032 2682 vero
3055 2627 3298 2697 primum
3339 2617 3568 2688 qu.dem

1979 2724 2035 2778 in
2067 2724 2290 2778 deserto
2321 2722 2668 2785 versabatur,
2689 2735 2838 2774 nunc
2856 2729 3042 2775 autem
3076 2715 3132 2768 in
3179 2725 3404 2767 carcere
3433 2707 3569 2763 reti-

1979 2826 2164 2870 netur.
2209 2813 2351 2879 Quia
2384 2828 2516 2868 vero
2570 2812 2795 2882 quidam
2848 2827 2878 2864 a
2908 2810 3072 2862 domo
3126 2805 3205 2875 (ο)
3245 2803 3399 2857 leves
3446 2815 3570 2855 esse

1979 2915 2379 2969 monstrantur,
2403 2913 2460 2960 et
2494 2904 2719 2974 quidam
2748 2917 2777 2956 a
2834 2897 3050 2953 deliciis
3083 2897 3191 2951 hoc
3258 2893 3567 2963 patiuntur,

1978 2999 2161 3070 posuit
2185 2998 2444 3054 Christus
2464 3006 2520 3052 et
2538 2997 2646 3051 hoc
2671 2991 2898 3056 etillud,
2928 3005 2991 3044 ac
3015 2986 3274 3060 probavit
3301 2997 3563 3040 neutrum

1981 3106 2142 3162 posse
2200 3089 2308 3145 dici
2359 3088 2428 3144 de
2475 3087 2710 3144 Joanne.
2784 3081 2990 3139 Deinde
3052 3079 3202 3150 quod
3262 3091 3451 3132 verum
3483 3084 3570 3130 est

1981 3181 2172 3245 infert,
2205 3188 2264 3235 et
2293 3176 2508 3233 veritati
2536 3183 2866 3238 attestatur,
2892 3187 2957 3227 ac
2977 3171 3234 3241 Baptistae
3255 3167 3570 3237 elegantem

1980 3273 2225 3332 contexit
2244 3269 2480 3327 encomii
2512 3282 2798 3324 coronam.

2051 3365 2206 3420 Vere.
2238 3364 2293 3418 9.
2331 3360 2437 3417 Sed
2465 3361 2826 3430 --pr0pheta.
2869 3387 2941 3400 --
2968 3355 3435 3414 Excellentiorent,
3466 3349 3572 3406 hoc

1979 3465 2062 3512 est
2082 3456 2366 3525 majorem.
2422 3452 2624 3507 Deinde
2652 3450 2852 3506 dicitin
2881 3464 2992 3520 quo
3006 3449 3293 3517 majorem,
3321 3441 3574 3498 videlicet

1981 3550 2037 3604 in
2069 3564 2137 3604 eo
2188 3546 2334 3616 quod
2383 3544 2597 3600 venerit
2624 3557 2769 3598 etrca
2823 3541 3030 3597 Christi
3059 3539 3356 3594 adventum
3395 3530 3572 3588 .Nam

1981 3641 2231 3712 majores
2251 3638 2374 3693 aliis
2405 3637 2550 3692 inter
2577 3651 2861 3705 praecones
2888 3641 3019 3689 sunt
3075 3633 3133 3686 hi
3163 3630 3262 3702 qui.
3291 3640 3460 3698 prape
3488 3638 3574 3679 re.

1981 3748 2105 3807 gem
2123 3731 2467 3802 praecedunt.

2064 3823 2108 3897 -ι-
2134 3822 2587 3880 Excellentiorem
2627 3818 2922 3890 propheta,
2951 3824 3140 3888 utpote
3156 3815 3251 3886 qui
3291 3815 3405 3872 suis
3439 3815 3577 3871 vidit

1981 3917 2158 3975 oculis
2176 3933 2204 3971 a
2225 3932 2283 3971 se
2304 3915 2690 3984 prophetatum
2714 3953 2729 3975 .
2756 3926 2918 3979 quem
2934 3909 3216 3980 prophetat
3239 3909 3415 3981 ipsum
3433 3922 3578 3979 prti-

1981 4011 2240 4067 cedeotes
2269 4009 2321 4061 in
2350 4008 2640 4076 aenigmate
2663 4009 3086 4074 conspexerant.

2052 4100 2190 4157 Vers
2214 4141 2229 4156 .
2263 4099 2351 4156 10.
2376 4099 2474 4153 Hic
2492 4127 2564 4137 —
2591 4106 2715 4151 ante
2749 4105 2818 4152 te.
2851 4095 2981 4150 Post
3008 4108 3168 4149 suum
3203 4090 3575 4149 testimonium

1983 4190 2139 4249 aﬂert
2179 4199 2234 4246 et
2259 4189 2636 4262 propheticum
2667 4205 2682 4242 :
2716 4194 2800 4243 est
2830 4185 2980 4243 enim
2999 4183 3285 4241 Malachiaa
3344 4183 3574 4238 verbum

1983 4285 2052 4340 “.
2095 4285 2306 4340 Dictum
2338 4290 2422 4336 est
2466 4289 2646 4336 autem
2677 4279 2833 4350 quasi
2860 4293 2892 4333 a
2932 4277 3094 4332 Patre
3130 4285 3187 4331 et
3217 4275 3349 4339 Deo,
3380 4273 3447 4328 ad
3484 4273 3574 4329 Fi-

1983 4380 2115 4435 lium
2135 4378 2300 4433 etiam
2340 4377 2537 4431 Deum.
2605 4372 2874 4429 Joannem
2908 4387 3040 4428 vero
3083 4370 3338 4440 angelum
3416 4383 3576 4423 suum

1985 4474 2129 4527 Deus
2159 4469 2462 4526 nominavit
2482 4509 2495 4530 ,
2533 4468 2650 4522 sive
2680 4465 2809 4536 quia
2841 4463 3073 4532 ἄγγελος
3108 4461 3311 4516 dicitur
3335 4461 3578 4526 nuntius,

1984 4573 2038 4618 et
2075 4562 2312 4617 Joannes
2336 4577 2456 4633 qua!
2471 4561 2571 4616 sibi
2604 4559 2750 4613 dicta
2767 4563 2929 4612 erant
2977 4555 3044 4610 de
3077 4553 3298 4609 Christo
3357 4566 3583 4606 annun-

1983 4653 2142 4709 tiavit
2171 4651 2373 4723 populo
2399 4667 2413 4705 :
2451 4649 2676 4704 Factum
2694 4658 2771 4703 cat
2806 4691 2817 4714 ,
2862 4646 3044 4717 inquit
3071 4686 3088 4710 ,
3115 4644 3330 4699 verbum
3364 4642 3461 4697 Dei
3482 4659 3576 4696 ιιι-

1985 4760 2078 4812 per
2091 4742 2346 4798 Joannem
2362 4741 2640 4796 Zacharia:
2653 4740 2826 4810 [ilium
2854 4740 2910 4792 in
2938 4740 3144 4794 deserto
3166 4736 3233 4790 “.
3268 4734 3399 4790 Sive
3419 4733 3577 4803 quasi

1990 4835 2290 4904 angelicam
2314 4834 2603 4905 degentem
2636 4833 2831 4895 vitam,
2885 4846 2952 4886 eo
2992 4829 3136 4900 quod
3174 4843 3341 4898 super
3361 4837 3580 4881 terrena

1991 4926 2329 4986 elevabatur.
2354 4941 2418 4980 ac
2441 4925 2684 4982 caelestia
2699 4923 2944 4994 sapiebat
2966 4961 2979 4976 .
3012 4922 3152 4976 Ante
3187 4920 3380 4975 faciem
3406 4927 3577 4978 tuam.

1993 5019 2098 5073 hoc
2127 5027 2211 5073 est
2235 5017 2288 5072 in
2315 5027 2611 5088 conspectu
2627 5027 2722 5073 tuo
2743 5016 3166 5084 praecedentem,
3191 5020 3451 5082 tanquam
3474 5011 3578 5065 do-

1993 5110 2282 5165 mesticum
2333 5120 2487 5165 tuum
2517 5111 2646 5180 ,qui
2687 5111 2856 5165 etiam
2883 5123 3070 5169 coram
3105 5115 3157 5161 te
3184 5103 3404 5175 parabit
3431 5100 3578 5158 viam

1993 5194 2167 5256 tuam.
2225 5200 2322 5256 Via
2339 5210 2524 5257 autem
2547 5200 2752 5257 Christi
2779 5201 2978 5256 animm
2993 5204 3153 5253 erant
3169 5194 3455 5253 hominum
3473 5206 3576 5265 per

1488 5491 1686 5555 Vatia
1716 5493 2020 5559 lectiones
2052 5503 2107 5558 el
2144 5503 2331 5558 notas.

385 5610 499 5677 (41)
531 5608 744 5665 Inclusa
767 5621 998 5682 uterque
1026 5613 1196 5668 codex
1227 5615 1390 5671 habet
1418 5615 1473 5670 in
1505 5617 1770 5688 margine.

2059 5619 2170 5690 (49.)
2201 5618 2396 5673 ἑαυτοῦ
2408 5660 2420 5674 .
2454 5619 2515 5672 Α.

389 5768 462 5841 (a)
523 5771 562 5824 Α
624 5774 796 5829 domo.
844 5773 957 5830 Hoc
1001 5774 1293 5831 obscurum
1344 5783 1449 5832 est.
1503 5774 1708 5844 Malim,
1762 5785 1850 5832 aut
1876 5781 2159 5834 domestica
2190 5779 2580 5843 consuetudine,
2610 5787 2704 5833 aut
2737 5796 2766 5832 η
2796 5776 3096 5832 nativitau.
