4086 6382
629 344 739 407 259

1860 337 2247 400 EUTHYMII
2291 335 2653 398 ZIGABENI

3794 336 3899 398 360

704 452 858 506 Vcrs.
900 453 992 509 23.
1035 454 1104 509 Et
1169 486 1235 497 -—
1296 458 1609 512 hodiernum
1669 456 1829 508 diem.
1869 454 2207 523 Capernaum

2390 450 2503 503 Καὶ
2535 476 2601 489 --
2629 448 2920 518 σήμερον.
2964 449 3027 502 Ἢ
3056 450 3427 522 Καπερναοὺμ
3453 446 3674 513 ἔνδοξο;
3707 451 3897 515 γέγονε

630 548 865 602 celebris
888 548 1011 613 fuit,
1044 564 1111 606 eo
1145 551 1289 619 quod
1328 550 1654 608 habitaverit
1689 549 1742 603 in
1777 563 1841 602 ea
1914 547 2167 602 Christus
2190 586 2207 613 ,

632 637 909 705 multaque
935 637 1191 691 miracula
1223 639 1274 691 in
1304 655 1367 693 ea
1398 639 1647 693 ediderit.
1685 636 1825 691 Dicit
1850 651 2011 707 ergo:
2039 634 2105 689 Et
2153 644 2211 687 tu

633 742 730 796 per
751 726 974 796 gloriam
1001 743 1172 796 usque
1223 730 1291 783 ad
1350 730 1548 791 cmlum
1606 728 1862 789 exaltata,
1919 741 2090 795 usque
2141 724 2211 778 ad

632 816 836 870 inferos
884 818 1187 873 detraheris
1246 835 1341 889 per
1407 819 1788 892 ignominiam.
1847 816 1988 870 Sunt
2026 824 2211 868 autem

631 922 752 975 qua:
780 907 1039 962 dicuntur
1066 910 1292 965 alterius
1348 912 1425 965 rei
1484 910 1865 983 signiﬁcativa.
1926 907 2209 976 Siquidem

631 1012 804 1067 usque
824 999 891 1052 ad
911 1000 1131 1065 malum,
1156 1002 1338 1072 gloriae
1356 1002 1701 1057 demonstrat
1738 997 2208 1071 magnitudinem;

636 1102 807 1155 usque
828 1089 895 1142 ad
942 1090 1147 1145 inferos
1200 1102 1407 1155 autem,
1462 1091 1794 1162 ignominiae.
1842 1092 2210 1159 Augmentum

629 1195 761 1233 vero
778 1181 1025 1235 criminis
1042 1193 1097 1237 et
1116 1184 1515 1238 demonstratio
1531 1192 1786 1237 extrema:
1808 1181 2096 1251 pravitatis
2107 1189 2211 1244 est,

630 1286 742 1324 non
760 1272 936 1325 solum
959 1274 1177 1342 pejores
1197 1290 1319 1329 esse
1340 1275 1721 1345 peccatoribus
1744 1275 1839 1345 qui
1859 1284 1987 1329 tunc
2032 1282 2211 1339 erant,

629 1364 725 1417 sed
759 1371 813 1416 et
840 1364 949 1420 illis
977 1366 1069 1435 qui
1103 1382 1343 1437 unquam
1373 1367 1621 1422 fuerant.

703 1451 856 1509 Vers.
900 1454 990 1509 9.4.
1032 1459 1278 1511 Attamen
1316 1458 1522 1513 —tibi.
1557 1489 1626 1500 ——
1658 1457 1847 1523 Vobis,
1876 1459 1941 1513 ad
1978 1456 2215 1513 civitatis

628 1541 773 1599 illius
806 1545 953 1601 cives
985 1547 1194 1602 dictum
1234 1558 1356 1615 est;
1400 1550 1519 1603 Tibi
1545 1564 1699 1615 vero,
1736 1552 1803 1603 ad
1841 1550 2141 1604 civitatem.

706 1745 858 1803 Vers.
886 1748 977 1803 25.
1020 1750 1084 1803 In
1101 1752 1440 1819 -—parvulis.
1460 1750 1843 1825 ’Δποχρίσεως
1891 1754 2213 1809 vocabulum

628 1838 817 1905 (quod
854 1853 955 1894 nos
1002 1841 1374 1897 communiter
1427 1848 1844 1914 responsionem
1903 1846 2212 1916 vertimus)

630 1929 777 1983 varia
802 1932 1095 2002 signiﬁcat.
1129 1932 1284 1989 Mitto
1310 1951 1461 1992 nunc
1491 1938 1897 2007 separationcm
1948 1955 2013 1993 ac
2061 1941 2213 2011 dige—

629 2022 863 2076 stionem
897 2025 1202 2080 secundum
1233 2030 1502 2097 medicos,
1530 2041 1586 2086 et
1616 2047 1739 2101 quae
1759 2032 1827 2086 ad
1861 2034 1965 2087 hoc
1996 2032 2073 2099 ﬁt,
2105 2043 2213 2087 ter-

629 2112 1011 2171 minationem.
1059 2118 1337 2174 Interdum
1392 2123 1613 2191 quidem
1681 2124 1938 2193 principii
2030 2126 2210 2179 locum

626 2201 809 2267 habet,
863 2215 923 2258 ut
983 2221 1107 2260 cum
1164 2209 1389 2276 dicitur,
1434 2212 1770 2282 Respondeus
1812 2216 1960 2269 Jesus
2037 2218 2211 2271 dixit:

625 2292 889 2360 Conﬁteor
937 2296 1057 2362 tibi,
1127 2298 1294 2353 Pater
1325 2342 1341 2367 ,
1390 2301 1613 2357 Domine
1660 2306 1774 2358 cali
1835 2316 1883 2358 et
1927 2317 2101 2368 ιρι-ναν,
2144 2308 2211 2361 dc

624 2402 732 2455 quo
763 2404 910 2443 nunc
936 2405 1021 2445 est
1049 2407 1265 2461 sermo;
1301 2395 1448 2450 nulla
1478 2397 1623 2451 enim
1644 2401 1922 2467 praecessit
1975 2400 2210 2455 interro-

626 2480 789 2547 gatio.
820 2481 1157 2553 Quandoque
1173 2500 1303 2541 vero
1322 2487 1385 2540 ad
1406 2486 1894 2559 interrogationem
1944 2492 2209 2559 redditur,

639 2581 696 2623 ut
724 2582 803 2624 est
830 2572 957 2627 illud
992 2593 1005 2628 :
1038 2575 1371 2642 Respondeas
1406 2577 1589 2634 Simon
1620 2581 1811 2636 Petrus
1850 2584 1983 2638 dixit
2005 2601 2025 2639 :
2061 2584 2135 2638 Tu
2158 2602 2211 2640 es

639 2660 874 2716 Christus
913 2665 1076 2720 Filius
1107 2668 1205 2722 Dei
1227 2671 1329 2723 vivi
1362 2673 1409 2705 "
1436 2690 1451 2737 ;
1489 2676 1767 2742 praecessit
1798 2676 1942 2729 enim
1980 2676 2214 2732 interro-

622 2754 791 2822 gatio.
828 2755 1110 2811 Interdum
1145 2776 1363 2830 quoque
1417 2764 1691 2819 sermonis
1738 2767 2209 2823 continuationem

627 2842 921 2911 signiticet,
954 2854 1013 2899 ut
1044 2850 1222 2917 capite
1245 2850 1504 2906 vicesimo
1536 2868 1683 2909 nono
1708 2856 1892 2926 hujus,
1917 2872 2039 2911 cum
2068 2858 2212 2913 Cha-

627 2946 819 2985 nanwa
855 2933 1121 2990 dixisset:
1149 2938 1357 3009 Utique,
1376 2939 1611 3007 Domine,
1630 2960 1752 2998 nam
1772 2956 1819 2999 et
1852 2948 2029 3001 catelli
2050 2949 2209 3002 edunt

621 3021 687 3073 tle
720 3022 888 3086 micis,
919 3040 1036 3089 quia
1060 3028 1256 3081 cadunt
1294 3046 1327 3082 a
1380 3047 1556 3085 mensa
1583 3034 1913 3089 dominorum
1957 3055 2209 3107 suorum;

2317 542 2405 595 διὰ
2434 542 2495 594 τὸ
2522 544 2801 595 κατοικεῖν
2832 544 2889 594 ἐν
2924 542 3061 612 αὐτῇ
3088 543 3179 595 τὸν
3209 544 3467 611 Χριστὸν,
3506 542 3601 594 καὶ
3630 542 3701 593 τὰ
3729 542 3901 593 πολλὰ

2317 630 2426 683 τῶν
2462 629 2760 699 θαυμάτων
2792 632 2850 683 ὲν
2881 632 3022 700 αὐτῇ
3053 629 3295 686 τελέσαι.
3329 632 3499 699 Φησὶν
3535 626 3652 692 οὖν,
3683 630 3769 683 δτι
3793 630 3898 681 Καὶ

2321 722 2409 788 σὺ,
2461 724 2494 791 ἠ
2547 721 2712 795 μέχρι
2745 721 2841 775 τοῦ
2885 720 3441 793 οὐρανοῦ-ὑψωοεῖςα
3488 725 3554 791 τῇ
3599 722 3751 791 δέξῃ,
3799 721 3899 780 ἕως

2320 814 2449 885 ᾅδου
2480 814 2931 886 καταϐιϐασθήσῃ
2969 817 3034 884 τῇ
3083 813 3291 883 ἀδοξία.
3346 813 3693 882 Ἑμφαντικὰ
3722 812 3781 864 δὲ
3807 812 3865 862 τὸ
3885 850 3900 873 ,

2320 909 2507 973 Μέχρι
2550 906 2655 960 τοῦ
2683 905 2967 974 οὐρανού,
2996 908 3091 958 καὶ
3136 906 3218 966 τὸ,
3262 904 3409 969 ’Ἕως
3446 903 3620 969 ᾅδου.
3668 902 3903 971 Ἑμφαί-

2321 1013 2473 1048 τουσι
2517 996 2650 1065 γὰρ,
2695 996 2756 1047 τὸ
2792 996 2913 1065 μὲν,
2968 994 3199 1065 μέγεθος
3230 993 3417 1063 δόξης’
3453 997 3511 1045 τὸ
3562 995 3620 1046 δὲ
3665 994 3903 1058 ἀδοξίας.

2320 1086 2559 1157 magna;
2591 1087 2649 1141 δὲ
2696 1085 3032 1157 κατηγορίας
3069 1088 3161 1138 καὶ
3191 1084 3467 1147 ἀπόδειξις
3502 1083 3702 1146 κακίας
3734 1086 3906 1152 ὑπερ-

2320 1178 2651 1250 ϐαλλούσης,
2693 1180 2752 1231 τδ
2784 1178 2988 1245 λέγειν,
3020 1177 3219 1237 αὐτοὺς
3253 1176 3328 1245 μὴ
3360 1177 3520 1244 μόνον
3551 1176 3771 1244 χείρους
3796 1177 3905 1227 τῶν

2318 1272 2438 1325 τότε
2504 1272 2883 1343 ἁμαρτωλῶν,
2943 1270 3079 1325 ἀλλά
3143 1270 3237 1322 καὶ
3300 1269 3407 1321 τῶν
3468 1266 3694 1320 πώποτε
3751 1284 3907 1334 γενο-

2323 1369 2524 1434 μένων.

2392 1458 2569 1525 Πλὴν
2597 1489 2664 1499 -
2698 1460 2819 1513 σοί.
2854 1460 2928 1511 Τὸ
2960 1458 3082 1529 μὲν,
3137 1457 3317 1527 Ὑμῖν,
3346 1456 3481 1526 πρὸς
3522 1457 3647 1518 τοὺς
3680 1454 3906 1515 πολίτας

2319 1553 2417 1621 τῆς
2478 1551 2686 1614 πόλεως
2741 1552 2959 1621 ἐκείνης
3018 1553 3267 1623 εἴρηται·
3326 1552 3387 1604 τὸ
3441 1551 3498 1601 δὲ
3563 1551 3707 1611 Σοὶ,
3769 1546 3907 1616 πρὸς

2318 1646 2416 1714 τήν
2450 1644 2627 1698 πόλιν.

2406 1736 2507 1788 Ἐν
2533 1763 2604 1774 -—-
2630 1737 2898 1803 νηπίοις.
2924 1736 2997 1789 Τὸ
3019 1736 3116 1806 τῆς
3136 1730 3483 1805 ἀποκρίσεως
3510 1734 3702 1803 ὄνομα,
3740 1734 3908 1785 πολυ-

2319 1831 2591 1899 σήμαντόν
2619 1835 2792 1885 ἐστιν.
2828 1834 2946 1886 Ἰνα
2967 1834 3079 1902 γὰρ
3109 1834 3256 1884 ὲάσω
3284 1832 3375 1883 τὸν
3403 1830 3780 1900 διαχωρισμὸν
3813 1830 3909 1881 καὶ

2315 1923 2416 1993 τὴν
2470 1924 2816 1994 διαφόρησιν,
2866 1924 3009 1977 κατὰ
3056 1924 3183 1987 τοὺς
3235 1925 3477 1991 ἰατροὺς,
3531 1923 3625 1973 καὶ⁸
3672 1922 3774 1991 τήν
3828 1922 3910 1981 εἰς

2316 2012 2475 2065 τοῦτο
2497 2014 2794 2083 κατάληξιν
2818 2030 2830 2041 ⁸
2859 2015 2990 2066 ποτὲ
3018 2015 3121 2083 μὲν
3142 2014 3505 2082 τόποννὰρχής
3534 2014 3673 2080 ἔχει,
3705 2014 3781 2074 ῶς
3811 2011 3907 2061 τό⁹

2329 2105 2698 2173 Ἀποκριθεὶς
2721 2109 2750 2158 δ
2791 2106 2999 2176 Ἰησοῦς
3025 2102 3179 2159 εἶπεν
3201 2120 3216 2135 ⁸
3250 2105 3762 2173 Ἑξομολογυῦμαί
3779 2119 3907 2166 σοι,

2317 2197 2532 2265 Πάτερ,
2570 2199 2750 2266 Κύριε
2782 2197 2890 2252 τοῦ
2918 2198 3181 2265 οὐρανοῦ
3210 2198 3308 2249 καὶ
3341 2196 3452 2264 τῆς
3485 2196 3599 2264 γῆς
3628 2214 3640 2225 ·
3674 2197 3806 2263 περὶ
3844 2190 3908 2247 οὗ

2317 2293 2412 2344 νῦν
2441 2293 2468 2344 ὁ
2490 2290 2683 2359 λόγος·
2714 2292 2774 2344 οὐ
2804 2293 3157 2363 προηγήσατο
3188 2295 3296 2363 γὰρ
3326 2292 3594 2362 ἐρώτησις
3617 2308 3632 2322 ·
3666 2291 3799 2341 ππὲ
3824 2290 3905 2352 δὲ,

2316 2384 2453 2452 πρὸς
2482 2384 2753 2452 ιρώτησιν
2784 2384 3133 2437 ἀποδίδοται·
3170 2384 3245 2446 ὡς
3275 2386 3334 2435 τό
3355 2400 3368 2413 ·
3414 2384 3787 2450 Ἀποκριθεὶς
3813 2383 3911 2434 Σίο

2310 2490 2441 2541 μων
2493 2474 2717 2543 Πέτρος
2754 2474 2921 2529 εἷπε.
2960 2474 3045 2528 Σὺ
3083 2470 3142 2528 εἴ
3167 2477 3199 2527 ό
3232 2474 3488 2542 Χριστὸς
3532 2477 3563 2527 ό
3600 2474 3734 2540 Υἱὸς
3795 2472 3908 2526 τοῦ

2320 2566 2467 2619 Θεοῦ
2492 2567 2597 2621 τοῦ
2623 2566 2839 2629 ζῶντος
2860 2584 2874 2597 ο
2914 2569 3268 2638 προηγήσατο
3294 2568 3404 2637 γὰρ
3434 2567 3705 2638 ἐρώτησις
3727 2585 3743 2599 ·
3774 2569 3908 2621 ποτὲ

2315 2658 2397 2722 δὲ,
2432 2658 2594 2725 λόγου
2626 2658 2879 2730 διαδοχὴν
2897 2660 3083 2729 δηλοῖ·
3106 2661 3206 2731 τῆς
3234 2662 3340 2731 γὰρ
3364 2662 3679 2727 Χαναναίας
3712 2663 3908 2716 εἰπού-

2318 2769 2417 2821 σης
2447 2770 2460 2783 ο
2492 2752 2634 2819 Ναὶ,
2653 2755 2825 2822 Κύριε
2851 2770 2867 2785 θ
2900 2753 3000 2808 καὶ
3034 2754 3144 2824 γὰρ
3164 2756 3237 2810 τὰ
3270 2757 3526 2825 κυνάρια
3556 2758 3749 2811 ἐσθίει
3781 2759 3905 2812 ἀπὸ

2314 2844 2434 2897 τῶν
2474 2847 2699 2913 ψιχίων
2746 2846 2862 2900 τῶν
2898 2854 3244 2904 πιπτόντων
3288 2851 3409 2904 ἀπὸ
3448 2850 3557 2917 τῆς
3606 2850 3907 2920 mane-(13c

2316 2933 2433 2987 τῶν
2473 2938 2699 3005 κυρίων
2727 2937 2958 2994 αὐτῶνθ
2987 2941 3333 3009 ἀποκριθεὶς
3375 2944 3408 2995 ό
3460 2941 3701 3009 Ἰησοῦς
3729 2942 3908 2996 εἶπεν

2315 3026 2505 3096 αὑτῇο
2558 3024 2636 3083 Ὠ
2676 3031 2880 3101 γύναι,
2929 3033 3165 3102 μεγάλη
3207 3049 3325 3087 σου
3370 3033 3408 3099 ἡ
3448 3036 3673 3099 πίστις,
3727 3051 3911 3103 γενη-

623 3124 1031 3182 consequenter
1054 3118 1235 3173 statim
1286 3121 1678 3194 subjungitur:
1714 3131 1855 3181 Tunc
1896 3132 2207 3198 respondens

2316 3121 2471 3188 t9:in
2504 3136 2602 3176 σοι
2634 3123 2715 3189 ὡς
2753 3122 2976 3189 θέλεις”
3014 3126 3154 3179 llos!
3183 3126 3260 3192 δὲ,
3316 3128 3573 3197 σημαίνει
3611 3128 3907 3197 παράκλη-

624 3203 772 3257 Iesus
795 3206 930 3259 dixit
955 3208 1067 3262 illi:
1088 3208 1132 3264 0
1156 3212 1369 3277 mulier,
1400 3231 1593 3285 magna
1616 3225 1692 3271 est
1707 3219 1837 3287 ﬁdes
1859 3230 1983 3285 tua;
2003 3222 2098 3289 ﬁat
2120 3226 2213 3279 tibi

618 3296 759 3348 sicut
784 3298 861 3350 vis
885 3299 953 3353 “.
987 3301 1068 3354 Ad
1093 3302 1209 3357 hinc
1247 3319 1469 3374 quoque
1491 3309 2213 3376 signiﬁcateshortationem

620 3385 737 3439 sive
768 3386 1234 3455 deprecationem,
1302 3405 1365 3449 ut
1416 3412 1541 3451 cum
1584 3400 1821 3455 dicitur:
1876 3402 2212 3473 Respondens

616 3488 795 3531 autent
847 3478 1036 3536 Petrus
1097 3484 1232 3539 dixit
1285 3488 1372 3541 ei:
1430 3487 1674 3546 Edissere
1693 3494 1839 3548 nobis
1896 3498 2212 3565 parabolam

616 3570 845 3625 hanc".
883 3572 1224 3647 Quandoque
1294 3590 1475 3637 autem
1507 3583 1766 3652 abundat,
1804 3596 1864 3642 nt
1898 3603 2021 3643 cum
2072 3590 2213 3646 dici-

617 3669 745 3715 tur:
780 3662 1118 3733 Respondens
1178 3683 1356 3727 autem
1405 3674 1596 3729 Petrus
1647 3679 1782 3732 dixit
1842 3680 1924 3733 illi
1970 3695 1989 3733 :
2042 3684 2113 3736 Et
2163 3684 2211 3737 si

612 3771 791 3811 omnes
826 3759 1278 3832 oﬂ'eudanturmer
1311 3773 1381 3829 te,
1410 3782 1503 3837 ego
1534 3777 1711 3824 tamen
1733 3788 2007 3844 nunquam
2043 3776 2208 3845 o/fen-

611 3848 714 3899 dar
746 3850 811 3902 ”.
854 3849 1134 3919 Siquidem
1168 3853 1383 3911 Marcus
1420 3862 1785 3927 pretermisit,
1826 3866 2205 3936 Respondens,

613 3948 668 3993 et
699 3941 836 3994 dixit
863 3960 877 3997 :
915 3944 1103 3999 l’etrus
1122 3960 1303 4002 autem
1334 3952 1411 4004 ait
1434 3952 1601 4017 illi",
1629 3963 1735 4010 etc.
1772 3957 2053 4014 Interdum
2075 3977 2207 4018 vero

612 4031 888 4099 signiﬁcat
944 4035 1114 4091 etiam
1157 4038 1672 4112 interrogationem,
1706 4056 1765 4101 ut
1794 4064 1918 4102 cum
1958 4051 2203 4108 dicitur:

610 4122 917 4191 Respondit
944 4126 1024 4181 eis
1060 4126 1261 4186 Iesus:
1295 4130 1440 4186 Nunt
1466 4150 1559 4205 ego
1619 4153 1709 4191 vos
1768 4140 2045 4195 duodecim
2102 4144 2205 4197 ele-

608 4215 663 4284 gi
686 4214 784 4268 ⁵³2

686 4304 955 4374 Conﬁteor
990 4321 1173 4368 autem
1206 4315 1513 4374 dicitnunc
1570 4321 1873 4391 gratiarum
1905 4324 2201 4381 actionem.

613 4393 903 4464 Sapientes
942 4416 1074 4456 vero
1093 4412 1148 4456 et
1182 4406 1485 4473 prudentes
1534 4425 1631 4466 eos
1661 4412 1753 4482 qui
1810 4415 1943 4469 tales
1999 4416 2198 4487 popqu

2319 3228 2423 3277 σιν,
2448 3211 2523 3275 ὡς
2549 3213 2609 3266 τό
2631 3230 2646 3245 ο
2695 3214 3048 3284 Ἀποκριθεὶς
3079 3217 3148 3271 δὲ
3182 3221 3215 3272 ό
3252 3217 3473 3288 Πέτρος
3503 3216 3674 3273 εἶπεν
3712 3220 3905 3285 αὐτῷ.

2317 3302 2601 3375 [Φράσον
2660 3307 2774 3378 (52)
2834 3309 2979 3379 ἡμῖν
3040 3311 3155 3379 τὴν
3224 3313 3582 3382 παραϐολὴν
3632 3318 3904 3383 ταύτην·

2316 3397 2453 3449 Dore
2492 3398 2571 3463 δὲ,
2608 3401 2867 3469 περιττὸν
2905 3402 3145 3457 τέθειται
3168 3420 3181 3432 ·
3212 3404 3289 3468 ὡς
3319 3406 3417 3457 τό·
3458 3408 3825 3473 Ἀποκριθεὶς
3873 3409 3907 3459 ὀ

2315 3489 2537 3558 Πέτρος
2561 3488 2733 3547 εἶπεν
2753 3492 2911 3559 αὐτῷ
2926 3493 2965 3566 ·]
2996 3498 3065 3549 El
3084 3496 3310 3562 πάντες
3328 3498 3909 3567 σκανδαλισθήσονο

2313 3601 2407 3638 ται
2467 3586 2538 3639 ἐν
2592 3587 2716 3654 σοὶ,
2780 3588 2896 3657 ἐγὼ
2953 3589 3023 3643 δὲ
3087 3590 3376 3645 οὐδέποτε
3435 3591 3905 3659 σκανδαλισθή-

2311 3691 2495 3747 σομαι
2512 3691 2527 3708 ⁶
2550 3681 2646 3733 καὶ
2665 3680 2774 3751 γὰρ
2795 3683 2822 3734 ὁ
2844 3681 3072 3753 Μάρκος
3094 3682 3365 3754 παρέλιπε
3386 3683 3469 3749 τὸ,
3505 3684 3903 3752 Ἀποκριθεὶς,

2311 3771 2407 3823 καὶ
2454 3767 2646 3825 εἶπεν
2685 3772 2750 3826 '0
2800 3772 2870 3826 δὲ
2910 3773 3127 3842 Πέτρος
3159 3776 3273 3844 ἔφη
3312 3774 3500 3841 αὐτῷ’
3557 3777 3673 3830 ἐστι
3722 3777 3774 3830 δ’
3811 3782 3903 3833 ὅτε

2308 3859 2461 3928 δηλοί
2484 3862 2581 3914 καὶ
2604 3862 2705 3931 τὴν
2735 3862 3008 3933 ἐρώτησιν
3032 3864 3108 3926 ῶς
3132 3863 3193 3916 τό
3214 3880 3229 3895 ο
3278 3862 3595 3932 Ἀπεκρίθη
3624 3864 3839 3930 αὐτοῖς
3871 3868 3903 3917 ό

2323 3950 2601 4019 Ἰησοῦς·
2654 3956 2777 4008 Οὐκ
2806 3952 2922 4024 ἐγὼ
2969 3953 3129 4024 ἡμᾶς
3178 3954 3321 4023 τοὺς
3348 3954 3580 4009 δώδεκα
3609 3956 3903 4021 ἐξελεξὰ-

2312 4062 2457 4114 μην.

2380 4315 2808 4388 Ἐξομολόγησιν
2830 4317 2887 4372 δὲ
2916 4318 3035 4386 νῦν,
3063 4320 3164 4390 τὴν
3186 4320 3542 4392 εὐχαριστίαν
3569 4320 3754 4390 λέγει·
3779 4321 3897 4377 Καὶ

2310 4410 2512 4475 σοφοὺς
2544 4408 2667 4477 μὲν,
2704 4409 2799 4462 καὶ
2832 4412 3118 4477 συνετοὺς,
3151 4414 3281 4476 τοὺς
3308 4411 3453 4466 οὕτω
3486 4412 3785 4478 δοκοῦντας
3818 4414 3901 4477 τῷ

610 4484 960 4558 videbantur,
1016 4503 1147 4562 puta
1191 4496 1410 4552 Scribas
1444 4510 1500 4554 et
1548 4500 1871 4561 Pharisaeos.
1931 4484 2197 4563 Parvulos

2315 4500 2437 4570 λαῷ.
2460 4500 2833 4571 Γραμματέας
2869 4502 2963 4557 καὶ
2992 4504 3321 4574 Φαρισαίους
3343 4520 3356 4534 ·
3390 4506 3620 4575 νηπίους
3651 4506 3731 4571 δὲ,
3762 4509 3899 4572 τοὺς

610 4590 767 4639 vero,
790 4582 1069 4648 apostolos
1096 4595 1324 4656 propter
1348 4588 1759 4659 simplicitatem
1833 4604 1889 4651 et
1940 4598 2201 4652 innocen-

2300 4593 2666 4658 ἀποστόλους,
2722 4595 2812 4648 διὰ
2865 4597 2927 4649 τὸ
2980 4597 3215 4665 ἄκακον,
3275 4599 3374 4653 καὶ
3428 4598 3727 4670 ἀπόνηρον,
3797 4604 3899 4655 καὶ

610 4668 739 4721 tiam
787 4684 851 4724 ac
881 4673 1275 4733 sinceritatem.
1339 4678 1553 4738 Gratias
1582 4684 1677 4739 tibi
1708 4690 2201 4760 ago,inquit,quod

2315 4683 2525 4750 ὶφελές.
2553 4684 2879 4755 Εὑχαριστῶ
2927 4704 3032 4753 σοι,
3070 4692 3258 4758 φησιν,
3306 4691 3388 4744 ὅτι
3440 4668 3772 4762 ἀπέκρυψας
3823 4695 3895 4747 τὰ

609 4759 970 4853 abSconderis
1047 4766 1171 4823 ﬁdei
1201 4773 1459 4841 mysteria
1490 4789 1519 4829 a
1563 4778 1901 4847 sapientibus
1960 4791 2015 4836 ct
2074 4759 2204 4853 pru-

607 4850 889 4915 dentibus,
921 4856 1012 4910 illa
1060 4873 1395 4929 cognoscere
1422 4865 1741 4924 nolentibus
1779 4888 1792 4925 :
1831 4883 1885 4926 et
1936 4850 2195 4931 revelaris

606 4958 669 4995 ea
703 4947 965 5014 parvulis,
1006 4950 1130 5006 laeto
1146 4954 1332 5011 animo
1360 4958 1476 5027 ipsa
1502 4962 1952 5031 suscipientibus.
1976 4967 2192 5023 Gratias

608 5045 789 5091 autem
810 5052 975 5109 agens
1006 5041 1175 5113 Patri,
1199 5048 1594 5108 demonstravit
1625 5071 1683 5110 se
1702 5056 1897 5111 Filium
1927 5059 2047 5127 ejus
2072 5078 2193 5117 csse

680 5199 727 5274 ’_‘
763 5200 951 5257 Matth.
981 5222 1093 5274 xvr,
1134 5212 1223 5267 l6.

1324 5214 1372 5245 ”
1401 5214 1591 5273 Matth.
1628 5236 1721 5283 xv,
1758 5220 1847 5284 '27,
1881 5221 1972 5277 28.

612 5270 657 5301 ⁵⁸
692 5267 849 5325 Joan.
882 5291 956 5337 vr,
982 5275 1069 5330 7t).

2079 5225 2125 5256 "
2158 5224 2349 5281 Matth.
2383 5242 2475 5291 xv,
2514 5226 2597 5279 l5.

2305 4775 2405 4845 τῆς
2459 4776 2697 4841 πίστεως
2749 4780 3031 4851 μυστήρια
3074 4780 3186 4835 ἀπὸ
3240 4781 3420 4849 σοφῶν
3479 4784 3575 4836 καὶ
3625 4784 3892 4849 συνετῶν,

2309 4870 2385 4939 μὴ
2430 4868 2777 4941 Θελησὰντων
2808 4871 3112 4939 ἐπιγνῶναι
3143 4872 3337 4938 ταῦτα,
3383 4876 3476 4927 καί
3521 4873 3893 4945 ἀπεκάλυψας

2305 4961 2448 5015 αὐτὰ
2513 4964 2751 5035 νηπίοις,
2801 4967 2915 5028 τοῖς
2967 4963 3437 5036 παραδεξαμένοις
3486 4966 3645 5021 αὐτὰ.
3711 4968 3896 5039 Εὐχα-

2307 5064 2572 5131 ριστήσας
2633 5060 2732 5129 μὲν
2789 5058 2883 5112 οὖν
2937 5059 3016 5129 τῷ
3073 5061 3281 5132 Πατρὶ,
3350 5061 3460 5131 (55)
3514 5060 3745 5124 ἔδειξεν,
3806 5063 3892 5115 δτι

2700 5224 2747 5256 ⁸⁸
2771 5223 2959 5279 Matth.
2998 5233 3142 5292 sim,
3177 5228 3266 5283 55.
3365 5228 3409 5259 ⁸⁷
3438 5227 3602 5284 Marc.
3645 5246 3756 5299 xiv,
3792 5234 3887 5291 29.

1808 5355 2015 5416 Varini
2050 5357 2357 5423 lectiones
2396 5368 2457 5422 et
2492 5369 2681 5425 noue.

683 5508 798 5580 (52)
820 5508 1033 5565 Inclusa
1067 5512 1119 5566 in
1147 5515 1388 5587 margine
1423 5516 1587 5572 habet
1610 5518 1671 5576 Β.

683 5668 755 5735 (c)
797 5665 930 5743 Sunt
974 5679 1147 5743 autem
1171 5710 1185 5733 ,
1220 5682 1325 5725 etc.
1371 5673 1938 5743 Signiﬁcantissimnm
1974 5688 2151 5733 autem
2176 5720 2191 5742 ,

612 5752 786 5805 utque
844 5740 907 5790 ad
970 5742 1168 5793 mulum
1225 5749 1279 5794 ct
1337 5740 1506 5811 usth
1562 5746 1625 5799 ad
1689 5748 1947 5803 inim-nos,
2007 5740 2190 5818 Siqui.

2372 5527 2485 5596 (55)
2519 5529 2823 5595 ἀπέδειξεν.
2856 5533 2921 5586 Α.

2300 5684 2451 5743 dem,
2488 5694 2595 5741 etc.

2372 5754 2446 5824 (ιι)
2478 5755 2539 5808 (It
2566 5764 2737 5827 capite
2762 5794 2828 5804 —
2857 5764 3037 5829 hujus.
3065 5762 3186 5818 "me
3208 5766 3260 5817 in
3301 5766 3433 5821 meis
3462 5770 3622 5824 codd.
3656 5772 3877 5831 absunt.
