4086 6406
201 341 310 400 3Τῖ

1086 340 1483 400 COMMENT.
1523 338 1605 398 IN
1642 335 2118 402 MATTH/EUM.
2163 365 2232 377 -α
2272 341 2432 401 CAP.
2473 339 2643 404 XXI.

3375 332 3481 395 τιτι

201 457 324 515 ταῖς
360 453 584 522 μανίαις
607 451 808 506 αὐτῶν.
840 452 990 518 Ἀμα
1019 450 1074 503 δὲ
1125 451 1239 515 καὶ,
1269 449 1424 502 οὔπω
1477 446 1736 514 ἐλήλυθεν
1768 445 1800 514 ἡ

1915 445 2134 502 insaniae
2165 449 2505 517 permittere.
2537 444 2917 508 Simul‘etiam,
2953 443 3079 514 quia
3112 442 3359 500 nondum
3383 445 3480 499 ad-

207 544 324 614 ὦρα
361 544 457 596 τοῦ
493 544 730 597 θανάτου
760 543 955 609 αὑτοῦ,
979 542 1204 596 καὶέδει
1253 540 1483 602 πολλοὺς
1517 539 1596 591 ἔτι
1631 539 1797 607 θερα-

209 636 505 704 πευθῆναι,
532 637 628 688 καὶ
658 634 968 688 ἀπολαῦσαι
995 634 1096 704 τῆς
1132 631 1483 693 διδασκαλίας
1502 627 1692 683 αὐτοῦ.

278 728 388 781 Kal
440 759 515 768 —
547 727 913 793 ποιήσωσιν.
955 726 1220 781 Ἐνταῦθα
1263 727 1346 787 τὸ,
1383 725 1800 792 Tacet/under,

206 822 330 873 ἀντὶ
357 821 477 881 τοῦ,
529 821 901 892 Παρήγγειλε,
937 821 1030 874 καὶ
1053 817 1474 888 ὲξησφαλίσατο.
1497 817 1699 868 Σκόπει
1721 814 1798 879 δὲ,

205 913 325 975 πῶς
359 915 456 965 καὶ
486 915 597 967 τῶν
626 914 931 967 νοσούντων
967 911 1340 982 ἐπιμελεῖται,
1363 911 1458 964 καὶ
1487 909 1579 962 τὸν
1606 908 1801 976 φθόνον

204 1005 314 1054 τῶν
344 1003 621 1057 Ἰουδαίων
648 1002 970 1074 θεραπεύει,
1001 1003 1428 1075 παραγγέλλων,
1463 1001 1552 1054 ἴνα
1588 1002 1663 1070 μὴ
1698 1015 1804 1067 φα-

203 1095 366 1163 νερδν
392 1093 559 1146 αὐτὸν
609 1095 931 1163 ποιήσωσιν,
961 1094 1042 1147 ὅτι
1104 1091 1423 1165 θεραπεύει.
1476 1090 1650 1144 Τοῦτο
1692 1089 1802 1161 γὰρ

203 1184 522 1250 ἀκούοντες,
569 1185 801 1255 ἔμελλον
834 1188 926 1240 ἐπὶ
959 1187 1145 1241 πλεῖον
1188 1185 1605 1256 ὲξαγριοῦσθαι.
1632 1183 1793 1237 Ἐπεὶ

203 1277 260 1328 δὲ
298 1279 404 1330 ὑπὸ
445 1278 839 1350 μακροθυμίας
898 1277 1103 1348 πολλῆς
1134 1281 1376 1333 ἐποιεῖτο
1411 1279 1511 1348 τὴν
1542 1275 1802 1346 τοιαύτην

206 1369 619 1437 παραγγελίαν,
651 1369 980 1441 αἱρούμενος
1026 1371 1265 1440 μάλιστα
1313 1369 1804 1439 συγκαλύπτεσθαι

203 1462 304 1530 τὴν
341 1462 544 1514 ἑαυτοῦ
571 1459 754 1527 δόξαν,
782 1462 930 1534 ὑπὲρ
956 1463 1053 1516 τοῦ
1088 1463 1165 1535 μὴ
1207 1463 1544 1527 ιξάπτεσθαι
1579 1461 1805 1524 τούτους

205 1555 286 1616 εἰς
335 1553 564 1606 πλείονι
611 1555 833 1624 μανίαν,
875 1556 1094 1625 εἰσάγει
1126 1557 1220 1609 τὸν
1253 1557 1547 1627 προφήτην
1581 1555 1609 1606 ό
1632 1555 1803 1623 εὐαγ-

204 1645 487 1715 γελιστὴς,
512 1647 1017 1716 προαναφωνοῦντα
1039 1648 1139 1718 τὴν
1185 1647 1449 1716 τοιαύτην
1491 1646 1673 1699 αὐτοῦ.
1704 1661 1806 1715 μα·

204 1736 521 1808 κροθυμίαν
549 1739 646 1791 καὶ
671 1737 1047 1805 ἀνεξικακίαν,
1071 1740 1164 1792 καὶ
1196 1739 1384 1810 φησιν’

279 1917 479 1981 Ὅπως
510 1948 582 1956 —
612 1916 884 1986 ᾑρέτισα.
932 1917 1221 1988 Προσὼπῳ
1254 1916 1350 1970 τοῦ
1379 1917 1594 1988 [ἰατρὸς
1633 1916 1811 1973 ταῦτά

204 2027 394 2080 φησιν,
440 2010 602 2064 ἰὄοὺ
634 2013 668 2064 ὀ
695 2011 842 2076 Παῖς
875 2029 1017 2078 μου,
1039 2013 1072 2064 ό
1088 2009 1450 2080 μονογενής.
1483 2039 1551 2048 —-
1590 2012 1700 2063 Ὀν
1729 2009 1798 2063 δὲ

204 2105 487 2172 ⁴ᾑρέτισα,
519 2105 642 2159 ἀντὶ
686 2104 806 2172 τοῦ,
834 2107 931 2159 Ὃν
959 2107 1269 2176 προέκρινα
1295 2104 1539 2158 πάντων.
1567 2104 1723 2156 Ἐπεὶ
1751 2105 1809 2158 δὲ

205 2199 433 2262 διπλοῦς
489 2199 642 2251 ἐστὶν
671 2201 699 2251 ό
729 2198 992 2268 Χριστός·
1017 2197 1078 2250 τὸ
1111 2197 1232 2268 μὲν,
1263 2197 1328 2250 '0
1363 2195 1516 2261 Παῖς
1551 2212 1694 2264 μου,
1716 2196 1811 2265 δη-

203 2292 441 2344 λωτικόν
473 2291 593 2343 ἐστι
624 2291 722 2360 τῆς
752 2290 1005 2360 θεότητος
1029 2306 1042 2320 ·
1073 2291 1135 2341 τὸ
1160 2289 1241 2354 δὲ,
1270 2291 1382 2342 ‘Or
1410 2289 1683 2357 ᾑρέτισα,
1707 2287 1810 2356 τῆς

207 2382 665 2454 ἀνθρωπότητος.
695 2380 804 2434 Καὶ
826 2381 896 2434 τά
924 2381 1050 2451 ἑξῆς
1084 2381 1166 2444 δὲ,
1194 2382 1442 2436 τοιαῦτα.

283 2561 351 2614 '0
379 2561 696 2631 ἀγαπητὸς
720 2593 788 2603 -
808 2581 950 2632 μου.
984 2562 1218 2632 Ὁμοίως
1240 2564 1299 2617 τὸ
1328 2565 1448 2633 μὲν,
1488 2565 1550 2618 ὀ
1579 2567 1813 2634 ἀγαπη-

205 2656 309 2719 τός
334 2673 484 2720 μου,
516 2655 649 2724 περὶ
669 2656 767 2726 τῆς
796 2656 1053 2726 θεότητος
1083 2656 1332 2726 εἴρηται’
1369 2658 1431 2711 τὸ
1461 2658 1539 2723 δὲ,
1591 2663 1694 2726 Εις
1737 2660 1812 2713 ὃν

203 2743 555 2810 εὐδόκησεν
579 2745 618 2813 ἠ
646 2745 820 2814 ψυχή
844 2764 988 2814 μου,
1032 2748 1166 2818 περὶ
1219 2748 1319 2817 τῆς
1363 2749 1806 2819 ἀνθρωπότητος.

211 2837 370 2889 Ἔστι
399 2839 514 2907 γὰρ
564 2839 853 2909 ἀγαπητὸς
902 2839 1022 2908 μὲν,
1045 2840 1122 2903 ὡς
1158 2841 1459 2910 μονογενής
1483 2857 1495 2871 ·
1529 2845 1610 2906 είς
1644 2844 1810 2897 αὐτὸν

206 2928 260 2982 δῦ
285 2930 612 3000 εὐδόκησεν,
646 2931 723 2994 ὡς
774 2931 859 2994 είς
907 2931 1072 2986 αὐτὸν
1126 2934 1646 3003 ὲπαναπαυόμενος,
1675 2936 1707 3006 ἢ
1734 2938 1810 3000 ὡς

207 3024 274 3075 δι’
293 3023 466 3076 αὐτού
503 3024 574 3077 τὰ
603 3023 786 3092 ἀγαθά
815 3023 1076 3096 θελήσας.
1105 3025 1253 3094 λέγω
1282 3026 1369 3098 δὴ,
1393 3027 1501 3098 τὴν
1533 3030 1812 3099 σωτηρίαν

207 3115 314 3167 τῶν
353 3115 454 3168 ἀνθ
463 3115 688 3184 ρώπων.

279 3208 396 3259 Καὶ.
457 3206 863 3277 βαπτιζομένου
916 3208 975 3262 δὲ
1028 3209 1195 3262 αὑτοῦ
1268 3211 1586 3281 τοιαύτηνό
1619 3213 1809 3282 Πατὴρ

208 3292 422 3346 ἀνωθεν
466 3295 581 3365 (77)
622 3296 809 3364 ἀφῆκε
864 3298 1052 3366 φωνὴν
1097 3299 1300 3352 εἰπών·
1328 3297 1526 3367 οὗτός
1567 3302 1741 3356 ἐστιν
1777 3306 1811 3358 ὁ

224 3386 362 3450 Υἱός
386 3403 512 3453 μου
541 3389 574 3440 ό
601 3388 930 3456 ἀγαπητὸς,
951 3388 1021 3441 ἐν
1047 3384 1096 3456 ᾧ
1123 3390 1450 3460 εὐδόκησα.
1485 3395 1594 3447 Καὶ
1622 3397 1809 3448 τοιαύ-

211 3495 311 3548 την
351 3480 524 3532 κάκεῖ
559 3480 658 3549 τὴν
679 3481 944 3551 ἐξήγησιν
969 3483 1376 3552 ἐποιησάμεθα.
1399 3488 1509 3540 Καὶ
1533 3489 1811 3554 ἀνάγνωθι

209 3573 500 3642 κάκείνην,
546 3573 643 3626 καὶ
688 3573 973 3645 ἑπιγνώσῃ
1009 3575 1369 3645 σαφέστερον.
1402 3580 1472 3632 Τὸ
1499 3580 1578 3641 δὲ,
1606 3583 1708 3646 Εἰς
1740 3581 1814 3637 ὃν

205 3663 556 3725 εὐδόκησεν
576 3664 616 3731 ἡ
641 3665 815 3735 ψυχή
850 3683 989 3734 μου,
1025 3669 1148 3721 ἀντὶ
1174 3667 1292 3733 τοῦ,
1320 3670 1413 3732 Ei;
1443 3671 1503 3725 ὃν
1534 3671 1814 3743 εὐδόκησα

209 3754 341 3822 ἐγώ.
375 3755 559 3810 Ηολλά
582 3757 639 3811 δὲ
672 3758 902 3813 τοιαῦτα
938 3761 1387 3834 ἀνθρωποπρεπῆ
1429 3767 1674 3838 φησινὴ
1705 3768 1816 3821 Πα-

209 3850 341 3900 λαιὰ
394 3850 591 3920 Γραφὴ
627 3853 721 3905 ἐπὶ
751 3852 846 3906 τοῦ
899 3853 1060 3917 Θεοῦ,
1085 3846 1180 3908 ’διὰ
1221 3856 1322 3927 τὴν
1373 3857 1666 3929 παχύτητα
1713 3862 1818 3932 τῆς

209 3941 460 4006 διανοίας
477 3943 588 3996 τῶν
617 3944 908 4015 Ἐϐραίων,
924 3945 959 4000 ἀ
977 3946 1084 4017 χρὴ
1103 3949 1281 4002 πάντα
1305 3948 1813 4021 θεοπρεπῶςνοετν.

287 4232 472 4301 Θήσω
498 4263 568 4272 -
592 4235 806 4288 αὐτόν.
834 4235 971 4305 Περὶ
1000 4237 1094 4290 τοῦ
1127 4237 1650 4310 ὲνανθρωπήσαντος
1695 4243 1815 4298 υίοῦ

211 4324 376 4381 τοῦτο
407 4325 656 4396 εἴρηκεν,
681 4326 757 4391 ὡς
787 4330 919 4400 περὶ
967 4330 1284 4399 ἀνθρώπου.
1310 4334 1718 4404 προκόπτοντος
1748 4341 1815 4409 τῇ

212 4421 573 4489 ἐπιφοιτήσει
611 4420 708 4473 τοῦ
751 4422 1024 4491 παναγίου
1057 4424 1404 4495 Πνεύματος,
1435 4427 1563 4498 περὶ
1587 4423 1649 4482 οὗ
1681 4431 1818 4500 φησὶ

213 4512 312 4565 καὶ
328 4485 374 4565 ‘6
409 4485 664 4576 Λουκᾶς·
703 4512 778 4567 Τὸ
819 4514 889 4568 δὲ
914 4485 1168 4569 παιδίον
1208 4485 1450 4584 ἠὐξακε
1493 4485 1593 4575 καί
1637 4485 1814 4590 ἐκρειρ
1852 4485 1896 4540 D

215 4603 464 4657 ταιοῦτο
535 4607 855 4674 πνεύματι,
904 4609 1338 4679 πληρούμενον
1402 4613 1648 4681 σοφίας,
1715 4614 1816 4668 καί

214 4697 396 4763 χάρις
430 4697 580 4750 Θεοῦ
611 4694 690 4766 ἦν
707 4699 802 4751 ἐπ’
824 4701 997 4755 αὐτό.

288 4789 406 4840 Καὶ
429 4815 499 4826 -—
528 4789 880 4858 ἀπαγγελεῖ.
906 4791 1106 4862 Κρίσιν
1134 4793 1306 4863 λέγει,
1330 4795 1421 4848 τδν
1455 4796 1820 4866 εύαγγελικδν

215 4881 410 4948 νόμον,
462 4878 522 4932 ὃν
556 4881 791 4952 ἐκήρυξε
835 4885 948 4947 τοῖς
985 4883 1166 4939 ἔθνεσι
1194 4885 1284 4939 διὰ
1323 4888 1433 4940 τῶν
1469 4889 1817 4943 ἀποστόλων·

218 4971 249 5040 ἦ
278 4973 382 5042 τὴν
437 4971 844 5042 δικαιοκρισίαν
876 4974 1066 5039 αὑτοῦ,
1099 4977 1181 5029 ὅτι
1209 4977 1316 5030 τῶν
1359 4977 1629 5034 Ἰουδαίων
1668 4983 1822 5036 ἀπω-

222 5066 486 5134 σαμένων
540 5067 728 5131 αὑτὸν,
783 5069 1158 5137 προσελάϐετο
1201 5071 1271 5124 τά
1313 5063 1473 5142 ἔθνη.
1507 5072 1681 5126 Τοῦτο
1713 5076 1822 5146 γὰρ

220 5157 413 5210 δικαία
452 5157 635 5228 κρίσις
679 5156 853 5219 ὄντως
887 5159 1058 5224 ἐστὶν,
1087 5160 1174 5213 ἵνα
1209 5162 1284 5229 μὴ
1315 5161 1498 5215 τέλεον
1545 5162 1822 5233 ἀπόληται

224 5249 283 5300 τὸ
321 5249 554 5318 πλάσμα
585 5248 699 5300 τῶν
727 5249 929 5319 χειρῶν
964 5249 1153 5304 αὐτοῦ.

299 5343 424 5394 Οὐκ
451 5371 520 5381 -
545 5341 664 5408 τὴν
708 5341 927 5410 φωνὴν
958 5344 1170 5398 αὐτοῦ.
1199 5344 1300 5399 Διά
1332 5345 1507 5403 ταῦτα
1545 5346 1613 5400 τὰ
1659 5349 1821 5420 ῥητὰ,

1904 550 2131 595 venerat
2189 551 2403 610 tempus
2451 540 2643 594 mortis
2676 531 2869 608 ipsius,
2930 537 3244 606 multosque
3305 535 3488 591 adhuc

1903 634 2189 704 oportebat
2220 634 2399 688 curari
2429 649 2494 687 ac
2533 631 2639 686 frui
2665 630 2914 686 doctrina
2946 629 3088 697 ejus.

1978 727 2131 781 Vers.
2167 726 2255 780 15.
2289 725 2356 779 Et
2377 741 2516 779 —-v.
2545 721 2633 778 16.
2678 714 2933 792 facerent.
2967 719 3082 775 Hoc
3111 721 3166 775 in
3197 719 3320 776 loco
3355 734 3484 774 vero

1905 820 2032 875 bum
2090 819 2396 889 ἐπετίμησε
2453 819 2772 873 intermntus
2835 822 2954 880 est,
2990 815 3332 870 tantumdem
3389 829 3490 871 va-

1903 913 2001 976 let,
2040 927 2103 966 ac
2134 912 2180 966 si
2237 912 2408 992 dicas.
2448 910 2728 980 Prmcepit
2755 918 2812 964 et
2848 908 3015 962 variis
3059 908 3242 962 verbis
3290 906 3486 962 suasit.

1903 1005 2040 1060 Vide
2115 1013 2299 1060 autem
2363 1003 2641 1074 quomodo
2703 1010 3032 1072 aegrotorum
3124 1015 3312 1055 curam
3387 997 3492 1052 lia-

1902 1100 2013 1163 bet,
2056 1109 2110 1154 et
2151 1099 2465 1154 Iudaeorum
2525 1098 2730 1153 devitat
2780 1096 3069 1161 invidiam,
3147 1092 3488 1164 praecipiens

1904 1207 1975 1247 ne
2008 1207 2068 1247 se
2099 1190 2450 1245 manifestum
2490 1189 2736 1244 facerent
2760 1188 2907 1258 quod
2937 1194 3160 1242 curaret
3191 1201 3206 1249 ;
3248 1184 3491 1252 plerum-

1905 1300 2013 1354 que
2039 1284 2186 1339 enim
2221 1282 2464 1337 futurum
2486 1291 2628 1344 erat,
2673 1264 2732 1335 ut
2785 1280 2893 1336 hoc
2934 1279 3227 1335 audientes
3261 1293 3495 1344 exaspeo

1906 1371 2179 1431 rarentur.
2213 1374 2350 1441 Quia
2390 1383 2573 1428 autem
2620 1371 2938 1442 huiusmodi
2986 1380 3318 1441 praeceptum
3381 1383 3494 1440 pra:

1907 1485 2102 1545 magna
2131 1467 2559 1523 mansuetudine
2592 1481 2657 1521 ac
2701 1465 2928 1521 lenitate
2973 1463 3231 1527 faciebat,
3283 1461 3496 1529 malens

1907 1577 2060 1616 suam
2140 1558 2367 1632 gloriam
2421 1558 2642 1628 penitus
2693 1555 2996 1619 occultari,
3054 1569 3218 1624 quam
3275 1553 3374 1606 hos
3426 1549 3496 1604 ad

1908 1656 2173 1725 majorem
2244 1650 2513 1706 insaniam
2576 1648 2846 1713 accendi,
2913 1647 3124 1702 inducit
3169 1642 3494 1715 prophetam

1909 1743 2265 1815 evangelista,
2303 1742 2397 1812 qui
2429 1741 2498 1796 de
2527 1749 2676 1796 tanta
2705 1740 2826 1809 ejus
2860 1739 3090 1795 lenitate
3113 1753 3177 1793 ac
3201 1735 3494 1792 tolerantia

1909 1839 2038 1894 olim
2073 1836 2251 1891 fuerat
2280 1818 2518 1901 locutus,
2559 1839 2614 1888 et
2640 1832 2816 1888 dicit:

1979 1929 2140 1985 Vers.
2185 1931 2270 1984 17.
2310 1929 2373 1985 Ut
2410 1957 2481 1968 —
2508 1944 2560 1981 ν.
2595 1925 2683 1980 l8.
2740 1923 2896 1993 elegi.
2935 1921 3066 1977 Haec
3113 1921 3218 1976 sub
3254 1934 3499 1992 persona

1909 2026 2086 2080 Patris
2144 2023 2311 2079 dicit:
2359 2022 2494 2078 Ecce
2534 2019 2708 2074 Filius
2765 2034 2912 2073 meus
2955 2016 3281 2085 unigenitua,
3343 2031 3498 2084 quem

1910 2115 2082 2185 elegi,
2132 2115 2238 2169 hoc
2278 2121 2363 2167 est
2393 2110 2650 2167 omnibus
2697 2107 2936 2179 pratuli.
2970 2105 3114 2173 Quia
3157 2115 3342 2162 autem
3392 2106 3501 2160 duo

1910 2211 2153 2264 continet
2196 2207 2251 2261 in
2289 2222 2348 2262 se
2370 2206 2626 2262 Christus
2658 2222 2672 2258 :
2713 2203 2771 2257 in
2802 2217 2874 2258 eo
2933 2200 3079 2271 quod
3113 2198 3270 2262 dicit,
3302 2197 3503 2275 Filius,

1911 2301 2258 2356 divinitatem
2309 2287 2638 2369 signiﬁcat;
2703 2294 2761 2349 in
2816 2309 2884 2349 eo
2930 2307 3063 2347 vero
3111 2291 3259 2361 quod
3307 2289 3499 2346 addit:

1912 2394 2078 2460 Quem
2110 2393 2262 2464 elegi,
2306 2391 2729 2447 humanitatem.
2761 2388 2831 2445 Ει
2860 2386 3062 2442 similia
3086 2380 3218 2442 sunt
3243 2399 3366 2455 quae
3423 2399 3505 2440 se-

1913 2497 2178 2558 quuntur.

1981 2579 2139 2634 V‘ers.
2173 2579 2259 2632 18.
2322 2576 2554 2630 Dilectus
2586 2603 2656 2616 —-
2688 2589 2828 2627 mea.
2860 2571 2984 2626 Pari
3024 2569 3213 2632 modo,
3262 2566 3503 2622 Dilectus

1914 2687 2077 2734 meus,
2111 2670 2179 2724 de
2206 2668 2496 2724 divinitate
2520 2665 2726 2722 dictum
2758 2671 2842 2718 est
2873 2681 2888 2730 ;
2947 2661 3013 2718 In
3041 2677 3142 2732 quo
3187 2660 3312 2715 bene
3365 2675 3506 2713 com-

1911 2763 2111 2831 placuit
2138 2761 2239 2815 sibi
2271 2761 2453 2815 anima
2506 2776 2647 2824 mea,
2698 2757 2767 2812 de
2796 2754 3168 2810 humanitate.
3224 2751 3320 2806 Est
3357 2750 3506 2804 enim

1912 2855 2144 2909 dilectus
2176 2851 2512 2922 unigenitus.
2559 2852 2618 2903 ln
2663 2849 2790 2918 ipso
2847 2861 2982 2901 vero
3011 2845 3152 2899 bene
3189 2839 3305 2899 sibi
3352 2856 3508 2897 com-

1915 2947 2142 3016 placuit,
2173 2953 2363 3016 utpote
2388 2944 2442 2998 in
2478 2959 2588 3014 quo
2617 2943 2924 2998 oblectatus
2964 2949 3088 2995 est:
3138 2939 3506 3008 vel'tanquam

1916 3042 1969 3095 in
2011 3055 2098 3102 eo,
2132 3053 2232 3108 per
2260 3053 2424 3108 quem
2452 3037 2596 3092 bona
2653 3035 2850 3100 voluit,
2885 3033 3011 3090 dico
3038 3047 3174 3088 sane
3215 3030 3505 3086 hominum

1840 3121 1884 3180 ε
1919 3133 2152 3187 salutem
2166 3171 2178 3185 .

1991 3223 2114 3296 Ipso
2142 3239 2362 3294 quoque
2414 3221 2712 3292 baptizata,
2741 3218 3061 3292 huiusmodi
3091 3231 3284 3272 vocem
3348 3212 3512 3278 Pater

1919 3320 2155 3389 desuper
2185 3317 2386 3383 emisit,
2414 3317 2604 3371 dicens
2632 3331 2651 3369 :
2687 3316 2787 3370 Hic
2815 3324 2891 3370 est
2927 3313 3091 3369 Filius
3114 3328 3261 3367 meus
3282 3307 3509 3363 dilectus

1919 3413 1974 3466 in
2003 3427 2103 3482 quo
2134 3409 2263 3464 mihi
2287 3408 2418 3463 bene
2447 3407 2817 3479 complacitum
2837 3417 2916 3462 est
2941 3407 3012 3472 ";
3059 3403 3407 3471 similemque
3436 3399 3513 3455 ibi

1921 3504 2174 3561 dedimus
2207 3503 2655 3561 enarrationem:
2690 3501 2811 3572 lege
2843 3513 2973 3570 ergo
3003 3504 3060 3552 et
3096 3496 3267 3559 illam,
3303 3501 3362 3548 ut
3394 3492 3514 3562 pla-

1923 3597 2047 3651 nius
2097 3595 2390 3665 intelligas.
2442 3592 2599 3659 Quod
2653 3599 2838 3646 autem
2872 3586 3113 3646 dicitur:
3155 3588 3217 3641 In
3256 3602 3356 3655 quo
3388 3585 3518 3638 bene

1921 3689 2242 3758 complacuit
2279 3688 2381 3740 sibi
2415 3688 2597 3740 anima
2645 3702 2784 3749 mea,
2819 3684 2962 3738 idem
2997 3690 3084 3737 est
3122 3679 3290 3750 quod,
3327 3678 3389 3732 In
3414 3694 3516 3748 quo

1923 3781 2048 3837 bene
2078 3781 2206 3834 mihi
2257 3778 2635 3848 complacitum
2675 3785 2772 3831 est.
2816 3775 2981 3829 Multa
3013 3773 3142 3829 item
3196 3771 3516 3841 huiusmodi

1923 3891 2044 3944 qum
2074 3872 2357 3928 hominum
2403 3878 2552 3936 sunt,
2595 3870 2810 3926 Veteris
2832 3866 3176 3923 Testamenti
3229 3863 3517 3934 Scriptura

1923 3967 2056 4023 dicit
2087 3967 2156 4021 de
2181 3967 2312 4031 Deo,
2337 3975 2560 4035 propter
2577 3979 2817 4020 crassam
2849 3960 3208 4017 Hebraeorum
3239 3964 3516 4013 mentem:

1922 4076 2043 4130 qua:
2071 4058 2258 4114 omnia
2285 4056 2591 4128 intelligere
2619 4064 2838 4127 Oportet
2862 4063 3136 4125 quatenus
3171 4049 3284 4105 Deo
3315 4062 3521 4102 conve-

1924 4151 2106 4205 niunt.

2000 4242 2154 4298 Vers.
2224 4241 2310 4296 l8.
2378 4241 2586 4296 Ponam
2635 4269 2704 4281 —-
2752 4254 2893 4295 eum.
2963 4235 3038 4291 De
3071 4235 3210 4289 Filio
3262 4235 3519 4289 incarna—

1927 4346 1982 4392 to
2036 4336 2140 4390 hoc
2185 4335 2342 4399 dixit,
2398 4342 2657 4402 tanquam
2713 4331 2782 4386 de
2822 4329 3047 4387 homine
3075 4325 3396 4396 proliciente
3424 4339 3523 4392 per

1927 4442 2208 4482 accessum
2246 4425 2487 4497 Spiritus
2523 4422 2722 4480 sancti,
2756 4421 2832 4475 De
2863 4435 2972 4490 quo
3016 4418 3182 4473 etiam
3216 4415 3361 4470 dixit
3410 4413 3521 4468 Lu-

1926 4535 2017 4574 cas
2059 4534 2073 4571 :
2123 4519 2270 4573 Puer
2328 4526 2507 4572 autem
2542 4515 2808 4569 crescebat
2838 4522 2896 4567 et-
2937 4509 3389 4565 corroborabatur
3409 4507 3525 4576 spi-

1917 4612 2245 4682 ritu,plenus
2260 4610 2550 4681 sapientia.
2577 4617 2626 4662 et
2643 4606 2820 4679 gratia
2846 4604 2940 4658 Dei
2957 4611 3074 4659 erat
3093 4616 3251 4671 super
3275 4598 3428 4653 illum
3450 4596 3520 4650 ".

1997 4796 2153 4852 Vers.
2188 4794 2275 4850 18.
2297 4793 2364 4849 Et
2384 4823 2451 4833 —
2472 4789 2830 4845 annuntiabit.
2861 4786 3140 4843 Judicium
3163 4791 3320 4838 vocat
3350 4781 3527 4848 legem

1929 4889 2324 4960 evangelicam,
2378 4901 2542 4955 quam
2590 4899 2690 4954 per
2744 4880 3021 4951 apostolos
3054 4875 3530 4947 prmdicavitgenc

1928 4983 2096 5037 titius.
2157 4980 2252 5034 Vel
2292 4979 2500 5049 iustum
2553 4974 2822 5046 judicium
2872 4985 3172 5041 suum,quo
3206 4966 3528 5036 repellenti-

1930 5075 2034 5129 bus
2114 5087 2239 5129 eum
2292 5069 2515 5131 Iudaeis,
2576 5065 2874 5135 assumpsit
2940 5073 3150 5134 gentes.
3207 5059 3324 5114 Hoc
3373 5058 3524 5112 enim

1933 5181 2060 5221 vere
2087 5165 2297 5234 iustqu
2337 5170 2423 5218 est
2454 5159 2741 5231 iudicium,
2796 5171 2865 5210 ne
2904 5154 3129 5209 oniuino
3169 5160 3360 5223 pereat
3388 5164 3528 5220 opus

1937 5271 2194 5312 manuum
2246 5255 2388 5324 eius.

2017 5349 2168 5405 Vers.
2245 5349 2328 5404 l9.
2411 5346 2634 5401 Non—
2690 5362 2861 5400 vocem
2914 5343 3050 5412 eius.
3114 5339 3345 5408 Propter
3409 5335 3529 5387 haec

229 5433 325 5500 τὴν
358 5434 486 5504 ὅλην
512 5433 795 5488 ἐντέθεικε
831 5437 1196 5507 προφητείαν.
1217 5439 1590 5510 Μακρόθυμος
1617 5442 1725 5512 γὰρ
1752 5439 1829 5494 ὢν

1944 5443 2108 5501 verba
2141 5452 2307 5499 totam
2351 5439 2533 5512 posuit
2602 5437 2963 5510 prophetiam.
3027 5431 3160 5486 Nam
3195 5443 3320 5486 cum
3375 5439 3531 5481 utan-

309 5613 352 5642 τ·
378 5610 570 5666 Matth.
602 5626 688 5675 ut,
739 5611 824 5680 l9,
903 5612 949 5642 ⁷⁸
982 5612 1116 5668 Luc.
1160 5629 1218 5681 ll,
1247 5612 1335 5669 40.

1445 5681 1642 5744 Varia)
1681 5681 1991 5746 lectiones
2029 5691 2091 5751 et
2129 5691 2318 5746 nota).

307 5761 413 5834 (77)
454 5765 645 5829 αὑτοῦ,
677 5778 782 5834 pro
814 5763 1020 5818 ἀνωθεν
1053 5765 1116 5819 Α.
