4096 6406
302 321 400 382 381

301 524 522 593 πρῶτον
570 527 839 600 ὲδέσμησε
884 531 977 583 τὸν
1020 531 1260 602 ἄρχοντα
1286 533 1515 590 τούτων.
1546 532 1637 584 τὸν
1670 531 1881 600 ἐνισχύ-

300 631 429 668 οντα
470 617 632 672 αὐτὰ.

371 707 492 778 Χρὴ
526 708 583 762 δὲ
621 709 934 778 γινώσκειν,
974 710 1050 775 ὠς
1101 712 1165 766 οὐ
1213 713 1446 766 πάντοτε
1506 713 1575 766 τὰ
1623 711 1883 781 παραδεί-

302 814 495 867 γματα
529 803 668 853 κατᾶ
694 803 873 858 πάντα
902 802 1066 870 λόγον
1115 803 1566 873 προσαρμόζουσι
1597 803 1717 862 ταῖς
1738 801 1876 853 ὑπο-

301 887 541 955 θέσεσιν,
582 893 665 955 είς
712 892 779 954 ἃς
839 891 1306 961 ὲκλαμὸἀνονται,
1363 892 1480 946 ἀλλ’
1544 891 1619 953 ὡς
1676 891 1769 942 ἐπὶ
1823 892 1883 944 τὸ

298 980 552 1033 πλεῖστον
579 984 636 1035 ἐν
666 985 853 1052 μόνοις
875 986 987 1048 τοῖς
1014 983 1399 1054 καιριωτέρως
1424 984 1522 1035 καλ⁸
1565 981 1880 1050 κεφαλαιω-

298 1071 571 1143 δεστέροις
619 1076 837 1146 μέρεσι.

370 1163 527 1227 Τινὲς
561 1167 618 1219 δὲ
647 1167 816 1237 σκεύη
851 1167 958 1220 τῶν
982 1167 1255 1238 δαιμόνων
1280 1168 1531 1236 λέγουσιν
1564 1161 1729 1229 εἶναι,
1755 1167 1881 1227 τοὺς

295 1255 800 1330 δαιμονιζομένους,
834 1257 929 1323 οὓς
958 1263 986 1312 6
1019 1260 1257 1331 Χριστὸς
1301 1259 1610 1329 διήρπασεν
1649 1258 1744 1311 ἀπ’
1789 1258 1884 1309 αὒ-

296 1344 427 1408 τῶν,
452 1345 626 1414 δήσας
659 1350 756 1410 τὰς
787 1347 1052 1418 δυνάμεις
1083 1349 1287 1402 αὐτῶν.
1320 1346 1448 1404 Εἶεν
1500 1348 1544 1402 δ’
1599 1349 1666 1402 ἂν
1707 1349 1880 1417 σκεύη

295 1435 390 1492 τοῦ
423 1437 696 1504 διαϐόλου,
727 1442 824 1493 καὶ
846 1441 1047 1504 πάντες
1077 1443 1126 1494 oi
1156 1441 1516 1511 ἐργαζόμενοι
1540 1442 1607 1494 τὰ
1642 1441 1734 1494 τοῦ
1764 1441 1881 1494 δια-

295 1527 475 1594 ϐόλου,
505 1531 600 1583 καὶ
635 1532 1038 1602 ὑπηρετοῦντες
1068 1537 1180 1595 τοῖς
1206 1534 1372 1588 αὑτοῦ
1409 1533 1734 1604 θελήμασιν.

383 1617 438 1670 '0
466 1651 535 1664 -η
563 1623 890 1690 σκορπίζει.
915 1626 1023 1679 Καὶ
1044 1623 1113 1678 δι’
1146 1627 1335 1695 ἑτέρου
1354 1625 1621 1696 λογισμοῦ
1646 1623 1877 1696 βεϐαιοῖ,

295 1710 378 1767 ὅτι
420 1712 625 1781 μᾶλλον
654 1715 902 1785 ἔχθιστος
939 1718 1090 1787 αν)τῷ
1121 1719 1271 1772 ἐστιν
1299 1720 1327 1772 6
1359 1720 1545 1789 ἄρχων
1602 1720 1712 1771 τῶν
1762 1720 1880 1771 δαι-

301 1802 523 1871 μονίων.
562 1804 682 1856 Ὀτι
726 1806 826 1874 μὲν
859 1805 967 1877 γὰρ
993 1809 1094 1860 οὐκ
1127 1808 1244 1861 ἐστι
1285 1809 1426 1876 μετὰ
1466 1808 1563 1862 τοῦ
1591 1807 1878 1880 ίΧριστοῦ,

294 1893 416 1946 οὐδὲ
477 1897 702 1964 συνάγει
756 1897 879 1968 μετ’
935 1900 1130 1964 αὐτοῦ,
1183 1901 1368 1970 δῆλον,
1425 1902 1521 1969 ἀφ’
1578 1896 1711 1954 ὦνὸ
1773 1901 1874 1970 μὲν

295 1987 534 2054 Χριστὸς
590 1991 774 2042 πᾶσαν
804 2009 862 2044 τε
897 1993 1097 2062 ἀρετὴν
1134 1993 1402 2062 διδάσκει,
1434 1997 1529 2048 καὶ
1563 1995 1879 2066 φιλάνθρωο

297 2097 398 2142 πος
447 2078 558 2142 ὣν,
613 2083 759 2134 ίᾶται
808 2085 934 2146 τοὺς
985 2084 1276 2149 νοσοῦντας
1310 2102 1323 2116 ο
1373 2089 1400 2140 6
1433 2087 1489 2140 δὲ
1544 2087 1880 2153 τούναντίον,

299 2169 483 2222 πᾶσαν
534 2187 591 2222 τε
641 2171 846 2225 κακίαν
897 2173 1164 2239 διδάσκει,
1201 2176 1299 2229 καὶ
1355 2177 1747 2246 μισάνθρωπος
1783 2179 1880 2242 ὢν,

297 2259 542 2312 λωσᾶται
597 2265 710 2324 τοῖς
761 2264 1119 2333 ὑγιαίνουσιν.
1184 2267 1247 2322 Et
1286 2267 1342 2320 δὲ
1376 2266 1498 2324 οὔτε
1555 2270 1674 2338 μετ’
1715 2271 1882 2324 αὑτοῦ

297 2356 470 2422 ἐστιν,
533 2356 722 2427 ἤγουν,
757 2360 855 2428 οὐχ
891 2362 1275 2434 ὀμογνωμονεῖ
1307 2363 1481 2433 αὐτῷ,
1520 2365 1708 2426 καθὼς
1742 2367 1882 2419 ἀπο-

299 2446 596 2512 δέδεικται,
658 2448 783 2502 οὔτε
825 2453 1051 2518 συνάγει
1105 2454 1222 2523 μετ’
1276 2454 1446 2508 αὑτοῦ
1491 2458 1626 2525 πρὸς
1676 2458 1883 2521 πίστιν,

298 2541 515 2604 παντως
569 2544 690 2594 κατ’
745 2545 912 2596 αἰκοὖ
986 2548 1126 2609 ἐστι,
1181 2550 1278 2600 καὶ
1349 2551 1666 2618 σκορπίζει,
1729 2550 1820 2612 οὓς
1853 2552 1882 2604 6

297 2635 534 2704 Χριστὸς
566 2637 810 2704 συνάγει,
848 2638 972 2690 ὅσον
1018 2640 1077 2691 τὸ
1109 2640 1196 2693 ἐπ’
1241 2641 1410 2713 αὐτῷ.
1469 2640 1656 2697 Εἰπὼν
1685 2642 1762 2704 δὲ,
1801 2643 1884 2698 ὅτι

313 2729 366 2780 ’0
389 2727 476 2797 μὴ
521 2725 605 2780 ὢν
627 2729 757 2797 μετ’
790 2729 959 2800 ἐμοῦ,
1003 2731 1132 2784 κατ’
1181 2731 1328 2801 ἐμοῦ
1379 2734 1534 2795 ἐστι.
1589 2737 1684 2788 καὶ
1726 2735 1885 2803 δόξας

300 2818 532 2888 ἀσαφῶς
572 2821 769 2882 εἰπεῖν,
808 2823 1196 2891 ἔφηρμήνευσε
1250 2825 1341 2875 τὸν
1376 2826 1556 2894 λόγον,
1600 2827 1882 2894 προσθεὶς,

301 2911 383 2965 ὅτι
425 2912 535 2965 Kal
585 2915 617 2965 ό
665 2911 751 2982 μὴ
785 2913 1069 2981 συνάγων
1087 2916 1215 2982 μετ’
1246 2915 1395 2983 ἐμοῦ
1419 2915 1744 2984 σκορπίζει.
1796 2916 1885 2985 Τῷ

298 3005 534 3075 διαϐόλῳ
587 3005 643 3056 δὲ
706 3005 966 3069 συνέταξε
1037 3007 1136 3059 καὶ
1186 3009 1313 3072 τοὺς
1381 3008 1694 3073 Ἰουδαίους,
1759 3009 1883 3060 κατ’

1171 326 1565 392 COMMENT.
1608 332 1690 392 ΙΝ
1730 329 1885 389 ΜΑΤ

2000 328 2202 390 [ΕΗΜ.
2250 357 2310 368 -
2350 332 2510 391 CAP.
2547 333 2735 396 XXII.
3459 327 3565 390 3??

303 448 394 483 σεν
424 429 492 485 ἂν
544 432 612 486 τὰ
647 435 920 504 δαιμόνια,
957 438 1227 505 τουτέστι,
1280 439 1684 510 διεσκόρπισεν,
1721 439 1769 490 εί
1803 437 1878 507 μὴ
1914 440 1955 494 Α
1990 439 2225 494 vinxerit
2280 459 2292 492 :

2355 441 2425 494 ita
2463 456 2642 509 neque
2682 440 2768 494 hic
2826 439 3094 508 rapuisset
3139 435 3428 503 daemonia,
3462 440 3563 493 hoc

1986 539 2068 583 est
2124 531 2494 600 dispersisset,
2552 531 2653 585 nisi
2680 532 2916 600 primum
2954 531 3225 586 vinxisset
3257 531 3566 600 principem

1985 619 2226 682 illorum,
2272 622 2366 690 qui
2392 623 2474 676 eis
2519 621 2898 676 fortitudinem
2941 623 3256 691 prastahat.

2061 709 2215 763 Scire
2261 719 2444 765 autem
2512 720 2753 781 oportet,
2829 709 2972 780 quod
3026 726 3134 763 non
3216 709 3569 778 undiqnaque

1984 802 2232 872 exempla
2270 804 2334 856 ad
2390 820 2552 858 omne
2591 804 2936 874 propositum
2985 811 3248 872 aptantur
3307 803 3470 857 rebus
3498 801 3568 855 ad

1983 908 2120 961 quas
2181 882 2556 974 assumuntur.
2595 912 2610 948 :
2656 897 2749 948 sed
2818 902 2878 946 ut
2933 892 3226 962 plurimum
3283 891 3340 962 in
3397 893 3571 962 magis

1985 985 2223 1053 propriis
2263 1000 2326 1039 ac
2355 985 2840 1056 principalioribus
2880 984 3153 1053 partibus.

2067 1169 2295 1235 Quidam
2336 1183 2462 1223 vero
2494 1169 2684 1222 dicunt
2714 1183 2839 1221 vasa
2872 1169 3181 1221 demonum
3213 1179 3342 1239 esse
3369 1161 3569 1218 demo-

1983 1262 2090 1315 niis
2122 1262 2375 1332 agitatos,
2417 1277 2557 1330 quos
2601 1259 2858 1314 Christus
2901 1252 2970 1312 ab
3022 1258 3128 1311 illis
3168 1256 3374 1325 rapuit,
3445 1259 3570 1306 vin-

1983 1353 2084 1406 ctis
2131 1368 2322 1406 eorum
2373 1353 2688 1407 virtutibus.
2742 1351 2975 1404 Possunt
3027 1364 3245 1418 quoque
3299 1345 3407 1400 dici
3444 1361 3569 1398 vasa

1983 1442 2182 1497 diaboli
2241 1457 2431 1496 omnes
2457 1442 2547 1510 qui
2599 1457 2762 1511 opera
2789 1441 2988 1496 diaboli
3033 1447 3310 1502 exercent,
3343 1435 3572 1505 ejusque

1985 1535 2358 1590 voluntatibus
2405 1535 2778 1588 subscrviunt.

2055 1627 2209 1682 Vers.
2247 1627 2335 1681 50.
2369 1625 2470 1691 Qui
2493 1628 2811 1695 —-spargit.
2835 1624 3019 1678 Altera
3064 1636 3284 1692 quoque
3322 1617 3572 1672 conside-

1985 1721 2200 1774 ratione
2256 1720 2567 1780 conftrmat,
2630 1717 2774 1787 quod
2821 1716 3003 1786 potius
3039 1715 3111 1768 sit
3167 1713 3215 1768 ei
3259 1709 3576 1766 inimicissi—

1987 1827 2108 1867 mus
2174 1811 2432 1880 princeps
2481 1809 2903 1863 daemoniorum.
2954 1805 3113 1870 Quod
3162 1804 3307 1859 enim
3343 1817 3452 1856 non
3504 1800 3577 1854 sit

1985 1919 2112 1958 cum
2169 1900 2406 1964 Christo,
2450 1915 2552 1953 nec
2605 1913 2728 1952 cum
2760 1912 2827 1951 eo
2854 1904 3173 1965 congreget,
3209 1891 3571 1949 manifestum

1986 2005 2069 2052 est
2115 1995 2184 2049 ab
2262 1993 2548 2060 utriusque
2621 1990 2898 2060 operibus.
2977 1987 3231 2042 Christus
3306 1982 3576 2052 siquidem

1987 2101 2205 2142 Omnem
2250 2085 2410 2139 docet
2474 2085 2770 2148 virtutem;
2855 2094 3091 2147 cumque
3155 2090 3348 2131 omnes
3407 2081 3577 2138 amet,

1985 2187 2215 2249 aegrotos
2273 2184 2467 2238 sanat;
2506 2175 2594 2228 ille
2635 2188 2767 2228 vero
2823 2188 2853 2227 e
2907 2171 3125 2226 diverso
3158 2182 3377 2222 omnem
3416 2164 3580 2220 docet

1987 2269 2337 2339 pravitatem,
2379 2275 2434 2320 et
2460 2281 2582 2319 cum
2628 2263 2880 2318 homines
2931 2262 3058 2317 odio
3111 2261 3341 2319 habeat.
3403 2269 3572 2311 sanos

1987 2359 2312 2428 corrumpit.
2377 2358 2531 2423 Quod
2570 2355 2613 2411 si
2655 2371 2835 2424 neque
2903 2369 3026 2408 cum
3069 2368 3135 2406 eo
3169 2361 3274 2416 est,
3322 2349 3468 2404 nulla
3493 2348 3575 2400 vi-

1987 2452 2187 2506 delicet
2239 2451 2291 2502 in
2342 2464 2399 2502 re
2448 2449 2498 2502 ei
2554 2447 2874 2512 conformis,
2938 2445 3082 2500 sicut
3143 2444 3577 2498 demonstratum

1988 2553 2090 2607 est,
2140 2554 2317 2611 neque
2347 2556 2470 2595 cum
2524 2555 2591 2595 eo
2638 2547 2935 2608 congregat
2975 2537 3042 2590 ad
3107 2535 3272 2590 fidem
3303 2549 3318 2586 :
3352 2530 3580 2587 omnino

1987 2639 2253 2694 adversus
2307 2652 2434 2691 eum
2477 2643 2582 2699 est,
2625 2643 2680 2689 et
2735 2633 2947 2704 spargit
2982 2645 3121 2701 quos
3168 2629 3421 2682 Christus
3450 2639 3583 2679 con-

1988 2738 2194 2800 gregat,
2234 2737 2501 2797 quantum
2535 2726 2589 2779 in
2625 2741 2687 2780 se
2718 2734 2822 2789 est.
2887 2724 3026 2777 Cum
3086 2729 3270 2774 autem
3303 2717 3529 2771 dixisset
3562 2731 3576 2767 :

1992 2821 2098 2885 Qui
2145 2838 2247 2874 non
2286 2828 2360 2874 est
2403 2835 2628 2881 mecum,
2669 2816 2945 2870 adversum
2980 2831 3060 2867 me
3113 2822 3207 2875 est,
3247 2826 3310 2866 ac
3346 2811 3580 2864 obscure

1988 2914 2135 2981 loqui
2201 2912 2354 2966 visus
2412 2920 2580 2975 esset,
2649 2922 2958 2962 sermonem
3035 2905 3421 2974 interpretatus
3473 2909 3578 2960 est,

1989 3002 2237 3056 addens:
2300 3000 2368 3054 Et
2405 3000 2495 3069 qui
2533 3002 2638 3052 non
2685 3007 2758 3050 est
2792 3012 3014 3057 mecum,
3046 2993 3248 3063 spargit
3285 3007 3302 3045 :
3365 2989 3581 3044 diabolo

299 3093 468 3152 αὐτοῦ
498 3112 558 3148 τε
582 3095 765 3162 ὄντας,
796 3097 893 3150 καὶ
924 3097 1350 3167 σκορπίζοντας,
1377 3099 1412 3156 ἃ
1445 3101 1702 3170 συνῆγεν,
1758 3103 1885 3154 ὅσον

1991 3111 2122 3150 vero
2164 3093 2454 3164 conjunxit
2484 3089 2705 3146 Judmos
2747 3087 2842 3159 qui
2879 3087 3169 3141 adversum
3217 3098 3278 3137 se
3321 3083 3496 3144 erant,
3524 3088 3582 3134 et

299 3187 360 3248 τὸ
381 3187 473 3238 ἐπ’
504 3188 713 3251 αὐτοῖς.

368 3369 473 3420 Διά
507 3396 575 3406 -
610 3366 806 3423 τοῦτο.
859 3367 1004 3422 Διότι
1036 3368 1286 3434 τοιαῦτα,
1330 3372 1452 3424 κατ’
1484 3370 1620 3442 ἐμοῦ
1675 3371 1886 3443 λέγετε.

373 3551 536 3620 Λέγω
565 3583 630 3592 -
656 3551 882 3619 αὐτοῖς.
917 3553 1028 3622 Οὐχ
1053 3551 1241 3615 ἁπλῶς
1274 3554 1457 3606 πᾶσαν
1484 3551 1763 3622 ἁμαρτίαν
1794 3555 1891 3608 καὶ

302 3645 655 3714 βλασφημίαν
689 3646 858 3712 λέγει’
892 3646 979 3699 διὰ
1009 3646 1120 3698 τῶν
1155 3647 1353 3717 ἐφεξῆς
1405 3646 1514 3720 γὰρ
1564 3648 1888 3718 ὲσαφήνισε,

303 3739 465 3798 ποίαν
497 3739 677 3791 πᾶσαν
705 3738 877 3807 λέγει.
903 3740 1042 3810 Φησὶ
1079 3739 1209 3815 γάρ’

398 4003 812 4068 Καί-ἐντῷ
857 4005 1176 4072 μέλλοντι.
1234 4004 1332 4066 Ὃς
1391 4003 1493 4075 μὶν
1555 4002 1624 4056 ἂν
1665 4001 1889 4074 ἁμάρτῃ

301 4097 448 4152 κατὰ
476 4100 579 4166 τῆς
607 4096 1030 4167 ἀνθρωπότητός
1065 4114 1193 4167 μου,
1226 4099 1382 4166 φησι,
1409 4098 1713 4159 τουτέστιν,
1739 4100 1888 4160 ὅστις

301 4190 369 4244 ἂν
400 4188 529 4259 εἴπῃ
566 4187 892 4257 βλάσφημον
914 4187 1075 4256 λόγον
1133 4189 1257 4242 κατ’
1285 4189 1479 4258 αὐτῆς,
1533 4187 1889 4252 σκανδαλιζό-

306 4297 492 4349 μενος,
519 4280 603 4349 ἐφ’
637 4274 740 4345 οἷς,
771 4280 849 4342 ὡς
874 4280 1190 4350 ἄνθρωπος,
1227 4281 1418 4344 ὲσθίω,
1455 4287 1552 4334 καὶ
1579 4281 1742 4345 πίνω,
1793 4283 1888 4335 καὶ

302 4371 479 4434 ὑπνῶ,
519 4372 612 4423 καὶ
638 4370 835 4434 κοπιῶ,
871 4376 964 4424 καὶ
1001 4372 1189 4434 τᾶλλα,
1224 4373 1326 4424 ὅσα
1380 4375 1478 4442 τῆς
1531 4372 1888 4442 ἀνθρωπίνης

1993 3202 2119 3257 qua:
2184 3186 2301 3256 ipse
2359 3181 2742 3255 congregabat,
2828 3187 3095 3250 quantum
3146 3176 3201 3229 in
3280 3175 3363 3228 eis
3436 3178 3578 3233 erat,

1995 3277 2353 3349 spargebant.

2067 3369 2218 3424 Vm.
2275 3369 2364 3423 51.
2417 3365 2642 3436 Propter
2672 3365 2788 3418 hoc.
2831 3363 2968 3429 Quia
3008 3361 3134 3416 talia
3160 3359 3450 3415 adversum
3484 3369 3571 3408 me

1991 3460 2195 3516 dici'is.

2062 3552 2218 3607 γει-ε.
2276 3552 2366 3605 51.
2420 3548 2550 3602 Dico
2583 3547 2765 3598 -—eis.
2815 3543 2936 3597 Non
3002 3539 3324 3610 simpliciter
3418 3553 3585 3592 omne

1991 3654 2275 3716 peccatum
2335 3651 2389 3696 et
2447 3652 2666 3695 omnem
2710 3636 3108 3705 blasphemiam
3161 3633 3333 3688 dicit:
3371 3646 3466 3700 per
3520 3645 3582 3683 ea

1992 3736 2137 3792 enim
2183 3749 2305 3802 qua:
2350 3740 2680 3800 sequuntur,
2724 3725 3098 3781 mani‘festavit
3139 3737 3302 3792 quam
3364 3734 3584 3774 omnem

1991 3830 2140 3884 dicat
2192 3823 2585 3895 blasphemiam
2633 3831 2687 3876 et
2736 3819 2881 3890 quod
2940 3833 3104 3873 omne
3137 3825 3448 3887 peccatum.
3495 3812 3587 3866 Ait

1992 3920 2140 3976 enim
2165 3935 2179 3970 :

2066 4012 2224 4067 Vers.
2267 4007 2358 4062 σε.
2408 4005 2650 4067 Ει-ἱη
2698 4004 2899 4075 futuro.
2967 3999 3315 4067 Quicunque,
3378 3994 3584 4064 inquit,

1991 4099 2298 4174 peccaverit
2340 4098 2604 4152 adversus
2657 4093 3064 4149 humanitatem
3101 4104 3306 4149 meam.
3343 4088 3445 4140 hoc
3475 4094 3584 4148 est.

1993 4193 2242 4266 quisquis
2267 4191 2468 4246 dixerit
2499 4188 2880 4257 blasphemum
2903 4187 3132 4242 verbum
3160 4184 3422 4239 adversus
3441 4195 3584 4244 eam,

1994 4289 2240 4345 odensns
2283 4284 2428 4355 quod
2486 4292 2746 4350 tanquam
2799 4280 2965 4334 homo
3029 4277 3208 4337 edam.
3283 4274 3464 4328 bibam
3522 4287 3588 4326 ac

1994 4378 2283 4438 dormiam,
2320 4373 2534 4442 aliaque
2577 4386 2696 4440 qua:
2737 4370 2989 4423 humana:
3031 4374 3158 4421 sunt
3214 4366 3438 4434 propria
3480 4377 3580 4417 na-

304 4461 524 4528 φύσεως
550 4461 678 4522 ἰδια,
707 4460 854 4529 ἅπερ
878 4460 1392 4530 ἀνθρωποπρεπῶς,
1423 4464 1491 4515 τὰ
1526 4463 1624 4531 μὲν
1654 4462 1883 4533 ὲνεργῶ,

1994 4479 2150 4531 tum,
2189 4476 2247 4520 ut
2297 4463 2501 4519 homini
2550 4461 2907 4522 conveniunt,
2940 4467 2992 4513 et
3056 4457 3251 4511 faciam
3293 4465 3348 4510 et
3381 4453 3579 4523 patiar,

303 4553 375 4606 τὰ
411 4551 469 4604 δὲ
526 4551 754 4621 πάσχω,
805 4551 1064 4621 βεϐαιῶν,
1111 4554 1194 4606 ὅτι
1238 4555 1382 4606 κατὰ
1423 4554 1686 4624 ἀλήθειαν
1728 4558 1886 4622 ὲνην-

304 4642 604 4713 θρὼπησα,
643 4645 671 4697 6
718 4644 962 4708 τοιοῦτος
1016 4646 1512 4715 συγγνωσθήσεται
1542 4646 1783 4710 πάντως,
1814 4647 1889 4708 ὼς

303 4739 407 4791 οὐκ
465 4735 894 4805 ὲθελοκακήσας,
953 4737 1073 4790 ἀλλ’
1125 4741 1183 4790 ὲν
1241 4738 1438 4810 ἀγνοίᾳ
1468 4737 1568 4807 τῆς
1626 4738 1891 4808 ἀληθείας

309 4829 738 4900 βλασφημήσας*
792 4831 821 4882 6
877 4829 934 4881 δὲ
983 4829 1198 4898 βλέπων
1248 4830 1347 4893 τὰς
1411 4829 1752 4898 θεοπρεπεῖς,
1790 4848 1892 4898 μου

311 4921 619 4992 ἐνεργείας,
651 4920 717 4983 ἃς
747 4921 908 4990 μόνος
952 4921 1178 4975 δύναται
1212 4924 1387 4974 ποιεῖν
1422 4925 1450 4975 ὁ
1489 4923 1645 4986 Θεὸς,
1690 4923 1787 4976 καὶ
1815 4923 1895 4993 τῷ

311 5013 646 5078 Βεελζεῶὺλ
697 5012 904 5076 ταύτας
962 5016 1432 5084 ἐπιγραφόμενος,
1476 5015 1550 5078 ὡς
1591 5016 1685 5068 καὶ
1737 5016 1896 5084 ὑμεῖς

314 5105 433 5171 νῦν,
473 5106 570 5158 καὶ
595 5104 736 5158 οὕτω
763 5103 1104 5176 βλασφημῶν
1133 5108 1277 5160 κατὰ
1314 5108 1409 5160 τοῦ
1443 5106 1765 5177 Πνιύματος
1799 5105 1895 5162 τοῦ

316 5200 496 5267 ἁγίου,
556 5199 699 5269 ἦτοι,
767 5200 908 5252 κατὰ
963 5202 1062 5268 τῆς
1093 5201 1368 5270 θεότητος·
1427 5201 1635 5267 ταύτην
1665 5200 1774 5268 γὰρ
1802 5199 1897 5250 νῦν

318 5290 478 5344 καλεῖ
506 5287 728 5358 Πνεῦμα
767 5287 1137 5357 ἆγιονοουτος
1197 5290 1271 5351 ὡς
1314 5290 1725 5359 ὲθελοκακήσας
1767 5307 1899 5357 προ-

316 5382 516 5452 δήλως,
551 5382 646 5433 καὶ
689 5383 745 5433 ὲν
803 5381 1004 5448 γνώσει
1078 5382 1421 5453 καθυῦρίσας
1477 5383 1569 5435 τὸν
1619 5383 1772 5444 Θεὸν,
1806 5383 1901 5436 κα.)⁹

319 5473 712 5543 ἁναπολὸγητα
776 5472 1208 5549 πλημμελήσας,
1271 5474 1332 5534 οὐ
1382 5476 1900 5553 συγχωρηθήσεται.

390 5658 465 5709 Τὸ
494 5656 574 5721 δὲ,
609 5656 758 5708 θῦτε
788 5657 857 5709 ἐν
901 5655 979 5720 τῷ
1015 5659 1133 5710 νῦν
1162 5655 1347 5719 αἰῶνι,
1395 5657 1532 5709 οὔτε
1554 5657 1623 5710 ἐν
1653 5655 1731 5720 τῷ
1763 5654 1904 5725 μέλ-

319 5751 514 5816 λοντι,
585 5748 918 5823 προσέθηκε,
951 5750 1242 5816 διδάσκων,
1277 5751 1359 5802 ὅτι
1417 5749 1650 5818 μεγίστη
1689 5750 1779 5802 καὶ
1809 5767 1900 5818 φο-

1993 4553 2500 4627 confirmansquod
2559 4560 2684 4605 vere.
2741 4551 3032 4603 humanam
3076 4546 3434 4616 susceperim
3488 4560 3587 4597 na-

1996 4663 2200 4711 turam,
2262 4648 2391 4703 huic
2441 4636 2668 4701 omnino
2740 4644 3112 4716 ignoscetur,
3157 4639 3313 4708 quasi
3363 4653 3470 4690 non
3519 4651 3588 4690 ex

1998 4741 2266 4799 industria
2302 4739 2443 4794 male
2473 4735 2664 4808 egerit,
2699 4735 2796 4789 sed
2826 4749 2921 4801 per
2950 4731 3199 4788 veritatis
3228 4729 3588 4801 ignorantiam

1997 4829 2478 4903 blasphemaverit.
2522 4827 2625 4892 Qui
2655 4840 2786 4879 vero
2827 4824 2939 4878 Deo
2965 4823 3160 4892 dignas
3205 4821 3403 4876 videns
3458 4835 3591 4888 ope-

1999 4927 2260 4988 rationes,
2313 4935 2451 4992 quas
2529 4920 2676 4973 solus
2761 4917 2941 4970 facere
3013 4921 3197 4985 potest
3251 4913 3416 4977 Deus,
3489 4911 3590 4980 ipsi

2000 5031 2218 5087 quoque
2255 5013 2544 5068 Bcelzebul
2595 5012 2714 5065 illas
2778 5009 3116 5078 ascripserit,
3177 5015 3234 5059 ut
3274 5021 3372 5059 vos
3425 5005 3592 5058 etiam

2003 5124 2148 5162 nunc
2207 5107 2412 5168 facitis,
2461 5112 2515 5158 et
2561 5103 2631 5158 ita
2685 5102 2950 5156 adversus
3009 5101 3274 5169 Spiritum
3338 5106 3591 5151 sanctum

2002 5196 2396 5267 blasphemiam
2448 5193 2667 5259 dixer'd,
2730 5193 2845 5245 sive
2923 5191 3186 5244 adversus
3247 5187 3590 5242 divinitatem

2005 5292 2149 5361 (nam
2175 5289 2316 5342 hanc
2353 5297 2506 5342 vocat
2546 5300 2694 5339 nunc
2723 5284 2984 5354 Spiritum
3008 5283 3308 5351 sanctum),
3328 5281 3416 5334 hic
3436 5279 3594 5348 quasi

2003 5398 2066 5436 ex
2123 5379 2390 5435 industria
2450 5377 2738 5432 manifeste
2804 5390 2868 5430 ac
2932 5373 3170 5428 scienter
3224 5387 3478 5442 peccans.
3539 5378 3595 5423 et

2009 5475 2176 5531 Deum
2220 5471 2419 5540 injuria
2484 5468 2746 5529 alliciens,
2784 5483 2849 5522 ac
2900 5464 3345 5520 inexcusabiliter
3415 5463 3595 5517 deliu-

2007 5581 2204 5634 quens,
2244 5564 2457 5619 veniam
2485 5577 2594 5616 non
2625 5570 3018 5628 consequetur.

2076 5654 2232 5719 Quod
2260 5660 2444 5706 autem
2480 5652 2750 5722 sequitur,
2807 5650 2990 5712 Neque
3021 5651 3076 5702 in
3105 5647 3352 5719 praesenti
3378 5645 3592 5707 swculo,

2009 5765 2176 5819 neque
2248 5750 2300 5800 in
2338 5749 2539 5818 futuro,
2613 5745 2844 5809 addidit,
2901 5745 3101 5800 ducens
3178 5741 3470 5796 maximam
3531 5754 3595 5793 ac
