  <div class='ocr_page' id='page_1' title='image "/cluster/home/n/w/nwhite01/storage/ocr_20150623/129/uva.x030341099/201.png"; bbox 0 0 4086 6404; ppageno 0'>
   <div class='ocr_carea' id='block_1_1' title="bbox 539 350 649 415">
    <p class='ocr_par' dir='ltr' id='par_1_1' title="bbox 539 350 649 415">
     <span class='ocr_line' id='line_1_1' title="bbox 539 350 649 415; baseline -0.036 0"><span class='ocrx_word' id='word_1_1' title='bbox 539 350 649 415; x_wconf 85' lang='lat'><strong>388</strong></span> 
     </span>
    </p>
   </div>
   <div class='ocr_carea' id='block_1_2' title="bbox 1784 343 2577 405">
    <p class='ocr_par' dir='ltr' id='par_1_2' title="bbox 1784 343 2577 405">
     <span class='ocr_line' id='line_1_2' title="bbox 1784 343 2577 405; baseline 0 -3"><span class='ocrx_word' id='word_1_2' title='bbox 1784 343 2100 405; x_wconf 74' lang='lat' dir='ltr'><strong>EU&#39;I‘I-IYM</strong></span> <span class='ocrx_word' id='word_1_3' title='bbox 2114 343 2169 402; x_wconf 85' lang='grc' dir='ltr'><strong>[ί</strong></span> <span class='ocrx_word' id='word_1_4' title='bbox 2212 346 2251 403; x_wconf 93' lang='grc' dir='ltr'><strong>Ζ</strong></span> <span class='ocrx_word' id='word_1_5' title='bbox 2264 343 2577 405; x_wconf 73' lang='grc' dir='ltr'><strong>[ὃΑΒΕΝῐ</strong></span> 
     </span>
    </p>
   </div>
   <div class='ocr_carea' id='block_1_3' title="bbox 3712 338 3821 405">
    <p class='ocr_par' dir='ltr' id='par_1_3' title="bbox 3712 338 3821 405">
     <span class='ocr_line' id='line_1_3' title="bbox 3712 338 3821 405; baseline 0 -1"><span class='ocrx_word' id='word_1_6' title='bbox 3712 338 3778 405; x_wconf 86' lang='lat'>38</span> <span class='ocrx_word' id='word_1_7' title='bbox 3789 342 3821 404; x_wconf 69' lang='grc' dir='ltr'><strong>-ί</strong></span> 
     </span>
    </p>
   </div>
   <div class='ocr_carea' id='block_1_4' title="bbox 506 450 2139 527">
    <p class='ocr_par' dir='ltr' id='par_1_4' title="bbox 506 450 2139 521">
     <span class='ocr_line' id='line_1_4' title="bbox 506 450 2139 521; baseline -0.004 -8"><span class='ocrx_word' id='word_1_8' title='bbox 506 454 513 471; x_wconf 83' lang='grc'><strong>“</strong></span> <span class='ocrx_word' id='word_1_9' title='bbox 544 455 890 513; x_wconf 79' lang='lat' dir='ltr'><strong>tremendam</strong></span> <span class='ocrx_word' id='word_1_10' title='bbox 936 469 1058 510; x_wconf 86' lang='lat' dir='ltr'><strong>esse</strong></span> <span class='ocrx_word' id='word_1_11' title='bbox 1094 453 1158 507; x_wconf 90' lang='lat' dir='ltr'><strong>ad</strong></span> <span class='ocrx_word' id='word_1_12' title='bbox 1172 467 1357 507; x_wconf 72' lang='lat' dir='ltr'><strong>versus</strong></span> <span class='ocrx_word' id='word_1_13' title='bbox 1412 451 1580 505; x_wconf 86' lang='lat' dir='ltr'><strong>Deum</strong></span> <span class='ocrx_word' id='word_1_14' title='bbox 1614 450 2010 521; x_wconf 82' lang='lat' dir='ltr'><strong>blasphemiam</strong></span> <span class='ocrx_word' id='word_1_15' title='bbox 2038 471 2051 507; x_wconf 91' lang='lat'><strong>:</strong></span> <span class='ocrx_word' id='word_1_16' title='bbox 2083 461 2139 507; x_wconf 92' lang='lat' dir='ltr'><strong>et</strong></span> 
     </span>
    </p>
   </div>
   <div class='ocr_carea' id='block_1_5' title="bbox 2245 450 3825 527">
    <p class='ocr_par' dir='ltr' id='par_1_5' title="bbox 2247 450 3825 527">
     <span class='ocr_line' id='line_1_5' title="bbox 2247 450 3825 527; baseline 0 -22"><span class='ocrx_word' id='word_1_17' title='bbox 2247 454 2537 527; x_wconf 76' lang='grc' dir='ltr'><strong>ϐερωτάτη</strong></span> <span class='ocrx_word' id='word_1_18' title='bbox 2600 455 2808 526; x_wconf 74' lang='grc' dir='ltr'><strong>ἐστὶνὴ</strong></span> <span class='ocrx_word' id='word_1_19' title='bbox 2870 450 3010 508; x_wconf 74' lang='grc' dir='ltr'><strong>κατὰ</strong></span> <span class='ocrx_word' id='word_1_20' title='bbox 3047 452 3138 508; x_wconf 86' lang='grc' dir='ltr'><strong>τοῦ</strong></span> <span class='ocrx_word' id='word_1_21' title='bbox 3170 453 3305 508; x_wconf 83' lang='grc' dir='ltr'><strong>Θεοῦ</strong></span> <span class='ocrx_word' id='word_1_22' title='bbox 3348 454 3696 525; x_wconf 72' lang='grc' dir='ltr'><strong>βλασςρημία,</strong></span> <span class='ocrx_word' id='word_1_23' title='bbox 3728 455 3825 509; x_wconf 79' lang='grc' dir='ltr'><strong>καὶ</strong></span> 
     </span>
    </p>
   </div>
   <div class='ocr_carea' id='block_1_6' title="bbox 542 544 2136 620">
    <p class='ocr_par' dir='ltr' id='par_1_6' title="bbox 542 544 2136 620">
     <span class='ocr_line' id='line_1_6' title="bbox 542 544 2136 620; baseline -0.005 -15"><span class='ocrx_word' id='word_1_24' title='bbox 542 551 694 620; x_wconf 84' lang='lat' dir='ltr'><strong>quod</strong></span> <span class='ocrx_word' id='word_1_25' title='bbox 747 547 1029 604; x_wconf 83' lang='lat' dir='ltr'><strong>hominum</strong></span> <span class='ocrx_word' id='word_1_26' title='bbox 1066 546 1285 615; x_wconf 87' lang='lat' dir='ltr'><strong>quidam</strong></span> <span class='ocrx_word' id='word_1_27' title='bbox 1323 545 1410 599; x_wconf 91' lang='lat' dir='ltr'><strong>hic</strong></span> <span class='ocrx_word' id='word_1_28' title='bbox 1441 560 1505 598; x_wconf 83' lang='lat' dir='ltr'><strong>ac.</strong></span> <span class='ocrx_word' id='word_1_29' title='bbox 1565 545 1618 597; x_wconf 92' lang='lat' dir='ltr'><strong>in</strong></span> <span class='ocrx_word' id='word_1_30' title='bbox 1681 544 1865 599; x_wconf 77' lang='lat' dir='ltr'><strong>futuro</strong></span> <span class='ocrx_word' id='word_1_31' title='bbox 1936 544 2136 598; x_wconf 61' lang='lat' dir='ltr'><strong>stet-nlo</strong></span> 
     </span>
    </p>
   </div>
   <div class='ocr_carea' id='block_1_7' title="bbox 543 635 2136 711">
    <p class='ocr_par' dir='ltr' id='par_1_7' title="bbox 543 635 2136 711">
     <span class='ocr_line' id='line_1_7' title="bbox 543 635 2136 711; baseline -0.004 -14"><span class='ocrx_word' id='word_1_32' title='bbox 543 642 811 711; x_wconf 77' lang='lat' dir='ltr'><strong>Supplicia</strong></span> <span class='ocrx_word' id='word_1_33' title='bbox 871 637 1169 700; x_wconf 82' lang='lat' dir='ltr'><strong>sustinent,</strong></span> <span class='ocrx_word' id='word_1_34' title='bbox 1218 645 1277 690; x_wconf 93' lang='lat' dir='ltr'><strong>ut</strong></span> <span class='ocrx_word' id='word_1_35' title='bbox 1324 635 1621 691; x_wconf 70' lang='lat' dir='ltr'><strong>Sodomita:</strong></span> <span class='ocrx_word' id='word_1_36' title='bbox 1652 646 1705 689; x_wconf 90' lang='lat' dir='ltr'><strong>et</strong></span> <span class='ocrx_word' id='word_1_37' title='bbox 1729 635 1924 691; x_wconf 62' lang='lat' dir='ltr'><strong>Judazi.</strong></span> <span class='ocrx_word' id='word_1_38' title='bbox 1974 636 2039 691; x_wconf 82' lang='lat' dir='ltr'><strong>Et</strong></span> <span class='ocrx_word' id='word_1_39' title='bbox 2068 636 2136 691; x_wconf 88' lang='lat' dir='ltr'><strong>de</strong></span> 
     </span>
    </p>
   </div>
   <div class='ocr_carea' id='block_1_8' title="bbox 546 727 2133 800">
    <p class='ocr_par' dir='ltr' id='par_1_8' title="bbox 546 727 2133 800">
     <span class='ocr_line' id='line_1_8' title="bbox 546 727 2133 800; baseline -0.003 -14"><span class='ocrx_word' id='word_1_40' title='bbox 546 732 844 787; x_wconf 76' lang='lat' dir='ltr'><strong>Sodomitis</strong></span> <span class='ocrx_word' id='word_1_41' title='bbox 867 728 1085 800; x_wconf 87' lang='lat' dir='ltr'><strong>quidem</strong></span> <span class='ocrx_word' id='word_1_42' title='bbox 1125 728 1476 799; x_wconf 67' lang='lat' dir='ltr'><strong>praediximus</strong></span> <span class='ocrx_word' id='word_1_43' title='bbox 1510 727 1723 782; x_wconf 90' lang='lat' dir='ltr'><strong>decimo</strong></span> <span class='ocrx_word' id='word_1_44' title='bbox 1752 743 1898 781; x_wconf 92' lang='lat' dir='ltr'><strong>nouo</strong></span> <span class='ocrx_word' id='word_1_45' title='bbox 1921 728 2133 795; x_wconf 87' lang='lat' dir='ltr'><strong>capite:</strong></span> 
     </span>
    </p>
   </div>
   <div class='ocr_carea' id='block_1_9' title="bbox 548 819 2137 889">
    <p class='ocr_par' dir='ltr' id='par_1_9' title="bbox 548 819 2137 889">
     <span class='ocr_line' id='line_1_9' title="bbox 548 819 2137 889; baseline 0.001 -17"><span class='ocrx_word' id='word_1_46' title='bbox 548 822 721 876; x_wconf 65' lang='lat' dir='ltr'><strong>.ludari</strong></span> <span class='ocrx_word' id='word_1_47' title='bbox 787 836 919 875; x_wconf 71' lang='lat' dir='ltr'><strong>vero</strong></span> <span class='ocrx_word' id='word_1_48' title='bbox 964 828 1018 874; x_wconf 88' lang='lat' dir='ltr'><strong>et</strong></span> <span class='ocrx_word' id='word_1_49' title='bbox 1068 820 1160 874; x_wconf 86' lang='lat' dir='ltr'><strong>hic</strong></span> <span class='ocrx_word' id='word_1_50' title='bbox 1218 834 1410 889; x_wconf 74' lang='lat' dir='ltr'><strong>pmnas</strong></span> <span class='ocrx_word' id='word_1_51' title='bbox 1467 819 1753 880; x_wconf 87' lang='lat' dir='ltr'><strong>dederunt,</strong></span> <span class='ocrx_word' id='word_1_52' title='bbox 1805 835 1831 871; x_wconf 93' lang='lat' dir='ltr'><strong>a</strong></span> <span class='ocrx_word' id='word_1_53' title='bbox 1875 819 2137 874; x_wconf 78' lang='lat' dir='ltr'><strong>Romanis</strong></span> 
     </span>
    </p>
   </div>
   <div class='ocr_carea' id='block_1_10' title="bbox 546 908 2133 967">
    <p class='ocr_par' dir='ltr' id='par_1_10' title="bbox 546 908 2133 967">
     <span class='ocr_line' id='line_1_10' title="bbox 546 908 2133 967; baseline -0.001 0"><span class='ocrx_word' id='word_1_54' title='bbox 546 912 933 967; x_wconf 76' lang='lat' dir='ltr'><strong>miserabiliter</strong></span> <span class='ocrx_word' id='word_1_55' title='bbox 968 910 1192 965; x_wconf 80' lang='lat' dir='ltr'><strong>amicti:</strong></span> <span class='ocrx_word' id='word_1_56' title='bbox 1249 919 1305 965; x_wconf 89' lang='lat' dir='ltr'><strong>et</strong></span> <span class='ocrx_word' id='word_1_57' title='bbox 1340 911 1413 964; x_wconf 86' lang='lat' dir='ltr'><strong>ibi</strong></span> <span class='ocrx_word' id='word_1_58' title='bbox 1476 908 1847 964; x_wconf 79' lang='lat' dir='ltr'><strong>miserabilius</strong></span> <span class='ocrx_word' id='word_1_59' title='bbox 1904 910 2133 965; x_wconf 87' lang='lat' dir='ltr'><strong>cruciati</strong></span> 
     </span>
    </p>
   </div>
   <div class='ocr_carea' id='block_1_11' title="bbox 543 1003 2135 1071">
    <p class='ocr_par' dir='ltr' id='par_1_11' title="bbox 543 1003 2135 1071">
     <span class='ocr_line' id='line_1_11' title="bbox 543 1003 2135 1071; baseline 0.001 -14"><span class='ocrx_word' id='word_1_60' title='bbox 543 1005 774 1058; x_wconf 83' lang='lat' dir='ltr'><strong>dabunt.</strong></span> <span class='ocrx_word' id='word_1_61' title='bbox 816 1004 1049 1068; x_wconf 81' lang='lat' dir='ltr'><strong>Quidam</strong></span> <span class='ocrx_word' id='word_1_62' title='bbox 1087 1019 1217 1058; x_wconf 81' lang='lat' dir='ltr'><strong>vero</strong></span> <span class='ocrx_word' id='word_1_63' title='bbox 1274 1003 1363 1057; x_wconf 90' lang='lat' dir='ltr'><strong>hic</strong></span> <span class='ocrx_word' id='word_1_64' title='bbox 1418 1003 1592 1056; x_wconf 87' lang='lat' dir='ltr'><strong>solum</strong></span> <span class='ocrx_word' id='word_1_65' title='bbox 1677 1004 2015 1071; x_wconf 89' lang='lat' dir='ltr'><strong>puniuntur,</strong></span> <span class='ocrx_word' id='word_1_66' title='bbox 2072 1014 2135 1058; x_wconf 88' lang='lat' dir='ltr'><strong>ut</strong></span> 
     </span>
    </p>
   </div>
   <div class='ocr_carea' id='block_1_12' title="bbox 543 1095 2132 1165">
    <p class='ocr_par' dir='ltr' id='par_1_12' title="bbox 543 1095 2132 1165">
     <span class='ocr_line' id='line_1_12' title="bbox 543 1095 2132 1165; baseline 0 -16"><span class='ocrx_word' id='word_1_67' title='bbox 543 1097 873 1151; x_wconf 79' lang='lat' dir='ltr'><strong>fornicarius</strong></span> <span class='ocrx_word' id='word_1_68' title='bbox 906 1097 995 1150; x_wconf 89' lang='lat' dir='ltr'><strong>illc</strong></span> <span class='ocrx_word' id='word_1_69' title='bbox 1051 1096 1193 1165; x_wconf 88' lang='lat' dir='ltr'><strong>apud</strong></span> <span class='ocrx_word' id='word_1_70' title='bbox 1252 1096 1571 1149; x_wconf 76' lang='lat' dir='ltr'><strong>Corinthios</strong></span> <span class='ocrx_word' id='word_1_71' title='bbox 1604 1095 1824 1151; x_wconf 56' lang='lat' dir='ltr'><strong>Satanae</strong></span> <span class='ocrx_word' id='word_1_72' title='bbox 1880 1097 2132 1152; x_wconf 84' lang='lat' dir='ltr'><strong>traditus.</strong></span> 
     </span>
    </p>
   </div>
   <div class='ocr_carea' id='block_1_13' title="bbox 540 1187 2135 1258">
    <p class='ocr_par' dir='ltr' id='par_1_13' title="bbox 540 1187 2135 1258">
     <span class='ocr_line' id='line_1_13' title="bbox 540 1187 2135 1258; baseline 0.001 -18"><span class='ocrx_word' id='word_1_73' title='bbox 540 1188 722 1258; x_wconf 77' lang='lat' dir='ltr'><strong>Aliqui</strong></span> <span class='ocrx_word' id='word_1_74' title='bbox 786 1198 967 1242; x_wconf 87' lang='lat' dir='ltr'><strong>autem</strong></span> <span class='ocrx_word' id='word_1_75' title='bbox 1008 1188 1080 1241; x_wconf 87' lang='lat' dir='ltr'><strong>ibi</strong></span> <span class='ocrx_word' id='word_1_76' title='bbox 1117 1195 1349 1249; x_wconf 86' lang='lat' dir='ltr'><strong>tantum,</strong></span> <span class='ocrx_word' id='word_1_77' title='bbox 1411 1194 1471 1241; x_wconf 92' lang='lat' dir='ltr'><strong>ut</strong></span> <span class='ocrx_word' id='word_1_78' title='bbox 1531 1187 1684 1241; x_wconf 76' lang='lat' dir='ltr'><strong>dives</strong></span> <span class='ocrx_word' id='word_1_79' title='bbox 1712 1188 1799 1241; x_wconf 84' lang='lat' dir='ltr'><strong>ille</strong></span> <span class='ocrx_word' id='word_1_80' title='bbox 1833 1188 1886 1241; x_wconf 92' lang='lat' dir='ltr'><strong>in</strong></span> <span class='ocrx_word' id='word_1_81' title='bbox 1918 1188 2135 1241; x_wconf 83' lang='lat' dir='ltr'><strong>ﬂamma</strong></span> 
     </span>
    </p>
   </div>
   <div class='ocr_carea' id='block_1_14' title="bbox 540 1280 2133 1350">
    <p class='ocr_par' dir='ltr' id='par_1_14' title="bbox 540 1280 2133 1350">
     <span class='ocr_line' id='line_1_14' title="bbox 540 1280 2133 1350; baseline -0.002 -14"><span class='ocrx_word' id='word_1_82' title='bbox 540 1281 834 1336; x_wconf 85' lang='lat' dir='ltr'><strong>cruciatus.</strong></span> <span class='ocrx_word' id='word_1_83' title='bbox 889 1280 1160 1333; x_wconf 61' lang='lat' dir='ltr'><strong>Praeterea</strong></span> <span class='ocrx_word' id='word_1_84' title='bbox 1217 1280 1471 1333; x_wconf 75' lang='lat' dir='ltr'><strong>nonnulli</strong></span> <span class='ocrx_word' id='word_1_85' title='bbox 1504 1296 1683 1350; x_wconf 88' lang='lat' dir='ltr'><strong>neque</strong></span> <span class='ocrx_word' id='word_1_86' title='bbox 1718 1281 1806 1333; x_wconf 92' lang='lat' dir='ltr'><strong>hic</strong></span> <span class='ocrx_word' id='word_1_87' title='bbox 1837 1296 2013 1348; x_wconf 86' lang='lat' dir='ltr'><strong>neque</strong></span> <span class='ocrx_word' id='word_1_88' title='bbox 2040 1281 2133 1344; x_wconf 89' lang='lat' dir='ltr'><strong>ibi,</strong></span> 
     </span>
    </p>
   </div>
   <div class='ocr_carea' id='block_1_15' title="bbox 543 1372 2133 1442">
    <p class='ocr_par' dir='ltr' id='par_1_15' title="bbox 543 1372 2133 1442">
     <span class='ocr_line' id='line_1_15' title="bbox 543 1372 2133 1442; baseline 0.001 -16"><span class='ocrx_word' id='word_1_89' title='bbox 543 1384 603 1427; x_wconf 90' lang='lat' dir='ltr'><strong>nt</strong></span> <span class='ocrx_word' id='word_1_90' title='bbox 660 1372 898 1441; x_wconf 86' lang='lat' dir='ltr'><strong>apostoli</strong></span> <span class='ocrx_word' id='word_1_91' title='bbox 948 1381 1003 1427; x_wconf 86' lang='lat' dir='ltr'><strong>et</strong></span> <span class='ocrx_word' id='word_1_92' title='bbox 1051 1373 1330 1442; x_wconf 60' lang='lat' dir='ltr'><strong>prophetae</strong></span> <span class='ocrx_word' id='word_1_93' title='bbox 1374 1388 1437 1427; x_wconf 89' lang='lat' dir='ltr'><strong>ac</strong></span> <span class='ocrx_word' id='word_1_94' title='bbox 1470 1372 1597 1427; x_wconf 85' lang='lat' dir='ltr'><strong>Job.</strong></span> <span class='ocrx_word' id='word_1_95' title='bbox 1677 1373 1814 1428; x_wconf 84' lang='lat' dir='ltr'><strong>Nam</strong></span> <span class='ocrx_word' id='word_1_96' title='bbox 1880 1388 2001 1442; x_wconf 69' lang='lat' dir='ltr'><strong>qua:</strong></span> <span class='ocrx_word' id='word_1_97' title='bbox 2035 1373 2133 1441; x_wconf 82' lang='lat' dir='ltr'><strong>ipsi</strong></span> 
     </span>
    </p>
   </div>
   <div class='ocr_carea' id='block_1_16' title="bbox 539 1465 2133 1533">
    <p class='ocr_par' dir='ltr' id='par_1_16' title="bbox 539 1465 2133 1533">
     <span class='ocr_line' id='line_1_16' title="bbox 539 1465 2133 1533; baseline 0.002 -15"><span class='ocrx_word' id='word_1_98' title='bbox 539 1466 910 1533; x_wconf 87' lang='lat' dir='ltr'><strong>patiebantur,</strong></span> <span class='ocrx_word' id='word_1_99' title='bbox 988 1481 1097 1518; x_wconf 90' lang='lat' dir='ltr'><strong>non</strong></span> <span class='ocrx_word' id='word_1_100' title='bbox 1147 1466 1374 1519; x_wconf 88' lang='lat' dir='ltr'><strong>ultionis</strong></span> <span class='ocrx_word' id='word_1_101' title='bbox 1430 1476 1645 1519; x_wconf 78' lang='lat' dir='ltr'><strong>cranta</strong></span> <span class='ocrx_word' id='word_1_102' title='bbox 1694 1465 1803 1520; x_wconf 85' lang='lat' dir='ltr'><strong>Deo</strong></span> <span class='ocrx_word' id='word_1_103' title='bbox 1858 1467 2133 1531; x_wconf 62' lang='lat' dir='ltr'><strong>immissa),</strong></span> 
     </span>
    </p>
   </div>
   <div class='ocr_carea' id='block_1_17' title="bbox 540 1557 2133 1628">
    <p class='ocr_par' dir='ltr' id='par_1_17' title="bbox 540 1557 2133 1628">
     <span class='ocr_line' id='line_1_17' title="bbox 540 1557 2133 1628; baseline 0.002 -19"><span class='ocrx_word' id='word_1_104' title='bbox 540 1557 638 1610; x_wconf 86' lang='lat' dir='ltr'><strong>sed</strong></span> <span class='ocrx_word' id='word_1_105' title='bbox 685 1558 1051 1611; x_wconf 83' lang='lat' dir='ltr'><strong>certaminum</strong></span> <span class='ocrx_word' id='word_1_106' title='bbox 1108 1573 1171 1611; x_wconf 91' lang='lat' dir='ltr'><strong>ac</strong></span> <span class='ocrx_word' id='word_1_107' title='bbox 1225 1558 1516 1611; x_wconf 85' lang='lat' dir='ltr'><strong>luctarum.</strong></span> <span class='ocrx_word' id='word_1_108' title='bbox 1577 1557 1730 1622; x_wconf 77' lang='lat' dir='ltr'><strong>Quod</strong></span> <span class='ocrx_word' id='word_1_109' title='bbox 1778 1576 1907 1628; x_wconf 79' lang='lat' dir='ltr'><strong>ergo</strong></span> <span class='ocrx_word' id='word_1_110' title='bbox 1958 1560 2133 1612; x_wconf 69' lang='lat' dir='ltr'><strong>mina-</strong></span> 
     </span>
    </p>
   </div>
   <div class='ocr_carea' id='block_1_18' title="bbox 540 1649 2135 1720">
    <p class='ocr_par' dir='ltr' id='par_1_18' title="bbox 540 1649 2135 1720">
     <span class='ocr_line' id='line_1_18' title="bbox 540 1649 2135 1720; baseline 0.003 -20"><span class='ocrx_word' id='word_1_111' title='bbox 540 1658 647 1713; x_wconf 85' lang='lat' dir='ltr'><strong>tur,</strong></span> <span class='ocrx_word' id='word_1_112' title='bbox 692 1649 958 1704; x_wconf 72' lang='lat' dir='ltr'><strong>adversus</strong></span> <span class='ocrx_word' id='word_1_113' title='bbox 1007 1650 1127 1703; x_wconf 82' lang='lat' dir='ltr'><strong>illos</strong></span> <span class='ocrx_word' id='word_1_114' title='bbox 1163 1658 1266 1712; x_wconf 89' lang='lat' dir='ltr'><strong>est,</strong></span> <span class='ocrx_word' id='word_1_115' title='bbox 1305 1650 1396 1717; x_wconf 86' lang='lat' dir='ltr'><strong>qui</strong></span> <span class='ocrx_word' id='word_1_116' title='bbox 1435 1649 1851 1703; x_wconf 84' lang='lat' dir='ltr'><strong>immutabiliter</strong></span> <span class='ocrx_word' id='word_1_117' title='bbox 1894 1650 1945 1703; x_wconf 89' lang='lat' dir='ltr'><strong>in</strong></span> <span class='ocrx_word' id='word_1_118' title='bbox 2000 1666 2135 1720; x_wconf 89' lang='lat' dir='ltr'><strong>pec-</strong></span> 
     </span>
    </p>
   </div>
   <div class='ocr_carea' id='block_1_19' title="bbox 536 1740 2135 1812">
    <p class='ocr_par' dir='ltr' id='par_1_19' title="bbox 536 1740 2135 1812">
     <span class='ocr_line' id='line_1_19' title="bbox 536 1740 2135 1812; baseline 0.002 -18"><span class='ocrx_word' id='word_1_119' title='bbox 536 1750 665 1794; x_wconf 87' lang='lat' dir='ltr'><strong>cato</strong></span> <span class='ocrx_word' id='word_1_120' title='bbox 706 1749 1016 1794; x_wconf 74' lang='lat' dir='ltr'><strong>remanent.</strong></span> <span class='ocrx_word' id='word_1_121' title='bbox 1082 1740 1433 1795; x_wconf 79' lang='lat' dir='ltr'><strong>Manifestum</strong></span> <span class='ocrx_word' id='word_1_122' title='bbox 1501 1752 1584 1796; x_wconf 88' lang='lat' dir='ltr'><strong>est</strong></span> <span class='ocrx_word' id='word_1_123' title='bbox 1632 1752 1837 1806; x_wconf 90' lang='lat' dir='ltr'><strong>autem,</strong></span> <span class='ocrx_word' id='word_1_124' title='bbox 1869 1743 2011 1812; x_wconf 87' lang='lat' dir='ltr'><strong>quod</strong></span> <span class='ocrx_word' id='word_1_125' title='bbox 2058 1742 2135 1797; x_wconf 87' lang='lat' dir='ltr'><strong>eis</strong></span> 
     </span>
    </p>
   </div>
   <div class='ocr_carea' id='block_1_20' title="bbox 539 1831 2122 1901">
    <p class='ocr_par' dir='ltr' id='par_1_20' title="bbox 539 1831 2122 1901">
     <span class='ocr_line' id='line_1_20' title="bbox 539 1831 2122 1901; baseline 0.004 -21"><span class='ocrx_word' id='word_1_126' title='bbox 539 1832 629 1899; x_wconf 83' lang='lat' dir='ltr'><strong>qui</strong></span> <span class='ocrx_word' id='word_1_127' title='bbox 676 1831 1027 1901; x_wconf 79' lang='lat' dir='ltr'><strong>resipiscunt,</strong></span> <span class='ocrx_word' id='word_1_128' title='bbox 1087 1841 1143 1886; x_wconf 90' lang='lat' dir='ltr'><strong>et</strong></span> <span class='ocrx_word' id='word_1_129' title='bbox 1205 1833 1291 1887; x_wconf 84' lang='lat' dir='ltr'><strong>hic</strong></span> <span class='ocrx_word' id='word_1_130' title='bbox 1344 1842 1400 1886; x_wconf 86' lang='lat' dir='ltr'><strong>et</strong></span> <span class='ocrx_word' id='word_1_131' title='bbox 1455 1834 1527 1887; x_wconf 85' lang='lat' dir='ltr'><strong>ibi</strong></span> <span class='ocrx_word' id='word_1_132' title='bbox 1584 1835 1916 1888; x_wconf 83' lang='lat' dir='ltr'><strong>remittetur.</strong></span> <span class='ocrx_word' id='word_1_133' title='bbox 1971 1832 2122 1887; x_wconf 75' lang='lat' dir='ltr'><strong>Multi</strong></span> 
     </span>
    </p>
   </div>
   <div class='ocr_carea' id='block_1_21' title="bbox 537 1924 2134 1995">
    <p class='ocr_par' dir='ltr' id='par_1_21' title="bbox 537 1924 2134 1995">
     <span class='ocr_line' id='line_1_21' title="bbox 537 1924 2134 1995; baseline 0.001 -17"><span class='ocrx_word' id='word_1_134' title='bbox 537 1924 684 1978; x_wconf 87' lang='lat' dir='ltr'><strong>enim</strong></span> <span class='ocrx_word' id='word_1_135' title='bbox 736 1926 829 1992; x_wconf 86' lang='lat' dir='ltr'><strong>qui</strong></span> <span class='ocrx_word' id='word_1_136' title='bbox 867 1933 997 1978; x_wconf 88' lang='lat' dir='ltr'><strong>tunc</strong></span> <span class='ocrx_word' id='word_1_137' title='bbox 1053 1925 1124 1977; x_wconf 90' lang='lat' dir='ltr'><strong>ita</strong></span> <span class='ocrx_word' id='word_1_138' title='bbox 1180 1924 1552 1994; x_wconf 87' lang='lat' dir='ltr'><strong>deliquerant,</strong></span> <span class='ocrx_word' id='word_1_139' title='bbox 1623 1942 1746 1981; x_wconf 88' lang='lat' dir='ltr'><strong>cum</strong></span> <span class='ocrx_word' id='word_1_140' title='bbox 1786 1926 2134 1995; x_wconf 77' lang='lat' dir='ltr'><strong>postmodum</strong></span> 
     </span>
    </p>
   </div>
   <div class='ocr_carea' id='block_1_22' title="bbox 538 2014 1840 2087">
    <p class='ocr_par' dir='ltr' id='par_1_22' title="bbox 538 2014 1840 2087">
     <span class='ocr_line' id='line_1_22' title="bbox 538 2014 1840 2087; baseline 0.002 -20"><span class='ocrx_word' id='word_1_141' title='bbox 538 2014 927 2083; x_wconf 88' lang='lat' dir='ltr'><strong>credidissent,</strong></span> <span class='ocrx_word' id='word_1_142' title='bbox 968 2014 1185 2069; x_wconf 80' lang='lat' dir='ltr'><strong>veniam</strong></span> <span class='ocrx_word' id='word_1_143' title='bbox 1217 2016 1445 2069; x_wconf 88' lang='lat' dir='ltr'><strong>omnino</strong></span> <span class='ocrx_word' id='word_1_144' title='bbox 1479 2018 1840 2087; x_wconf 88' lang='lat' dir='ltr'><strong>suntadcpti.</strong></span> 
     </span>
    </p>
   </div>
   <div class='ocr_carea' id='block_1_23' title="bbox 615 2212 2135 2284">
    <p class='ocr_par' dir='ltr' id='par_1_23' title="bbox 615 2212 2135 2284">
     <span class='ocr_line' id='line_1_23' title="bbox 615 2212 2135 2284; baseline 0.001 -19"><span class='ocrx_word' id='word_1_145' title='bbox 615 2212 771 2267; x_wconf 83' lang='lat' dir='ltr'><strong>Vers.</strong></span> <span class='ocrx_word' id='word_1_146' title='bbox 807 2213 898 2268; x_wconf 78' lang='lat'><strong>33.</strong></span> <span class='ocrx_word' id='word_1_147' title='bbox 952 2214 1057 2267; x_wconf 79' lang='lat' dir='ltr'><strong>Aut</strong></span> <span class='ocrx_word' id='word_1_148' title='bbox 1090 2215 1540 2284; x_wconf 71' lang='lat' dir='ltr'><strong>—cognoscitur.</strong></span> <span class='ocrx_word' id='word_1_149' title='bbox 1598 2213 1810 2273; x_wconf 85' lang='lat' dir='ltr'><strong>Facite.</strong></span> <span class='ocrx_word' id='word_1_150' title='bbox 1864 2213 1969 2267; x_wconf 88' lang='lat' dir='ltr'><strong>hoc</strong></span> <span class='ocrx_word' id='word_1_151' title='bbox 2030 2222 2135 2275; x_wconf 87' lang='lat' dir='ltr'><strong>est,</strong></span> 
     </span>
    </p>
   </div>
   <div class='ocr_carea' id='block_1_24' title="bbox 537 2306 2136 2374">
    <p class='ocr_par' dir='ltr' id='par_1_24' title="bbox 537 2306 2136 2374">
     <span class='ocr_line' id='line_1_24' title="bbox 537 2306 2136 2374; baseline -0.001 -14"><span class='ocrx_word' id='word_1_152' title='bbox 537 2306 725 2362; x_wconf 64' lang='lat' dir='ltr'><strong>dicite.</strong></span> <span class='ocrx_word' id='word_1_153' title='bbox 778 2306 1013 2360; x_wconf 77' lang='lat' dir='ltr'><strong>Rursum</strong></span> <span class='ocrx_word' id='word_1_154' title='bbox 1070 2315 1257 2359; x_wconf 88' lang='lat' dir='ltr'><strong>autem</strong></span> <span class='ocrx_word' id='word_1_155' title='bbox 1336 2306 1623 2359; x_wconf 82' lang='lat' dir='ltr'><strong>confundit</strong></span> <span class='ocrx_word' id='word_1_156' title='bbox 1686 2306 1807 2360; x_wconf 84' lang='lat' dir='ltr'><strong>illos</strong></span> <span class='ocrx_word' id='word_1_157' title='bbox 1880 2315 2136 2374; x_wconf 86' lang='lat' dir='ltr'><strong>tauquam</strong></span> 
     </span>
    </p>
   </div>
   <div class='ocr_carea' id='block_1_25' title="bbox 540 2395 2138 2466">
    <p class='ocr_par' dir='ltr' id='par_1_25' title="bbox 540 2395 2138 2466">
     <span class='ocr_line' id='line_1_25' title="bbox 540 2395 2138 2466; baseline -0.001 -17"><span class='ocrx_word' id='word_1_158' title='bbox 540 2413 603 2449; x_wconf 89' lang='lat' dir='ltr'><strong>ea</strong></span> <span class='ocrx_word' id='word_1_159' title='bbox 670 2396 1007 2450; x_wconf 85' lang='lat' dir='ltr'><strong>deducenles</strong></span> <span class='ocrx_word' id='word_1_160' title='bbox 1048 2395 1100 2448; x_wconf 95' lang='lat' dir='ltr'><strong>in</strong></span> <span class='ocrx_word' id='word_1_161' title='bbox 1137 2397 1571 2458; x_wconf 86' lang='lat' dir='ltr'><strong>accusationem,</strong></span> <span class='ocrx_word' id='word_1_162' title='bbox 1632 2411 1755 2466; x_wconf 70' lang='lat' dir='ltr'><strong>qum</strong></span> <span class='ocrx_word' id='word_1_163' title='bbox 1803 2395 1906 2449; x_wconf 80' lang='lat' dir='ltr'><strong>sibi</strong></span> <span class='ocrx_word' id='word_1_164' title='bbox 1946 2406 2138 2448; x_wconf 89' lang='lat' dir='ltr'><strong>mutuo</strong></span> 
     </span>
    </p>
   </div>
   <div class='ocr_carea' id='block_1_26' title="bbox 541 2486 2137 2555">
    <p class='ocr_par' dir='ltr' id='par_1_26' title="bbox 541 2486 2137 2555">
     <span class='ocr_line' id='line_1_26' title="bbox 541 2486 2137 2555; baseline -0.001 -16"><span class='ocrx_word' id='word_1_165' title='bbox 541 2501 651 2539; x_wconf 84' lang='lat' dir='ltr'><strong>non</strong></span> <span class='ocrx_word' id='word_1_166' title='bbox 684 2486 1032 2546; x_wconf 73' lang='lat' dir='ltr'><strong>constabant,</strong></span> <span class='ocrx_word' id='word_1_167' title='bbox 1086 2486 1181 2540; x_wconf 91' lang='lat' dir='ltr'><strong>sed</strong></span> <span class='ocrx_word' id='word_1_168' title='bbox 1240 2494 1439 2555; x_wconf 72' lang='lat' dir='ltr'><strong>praeter</strong></span> <span class='ocrx_word' id='word_1_169' title='bbox 1482 2495 1736 2540; x_wconf 76' lang='lat' dir='ltr'><strong>naturam</strong></span> <span class='ocrx_word' id='word_1_170' title='bbox 1783 2496 1965 2541; x_wconf 86' lang='lat' dir='ltr'><strong>erant.</strong></span> <span class='ocrx_word' id='word_1_171' title='bbox 2002 2486 2137 2539; x_wconf 73' lang='lat' dir='ltr'><strong>Nam</strong></span> 
     </span>
    </p>
   </div>
   <div class='ocr_carea' id='block_1_27' title="bbox 539 2577 2141 2648">
    <p class='ocr_par' dir='ltr' id='par_1_27' title="bbox 539 2577 2141 2648">
     <span class='ocr_line' id='line_1_27' title="bbox 539 2577 2141 2648; baseline 0.001 -19"><span class='ocrx_word' id='word_1_172' title='bbox 539 2577 667 2648; x_wconf 78' lang='lat' dir='ltr'><strong>quia</strong></span> <span class='ocrx_word' id='word_1_173' title='bbox 687 2592 828 2647; x_wconf 85' lang='lat' dir='ltr'><strong>opus</strong></span> <span class='ocrx_word' id='word_1_174' title='bbox 844 2578 1096 2647; x_wconf 79' lang='lat' dir='ltr'><strong>ahigendi</strong></span> <span class='ocrx_word' id='word_1_175' title='bbox 1118 2580 1390 2632; x_wconf 62' lang='lat' dir='ltr'><strong>lla-mones</strong></span> <span class='ocrx_word' id='word_1_176' title='bbox 1413 2593 1521 2631; x_wconf 93' lang='lat' dir='ltr'><strong>non</strong></span> <span class='ocrx_word' id='word_1_177' title='bbox 1543 2578 1948 2647; x_wconf 84' lang='lat' dir='ltr'><strong>improbabant.</strong></span> <span class='ocrx_word' id='word_1_178' title='bbox 1967 2594 2141 2648; x_wconf 86' lang='lat' dir='ltr'><strong>quan-</strong></span> 
     </span>
    </p>
   </div>
   <div class='ocr_carea' id='block_1_28' title="bbox 539 2669 2140 2739">
    <p class='ocr_par' dir='ltr' id='par_1_28' title="bbox 539 2669 2140 2739">
     <span class='ocr_line' id='line_1_28' title="bbox 539 2669 2140 2739; baseline 0.001 -19"><span class='ocrx_word' id='word_1_179' title='bbox 539 2685 703 2738; x_wconf 86' lang='lat' dir='ltr'><strong>quam</strong></span> <span class='ocrx_word' id='word_1_180' title='bbox 765 2685 796 2723; x_wconf 79' lang='grc' dir='ltr'><strong>α</strong></span> <span class='ocrx_word' id='word_1_181' title='bbox 819 2670 1059 2724; x_wconf 83' lang='lat' dir='ltr'><strong>lmodum</strong></span> <span class='ocrx_word' id='word_1_182' title='bbox 1116 2669 1466 2739; x_wconf 88' lang='lat' dir='ltr'><strong>impudentes</strong></span> <span class='ocrx_word' id='word_1_183' title='bbox 1497 2679 1705 2731; x_wconf 82' lang='lat' dir='ltr'><strong>essent,</strong></span> <span class='ocrx_word' id='word_1_184' title='bbox 1731 2685 1857 2724; x_wconf 90' lang='lat' dir='ltr'><strong>eum</strong></span> <span class='ocrx_word' id='word_1_185' title='bbox 1890 2684 2019 2723; x_wconf 79' lang='lat' dir='ltr'><strong>vero</strong></span> <span class='ocrx_word' id='word_1_186' title='bbox 2048 2685 2140 2723; x_wconf 85' lang='lat' dir='ltr'><strong>ca-</strong></span> 
     </span>
    </p>
   </div>
   <div class='ocr_carea' id='block_1_29' title="bbox 546 2759 2140 2831">
    <p class='ocr_par' dir='ltr' id='par_1_29' title="bbox 546 2759 2140 2831">
     <span class='ocr_line' id='line_1_29' title="bbox 546 2759 2140 2831; baseline -0.001 -17"><span class='ocrx_word' id='word_1_187' title='bbox 546 2759 959 2814; x_wconf 84' lang='lat' dir='ltr'><strong>lumniabantur</strong></span> <span class='ocrx_word' id='word_1_188' title='bbox 1000 2760 1090 2828; x_wconf 92' lang='lat' dir='ltr'><strong>qui</strong></span> <span class='ocrx_word' id='word_1_189' title='bbox 1134 2760 1256 2813; x_wconf 91' lang='lat' dir='ltr'><strong>illos</strong></span> <span class='ocrx_word' id='word_1_190' title='bbox 1311 2760 1564 2830; x_wconf 76' lang='lat' dir='ltr'><strong>abigebat</strong></span> <span class='ocrx_word' id='word_1_191' title='bbox 1595 2778 1608 2814; x_wconf 91' lang='lat'><strong>:</strong></span> <span class='ocrx_word' id='word_1_192' title='bbox 1640 2761 1708 2814; x_wconf 85' lang='lat' dir='ltr'><strong>ab</strong></span> <span class='ocrx_word' id='word_1_193' title='bbox 1739 2761 1990 2831; x_wconf 74' lang='lat' dir='ltr'><strong>exemplo</strong></span> <span class='ocrx_word' id='word_1_194' title='bbox 2021 2760 2140 2814; x_wconf 87' lang='lat' dir='ltr'><strong>illos</strong></span> 
     </span>
    </p>
   </div>
   <div class='ocr_carea' id='block_1_30' title="bbox 545 2854 2136 2926">
    <p class='ocr_par' dir='ltr' id='par_1_30' title="bbox 545 2854 2136 2926">
     <span class='ocr_line' id='line_1_30' title="bbox 545 2854 2136 2926; baseline -0.001 -19"><span class='ocrx_word' id='word_1_195' title='bbox 545 2856 848 2926; x_wconf 59' lang='lat' dir='ltr'><strong>redarguit,</strong></span> <span class='ocrx_word' id='word_1_196' title='bbox 914 2855 1005 2924; x_wconf 91' lang='lat' dir='ltr'><strong>qui</strong></span> <span class='ocrx_word' id='word_1_197' title='bbox 1052 2871 1191 2924; x_wconf 89' lang='lat' dir='ltr'><strong>opus</strong></span> <span class='ocrx_word' id='word_1_198' title='bbox 1243 2854 1464 2923; x_wconf 78' lang='lat' dir='ltr'><strong>quidem</strong></span> <span class='ocrx_word' id='word_1_199' title='bbox 1518 2854 1831 2925; x_wconf 84' lang='lat' dir='ltr'><strong>judicarent</strong></span> <span class='ocrx_word' id='word_1_200' title='bbox 1912 2854 2136 2919; x_wconf 88' lang='lat' dir='ltr'><strong>bonum,</strong></span> 
     </span>
    </p>
   </div>
   <div class='ocr_carea' id='block_1_31' title="bbox 542 2944 2135 3016">
    <p class='ocr_par' dir='ltr' id='par_1_31' title="bbox 542 2944 2135 3016">
     <span class='ocr_line' id='line_1_31' title="bbox 542 2944 2135 3016; baseline 0 -16"><span class='ocrx_word' id='word_1_201' title='bbox 542 2961 669 3000; x_wconf 88' lang='lat' dir='ltr'><strong>eum</strong></span> <span class='ocrx_word' id='word_1_202' title='bbox 750 2954 931 3001; x_wconf 84' lang='lat' dir='ltr'><strong>autem</strong></span> <span class='ocrx_word' id='word_1_203' title='bbox 972 2946 1064 3016; x_wconf 89' lang='lat' dir='ltr'><strong>qui</strong></span> <span class='ocrx_word' id='word_1_204' title='bbox 1130 2955 1409 3015; x_wconf 88' lang='lat' dir='ltr'><strong>operatur,</strong></span> <span class='ocrx_word' id='word_1_205' title='bbox 1464 2944 1890 3015; x_wconf 77' lang='lat' dir='ltr'><strong>malumzquod</strong></span> <span class='ocrx_word' id='word_1_206' title='bbox 1952 2946 2135 3016; x_wconf 88' lang='lat' dir='ltr'><strong>impu-</strong></span> 
     </span>
    </p>
   </div>
   <div class='ocr_carea' id='block_1_32' title="bbox 542 3039 1369 3108">
    <p class='ocr_par' dir='ltr' id='par_1_32' title="bbox 542 3039 1369 3108">
     <span class='ocr_line' id='line_1_32' title="bbox 542 3039 1369 3108; baseline 0.002 -16"><span class='ocrx_word' id='word_1_207' title='bbox 542 3039 740 3093; x_wconf 68' lang='lat' dir='ltr'><strong>dentiae</strong></span> <span class='ocrx_word' id='word_1_208' title='bbox 765 3047 848 3093; x_wconf 88' lang='lat' dir='ltr'><strong>est</strong></span> <span class='ocrx_word' id='word_1_209' title='bbox 876 3054 941 3093; x_wconf 84' lang='lat' dir='ltr'><strong>ac</strong></span> <span class='ocrx_word' id='word_1_210' title='bbox 975 3039 1369 3108; x_wconf 70' lang='lat' dir='ltr'><strong>repugnantim.</strong></span> 
     </span>
    </p>
   </div>
   <div class='ocr_carea' id='block_1_33' title="bbox 2239 547 3826 620">
    <p class='ocr_par' dir='ltr' id='par_1_33' title="bbox 2239 547 3826 620">
     <span class='ocr_line' id='line_1_33' title="bbox 2239 547 3826 620; baseline -0.002 -18"><span class='ocrx_word' id='word_1_211' title='bbox 2239 549 2322 602; x_wconf 83' lang='grc' dir='ltr'><strong>δτι</strong></span> <span class='ocrx_word' id='word_1_212' title='bbox 2374 548 2483 603; x_wconf 85' lang='grc' dir='ltr'><strong>τῶν</strong></span> <span class='ocrx_word' id='word_1_213' title='bbox 2524 549 2851 620; x_wconf 79' lang='grc' dir='ltr'><strong>ἀνθρώπιον.</strong></span> <span class='ocrx_word' id='word_1_214' title='bbox 2884 550 2931 602; x_wconf 85' lang='grc' dir='ltr'><strong>οἱ</strong></span> <span class='ocrx_word' id='word_1_215' title='bbox 2987 549 3087 618; x_wconf 74' lang='grc' dir='ltr'><strong>μὲν</strong></span> <span class='ocrx_word' id='word_1_216' title='bbox 3145 551 3242 602; x_wconf 66' lang='grc' dir='ltr'><strong>καὶ</strong></span> <span class='ocrx_word' id='word_1_217' title='bbox 3273 548 3384 619; x_wconf 84' lang='lat'><strong>(86)</strong></span> <span class='ocrx_word' id='word_1_218' title='bbox 3446 547 3683 600; x_wconf 70' lang='grc' dir='ltr'><strong>ἐνταῦθα</strong></span> <span class='ocrx_word' id='word_1_219' title='bbox 3726 548 3826 601; x_wconf 68' lang='grc' dir='ltr'><strong>καὶ¹</strong></span> 
     </span>
    </p>
   </div>
   <div class='ocr_carea' id='block_1_34' title="bbox 2239 642 3824 713">
    <p class='ocr_par' dir='ltr' id='par_1_34' title="bbox 2239 642 3824 713">
     <span class='ocr_line' id='line_1_34' title="bbox 2239 642 3824 713; baseline -0.001 -19"><span class='ocrx_word' id='word_1_220' title='bbox 2239 642 2359 695; x_wconf 75' lang='grc' dir='ltr'><strong>ἐκεῖ</strong></span> <span class='ocrx_word' id='word_1_221' title='bbox 2390 642 2737 705; x_wconf 74' lang='grc' dir='ltr'><strong>κολάζονται,</strong></span> <span class='ocrx_word' id='word_1_222' title='bbox 2771 642 2847 705; x_wconf 84' lang='grc' dir='ltr'><strong>ὡς</strong></span> <span class='ocrx_word' id='word_1_223' title='bbox 2874 643 2923 695; x_wconf 86' lang='lat' dir='ltr'><strong>ol</strong></span> <span class='ocrx_word' id='word_1_224' title='bbox 2952 642 3241 713; x_wconf 77' lang='grc' dir='ltr'><strong>Σοδομῖται</strong></span> <span class='ocrx_word' id='word_1_225' title='bbox 3294 642 3390 695; x_wconf 76' lang='grc' dir='ltr'><strong>καὶ</strong></span> <span class='ocrx_word' id='word_1_226' title='bbox 3420 642 3496 703; x_wconf 81' lang='grc' dir='ltr'><strong>ὡς</strong></span> <span class='ocrx_word' id='word_1_227' title='bbox 3537 642 3788 694; x_wconf 80' lang='grc' dir='ltr'><strong>Ἰουδαῖοι</strong></span> <span class='ocrx_word' id='word_1_228' title='bbox 3808 660 3824 674; x_wconf 90' lang='grc'><strong>·</strong></span> 
     </span>
    </p>
   </div>
   <div class='ocr_carea' id='block_1_35' title="bbox 2240 732 3829 805">
    <p class='ocr_par' dir='ltr' id='par_1_35' title="bbox 2240 732 3829 805">
     <span class='ocr_line' id='line_1_35' title="bbox 2240 732 3829 805; baseline -0.002 -18"><span class='ocrx_word' id='word_1_229' title='bbox 2240 734 2333 787; x_wconf 78' lang='grc' dir='ltr'><strong>καὶ</strong></span> <span class='ocrx_word' id='word_1_230' title='bbox 2380 734 2509 805; x_wconf 69' lang='grc' dir='ltr'><strong>περὶ</strong></span> <span class='ocrx_word' id='word_1_231' title='bbox 2567 736 2665 805; x_wconf 75' lang='grc' dir='ltr'><strong>μὲν</strong></span> <span class='ocrx_word' id='word_1_232' title='bbox 2710 735 2820 787; x_wconf 86' lang='grc' dir='ltr'><strong>τῶν</strong></span> <span class='ocrx_word' id='word_1_233' title='bbox 2852 735 3166 803; x_wconf 83' lang='grc' dir='ltr'><strong>Σοδομιτῶν</strong></span> <span class='ocrx_word' id='word_1_234' title='bbox 3208 735 3628 805; x_wconf 73' lang='grc' dir='ltr'><strong>προειρήκαμεν</strong></span> <span class='ocrx_word' id='word_1_235' title='bbox 3657 735 3715 785; x_wconf 79' lang='grc' dir='ltr'><strong>ἐν</strong></span> <span class='ocrx_word' id='word_1_236' title='bbox 3745 732 3829 802; x_wconf 75' lang='grc' dir='ltr'><strong>τῷ</strong></span> 
     </span>
    </p>
   </div>
   <div class='ocr_carea' id='block_1_36' title="bbox 2244 824 3829 897">
    <p class='ocr_par' dir='ltr' id='par_1_36' title="bbox 2244 824 3829 897">
     <span class='ocr_line' id='line_1_36' title="bbox 2244 824 3829 897; baseline 0.001 -19"><span class='ocrx_word' id='word_1_237' title='bbox 2244 826 2718 896; x_wconf 76' lang='grc' dir='ltr'><strong>ἐννεακαιδεκάτῳ</strong></span> <span class='ocrx_word' id='word_1_238' title='bbox 2750 826 3070 897; x_wconf 75' lang='grc' dir='ltr'><strong>κεφαλαίῳο</strong></span> <span class='ocrx_word' id='word_1_239' title='bbox 3140 825 3384 879; x_wconf 77' lang='grc' dir='ltr'><strong>Ἰουδαῖοι</strong></span> <span class='ocrx_word' id='word_1_240' title='bbox 3445 825 3502 879; x_wconf 80' lang='grc' dir='ltr'><strong>δὲ</strong></span> <span class='ocrx_word' id='word_1_241' title='bbox 3555 826 3651 878; x_wconf 76' lang='grc' dir='ltr'><strong>καὶ</strong></span> <span class='ocrx_word' id='word_1_242' title='bbox 3713 824 3829 894; x_wconf 77' lang='grc'><strong>(8⁸7)</strong></span> 
     </span>
    </p>
   </div>
   <div class='ocr_carea' id='block_1_37' title="bbox 2238 918 3831 990">
    <p class='ocr_par' dir='ltr' id='par_1_37' title="bbox 2238 918 3831 990">
     <span class='ocr_line' id='line_1_37' title="bbox 2238 918 3831 990; baseline -0.002 -18"><span class='ocrx_word' id='word_1_243' title='bbox 2238 918 2474 973; x_wconf 73' lang='grc' dir='ltr'><strong>ἐνταῦθα</strong></span> <span class='ocrx_word' id='word_1_244' title='bbox 2539 920 2700 990; x_wconf 86' lang='grc' dir='ltr'><strong>δίκην</strong></span> <span class='ocrx_word' id='word_1_245' title='bbox 2771 919 2983 983; x_wconf 67' lang='grc' dir='ltr'><strong>ἔδοσαν,</strong></span> <span class='ocrx_word' id='word_1_246' title='bbox 3049 918 3305 982; x_wconf 75' lang='grc' dir='ltr'><strong>ἐλεεινῶς</strong></span> <span class='ocrx_word' id='word_1_247' title='bbox 3359 919 3466 972; x_wconf 83' lang='grc' dir='ltr'><strong>ὑπὸ</strong></span> <span class='ocrx_word' id='word_1_248' title='bbox 3539 918 3831 987; x_wconf 76' lang='grc' dir='ltr'><strong>Ῥωμαίων</strong></span> 
     </span>
    </p>
   </div>
   <div class='ocr_carea' id='block_1_38' title="bbox 2240 1006 3835 1081">
    <p class='ocr_par' dir='ltr' id='par_1_38' title="bbox 2240 1006 3835 1081">
     <span class='ocr_line' id='line_1_38' title="bbox 2240 1006 3835 1081; baseline 0 -20"><span class='ocrx_word' id='word_1_249' title='bbox 2240 1010 2721 1080; x_wconf 68' lang='grc' dir='ltr'><strong>πολιορκηθέντες,</strong></span> <span class='ocrx_word' id='word_1_250' title='bbox 2757 1011 2851 1065; x_wconf 74' lang='grc' dir='ltr'><strong>καὶ</strong></span> <span class='ocrx_word' id='word_1_251' title='bbox 2888 1012 3010 1062; x_wconf 82' lang='grc' dir='ltr'><strong>ἐκεῖ</strong></span> <span class='ocrx_word' id='word_1_252' title='bbox 3037 1009 3523 1081; x_wconf 77' lang='grc' dir='ltr'><strong>τιμωρηθήσονται</strong></span> <span class='ocrx_word' id='word_1_253' title='bbox 3580 1006 3835 1078; x_wconf 79' lang='grc' dir='ltr'><strong>χαλεπώ-</strong></span> 
     </span>
    </p>
   </div>
   <div class='ocr_carea' id='block_1_39' title="bbox 2239 1097 3833 1172">
    <p class='ocr_par' dir='ltr' id='par_1_39' title="bbox 2239 1097 3833 1172">
     <span class='ocr_line' id='line_1_39' title="bbox 2239 1097 3833 1172; baseline -0.002 -19"><span class='ocrx_word' id='word_1_254' title='bbox 2239 1118 2437 1172; x_wconf 71' lang='grc' dir='ltr'><strong>τερον*</strong></span> <span class='ocrx_word' id='word_1_255' title='bbox 2486 1103 2633 1163; x_wconf 67' lang='grc' dir='ltr'><strong>τινὲς</strong></span> <span class='ocrx_word' id='word_1_256' title='bbox 2686 1102 2742 1154; x_wconf 75' lang='grc' dir='ltr'><strong>δὲ</strong></span> <span class='ocrx_word' id='word_1_257' title='bbox 2794 1100 3036 1154; x_wconf 69' lang='grc' dir='ltr'><strong>ἐνταῦθα</strong></span> <span class='ocrx_word' id='word_1_258' title='bbox 3099 1102 3263 1170; x_wconf 86' lang='grc' dir='ltr'><strong>μόνον</strong></span> <span class='ocrx_word' id='word_1_259' title='bbox 3317 1099 3664 1163; x_wconf 74' lang='grc' dir='ltr'><strong>κολάζονται,</strong></span> <span class='ocrx_word' id='word_1_260' title='bbox 3699 1097 3833 1161; x_wconf 84' lang='grc' dir='ltr'><strong>ὠςό</strong></span> 
     </span>
    </p>
   </div>
   <div class='ocr_carea' id='block_1_40' title="bbox 2240 1187 3835 1263">
    <p class='ocr_par' dir='ltr' id='par_1_40' title="bbox 2240 1187 3835 1263">
     <span class='ocr_line' id='line_1_40' title="bbox 2240 1187 3835 1263; baseline -0.004 -19"><span class='ocrx_word' id='word_1_261' title='bbox 2240 1191 2631 1262; x_wconf 66' lang='grc' dir='ltr'><strong>πεπορνευκὼς</strong></span> <span class='ocrx_word' id='word_1_262' title='bbox 2686 1192 2837 1262; x_wconf 79' lang='grc' dir='ltr'><strong>παρὰ</strong></span> <span class='ocrx_word' id='word_1_263' title='bbox 2880 1191 3194 1263; x_wconf 80' lang='grc' dir='ltr'><strong>Κορινθίοις</strong></span> <span class='ocrx_word' id='word_1_264' title='bbox 3250 1191 3343 1244; x_wconf 76' lang='grc' dir='ltr'><strong>καὶ</strong></span> <span class='ocrx_word' id='word_1_265' title='bbox 3385 1189 3719 1260; x_wconf 73' lang='grc' dir='ltr'><strong>παραδοθεὶς</strong></span> <span class='ocrx_word' id='word_1_266' title='bbox 3752 1187 3835 1255; x_wconf 82' lang='grc' dir='ltr'><strong>τῷ</strong></span> 
     </span>
    </p>
   </div>
   <div class='ocr_carea' id='block_1_41' title="bbox 2245 1280 3836 1355">
    <p class='ocr_par' dir='ltr' id='par_1_41' title="bbox 2245 1280 3836 1355">
     <span class='ocr_line' id='line_1_41' title="bbox 2245 1280 3836 1355; baseline -0.002 -20"><span class='ocrx_word' id='word_1_267' title='bbox 2245 1284 2483 1355; x_wconf 77' lang='grc' dir='ltr'><strong>Σατανᾷ.</strong></span> <span class='ocrx_word' id='word_1_268' title='bbox 2523 1285 2679 1347; x_wconf 79' lang='grc' dir='ltr'><strong>Τινὲς</strong></span> <span class='ocrx_word' id='word_1_269' title='bbox 2708 1284 2761 1337; x_wconf 84' lang='grc' dir='ltr'><strong>δὲ</strong></span> <span class='ocrx_word' id='word_1_270' title='bbox 2799 1284 2919 1336; x_wconf 79' lang='grc' dir='ltr'><strong>ἐκεῖ</strong></span> <span class='ocrx_word' id='word_1_271' title='bbox 2961 1284 3147 1353; x_wconf 86' lang='grc' dir='ltr'><strong>μόνον,</strong></span> <span class='ocrx_word' id='word_1_272' title='bbox 3184 1282 3258 1345; x_wconf 83' lang='grc' dir='ltr'><strong>ὡς</strong></span> <span class='ocrx_word' id='word_1_273' title='bbox 3291 1283 3319 1333; x_wconf 85' lang='grc' dir='ltr'>ὀ</span> <span class='ocrx_word' id='word_1_274' title='bbox 3352 1280 3836 1352; x_wconf 72' lang='grc' dir='ltr'><strong>ἀποτηγανιζόμεο</strong></span> 
     </span>
    </p>
   </div>
   <div class='ocr_carea' id='block_1_42' title="bbox 2240 1372 3836 1447">
    <p class='ocr_par' dir='ltr' id='par_1_42' title="bbox 2240 1372 3836 1447">
     <span class='ocr_line' id='line_1_42' title="bbox 2240 1372 3836 1447; baseline -0.003 -18"><span class='ocrx_word' id='word_1_275' title='bbox 2240 1395 2327 1441; x_wconf 75' lang='grc' dir='ltr'><strong>νος</strong></span> <span class='ocrx_word' id='word_1_276' title='bbox 2353 1379 2410 1429; x_wconf 78' lang='grc' dir='ltr'><strong>ἐν</strong></span> <span class='ocrx_word' id='word_1_277' title='bbox 2440 1381 2503 1447; x_wconf 82' lang='grc' dir='ltr'><strong>τῇ</strong></span> <span class='ocrx_word' id='word_1_278' title='bbox 2543 1376 2700 1444; x_wconf 77' lang='grc' dir='ltr'><strong>φλογὶ</strong></span> <span class='ocrx_word' id='word_1_279' title='bbox 2760 1377 3036 1439; x_wconf 77' lang='grc' dir='ltr'><strong>πλούσιος.</strong></span> <span class='ocrx_word' id='word_1_280' title='bbox 3085 1372 3241 1438; x_wconf 80' lang='grc' dir='ltr'><strong>Τινὲς</strong></span> <span class='ocrx_word' id='word_1_281' title='bbox 3280 1376 3334 1428; x_wconf 75' lang='grc' dir='ltr'><strong>δὲ</strong></span> <span class='ocrx_word' id='word_1_282' title='bbox 3386 1374 3515 1427; x_wconf 76' lang='grc' dir='ltr'><strong>οὕτε</strong></span> <span class='ocrx_word' id='word_1_283' title='bbox 3563 1372 3836 1434; x_wconf 75' lang='grc' dir='ltr'><strong>ἐνταῦθα,</strong></span> 
     </span>
    </p>
   </div>
   <div class='ocr_carea' id='block_1_43' title="bbox 2240 1465 3837 1537">
    <p class='ocr_par' dir='ltr' id='par_1_43' title="bbox 2240 1465 3837 1537">
     <span class='ocr_line' id='line_1_43' title="bbox 2240 1465 3837 1537; baseline -0.003 -17"><span class='ocrx_word' id='word_1_284' title='bbox 2240 1467 2364 1521; x_wconf 71' lang='grc' dir='ltr'><strong>οὔτε</strong></span> <span class='ocrx_word' id='word_1_285' title='bbox 2418 1470 2552 1529; x_wconf 80' lang='grc' dir='ltr'><strong>ἐκεῖ,</strong></span> <span class='ocrx_word' id='word_1_286' title='bbox 2580 1470 2655 1531; x_wconf 84' lang='grc' dir='ltr'><strong>ὠς</strong></span> <span class='ocrx_word' id='word_1_287' title='bbox 2686 1470 2736 1521; x_wconf 82' lang='grc' dir='ltr'><strong>οἱ</strong></span> <span class='ocrx_word' id='word_1_288' title='bbox 2784 1467 3081 1521; x_wconf 68' lang='grc' dir='ltr'><strong>ἁπῦστολοι</strong></span> <span class='ocrx_word' id='word_1_289' title='bbox 3127 1469 3222 1521; x_wconf 75' lang='grc' dir='ltr'><strong>καὶ</strong></span> <span class='ocrx_word' id='word_1_290' title='bbox 3248 1469 3298 1520; x_wconf 83' lang='lat' dir='ltr'><strong>oi</strong></span> <span class='ocrx_word' id='word_1_291' title='bbox 3330 1468 3630 1537; x_wconf 78' lang='grc' dir='ltr'><strong>προφῆται,</strong></span> <span class='ocrx_word' id='word_1_292' title='bbox 3677 1466 3773 1518; x_wconf 75' lang='grc' dir='ltr'><strong>καὶ</strong></span> <span class='ocrx_word' id='word_1_293' title='bbox 3808 1465 3837 1516; x_wconf 82' lang='grc' dir='ltr'>ὁ</span> 
     </span>
    </p>
   </div>
   <div class='ocr_carea' id='block_1_44' title="bbox 2253 1557 3842 1631">
    <p class='ocr_par' dir='ltr' id='par_1_44' title="bbox 2253 1557 3842 1631">
     <span class='ocr_line' id='line_1_44' title="bbox 2253 1557 3842 1631; baseline -0.003 -18"><span class='ocrx_word' id='word_1_294' title='bbox 2253 1561 2410 1613; x_wconf 60' lang='lat'><strong>111:6-</strong></span> <span class='ocrx_word' id='word_1_295' title='bbox 2452 1559 2619 1631; x_wconf 72' lang='grc' dir='ltr'><strong>ἃγὰρ</strong></span> <span class='ocrx_word' id='word_1_296' title='bbox 2672 1561 2931 1630; x_wconf 72' lang='grc' dir='ltr'><strong>ἔπασχον,</strong></span> <span class='ocrx_word' id='word_1_297' title='bbox 2967 1560 3026 1612; x_wconf 72' lang='grc' dir='ltr'><strong>οὐ</strong></span> <span class='ocrx_word' id='word_1_298' title='bbox 3083 1560 3183 1629; x_wconf 81' lang='grc' dir='ltr'><strong>τῆς</strong></span> <span class='ocrx_word' id='word_1_299' title='bbox 3232 1562 3298 1613; x_wconf 85' lang='grc' dir='ltr'><strong>ὲκ</strong></span> <span class='ocrx_word' id='word_1_300' title='bbox 3352 1558 3487 1612; x_wconf 88' lang='grc' dir='ltr'><strong>Θεοῦ</strong></span> <span class='ocrx_word' id='word_1_301' title='bbox 3554 1557 3842 1619; x_wconf 77' lang='grc' dir='ltr'><strong>κολάσεως</strong></span> 
     </span>
    </p>
   </div>
   <div class='ocr_carea' id='block_1_45' title="bbox 2239 1646 3842 1723">
    <p class='ocr_par' dir='ltr' id='par_1_45' title="bbox 2239 1646 3842 1723">
     <span class='ocr_line' id='line_1_45' title="bbox 2239 1646 3842 1723; baseline -0.001 -20"><span class='ocrx_word' id='word_1_302' title='bbox 2239 1648 2403 1723; x_wconf 75' lang='grc' dir='ltr'><strong>ἦσαν,</strong></span> <span class='ocrx_word' id='word_1_303' title='bbox 2457 1652 2571 1707; x_wconf 76' lang='grc' dir='ltr'><strong>ἀλλ’</strong></span> <span class='ocrx_word' id='word_1_304' title='bbox 2637 1651 2866 1721; x_wconf 77' lang='grc' dir='ltr'><strong>ἀγώνων</strong></span> <span class='ocrx_word' id='word_1_305' title='bbox 2906 1652 3004 1705; x_wconf 76' lang='grc' dir='ltr'><strong>καὶ</strong></span> <span class='ocrx_word' id='word_1_306' title='bbox 3053 1652 3454 1722; x_wconf 76' lang='grc' dir='ltr'><strong>παλαισμάτων</strong></span> <span class='ocrx_word' id='word_1_307' title='bbox 3481 1667 3496 1681; x_wconf 77' lang='grc'><strong>⁸</strong></span> <span class='ocrx_word' id='word_1_308' title='bbox 3536 1653 3569 1721; x_wconf 80' lang='grc' dir='ltr'>ἡ</span> <span class='ocrx_word' id='word_1_309' title='bbox 3609 1652 3712 1720; x_wconf 80' lang='grc' dir='ltr'><strong>μὲν</strong></span> <span class='ocrx_word' id='word_1_310' title='bbox 3744 1646 3842 1703; x_wconf 70' lang='grc' dir='ltr'><strong>οὖν</strong></span> 
     </span>
    </p>
   </div>
   <div class='ocr_carea' id='block_1_46' title="bbox 2242 1741 3844 1813">
    <p class='ocr_par' dir='ltr' id='par_1_46' title="bbox 2242 1741 3844 1813">
     <span class='ocr_line' id='line_1_46' title="bbox 2242 1741 3844 1813; baseline -0.001 -17"><span class='ocrx_word' id='word_1_311' title='bbox 2242 1743 2466 1813; x_wconf 78' lang='grc' dir='ltr'><strong>ἀπειλὴ,</strong></span> <span class='ocrx_word' id='word_1_312' title='bbox 2499 1745 2641 1798; x_wconf 80' lang='grc' dir='ltr'><strong>κατὰ</strong></span> <span class='ocrx_word' id='word_1_313' title='bbox 2674 1744 2782 1796; x_wconf 84' lang='grc' dir='ltr'><strong>τῶν</strong></span> <span class='ocrx_word' id='word_1_314' title='bbox 2815 1744 3093 1813; x_wconf 74' lang='grc' dir='ltr'><strong>μενόντων</strong></span> <span class='ocrx_word' id='word_1_315' title='bbox 3147 1742 3605 1813; x_wconf 65' lang='grc' dir='ltr'><strong>ἁμεταμελῇτων.</strong></span> <span class='ocrx_word' id='word_1_316' title='bbox 3667 1741 3844 1810; x_wconf 82' lang='grc' dir='ltr'><strong>Δῆλον</strong></span> 
     </span>
    </p>
   </div>
   <div class='ocr_carea' id='block_1_47' title="bbox 2240 1832 3845 1904">
    <p class='ocr_par' dir='ltr' id='par_1_47' title="bbox 2240 1832 3845 1904">
     <span class='ocr_line' id='line_1_47' title="bbox 2240 1832 3845 1904; baseline -0.001 -17"><span class='ocrx_word' id='word_1_317' title='bbox 2240 1835 2318 1898; x_wconf 81' lang='grc' dir='ltr'><strong>δὲ,</strong></span> <span class='ocrx_word' id='word_1_318' title='bbox 2353 1834 2433 1886; x_wconf 70' lang='grc' dir='ltr'><strong>ὅτι</strong></span> <span class='ocrx_word' id='word_1_319' title='bbox 2470 1836 2583 1897; x_wconf 80' lang='grc' dir='ltr'><strong>τοῖς</strong></span> <span class='ocrx_word' id='word_1_320' title='bbox 2643 1832 2997 1903; x_wconf 73' lang='grc' dir='ltr'><strong>μετανοοῦσιν</strong></span> <span class='ocrx_word' id='word_1_321' title='bbox 3053 1833 3394 1904; x_wconf 78' lang='grc' dir='ltr'><strong>ἀφεθήσεται</strong></span> <span class='ocrx_word' id='word_1_322' title='bbox 3446 1836 3540 1886; x_wconf 79' lang='grc' dir='ltr'><strong>καὶ</strong></span> <span class='ocrx_word' id='word_1_323' title='bbox 3601 1832 3845 1885; x_wconf 73' lang='grc' dir='ltr'><strong>ἐνταῦθα</strong></span> 
     </span>
    </p>
   </div>
   <div class='ocr_carea' id='block_1_48' title="bbox 2241 1921 3845 1993">
    <p class='ocr_par' dir='ltr' id='par_1_48' title="bbox 2241 1921 3845 1993">
     <span class='ocr_line' id='line_1_48' title="bbox 2241 1921 3845 1993; baseline -0.002 -16"><span class='ocrx_word' id='word_1_324' title='bbox 2241 1926 2334 1977; x_wconf 80' lang='grc' dir='ltr'><strong>καὶ</strong></span> <span class='ocrx_word' id='word_1_325' title='bbox 2375 1925 2512 1979; x_wconf 76' lang='grc' dir='ltr'><strong>ἐκεῖ.</strong></span> <span class='ocrx_word' id='word_1_326' title='bbox 2549 1924 2740 1975; x_wconf 78' lang='grc' dir='ltr'><strong>Πολλοὶ</strong></span> <span class='ocrx_word' id='word_1_327' title='bbox 2798 1926 2907 1993; x_wconf 75' lang='grc' dir='ltr'><strong>γὰρ</strong></span> <span class='ocrx_word' id='word_1_328' title='bbox 2960 1923 3070 1976; x_wconf 88' lang='grc' dir='ltr'><strong>τῶν</strong></span> <span class='ocrx_word' id='word_1_329' title='bbox 3109 1922 3256 1976; x_wconf 76' lang='grc' dir='ltr'><strong>οὕτω</strong></span> <span class='ocrx_word' id='word_1_330' title='bbox 3303 1923 3615 1992; x_wconf 83' lang='grc' dir='ltr'><strong>τηνικαῦτα</strong></span> <span class='ocrx_word' id='word_1_331' title='bbox 3654 1921 3845 1992; x_wconf 78' lang='grc' dir='ltr'><strong>πλημ-</strong></span> 
     </span>
    </p>
   </div>
   <div class='ocr_carea' id='block_1_49' title="bbox 2244 2014 3848 2086">
    <p class='ocr_par' dir='ltr' id='par_1_49' title="bbox 2244 2014 3848 2086">
     <span class='ocr_line' id='line_1_49' title="bbox 2244 2014 3848 2086; baseline 0 -19"><span class='ocrx_word' id='word_1_332' title='bbox 2244 2015 2623 2086; x_wconf 66' lang='grc' dir='ltr'><strong>μελησάντων,</strong></span> <span class='ocrx_word' id='word_1_333' title='bbox 2654 2016 3048 2078; x_wconf 72' lang='grc' dir='ltr'><strong>πιστεύσαντες</strong></span> <span class='ocrx_word' id='word_1_334' title='bbox 3088 2014 3339 2084; x_wconf 74' lang='grc' dir='ltr'><strong>ὕστερον,</strong></span> <span class='ocrx_word' id='word_1_335' title='bbox 3376 2016 3554 2069; x_wconf 83' lang='grc' dir='ltr'><strong>πάντα</strong></span> <span class='ocrx_word' id='word_1_336' title='bbox 3602 2031 3848 2085; x_wconf 79' lang='grc' dir='ltr'><strong>συνεχωο</strong></span> 
     </span>
    </p>
   </div>
   <div class='ocr_carea' id='block_1_50' title="bbox 2245 2106 2509 2175">
    <p class='ocr_par' dir='ltr' id='par_1_50' title="bbox 2245 2106 2509 2175">
     <span class='ocr_line' id='line_1_50' title="bbox 2245 2106 2509 2175; baseline 0.008 -18"><span class='ocrx_word' id='word_1_337' title='bbox 2245 2106 2509 2175; x_wconf 80' lang='grc' dir='ltr'><strong>ρήοησαν.</strong></span> 
     </span>
    </p>
   </div>
   <div class='ocr_carea' id='block_1_51' title="bbox 2319 2198 3848 2268">
    <p class='ocr_par' dir='ltr' id='par_1_51' title="bbox 2319 2198 3848 2268">
     <span class='ocr_line' id='line_1_51' title="bbox 2319 2198 3848 2268; baseline 0.001 -16"><span class='ocrx_word' id='word_1_338' title='bbox 2319 2198 2897 2267; x_wconf 80' lang='grc' dir='ltr'><strong>“Η-γινὼσκεται.</strong></span> <span class='ocrx_word' id='word_1_339' title='bbox 2944 2199 3243 2268; x_wconf 74' lang='grc' dir='ltr'><strong>Ποιήσατε,</strong></span> <span class='ocrx_word' id='word_1_340' title='bbox 3296 2198 3418 2252; x_wconf 78' lang='grc' dir='ltr'><strong>ἀντὶ</strong></span> <span class='ocrx_word' id='word_1_341' title='bbox 3461 2199 3582 2264; x_wconf 87' lang='grc' dir='ltr'><strong>τοῦ,</strong></span> <span class='ocrx_word' id='word_1_342' title='bbox 3624 2200 3848 2253; x_wconf 82' lang='grc' dir='ltr'><strong>εῐπατε.</strong></span> 
     </span>
    </p>
   </div>
   <div class='ocr_carea' id='block_1_52' title="bbox 2244 2291 3850 2364">
    <p class='ocr_par' dir='ltr' id='par_1_52' title="bbox 2244 2291 3850 2364">
     <span class='ocr_line' id='line_1_52' title="bbox 2244 2291 3850 2364; baseline 0.001 -18"><span class='ocrx_word' id='word_1_343' title='bbox 2244 2293 2621 2362; x_wconf 75' lang='grc' dir='ltr'><strong>Καταισχύνει</strong></span> <span class='ocrx_word' id='word_1_344' title='bbox 2678 2291 2734 2345; x_wconf 79' lang='grc' dir='ltr'><strong>δὲ</strong></span> <span class='ocrx_word' id='word_1_345' title='bbox 2781 2294 2946 2345; x_wconf 81' lang='grc' dir='ltr'><strong>πάλιν</strong></span> <span class='ocrx_word' id='word_1_346' title='bbox 3004 2294 3207 2364; x_wconf 81' lang='grc' dir='ltr'><strong>ἑτέρως</strong></span> <span class='ocrx_word' id='word_1_347' title='bbox 3265 2292 3489 2356; x_wconf 78' lang='grc' dir='ltr'><strong>αὐτοὺς,</strong></span> <span class='ocrx_word' id='word_1_348' title='bbox 3523 2293 3600 2357; x_wconf 85' lang='grc' dir='ltr'><strong>ὡς</strong></span> <span class='ocrx_word' id='word_1_349' title='bbox 3639 2293 3850 2348; x_wconf 80' lang='grc' dir='ltr'><strong>ἀνακό-</strong></span> 
     </span>
    </p>
   </div>
   <div class='ocr_carea' id='block_1_53' title="bbox 2242 2384 3848 2456">
    <p class='ocr_par' dir='ltr' id='par_1_53' title="bbox 2242 2384 3848 2456">
     <span class='ocr_line' id='line_1_53' title="bbox 2242 2384 3848 2456; baseline 0.002 -21"><span class='ocrx_word' id='word_1_350' title='bbox 2242 2385 2409 2438; x_wconf 78' lang='grc' dir='ltr'><strong>λουθα</strong></span> <span class='ocrx_word' id='word_1_351' title='bbox 2447 2386 2538 2437; x_wconf 76' lang='grc' dir='ltr'><strong>καὶ</strong></span> <span class='ocrx_word' id='word_1_352' title='bbox 2597 2384 2749 2456; x_wconf 74' lang='grc' dir='ltr'><strong>παρὰ</strong></span> <span class='ocrx_word' id='word_1_353' title='bbox 2796 2386 2962 2453; x_wconf 78' lang='grc' dir='ltr'><strong>φύσιν</strong></span> <span class='ocrx_word' id='word_1_354' title='bbox 3013 2384 3485 2455; x_wconf 84' lang='grc' dir='ltr'><strong>κατηγοροῦντας.</strong></span> <span class='ocrx_word' id='word_1_355' title='bbox 3535 2386 3697 2439; x_wconf 72' lang='grc' dir='ltr'><strong>Ἐπεὶ</strong></span> <span class='ocrx_word' id='word_1_356' title='bbox 3731 2386 3848 2454; x_wconf 79' lang='grc' dir='ltr'><strong>γὰρ</strong></span> 
     </span>
    </p>
   </div>
   <div class='ocr_carea' id='block_1_54' title="bbox 2243 2474 3848 2546">
    <p class='ocr_par' dir='ltr' id='par_1_54' title="bbox 2243 2474 3848 2546">
     <span class='ocr_line' id='line_1_54' title="bbox 2243 2474 3848 2546; baseline -0.001 -17"><span class='ocrx_word' id='word_1_357' title='bbox 2243 2477 2305 2529; x_wconf 77' lang='grc' dir='ltr'><strong>τὸ</strong></span> <span class='ocrx_word' id='word_1_358' title='bbox 2334 2477 2434 2546; x_wconf 73' lang='grc' dir='ltr'><strong>μὲν</strong></span> <span class='ocrx_word' id='word_1_359' title='bbox 2461 2476 2866 2529; x_wconf 73' lang='grc' dir='ltr'><strong>ἀπελαύνεσθαι</strong></span> <span class='ocrx_word' id='word_1_360' title='bbox 2906 2475 3034 2539; x_wconf 72' lang='grc' dir='ltr'><strong>τοὺς</strong></span> <span class='ocrx_word' id='word_1_361' title='bbox 3085 2474 3374 2545; x_wconf 83' lang='grc' dir='ltr'><strong>δαίμονας,</strong></span> <span class='ocrx_word' id='word_1_362' title='bbox 3416 2477 3519 2529; x_wconf 81' lang='grc' dir='ltr'><strong>οὐκ</strong></span> <span class='ocrx_word' id='word_1_363' title='bbox 3562 2477 3848 2542; x_wconf 73' lang='grc' dir='ltr'><strong>ἐκάκιζον,</strong></span> 
     </span>
    </p>
   </div>
   <div class='ocr_carea' id='block_1_55' title="bbox 2244 2569 3844 2641">
    <p class='ocr_par' dir='ltr' id='par_1_55' title="bbox 2244 2569 3844 2641">
     <span class='ocr_line' id='line_1_55' title="bbox 2244 2569 3844 2641; baseline -0.001 -17"><span class='ocrx_word' id='word_1_364' title='bbox 2244 2574 2293 2624; x_wconf 84' lang='grc' dir='ltr'><strong>εἰ</strong></span> <span class='ocrx_word' id='word_1_365' title='bbox 2330 2574 2424 2625; x_wconf 74' lang='grc' dir='ltr'><strong>καὶ</strong></span> <span class='ocrx_word' id='word_1_366' title='bbox 2459 2571 2666 2641; x_wconf 82' lang='grc' dir='ltr'><strong>σφόδρα</strong></span> <span class='ocrx_word' id='word_1_367' title='bbox 2732 2570 3131 2640; x_wconf 78' lang='grc' dir='ltr'><strong>ὴναισχύντουν</strong></span> <span class='ocrx_word' id='word_1_368' title='bbox 3156 2587 3170 2602; x_wconf 89' lang='grc'><strong>·</strong></span> <span class='ocrx_word' id='word_1_369' title='bbox 3211 2570 3301 2623; x_wconf 76' lang='grc' dir='ltr'><strong>τὸν</strong></span> <span class='ocrx_word' id='word_1_370' title='bbox 3344 2569 3402 2623; x_wconf 76' lang='grc' dir='ltr'><strong>δὲ</strong></span> <span class='ocrx_word' id='word_1_371' title='bbox 3456 2570 3844 2623; x_wconf 72' lang='grc' dir='ltr'><strong>ἀπελαύνοντα</strong></span> 
     </span>
    </p>
   </div>
   <div class='ocr_carea' id='block_1_56' title="bbox 2244 2660 3843 2732">
    <p class='ocr_par' dir='ltr' id='par_1_56' title="bbox 2244 2660 3843 2732">
     <span class='ocr_line' id='line_1_56' title="bbox 2244 2660 3843 2732; baseline -0.003 -16"><span class='ocrx_word' id='word_1_372' title='bbox 2244 2664 2469 2724; x_wconf 78' lang='grc' dir='ltr'><strong>τούτους</strong></span> <span class='ocrx_word' id='word_1_373' title='bbox 2491 2662 2790 2725; x_wconf 76' lang='grc' dir='ltr'><strong>διέϐαλλον,</strong></span> <span class='ocrx_word' id='word_1_374' title='bbox 2814 2660 3346 2732; x_wconf 79' lang='grc' dir='ltr'><strong>παραδειγματικῶς</strong></span> <span class='ocrx_word' id='word_1_375' title='bbox 3367 2661 3570 2723; x_wconf 71' lang='grc' dir='ltr'><strong>αὐτοὺς</strong></span> <span class='ocrx_word' id='word_1_376' title='bbox 3595 2661 3843 2731; x_wconf 76' lang='grc' dir='ltr'><strong>ἐλέγχει,</strong></span> 
     </span>
    </p>
   </div>
   <div class='ocr_carea' id='block_1_57' title="bbox 2244 2754 3846 2828">
    <p class='ocr_par' dir='ltr' id='par_1_57' title="bbox 2244 2754 3846 2828">
     <span class='ocr_line' id='line_1_57' title="bbox 2244 2754 3846 2828; baseline -0.002 -17"><span class='ocrx_word' id='word_1_377' title='bbox 2244 2759 2306 2811; x_wconf 77' lang='grc' dir='ltr'><strong>τὸ</strong></span> <span class='ocrx_word' id='word_1_378' title='bbox 2336 2758 2436 2826; x_wconf 68' lang='grc' dir='ltr'><strong>μὲν</strong></span> <span class='ocrx_word' id='word_1_379' title='bbox 2468 2756 2630 2828; x_wconf 69' lang='grc' dir='ltr'><strong>ἔργον</strong></span> <span class='ocrx_word' id='word_1_380' title='bbox 2674 2756 2785 2827; x_wconf 80' lang='lat'><strong>(88)</strong></span> <span class='ocrx_word' id='word_1_381' title='bbox 2845 2755 3009 2808; x_wconf 80' lang='grc' dir='ltr'><strong>καλὸν</strong></span> <span class='ocrx_word' id='word_1_382' title='bbox 3052 2755 3364 2826; x_wconf 79' lang='grc' dir='ltr'><strong>κρίνοντας,</strong></span> <span class='ocrx_word' id='word_1_383' title='bbox 3389 2754 3480 2807; x_wconf 84' lang='grc' dir='ltr'><strong>τὸν</strong></span> <span class='ocrx_word' id='word_1_384' title='bbox 3513 2754 3569 2806; x_wconf 76' lang='grc' dir='ltr'><strong>δὲ</strong></span> <span class='ocrx_word' id='word_1_385' title='bbox 3602 2756 3846 2825; x_wconf 73' lang='grc' dir='ltr'><strong>ἐργαζόο</strong></span> 
     </span>
    </p>
   </div>
   <div class='ocr_carea' id='block_1_58' title="bbox 2248 2844 3850 2918">
    <p class='ocr_par' dir='ltr' id='par_1_58' title="bbox 2248 2844 3850 2918">
     <span class='ocr_line' id='line_1_58' title="bbox 2248 2844 3850 2918; baseline -0.001 -19"><span class='ocrx_word' id='word_1_386' title='bbox 2248 2865 2431 2917; x_wconf 85' lang='grc' dir='ltr'><strong>μενον,</strong></span> <span class='ocrx_word' id='word_1_387' title='bbox 2466 2847 2657 2911; x_wconf 60' lang='grc' dir='ltr'><strong>κακδν,</strong></span> <span class='ocrx_word' id='word_1_388' title='bbox 2694 2847 2831 2918; x_wconf 83' lang='grc' dir='ltr'><strong>ὅπερ</strong></span> <span class='ocrx_word' id='word_1_389' title='bbox 2909 2846 3062 2900; x_wconf 76' lang='grc' dir='ltr'><strong>ἐστὶν</strong></span> <span class='ocrx_word' id='word_1_390' title='bbox 3119 2844 3497 2915; x_wconf 73' lang='grc' dir='ltr'><strong>ἐναντιότητος</strong></span> <span class='ocrx_word' id='word_1_391' title='bbox 3554 2848 3647 2899; x_wconf 73' lang='grc' dir='ltr'><strong>καὶ</strong></span> <span class='ocrx_word' id='word_1_392' title='bbox 3690 2847 3850 2899; x_wconf 65' lang='lat' dir='ltr'><strong>om-</strong></span> 
     </span>
    </p>
   </div>
   <div class='ocr_carea' id='block_1_59' title="bbox 2247 2938 2525 3010">
    <p class='ocr_par' dir='ltr' id='par_1_59' title="bbox 2247 2938 2525 3010">
     <span class='ocr_line' id='line_1_59' title="bbox 2247 2938 2525 3010; baseline 0.007 -17"><span class='ocrx_word' id='word_1_393' title='bbox 2247 2938 2525 3010; x_wconf 82' lang='grc' dir='ltr'><strong>σχυντίας.</strong></span> 
     </span>
    </p>
   </div>
   <div class='ocr_carea' id='block_1_60' title="bbox 618 3124 2139 3200">
    <p class='ocr_par' dir='ltr' id='par_1_60' title="bbox 618 3127 2139 3200">
     <span class='ocr_line' id='line_1_60' title="bbox 618 3127 2139 3200; baseline 0 -17"><span class='ocrx_word' id='word_1_394' title='bbox 618 3130 686 3183; x_wconf 81' lang='lat' dir='ltr'><strong>Et</strong></span> <span class='ocrx_word' id='word_1_395' title='bbox 707 3130 958 3183; x_wconf 81' lang='lat' dir='ltr'><strong>arborem</strong></span> <span class='ocrx_word' id='word_1_396' title='bbox 992 3144 1123 3183; x_wconf 85' lang='lat' dir='ltr'><strong>sane</strong></span> <span class='ocrx_word' id='word_1_397' title='bbox 1146 3130 1381 3200; x_wconf 84' lang='lat' dir='ltr'><strong>appellat</strong></span> <span class='ocrx_word' id='word_1_398' title='bbox 1413 3130 1655 3198; x_wconf 85' lang='lat' dir='ltr'><strong>seipsum</strong></span> <span class='ocrx_word' id='word_1_399' title='bbox 1684 3147 1696 3183; x_wconf 87' lang='lat'><strong>:</strong></span> <span class='ocrx_word' id='word_1_400' title='bbox 1726 3127 1963 3182; x_wconf 78' lang='lat' dir='ltr'><strong>fructum</strong></span> <span class='ocrx_word' id='word_1_401' title='bbox 1990 3145 2139 3192; x_wconf 73' lang='lat' dir='ltr'><strong>vero,</strong></span> 
     </span>
    </p>
   </div>
   <div class='ocr_carea' id='block_1_61' title="bbox 2245 3124 3851 3200">
    <p class='ocr_par' dir='ltr' id='par_1_61' title="bbox 2323 3124 3851 3198">
     <span class='ocr_line' id='line_1_61' title="bbox 2323 3124 3851 3198; baseline 0 -19"><span class='ocrx_word' id='word_1_402' title='bbox 2323 3126 2431 3179; x_wconf 71' lang='grc' dir='ltr'><strong>Καὶ</strong></span> <span class='ocrx_word' id='word_1_403' title='bbox 2459 3124 2675 3196; x_wconf 66' lang='grc' dir='ltr'><strong>δένδρον</strong></span> <span class='ocrx_word' id='word_1_404' title='bbox 2702 3126 2825 3195; x_wconf 79' lang='grc' dir='ltr'><strong>μὲν,</strong></span> <span class='ocrx_word' id='word_1_405' title='bbox 2864 3126 3061 3179; x_wconf 76' lang='grc' dir='ltr'><strong>ἑαυτὸν</strong></span> <span class='ocrx_word' id='word_1_406' title='bbox 3086 3125 3199 3198; x_wconf 88' lang='lat'><strong>(89)</strong></span> <span class='ocrx_word' id='word_1_407' title='bbox 3252 3124 3580 3195; x_wconf 80' lang='grc' dir='ltr'><strong>ὑποφαίνει·</strong></span> <span class='ocrx_word' id='word_1_408' title='bbox 3629 3126 3851 3197; x_wconf 79' lang='grc' dir='ltr'><strong>καρπὸν</strong></span> 
     </span>
    </p>
   </div>
   <div class='ocr_carea' id='block_1_62' title="bbox 549 3220 2140 3290">
    <p class='ocr_par' dir='ltr' id='par_1_62' title="bbox 549 3220 2140 3290">
     <span class='ocr_line' id='line_1_62' title="bbox 549 3220 2140 3290; baseline -0.001 -15"><span class='ocrx_word' id='word_1_409' title='bbox 549 3236 691 3290; x_wconf 91' lang='lat' dir='ltr'><strong>opus</strong></span> <span class='ocrx_word' id='word_1_410' title='bbox 771 3235 955 3275; x_wconf 87' lang='lat' dir='ltr'><strong>suum.</strong></span> <span class='ocrx_word' id='word_1_411' title='bbox 1010 3222 1099 3273; x_wconf 82' lang='lat' dir='ltr'><strong>Ait</strong></span> <span class='ocrx_word' id='word_1_412' title='bbox 1160 3236 1335 3289; x_wconf 73' lang='lat' dir='ltr'><strong>ergo:</strong></span> <span class='ocrx_word' id='word_1_413' title='bbox 1394 3222 1503 3272; x_wconf 77' lang='lat' dir='ltr'><strong>Aut</strong></span> <span class='ocrx_word' id='word_1_414' title='bbox 1571 3220 1735 3274; x_wconf 84' lang='lat' dir='ltr'><strong>dicite</strong></span> <span class='ocrx_word' id='word_1_415' title='bbox 1796 3228 2140 3289; x_wconf 86' lang='lat' dir='ltr'><strong>operatorem</strong></span> 
     </span>
    </p>
   </div>
   <div class='ocr_carea' id='block_1_63' title="bbox 543 3311 2139 3382">
    <p class='ocr_par' dir='ltr' id='par_1_63' title="bbox 543 3311 2139 3382">
     <span class='ocr_line' id='line_1_63' title="bbox 543 3311 2139 3382; baseline -0.001 -15"><span class='ocrx_word' id='word_1_416' title='bbox 543 3313 773 3373; x_wconf 87' lang='lat' dir='ltr'><strong>bonum,</strong></span> <span class='ocrx_word' id='word_1_417' title='bbox 828 3322 884 3367; x_wconf 89' lang='lat' dir='ltr'><strong>et</strong></span> <span class='ocrx_word' id='word_1_418' title='bbox 943 3328 1081 3381; x_wconf 80' lang='lat' dir='ltr'><strong>Opus</strong></span> <span class='ocrx_word' id='word_1_419' title='bbox 1143 3313 1264 3380; x_wconf 86' lang='lat' dir='ltr'><strong>ejus</strong></span> <span class='ocrx_word' id='word_1_420' title='bbox 1330 3311 1583 3365; x_wconf 84' lang='lat' dir='ltr'><strong>bonum:</strong></span> <span class='ocrx_word' id='word_1_421' title='bbox 1647 3321 1743 3366; x_wconf 88' lang='lat' dir='ltr'><strong>aut</strong></span> <span class='ocrx_word' id='word_1_422' title='bbox 1794 3322 2139 3382; x_wconf 76' lang='lat' dir='ltr'><strong>operatorem</strong></span> 
     </span>
    </p>
   </div>
   <div class='ocr_carea' id='block_1_64' title="bbox 545 3402 2137 3473">
    <p class='ocr_par' dir='ltr' id='par_1_64' title="bbox 545 3402 2137 3473">
     <span class='ocr_line' id='line_1_64' title="bbox 545 3402 2137 3473; baseline -0.001 -15"><span class='ocrx_word' id='word_1_423' title='bbox 545 3404 771 3465; x_wconf 63' lang='lat' dir='ltr'><strong>n‘ialum.</strong></span> <span class='ocrx_word' id='word_1_424' title='bbox 814 3412 871 3457; x_wconf 87' lang='lat' dir='ltr'><strong>et</strong></span> <span class='ocrx_word' id='word_1_425' title='bbox 909 3419 1047 3473; x_wconf 89' lang='lat' dir='ltr'><strong>opus</strong></span> <span class='ocrx_word' id='word_1_426' title='bbox 1085 3404 1205 3472; x_wconf 84' lang='lat' dir='ltr'><strong>ejus</strong></span> <span class='ocrx_word' id='word_1_427' title='bbox 1264 3404 1493 3457; x_wconf 80' lang='lat' dir='ltr'><strong>malum.</strong></span> <span class='ocrx_word' id='word_1_428' title='bbox 1575 3402 1710 3458; x_wconf 68' lang='lat' dir='ltr'><strong>Nam</strong></span> <span class='ocrx_word' id='word_1_429' title='bbox 1748 3404 1794 3458; x_wconf 82' lang='lat' dir='ltr'><strong>si</strong></span> <span class='ocrx_word' id='word_1_430' title='bbox 1841 3419 1981 3473; x_wconf 79' lang='lat' dir='ltr'><strong>opus</strong></span> <span class='ocrx_word' id='word_1_431' title='bbox 2040 3405 2137 3458; x_wconf 89' lang='lat' dir='ltr'><strong>bo-</strong></span> 
     </span>
    </p>
   </div>
   <div class='ocr_carea' id='block_1_65' title="bbox 546 3496 2145 3565">
    <p class='ocr_par' dir='ltr' id='par_1_65' title="bbox 546 3496 2145 3565">
     <span class='ocr_line' id='line_1_65' title="bbox 546 3496 2145 3565; baseline 0.001 -15"><span class='ocrx_word' id='word_1_432' title='bbox 546 3512 679 3551; x_wconf 89' lang='lat' dir='ltr'><strong>num</strong></span> <span class='ocrx_word' id='word_1_433' title='bbox 731 3505 833 3558; x_wconf 89' lang='lat' dir='ltr'><strong>est,</strong></span> <span class='ocrx_word' id='word_1_434' title='bbox 885 3505 1141 3564; x_wconf 72' lang='lat' dir='ltr'><strong>Oper-ator</strong></span> <span class='ocrx_word' id='word_1_435' title='bbox 1203 3512 1424 3565; x_wconf 87' lang='lat' dir='ltr'><strong>quoque</strong></span> <span class='ocrx_word' id='word_1_436' title='bbox 1464 3496 1584 3564; x_wconf 82' lang='lat' dir='ltr'><strong>ejus</strong></span> <span class='ocrx_word' id='word_1_437' title='bbox 1634 3497 1812 3549; x_wconf 89' lang='lat' dir='ltr'><strong>bonus</strong></span> <span class='ocrx_word' id='word_1_438' title='bbox 1871 3497 1998 3551; x_wconf 89' lang='lat' dir='ltr'><strong>erit.</strong></span> <span class='ocrx_word' id='word_1_439' title='bbox 2066 3496 2145 3551; x_wconf 78' lang='lat' dir='ltr'><strong>Ex</strong></span> 
     </span>
    </p>
   </div>
   <div class='ocr_carea' id='block_1_66' title="bbox 547 3586 2141 3656">
    <p class='ocr_par' dir='ltr' id='par_1_66' title="bbox 547 3586 2141 3656">
     <span class='ocr_line' id='line_1_66' title="bbox 547 3586 2141 3656; baseline -0.001 -17"><span class='ocrx_word' id='word_1_440' title='bbox 547 3601 714 3655; x_wconf 83' lang='lat' dir='ltr'><strong>opere</strong></span> <span class='ocrx_word' id='word_1_441' title='bbox 788 3586 1061 3654; x_wconf 78' lang='lat' dir='ltr'><strong>siquidem</strong></span> <span class='ocrx_word' id='word_1_442' title='bbox 1118 3589 1475 3656; x_wconf 74' lang='lat' dir='ltr'><strong>cognoscitur</strong></span> <span class='ocrx_word' id='word_1_443' title='bbox 1555 3597 1858 3655; x_wconf 83' lang='lat' dir='ltr'><strong>operator:</strong></span> <span class='ocrx_word' id='word_1_444' title='bbox 1920 3588 1965 3639; x_wconf 82' lang='lat' dir='ltr'><strong>si</strong></span> <span class='ocrx_word' id='word_1_445' title='bbox 2014 3586 2141 3640; x_wconf 90' lang='lat' dir='ltr'><strong>boni</strong></span> 
     </span>
    </p>
   </div>
   <div class='ocr_carea' id='block_1_67' title="bbox 547 3677 2140 3747">
    <p class='ocr_par' dir='ltr' id='par_1_67' title="bbox 547 3677 2140 3747">
     <span class='ocr_line' id='line_1_67' title="bbox 547 3677 2140 3747; baseline -0.001 -15"><span class='ocrx_word' id='word_1_446' title='bbox 547 3679 751 3746; x_wconf 81' lang='lat' dir='ltr'><strong>operis,</strong></span> <span class='ocrx_word' id='word_1_447' title='bbox 799 3679 1027 3742; x_wconf 87' lang='lat' dir='ltr'><strong>bonus;</strong></span> <span class='ocrx_word' id='word_1_448' title='bbox 1090 3677 1135 3733; x_wconf 91' lang='lat' dir='ltr'><strong>si</strong></span> <span class='ocrx_word' id='word_1_449' title='bbox 1176 3678 1350 3747; x_wconf 79' lang='lat' dir='ltr'><strong>pravi,</strong></span> <span class='ocrx_word' id='word_1_450' title='bbox 1427 3693 1648 3747; x_wconf 73' lang='lat' dir='ltr'><strong>pravus.</strong></span> <span class='ocrx_word' id='word_1_451' title='bbox 1726 3678 1935 3743; x_wconf 86' lang='lat' dir='ltr'><strong>Quinto</strong></span> <span class='ocrx_word' id='word_1_452' title='bbox 1990 3680 2140 3732; x_wconf 88' lang='lat' dir='ltr'><strong>enim</strong></span> 
     </span>
    </p>
   </div>
   <div class='ocr_carea' id='block_1_68' title="bbox 548 3770 2143 3839">
    <p class='ocr_par' dir='ltr' id='par_1_68' title="bbox 548 3770 2143 3839">
     <span class='ocr_line' id='line_1_68' title="bbox 548 3770 2143 3839; baseline -0.001 -14"><span class='ocrx_word' id='word_1_453' title='bbox 548 3771 727 3839; x_wconf 87' lang='lat' dir='ltr'><strong>capite</strong></span> <span class='ocrx_word' id='word_1_454' title='bbox 752 3770 941 3824; x_wconf 86' lang='lat' dir='ltr'><strong>docuit</strong></span> <span class='ocrx_word' id='word_1_455' title='bbox 962 3771 1028 3835; x_wconf 84' lang='lat'><strong>&quot;,</strong></span> <span class='ocrx_word' id='word_1_456' title='bbox 1065 3770 1210 3839; x_wconf 89' lang='lat' dir='ltr'><strong>quod</strong></span> <span class='ocrx_word' id='word_1_457' title='bbox 1248 3785 1363 3825; x_wconf 87' lang='lat' dir='ltr'><strong>non</strong></span> <span class='ocrx_word' id='word_1_458' title='bbox 1396 3777 1575 3838; x_wconf 86' lang='lat' dir='ltr'><strong>potest</strong></span> <span class='ocrx_word' id='word_1_459' title='bbox 1628 3770 1793 3824; x_wconf 82' lang='lat' dir='ltr'><strong>arbor</strong></span> <span class='ocrx_word' id='word_1_460' title='bbox 1855 3776 1992 3824; x_wconf 79' lang='lat' dir='ltr'><strong>bona</strong></span> <span class='ocrx_word' id='word_1_461' title='bbox 2030 3770 2143 3824; x_wconf 79' lang='lat' dir='ltr'><strong>fru-</strong></span> 
     </span>
    </p>
   </div>
   <div class='ocr_carea' id='block_1_69' title="bbox 551 3861 2141 3932">
    <p class='ocr_par' dir='ltr' id='par_1_69' title="bbox 551 3861 2141 3932">
     <span class='ocr_line' id='line_1_69' title="bbox 551 3861 2141 3932; baseline 0.001 -17"><span class='ocrx_word' id='word_1_462' title='bbox 551 3872 677 3917; x_wconf 82' lang='lat' dir='ltr'><strong>ctus</strong></span> <span class='ocrx_word' id='word_1_463' title='bbox 707 3862 879 3916; x_wconf 78' lang='lat' dir='ltr'><strong>Inalos</strong></span> <span class='ocrx_word' id='word_1_464' title='bbox 911 3863 1111 3928; x_wconf 76' lang='lat' dir='ltr'><strong>facere,</strong></span> <span class='ocrx_word' id='word_1_465' title='bbox 1148 3870 1206 3915; x_wconf 94' lang='lat' dir='ltr'><strong>ut</strong></span> <span class='ocrx_word' id='word_1_466' title='bbox 1256 3876 1431 3932; x_wconf 85' lang='lat' dir='ltr'><strong>neque</strong></span> <span class='ocrx_word' id='word_1_467' title='bbox 1475 3861 1639 3915; x_wconf 69' lang='lat' dir='ltr'><strong>arbor</strong></span> <span class='ocrx_word' id='word_1_468' title='bbox 1682 3861 1878 3915; x_wconf 73' lang='lat' dir='ltr'><strong>vitiosa</strong></span> <span class='ocrx_word' id='word_1_469' title='bbox 1926 3862 2141 3916; x_wconf 80' lang='lat' dir='ltr'><strong>fructus</strong></span> 
     </span>
    </p>
   </div>
   <div class='ocr_carea' id='block_1_70' title="bbox 550 3952 969 4008">
    <p class='ocr_par' dir='ltr' id='par_1_70' title="bbox 550 3952 969 4008">
     <span class='ocr_line' id='line_1_70' title="bbox 550 3952 969 4008; baseline 0 -1"><span class='ocrx_word' id='word_1_470' title='bbox 550 3955 727 4008; x_wconf 77' lang='lat' dir='ltr'><strong>Lonos</strong></span> <span class='ocrx_word' id='word_1_471' title='bbox 762 3952 969 4007; x_wconf 85' lang='lat' dir='ltr'><strong>facere.</strong></span> 
     </span>
    </p>
   </div>
   <div class='ocr_carea' id='block_1_71' title="bbox 626 4043 2141 4115">
    <p class='ocr_par' dir='ltr' id='par_1_71' title="bbox 626 4043 2141 4115">
     <span class='ocr_line' id='line_1_71' title="bbox 626 4043 2141 4115; baseline -0.001 -17"><span class='ocrx_word' id='word_1_472' title='bbox 626 4044 781 4100; x_wconf 84' lang='lat' dir='ltr'><strong>Vers.</strong></span> <span class='ocrx_word' id='word_1_473' title='bbox 816 4044 908 4100; x_wconf 70' lang='grc'><strong>34.</strong></span> <span class='ocrx_word' id='word_1_474' title='bbox 940 4043 1230 4115; x_wconf 67' lang='lat' dir='ltr'><strong>Progenies</strong></span> <span class='ocrx_word' id='word_1_475' title='bbox 1263 4074 1334 4083; x_wconf 85' lang='lat'><strong>—-</strong></span> <span class='ocrx_word' id='word_1_476' title='bbox 1363 4043 1495 4098; x_wconf 78' lang='lat' dir='ltr'><strong>mali</strong></span> <span class='ocrx_word' id='word_1_477' title='bbox 1527 4046 1552 4098; x_wconf 81' lang='lat'><strong><em>?</em></strong></span> <span class='ocrx_word' id='word_1_478' title='bbox 1588 4043 1708 4098; x_wconf 78' lang='lat' dir='ltr'><strong>Non</strong></span> <span class='ocrx_word' id='word_1_479' title='bbox 1757 4044 1954 4098; x_wconf 80' lang='lat' dir='ltr'><strong>mirum</strong></span> <span class='ocrx_word' id='word_1_480' title='bbox 1989 4054 2071 4099; x_wconf 86' lang='lat' dir='ltr'><strong>est</strong></span> <span class='ocrx_word' id='word_1_481' title='bbox 2098 4044 2141 4098; x_wconf 92' lang='lat' dir='ltr'><strong>si</strong></span> 
     </span>
    </p>
   </div>
   <div class='ocr_carea' id='block_1_72' title="bbox 550 4139 2142 4211">
    <p class='ocr_par' dir='ltr' id='par_1_72' title="bbox 550 4139 2142 4211">
     <span class='ocr_line' id='line_1_72' title="bbox 550 4139 2142 4211; baseline -0.003 -15"><span class='ocrx_word' id='word_1_482' title='bbox 550 4139 866 4211; x_wconf 83' lang='lat' dir='ltr'><strong>hujusmodi</strong></span> <span class='ocrx_word' id='word_1_483' title='bbox 951 4139 1189 4196; x_wconf 83' lang='lat' dir='ltr'><strong>convitia</strong></span> <span class='ocrx_word' id='word_1_484' title='bbox 1275 4140 1526 4208; x_wconf 68' lang='lat' dir='ltr'><strong>jactatio.</strong></span> <span class='ocrx_word' id='word_1_485' title='bbox 1593 4139 1728 4194; x_wconf 85' lang='lat' dir='ltr'><strong>Nam</strong></span> <span class='ocrx_word' id='word_1_486' title='bbox 1796 4154 1921 4193; x_wconf 88' lang='lat' dir='ltr'><strong>eum</strong></span> <span class='ocrx_word' id='word_1_487' title='bbox 2013 4139 2142 4194; x_wconf 88' lang='lat' dir='ltr'><strong>mali</strong></span> 
     </span>
    </p>
   </div>
   <div class='ocr_carea' id='block_1_73' title="bbox 550 4230 2141 4302">
    <p class='ocr_par' dir='ltr' id='par_1_73' title="bbox 550 4230 2141 4302">
     <span class='ocr_line' id='line_1_73' title="bbox 550 4230 2141 4302; baseline -0.002 -16"><span class='ocrx_word' id='word_1_488' title='bbox 550 4231 692 4296; x_wconf 84' lang='lat' dir='ltr'><strong>sitis,</strong></span> <span class='ocrx_word' id='word_1_489' title='bbox 769 4246 881 4285; x_wconf 88' lang='lat' dir='ltr'><strong>non</strong></span> <span class='ocrx_word' id='word_1_490' title='bbox 950 4231 1177 4301; x_wconf 87' lang='lat' dir='ltr'><strong>potestis</strong></span> <span class='ocrx_word' id='word_1_491' title='bbox 1249 4231 1393 4285; x_wconf 89' lang='lat' dir='ltr'><strong>bona</strong></span> <span class='ocrx_word' id='word_1_492' title='bbox 1446 4232 1616 4302; x_wconf 91' lang='lat' dir='ltr'><strong>loqui.</strong></span> <span class='ocrx_word' id='word_1_493' title='bbox 1694 4230 1904 4285; x_wconf 81' lang='lat' dir='ltr'><strong>Deinde</strong></span> <span class='ocrx_word' id='word_1_494' title='bbox 1979 4240 2141 4286; x_wconf 87' lang='lat' dir='ltr'><strong>natu-</strong></span> 
     </span>
    </p>
   </div>
   <div class='ocr_carea' id='block_1_74' title="bbox 552 4319 2142 4389">
    <p class='ocr_par' dir='ltr' id='par_1_74' title="bbox 552 4319 2142 4389">
     <span class='ocr_line' id='line_1_74' title="bbox 552 4319 2142 4389; baseline 0.003 -18"><span class='ocrx_word' id='word_1_495' title='bbox 552 4320 648 4373; x_wconf 88' lang='lat' dir='ltr'><strong>rali</strong></span> <span class='ocrx_word' id='word_1_496' title='bbox 707 4334 925 4389; x_wconf 83' lang='lat' dir='ltr'><strong>quoque</strong></span> <span class='ocrx_word' id='word_1_497' title='bbox 983 4319 1189 4375; x_wconf 87' lang='lat' dir='ltr'><strong>ratione</strong></span> <span class='ocrx_word' id='word_1_498' title='bbox 1245 4321 1610 4387; x_wconf 89' lang='lat' dir='ltr'><strong>demonstrat,</strong></span> <span class='ocrx_word' id='word_1_499' title='bbox 1664 4322 1810 4389; x_wconf 89' lang='lat' dir='ltr'><strong>quod</strong></span> <span class='ocrx_word' id='word_1_500' title='bbox 1880 4322 1983 4377; x_wconf 90' lang='lat' dir='ltr'><strong>hoc</strong></span> <span class='ocrx_word' id='word_1_501' title='bbox 2030 4336 2142 4376; x_wconf 91' lang='lat' dir='ltr'><strong>non</strong></span> 
     </span>
    </p>
   </div>
   <div class='ocr_carea' id='block_1_75' title="bbox 551 4418 788 4486">
    <p class='ocr_par' dir='ltr' id='par_1_75' title="bbox 551 4418 788 4486">
     <span class='ocr_line' id='line_1_75' title="bbox 551 4418 788 4486; baseline 0.017 -17"><span class='ocrx_word' id='word_1_502' title='bbox 551 4418 788 4486; x_wconf 83' lang='lat' dir='ltr'><strong>possint.</strong></span> 
     </span>
    </p>
   </div>
   <div class='ocr_carea' id='block_1_76' title="bbox 622 4489 2219 4578">
    <p class='ocr_par' dir='ltr' id='par_1_76' title="bbox 622 4489 2219 4578">
     <span class='ocr_line' id='line_1_76' title="bbox 622 4489 2219 4578; baseline 0.001 -16"><span class='ocrx_word' id='word_1_503' title='bbox 622 4506 906 4564; x_wconf 54' lang='lat' dir='ltr'><strong>Versu“.</strong></span> <span class='ocrx_word' id='word_1_504' title='bbox 972 4506 1059 4562; x_wconf 67' lang='lat' dir='ltr'><strong>Ex</strong></span> <span class='ocrx_word' id='word_1_505' title='bbox 1102 4507 1455 4577; x_wconf 82' lang='lat' dir='ltr'><strong>——loquitur.</strong></span> <span class='ocrx_word' id='word_1_506' title='bbox 1523 4507 1805 4578; x_wconf 89' lang='lat' dir='ltr'><strong>Siquidem</strong></span> <span class='ocrx_word' id='word_1_507' title='bbox 1886 4524 2014 4565; x_wconf 91' lang='lat' dir='ltr'><strong>cum</strong></span> <span class='ocrx_word' id='word_1_508' title='bbox 2083 4489 2219 4565; x_wconf 83' lang='lat' dir='ltr'><strong>inD</strong></span> 
     </span>
    </p>
   </div>
   <div class='ocr_carea' id='block_1_77' title="bbox 550 4598 2143 4671">
    <p class='ocr_par' dir='ltr' id='par_1_77' title="bbox 550 4598 2143 4671">
     <span class='ocr_line' id='line_1_77' title="bbox 550 4598 2143 4671; baseline 0.001 -16"><span class='ocrx_word' id='word_1_509' title='bbox 550 4601 718 4655; x_wconf 88' lang='lat' dir='ltr'><strong>corde</strong></span> <span class='ocrx_word' id='word_1_510' title='bbox 780 4600 973 4655; x_wconf 84' lang='lat' dir='ltr'><strong>vitium</strong></span> <span class='ocrx_word' id='word_1_511' title='bbox 1035 4598 1321 4661; x_wconf 86' lang='lat' dir='ltr'><strong>scaturiat,</strong></span> <span class='ocrx_word' id='word_1_512' title='bbox 1403 4599 1711 4653; x_wconf 87' lang='lat' dir='ltr'><strong>necessario</strong></span> <span class='ocrx_word' id='word_1_513' title='bbox 1768 4600 1836 4655; x_wconf 87' lang='lat' dir='ltr'><strong>ab</strong></span> <span class='ocrx_word' id='word_1_514' title='bbox 1870 4615 1938 4655; x_wconf 92' lang='lat' dir='ltr'><strong>eo</strong></span> <span class='ocrx_word' id='word_1_515' title='bbox 1997 4602 2143 4671; x_wconf 87' lang='lat' dir='ltr'><strong>quod</strong></span> 
     </span>
    </p>
   </div>
   <div class='ocr_carea' id='block_1_78' title="bbox 551 4690 2147 4761">
    <p class='ocr_par' dir='ltr' id='par_1_78' title="bbox 551 4690 2147 4761">
     <span class='ocr_line' id='line_1_78' title="bbox 551 4690 2147 4761; baseline 0.001 -15"><span class='ocrx_word' id='word_1_516' title='bbox 551 4692 817 4756; x_wconf 82' lang='lat' dir='ltr'><strong>abundat,</strong></span> <span class='ocrx_word' id='word_1_517' title='bbox 872 4691 1177 4746; x_wconf 84' lang='lat' dir='ltr'><strong>etl‘unditur</strong></span> <span class='ocrx_word' id='word_1_518' title='bbox 1234 4690 1477 4761; x_wconf 62' lang='lat' dir='ltr'><strong>prasitas</strong></span> <span class='ocrx_word' id='word_1_519' title='bbox 1520 4706 1642 4759; x_wconf 79' lang='lat' dir='ltr'><strong>qua:</strong></span> <span class='ocrx_word' id='word_1_520' title='bbox 1676 4699 1759 4746; x_wconf 89' lang='lat' dir='ltr'><strong>est</strong></span> <span class='ocrx_word' id='word_1_521' title='bbox 1814 4707 1997 4747; x_wconf 85' lang='lat' dir='ltr'><strong>sermo</strong></span> <span class='ocrx_word' id='word_1_522' title='bbox 2029 4708 2147 4747; x_wconf 87' lang='lat' dir='ltr'><strong>ma-</strong></span> 
     </span>
    </p>
   </div>
   <div class='ocr_carea' id='block_1_79' title="bbox 552 4782 2140 4857">
    <p class='ocr_par' dir='ltr' id='par_1_79' title="bbox 552 4782 2140 4857">
     <span class='ocr_line' id='line_1_79' title="bbox 552 4782 2140 4857; baseline 0.003 -20"><span class='ocrx_word' id='word_1_523' title='bbox 552 4784 660 4840; x_wconf 86' lang='lat' dir='ltr'><strong>lus.</strong></span> <span class='ocrx_word' id='word_1_524' title='bbox 727 4785 795 4840; x_wconf 84' lang='lat' dir='ltr'><strong>Et</strong></span> <span class='ocrx_word' id='word_1_525' title='bbox 822 4786 1285 4854; x_wconf 87' lang='lat' dir='ltr'><strong>quemadmodum</strong></span> <span class='ocrx_word' id='word_1_526' title='bbox 1336 4782 1536 4837; x_wconf 82' lang='lat' dir='ltr'><strong>medici</strong></span> <span class='ocrx_word' id='word_1_527' title='bbox 1574 4784 1635 4853; x_wconf 81' lang='lat' dir='ltr'><strong>(i)</strong></span> <span class='ocrx_word' id='word_1_528' title='bbox 1696 4784 1839 4839; x_wconf 88' lang='lat' dir='ltr'><strong>circa</strong></span> <span class='ocrx_word' id='word_1_529' title='bbox 1874 4786 2140 4857; x_wconf 87' lang='lat' dir='ltr'><strong>principia</strong></span> 
     </span>
    </p>
   </div>
   <div class='ocr_carea' id='block_1_80' title="bbox 550 4875 2136 4946">
    <p class='ocr_par' dir='ltr' id='par_1_80' title="bbox 550 4875 2136 4946">
     <span class='ocr_line' id='line_1_80' title="bbox 550 4875 2136 4946; baseline 0.003 -17"><span class='ocrx_word' id='word_1_530' title='bbox 550 4877 796 4946; x_wconf 85' lang='lat' dir='ltr'><strong>quidem,</strong></span> <span class='ocrx_word' id='word_1_531' title='bbox 854 4875 1168 4931; x_wconf 77' lang='lat' dir='ltr'><strong>exsilientes</strong></span> <span class='ocrx_word' id='word_1_532' title='bbox 1203 4877 1461 4930; x_wconf 83' lang='lat' dir='ltr'><strong>humores</strong></span> <span class='ocrx_word' id='word_1_533' title='bbox 1501 4877 1652 4931; x_wconf 87' lang='lat' dir='ltr'><strong>intus</strong></span> <span class='ocrx_word' id='word_1_534' title='bbox 1687 4892 1976 4933; x_wconf 86' lang='lat' dir='ltr'><strong>remanere</strong></span> <span class='ocrx_word' id='word_1_535' title='bbox 2035 4894 2136 4934; x_wconf 90' lang='lat' dir='ltr'><strong>co-</strong></span> 
     </span>
    </p>
   </div>
   <div class='ocr_carea' id='block_1_81' title="bbox 550 4968 2137 5041">
    <p class='ocr_par' dir='ltr' id='par_1_81' title="bbox 550 4968 2137 5041">
     <span class='ocr_line' id='line_1_81' title="bbox 550 4968 2137 5041; baseline 0.003 -21"><span class='ocrx_word' id='word_1_536' title='bbox 550 4978 683 5039; x_wconf 78' lang='lat' dir='ltr'><strong>gunt</strong></span> <span class='ocrx_word' id='word_1_537' title='bbox 718 4987 730 5023; x_wconf 91' lang='lat'>:</span> <span class='ocrx_word' id='word_1_538' title='bbox 770 4983 893 5023; x_wconf 85' lang='lat' dir='ltr'><strong>cum</strong></span> <span class='ocrx_word' id='word_1_539' title='bbox 947 4977 1131 5024; x_wconf 86' lang='lat' dir='ltr'><strong>autem</strong></span> <span class='ocrx_word' id='word_1_540' title='bbox 1181 4968 1254 5023; x_wconf 90' lang='lat' dir='ltr'><strong>illi</strong></span> <span class='ocrx_word' id='word_1_541' title='bbox 1288 4968 1721 5038; x_wconf 84' lang='lat' dir='ltr'><strong>sobscaturiunt,</strong></span> <span class='ocrx_word' id='word_1_542' title='bbox 1757 4969 1870 5041; x_wconf 86' lang='lat' dir='ltr'><strong>jam</strong></span> <span class='ocrx_word' id='word_1_543' title='bbox 1905 4970 2137 5026; x_wconf 84' lang='lat' dir='ltr'><strong>vincun-</strong></span> 
     </span>
    </p>
   </div>
   <div class='ocr_carea' id='block_1_82' title="bbox 628 5124 1168 5189">
    <p class='ocr_par' dir='ltr' id='par_1_82' title="bbox 628 5124 1168 5189">
     <span class='ocr_line' id='line_1_82' title="bbox 628 5124 1168 5189; baseline 0 -9"><span class='ocrx_word' id='word_1_544' title='bbox 628 5128 679 5171; x_wconf 61' lang='lat' dir='ltr'><strong>t&quot;</strong></span> <span class='ocrx_word' id='word_1_545' title='bbox 712 5124 906 5181; x_wconf 77' lang='lat' dir='ltr'><strong>Matth.</strong></span> <span class='ocrx_word' id='word_1_546' title='bbox 945 5140 1044 5189; x_wconf 83' lang='lat' dir='ltr'><strong>vn,</strong></span> <span class='ocrx_word' id='word_1_547' title='bbox 1080 5125 1168 5181; x_wconf 76' lang='grc'><strong>18.</strong></span> 
     </span>
    </p>
   </div>
   <div class='ocr_carea' id='block_1_83' title="bbox 2245 3217 3849 3289">
    <p class='ocr_par' dir='ltr' id='par_1_83' title="bbox 2245 3217 3849 3289">
     <span class='ocr_line' id='line_1_83' title="bbox 2245 3217 3849 3289; baseline -0.001 -18"><span class='ocrx_word' id='word_1_548' title='bbox 2245 3218 2327 3283; x_wconf 69' lang='grc' dir='ltr'><strong>δὲ,</strong></span> <span class='ocrx_word' id='word_1_549' title='bbox 2364 3218 2425 3273; x_wconf 80' lang='grc' dir='ltr'><strong>τὸ</strong></span> <span class='ocrx_word' id='word_1_550' title='bbox 2455 3219 2617 3289; x_wconf 76' lang='grc' dir='ltr'><strong>ἔργον</strong></span> <span class='ocrx_word' id='word_1_551' title='bbox 2658 3218 2847 3271; x_wconf 83' lang='grc' dir='ltr'><strong>αὐτοῦ.</strong></span> <span class='ocrx_word' id='word_1_552' title='bbox 2899 3217 3066 3286; x_wconf 80' lang='grc' dir='ltr'><strong>Λέγει</strong></span> <span class='ocrx_word' id='word_1_553' title='bbox 3126 3219 3333 3280; x_wconf 77' lang='grc' dir='ltr'><strong>τοίνυν,</strong></span> <span class='ocrx_word' id='word_1_554' title='bbox 3387 3219 3469 3271; x_wconf 80' lang='grc' dir='ltr'><strong>δτι</strong></span> <span class='ocrx_word' id='word_1_555' title='bbox 3521 3218 3593 3271; x_wconf 77' lang='grc' dir='ltr'><strong>ἸΙ</strong></span> <span class='ocrx_word' id='word_1_556' title='bbox 3650 3218 3849 3271; x_wconf 75' lang='grc' dir='ltr'><strong>εἴπατε</strong></span> 
     </span>
    </p>
   </div>
   <div class='ocr_carea' id='block_1_84' title="bbox 2241 3308 3846 3383">
    <p class='ocr_par' dir='ltr' id='par_1_84' title="bbox 2241 3308 3846 3383">
     <span class='ocr_line' id='line_1_84' title="bbox 2241 3308 3846 3383; baseline -0.001 -20"><span class='ocrx_word' id='word_1_557' title='bbox 2241 3310 2333 3363; x_wconf 81' lang='grc' dir='ltr'><strong>τὸν</strong></span> <span class='ocrx_word' id='word_1_558' title='bbox 2377 3311 2619 3380; x_wconf 79' lang='grc' dir='ltr'><strong>ἐργάτην</strong></span> <span class='ocrx_word' id='word_1_559' title='bbox 2674 3310 2863 3374; x_wconf 78' lang='grc' dir='ltr'><strong>καλὸν,</strong></span> <span class='ocrx_word' id='word_1_560' title='bbox 2926 3310 3019 3363; x_wconf 81' lang='grc' dir='ltr'><strong>καὶ</strong></span> <span class='ocrx_word' id='word_1_561' title='bbox 3063 3310 3121 3362; x_wconf 60' lang='lat' dir='ltr'><strong>ea</strong></span> <span class='ocrx_word' id='word_1_562' title='bbox 3164 3310 3325 3380; x_wconf 70' lang='grc' dir='ltr'><strong>ἔργον</strong></span> <span class='ocrx_word' id='word_1_563' title='bbox 3371 3308 3538 3363; x_wconf 75' lang='grc' dir='ltr'><strong>αὐτοῦ</strong></span> <span class='ocrx_word' id='word_1_564' title='bbox 3575 3311 3770 3363; x_wconf 83' lang='grc' dir='ltr'><strong>καλόν·</strong></span> <span class='ocrx_word' id='word_1_565' title='bbox 3814 3311 3846 3383; x_wconf 80' lang='grc' dir='ltr'>ἢ</span> 
     </span>
    </p>
   </div>
   <div class='ocr_carea' id='block_1_85' title="bbox 2243 3402 3852 3474">
    <p class='ocr_par' dir='ltr' id='par_1_85' title="bbox 2243 3402 3852 3474">
     <span class='ocr_line' id='line_1_85' title="bbox 2243 3402 3852 3474; baseline 0 -17"><span class='ocrx_word' id='word_1_566' title='bbox 2243 3406 2336 3457; x_wconf 76' lang='grc' dir='ltr'><strong>τὸν</strong></span> <span class='ocrx_word' id='word_1_567' title='bbox 2374 3405 2615 3474; x_wconf 74' lang='grc' dir='ltr'><strong>ἐργάτην</strong></span> <span class='ocrx_word' id='word_1_568' title='bbox 2649 3404 2816 3456; x_wconf 82' lang='grc' dir='ltr'><strong>αὑτοῦ</strong></span> <span class='ocrx_word' id='word_1_569' title='bbox 2849 3402 2960 3473; x_wconf 87' lang='grc'><strong>(90)</strong></span> <span class='ocrx_word' id='word_1_570' title='bbox 3017 3403 3210 3467; x_wconf 82' lang='grc' dir='ltr'><strong>κακὸν,</strong></span> <span class='ocrx_word' id='word_1_571' title='bbox 3238 3406 3331 3455; x_wconf 72' lang='grc' dir='ltr'><strong>καὶ</strong></span> <span class='ocrx_word' id='word_1_572' title='bbox 3366 3403 3427 3455; x_wconf 86' lang='grc' dir='ltr'><strong>τὸ</strong></span> <span class='ocrx_word' id='word_1_573' title='bbox 3458 3403 3621 3473; x_wconf 80' lang='grc' dir='ltr'><strong>ἔργον</strong></span> <span class='ocrx_word' id='word_1_574' title='bbox 3676 3405 3852 3458; x_wconf 83' lang='grc' dir='ltr'><strong>αὐτοῦ</strong></span> 
     </span>
    </p>
   </div>
   <div class='ocr_carea' id='block_1_86' title="bbox 2248 3494 3852 3565">
    <p class='ocr_par' dir='ltr' id='par_1_86' title="bbox 2248 3494 3852 3565">
     <span class='ocr_line' id='line_1_86' title="bbox 2248 3494 3852 3565; baseline 0.001 -18"><span class='ocrx_word' id='word_1_575' title='bbox 2248 3495 2439 3549; x_wconf 85' lang='grc' dir='ltr'><strong>κακόν.</strong></span> <span class='ocrx_word' id='word_1_576' title='bbox 2486 3497 2549 3547; x_wconf 80' lang='lat' dir='ltr'><strong>Et</strong></span> <span class='ocrx_word' id='word_1_577' title='bbox 2580 3496 2689 3565; x_wconf 85' lang='grc' dir='ltr'><strong>γὰρ</strong></span> <span class='ocrx_word' id='word_1_578' title='bbox 2729 3495 2789 3547; x_wconf 83' lang='grc' dir='ltr'><strong>τὸ</strong></span> <span class='ocrx_word' id='word_1_579' title='bbox 2826 3494 2989 3564; x_wconf 72' lang='grc' dir='ltr'><strong>ἔργον</strong></span> <span class='ocrx_word' id='word_1_580' title='bbox 3034 3494 3221 3556; x_wconf 81' lang='grc' dir='ltr'><strong>καλὸν,</strong></span> <span class='ocrx_word' id='word_1_581' title='bbox 3268 3496 3377 3564; x_wconf 83' lang='grc' dir='ltr'><strong>ἄρα</strong></span> <span class='ocrx_word' id='word_1_582' title='bbox 3419 3496 3515 3547; x_wconf 75' lang='grc' dir='ltr'><strong>καὶ</strong></span> <span class='ocrx_word' id='word_1_583' title='bbox 3547 3497 3575 3547; x_wconf 87' lang='grc' dir='ltr'>ὁ</span> <span class='ocrx_word' id='word_1_584' title='bbox 3606 3496 3852 3565; x_wconf 71' lang='grc' dir='ltr'><strong>ἐργάτης</strong></span> 
     </span>
    </p>
   </div>
   <div class='ocr_carea' id='block_1_87' title="bbox 2245 3583 3850 3656">
    <p class='ocr_par' dir='ltr' id='par_1_87' title="bbox 2245 3583 3850 3656">
     <span class='ocr_line' id='line_1_87' title="bbox 2245 3583 3850 3656; baseline 0.001 -19"><span class='ocrx_word' id='word_1_585' title='bbox 2245 3584 2411 3637; x_wconf 78' lang='grc' dir='ltr'><strong>αὑτοῦ</strong></span> <span class='ocrx_word' id='word_1_586' title='bbox 2452 3585 2651 3648; x_wconf 80' lang='grc' dir='ltr'><strong>καλός’</strong></span> <span class='ocrx_word' id='word_1_587' title='bbox 2687 3586 2751 3637; x_wconf 84' lang='grc' dir='ltr'><strong>ὲκ</strong></span> <span class='ocrx_word' id='word_1_588' title='bbox 2804 3584 2915 3655; x_wconf 78' lang='grc' dir='ltr'><strong>γὰρ</strong></span> <span class='ocrx_word' id='word_1_589' title='bbox 2960 3584 3053 3635; x_wconf 86' lang='grc' dir='ltr'><strong>τοῦ</strong></span> <span class='ocrx_word' id='word_1_590' title='bbox 3118 3584 3284 3656; x_wconf 74' lang='grc' dir='ltr'><strong>ἔργον</strong></span> <span class='ocrx_word' id='word_1_591' title='bbox 3315 3584 3343 3635; x_wconf 83' lang='grc' dir='ltr'>ὁ</span> <span class='ocrx_word' id='word_1_592' title='bbox 3379 3583 3623 3655; x_wconf 70' lang='grc' dir='ltr'><strong>ἐργάτης</strong></span> <span class='ocrx_word' id='word_1_593' title='bbox 3674 3586 3850 3641; x_wconf 80' lang='grc' dir='ltr'><strong>αὑτοῦ</strong></span> 
     </span>
    </p>
   </div>
   <div class='ocr_carea' id='block_1_88' title="bbox 2246 3676 3850 3745">
    <p class='ocr_par' dir='ltr' id='par_1_88' title="bbox 2246 3676 3850 3745">
     <span class='ocr_line' id='line_1_88' title="bbox 2246 3676 3850 3745; baseline 0.002 -16"><span class='ocrx_word' id='word_1_594' title='bbox 2246 3677 2596 3745; x_wconf 84' lang='grc' dir='ltr'><strong>γινώσκεται.</strong></span> <span class='ocrx_word' id='word_1_595' title='bbox 2651 3677 2715 3730; x_wconf 69' lang='lat' dir='ltr'><strong>Et</strong></span> <span class='ocrx_word' id='word_1_596' title='bbox 2755 3676 2856 3745; x_wconf 79' lang='grc' dir='ltr'><strong>μὲν</strong></span> <span class='ocrx_word' id='word_1_597' title='bbox 2884 3676 3076 3741; x_wconf 85' lang='grc' dir='ltr'><strong>καλοῦ,</strong></span> <span class='ocrx_word' id='word_1_598' title='bbox 3116 3676 3279 3738; x_wconf 82' lang='grc' dir='ltr'><strong>καλός</strong></span> <span class='ocrx_word' id='word_1_599' title='bbox 3301 3692 3315 3704; x_wconf 87' lang='grc'><strong>·</strong></span> <span class='ocrx_word' id='word_1_600' title='bbox 3349 3676 3479 3729; x_wconf 78' lang='grc' dir='ltr'><strong>εἰδὲ</strong></span> <span class='ocrx_word' id='word_1_601' title='bbox 3508 3678 3708 3739; x_wconf 84' lang='grc' dir='ltr'><strong>κακοῦ,</strong></span> <span class='ocrx_word' id='word_1_602' title='bbox 3746 3697 3850 3732; x_wconf 78' lang='grc' dir='ltr'><strong>κα·</strong></span> 
     </span>
    </p>
   </div>
   <div class='ocr_carea' id='block_1_89' title="bbox 2246 3768 3849 3840">
    <p class='ocr_par' dir='ltr' id='par_1_89' title="bbox 2246 3768 3849 3840">
     <span class='ocr_line' id='line_1_89' title="bbox 2246 3768 3849 3840; baseline 0.001 -17"><span class='ocrx_word' id='word_1_603' title='bbox 2246 3773 2361 3833; x_wconf 73' lang='grc' dir='ltr'><strong>κός.</strong></span> <span class='ocrx_word' id='word_1_604' title='bbox 2407 3769 2649 3834; x_wconf 78' lang='grc' dir='ltr'><strong>Ἐδίδαξε</strong></span> <span class='ocrx_word' id='word_1_605' title='bbox 2703 3768 2813 3840; x_wconf 82' lang='grc' dir='ltr'><strong>γὰρ</strong></span> <span class='ocrx_word' id='word_1_606' title='bbox 2848 3772 2905 3820; x_wconf 82' lang='grc' dir='ltr'><strong>ὲν</strong></span> <span class='ocrx_word' id='word_1_607' title='bbox 2939 3769 3017 3840; x_wconf 78' lang='grc' dir='ltr'><strong>τῷ</strong></span> <span class='ocrx_word' id='word_1_608' title='bbox 3047 3770 3287 3840; x_wconf 83' lang='grc' dir='ltr'><strong>πέμπτῳ</strong></span> <span class='ocrx_word' id='word_1_609' title='bbox 3346 3770 3630 3840; x_wconf 81' lang='grc' dir='ltr'><strong>κεφαλαίῳ</strong></span> <span class='ocrx_word' id='word_1_610' title='bbox 3670 3772 3756 3825; x_wconf 84' lang='grc' dir='ltr'><strong>ὅτι</strong></span> <span class='ocrx_word' id='word_1_611' title='bbox 3786 3772 3849 3825; x_wconf 84' lang='grc' dir='ltr'><strong>οὐ</strong></span> 
     </span>
    </p>
   </div>
   <div class='ocr_carea' id='block_1_90' title="bbox 2244 3862 3848 3932">
    <p class='ocr_par' dir='ltr' id='par_1_90' title="bbox 2244 3862 3848 3932">
     <span class='ocr_line' id='line_1_90' title="bbox 2244 3862 3848 3932; baseline 0.001 -16"><span class='ocrx_word' id='word_1_612' title='bbox 2244 3864 2467 3917; x_wconf 78' lang='grc' dir='ltr'><strong>δύναται</strong></span> <span class='ocrx_word' id='word_1_613' title='bbox 2506 3862 2723 3931; x_wconf 81' lang='grc' dir='ltr'><strong>δένδρον</strong></span> <span class='ocrx_word' id='word_1_614' title='bbox 2758 3862 2964 3929; x_wconf 66' lang='grc' dir='ltr'><strong>άγαθδν</strong></span> <span class='ocrx_word' id='word_1_615' title='bbox 3011 3862 3262 3929; x_wconf 77' lang='grc' dir='ltr'><strong>καρποὺς</strong></span> <span class='ocrx_word' id='word_1_616' title='bbox 3302 3865 3578 3932; x_wconf 79' lang='grc' dir='ltr'><strong>πονηροὺς</strong></span> <span class='ocrx_word' id='word_1_617' title='bbox 3640 3868 3848 3930; x_wconf 82' lang='grc' dir='ltr'><strong>ποιεῖν,</strong></span> 
     </span>
    </p>
   </div>
   <div class='ocr_carea' id='block_1_91' title="bbox 2244 3954 3617 4024">
    <p class='ocr_par' dir='ltr' id='par_1_91' title="bbox 2244 3954 3617 4024">
     <span class='ocr_line' id='line_1_91' title="bbox 2244 3954 3617 4024; baseline -0.001 -15"><span class='ocrx_word' id='word_1_618' title='bbox 2244 3954 2365 4009; x_wconf 78' lang='grc' dir='ltr'><strong>οὐδὲ</strong></span> <span class='ocrx_word' id='word_1_619' title='bbox 2392 3954 2608 4022; x_wconf 77' lang='grc' dir='ltr'><strong>δένδρον</strong></span> <span class='ocrx_word' id='word_1_620' title='bbox 2638 3957 2846 4023; x_wconf 73' lang='grc' dir='ltr'><strong>σαπρὸν</strong></span> <span class='ocrx_word' id='word_1_621' title='bbox 2884 3957 3132 4024; x_wconf 75' lang='grc' dir='ltr'><strong>καρποὺς</strong></span> <span class='ocrx_word' id='word_1_622' title='bbox 3173 3954 3373 4016; x_wconf 77' lang='grc' dir='ltr'><strong>καλοὺς</strong></span> <span class='ocrx_word' id='word_1_623' title='bbox 3411 3958 3617 4009; x_wconf 75' lang='grc' dir='ltr'><strong>ποιεῖν.</strong></span> 
     </span>
    </p>
   </div>
   <div class='ocr_carea' id='block_1_92' title="bbox 2313 4044 3849 4117">
    <p class='ocr_par' dir='ltr' id='par_1_92' title="bbox 2313 4044 3849 4117">
     <span class='ocr_line' id='line_1_92' title="bbox 2313 4044 3849 4117; baseline 0.001 -18"><span class='ocrx_word' id='word_1_624' title='bbox 2313 4044 2671 4115; x_wconf 70' lang='grc' dir='ltr'><strong>Γεννήματα</strong></span> <span class='ocrx_word' id='word_1_625' title='bbox 2729 4076 2799 4086; x_wconf 91' lang='grc'><strong>--</strong></span> <span class='ocrx_word' id='word_1_626' title='bbox 2836 4044 3045 4112; x_wconf 69' lang='grc' dir='ltr'><strong>ὄντες-ς</strong></span> <span class='ocrx_word' id='word_1_627' title='bbox 3102 4046 3219 4099; x_wconf 74' lang='grc' dir='ltr'><strong>Οὐκ</strong></span> <span class='ocrx_word' id='word_1_628' title='bbox 3277 4044 3394 4099; x_wconf 78' lang='grc' dir='ltr'><strong>ἔστι</strong></span> <span class='ocrx_word' id='word_1_629' title='bbox 3434 4046 3849 4117; x_wconf 77' lang='grc' dir='ltr'><strong>θαυμαστὸν,εί</strong></span> 
     </span>
    </p>
   </div>
   <div class='ocr_carea' id='block_1_93' title="bbox 2243 4138 3851 4209">
    <p class='ocr_par' dir='ltr' id='par_1_93' title="bbox 2243 4138 3851 4209">
     <span class='ocr_line' id='line_1_93' title="bbox 2243 4138 3851 4209; baseline 0.001 -17"><span class='ocrx_word' id='word_1_630' title='bbox 2243 4138 2474 4192; x_wconf 74' lang='grc' dir='ltr'><strong>τοιαῦτα</strong></span> <span class='ocrx_word' id='word_1_631' title='bbox 2532 4138 2924 4208; x_wconf 82' lang='grc' dir='ltr'><strong>βλασφημεῖτε.</strong></span> <span class='ocrx_word' id='word_1_632' title='bbox 2957 4139 3191 4209; x_wconf 77' lang='grc' dir='ltr'><strong>Πονηρο).</strong></span> <span class='ocrx_word' id='word_1_633' title='bbox 3221 4138 3332 4206; x_wconf 78' lang='grc' dir='ltr'><strong>γάρ</strong></span> <span class='ocrx_word' id='word_1_634' title='bbox 3378 4138 3553 4203; x_wconf 77' lang='grc' dir='ltr'><strong>ὄντες,</strong></span> <span class='ocrx_word' id='word_1_635' title='bbox 3585 4140 3649 4194; x_wconf 79' lang='grc' dir='ltr'><strong>οὐ</strong></span> <span class='ocrx_word' id='word_1_636' title='bbox 3684 4141 3851 4195; x_wconf 78' lang='grc' dir='ltr'><strong>δύνα-</strong></span> 
     </span>
    </p>
   </div>
   <div class='ocr_carea' id='block_1_94' title="bbox 2246 4228 3852 4301">
    <p class='ocr_par' dir='ltr' id='par_1_94' title="bbox 2246 4228 3852 4301">
     <span class='ocr_line' id='line_1_94' title="bbox 2246 4228 3852 4301; baseline 0.003 -18"><span class='ocrx_word' id='word_1_637' title='bbox 2246 4232 2339 4284; x_wconf 85' lang='grc' dir='ltr'><strong>σθε</strong></span> <span class='ocrx_word' id='word_1_638' title='bbox 2373 4231 2554 4298; x_wconf 73' lang='grc' dir='ltr'><strong>ἀγαθὰ</strong></span> <span class='ocrx_word' id='word_1_639' title='bbox 2585 4232 2788 4288; x_wconf 66' lang='grc' dir='ltr'><strong>λαλεῖν.</strong></span> <span class='ocrx_word' id='word_1_640' title='bbox 2820 4228 2956 4285; x_wconf 79' lang='grc' dir='ltr'><strong>Εἶτα</strong></span> <span class='ocrx_word' id='word_1_641' title='bbox 2987 4232 3084 4284; x_wconf 78' lang='grc' dir='ltr'><strong>καὶ</strong></span> <span class='ocrx_word' id='word_1_642' title='bbox 3130 4231 3538 4301; x_wconf 73' lang='grc' dir='ltr'><strong>φυσιολογικῶς</strong></span> <span class='ocrx_word' id='word_1_643' title='bbox 3616 4235 3852 4288; x_wconf 80' lang='grc' dir='ltr'><strong>ἀποδεί-</strong></span> 
     </span>
    </p>
   </div>
   <div class='ocr_carea' id='block_1_95' title="bbox 2242 4322 2972 4388">
    <p class='ocr_par' dir='ltr' id='par_1_95' title="bbox 2242 4322 2972 4388">
     <span class='ocr_line' id='line_1_95' title="bbox 2242 4322 2972 4388; baseline 0.003 -13"><span class='ocrx_word' id='word_1_644' title='bbox 2242 4338 2426 4388; x_wconf 85' lang='grc' dir='ltr'><strong>κνυσι,</strong></span> <span class='ocrx_word' id='word_1_645' title='bbox 2460 4322 2574 4388; x_wconf 86' lang='grc' dir='ltr'><strong>πῶς</strong></span> <span class='ocrx_word' id='word_1_646' title='bbox 2597 4322 2658 4375; x_wconf 83' lang='grc' dir='ltr'><strong>οὐ</strong></span> <span class='ocrx_word' id='word_1_647' title='bbox 2688 4323 2972 4377; x_wconf 74' lang='grc' dir='ltr'><strong>δύνανται.</strong></span> 
     </span>
    </p>
   </div>
   <div class='ocr_carea' id='block_1_96' title="bbox 2335 4504 3845 4579">
    <p class='ocr_par' dir='ltr' id='par_1_96' title="bbox 2335 4504 3845 4579">
     <span class='ocr_line' id='line_1_96' title="bbox 2335 4504 3845 4579; baseline 0.003 -21"><span class='ocrx_word' id='word_1_648' title='bbox 2335 4504 2438 4559; x_wconf 75' lang='grc' dir='ltr'><strong>Ἐκ</strong></span> <span class='ocrx_word' id='word_1_649' title='bbox 2491 4536 2564 4547; x_wconf 89' lang='lat'><strong>-—</strong></span> <span class='ocrx_word' id='word_1_650' title='bbox 2616 4504 2810 4560; x_wconf 72' lang='grc' dir='ltr'><strong>λαλεῖ.</strong></span> <span class='ocrx_word' id='word_1_651' title='bbox 2880 4505 3365 4577; x_wconf 75' lang='grc' dir='ltr'><strong>’Υπερδλυζούσης</strong></span> <span class='ocrx_word' id='word_1_652' title='bbox 3420 4508 3531 4577; x_wconf 68' lang='grc' dir='ltr'><strong>γὰρ</strong></span> <span class='ocrx_word' id='word_1_653' title='bbox 3572 4506 3675 4573; x_wconf 79' lang='grc' dir='ltr'><strong>τῆς</strong></span> <span class='ocrx_word' id='word_1_654' title='bbox 3726 4506 3845 4579; x_wconf 78' lang='grc'><strong>(91)</strong></span> 
     </span>
    </p>
   </div>
   <div class='ocr_carea' id='block_1_97' title="bbox 2252 4600 3849 4671">
    <p class='ocr_par' dir='ltr' id='par_1_97' title="bbox 2252 4600 3849 4671">
     <span class='ocr_line' id='line_1_97' title="bbox 2252 4600 3849 4671; baseline 0.001 -19"><span class='ocrx_word' id='word_1_655' title='bbox 2252 4600 2482 4671; x_wconf 75' lang='grc' dir='ltr'><strong>καρδίας</strong></span> <span class='ocrx_word' id='word_1_656' title='bbox 2523 4600 2636 4668; x_wconf 75' lang='grc'><strong>(92)</strong></span> <span class='ocrx_word' id='word_1_657' title='bbox 2670 4602 2727 4651; x_wconf 83' lang='grc' dir='ltr'><strong>ὲν</strong></span> <span class='ocrx_word' id='word_1_658' title='bbox 2754 4601 2820 4668; x_wconf 79' lang='grc' dir='ltr'><strong>τῇ</strong></span> <span class='ocrx_word' id='word_1_659' title='bbox 2856 4600 3090 4669; x_wconf 74' lang='grc' dir='ltr'><strong>καρδία,</strong></span> <span class='ocrx_word' id='word_1_660' title='bbox 3124 4600 3313 4653; x_wconf 71' lang='grc' dir='ltr'><strong>λοιπδν</strong></span> <span class='ocrx_word' id='word_1_661' title='bbox 3345 4600 3405 4665; x_wconf 60' lang='lat' dir='ltr'><strong>te</strong></span> <span class='ocrx_word' id='word_1_662' title='bbox 3443 4600 3697 4670; x_wconf 83' lang='grc' dir='ltr'><strong>ἀνάγκης</strong></span> <span class='ocrx_word' id='word_1_663' title='bbox 3738 4601 3849 4656; x_wconf 82' lang='grc' dir='ltr'><strong>ἀπὸ</strong></span> 
     </span>
    </p>
   </div>
   <div class='ocr_carea' id='block_1_98' title="bbox 2253 4692 3851 4763">
    <p class='ocr_par' dir='ltr' id='par_1_98' title="bbox 2253 4692 3851 4763">
     <span class='ocr_line' id='line_1_98' title="bbox 2253 4692 3851 4763; baseline 0 -16"><span class='ocrx_word' id='word_1_664' title='bbox 2253 4692 2347 4747; x_wconf 86' lang='grc' dir='ltr'><strong>τοῦ</strong></span> <span class='ocrx_word' id='word_1_665' title='bbox 2384 4692 2800 4763; x_wconf 81' lang='grc' dir='ltr'><strong>περιττεύοντος</strong></span> <span class='ocrx_word' id='word_1_666' title='bbox 2852 4694 3097 4760; x_wconf 75' lang='grc' dir='ltr'><strong>ἐκχεῖται</strong></span> <span class='ocrx_word' id='word_1_667' title='bbox 3145 4692 3337 4758; x_wconf 86' lang='grc' dir='ltr'><strong>κακία,</strong></span> <span class='ocrx_word' id='word_1_668' title='bbox 3367 4694 3491 4763; x_wconf 77' lang='grc' dir='ltr'><strong>ἥτις</strong></span> <span class='ocrx_word' id='word_1_669' title='bbox 3538 4694 3656 4746; x_wconf 73' lang='grc' dir='ltr'><strong>ἐστὶ</strong></span> <span class='ocrx_word' id='word_1_670' title='bbox 3688 4693 3851 4763; x_wconf 80' lang='grc' dir='ltr'><strong>λόγος</strong></span> 
     </span>
    </p>
   </div>
   <div class='ocr_carea' id='block_1_99' title="bbox 2255 4784 3851 4858">
    <p class='ocr_par' dir='ltr' id='par_1_99' title="bbox 2255 4784 3851 4858">
     <span class='ocr_line' id='line_1_99' title="bbox 2255 4784 3851 4858; baseline 0.001 -19"><span class='ocrx_word' id='word_1_671' title='bbox 2255 4787 2512 4857; x_wconf 88' lang='grc' dir='ltr'><strong>πονηρός.</strong></span> <span class='ocrx_word' id='word_1_672' title='bbox 2576 4786 2685 4838; x_wconf 80' lang='grc' dir='ltr'><strong>Καὶ</strong></span> <span class='ocrx_word' id='word_1_673' title='bbox 2726 4785 2980 4854; x_wconf 81' lang='grc' dir='ltr'><strong>καθάπερ</strong></span> <span class='ocrx_word' id='word_1_674' title='bbox 3010 4785 3059 4838; x_wconf 87' lang='grc' dir='ltr'><strong>οἱ</strong></span> <span class='ocrx_word' id='word_1_675' title='bbox 3088 4784 3376 4852; x_wconf 74' lang='grc' dir='ltr'><strong>ἐμοῦντες,</strong></span> <span class='ocrx_word' id='word_1_676' title='bbox 3410 4786 3563 4857; x_wconf 70' lang='grc' dir='ltr'><strong>παρὰ</strong></span> <span class='ocrx_word' id='word_1_677' title='bbox 3607 4786 3712 4857; x_wconf 80' lang='grc' dir='ltr'><strong>μὲν</strong></span> <span class='ocrx_word' id='word_1_678' title='bbox 3747 4788 3851 4858; x_wconf 75' lang='grc' dir='ltr'><strong>τὴν</strong></span> 
     </span>
    </p>
   </div>
   <div class='ocr_carea' id='block_1_100' title="bbox 2249 4876 3852 4949">
    <p class='ocr_par' dir='ltr' id='par_1_100' title="bbox 2249 4876 3852 4949">
     <span class='ocr_line' id='line_1_100' title="bbox 2249 4876 3852 4949; baseline 0.001 -19"><span class='ocrx_word' id='word_1_679' title='bbox 2249 4878 2424 4949; x_wconf 78' lang='grc' dir='ltr'><strong>ἀρχὴν</strong></span> <span class='ocrx_word' id='word_1_680' title='bbox 2462 4876 2741 4947; x_wconf 75' lang='grc' dir='ltr'><strong>βιάζονται</strong></span> <span class='ocrx_word' id='word_1_681' title='bbox 2796 4876 2949 4929; x_wconf 75' lang='grc' dir='ltr'><strong>ἔνδον</strong></span> <span class='ocrx_word' id='word_1_682' title='bbox 3008 4876 3264 4945; x_wconf 80' lang='grc' dir='ltr'><strong>κατέχειν</strong></span> <span class='ocrx_word' id='word_1_683' title='bbox 3322 4876 3683 4947; x_wconf 85' lang='grc' dir='ltr'><strong>ὲκπηδῶντας</strong></span> <span class='ocrx_word' id='word_1_684' title='bbox 3719 4877 3852 4941; x_wconf 78' lang='grc' dir='ltr'><strong>τοὺς</strong></span> 
     </span>
    </p>
   </div>
   <div class='ocr_carea' id='block_1_101' title="bbox 2253 4966 3851 5041">
    <p class='ocr_par' dir='ltr' id='par_1_101' title="bbox 2253 4966 3851 5041">
     <span class='ocr_line' id='line_1_101' title="bbox 2253 4966 3851 5041; baseline 0.001 -19"><span class='ocrx_word' id='word_1_685' title='bbox 2253 4971 2486 5041; x_wconf 71' lang='grc' dir='ltr'><strong>χυμοὺς,</strong></span> <span class='ocrx_word' id='word_1_686' title='bbox 2518 4968 2973 5039; x_wconf 76' lang='grc' dir='ltr'><strong>ὑπερϐλυζόντων</strong></span> <span class='ocrx_word' id='word_1_687' title='bbox 3010 4967 3091 5032; x_wconf 78' lang='grc' dir='ltr'><strong>δὲ,</strong></span> <span class='ocrx_word' id='word_1_688' title='bbox 3126 4966 3389 5021; x_wconf 83' lang='grc' dir='ltr'><strong>νικῶνται</strong></span> <span class='ocrx_word' id='word_1_689' title='bbox 3432 4968 3529 5022; x_wconf 72' lang='grc' dir='ltr'><strong>καὶ</strong></span> <span class='ocrx_word' id='word_1_690' title='bbox 3560 4968 3851 5040; x_wconf 83' lang='grc' dir='ltr'><strong>προίενται</strong></span> 
     </span>
    </p>
   </div>
   <div class='ocr_carea' id='block_1_102' title="bbox 1753 5189 2648 5258">
    <p class='ocr_par' dir='ltr' id='par_1_102' title="bbox 1753 5189 2648 5258">
     <span class='ocr_line' id='line_1_102' title="bbox 1753 5189 2648 5258; baseline -0.006 -5"><span class='ocrx_word' id='word_1_691' title='bbox 1753 5191 1955 5253; x_wconf 68' lang='lat' dir='ltr'><strong>Varia)</strong></span> <span class='ocrx_word' id='word_1_692' title='bbox 2007 5189 2316 5258; x_wconf 68' lang='lat' dir='ltr'><strong>lectiones</strong></span> <span class='ocrx_word' id='word_1_693' title='bbox 2361 5192 2648 5251; x_wconf 70' lang='lat' dir='ltr'><strong>etnotae.</strong></span> 
     </span>
    </p>
   </div>
   <div class='ocr_carea' id='block_1_103' title="bbox 626 5357 1231 5431">
    <p class='ocr_par' dir='ltr' id='par_1_103' title="bbox 626 5357 1231 5431">
     <span class='ocr_line' id='line_1_103' title="bbox 626 5357 1231 5431; baseline -0.007 -14"><span class='ocrx_word' id='word_1_694' title='bbox 626 5359 742 5431; x_wconf 82' lang='lat'><strong>(86)</strong></span> <span class='ocrx_word' id='word_1_695' title='bbox 775 5358 894 5431; x_wconf 85' lang='grc' dir='ltr'><strong>καί,</strong></span> <span class='ocrx_word' id='word_1_696' title='bbox 925 5357 1131 5431; x_wconf 79' lang='lat' dir='ltr'><strong>omittit</strong></span> <span class='ocrx_word' id='word_1_697' title='bbox 1166 5358 1231 5431; x_wconf 68' lang='grc' dir='ltr'><strong>Α.</strong></span> 
     </span>
    </p>
   </div>
   <div class='ocr_carea' id='block_1_104' title="bbox 628 5427 1224 5503">
    <p class='ocr_par' dir='ltr' id='par_1_104' title="bbox 628 5427 1224 5503">
     <span class='ocr_line' id='line_1_104' title="bbox 628 5427 1224 5503; baseline -0.005 -17"><span class='ocrx_word' id='word_1_698' title='bbox 628 5427 741 5503; x_wconf 79' lang='lat'><strong>(87)</strong></span> <span class='ocrx_word' id='word_1_699' title='bbox 774 5427 1134 5503; x_wconf 68' lang='lat' dir='ltr'><strong>xai,_on_tittit</strong></span> <span class='ocrx_word' id='word_1_700' title='bbox 1156 5429 1224 5483; x_wconf 80' lang='grc' dir='ltr'><strong>Α.</strong></span> 
     </span>
    </p>
   </div>
   <div class='ocr_carea' id='block_1_105' title="bbox 631 5500 1048 5571">
    <p class='ocr_par' dir='ltr' id='par_1_105' title="bbox 631 5500 1048 5571">
     <span class='ocr_line' id='line_1_105' title="bbox 631 5500 1048 5571; baseline 0 0"><span class='ocrx_word' id='word_1_701' title='bbox 775 5500 953 5565; x_wconf 66' lang='grc' dir='ltr'><strong>καλῶς</strong></span> <span class='ocrx_word' id='word_1_702' title='bbox 989 5501 1048 5571; x_wconf 62' lang='lat' dir='ltr'><strong>Br</strong></span> 
     </span>
    </p>
   </div>
   <div class='ocr_carea' id='block_1_106' title="bbox 627 5570 2140 5641">
    <p class='ocr_par' dir='ltr' id='par_1_106' title="bbox 627 5570 2140 5641">
     <span class='ocr_line' id='line_1_106' title="bbox 627 5570 2140 5641; baseline 0.002 -17"><span class='ocrx_word' id='word_1_703' title='bbox 627 5570 740 5641; x_wconf 81' lang='lat'><strong>(89)</strong></span> <span class='ocrx_word' id='word_1_704' title='bbox 776 5571 895 5627; x_wconf 84' lang='lat' dir='ltr'><strong>Non</strong></span> <span class='ocrx_word' id='word_1_705' title='bbox 928 5570 1161 5628; x_wconf 87' lang='lat' dir='ltr'><strong>sollicito</strong></span> <span class='ocrx_word' id='word_1_706' title='bbox 1206 5571 1310 5627; x_wconf 85' lang='lat' dir='ltr'><strong>hoc</strong></span> <span class='ocrx_word' id='word_1_707' title='bbox 1351 5574 1694 5633; x_wconf 79' lang='lat' dir='ltr'><strong>vocabulum.</strong></span> <span class='ocrx_word' id='word_1_708' title='bbox 1742 5573 1886 5631; x_wconf 83' lang='lat' dir='ltr'><strong>Alibi</strong></span> <span class='ocrx_word' id='word_1_709' title='bbox 1938 5587 2140 5631; x_wconf 79' lang='lat' dir='ltr'><strong>tamen.</strong></span> 
     </span>
    </p>
   </div>
   <div class='ocr_carea' id='block_1_107' title="bbox 630 5735 1293 5821">
    <p class='ocr_par' dir='ltr' id='par_1_107' title="bbox 630 5735 1293 5821">
     <span class='ocr_line' id='line_1_107' title="bbox 630 5735 1293 5821; baseline 0.003 -32"><span class='ocrx_word' id='word_1_710' title='bbox 630 5737 694 5821; x_wconf 64' lang='grc' dir='ltr'><strong>(ἑ)</strong></span> <span class='ocrx_word' id='word_1_711' title='bbox 732 5735 942 5791; x_wconf 73' lang='lat' dir='ltr'><strong>Medici.</strong></span> <span class='ocrx_word' id='word_1_712' title='bbox 978 5736 1293 5794; x_wconf 81' lang='lat' dir='ltr'><strong>Vomcntes.</strong></span> 
     </span>
    </p>
   </div>
   <div class='ocr_carea' id='block_1_108' title="bbox 2250 5356 3037 5432">
    <p class='ocr_par' dir='ltr' id='par_1_108' title="bbox 2250 5356 3037 5432">
     <span class='ocr_line' id='line_1_108' title="bbox 2250 5356 3037 5432; baseline 0.008 -21"><span class='ocrx_word' id='word_1_713' title='bbox 2250 5356 2452 5432; x_wconf 84' lang='lat' dir='ltr'><strong>dicitur</strong></span> <span class='ocrx_word' id='word_1_714' title='bbox 2485 5362 2648 5418; x_wconf 76' lang='lat' dir='ltr'><strong>etiam</strong></span> <span class='ocrx_word' id='word_1_715' title='bbox 2680 5362 3037 5432; x_wconf 78' lang='grc' dir='ltr'><strong>ὑπεμφαίνει.</strong></span> 
     </span>
    </p>
   </div>
   <div class='ocr_carea' id='block_1_109' title="bbox 2321 5430 2968 5497">
    <p class='ocr_par' dir='ltr' id='par_1_109' title="bbox 2321 5430 2968 5497">
     <span class='ocr_line' id='line_1_109' title="bbox 2321 5430 2968 5497; baseline 0 -10"><span class='ocrx_word' id='word_1_716' title='bbox 2321 5430 2434 5497; x_wconf 69' lang='lat'><strong>(90)</strong></span> <span class='ocrx_word' id='word_1_717' title='bbox 2465 5433 2632 5487; x_wconf 81' lang='grc' dir='ltr'><strong>αὑτοῦ</strong></span> <span class='ocrx_word' id='word_1_718' title='bbox 2666 5430 2872 5488; x_wconf 83' lang='lat' dir='ltr'><strong>omittit</strong></span> <span class='ocrx_word' id='word_1_719' title='bbox 2903 5435 2968 5487; x_wconf 82' lang='grc' dir='ltr'><strong>Α.</strong></span> 
     </span>
    </p>
   </div>
   <div class='ocr_carea' id='block_1_110' title="bbox 2330 5504 3411 5574">
    <p class='ocr_par' dir='ltr' id='par_1_110' title="bbox 2330 5504 3411 5574">
     <span class='ocr_line' id='line_1_110' title="bbox 2330 5504 3411 5574; baseline 0.007 -23"><span class='ocrx_word' id='word_1_720' title='bbox 2330 5504 2442 5571; x_wconf 71' lang='lat' dir='ltr'><strong>(tu)</strong></span> <span class='ocrx_word' id='word_1_721' title='bbox 2472 5504 2670 5568; x_wconf 78' lang='grc' dir='ltr'><strong>κακίας</strong></span> <span class='ocrx_word' id='word_1_722' title='bbox 2711 5504 2840 5574; x_wconf 71' lang='lat' dir='ltr'><strong>legit</strong></span> <span class='ocrx_word' id='word_1_723' title='bbox 2864 5504 3189 5559; x_wconf 82' lang='lat' dir='ltr'><strong>llentenius.</strong></span> <span class='ocrx_word' id='word_1_724' title='bbox 3225 5504 3411 5559; x_wconf 80' lang='lat' dir='ltr'><strong>Recte.</strong></span> 
     </span>
    </p>
   </div>
   <div class='ocr_carea' id='block_1_111' title="bbox 2320 5573 3552 5647">
    <p class='ocr_par' dir='ltr' id='par_1_111' title="bbox 2320 5573 3552 5647">
     <span class='ocr_line' id='line_1_111' title="bbox 2320 5573 3552 5647; baseline 0.001 -20"><span class='ocrx_word' id='word_1_725' title='bbox 2320 5574 2433 5645; x_wconf 71' lang='lat'><strong>(92)</strong></span> <span class='ocrx_word' id='word_1_726' title='bbox 2470 5575 2533 5628; x_wconf 79' lang='grc' dir='ltr'><strong>ἐκ</strong></span> <span class='ocrx_word' id='word_1_727' title='bbox 2559 5574 2657 5644; x_wconf 83' lang='grc' dir='ltr'><strong>τῆς</strong></span> <span class='ocrx_word' id='word_1_728' title='bbox 2687 5573 2889 5638; x_wconf 82' lang='grc' dir='ltr'><strong>κακίας</strong></span> <span class='ocrx_word' id='word_1_729' title='bbox 2919 5589 3018 5645; x_wconf 88' lang='lat' dir='ltr'><strong>pro</strong></span> <span class='ocrx_word' id='word_1_730' title='bbox 3045 5577 3103 5631; x_wconf 73' lang='grc' dir='ltr'><strong>ιν</strong></span> <span class='ocrx_word' id='word_1_731' title='bbox 3135 5577 3202 5646; x_wconf 71' lang='grc' dir='ltr'><strong>τῇ</strong></span> <span class='ocrx_word' id='word_1_732' title='bbox 3231 5575 3455 5647; x_wconf 78' lang='grc' dir='ltr'><strong>καρδίᾳ.</strong></span> <span class='ocrx_word' id='word_1_733' title='bbox 3486 5573 3552 5630; x_wconf 75' lang='grc' dir='ltr'><strong>Α.</strong></span> 
     </span>
    </p>
   </div>
  </div>
