4096 6420
239 403 357 466 4οῦ

1097 403 1487 469 COMMENT.
1534 407 1621 471 IN
1656 406 2137 470 ΜΑΤΤΗίΕΗΜ.
2204 437 2242 446 -
2280 413 2448 477 CAP.
2483 417 2636 477 XIII

3415 428 3524 489 406

321 513 420 577 ’ος
448 541 476 553 -
501 541 520 550 ο
551 510 890 580 τριάκοντα.
931 512 1116 568 Ταῦτα
1179 516 1548 587 προλαϐόντες
1607 513 1838 576 ἐντελῶς

2017 515 2174 573 Vers.
2226 519 2317 575 25.
2365 521 2962 596 Qui—trigecuplum.
3023 526 3152 583 lltrc
3206 528 3261 584 in
3318 544 3525 600 pmzt-e-

237 600 734 670 διηρμηνεύσαμεν
762 602 1044 674 ἀνωτέρω.

319 695 554 764 Ἄλλην
594 722 667 733 -
696 692 766 747 ἐν
798 692 881 760 τῷ
933 695 1094 765 ἀγρῷ
1143 699 1354 754 αὐτοῦ.
1409 700 1697 756 Βασιλείαν
1726 703 1836 756 τῶν

234 784 508 855 οὐρανῶν,
559 783 754 838 ἑαυτὸν
809 787 1067 857 ὀνομάζει
1116 788 1232 856 νῦν,
1272 792 1422 856 ὅστις
1452 794 1709 865 ὡμοιώθη
1739 797 1835 848 ἀν-

235 874 468 943 θρώπῳ,
505 874 954 947 ἐνανορωπήσας.
1005 880 1102 932 ‘Er
1127 882 1451 952 ὁμοιώματι
1475 883 1605 956 γὰρ,
1639 886 1829 956 φησὶν,

232 964 556 1030 ἀνθρώπου
612 969 954 1038 γενόμενος.
1013 973 1194 1026 Καλὸν
1237 976 1294 1028 δὲ
1352 978 1597 1049 σπέρμα,
1631 980 1835 1052 τρόπον

232 1056 429 1125 ἕτερον
484 1058 746 1124 ἐκάλεσε,
812 1064 938 1126 τοὺς
1005 1065 1156 1129 υἱοὺς
1219 1069 1319 1136 τῆς
1381 1069 1696 1140 βασιλείας,
1759 1073 1838 1138 ὡς

234 1149 405 1212 αὐτὸς
481 1151 864 1222 ἡρμήνευσεν,
915 1158 1215 1228 ἐρωτηθεὶς
1290 1163 1444 1232 παρὰ
1494 1163 1604 1217 τῶν
1657 1164 1838 1234 μαθη-

232 1239 368 1305 τῶν,
442 1243 572 1312 περὶ
628 1236 704 1296 ὦν
753 1245 990 1318 ἐροῦμεν
1058 1253 1176 1304 ἐκεῖ
1251 1256 1558 1324 γινόμενοι.
1639 1259 1834 1329 Ἀγρὸς

237 1330 297 1384 δὲ
345 1331 511 1386 αὐτοῦ
571 1336 723 1390 ἐστιν
776 1338 806 1391 ὁ
843 1340 1070 1410 κόσμος,
1117 1341 1194 1408 ὡς
1236 1346 1442 1416 κτίσμα
1505 1350 1597 1404 καὶ
1645 1352 1832 1422 κτῆμα

232 1423 426 1480 αὐτοῦ.

317 1513 422 1570 Ἐν
441 1515 510 1571 δὲ
535 1519 616 1585 τῷ
633 1520 953 1576 καθεύδειν
974 1524 1308 1594 -ἁπῆλθε.
1343 1531 1719 1601 Προαγορεύει
1741 1534 1834 1588 διὰ

231 1606 336 1677 τῆς
385 1613 704 1686 παραϐολῆς
750 1617 974 1687 ταύτης,
1037 1620 1136 1688 τὴν
1191 1621 1464 1691 δευτέραν
1525 1626 1832 1698 ἐπιϐουλὴν

231 1698 329 1751 τοῦ
352 1701 629 1760 διαϐόλου.
664 1705 839 1761 Ὅταν
866 1711 977 1780 γὰρ
1011 1711 1096 1783 ἴδῃ
1127 1710 1226 1782 τὴν
1252 1712 1426 1784 καλὴν
1471 1715 1577 1784 γῆν
1622 1735 1834 1788 καρπο-

231 1792 514 1861 φοροῦσαν
562 1797 619 1848 ἑν
661 1798 903 1862 ἑκατὸν,,
923 1800 1019 1853 καὶ
1065 1804 1124 1854 ὲν
1153 1802 1440 1874 ὲξήᾶιοντα,
1467 1807 1564 1860 καὶ
1589 1809 1646 1860 ὲν
1673 1811 1831 1882 τριά-

229 1897 424 1947 κοντα,
458 1885 532 1956 μὴ
563 1887 861 1956 δυνά-μενος
902 1891 1090 1945 λοιπὸν
1125 1895 1155 1965 ἢ
1190 1896 1442 1966 ἁρπάσαι
1475 1900 1567 1952 τὸν
1603 1903 1829 1973 σπόρον,

229 1975 264 2046 ἧ
293 1975 550 2045 φλογὶσαι
581 1981 641 2033 τὸ
691 1981 1026 2054 βλαστῆσαν,
1060 1986 1092 2057 ἢ
1126 1989 1432 2056 ἁποπνὶξαι
1460 1993 1616 2058 αὐτὸ,
1647 1994 1834 2048 δευτέ-

232 2084 338 2137 ραν
360 2069 574 2138 μέτεισι
608 2073 885 2145 μηχανὴν,
936 2078 1032 2131 καὶ
1081 2079 1157 2143 ὡς
1189 2081 1386 2154 ἐχθρὸς
1420 2086 1515 2137 τοῦ
1553 2087 1831 2158 γεωργοῦ,

232 2165 530 2229 σπουδάζει
581 2167 897 2240 διαφθεῖραι
931 2172 1025 2223 τὸν
1060 2175 1228 2227 πόνον
1282 2176 1472 2243 αὐτοῦ,
1506 2180 1601 2233 καὶ
1632 2199 1838 2252 κοιμωο

234 2251 416 2320 μένων
471 2255 583 2307 τῶν
659 2258 998 2327 ἀνθρώπων,
1057 2263 1251 2332 ἡγουν,
1321 2267 1834 2336 ἀφροντιστούντων

231 2347 366 2413 περὶ
397 2346 493 2415 τὴν
523 2346 634 2419 (22)
677 2350 926 2420 φυλακὴν
950 2352 1045 2406 τοῦ
1084 2355 1259 2424 ἀγροῦ
1289 2371 1302 2386 ·
1340 2360 1598 2428 ἐμφαίνει
1625 2365 1682 2416 δὲ
1707 2367 1836 2429 τοὺς

229 2433 610 2501 διδασκάλους,
635 2442 764 2504 τοὺς
789 2442 1039 2511 φύλακας
1057 2447 1166 2502 τῶν
1190 2449 1494 2519 epeos/.ng
1513 2470 1526 2483 '
1555 2458 1834 2529 ἐνσπείρει

231 2524 475 2591 ζιζάνια,
505 2532 810 2597 τουτέστιν,
869 2537 1221 2605 αἱρετικοὺς,
1281 2543 1488 2611 μεταξῦ
1537 2547 1647 2600 τῶν
1682 2549 1837 2620 ὀρθο-

230 2615 420 2680 δόξων.
451 2620 686 2684 Τούτους
714 2623 822 2694 γὰρ
883 2626 1134 2698 ὠνόμασε
1163 2637 1329 2701 σῖτον,
1370 2636 1447 2700 ὡς
1497 2615 1833 2712 εὐχρήστους

231 2708 315 2779 τῷ
344 2712 656 2782 σπείραντι.

312 2804 445 2857 Ὅτε
495 2836 566 2846 -
625 2809 862 2871 {illinc}.
916 2816 1131 2888 Ὠσπερ
1184 2819 1280 2872 οὖν
1333 2822 1445 2893 (23)
1496 2826 1562 2877 τὰ
1613 2811 1834 2892 ζιζάνια

233 2894 448 2949 ὲοῖκασι
519 2900 617 2968 μὲν
669 2903 744 2974 τῷ
790 2906 942 2978 σίτῳ,
978 2911 1121 2962 κατά
1163 2911 1263 2983 τὴν
1293 2916 1584 2987 καλάμην,
1648 2921 1835 2974 ἀπεοι-

231 3000 366 3077 κασι
420 2986 501 3052 δὲ,
567 2993 711 3045 κατὰ
760 2995 856 3048 τὸν
913 2999 1167 3067 καρπόνο
1226 3003 1334 3054 εἰσὶ
1379 3004 1432 3056 δὲ
1470 2986 1714 3077 βλαϐερά
1755 3009 1834 3077 τῷ

235 3074 404 3145 σίτῳ·
470 3077 615 3132 οὕτω
677 3083 772 3135 καὶ
829 3085 884 3136 οἱ
962 3088 1234 3154 αἱρετικοὶ
1303 3091 1512 3144 ἐοίκασι
1558 3074 1657 3162 μὲν
1721 3074 1834 3160 τοῖς

1941 608 2197 666 dentibus
2225 612 2468 681 perfecte
2508 630 2699 674 sumus
2731 617 3096 689 interpretati.

2011 701 2168 758 Vers.
2213 704 2303 760 24.
2349 707 2531 761 Aliam
2557 738 2628 750 --
2655 726 2784 783 agro
2811 727 2932 766 suo.
2983 709 3231 783 Regnum
3261 713 3527 769 cmlorum

1940 810 2090 851 nunc
2144 797 2384 867 seipsnm
2430 802 2675 856 nominat
2743 803 2834 872 qui
2877 811 3162 872 assumpta
3219 819 3389 860 carne
3420 805 3528 862 ho-

1941 887 2076 941 mini
2137 890 2470 946 assimilatus
2521 901 2625 946 est.
2679 892 2743 947 In
2797 893 3169 961 similitudine,
3203 896 3530 966 inquit,lto-

1938 980 2142 1034 minum
2169 984 2402 1051 factus’.
2463 983 2660 1039 Semen
2713 996 2896 1042 autem
2952 988 3159 1043 bonum
3221 989 3329 1043 alio
3365 990 3530 1046 modo

1941 1071 2081 1126 lilios
2145 1073 2297 1144 regni
2355 1077 2592 1141 vocavit,
2664 1087 2828 1144 prout
2900 1080 3018 1149 ipse
3093 1080 3461 1152 interrogatus
3499 1099 3531 1134 ει

1937 1162 2221 1234 discipulis
2275 1164 2669 1235 interpretatus
2701 1177 2806 1232 est,
2856 1169 3318 1240 quemadmodum
3381 1171 3528 1227 dice-

1940 1269 2084 1321 mus,
2140 1270 2264 1310 cum
2339 1271 2406 1311 eo
2479 1259 2917 1328 pervenerimus.
2992 1260 3142 1334 Ager
3193 1277 3324 1318 vero
3387 1263 3528 1334 ejus.

1936 1347 2177 1402 mundus
2223 1355 2326 1412 est,
2381 1357 2636 1419 tanquam
2686 1360 2937 1407 creatura
2980 1367 3046 1409 ac
3081 1354 3358 1426 possessio
3386 1356 3529 1425 ejus.

2007 1525 2164 1582 Vers.
2211 1525 2304 1581 25.
2335 1525 2726 1585 Dormientibus
2762 1540 2940 1586 autem
2962 1562 3032 1572 —
3055 1533 3209 1588 abiit.
3278 1530 3391 1587 Hac
3425 1547 3524 1602 pa-

1933 1618 2120 1672 rabola
2143 1619 2342 1674 alteras
2375 1620 2574 1675 diaboli
2610 1621 2836 1678 insidias
2860 1623 3175 1679 denuntiat.
3210 1623 3347 1678 Cum
3376 1621 3525 1677 enim

1933 1717 2136 1763 terram
2187 1710 2386 1764 bonam
2429 1710 2626 1766 viderit
2677 1712 2916 1769 fructum
2946 1714 3250 1785 producere
3275 1723 3368 1768 aut
3397 1728 3530 1768 cen-

1937 1801 2150 1870 tuplum
2215 1809 2313 1857 aut
2351 1804 2795 1874 sexagecnplum,
2833 1815 2928 1860 aut
2982 1806 3363 1877 trigecuplutn,
3426 1818 3531 1858 nec

1941 1908 2104 1963 posse
2152 1910 2211 1950 se
2253 1899 2350 1950 a'ut
2374 1911 2560 1951 semen
2601 1911 2817 1967 rapere,
2863 1908 2958 1952 aut
2985 1898 3130 1968 quod
3161 1897 3528 1968 germinatum

1940 1993 2023 2038 est
2060 2000 2221 2039 urere
2271 1986 2356 2040 vel
2393 1985 2686 2051 suﬂocare,
2725 1987 2997 2042 secundas
3038 1987 3354 2058 aggreditur
3399 1985 3530 2040 insi-

1939 2076 2077 2143 dias,
2113 2085 2168 2130 et
2199 2085 2463 2147 tanquam
2516 2077 2635 2145 ejus
2674 2079 2767 2148 qui
2814 2079 3106 2133 seminavit
3136 2079 3414 2143 inimicus,
3447 2077 3531 2132 ni-

1940 2171 2077 2224 titur
2145 2171 2292 2226 illius
2357 2173 2598 2227 laborem
2667 2173 2949 2242 perdere:
3021 2170 3530 2240 dormientibusqne

1940 2260 2276 2328 hominibus,
2326 2263 2442 2318 sive
2472 2279 2662 2319 curam
2713 2265 2858 2319 circa
2916 2263 3031 2335 agri
3074 2263 3384 2319 custodiam
3439 2277 3528 2317 re-

1938 2355 2282 2409 mittentibus
2313 2356 2541 2421 (indicat
2571 2365 2756 2412 autem
2809 2367 3181 2428 praeceptores
3225 2367 3278 2411 et
3324 2354 3528 2426 magis-

1938 2456 2071 2512 tros,
2103 2448 2194 2516 qui
2222 2448 2649 2503 orthodoxorum
2681 2456 2808 2504 sunt
2837 2449 3113 2518 custodes)
3149 2447 3528 2502 interseminat

1939 2539 2166 2606 zizania,
2205 2539 2311 2594 hoc
2366 2549 2450 2594 est
2486 2540 2774 2595 haereticos
2807 2540 2951 2594 inter
2986 2539 3363 2594 orthodoxos:
3400 2553 3524 2591 nam

1937 2632 2038 2687 bos
2085 2633 2326 2688 triticum
2371 2632 2696 2697 nominavit,
2737 2641 2994 2703 tanquam
3026 2633 3073 2686 ei
3102 2635 3190 2702 qui
3233 2630 3526 2686 seminavit

1938 2728 2124 2782 utiles.

2013 2819 2164 2874 Vers.
2202 2817 2293 2872 26.
2336 2817 2466 2873 Cum
2497 2848 2562 2858 -—
2589 2817 2823 2871 zizania.
2857 2815 3338 2883 Quemadmodum
3383 2815 3519 2869 ziza-

1939 2911 2030 2965 nia
2075 2910 2257 2964 tritico
2308 2910 2507 2965 similia
2566 2907 2697 2964 sunt
2761 2909 2816 2961 in
2871 2909 3164 2971 arundine,
3241 2907 3523 2961 dissimilia

1938 3018 2070 3057 vero
2105 3003 2157 3054 in
2207 3002 2412 3064 fructu,
2462 3001 2622 3071 eique
2651 3002 2844 3057 nociva
2884 3008 3053 3056 sunt:
3091 3001 3162 3054 ita
3191 3010 3246 3055 et
3283 2999 3522 3054 haeretici

1939 3093 2261 3148 orthodoxis
2318 3100 2448 3147 sunt
2483 3092 2689 3147 similes
2745 3092 2954 3154 habitu,
2995 3091 3089 3146 sed
3129 3091 3329 3144 virtute
3357 3090 3522 3144 dissi-

233 3168 544 3238 ὁρθοδόξοις
593 3174 736 3226 κατὰ
771 3176 833 3228 τὸ
865 3176 1052 3247 σχῆμα
1075 3196 1088 3210 ο
1131 3181 1425 3235 άπεοὶκασι
1451 3184 1507 3237 δὲ
1539 3190 1685 3242 κατὰ
1715 3189 1814 3254 τὴν
1843 3201 1850 3240 t

1936 3187 2106 3252 niles,
2138 3202 2259 3256 quae
2290 3197 2376 3242 est
2399 3187 2647 3253 fructus;
2683 3185 2855 3240 virtus
2887 3195 3068 3238 autem
3102 3192 3158 3238 ct
3180 3183 3385 3254 primus
3408 3197 3511 3236 om-

230 3262 460 3333 ἀρετὴν,
491 3265 612 3334 ἥτις
674 3267 790 3320 ἐστὶ
841 3271 1077 3340 καρπός.
1132 3273 1334 3343 Ἀρετὴ
1363 3275 1420 3327 δὲ
1457 3279 1552 3330 καὶ
1593 3283 1826 3350 καρπὸς,

233 3356 342 3422 πρὸ
373 3357 614 3421 πάντων,
655 3361 687 3426 ἠ
720 3360 830 3412 τῶν
866 3361 1157 3431 δογμάτων
1187 3365 1436 3436 ἀλήθεια.

305 3448 417 3502 Καὶ
445 3448 699 3522 καθάπερ
721 3452 791 3505 τὰ
826 3453 1047 3518 ζιζάνια
1083 3457 1246 3527 μέχρι
1275 3461 1378 3528 μὲν
1412 3462 1514 3531 τῆς
1543 3481 1829 3535 καρποφο-

234 3539 360 3609 ρίας
438 3541 769 3598 λανθάνοντα
857 3547 1267 3613 συναύξονται,
1347 3553 1468 3606 τότε
1547 3557 1697 3627 (24)
1773 3560 1828 3613 δὲ

229 3633 688 3702 διαγινώσκονται
712 3655 726 3670 ο
761 3639 936 3704 οὕτως
973 3642 1080 3712 ἄρα
1115 3644 1209 3697 καὶ
1239 3647 1287 3698 οἱ
1333 3648 1627 3716 αἱρετικοὶ,
1661 3652 1827 3724 μέχρι

235 3727 340 3794 μὲν
386 3727 483 3780 τοῦ
515 3729 816 3795 διδάσκειν,
871 3733 1233 3798 λανθάνοντες
1287 3739 1703 3808 συνδιάγουσιν·
1737 3745 1826 3798 ὅτε

229 3820 288 3873 δὲ
345 3820 459 3891 (25)
506 3823 708 3891 πολλὴν
757 3823 966 3878 λάϐωσι
1015 3829 1334 3898 παρρησίαν
1367 3871 1382 3897 ,
1439 3833 1560 3886 τότε
1607 3835 1698 3888 τὸν
1748 3839 1826 3891 ἰὸν

229 3914 486 3982 ἐκχέουσι
540 3915 636 3968 καὶ
688 3916 1162 3984 διαγινώσκονται.
1223 3923 1310 3974 Διὸ
1380 3927 1473 3977 καὶ
1537 3928 1824 3995 προλαϐὼν

229 4001 408 4068 εἶπεν,
434 4007 516 4059 δτι
565 4007 707 4062 Ἀπὸ
740 4007 861 4061 τῶν
889 4027 999 4078 amp
1011 4010 1133 4064 τῶν
1181 4013 1381 4067 αὐτῶν
1407 4018 1824 4086 ἐπιγνώσεσθε

224 4100 472 4166 αὐτούς.
505 4101 612 4153 Καὶ
638 4101 840 4172 ἑτέρως
863 4102 922 4156 δέ
946 4120 958 4132 ·
984 4105 1072 4156 ὅτε
1107 4106 1204 4174 μὲν
1228 4105 1486 4177 ἔσπειρεν
1509 4110 1536 4160 ὀ
1564 4113 1821 4182 Χριστὸς,

226 4193 327 4243 οὐκ
355 4193 636 4260 ἐφάνησαν
669 4184 965 4266 α’ῑρετικοξο
1011 4197 1099 4250 ὅτε
1127 4197 1183 4250 δὲ
1233 4199 1549 4271 ηὐξήθησαν
1580 4204 1630 4256 οἱ
1669 4206 1822 4275 ὀρθό-

223 4282 390 4349 δοξοι,
423 4285 546 4340 τότε
580 4288 952 4359 ἀνεφάνησαν.

299 4380 757 4446 Προσελθόντες
805 4414 876 4423 -
928 4382 1185 4450 (Ifdrta;
1244 4389 1648 4461 Οἰκοδεσπότης
1721 4395 1820 4464 μέν

224 4471 379 4523 ἐστιν
421 4470 607 4532 αὐτὸς,
666 4472 742 4535 ὡς
793 4473 888 4527 τοῦ
937 4476 1143 4545 κόσμου
1205 4480 1527 4550 Δεσπότηςο
1591 4485 1818 4545 δούλους

223 4562 280 4614 δὲ
307 4563 507 4627 αὐτοὺς
535 4563 710 4617 ταῦτα
739 4565 997 4632 λέγοντας
1025 4569 1272 4637 πλάττει,
1306 4574 1432 4637 τοὺς
1452 4574 1818 4650 θερμοτέρους

224 4657 306 4720 εἰς
340 4657 431 4708 τὶν
467 4657 606 4727 ὑπὲρ
626 4659 907 4722 εὐσεϐείας
939 4661 1100 4730 ζῆλον
1138 4663 1478 4731 ὁρθοδόξους,
1513 4669 1562 4721 οἳ
1601 4671 1803 4725 πολλά-

223 4762 313 4809 κις
359 4747 794 4814 ἀγανακτοῦντες
823 4747 1241 4820 ἐξαποροῦνται,
1277 4757 1394 4819 πῶς
1427 4759 1455 4810 ὁ
1479 4759 1612 4822 Θεὸς
1641 4779 1816 4833 παρα-

223 4840 398 4908 χωρεῖ
420 4839 641 4894 τοιαῦτα
670 4842 902 4911 φύεσθαι
935 4847 1168 4911 ζιζάνια.

309 4927 366 4978 ’0
395 4927 464 4981 δὲ
521 4962 590 4972 -
644 4933 953 5001 ἐποίησεν.
1011 4939 1334 5010 ’Ἄνθρωπον
1383 4944 1674 5014 ὠνόμασε,
1723 4952 1814 5004 τὸν

1935 3279 2085 3334 nium
2120 3278 2329 3334 fructus
2359 3287 2461 3348 est,
2495 3280 2808 3350 dogmatum
2835 3276 3056 3332 veritas.

2007 3475 2071 3529 Et
2110 3475 2569 3545 quemadmodum
2625 3474 2831 3528 zizania
2869 3487 3042 3540 usque
3097 3471 3166 3526 ad
3217 3467 3518 3524 fructiﬁca-

1935 3568 2138 3621 tionent
2174 3567 2444 3621 occultata
2480 3575 2758 3628 crescunt,
2799 3575 2932 3619 tunc
2967 3574 3152 3618 autent
3188 3561 3513 3633 dignoscan-

1934 3669 2042 3722 tur,
2100 3659 2171 3713 ita
2207 3675 2340 3714 sane
2402 3669 2458 3714 et
2511 3660 2751 3713 haeretici
2804 3670 3089 3728 quousque
3141 3655 3375 3709 doceant
3423 3649 3519 3722 (ο),

1934 3752 2164 3806 latentes
2219 3762 2544 3821 permanent
2579 3769 2590 3803 :
2632 3752 2721 3806 ulti
2762 3766 2888 3806 vero
2928 3764 3178 3820 magnam
3205 3759 3516 3816 assumpse-

1932 3845 2038 3898 rinl
2081 3845 2359 3907 Muciam,
2412 3855 2542 3900 tunc
2575 3860 2847 3900 venenum
2877 3843 3168 3898 eﬂ'undunt
3193 3855 3256 3894 ac
3299 3837 3517 3906 dignos-

1930 3947 2149 3989 cnntur.
2213 3935 2341 3989 ldeo
2393 3951 2612 4005 quoque
2654 3935 2709 3989 in
2772 3931 3214 4003 praecedentibus
3247 3923 3383 3981 dixit
3427 3943 3440 3978 :
3478 3929 3516 3977 Α

1929 4027 2182 4094 fructibus
2212 4043 2390 4080 eorum
2420 4027 2736 4097 cngnoscetis
2763 4042 2850 4079 eos
2874 4025 2940 4076 ‘°.
2971 4023 3238 4076 Prwtcrea
3264 4028 3317 4073 ct
3340 4019 3518 4079 aliter,

1927 4120 2147 4187 quando
2177 4119 2464 4174 seminavit
2501 4118 2775 4182 Christus,
2813 4127 2944 4171 tunc
2988 4131 3096 4168 non
3133 4121 3515 4183 apparuerunt

1931 4209 2215 4276 haeretici;
2255 4225 2379 4264 cum
2415 4221 2598 4264 autem
2650 4207 2958 4264 crevissent
3007 4204 3324 4271 orthodoxi,
3392 4211 3515 4256 tunc

1927 4301 2285 4356 demonstrati
2311 4311 2460 4356 sunt.

2003 4393 2169 4452 Vcrs.
2211 4395 2303 4449 27.
2345 4394 2656 4448 Acccdentes
2683 4425 2750 4435 -—
2773 4394 2982 4446 zizania
3017 4394 3041 4447 ?
3116 4387 3515 4444 Paterfamilias

1926 4494 2044 4562 ipse
2073 4501 2157 4546 est
2187 4489 2441 4545 Christus
2475 4499 2733 4558 tanquam
2772 4485 2960 4541 mundi
2995 4484 3294 4539 Dominus:
3330 4496 3514 4536 servos

1925 4599 2058 4638 vero
2105 4597 2234 4638 suos
2284 4582 2377 4652 qui
2419 4581 2533 4635 lure
2577 4581 2762 4635 dicant
2794 4579 2998 4648 ellingit
3037 4575 3393 4636 orthodoxos,
3423 4573 3514 4642 qui

1927 4675 2315 4730 ferventiorem
2365 4689 2491 4743 erga
2527 4674 2734 4726 cultum
2765 4686 2924 4725 suum
2955 4677 3155 4739 gerunt
3195 4667 3392 4730 zelum,
3421 4665 3514 4732 qui

1925 4768 2244 4836 frequenter
2313 4766 2656 4820 admirantur
2706 4779 2829 4816 cum
2913 4760 3310 4831 indignatione,
3369 4758 3514 4827 quod

1923 4862 2070 4915 Deus
2097 4859 2304 4913 zizania
2345 4858 2492 4912 nasci
2525 4857 2826 4927 permittat.

1998 4951 2151 5005 Vers.
2190 4951 2279 5003 23.
2343 4949 2443 5003 Ille
2503 4949 2951 5018 autent—fecit.
3015 4947 3303 4999 Il‘nntincm
3375 4943 3512 4996 dixit

222 5018 498 5089 διάϐολον,
546 5023 623 5090 ὡς
657 5028 812 5082 οὐδὲν
838 5029 1130 5099 ἀνθρώπου
1190 5033 1542 5103 διαυὲοοντα,
1577 5047 1716 5098 κατὰ
1756 5051 1817 5099 τὸ

1939 5046 1997 5098 lia
2013 5046 2195 5099 bolum
2240 5057 2493 5115 tanquam
2529 5045 2660 5097 nihil
2686 5043 2751 5098 ab
2787 5041 3100 5096 hominibus
3131 5039 3525 5100 dilicrcnlem,

392 5163 636 5234 Philipp.
665 5181 726 5229 ll,
762 5166 812 5219 7.
933 5171 974 5200 ‘°
1008 5169 1202 5226 Matth.
1235 5188 1331 5240 vn,
1369 5173 1452 5229 16.

1427 5313 1623 5374 Varim
1658 5314 1963 5378 lectiones
1995 5325 2055 5378 et
2090 5325 2278 5381 noue.

297 5468 409 5538 (‘12)
459 5469 571 5538 Τῆς
615 5471 890 5546 Δφυλακῆς.
927 5473 995 5526 Α.
1047 5479 1437 5542 Αερροντιστεῖν
1490 5478 1810 5546 plerumque

223 5541 469 5616 pingitur
504 5541 767 5609 genitivo,
802 5558 922 5616 sane
957 5541 1344 5612 prn‘pOSitionc
1403 5541 1661 5616 lla'apttd
1702 5541 1807 5601 Xe-

223 5611 393 5676 noplt.
429 5609 685 5678 Sytttpns.
717 5626 828 5672 \'Ill,
858 5612 945 5666 55.

295 5679 408 5747 (‘23)
442 5677 730 5736 Obviabest
765 5686 826 5744 A,

1993 5482 2104 5551 ('25)
2143 5481 2278 5535 Τότε
2307 5482 2362 5535 δὲ
2387 5481 2839 5549 διαγινώσκονται
2871 5483 3073 5538 absunt
3101 5497 3161 5536 Λ.

1991 5553 2102 5615 (:25)
2143 5555 2251 5606 Kal
2286 5568 2381 5607 oro
2425 5552 2500 5607 δέ.
2549 5553 2610 5608 Α.
2637 5553 2755 5608 Mox
2785 5554 2930 5609 idem
2964 5554 3220 5617 λάϐοντες
3252 5553 3369 5622 (sic)
3407 5569 3530 5620 pro.

1916 5622 2145 5679 λάὅωσι.

293 5841 368 5908 (o)
404 5843 685 5913 Quousque
735 5848 974 5900 doceant.
1033 5847 1316 5902 Sententia
1359 5860 1460 5904 est.
1516 5860 1800 5904 anlcmmm
1825 5860 2060 5906 doceant.
