4086 6420
561 361 664 428 ιιι

1796 356 2184 432 summu
2222 369 2590 432 ZIGABENI

3718 360 3829 426 612

564 492 666 546 per
708 491 992 534 numerum
1041 478 1226 542 trium,
1279 476 1447 532 multa
1479 476 1787 548 signiﬁcare
1821 479 2022 533 solent.
2082 475 2149 530 Et

2268 479 2564 548 πημαίνειν.
2599 475 2705 531 Και
2737 480 2875 547 γυνη
2907 476 3005 544 μὲν
3035 476 3260 539 νοεῖται,
3291 476 3330 543 ἡ
3358 472 3542 542 σοφία,
3580 474 3772 544 ἤγουν,
3803 476 3834 528 6

565 567 764 622 mulier
807 568 1122 639 intelligitur"
1151 567 1444 638 sapientia,
1520 568 1639 622 sive
1703 569 1819 636 ipse
1872 566 2143 630 Christus,

565 669 633 708 eo
660 656 806 724 quod
846 657 1037 712 fertilis
1070 657 1140 711 sit
1202 672 1267 712 ac
1317 659 1548 713 nutriat.
1593 658 1805 714 Fideles
1879 657 2148 726 siquidem

568 761 664 811 per
714 747 1043 815 baptismum
1089 759 1331 818 generat,
1389 764 1591 817 eosque
1638 749 1770 804 cib‘o
1834 749 2147 818 dogmatum

567 835 690 890 ﬁdei
734 837 960 892 enutrit.
1003 837 1296 894 Fermcnto
1357 850 1536 892 autem
1570 848 1920 908 comparatur
1970 853 2150 893 sermo

571 926 717 983 tidei.
764 927 917 982 Sicut
971 930 1118 984 enim
1180 931 1504 984 fermentum
1549 946 1672 984 cum
1733 932 1798 984 sit
1853 930 2146 992 modicum,

569 1017 624 1070 in
671 1019 844 1075 multa
896 1031 1076 1075 tamen
1109 1021 1282 1076 farina
1337 1022 1740 1084 absconditum,
1775 1037 1872 1091 per
1892 1036 2152 1090 consper-

571 1112 781 1168 sionem
818 1115 890 1184 (ιι)
941 1125 1111 1170 totam
1165 1115 1394 1171 farinam
1429 1117 1483 1170 in
1526 1133 1692 1171 unum
1744 1117 1902 1171 simul
1947 1130 2150 1185 corpus

569 1204 710 1266 unit,
773 1215 829 1259 et
876 1207 929 1259 in
976 1206 1200 1260 alteram
1268 1208 1530 1279 speciem,
1577 1209 1645 1263 ab
1677 1224 1738 1262 ea
1789 1223 1950 1277 quam
2000 1208 2152 1278 prius

570 1295 822 1360 habebat,
884 1305 1255 1353 transmutat:
1302 1314 1539 1369 cumque
1573 1299 1750 1354 farina
1787 1314 1874 1353 res
1916 1299 1986 1354 sit
2010 1315 2152 1352 mor-

571 1397 683 1451 tua,
728 1402 848 1442 eam
887 1389 1290 1456 quodammodo
1357 1392 1615 1455 viviﬁcat,
1665 1407 1729 1446 ac
1779 1392 1888 1447 vim
1946 1393 2154 1447 habens

570 1477 824 1544 aetivam,
867 1494 1083 1534 sursum
1132 1483 1428 1537 ascendere
1479 1483 1629 1539 facit.
1671 1484 1746 1539 lla
1774 1487 2150 1555 quoqueiiidei

571 1585 772 1635 sermo,
823 1587 946 1626 eum
988 1581 1044 1626 ut
1074 1574 1277 1628 dictum
1314 1585 1418 1639 est,
1454 1576 1758 1642 quantitate
1788 1577 1860 1632 sit
1883 1577 2150 1641 modicus,

572 1660 631 1714 in
693 1663 988 1732 multorum
1031 1665 1316 1719 hominum
1365 1666 1654 1723 animabus
1711 1672 2016 1724 occultatus
2059 1684 2155 1738 per

571 1752 896 1820 doctrinam,
940 1769 1132 1809 omnes
1162 1757 1216 1808 in
1284 1772 1454 1810 unum
1489 1759 1612 1812 unit
1646 1759 1902 1814 Ecclesia:
1932 1775 2152 1827 corpus,

2255 569 2515 638 Χριστὸς,
2560 566 2650 620 διὰ
2703 566 2766 620 τὸ
2809 567 3031 636 γόνιμον
3062 565 3156 619 καὶ
3187 563 3477 635 τρόφιμον.
3522 565 3690 636 Γεννᾷ
3725 565 3832 635 γὰρ

2255 661 2383 720 τοὺς
2410 659 2635 722 πιστοὺς
2657 656 2746 710 διὰ
2765 655 2873 710 τοῦ
2887 655 3286 727 βαπτίσματος,
3310 655 3405 709 καὶ
3425 655 3619 724 τρέφει
3638 654 3836 717 αὐτοὺς

2256 755 2321 819 τῇ
2376 750 2577 821 βρώσει
2620 749 2731 803 τῶν
2776 749 3062 817 δογμάτων
3102 747 3202 817 τῆς
3247 748 3516 808 πίστεως·
3559 745 3706 816 ζύμῃ
3754 745 3830 808 δὲ,

2256 846 2284 898 ό
2315 844 2473 911 λόγος
2505 844 2605 912 τῆς
2637 844 2872 905 πίστεως
2908 839 3326 912 παρεικάζεται,
3355 839 3489 891 διότι
3522 837 3834 908 καθάπερή

2258 937 2434 1005 ζύμη,
2466 935 2624 1005 ὀλίγη
2653 952 2737 998 τις
2767 932 2922 996 οὖσα,
2956 932 3052 986 καὶ
3081 933 3157 994 είς
3192 931 3329 986 πολὺ
3360 929 3595 997 ἄλευρον
3629 932 3840 997 ἐγκρυ-

2257 1029 2435 1092 ϐεἰσα,
2475 1026 2564 1079 διὰ
2593 1027 2691 1093 τῆς
2721 1025 3119 1094 ἁναφυράσεως
3157 1021 3278 1074 ὅλον
3313 1020 3374 1073 τὸ
3403 1020 3632 1089 ἄλευρον
3662 1025 3741 1080 ες
3777 1018 3836 1070 ἰν

2261 1116 2419 1187 σῶμα
2456 1117 2698 1179 συνενοί,
2731 1115 2829 1167 καὶ
2864 1115 2944 1176 είς
2974 1115 3163 1182 ἓτερον
3195 1108 3356 1174 εἶδος,
3388 1108 3531 1181 παρὸ
3563 1110 3841 1179 πρότερον

2270 1203 2404 1277 εἶχε,
2440 1206 2688 1277 meme,
2720 1205 2814 1259 καὶ
2837 1203 3027 1274 νεκρὸν
3057 1202 3137 1266 ὃν,
3170 1204 3372 1273 τρόπον
3393 1201 3536 1266 τινὰ,
3561 1198 3712 1264 (moi,
3744 1199 3834 1250 καῖ

2257 1299 2371 1352 ἄνω
2402 1299 2608 1369 βαίνειν
2639 1293 3074 1367 παρασκευάζει,
3111 1295 3352 1364 δύναμιν
3385 1293 3584 1362 ἔχουσα
3613 1293 3836 1362 δραστι·

2260 1391 2387 1460 κήν.
2407 1387 2570 1443 Οὕτω
2604 1389 2696 1443 καὶ
2721 1389 2749 1441 ὁ
2782 1387 2941 1456 λόγος
2968 1377 3068 1456 τῆς
3103 1387 3361 1448 πίστεως,
3395 1384 3576 1452 ὀλίγος
3606 1383 3681 1437 ῶν
3713 1425 3728 1450 ,
3761 1385 3836 1446 ὡς

2262 1481 2610 1552 προείρηται,
2637 1482 2703 1550 τῇ
2732 1480 3015 1549 ποσότητι,
3047 1479 3142 1532 καὶ
3171 1477 3616 1547 ὲγκρυπτόμενος
3639 1475 3842 1546 ψυχαῖς

2261 1571 2474 1625 πολλῶν
2511 1573 2814 1642 ἀνθρώπιον
2853 1571 2941 1626 διὰ
2977 1573 3077 1642 τῆς
3107 1571 3478 1637 διδασκαλίας,
3516 1571 3732 1632 πάντας
3763 1571 3839 1631 εἰς

2260 1664 2319 1717 ἓν
2371 1665 2530 1736 σῶμα
2584 1667 2683 1734 τῆς
2751 1663 3079 1734 Ἐκκλησίας
3123 1665 3354 1738 συνενοί,
3408 1663 3502 1715 καὶ
3547 1663 3628 1722 είς
3652 1661 3844 1731 ἕτερον

2263 1751 2402 1818 εἶδος
2462 1755 2737 1818 πολιτείας
2797 1754 3049 1824 μεθιστᾷ,
3114 1755 3210 1806 καὶ
3265 1754 3493 1822 νεκροὺς
3545 1752 3712 1812 ὄντας
3763 1752 3837 1812 εἰς

572 1859 639 1898 ac
679 1844 733 1898 in
783 1844 1006 1898 alteram
1065 1846 1502 1900 conversationis
1573 1847 1813 1914 speciem
1882 1858 2156 1902 transmu-

2268 1848 2542 1918 ινέργειαν
2582 1847 2809 1918 ἀρετῆς,
2854 1849 2985 1912 ζωοί
3031 1847 3170 1918 πρὸς
3213 1848 3477 1918 ἐργασίαν
3524 1845 3699 1913 αὐτῆς
3751 1845 3843 1896 καί

572 1939 673 1997 tat,
725 1950 960 2006 cumque
1019 1937 1225 1992 mortui
1273 1938 1385 1992 sint
1435 1939 1502 1992 ad
1553 1954 1720 2006 opera
1782 1940 2022 2002 virtutis,
2075 1938 2156 1993 vi-

571 2026 754 2081 viﬁcat
789 2027 854 2082 ad
884 2027 1000 2098 ejus
1056 2027 1444 2097 Operationem
1483 2046 1495 2080 ε
1533 2037 1587 2082 et
1614 2043 1830 2082 sursum
1858 2029 2156 2084 ascendere

575 2115 708 2171 facit
750 2117 818 2172 ad
871 2118 1093 2183 caelum,
1154 2117 1448 2188 omniaque
1509 2117 1673 2172 elﬁcit
1730 2133 1828 2173 sua
1890 2119 2154 2173 ineffabili

574 2209 812 2277 potentia
823 2249 835 2262 .

650 2296 801 2350 Veis.
855 2297 945 2351 33.
988 2297 1463 2352 Donec—totum.
1513 2297 1702 2366 Neque
1763 2299 1910 2354 enim
1963 2301 2017 2354 in
2051 2300 2154 2354 ho-

575 2389 785 2442 minum
833 2387 1116 2444 animabus
1140 2390 1477 2444 occultatum
1523 2391 1791 2460 quiescet,
1825 2393 2003 2447 donec
2034 2409 2156 2447 om-

576 2495 672 2532 nes
726 2479 781 2532 in
825 2495 991 2532 unum
1053 2479 1271 2578 unierit,
1308 2495 1446 2549 quos
1516 2481 1797 2551 sapientia
1837 2482 1925 2535 ilia
1981 2484 2147 2553 prmﬁv

581 2571 740 2632 nivit,
795 2586 916 2640 qua:
973 2571 1219 2626 omnium
1299 2581 1512 2626 mentes
1581 2574 1965 2642 prccognovit.
2024 2573 2158 2627 Nam

577 2664 680 2718 tria
751 2676 863 2716 sata
932 2678 1244 2732 quanquam
1307 2663 1701 2733 signiﬁcatione
1756 2665 2159 2720 multitudinem

579 2755 989 2818 demonstrent,
1061 2764 1300 2808 attamen
1369 2769 1598 2809 numero
1661 2756 1876 2809 tandem
1940 2756 2161 2810 deﬁnita

577 2854 721 2898 sunt.
754 2843 943 2914 Magna
997 2859 1125 2915 ergo
1156 2854 1239 2898 est
1269 2845 1673 2913 pt'azdicationis
1735 2845 1951 2900 virtus:
1988 2849 2160 2916 quod-

578 2951 686 3003 que
730 2935 898 2988 semel
938 2934 1324 2989 fermentatum
1373 2944 1478 3001 est,
1522 2951 1738 2989 rursum
1773 2937 1992 3006 reliqum
2018 2939 2159 3006 parti

583 3026 915 3082 fermentum
953 3026 1317 3092 ﬁet.Quidam
1348 3038 1528 3082 autem
1553 3026 1783 3082 farinam
1835 3029 2026 3084 dicunt
2065 3031 2163 3086 ho-

2259 1944 2372 1997 άνω
2406 1941 2614 2010 βαίνειν
2643 1940 2782 2011 πρὸς
2808 1940 3038 2010 οὐρανὸν
3071 1937 3505 2009 παρασκευάζει,
3536 1939 3636 1990 καὶ
3662 1937 3840 1990 πάντα

2260 2037 2426 2100 ποιεῖ,
2453 2033 2684 2105 δύναμιν
2709 2033 2848 2104 ἒχων
2871 2033 3103 2104 ἄφατον.

2338 2295 2490 2358 Ἕως
2515 2323 2584 2331 -
2613 2293 2780 2346 ὅλον.
2815 2291 2890 2343 Ού
2923 2290 3188 2359 στήσεται
3215 2285 3324 2356 γάρ
3347 2324 3361 2347 .
3392 2283 3849 2356 ἐγκρυπτόμενος

2260 2387 2380 2447 ταῖς
2409 2385 2609 2453 ψυχαῖς
2639 2381 2747 2433 τῶν
2779 2379 3105 2451 ἀνθρώπων,
3144 2379 3248 2440 ἕως
3281 2369 3341 2430 οὗ
3368 2375 3645 2430 ἑνωθῶσιν
3676 2376 3758 2437 είς
3787 2373 3853 2427 ιν

2261 2476 2485 2539 πάντες,
2511 2474 2603 2536 οὓς
2628 2473 2934 2544 προώρισεν
2961 2473 2993 2541 ἡ
3021 2471 3241 2524 πάντων
3269 2469 3367 2532 τὰς
3391 2466 3619 2538 γνώμας
3653 2483 3850 2537 προγι-

2262 2567 2548 2621 νώτκουσα
2583 2565 2766 2635 σοφία.
2807 2565 2889 2618 Τὰ
2931 2564 3038 2633 γὰρ
3069 2563 3197 2633 τρία
3233 2563 3392 2623 σάτα,
3423 2562 3470 2614 εί
3505 2561 3601 2614 καὶ
3629 2563 3698 2629 τῇ
3731 2561 3847 2626 ἑμ-

2263 2661 2425 2730 φάσει
2455 2657 2661 2727 πλῆθος
2685 2655 2956 2728 δηλοῦσιν,
2981 2653 3120 2707 αλλὰ
3151 2652 3228 2721 τῷ
3259 2650 3479 2721 ἀριθμῷ
3515 2666 3847 2717 πεπερατω-

2265 2755 2400 2824 μένα
2424 2753 2558 2815 τέως
2581 2750 2708 2804 εἰσί.
2731 2749 2906 2819 Πολλὴ
2928 2744 3021 2801 οὖν
3042 2745 3134 2799 τοῦ
3160 2745 3516 2815 κηρύγματος
3538 2745 3571 2813 ὴ
3590 2742 3847 2810 δύναμις,

2263 2847 2359 2898 καὶ
2408 2845 2470 2897 τὸ
2499 2842 2750 2912 ζυμωοὶν
2790 2841 2958 2906 ἅπαξ,
2991 2840 3138 2908 ζύμη
3170 2839 3332 2892 πάλιν
3362 2836 3440 2908 τῷ
3482 2834 3656 2902 λοιπῷ
3691 2834 3856 2903 μέρει

2264 2939 2496 3007 γίνεται.
2529 2936 2683 3000 Τινὲς
2713 2935 2770 2988 δὲ
2800 2934 3030 3005 ἄλευρον
3064 2933 3162 3001 μὲν
3189 2932 3409 2998 λέγυυσι
3428 2969 3444 2995 ,
3478 2929 3604 2990 τοὺς
3633 2925 3852 2997 ἀνθρώ-

2264 3047 2400 3092 πους
2421 3045 2435 3058 °
2470 3028 2608 3082 σάτα
2637 3027 2712 3093 δὲ,
2746 3027 2886 3097 ἢτοι,
2925 3025 3102 3094 μέτρα
3159 3024 3309 3094 τρία,
3339 3022 3467 3083 τοὺς
3532 3018 3856 3080 Ἰουδαίους,

581 3120 792 3172 mines:
822 3127 934 3171 sata
980 3134 1110 3171 vero
1154 3120 1253 3172 tria
1285 3119 1400 3173 sive
1443 3131 1552 3174 tres
1581 3134 1891 3188 mensuras,
1925 3121 2160 3190 Iudaeos,

2268 3123 2390 3184 τοὺς
2419 3117 2784 3191 Σαμαρείτας,
2811 3116 2907 3171 καὶ⁵
2930 3115 3055 3179 τοὺς
3080 3114 3366 3184 Ἕλληνας.

579 3210 948 3264 Samaritanas
981 3220 1035 3263 ct
1063 3209 1299 3264 Graecos.

655 3299 806 3353 \‘ers.
835 3301 920 3364 34,
957 3299 1044 3352 35.
1081 3299 1204 3353 Ilaec
1235 3300 1518 3354 —sa'culi.
1561 3300 1692 3356 Sine
1739 3303 1991 3371 parabola
2052 3318 2166 3359 non

585 3393 908 3459 loqui-batur
979 3393 1077 3456 eis,
1147 3402 1389 3461 tempore
1471 3395 1564 3447 illo
1632 3396 1937 3449 videlicet:
1998 3398 2167 3452 multa

584 3485 732 3538 enim
791 3485 990 3551 sapius
1067 3485 1172 3538 illis
1243 3485 1456 3539 locutus
1533 3496 1615 3540 est
1669 3487 1785 3541 sine
1837 3489 2164 3557 parabolis;

588 3585 720 3629 tunc
778 3586 959 3629 autem
1021 3592 1118 3645 per
1179 3577 1463 3645 parabolas
1538 3577 1861 3648 loquebatur
1937 3582 2054 3647 eis,
2112 3591 2170 3638 ut

584 3665 953 3734 complcretur
999 3667 1143 3736 quod
1180 3665 1388 3722 dictum
1446 3669 1623 3724 fuerat
1661 3686 1758 3740 per
1821 3672 1986 3727 David
2013 3674 2074 3728 “.
2101 3674 2172 3728 At

587 3755 867 3808 translatio
899 3755 1254 3826 Septuaginta
1291 3757 1652 3827 interpretum
1697 3759 1862 3815 habet
1931 3763 2167 3830 φθέγξο-

593 3862 691 3912 μαι
725 3845 1097 3915 προϐλήματα
1134 3847 1228 3900 ἀπ’
1266 3849 1458 3916 ἀρχῆς,
1498 3849 1688 3919 loquar
1713 3853 2040 3920 problemata
2065 3857 2171 3910 sive

587 3937 962 4003 propositiones
991 3936 1245 3991 obscuras
1292 3939 1357 3992 ab
1389 3940 1560 3994 initio.
1609 3939 1710 4004 Qui
1749 3959 1880 3998 vero
1931 3961 2170 4014 prmsens

596 4027 943 4094 livangelium
979 4029 1031 4080 in
1078 4028 1320 4083 Grzecam
1369 4033 1645 4085 transtulit
1689 4034 1948 4103 linguam,
1980 4037 2122 4092 dixit
2155 4056 2167 4090 :

606 4118 931 4189 Ἐρεύξομαι
989 4124 1349 4191 κεκρυμμένα
1407 4123 1515 4176 ἀπὸ
1564 4125 1877 4196 καταϐολῆς
1937 4131 2169 4200 κόσμου,

595 4209 862 4265 Eructabo
913 4214 1218 4268 abscondita
1278 4234 1309 4269 ιι
1346 4217 1714 4271 constitutions
1777 4222 1978 4275 mundi.
2063 4225 2171 4279 He-

599 4302 798 4357 b’raicis
850 4319 1093 4373 praesens
1147 4307 1499 4370 dictionibus,
1535 4325 1656 4378 qua:
1708 4321 1761 4364 et
1827 4312 1943 4368 haec
1995 4322 2048 4368 et
2085 4315 2174 4371 illa

597 4393 924 4465 signiﬁcant.
993 4397 1148 4452 Sicut
1194 4410 1382 4455 eructo
1421 4401 1691 4470 signiﬁcat
1738 4405 1903 4458 etiam
1950 4407 2173 4477 loquor;

2346 3301 2548 3356 Ταῦτα
2579 3327 2649 3338 -
2678 3297 2932 3368 κόσμου.
2971 3294 3156 3365 Χωρὶς
3189 3289 3506 3362 παραϐολῆς
3537 3286 3637 3340 οὐκ
3669 3284 3856 3338 ἐλάλει

2269 3393 2476 3454 αὐτοῖς,
2509 3387 2651 3445 κατά
2689 3387 2780 3441 τὸν
2809 3385 2997 3458 καιρὸν
3037 3385 3244 3436 ἐκεῖνον
3273 3379 3501 3451 δηλαδή.
3536 3377 3714 3430 Πολλὰ
3742 3377 3861 3443 γὰρ

2273 3484 2537 3545 πολλάκις
2583 3481 2847 3550 ἐλάλησεν
2875 3478 3079 3540 αὐτοῖς,
3110 3475 3234 3545 δίχα
3262 3470 3574 3541 παραϐολῆς
3594 3485 3608 3496 ·
3641 3470 3762 3520 τότε
3797 3467 3856 3518 δὲ

2269 3568 2360 3630 διὰ
2415 3571 2744 3646 παραϐολῶν
2805 3569 2986 3624 ἐλάλει
3037 3567 3242 3629 αὐτοῖς,
3295 3564 3382 3616 ἴνα
3436 3559 3702 3630 πληρωθῇ
3759 3562 3856 3610 καὶ

2271 3671 2332 3722 τὸ
2381 3668 2544 3739 ῥηθὲν
2574 3665 2665 3718 διὰ
2707 3661 2803 3717 τοῦ
2837 3660 3024 3716 Δαυῖδ.
3069 3659 3209 3712 Ἀλλ’
3240 3658 3274 3727 ἡ
3309 3656 3405 3726 μὲν
3442 3653 3710 3724 ἑρμηνεία
3746 3650 3859 3703 τῶν

2286 3759 2722 3830 Ἐϐδομήκοντα,
2751 3754 3078 3825 φθέγξομαι
3107 3747 3496 3819 προϐλήματα
3527 3745 3627 3798 ἀπ’
3660 3741 3858 3810 ἀρχῆς

2275 3851 2513 3922 ἔγραψεν
2536 3866 2549 3879 ·
2586 3850 2643 3902 ⁸0
2665 3849 2720 3902 δὲ
2746 3848 2808 3900 τὸ
2833 3846 3008 3916 παρὸν
3028 3842 3358 3911 Εὑαγγέλιον
3385 3840 3464 3901 είς
3491 3837 3589 3907 τὴν
3627 3835 3859 3888 Ἐλλάδι

2273 3944 2524 4014 γλῶσσαν
2556 3937 2896 4011 μεταϐαλὼν,
2933 3934 3280 4004 Ἔρεύξυμαι
3317 3929 3697 3998 κεκρυμμένα
3738 3927 3859 3979 ἀπὸ

2275 4033 2607 4103 καταϐολῆς
2637 4037 2894 4103 κόσμου,
2926 4032 3137 4099 εἴρηκε,
3168 4030 3287 4091 ταῖς
3328 4026 3649 4095 Ἑϐραϊκαῖς
3678 4022 3862 4087 λέξεσι

2275 4129 2552 4200 προσχὼν,
2580 4128 2783 4189 αἵτινες
2816 4127 2908 4179 καὶ
2940 4122 3112 4176 ταῦτα
3143 4123 3373 4175 κάκεῖνα
3391 4117 3634 4187 δηλοῦσι.
3669 4117 3780 4168 Καὶ
3801 4114 3866 4166 τὺ

2290 4219 2622 4291 Ἐρεύγομαι
2660 4219 2790 4288 γὰρ,
2831 4219 2891 4269 τὸ
2923 4215 3240 4283 Φθέγγομαι
3274 4210 3552 4281 σημαίνει.
3586 4207 3692 4260 Καὶ
3723 4224 3861 4273 προσ

2279 4311 2534 4383 ϐλήματα
2561 4313 2758 4364 ἐκείνοι
2780 4350 2794 4374 ,
2826 4309 2894 4361 τά
2923 4308 3065 4375 αίνίγ
3078 4323 3222 4375 ματα
3253 4299 3426 4366 εἶπον,
3455 4301 3531 4365 ὡς
3565 4299 3662 4352 καὶ
3691 4301 3719 4352 ό
3750 4297 3864 4369 (36)

2292 4405 2523 4468 Ἀκύλας
2564 4402 2971 4473 ἐμαρτύρησεν.
3023 4399 3332 4469 Αἰνίγματα
3376 4395 3432 4448 δέ
3483 4394 3624 4446 εἰσιν
3670 4394 3763 4445 καὶ
3807 4392 3868 4445 αἱ

592 4497 646 4542 et
691 4488 766 4542 illi
822 4489 1184 4560 προϐλήματα
1243 4492 1495 4545 dixerunt
1555 4493 1876 4565 αἰνίγματα,
1931 4500 2070 4556 sicut
2119 4514 2160 4558 el

2277 4497 2632 4568 εὑαγγελικαὶ
2665 4493 2994 4566 παραϐολαί.
3033 4491 3301 4561 Καθάπερ
3328 4490 3436 4558 γὰρ
3460 4486 3530 4540 τὰ
3557 4487 3864 4555 αἰνίγματα

593 4578 786 4646 Aquila
827 4588 1060 4633 testatus
1109 4589 1210 4634 cst.
1285 4579 1596 4652 IEnigmata
1650 4601 1780 4640 vero
1820 4598 1946 4642 sunt
2004 4594 2168 4646 etiam

594 4669 921 4738 evangelica:
973 4672 1262 4740 parabolm.
1312 4672 1782 4738 Quemadmodum
1841 4681 1986 4734 enim
2034 4684 2170 4737 :eni-

595 4769 774 4830 gmata
827 4763 1197 4818 absconditam
1235 4765 1439 4819 habent
1495 4767 1801 4833 veritatem,
1856 4771 1928 4825 ita
1959 4790 2088 4830 sane
2119 4787 2172 4831 ιιι

596 4853 720 4907 illm.
761 4853 914 4918 Quod
957 4866 1137 4910 autem
1185 4857 1383 4911 dicitur
1416 4877 1429 4911 :
1462 4860 1502 4912 Α
1537 4861 1910 4918 constitutione
1971 4869 2170 4932 surculi,

597 4946 740 4999 idem
796 4947 1065 5015 signiﬁcat
1123 4951 1289 5018 quod,
1338 4953 1416 5006 Ab
1470 4953 1628 5007 initio
1697 4958 1906 5010 mundi.
1968 4958 2175 5015 Marcus

600 5051 730 5089 vero
763 5037 896 5091 dixit
932 5055 946 5092 :
979 5038 1048 5091 Et
1081 5040 1382 5108 Itujusmodi
1410 5044 1678 5111 parabolis
1709 5045 1889 5100 multis
1926 5047 2174 5118 loqueba-

599 5133 693 5178 tur
745 5128 816 5180 eis
867 5145 1157 5183 sermonem
1216 5143 1369 5198 prout
1423 5144 1666 5202 poterunt
1729 5139 1918 5192 audire
1947 5143 2008 5207 ³⁷,
2071 5143 2175 5198 hoc

711 5269 753 5298 "
776 5267 916 5322 l’sal.
949 5286 1148 5332 anu,
1171 5274 1227 5325 2η.
1340 5273 1381 5304 "
1415 5270 1580 5327 Marc.
1607 5288 1678 5337 tv,
1711 5274 1800 5329 55.

2281 4592 2676 4664 κεκρυμμένην
2720 4591 2904 4661 ἔχουσι
2949 4589 3046 4661 τὴν
3101 4587 3383 4658 ἀλήθειαν,
3436 4584 3582 4638 οὕτω
3641 4583 3708 4655 δὴ
3767 4584 3864 4634 καὶ

2277 4681 2456 4739 αὗται.
2511 4683 2614 4738 Καὶ
2640 4683 2700 4736 τὸ
2762 4684 2894 4737 Ἀπὸ
2948 4679 3286 4747 καταϐολῆς
3345 4679 3404 4732 δὲ
3459 4677 3718 4744 κόσμου,
3781 4677 3863 4736 τὸ,

2276 4777 2372 4831 ἀπ’
2413 4777 2590 4846 ἀρχῆς
2622 4775 2851 4845 κόσμου,
2884 4775 3052 4844 δηλοῖ.
3105 4773 3164 4826 '0
3199 4773 3255 4824 δὲ
3288 4772 3515 4848 Μάρκος
3553 4764 3710 4820 εἶπεν
3737 4809 3751 4832 ,
3783 4767 3865 4819 ὅτι

2285 4869 2389 4924 Καὶ
2417 4869 2718 4932 τοιαύταις
2747 4866 3116 4936 παραϐολαῖς
3142 4864 3402 4929 πολλαὶς
3421 4861 3630 4915 ἐλάλει
3659 4861 3866 4924 αὐτοῖς

2290 4963 2394 5013 τᾶν
2432 4961 2639 5028 λόγον,
2699 4958 2892 5024 καθὼς
2929 4959 3232 5027 ἠδύναντο
3259 4956 3539 5017 ἀκούειν,
3576 4951 3825 5004 τουτέστι
3853 4992 3866 5015 ,

2282 5053 2464 5116 καθὼς
2503 5049 2642 5123 ἦσαν
2676 5052 2817 5119 ἄξιοι
2856 5052 3074 5106 ἀκούειν
3099 5053 3147 5103 oi
3178 5049 3532 5121 Γραμματεῖς
3567 5047 3658 5098 καὶ
3695 5045 3865 5113 Φαρι-

2281 5148 2441 5199 σαῖοι.
2489 5144 2642 5198 Ἐπεὶ
2693 5144 2804 5216 γὰρ
2834 5145 2895 5198 ού
2933 5144 3020 5197 διὰ
3053 5144 3110 5197 τὸ
3158 5141 3510 5213 ὠφεληθῆναι
3555 5135 3864 5208 ἠκροῶντο,

1799 5439 1998 5500 Varias
2037 5441 2338 5504 lectiones
2370 5455 2430 5508 et
2455 5451 2646 5507 Ποία).

676 5579 787 5649 ('56)
817 5581 918 5647 Qui
948 5580 1154 5637 scilicet
1173 5594 1223 5638 et
1251 5586 1364 5655 ipse
1389 5586 1512 5640 loco
1540 5584 1701 5640 habet
1737 5588 2056 5658 αἰνίγματα.

681 5748 754 5810 (.1)
786 5747 1235 5810 Couspcrsimu’m.
1260 5750 1729 5806 Commistioncnt.
