4096 6412
207 358 312 422 413

1075 370 1467 435 COMMENT.
1514 373 1594 434 1N
1638 377 2108 442 MATTHJEUM.
2145 410 2216 420 --
2257 385 2417 448 CAP.
2461 389 2638 450 XHI.

3387 396 3498 462 414

205 452 345 521 ἀλλά
375 468 467 524 διὰ
498 471 556 524 τὺ
595 472 910 544 ἐπηρεάσαι
938 479 1051 541 τοῖς
1086 480 1254 545 αὐτοῦ
1285 480 1491 548 λόγοις,
1525 484 1583 534 ἐν
1615 501 1791 554 παρα-

1904 499 1986 542 est
2022 501 2293 559 quatenus
2331 493 2482 566 digni
2526 506 2684 552 erant
2731 498 2798 554 ad
2835 501 3166 561 audiendum
3215 506 3420 565 Scriba:
3441 524 3497 567 et

206 557 393 622 ϐολαῖς
449 563 631 625 αὐτοῖς
675 563 956 634 ἐλάλησεν,
1009 568 1094 620 ἵνα
1137 583 1231 621 και
1275 572 1445 634 αὐτος
1491 572 1552 624 τδ
1591 575 1789 627 οἰκεῖον

204 647 368 715 ἔργον
392 651 478 720 εἴη
514 644 742 724 πληρῶν
763 694 777 716 .
811 656 905 707 καὶ
937 657 1092 710 αὐτοὶ
1117 659 1193 729 μὴ
1223 660 1471 723 νοοῦντες
1491 701 1505 723 ,
1535 661 1572 716 ἃ
1601 661 1785 733 λέγει,

205 737 472 808 μείνωσιν
510 742 810 809 ἄπρακτοι.

279 1003 416 1056 Τότε
469 1035 536 1047 -
585 1007 847 1074 Ἰησοῦς.
904 1009 998 1072 Είς
1038 1010 1135 1081 τὴν
1183 1012 1383 1075 οἰκίαν,
1443 1014 1500 1065 ἐν
1544 1008 1785 1088 ᾖὲξενοο

196 1093 433 1160 δοχεῖτο.

267 1185 374 1236 Καὶ
434 1187 789 1255 προσῆλθον
837 1218 908 1230 -—
961 1190 1170 1259 ἀγροῦ.
1224 1192 1383 1248 Κατὰ
1431 1193 1596 1261 μόνας
1646 1195 1783 1263 μετὰ

197 1276 313 1346 παῤ
329 1277 517 1343 ἐησίας
552 1281 851 1350 ἐρωτῶσιν,
901 1282 976 1345 ὡς
1009 1283 1348 1348 ἀκούσαντες
1386 1287 1672 1356 πρότερον,
1699 1289 1782 1342 ὅτι

195 1367 386 1429 αὐτοῖς
437 1369 642 1426 δέδοται
695 1372 898 1440 γνῶναι
952 1377 1020 1428 τὰ
1079 1381 1377 1448 μυστήρια.
1430 1381 1566 1453 Περὶ
1613 1383 1782 1452 μόνης

191 1456 250 1508 δὲ
283 1457 486 1529 ταύτης
518 1464 616 1532 τῆς
664 1465 983 1536 παραϐολῆς
1019 1470 1318 1537 ἐρωτῶσιν,
1353 1473 1428 1534 ὠς
1479 1472 1578 1534 τὰς
1613 1473 1781 1537 ἄλλας

188 1546 284 1606 δύο
315 1552 592 1619 συνέντες,
625 1557 727 1627 τήν
755 1575 812 1610 τε
853 1558 946 1611 τοῦ
981 1563 1273 1626 σινάπεως,
1306 1565 1399 1616 καὶ
1429 1564 1529 1632 τὴν
1560 1566 1658 1632 τῆς
1687 1565 1781 1630 ζύ-

192 1653 342 1705 μης,
404 1641 497 1696 ἅτε
557 1646 901 1718 σαφεστέρας
967 1649 1158 1714 οὔσας.
1216 1653 1366 1722 Αὕτη
1423 1655 1479 1708 δὲ
1534 1657 1628 1707 καὶ
1684 1675 1781 1727 φο-

186 1728 360 1798 ϐερὰν
399 1728 545 1803 εἶχεν
580 1737 811 1807 ἀπειλὴν
849 1741 942 1804 ἐπὶ
976 1742 1140 1804 τέλει,
1177 1744 1516 1813 θορυϐοὖσαν
1551 1749 1773 1814 αὐτούς.

271 1822 334 1875 '0
356 1823 424 1876 δὲ
447 1826 787 1895 ἀποκριθεὶς
814 1861 886 1870 -
913 1833 1250 1900 ἀνθρώπου.
1287 1836 1414 1889 Υίὸν
1442 1839 1732 1910 ἀνθρώπου
1755 1882 1769 1907 ,
1815 1839 1857 1894 Β
1960 1822 2139 1913 Verg.’
2157 1822 2248 1916 3:77,

184 1916 380 1968 ἑαυτὸν
407 1918 698 1988 ὀνομάζει,
743 1922 831 1974 διὰ
867 1923 964 1994 τὴν
1003 1928 1336 1996 φαινομένην
1360 1930 1779 2006 ὲνανΘρὼπηαιν

183 2009 378 2068 αὑτοῦ.
413 2011 523 2064 Καὶ
552 2011 711 2065 τοῦτο
741 2015 982 2085 συνεχῶς
1011 2017 1184 2085 λέγει,
1219 2020 1478 2088 βεϐαιῶν,
1512 2025 1593 2077 ὅτι
1627 2028 1772 2083 κατὰ

182 2101 447 2169 ἀλήθειαν
479 2103 894 2174 ἐνηνορώπησε,
935 2109 1032 2158 καὶ
1059 2106 1205 2166 ἔστω
1238 2126 1320 2163 σοι
1345 2111 1505 2167 τοῦτο
1534 2113 1629 2167 τοῦ
1660 2117 1777 2169 λοι-

183 2194 288 2255 ποῦ
319 2193 619 2265 γνώριμον.

263 2287 328 2338 '0
358 2286 426 2340 δὲ
467 2288 649 2357 ἀγρὸς
675 2320 740 2332 ·-
765 2292 1012 2362 κόσμος.
1074 2295 1361 2366 Ἀνωτέρω
1406 2298 1536 2369 περὶ
1579 2301 1772 2354 τούτου

181 2382 542 2450 προείρηται.

255 2473 331 2527 Τό
363 2475 431 2527 δὲ
453 2477 644 2531 καλὸν
670 2507 739 2518 --
759 2479 944 2536 εἰσίν.
1003 2479 1158 2544 Τίνες
1192 2483 1303 2552 (37)
1332 2477 1479 2538 οὗτοι
1505 2500 1520 2551 ;

254 2591 318 2640 Οἱ
355 2591 469 2642 vlo!
505 2590 616 2658 τῆς
651 2593 995 2660 βασιλείας.
1040 2596 1158 2649 Υἱοὶ
1207 2599 1304 2666 μὲν
1344 2601 1443 2670 τῆς
1487 2602 1771 2672 βασιλείας

179 2681 234 2737 λέ
259 2699 434 2745 ,ονται
470 2686 516 2736 οί
561 2685 851 2754 ὀροόδοξοι,
881 2688 955 2750 ὡς
986 2689 1090 2741 ὑπὸ
1113 2691 1206 2742 τοῦ
1235 2691 1502 2760 βασιλέως
1527 2697 1767 2764 Χριστοῦ

181 2777 489 2842 σπαρέντες
531 2780 608 2838 εἰς
645 2781 927 2848 γεωργίαν
961 2783 1185 2852 ἀρετῆς,
1222 2789 1313 2837 καὶ
1346 2787 1456 2855 (58)
1493 2789 1768 2860 κληρονο-

183 2871 304 2934 μεῖν
370 2871 466 2936 τῆς
536 2870 812 2940 βατιλείας
887 2875 1055 2926 αὑτοῦ
1125 2875 1450 2943 μέλλοντες*
1519 2883 1627 2935 υἱοὶ
1688 2884 1767 2950 δὲ,

177 2961 274 3013 τοῦ
329 2963 596 3031 πονηροῦ,
637 2966 688 3016 οἱ
739 2967 1030 3034 αἱρετικοὶ,
1089 2968 1162 3030 ὡς
1213 2969 1318 3022 ὑπὸ
1365 2971 1460 3023 τοῦ
1512 2973 1764 3028 διαϐόλου

180 3055 487 3121 σπαρέντες
540 3057 619 3117 εἰς
665 3056 940 3124 γεωργίαν
981 3059 1199 3123 κακίας,
1252 3061 1348 3113 καὶ
1401 3063 1766 3135 κληρονομεῖν

177 3147 270 3196 τοῦ
323 3149 725 3214 ἡτοιμασμένον
778 3149 926 3217 αὐτῷ
975 3151 1144 3220 πυρὸς
1203 3153 1491 3221 μέλλοντες
1535 3159 1762 3226 ὁμοίως.

255 3237 328 3288 Td
373 3236 441 3288 δὲ
484 3236 692 3296 ᾆζὶίνια
739 3269 808 3282 --
865 3242 1155 3310 πονηροῦ.
1205 3244 1431 3315 Εἴρηται
1487 3246 1590 3317 ἤδη
1635 3248 1766 3320 περὶ

176 3331 411 3382 τούτων.
606 3333 608 3335 ’

257 3419 312 3472 Ὁ
351 3422 419 3473 δὲ
448 3422 660 3489 ἐχθρὸς
685 3454 753 3462 -
781 3426 962 3479 εἰσίν.
999 3427 1109 3480 Καὶ
1144 3429 1273 3498 περὶ
1306 3428 1513 3483 τούτων
1541 3434 1763 3501 προδιε-

174 3513 440 3579 λαιὶομεν.
471 3512 606 3582 ’Χρὴ
643 3514 698 3564 δέ
740 3530 798 3564 σε
841 3518 1226 3583 μνημονεύειν,
1265 3518 1346 3570 ὅτι
1384 3521 1442 3571 ὲν
1473 3519 1550 3586 τῷ
1587 3521 1765 3573 ὀκτωο

176 3605 487 3672 κῖιδεκάῖῳ
534 3605 831 3671 κεφαλαίῳ,
876 3605 1137 3674 θερισμὸν
1190 3608 1289 3676 μὲν
1336 3610 1586 3673 ἐκάλεσε,
1637 3615 1763 3678 τοὺς

887 3700 961 3761 ὡς
998 3700 1250 3770 ἑτοίμους
1285 3703 1366 3764 είς
1399 3705 1460 3755 τὸ
1493 3721 1763 3775 συγκομι-

177 3791 416 3856 ιοῖςναιθ
468 3791 724 3859 (lapte-:31;
773 3793 848 3851 δὲ,
905 3796 1031 3856 τοὺς
1083 3796 1521 3865 συγκομίζοντας
1565 3799 1764 3862 αὐτοὺς

171 3883 531 3943 ἀποστόλους.
577 3883 662 3937 Ἐν
697 3884 750 3936 δὲ
783 3884 859 3954 τῷ
905 3887 1164 3956 παρόντι,
1200 3886 1462 3958 Θερισμὸν
1497 3889 1630 3957 μὲν,
1665 3889 1764 3961 τὴν

178 3715 332 3749 ττιστε
347 3697 373 3748 ὖ
389 3715 475 3747 εαι
517 3698 810 3764 μέλλοντας
832 3739 846 3762 ,

175 3975 492 4025 συντέλειαν
533 3975 620 4026 τοῦ
671 3976 900 4044 κόσμου,
945 3977 1033 4029 διὰ
1063 3979 1162 4046 τὴν
1207 3976 1316 4031 ἀπὸ
1360 3980 1458 4049 τῆς
1493 3981 1760 4052 ἐπικήρου

172 4065 321 4132 ζωῆς
364 4066 604 4134 ἐκτομὴν
648 4067 756 4118 td»:
808 4068 1151 4136 ἀνθρώπων·
1203 4069 1460 4140 ϐεριστὰς
1514 4072 1594 4138 δὲ,
1637 4075 1758 4134 τοὺς

170 4157 541 4224 ἑκτέμνοντας
585 4158 780 4221 αὐτοὺς
816 4159 910 4211 ἀπ’
962 4161 1133 4229 αὐτῆς
1179 4161 1464 4230 ἀγγέλους.
1527 4163 1762 4234 Ὁμοίως

169 4247 228 4298 ἑὲ
265 4248 360 4297 καὶ
397 4247 619 4316 σπέρμα
641 4289 655 4313 ,
687 4248 864 4302 ὀπίσω
900 4250 1000 4317 μὲν
1022 4293 1036 4315 ,
1068 4251 1160 4304 τὸν
1191 4251 1350 4320 λόγον
1392 4255 1490 4322 τῆς
1523 4256 1761 4318 πίστεως

169 4337 463 4406 ὠνόμασεν
487 4356 498 4368 ·
537 4341 593 4391 ὲν
628 4340 684 4392 δὲ
718 4346 782 4412 τῇ
822 4346 1168 4417 προκειμένῃ
1211 4348 1520 4417 παραϐολῇ,
1555 4351 1762 4412 ,αὐτοὺς

167 4429 300 4488 τοὺς
334 4427 732 4494 πιστεύσαντας
753 4431 873 4484 κατ’
899 4432 1066 4503 ἀλλην
1099 4437 1193 4488 καὶ
1229 4435 1398 4506 ἄλλην
1430 4436 1658 4495 ἔννοιαν.
1701 4439 1758 4493 ’0

1895 578 2178 637 Phariszei.
2219 584 2356 640 Nam
2399 588 2529 656 quia
2565 605 2676 644 non
2724 592 2792 648 ad
2821 597 3172 653 sumendam
3209 601 3492 657 utilitatem

1896 671 2218 736 audiebant.
2273 678 2369 732 sed
2426 679 2491 732 ad
2575 683 2894 739 struendam
2967 690 3317 746 sermonibus
3375 693 3496 758 ejus

1894 761 2268 824 calumniam:
2304 767 2359 820 in
2419 769 2693 839 parabolis
2748 773 2966 831 locutus
3011 787 3094 832 est
3149 781 3271 836 eis:
3323 793 3380 835 ut
3433 792 3492 837 et

1892 850 2008 920 ipse
2061 869 2220 908 suum
2304 873 2443 928 opus
2509 861 2859 933 adimpleret,
2908 874 2965 920 et
3023 868 3098 922 illi
3161 885 3272 925 non
3333 873 3494 928 intel-

1886 942 2119 1013 ligentes
2184 964 2305 1015 quae
2377 950 2625 1032 diceret,
2675 969 2775 1024 per
2817 957 2908 1012 illa
2965 959 3103 1015 nihil
3135 962 3487 1032 proﬁcerent.

1960 1035 2116 1092 γει-ε.
2158 1038 2247 1093 56.
2313 1025 2742 1100 Tunc—Jews.
2813 1047 2874 1102 In
2929 1025 3154 1106 domum
3201 1055 3294 1110 ubi
3353 1057 3484 1112 hos-

1885 1124 2187 1196 pitabatur.

1956 1216 2112 1274 Vers.
2147 1222 2237 1277 36.
2278 1223 2343 1278 Et
2395 1243 2728 1288 accesserunt
2751 1239 2972 1304 -agri.
3010 1237 3251 1293 Seorsim
3287 1239 3460 1295 libere

1883 1305 2318 1378 interrogabant,
2355 1323 2415 1368 ut
2455 1317 2545 1385 qui
2579 1321 2733 1388 prius
2775 1310 3067 1378 audierant
3123 1326 3310 1380 datum
3363 1328 3477 1384 illis

1883 1411 2007 1453 esse
2039 1410 2342 1457 utnossent
2371 1412 2648 1477 mysteria.
2685 1410 2760 1466 De
2777 1415 2892 1467 sola
2917 1431 3047 1470 vero
3080 1418 3180 1470 hac
3213 1419 3472 1487 parobola

1883 1495 2252 1564 interrogant.
2277 1506 2468 1566 utpote
2501 1501 2741 1570 reliquas
2770 1504 2906 1560 duas
2929 1507 3319 1578 intelligentes,
3351 1521 3476 1579 puta

1882 1579 1950 1633 de
1986 1582 2161 1653 sinapi
2190 1595 2247 1640 et
2280 1587 2348 1642 de
2406 1587 2699 1657 fermento,
2739 1603 2997 1665 tanquam
3045 1600 3475 1658 manifestiores.

1881 1668 2009 1726 llaec
2065 1685 2248 1730 autem
2329 1678 2796 1738 formidabiliores
2865 1687 3008 1742 circa
3085 1690 3246 1744 tinem
3300 1692 3479 1748 minas

1883 1761 2140 1832 habebat,
2179 1784 2298 1837 αυξτ»
2327 1771 2473 1839 ipsos
2495 1776 2868 1833 exterrebaut.

2300 1862 2637 1934 Responderi:
2684 1871 3226 1927 autem—Immittit.
3275 1875 3473 1930 Filium

1885 1948 2128 2005 hominis
2168 1953 2408 2022 seipsum
2462 1957 2732 2024 nominat,
2793 1970 3020 2030 propter
3075 1962 3472 2020 humanitatem

1883 2057 2038 2096 suam
2078 2058 2200 2113 qua:
2257 2049 2608 2114 apparebat:
2677 2060 2732 2105 et
2765 2051 2870 2108 hoc
2930 2053 3250 2124 frequenter
3315 2057 3470 2122 dicit,

1882 2133 2218 2189 conﬁrmans
2264 2137 2409 2205 quod
2453 2154 2578 2192 vere
2619 2140 3021 2197 humanitatem
3084 2147 3468 2215 assumpserit.

1880 2219 1997 2276 Erit
2026 2238 2156 2294 ergo
2191 2225 2288 2280 tibi
2323 2227 2426 2281 hoc
2476 2228 2736 2299 deinceps
2773 2233 3152 2288 manifestum.

1951 2315 2108 2374 Vers.
2147 2317 2237 2372 38.
2272 2320 2411 2389 Ager
2466 2337 2682 2374 vero—
2704 2323 2952 2378 uitandus.
2990 2325 3254 2395 Superius
3283 2327 3348 2382 de
3367 2326 3472 2384 hoc

1876 2408 2199 2476 prmdictum
2233 2419 2334 2465 est.
2752 2403 2756 2407 “

1949 2501 2106 2556 Vers.
2148 2503 2238 2558 ⁸58.
2280 2502 2492 2560 Bonum
2531 2524 2651 2563 vero
2679 2519 2901 2566 -—sunt.
2942 2511 3026 2582 -Η-
3089 2511 3325 2578 Quinam
3359 2513 3415 2568 bi
3447 2514 3478 2567 Τ

1946 2593 2106 2650 Vers.
2137 2596 2228 2651 58.
2269 2597 2398 2652 Filii
2434 2602 2603 2671 regni.
2678 2600 2802 2659 Filii
2842 2604 2995 2675 regni
3041 2604 3322 2669 dicuntur,
3373 2607 3465 2676 qui

1875 2695 2084 2742 rectam
2112 2700 2337 2745 servant
2377 2691 2538 2747 ﬁdem
2567 2713 2579 2749 :
2619 2705 2807 2766 utpote
2837 2712 2866 2751 a
2887 2714 3014 2766 rege
3047 2698 3269 2753 Christo
3300 2700 3466 2754 semi-

1873 2781 1988 2835 nati
2031 2782 2097 2836 ad
2144 2783 2430 2838 colendam
2486 2786 2766 2851 virtutem,
2828 2799 2878 2842 ct
2947 2790 3012 2844 ad
3069 2791 3463 2858 possidendum

1872 2877 1994 2945 ejus
2025 2890 2273 2949 regnum.
2313 2875 2433 2930 Filii
2469 2894 2600 2933 vero
2633 2880 2756 2952 mali
2801 2881 2967 2949 illius,
3019 2891 3149 2937 sunt
3198 2885 3459 2953 hatretici,

1873 2979 2130 3036 tanquam
2160 2973 2418 3028 adiaholo
2436 2974 2689 3029 seminati
2715 2975 2782 3030 ad
2806 2975 3088 3030 colendam
3113 2977 3460 3047 pravitatem,

1869 3070 1926 3115 et
1957 3063 2214 3118 similiter
2257 3066 2325 3120 ad
2354 3067 2752 3136 possidendum
2795 3067 2978 3140 ignem
3029 3069 3139 3138 ipsi
3185 3085 3461 3142 praepara-

1872 3161 2011 3208 tum.

1944 3246 2099 3301 Vers.
2119 3247 2205 3302 58.
2229 3247 2450 3303 Zizania
2469 3266 2588 3305 vero
2602 3252 2832 3306 —mali.
2861 3253 3020 3310 Modo
3037 3255 3104 3311 de
3127 3254 3234 3310 illis
3249 3255 3457 3311 dictum

1869 3347 1974 3392 ('Si.

1943 3431 2098 3486 Vers.
2127 3434 2215 3488 59.
2249 3433 2506 3487 Inimicus
2532 3443 2708 3488 autem
2728 3464 2798 3474 —
2820 3445 2961 3490 sunt.
3015 3436 3192 3492 Etiam
3238 3437 3307 3492 do
3370 3437 3458 3492 his

1869 3523 2238 3590 przcdiximus.
2300 3522 2377 3576 'l‘e
2416 3533 2598 3577 autem
2634 3526 2972 3592 meminisse_
3009 3537 3245 3598 oportet,
3309 3531 3456 3599 quod

1868 3615 2082 3670 decimo
2117 3626 2312 3670 octavo
2370 3619 2548 3687 capite
2576 3633 2810 3673 messem
2872 3621 3152 3676 vocaverit
3210 3636 3306 3676 eos
3360 3623 3456 3691 qul

1868 3707 2128 3760 credituri
2175 3718 2351 3774 erant,
2407 3709 2574 3762 veluti
2632 3719 2856 3779 paratos
2896 3719 2956 3765 ut
3008 3711 3452 3782 colligerentur;

1869 3815 2144 3854 messores
2167 3811 2350 3854 autem
2409 3803 2502 3870 qui
2545 3803 2665 3857 illos
2704 3802 3065 3874 colligebant,
3117 3806 3393 3884 apostolos
3436 3825 3451 3873 ;

1868 3891 1922 3944 in
1957 3893 2206 3961 pnesenti
2242 3908 2371 3946 vero
2397 3893 2515 3948 loco
2546 3909 2778 3948 messem
2814 3895 2948 3950 dicit
2975 3895 3156 3951 saeculi
3193 3912 3456 3952 consum-

1870 3982 2164 4037 mationem
2238 3993 2461 4053 pr0pter
2525 3987 2863 4042 excisionem
2919 4002 2949 4042 a
3018 3988 3130 4042 vita
3187 3989 3451 4042 mortali:

1867 4087 2137 4126 messores
2169 4083 2351 4126 autem
2385 4074 2624 4144 angelos,
2657 4075 2750 4146 qui
2781 4076 2848 4132 ab
2911 4090 2976 4131 ea
3022 4085 3150 4131 sunt
3181 4076 3305 4132 illos
3353 4092 3455 4131 ex~

1867 4165 2059 4219 cisuri.
2087 4164 2356 4220 Similiter
2390 4176 2443 4221 et
2475 4184 2661 4222 semen
2701 4170 2958 4239 superius
2986 4185 3299 4225 sermonem
3329 4171 3452 4225 ﬁdei

1870 4261 2211 4328 nuncupavit
2246 4277 2258 4313 :
2296 4261 2348 4313 in
2394 4262 2495 4316 hac
2532 4278 2659 4315 vero
2718 4263 2974 4332 parabola
3013 4277 3110 4316 eos
3148 4264 3248 4331 qui
3272 4263 3455 4316 credi-

1867 4349 2068 4404 derunt
2092 4367 2105 4402 :
2129 4350 2283 4419 juxta
2312 4350 2483 4403 alium
2525 4351 2781 4405 videlicet
2812 4361 2868 4406 et
2893 4352 3060 4406 alium
3083 4351 3450 4406 intellectum.

1868 4439 1971 4504 Qui
2024 4442 2172 4493 enim
2213 4441 2447 4496 credidit
2501 4451 2556 4495 et
2607 4443 2846 4497 triticum
2908 4443 3133 4507 dicitur,
3195 4451 3452 4510 tanquam

170 4521 285 4589 γὰρ
320 4521 619 4582 πιστεύσας
648 4521 865 4590 λέγεται
901 4527 997 4595 μὲν
1029 4529 1120 4578 καὶ
1148 4530 1312 4592 σῖτος,
1330 4528 1404 4591 ὡς
1430 4531 1639 4600 καρπὸς
1665 4533 1757 4586 τοῦ
1789 4587 1791 4594 ,

1874 4529 2080 4584 fructus
2123 4532 2283 4601 primi
2319 4533 2571 4598 seminis,
2608 4534 2762 4590 verbi
2801 4535 3013 4590 scilicet
3042 4535 3167 4590 ﬁdei
3199 4553 3213 4590 :
3251 4538 3454 4606 poterit

171 4609 399 4677 πρώτου
432 4611 767 4679 σπέρματος,
815 4616 958 4685 ἦτοι,
995 4617 1088 4669 τοῦ
1137 4617 1296 4686 λόγου
1344 4620 1440 4688 τῆς
1497 4621 1755 4686 πίστεως.

169 4700 408 4766 Λέγοιτο
450 4701 492 4753 δ’
530 4702 595 4755 ἂν
636 4706 730 4758 καὶ
780 4707 1026 4778 σπέρμα,
1075 4710 1150 4772 ὡς
1198 4713 1564 4784 καρποςςορὼν
1597 4715 1758 4768 πάλιν

168 4794 370 4861 ἕτερον
425 4797 503 4857 εἰς
546 4796 749 4851 πίστιν.
803 4800 915 4868 Οὐχ
961 4803 1272 4872 ἡρμήνευσε
1319 4803 1397 4869 δὲ,
1451 4805 1597 4868 τίνες
1660 4807 1760 4874 μέν

169 4890 318 4940 εἰσιν
355 4891 404 4940 οἱ
452 4889 805 4952 καθεύδοντες
858 4893 1159 4960 ἄνθρωποι,
1195 4894 1342 4958 τινες
1400 4897 1454 4949 δὲ
1486 4897 1536 4949 οἱ
1583 4897 1760 4950 δοῦλοι

165 4981 267 5033 τοῦ
304 4982 702 5046 οἰκοδεσπότου,
730 4983 864 5036 ἀλλὰ
897 4989 1148 5055 παρῆκεν
1176 4988 1394 5052 αὐτοὺς,
1424 4990 1454 5059 ἦ
1483 4990 1559 5052 ὠς
1588 4993 1758 5060 ἐγνω-

169 5077 434 5140 σμένους,
464 5074 496 5143 ἢ
527 5075 623 5129 καὶ
649 5075 941 5139 διδάσκων,
971 5079 1054 5130 ὅτι
1086 5079 1145 5131 οὐ
1180 5079 1284 5149 χρὴ
1310 5082 1408 5141 τὰς
1440 5083 1757 5151 παραδολας

167 5161 316 5212 κατὰ
348 5161 462 5227 (59)
498 5162 656 5231 ῥῆσιν
688 5163 1039 5234 ἑρμηνεύειν,
1080 5165 1155 5229 ὥς
1188 5184 1352 5236 φησιν
1391 5169 1417 5218 ὁ
1445 5170 1756 5241 Χρυσὸστο-

170 5267 296 5324 μος,
326 5250 464 5304 ἀλλὰ
487 5254 627 5305 κατὰ
659 5254 794 5324 μόνα
817 5257 887 5308 τὰ
914 5258 1318 5328 ἀναγκαιότερα
1350 5259 1460 5326 (40)
1493 5261 1657 5329 μέρη,
1688 5263 1751 5315 δι’

1864 4623 2222 4677 nihilominus
2276 4625 2380 4678 dici
2434 4639 2646 4687 semen,
2730 4635 2919 4696 utpote
2963 4642 3153 4682 rursus
3217 4627 3449 4682 alterum

1864 4716 1930 4770 ad
1972 4716 2134 4769 ﬁdem
2165 4717 2521 4773 fructiﬁcans.
2565 4716 2686 4773 Non
2709 4728 2794 4774 est
2823 4730 3006 4775 autem
3060 4720 3451 4790 interpretatus

1863 4806 2086 4874 quinam
2141 4807 2250 4862 siut
2298 4807 2634 4863 dormientes
2687 4809 2974 4871 homines,
3027 4819 3084 4864 et
3143 4810 3236 4879 qui
3305 4810 3449 4864 servi

1865 4898 2276 4967 patrisfamilias
2306 4914 2320 4964 ;
2375 4901 2469 4954 sed
2503 4901 2626 4955 illos
2656 4903 3010 4970 praetermisit
3034 4911 3130 4956 aut
3188 4911 3445 4972 tanquam

1866 4990 2210 5053 manifestos,
2270 5004 2363 5047 aut
2401 4995 2568 5050 etiam
2592 4996 2796 5052 docens
2839 4999 2984 5068 quod
3041 5017 3150 5055 non
3198 5015 3447 5072 oporteat

1863 5085 2150 5152 parabolas
2176 5087 2242 5140 ad
2281 5091 2506 5143 verbum
2545 5091 2922 5159 interpretari,
2960 5103 3019 5147 ut
3045 5094 3119 5148 ait
3173 5094 3442 5166 Chrysos-

1863 5185 2065 5241 tomus,
2111 5179 2205 5232 sed
2254 5190 2462 5234 tantum
2510 5181 2563 5235 iu
2619 5182 2754 5238 locis
2802 5185 3037 5240 maxime
3089 5187 3438 5240 necessariis.

1860 5277 2083 5338 piopter
2113 5287 2233 5340 quae
2282 5273 2442 5326 etiam
2480 5287 2857 5331 assumuntur.
2923 5278 3061 5332 Nam
3123 5279 3328 5348 reliqua
3376 5291 3442 5331 co

1372 5466 1572 5527 Variae
1604 5467 1911 5533 lectiones
1946 5481 2004 5535 ct
2036 5481 2221 5535 notae.

234 5619 352 5685 (57)
392 5618 508 5674 lloc
536 5621 812 5678 excidt-rat
844 5625 895 5678 in
927 5625 1114 5680 codice
1154 5627 1432 5684 llcntcnii.

240 5691 357 5771 (b8)
393 5688 483 5776 Bis
520 5691 622 5776 hoc
645 5695 917 5776 duco-xit;
930 5700 1198 5776 ρονομεῖν,
1224 5715 1324 5769 pro
1345 5702 1732 5776 κληρονομίαν,

166 5759 510 5823 durinsculc.
551 5762 655 5815 Sed
688 5765 819 5825 nihil
854 5759 1192 5825 tentandum.
1224 5759 1240 5769 ’
1435 5759 1443 5779 ’

1938 5639 2049 5712 (59)
2078 5641 2234 5712 Tom.
2268 5640 2376 5703 νη,
2411 5660 2463 5712 p.
2491 5646 2614 5700 487.
2647 5648 2709 5703 Ε.

1917 5709 2030 5777 (40)
2079 5709 2510 5780 Ἀναγκαιότατα
2541 5717 2605 5771 Α.
