4096 6446
196 480 302 546 429

1050 485 1441 545 COMMENT.
1487 483 1562 544 ιιι
1612 478 2085 542 ΜΑΤΤΗίΕῢΜ.
2119 503 2183 514 -
2227 479 2391 542 CAP.
2433 483 2588 543 XIV.

3359 481 3466 546 £30

197 596 371 667 χιίας,
409 595 498 650 ἵνα
530 597 903 670 μοιχευομένη
960 598 1203 672 λανθάνῃ
1253 599 1381 662 τοὺς
1433 598 1556 652 τότε
1592 595 1774 666 μόνον’
1809 628 1818 654 λ

1896 593 2081 649 accidit
2101 593 2319 664 quidem
2346 594 2605 663 adulterii
2628 597 3037 666 insectatorem,
3057 606 3118 653 ut
3136 597 3467 656 adulterium

195 684 466 740 ἀνελοῦσα
504 685 560 739 δὲ
592 686 780 751 αὐτὸν,
808 688 869 740 ού
907 689 1070 758 μόνον
1120 691 1220 742 οὐκ
1264 689 1459 744 ἔλαθεν
1510 687 1781 750 ἐκείνους.

196 775 339 829 ἀλλὰ
397 776 495 830 καί⁸
554 779 668 841 τοίς
715 779 1209 850 μεταγενεστέροις
1259 778 1651 851 ἐδημοσιεύθη,
1687 777 1785 832 καὶ

196 868 367 941 μέχρι
413 869 622 934 παντὸς
650 871 711 923 ἐν
739 871 848 942 ὅλῳ
885 871 964 940 τῷ
994 873 1189 944 κόσμῳ
1227 871 1639 944 δημοσιεύεται.

266 1054 377 1109 Kal
409 1083 475 1095 —
506 1056 677 1110 αὐτό.
729 1055 788 1110 '0
839 1055 897 1109 δὲ
954 1056 1184 1126 Μάρκος
1246 1055 1307 1108 τὸ
1363 1053 1565 1124 πτῶμα
1615 1053 1782 1106 αὐτοῦ

195 1163 358 1218 φησι,
392 1149 594 1217 πτῶμα
634 1148 697 1201 τδ
748 1147 908 1218 σῶμα
939 1148 1200 1212 καλέσας,
1235 1147 1324 1201 διὰ
1371 1146 1433 1200 τὸ
1481 1148 1671 1200 πεσεῖν
1703 1147 1783 1209 εἰς

194 1241 395 1310 ἔδαφος
455 1242 595 1312 μετᾶ
620 1241 719 1312 τὴν
754 1242 998 1314 ἐκτομὴν
1027 1241 1130 1313 τῆς
1164 1242 1429 1313 κεφαλῆς.

269 1416 379 1469 Kal
413 1447 480 1458 ——-
522 1415 749 1484 Ἰησοῦ.
791 1415 996 1470 Λοιπὸν
1042 1415 1449 1488 ἑνδεικνύμενει
1501 1414 1603 1483 τὴν
1646 1415 1786 1486 πρὸς

194 1508 362 1562 αὑτὸν
418 1508 656 1564 εὔνοιαν
701 1509 920 1580 ἔκαμψε
947 1511 1054 1578 γὰο
1077 1510 1276 1573 αὐτοὺς
1325 1508 1530 1579 μᾶλλον
1571 1507 1605 1578 ἡ
1642 1525 1781 1561 συα-

194 1601 358 1674 φορά.

267 1692 380 1748 Kal
409 1725 477 1735 ο-
503 1695 799 1749 κατιδίαν.
856 1694 1149 1759 Ἀκούσας,
1177 1695 1260 1749 ὅτι
1303 1695 1548 1768 ἀνῃρέθη
1581 1696 1610 1748 ὀ
1667 1695 1782 1747 ’ἰωο

196 1787 387 1858 ἀννης·
417 1789 513 1842 καὶ
544 1787 651 1859 γὰρ
684 1787 800 1852 καὶ,
839 1787 928 1841 ὅτε
962 1787 1218 1859 ἢκουσεν,
1249 1789 1332 1842 ὃτι
1367 1788 1642 1857 παρεδόθη
1704 1789 1784 1851 εἰς

192 1881 256 1934 τὸ
277 1880 677 1951 δεσμωτήριον,
700 1863 1041 1951 ἀνεὴώρητεο
1061 1879 1129 1934 δι’
1152 1881 1220 1952 ἠν
1244 1879 1303 1933 δὲ
1324 1880 1528 1946 αἰτίαν,
1549 1879 1671 1950 εἰρή
1683 1896 1781 1932 και

198 1990 302 2043 μιν
336 1974 395 2026 ὲν
422 1973 502 2042 τῷ
529 1973 699 2044 τρίτῳ
732 1972 1041 2044 κεφαλαίῳσ
1082 1975 1176 2028 καὶ
1209 1973 1297 2027 ἵνα
1330 1972 1546 2045 φυλάξῃ
1591 1971 1785 2026 ἑαυτὸν

193 2066 280 2130 εἰς
315 2067 408 2120 τὸν
438 2067 720 2138 πρέποντα
753 2064 847 2119 τοῦ
885 2066 1120 2135 σταυροῦ
1161 2067 1373 2138 καιρόν.

271 2159 430 2230 Τινὲς
457 2159 513 2213 δὲ
547 2159 970 2231 ἑρμηνεύουσιν,
1015 2161 1097 2213 ὅτι
1147 2159 1414 2224 ἀκούσας,
1454 2161 1538 2213 ὅτι
1613 2177 1786 2228 προσ·

197 2251 464 2323 εδόκησεν
501 2250 748 2323 Ἡρώδης
771 2251 862 2306 τὸν
902 2250 1160 2322 Ἰωάννην
1177 2251 1341 2305 αὐτὸν
1369 2245 1532 2306 εἶναι.
1551 2252 1661 2305 Καὶ
1677 2250 1785 2320 γὰρ

195 2347 302 2417 τὴν
329 2346 616 2417 ἀναίρεσιν
646 2344 815 2399 αὑτοῦ
844 2344 991 2400 κατά
1013 2345 1128 2415 (57)
1159 2344 1519 2417 παρενθήκην
1577 2360 1793 2416 μνημο-

205 2441 469 2511 νευθῆναι
503 2439 622 2505 νῦν,
658 2439 756 2493 καὶ
786 2438 1179 2513 περατωθῆναι
1233 2438 1398 2510 μέχρι
1437 2438 1532 2491 τοῦ
1585 2437 1791 2509 παρόν-

198 2551 294 2598 τος
328 2533 497 2606 ῥητοῦ
533 2533 629 2606 τὴν
649 2532 908 2605 διήγησιν
940 2521 1134 2604 αύτῆς·
1159 2526 1281 2585 εἶτα
1308 2529 1473 2586 πάλιν
1506 2530 1790 2585 ἀποκατα-

204 2625 408 2695 στῆναι
476 2624 568 2678 τδν
622 2623 782 2693 λόγον
841 2625 924 2689 εἰς
975 2622 1074 2696 τὴν
1122 2623 1398 2695 προτέραν
1461 2621 1789 2676 ἀκολουθίαν

202 2715 396 2771 αὐτοῦ.

277 2809 440 2872 Εἰκὸς
475 2806 532 2862 δὲ
564 2808 729 2863 αὐτὸν
760 2806 996 2865 ἀκοῦσαι
1029 2809 1123 2862 καί
1169 2808 1461 2879 ἀμφότερα
1506 2806 1650 2861 κατὰ
1701 2805 1792 2859 τὸν

202 2901 513 2972 τηνικαῦτα
565 2901 777 2973 καιρὸν,
828 2901 922 2954 καὶ
973 2900 1339 2971 ὑποχωρῆσαι
1381 2898 1451 2953 δι’
1475 2898 1788 2968 ἀμφότερα.

205 2995 322 3048 Καὶ
378 2993 486 3064 γὰρ
521 2995 616 3048 καὶ
653 2995 851 3066 τρίτην
884 2993 1070 3047 αἰτίαν
1122 2992 1224 3062 τῆς
1270 2991 1531 3060 τοιαύτης
1571 2991 1792 3059 ἀναχω-

205 3085 422 3156 ρήσεως
447 3085 478 3138 ὁ
515 3086 744 3157 Μάρκος
781 3084 1058 3157 ἰστύρησε,
1087 3085 1148 3137 τὸ
1170 3081 1461 3154 βούλεσθαι
1490 3077 1792 3136 διαναπαῦ-

205 3191 299 3228 σαι
361 3177 489 3239 τοὺς
555 3175 828 3247 μαθητὰς,
867 3175 1320 3245 ὑποστρέψαντας
1359 3173 1467 3227 ἀπδ
1525 3173 1622 3226 τοῦ
1687 3189 1794 3243 κη-

1887 685 2260 747 committens.
2292 701 2390 743 eos
2420 689 2511 758 qui
2556 697 2686 745 tunc
2733 698 2892 744 erant
2933 689 3130 744 lateret
3163 706 3178 754 ;
3219 690 3314 745 sed
3344 691 3469 760 quia

1887 777 2066 845 ipsum
2099 777 2318 844 occidit,
2350 794 2461 834 non
2500 769 2676 835 solum
2715 781 2838 836 illos
2891 796 3004 836 non
3039 781 3220 846 latuit,
3279 798 3469 838 verum

1886 866 2048 921 etiam
2075 869 2315 936 posteris
2346 871 2687 938 publicatqu
2723 881 2807 927 est
2846 889 2859 925 :
2906 886 3233 942 semperque
3257 872 3311 927 in
3345 873 3474 927 uni-

1889 974 2046 1014 verso
2077 960 2279 1015 mundo
2323 961 2653 1031 publicatur.

1959 1052 2113 1107 Vers.
2154 1052 2241 1107 12.
2271 1052 2337 1108 Ei
2369 1085 2438 1096 —
2467 1055 2622 1110 illud.
2698 1057 2912 1114 Marcus
2970 1067 3155 1116 autem
3230 1061 3363 1116 dicit
3404 1060 3471 1123 ³³,

1886 1143 2032 1213 quod
2065 1144 2311 1200 tulerunt
2343 1147 2543 1216 πτῶμα
2577 1148 2736 1217 ejus:
2778 1149 2992 1204 vocavit
3020 1161 3204 1206 autem
3273 1168 3475 1222 corpus

1888 1234 2008 1304 ejus
2057 1234 2258 1306 πτῶμα
2277 1234 2386 1290 ἀπὸ
2406 1235 2498 1290 τοῦ
2527 1239 2734 1304 πεσεῖν,
2763 1238 2817 1295 id
2868 1249 2975 1307 est,
3027 1257 3056 1295 a
3119 1242 3366 1299 cadendo
3421 1245 3474 1299 iu

1889 1326 2260 1396 pavimentum
2289 1337 2414 1400 post
2450 1330 2650 1400 capitis
2671 1333 3128 1403 amputationem.

1963 1420 2119 1476 Vers.
2154 1421 2237 1475 12.
2270 1422 2346 1476 Ac
2396 1453 2468 1467 --
2502 1422 2654 1480 Iesu.
2683 1424 2802 1481 Jam
2837 1442 2962 1499 erga
3022 1428 3173 1484 illum
3231 1429 3475 1485 benem-

1891 1513 2110 1567 lentiam
2149 1516 2597 1572 demonstrantes
2627 1534 2641 1570 :
2665 1517 2838 1588 magis
2864 1521 3010 1574 enim
3029 1533 3123 1575 eos
3145 1518 3299 1576 ﬂexit
3328 1521 3477 1576 cala~

1889 1603 2063 1658 unitas.

1961 1693 2116 1752 Vers.
2164 1697 2251 1753 13.
2281 1697 2518 1767 Cumque
2554 1728 2625 1737 —
2654 1702 2886 1754 seorsim.
2909 1698 3045 1756 Cum
3067 1700 3307 1758 audisset
3326 1707 3475 1761 occi-

1890 1803 2009 1841 sum
2039 1803 2160 1843 esse
2181 1788 2447 1843 Joannem
2468 1806 2485 1856 ;
2508 1789 2777 1861 siquidem
2806 1791 2969 1847 etiam
2997 1795 3344 1851 eumaudivit
3374 1807 3479 1851 tra-

1888 1879 2060 1935 ditum
2085 1895 2210 1935 esse
2237 1880 2293 1935 in
2314 1895 2592 1937 carcerem
2622 1883 2868 1950 secessit,
2903 1885 3060 1956 cujus
3079 1902 3297 1942 causam
3317 1889 3479 1943 tertio

1889 1974 2068 2046 capite
2108 1975 2347 2032 diximus
2376 1993 2390 2030 :
2428 1977 2751 2048 quodetiam
2785 1979 2986 2035 factum
3018 1989 3122 2049 est,
3157 1989 3216 2037 ut
3238 1981 3477 2052 seipsum

1892 2065 1945 2120 iu
1977 2075 2191 2136 tempus
2223 2068 2460 2137 passioni
2496 2070 2830 2125 conveniens
2883 2081 3210 2129 reservaret.

1961 2155 2194 2223 Quidam
2244 2168 2428 2214 autem
2496 2159 2973 2231 interpretantur:
3026 2162 3163 2220 Cum
3239 2167 3482 2226 audisset

1890 2249 2038 2318 quod
2072 2248 2321 2305 Herodes
2380 2249 2744 2306 arbitraretur
2791 2251 2942 2308 illum
2998 2268 3121 2311 esse
3175 2253 3478 2314 Joannem:

1895 2341 2060 2413 hujus
2096 2357 2335 2413 namque
2365 2342 2805 2402 interiectionem
2838 2346 3026 2404 dicunt
3048 2364 3148 2421 per
3190 2350 3480 2424 interposi-

1894 2431 2265 2489 tionemnunc
2280 2434 2347 2488 ad
2383 2435 2699 2490 memoriam
2721 2451 2844 2493 esse
2877 2438 3183 2506 reductam,
3228 2442 3482 2515 illiusque

1896 2528 2268 2583 narrationem
2291 2527 2358 2581 ad
2397 2541 2640 2597 praesens
2675 2543 2848 2598 usque
2889 2531 3115 2586 verbum
3177 2534 3481 2591 terminari.

1896 2621 2104 2677 Deinde
2137 2637 2355 2676 rursum
2393 2636 2705 2677 sermonem
2757 2623 2826 2678 ad
2867 2625 3104 2697 priorem
3143 2629 3229 2683 sui
3288 2644 3484 2687 conse-

1895 2711 2173 2782 quentiam
2198 2711 2434 2768 restitui.

1966 2803 2274 2860 Verisimile
2355 2813 2443 2860 est
2495 2814 2678 2861 autem
2758 2815 3051 2879 utrumque
3101 2825 3170 2865 eo
3237 2820 3485 2883 tempore

1895 2896 2143 2960 audisse,
2227 2905 2285 2952 et
2351 2905 2574 2968 propter
2637 2905 2925 2970 utramque
2988 2916 3211 2958 causam
3303 2919 3487 2963 seces-

1895 2989 2053 3042 sisse.
2108 2985 2376 3042 Praeterea
2434 2988 2648 3043 tertiam
2701 3003 2920 3060 quoque
2950 2991 3116 3064 hujus
3162 2998 3487 3058 secessionis

1895 3092 2114 3134 causam
2181 3078 2402 3150 scripsit
2435 3079 2689 3148 Marcus,
2751 3092 2885 3154 puta
2931 3087 3080 3156 quod
3139 3091 3486 3162 requiescere

1897 3169 2058 3224 vellet
2087 3170 2387 3241 discipulos
2433 3187 2462 3226 a
2494 3174 2879 3242 praedicatione
2906 3192 3178 3235 reversos.
3224 3180 3303 3236 Ita
3337 3184 3480 3238 enim

207 3266 518 3338 ρύγματοςο
553 3267 746 3338 εἴρηκε
794 3267 904 3338 γὰρ
943 3266 1136 3329 οὕτωσ
1165 3266 1276 3320 Kal
1327 3262 1700 3332 συνάγονται
1741 3265 1796 3316 οἰ

1900 3261 2038 3315 dixit
2069 3278 2082 3314 :
2115 3259 2180 3315 Et
2198 3271 2585 3334 congregantur
2601 3267 2830 3335 apostoli
2882 3270 2953 3321 ad
2983 3265 3184 3335 Iesum,
3205 3287 3268 3325 αι·
3295 3289 3482 3328 renun-

203 3359 543 3413 ἀπόστολοι
587 3360 740 3427 πρὸς
788 3359 896 3412 τὸν
938 3357 1207 3425 Ἰησοῦν,
1260 3355 1362 3412 καὶ
1417 3356 1795 3425 ἀπήγγειλαν

205 3451 372 3515 αὐτῷ
399 3449 622 3517 πάντα,
655 3453 752 3505 καὶ
781 3451 900 3506 ὅσα
921 3450 1242 3519 ἐποίησαν,
1287 3448 1388 3503 καί
1431 3447 1550 3502 ὅσα
1591 3445 1790 3500 ἐδίδαο

211 3541 350 3608 ξαν.
406 3545 518 3598 Kal
548 3539 722 3599 εἶπεν
752 3544 977 3609 αὐτοῖς·
1008 3543 1209 3611 Δεῦτε,
1244 3541 1415 3612 ὑμεῖς
1449 3539 1622 3596 αὐτοὶ
1656 3537 1791 3611 (58),

207 3635 338 3693 κατέ
393 3635 557 3690 ἰδίαν
598 3639 685 3702 εἰς
719 3636 950 3706 ἔρημον
998 3636 1209 3700 τόπον,
1252 3633 1354 3688 καί
1407 3631 1795 3687 ἀναπαύεσθε

206 3726 440 3794 ὀλίγον.
469 3720 671 3780 Ἦσαν
700 3726 810 3796 γὰρ
835 3727 890 3779 ot
911 3724 1224 3794 ἐρχόμενοι
1251 3723 1352 3777 καί
1377 3725 1430 3777 οἰ
1458 3720 1794 3791 ὑπάγοντες

208 3819 468 3874 πολλοί·
501 3819 600 3874 καί
672 3819 816 3874 οὐδὲ
872 3817 1091 3890 φαγεῖν
1141 3817 1488 3886 εὐκαίρουν.
1532 3815 1642 3870 Kal
1681 3815 1795 3869 ἀπ-

207 3907 401 3978 ῆλθεν
417 3912 505 3977 εἰς
529 3909 958 3981 ἕρημονιτόπον
976 3906 1058 3973 τῷ
1072 3908 1262 3970 πλοίῳ
1283 3904 1579 3962 κατιδίαν.
1609 3902 1796 3958 Ταῦτα

211 4003 315 4074 μιν
343 3999 440 4058 οὖν
479 4005 508 4057 ὁ
553 4003 803 4074 Μάρκος.

283 4098 660 4170 Παραπλήσια
693 4097 752 4151 δὲ
774 4097 954 4166 λέγων
998 4095 1093 4150 καὶ
1119 4098 1147 4150 ὀ
1177 4095 1416 4160 Λουκᾶς,
1463 4091 1798 4164 προστίθησι

209 4189 309 4244 καὶ
335 4189 630 4261 γνώρισμα
653 4187 753 4259 τῆς
775 4189 1009 4260 ἐρήμου.
1039 4187 1179 4256 Φησὶ
1200 4187 1332 4256 γὰρ,
1361 4186 1443 4239 ὅτι
1478 4185 1589 4240 Kal
1610 4197 1800 4254 παρα·

1896 3355 2031 3408 (iant
2057 3354 2135 3408 illi
2152 3358 2332 3409 omnia
2349 3372 2564 3427 quaque
2581 3360 2844 3427 fecissent,
2863 3376 3079 3431 quaque
3091 3363 3408 3419 docuissent.
3422 3366 3486 3419 Et

1894 3449 2033 3501 dixit
2088 3448 2160 3504 eis
2187 3464 2204 3503 :
2249 3446 2427 3503 Venite
2450 3466 2537 3504 vos
2564 3451 2664 3504 soli
2691 3452 2908 3506 seorsim
2932 3453 2987 3505 in
3012 3454 3272 3509 desertum
3291 3456 3486 3521 locum,

1898 3555 1946 3598 et
1975 3546 2286 3617 requiescite
2318 3547 2610 3616 paulisper.
2647 3547 2978 3603 Erantem’m
2995 3550 3083 3618 qui
3118 3550 3392 3605 veniebant
3437 3563 3487 3604 et

1896 3635 2116 3690 abibant
2161 3637 2318 3692 multi
2350 3639 2448 3702 sic,
2469 3648 2523 3692 ut
2548 3655 2640 3692 nec
2661 3641 2928 3694 comedere
2947 3649 3161 3695 vacaret
3184 3657 3196 3694 :
3228 3651 3278 3696 et
3297 3644 3488 3712 egressi

1895 3737 2018 3782 sunt
2043 3729 2110 3797 (s)
2137 3729 2344 3801 navigio
2370 3731 2422 3784 in
2447 3733 2707 3786 desertum
2750 3730 2920 3786 locum
2944 3733 3182 3788 seorsim.
3202 3733 3326 3790 Haec
3355 3750 3490 3791 sane

1897 3817 2135 3876 Marcus.

1974 4095 2224 4152 Proxima
2276 4095 2364 4150 his
2397 4102 2527 4150 sunt
2555 4110 2678 4168 quae
2698 4094 2831 4151 dicit
2857 4093 3030 4152 Lucas
3059 4096 3266 4154 addens
3322 4099 3488 4155 etiam

1903 4187 2118 4257 signum
2147 4199 2258 4255 quo
2284 4183 2563 4239 desertum
2599 4195 2946 4241 nosceretur.
2972 4185 3062 4240 Ait
3107 4185 3255 4242 enim
3341 4190 3487 4259 quod

207 4281 419 4337 λαϐὼν
458 4281 704 4347 αὐτοὺς,
736 4280 1096 4348 ὑπεχώρησε
1135 4277 1411 4331 κατιδίαν
1439 4277 1528 4342 εἰς
1575 4275 1802 4345 ἔρημον

1905 4274 2133 4330 secessit
2159 4273 2391 4330 seorsim
2429 4275 2484 4328 in
2517 4273 2796 4329 desertum
2857 4273 3034 4328 locum
3087 4273 3328 4330 civitatis
3365 4291 3488 4344 qua:

210 4376 429 4441 τόπον,
483 4375 719 4439 πόλεως
767 4368 1152 4440 καλουμένης
1202 4365 1537 4436 Βηθσαῖδᾶ.
1573 4366 1695 4438 Χρὴ
1743 4365 1800 4418 δὲ

211 4467 537 4537 γινώσκειν,
591 4467 678 4518 ὅτι
752 4459 1254 4536 ἁνθρωποπρεπῶς
1308 4463 1337 4515 ὀ
1401 4460 1639 4533 Χριστὸς
1709 4459 1802 4512 καὶ

212 4559 432 4623 ἀκούει,
486 4559 584 4612 καὶ
627 4559 924 4629 ἀναχωρεῖ,
957 4559 1055 4612 καὶ
1102 4558 1380 4627 οἰκονομεί
1419 4555 1488 4609 τὰ
1515 4554 1640 4608 καθ’
1669 4552 1798 4605 ἑαυ-

1908 4381 2136 4426 vocatur
2167 4366 2459 4422 Bethsaida
2475 4368 2542 4420 ⁸³.
2578 4363 2731 4422 Scire
2763 4367 2932 4422 etiam
2947 4373 3169 4437 oportet
3195 4365 3487 4424 Christum

1907 4466 2147 4519 humano
2161 4475 2316 4517 more
2339 4468 2394 4514 et
2413 4457 2604 4515 audire
2617 4467 2671 4513 et
2688 4459 2971 4525 secedere,
3005 4468 3061 4515 et
3094 4473 3158 4514 ea
3193 4476 3316 4530 quas
3340 4461 3488 4516 eirea

1907 4572 1969 4612 se
1995 4553 2503 4622 erantdispeusare.
2524 4549 2718 4604 Omnia
2738 4550 2882 4604 enim
2908 4560 3164 4622 tanquam
3186 4553 3326 4607 Deus
3345 4553 3490 4607 scic-

212 4653 332 4707 τόν.
379 4622 468 4715 Ὦς
521 4651 633 4720 γὰρ
667 4622 831 4716 Sabe;
879 4622 976 4704 καὶ
1019 4622 1302 4719 ἐγίνωσκε.
1329 4648 1529 4713 πάντα,
1565 4647 1660 4699 καὶ
1702 4645 1803 4697 οὒκ

1909 4649 2020 4712 hat,
2046 4661 2150 4702 nec
2173 4645 2248 4700 illi
2272 4644 2399 4716 fuga
2423 4657 2564 4714 opus
2600 4651 2736 4696 erat.

214 4751 393 4804 ἐδεῖτο
437 4751 638 4817 φυγῆς.

287 4843 404 4897 Kal
437 4872 505 4884 -—-
533 4843 794 4896 πόλεων.
839 4841 898 4893 '0
934 4840 992 4892 δὲ
1047 4839 1277 4910 Μάρκος
1337 4837 1528 4907 φησὶν,
1567 4836 1651 4890 ὅτι
1707 4831 1805 4886 καὶ

1977 4826 2132 4882 Vers.
2171 4827 2257 4881 15.
2304 4824 2368 4879 Et
2396 4854 2462 4864 —
2499 4823 2733 4877 urbibus.
2801 4821 3013 4877 Marcus
3056 4837 3185 4878 vero
3219 4821 3296 4877 ait
3346 4824 3488 4893 quod

217 4928 366 4989 εἶδον
434 4933 636 4997 αὐτοὺς
721 4933 1059 5001 ὑπάγοντας.
1119 4929 1282 4994 Τινὲς
1331 4929 1430 5000 μὲν
1485 4929 1592 5000 γὰρ
1664 4923 1806 4979 εἶδον

1906 4917 2071 4972 etiam
2101 4919 2357 4972 viderunt
2388 4931 2484 4972 cos
2511 4915 2780 4970 abeuntes
2804 4911 2873 4968 ³⁸.
2903 4913 3135 4980 Quidam
3162 4914 3309 4969 enim
3345 4915 3489 4970 vide-

215 5026 446 5093 αὐτοὺς,
488 5025 636 5089 τινὲς
664 5023 722 5077 δὲ
753 5025 997 5095 ἧκουσαν
1039 5021 1199 5076 τοῦτο
1231 5023 1381 5094 παρὰ
1420 5022 1528 5073 τῶν
1560 5020 1804 5086 ἰδόντων,

217 5121 317 5175 καὶ
347 5117 711 5172 ἀκολουθοῦσι
768 5118 908 5188 πεζῇ
951 5117 1176 5180 πάντες.
1209 5115 1469 5168 ’τοιοῦτον
1515 5116 1624 5185 γάρ
1680 5116 1801 5167 ἐστι

219 5214 412 5279 πόθοςο
455 5216 565 5270 πᾶν
592 5212 854 5285 ἐμπόδιον
900 5211 1277 5282 διακρούεται.

331 5422 378 5454 ³³
403 5419 570 5475 Marc.
597 5436 676 5484 vn,
701 5416 792 5473 29.
907 5415 952 5447 ⁸⁸
973 5413 1139 5469 Mare.
1166 5431 1238 5480 γι,
1265 5414 1356 5480 50,
1381 5415 1468 5470 59..

1585 5413 1627 5444 ³⁸
1672 5411 1802 5466 Luc.
1830 5427 1902 5478 Ix,
1944 5410 2026 5464 l0.

1909 5020 2040 5067 runt
2121 5011 2265 5077 illos.
2313 5011 2535 5080 quidam
2578 5019 2758 5066 autem
2828 5009 3125 5065 audierunt
3157 5009 3261 5066 hoc
3297 5009 3366 5064 ab
3405 5009 3490 5066 his

1912 5109 2006 5180 qui
2037 5108 2314 5164 viderant:
2339 5121 2643 5177 omnesque
2670 5106 2903 5176 pedestri
2969 5107 3145 5161 secuti
3174 5113 3306 5161 sunt
3337 5104 3489 5159 itine-

1912 5218 2008 5258 re:
2040 5199 2356 5270 hujusmodi
2387 5198 2533 5253 enim
2555 5197 2890 5252 desiderium
2952 5211 3118 5251 omne
3154 5195 3370 5267 repellit
3390 5194 3489 5249 im-

1913 5296 2307 5367 pedimentum.

2140 5407 2184 5439 “
2204 5406 2371 5461 Marc.
2397 5418 2470 5466 vt,
2513 5401 2602 5456 55.

1454 5560 1651 5622 Variae
1681 5559 1989 5622 lectiones
2023 5561 2087 5619 et
2130 5561 2321 5618 notze.

293 5723 409 5795 (57)
439 5719 661 5777 Scilicet
691 5735 721 5774 a
747 5732 907 5776 versu
946 5716 982 5773 '5
1006 5715 1075 5772 ad
1109 5716 1271 5771 linem
1311 5713 1391 5768 l2.

1985 5707 2099 5778 (58)
2136 5705 2321 5772 Ᾱύτοί,
2353 5702 2507 5759 abest
2531 5702 2597 5754 Α.

295 5879 367 5949 (s)
408 5877 625 5948 Egressi
687 5886 832 5930 sum.
876 5871 1103 5929 Videtur
1143 5886 1272 5944 ergo
1332 5866 1529 5942 legisse
1569 5866 1814 5936 ἀπῆλθον
1893 5865 2070 5936 Atque
2109 5863 2253 5920 dicta
2306 5864 2360 5917 iu
2426 5867 2576 5916 textu
2620 5857 2783 5913 habet
2830 5855 2975 5928 apud
3027 5854 3254 5911 Marcus!
3321 5845 3487 5902 codex

222 5963 458 6021 uterque
490 5963 666 6004 meus.
