4086 6396
640 397 742 461 ιτςι

1880 405 2195 468 EUTIIYM
2210 409 2262 468 lI
2307 410 2670 473 ZIGABENI

3795 424 3903 487 432

715 512 867 567 Vera.
902 512 983 568 Η.
1033 511 1096 566 Et
1131 527 1361 584 egressus
1421 540 1468 550 ο
1507 510 1744 564 illorum.
1769 511 1963 568 Vidisti
1996 515 2205 570 deside«

2394 519 2501 570 Kal
2565 518 2833 582 ἐξελθὼν
2865 551 2925 563 --
2959 522 3181 580 αὐτῶν.
3217 521 3370 590 Είδες
3416 526 3508 582 τὸν
3553 531 3745 598 πόθον,
3797 537 3906 603 ὂρα

641 606 806 672 rium,
857 605 982 660 vide
1019 616 1075 660 et
1124 606 1246 674 (jus
1297 604 1606 674 praemium.
1669 602 1778 660 Nec
1822 605 1891 659 ab
1935 606 2020 660 his
2058 606 2216 661 (idem

637 696 969 764 expetebat:
1011 695 1156 748 illam
1185 696 1333 749 enim
1398 695 1919 750 demonstraveram
1977 695 2216 765 pedestri

639 787 837 841 itinere
883 787 1090 855 absque
1147 785 1427 840 alimentis
1487 797 1785 856 sequentes
1832 786 1887 840 in
1934 786 2214 840 desertum

637 879 814 933 locum
850 897 862 931 :
901 877 1114 933 Marcus
1149 894 1280 933 vero
1310 889 1364 933 et
1393 877 1569 933 Lucas
1599 878 2017 947 dixeruntquod
2051 878 2215 932 etiam

633 971 800 1040 cmpit
833 969 1028 1026 docere
1056 971 1177 1025 illos
1203 971 1396 1037 multa,
1426 971 1682 1042 quodque
1734 969 2060 1040 loquebatur
2110 967 2217 1022 illis

635 1063 704 1115 de
739 1077 905 1132 regno
939 1062 1032 1116 Dei
1060 1064 1126 1116 ³’.

704 1152 862 1208 Unde
891 1164 1073 1208 autem
1111 1168 1368 1225 egressus
1391 1153 1620 1207 sanabat
1652 1160 1707 1206 et
1745 1150 1979 1206 docebat
2007 1149 2216 1205 ?Certe

633 1243 855 1297 dubium
885 1259 992 1296 non
1023 1254 1108 1298 est
1138 1244 1270 1314 quin
1295 1260 1325 1298 a
1356 1253 1564 1298 monte.
1621 1242 1714 1296 Ait
1752 1243 1895 1297 enim
1935 1241 2210 1297 Joannes:

629 1336 766 1389 Abiit
789 1336 1114 1406 Jesus_traus
1147 1353 1289 1389 mare
1312 1335 1550 1390 Galilei:
1580 1335 1718 1406 quod
1755 1345 1833 1389 est
1885 1335 2212 1388 Tiberiadis:

629 1403 1020 1490 etsequebat'ur
1055 1431 1348 1479 euntturba
1393 1403 1603 1489 multa.
1622 1425 1748 1495 quia
1791 1427 2036 1479 videbant
2098 1426 2214 1494 ejus

631 1516 780 1583 signa
798 1533 914 1582 qua:
936 1515 1117 1568 edebat
1145 1517 1198 1567 in
1220 1517 1298 1567 his
1354 1515 1443 1585 qui
1486 1513 1914 1582 infirmabantur.
1967 1513 2212 1565 Ascendit

632 1617 806 1660 autent
837 1608 892 1658 in
916 1607 1328 1670 montemlesus,
1353 1616 1400 1659 et
1437 1607 1506 1658 ibi
1565 1606 1780 1658 sedebat
1824 1620 1944 1658 cum
1981 1604 2210 1672 discipu-

632 1698 901 1751 tt'ssuis".
961 1698 1228 1752 DisSCl’lJil
1294 1698 1439 1751 enim
1476 1697 1529 1750 in
1555 1695 1683 1752 navi
1731 1710 1856 1751 cum
1881 1695 2211 1765 discipulis“

629 1803 864 1858 cumque
909 1787 1289 1844 ascendissent
1323 1787 1376 1841 in
1449 1796 1716 1854 montem,
1796 1787 2209 1857 requieverunt.

623 1878 836 1935 Deinde
861 1893 1114 1950 egressus
1136 1889 1220 1934 est
1249 1891 1304 1934 et
1338 1879 1568 1935 sanabat
1588 1888 1648 1934 et
1674 1876 1927 1934 docebat.

909 2097 1068 2153 CAP.
1103 2096 1296 2150 XXVI.
1335 2097 1410 2150 De
1439 2099 1667 2167 quinque
1694 2097 1948 2166 panibus.

706 2192 854 2246 νει-ε.
889 2191 976 2245 15.
1019 2189 1246 2259 Vespera
1277 2218 1344 2230 —
1373 2190 1598 2244 cibaria.
1630 2187 1754 2244 Dies
1780 2187 2056 2243 declinare
2095 2202 2211 2242 cat-

635 2290 817 2351 perat,
854 2281 996 2335 sient
1017 2280 1151 2335 dixit
1177 2279 1352 2334 Lucas
1385 2279 1452 2344 ⁸⁹;
1485 2279 1585 2348 ipsi
1608 2287 1786 2332 tamen
1805 2276 1980 2348 jejuni
2004 2291 2215 2346 perma-

622 2371 853 2434 nebant,
893 2368 1151 2422 audiendi
1187 2383 1377 2422 amore
1406 2366 1571 2422 famis
1630 2367 2018 2424 necessitatem
2083 2367 2209 2420 vin-

627 2473 808 2516 ccute.
839 2460 1091 2516 Christus
1112 2475 1242 2514 vero
1273 2474 1397 2514 cum
1444 2459 1650 2514 idcirco
1666 2473 1760 2514 eos
1810 2458 1994 2512 eibare
2024 2456 2208 2521 vellet,

627 2553 968 2622 exspectavit
991 2561 1171 2606 tamen
1206 2563 1264 2606 ut
1285 2551 1354 2606 ab
1373 2552 1495 2606 aliis
1537 2550 1883 2606 occasionem
1941 2558 2207 2614 sumeret,

628 2659 698 2698 ne
720 2644 993 2698 videretur
1014 2644 1080 2698 ad
1105 2642 1352 2698 miraculi
1369 2642 1749 2712 operationem
1772 2641 2012 2707 assilire;
2030 2655 2208 2711 neque

625 2738 718 2791 lzic
749 2737 949 2802 solum,
982 2751 1172 2791 verum
1196 2735 1363 2789 etiam
1402 2735 1531 2789 alibi
1571 2733 1710 2789 idem
1743 2733 2062 2803 irequenter
2110 2733 2209 2787 ob-

627 2839 834 2884 servat.
866 2828 1136 2883 Praeterea
1171 2835 1228 2880 ut
1259 2826 1427 2881 etiam
1451 2825 1582 2896 quid
1614 2825 1945 2892 esuriersnt,
2012 2823 2205 2895 majori

624 2921 876 2976 miraculi
911 2935 1077 2975 sensu
1097 2927 1466 2974 moverentur.

698 3011 853 3064 Vers.
895 3012 975 3065 l6.
1010 3010 1161 3064 Jesus
1185 3020 1364 3063 autem
1393 3038 1463 3050 —
1486 3009 1626 3079 quod
1662 3010 1845 3063 edant.
1877 3005 1995 3062 Non
2028 3007 2203 3066 dixit:

629 3105 737 3175 Ego
778 3119 992 3172 pascam
1024 3103 1181 3168 illos;
1212 3103 1316 3156 hoc
1343 3103 1489 3156 enim
1514 3102 1842 3172 artogantiae
1869 3100 2194 3166 videbatur;

2320 607 2417 660 καὶ
2464 608 2556 657 τ“.ν
2608 606 2802 676 μισθὸν
2847 609 3036 664 αὐτοῦ.
3077 613 3186 665 Καὶ
3249 616 3348 669 οὐκ
3406 617 3635 673 άπαιτεῖ
3673 622 3905 688 τούτους

2320 694 2507 749 πίστιν
2536 712 2550 726 -
2589 696 2798 760 ἔδειξαν
2857 699 2966 768 γὰρ
3001 701 3210 771 ταύτην
3267 705 3694 774 ἀκολουθοῦντες
3735 714 3904 784 πεζῇ,

2319 784 2444 855 δίχα
2493 788 2726 858 τροφῆς,
2791 791 2870 854 εἰς
2928 791 3136 862 ἔρημον
3193 795 3380 851 τόπον.
3427 800 3656 871 Μάρκος
3704 803 3764 856 δὲ
3811 805 3908 857 καὶ

2319 875 2536 941 Λουκᾶς
2593 873 2786 943 εἷπον,
2818 879 2898 931 ὅτι
2978 882 3072 933 καὶ
3118 881 3324 952 ἧρξατο
3380 887 3657 942 διδάσκειν
3703 891 3908 955 αὐτοὺς

2321 967 2516 1030 πολλὰ,
2565 969 2659 1021 καὶ
2693 972 2776 1023 ὅτι
2812 970 2994 1024 ἐλάλει
3040 973 3228 1038 αὐτοῖς
3285 979 3416 1048 περὶ
3461 980 3564 1050 τῆς
3619 981 3907 1052 βασιλείας

2319 1058 2415 1112 τοῦ
2447 1059 2608 1114 Θεοῦ.

2391 1151 2565 1204 Πόθεν
2601 1152 2659 1206 δὲ
2694 1152 2931 1218 ἐξελθὼν
2983 1157 3176 1212 ἰάσατο
3227 1159 3322 1213 καὶ
3371 1160 3623 1227 ἑδίδαξες
3674 1164 3910 1229 Πάντως

2317 1243 2426 1295 ἀπὸ
2451 1243 2548 1296 τοῦ
2581 1244 2760 1314 ὅρους.
2794 1248 2933 1317 Φησὶ
2951 1247 3059 1319 γὰρ
3089 1251 3119 1302 ό
3161 1251 3440 1323 Ἰωάννης,
3469 1253 3553 1306 δτι
3593 1254 3908 1325 ’Δπῆλθεν

2319 1337 2350 1388 ό
2395 1334 2627 1402 Ἰησοῦς
2657 1337 2852 1404 πέραν
2901 1337 3012 1408 τῆς
3044 1341 3369 1410 θαλάσσης
3421 1343 3534 1412 τῆς
3565 1347 3910 1412 Γαλιλαίας

2317 1423 2429 1490 τῆς
2456 1424 2809 1493 Τιϐεριάδος,
2830 1427 2930 1480 καί
2956 1429 3277 1496 ἠκολούθει
3301 1432 3462 1498 αὐτῷ
3477 1435 3661 1503 ὄχλος
3680 1441 3907 1503 πολὺς,

2317 1512 2406 1565 ὅτι
2456 1513 2655 1583 ἐώρων
2693 1517 2883 1571 αὑτοῦ
2933 1519 3004 1573 τὰ
3047 1520 3288 1590 σημεῖα,
3319 1521 3358 1576 d
3387 1523 3576 1577 ἐποίει
3634 1525 3734 1579 ἐπὶ
3788 1526 3912 1580 τῶν

2315 1603 2762 1663 ἀσθενούντων.
2804 1607 3048 1677 Ὰνῆλθε
3090 1609 3159 1664 δὲ
3186 1615 3274 1680 είς
3294 1615 3361 1668 τὸ
3396 1615 3534 1683 ὅρος
3572 1619 3606 1671 ό
3636 1617 3908 1685 Ἰησοῦς.

2317 1694 2416 1748 και
2479 1696 2608 1751 ἐκεῖ
2671 1697 2932 1767 ἐκάθητο
2977 1703 3131 1770 μετὰ
3181 1704 3301 1756 τῶν
3344 1704 3634 1773 μαθητῶν
3692 1708 3907 1761 αὐτοῦ.

2319 1788 2601 1860 Ιῐροέλαϐε
2658 1791 2770 1862 γὰρ
2818 1793 2876 1846 ιν
2923 1794 3098 1866 πλοίῳ
3143 1795 3284 1866 μετὰ
3331 1797 3442 1850 τῶν
3485 1798 3770 1869 μαθητῶν,
3809 1802 3910 1854 καὶ

2244 1872 2287 1928 Β
2314 1880 2635 1946 ἀνελθόντες
2664 1885 2747 1947 είς
2788 1883 2850 1938 τὸ
2883 1884 3031 1956 δρος,
3062 1886 3476 1942 διανεπαύοντο.
3511 1885 3651 1944 Εἶτα
3677 1891 3905 1960 ἐξῆλθε,

2315 1973 2410 2028 καὶ
2450 1975 2662 2040 ίάσατο,
2719 1977 2814 2030 καὶ
2842 1977 3105 2043 ἐδίδαξεν.

2527 2066 2686 2120 Kl”.
2715 2069 2842 2121 KZ'.
2893 2070 3034 2137 Περὶ
3081 2067 3201 2123 τῶν
3246 2070 3430 2124 πέντε
3466 2071 3686 2141 ἄρτων.

2397 2154 2610 2224 Ὀψίας
2627 2158 3012 2226 -βρώματα,
3057 2159 3118 2213 'll
3153 2160 3255 2229 μὲν
3298 2161 3484 2233 ἡμέρα
3533 2164 3747 2218 κλίνειν
3800 2165 3906 2236 ηρ-

2314 2242 2464 2311 ξατο,
2481 2243 2664 2309 καθὼς
2685 2243 2806 2300 εἷπε
2831 2247 3071 2312 Λουκᾶς⁹
3097 2249 3253 2303 αὐτοὶ
3283 2249 3338 2303 δὲ
3357 2251 3669 2321 παρέμενον
3697 2253 3908 2320 ἄσιτοι,

2311 2335 2407 2388 τοῦ
2435 2336 2534 2408 τῆς
2562 2337 2879 2408 ἀκροάσεως
2903 2339 3108 2410 ἔρωτος
3129 2340 3391 2405 νικῶντος
3411 2344 3512 2414 τὴν
3531 2344 3784 2417 ἀνάγκην
3805 2347 3910 2417 τῆς

2313 2429 2529 2500 πείνης.
2568 2430 2626 2484 '0
2651 2431 3000 2504 δὲέΧριστδς,
3031 2435 3121 2490 διὰ
3148 2433 3311 2488 τοῦτο
3337 2435 3668 2507 βουλόμενος
3697 2439 3906 2510 θρέψαι

2313 2521 2637 2592 παραδόξως
2665 2525 2887 2591 αὐτοὺς,
2909 2528 3061 2596 ὅμως
3089 2527 3344 2596 ἀνέμεινε
3377 2527 3506 2596 παρ’
3538 2529 3746 2596 ἑτέρων
3801 2528 3907 2582 λα-

2312 2612 2429 2665 ϐεῖν
2452 2615 2728 2686 ἀφορμὴν,
2757 2615 2844 2670 ἵνα
2865 2617 2940 2689 μὴ
2968 2617 3098 2692 δόξῃ
3117 2621 3240 2682 ταῖς
3273 2619 3751 2691 θαυματουργίαις
3777 2621 3908 2674 lm-

2316 2705 2540 2778 stqbdv;
2575 2707 2672 2761 καὶ
2711 2710 2813 2763 οὐκ
2831 2710 3070 2764 ἐνταῦθα
3105 2711 3287 2782 μόνον,
3315 2713 3455 2766 ἀλλὰ
3497 2715 3590 2767 καὶ
3622 2713 3908 2784 πολλαχοῦ

2310 2797 2471 2851 τοῦτο
2530 2797 2802 2872 διατηρεῖ.
2899 2801 3012 2855 Ναὶ
3074 2802 3183 2874 μὴν
3247 2805 3343 2858 καὶ
3386 2805 3473 2858 ἵνα
3531 2807 3906 2870 πεινάσαντες

2310 2889 2516 2960 πολλὴν
2567 2892 2827 2964 αἴσθησιν
2863 2894 2960 2946 τοῦ
2991 2893 3276 2965 θαύματος
3313 2895 3578 2950 λάϐωσιν.

2383 2980 2439 3034 '0
2456 2982 2526 3036 δὲ
2548 2984 2790 3052 Ἰησοῦς
2805 3016 2869 3034 -ι
2894 2988 3130 3056 φαγεῖν.
3150 2990 3232 3042 Οὐ
3255 2991 3464 3057 χρείαν
3481 2991 3756 3058 ἔχουσιν,
3776 2991 3908 3045 ἀντὶ

2308 3073 2429 3142 τοῦ,
2463 3075 2579 3130 Ούκ
2618 3078 2951 3146 ὀφείλουσιν.
2986 3081 3101 3133 υύκ
3149 3077 3274 3134 εἷπε
3304 3082 3390 3145 δὲ,
3417 3083 3498 3135 ὅτι
3542 3081 3682 3151 Ἐγὼ
3711 3083 3909 3154 θρέψω

626 3167 724 3251 εοὶι
775 3167 1077 3264 discipulos
1147 3194 1493 3258 adhortatur,
1563 3167 1821 3249 ut'dent
1893 3195 1999 3249 illis
2057 3193 2204 3264 quod

2314 3167 2534 3232 αὐτούς·
2594 3170 2755 3224 τοῦτο
2814 3175 2925 3243 γὰρ
2983 3172 3164 3226 ἐδόκει
3217 3176 3530 3245 κομπηρὸν,
3589 3176 3726 3228 ἀλλὰ
3777 3179 3908 3241 τοὺς

624 3288 888 3354 ειΙαηι,;ιιι
918 3287 1052 3356 ipsis
1110 3288 1349 3354 inopiam
1403 3287 1858 3350 obtendentibus,
1903 3287 2015 3356 jam
2086 3295 2200 3342 tum

626 3380 741 3450 ipse
769 3379 1095 3432 necessitate
1122 3387 1344 3431 coactus
1380 3376 1747 3448 iaceretquoil
1781 3393 1941 3433 suum
1984 3387 2124 3434 erat.

696 3554 804 3611 Sed
828 3553 1110 3610 Hatthaeus
1142 3555 1366 3623 quidem
1395 3565 1449 3609 et
1474 3554 1690 3610 Marcus
1722 3565 1780 3611 et
1809 3555 1988 3611 Lucas
2012 3557 2200 3614 dicunt

621 3647 922 3717 discipulos
944 3647 1279 3718 suggessisse
1307 3646 1529 3702 Christo
1553 3648 1622 3701 de
1655 3649 1941 3702 turbarum
1998 3648 2198 3702 dimis-

627 3738 805 3802 sione,
839 3752 948 3806 quo
976 3737 1178 3792 cibaria
1210 3737 1542 3790 emerent".
1597 3736 1840 3794 Joannes
1885 3753 2016 3793 vero
2081 3741 2197 3795 ait:

622 3831 755 3885 Cum
789 3829 1078 3883 sustulisset
1109 3829 1284 3882 oculos
1311 3828 1460 3883 Iesus
1513 3840 1560 3883 et
1590 3831 1800 3884 vidisset
1854 3835 1992 3902 quod
2047 3833 2197 3885 turba

627 3924 793 3978 multa
819 3924 1019 3976 veniret
1046 3923 1118 3975 ad
1141 3939 1216 3983 se,
1245 3925 1321 3974 ait
1349 3925 1419 3976 ad
1434 3922 1740 3992 Philippum
1759 3940 1776 3978 :
1798 3924 1944 3978 Unde
1968 3940 2200 3978 ememus

623 4033 810 4085 partes,
845 4025 900 4068 ut
923 4016 1198 4068 comedunt
1228 4015 1323 4068 lii?
1352 4013 1476 4068 .Hoc
1511 4024 1689 4068 autent
1740 4015 1948 4069 dicebat
1995 4025 2201 4070 tentans

623 4125 742 4162 cunt
765 4123 780 4159 :
804 4108 915 4174 ipse
952 4107 1089 4159 enim
1121 4105 1466 4175 sciebatquid
1500 4115 1632 4159 esset
1649 4106 1908 4174 facturus.
1968 4106 2200 4175 Respon-

623 4201 700 4250 dit
757 4198 806 4249 ei
864 4195 1170 4266 Philippus:
1219 4196 1572 4248 [lucernarum
1627 4196 1970 4250 denariorum
2029 4214 2200 4266 panes

623 4306 727 4344 non
761 4289 1018 4358 suﬂ'iciunt
1041 4291 1138 4349 eis,
1204 4297 1260 4340 ut
1311 4289 1668 4357 unusquisque
1716 4304 1897 4341 eorum
1942 4289 2200 4357 pusillum

619 4384 896 4452 quippiam
917 4380 1228 4450 accipiat“.
1264 4379 1386 4434 llaec
1407 4395 1540 4434 sane
1573 4379 1794 4449 scripsit
1829 4379 2089 4435 Joannes.

695 4647 1010 4704 Verisimile
1043 4658 1128 4703 cst
1150 4656 1332 4704 autem
1376 4648 1615 4720 primum
1645 4650 1947 4720 discipulos
1973 4666 2200 4720 sugges-

618 4741 1019 4808 sisse;deinde
1043 4755 1168 4795 eum
1201 4740 1404 4797 dixisse
1435 4741 1544 4796 illis
1584 4758 1598 4796 :
1658 4739 1776 4795 Non
1833 4757 2062 4797 necesse
2117 4751 2204 4797 est

618 4835 724 4888 illis
749 4835 930 4904 egredi
965 4851 979 4888 :
1017 4835 1143 4889 date
1163 4849 1259 4888 vos
1284 4833 1392 4889 illis
1419 4833 1568 4904 quod
1603 4833 1788 4890 edant.
1845 4833 2203 4891 Postmodum

617 4926 1111 4982 sustulisseoculos
1141 4941 1205 4981 ac
1227 4927 1434 4982 vidisse
1476 4927 1694 4981 turbam
1760 4927 1920 4982 aliam
1971 4929 2201 4983 multam

617 5020 929 5073 venientem
950 5036 964 5086 ;
989 5029 1047 5073 et
1081 5028 1212 5074 tunc
1239 5019 1484 5074 humano
1524 5034 1678 5074 more
1709 5027 1953 5075 tentasse
1976 5019 2194 5090 Philip-

619 5124 749 5179 pum
767 5150 784 5174 ,
816 5111 930 5164 sive
951 5111 1216 5181 probasse
1233 5125 1304 5164 an
1329 5111 1582 5166 crederet
1603 5111 1786 5180 ipsum
1826 5127 1986 5182 posse
2005 5127 2199 5166 omnes

618 5217 863 5273 pascere.
884 5200 1152 5258 Tentabat
1182 5213 1364 5258 autem
1399 5205 1551 5258 illum
1576 5214 1834 5274 tanquam
1899 5205 2112 5260 caeteris
2134 5222 2200 5260 eo

723 5383 768 5414 ³⁷
805 5379 968 5438 Marc.
1004 5399 1080 5442 γι,
1127 5383 1231 5448 ὄις
1266 5383 1398 5439 Luc.
1435 5400 1510 5452 Ix,
1547 5385 1633 5441 il.

619 5449 662 5482 “
693 5451 853 5506 Joan.
886 5469 959 5518 Vl,
993 5454 1084 5508 5-7

1747 5387 1790 5420 ⁸⁸
1820 5387 1977 5444 Joan.
2010 5403 2086 5450 vi,
2134 5385 2250 5441 l-3.

2316 3261 2568 3331 μαθητὰς
2634 3264 3010 3334 προτρέπεται
3057 3264 3241 3318 δοῦναι
3291 3267 3474 3329 αὐτοῖς
3534 3271 3751 3336 φαγεῖν,
3793 3270 3910 3337 ἵνα,

2310 3351 2517 3405 τούτων
2557 3353 2984 3424 προῦαλομένων
3030 3357 3143 3427 (59)
3177 3359 3436 3429 ἀπορίαν,
3469 3359 3590 3412 τότε
3627 3359 3821 3414 λοιπὸν
3847 3363 3910 3427 ἐξ

2310 3445 2558 3514 ἀνάγκης
2598 3447 2760 3510 αὐτὸς
2801 3449 3004 3520 ποιήσῃ
3043 3450 3102 3502 τὸ
3139 3449 3357 3504 ἑαυτοῦ.

2395 3538 2559 3592 Ἀλλὰ
2603 3541 2884 3605 Ματθαῖος
2946 3542 3046 3611 μὲν
3101 3543 3197 3596 καὶ
3277 3544 3507 3614 Μάρκος
3551 3546 3647 3600 καὶ
3682 3547 3910 3610 Λουκᾶς

2311 3629 2554 3698 λέγουσι,
2613 3634 2764 3704 παρὰ
2825 3634 2936 3686 τῶν
3001 3634 3264 3704 μαθητῶν
3326 3637 3754 3707 ὑπομνησθῆναι
3809 3641 3907 3694 τὸν

2310 3719 2546 3789 Χριστὸν
2584 3723 2837 3793 περὶτοῦ
2871 3724 3144 3778 άτιολῦσαι
3218 3728 3345 3789 τοὺς
3382 3727 3595 3796 δχλους,
3645 3729 3734 3782 ἵνα
3773 3732 3913 3799 ἀγο-

2311 3813 2520 3882 ράσωσι
2553 3816 2783 3886 τροφάς.
2816 3814 2876 3870 Ὀ
2895 3816 2950 3870 δὲ
2987 3816 3245 3887 Ἰωάννης
3272 3819 3428 3887 φησὶ,
3449 3820 3532 3872 ὅτι
3571 3819 3840 3889 Ἐπάρας
3875 3823 3910 3876 ό

2323 3907 2569 3974 Ἰησοῦς
2624 3908 2769 3974 τοὺς
2819 3909 3195 3978 ὀφθαλμοὺς,
3232 3911 3330 3964 καί
3379 3911 3779 3981 θεασάμενος,
3818 3914 3912 3966 ὅτι

2313 4000 2510 4066 πολὺς
2569 4000 2756 4069 ὄχλος
2815 4002 3050 4072 ἔρχεται
3094 4005 3246 4072 πρὸς
3285 4004 3497 4068 αὐτὸν,
3526 4005 3694 4072 λέγει
3747 4005 3909 4074 πρὸς

2311 4094 2419 4146 τὸν
2465 4094 2792 4148 Φίλιππον
2831 4098 3026 4150 Πόθεν
3077 4095 3459 4166 ἀγοράσομεν
3488 4097 3601 4168 (60)
3652 4096 3909 4167 ἄρτους,

2311 4185 2412 4240 ἵνα
2473 4185 2749 4256 φάγωσιν
2798 4183 2965 4244 οὗτοι
2991 4205 3012 4252 ;
3066 4189 3246 4243 Τοῦτο
3279 4189 3347 4242 δὲ
3380 4189 3554 4258 ἔλεγε
3606 4191 3912 4257 πειράζων

2311 4279 2518 4330 αὐτόν’
2555 4279 2740 4344 αὐτὸς
2772 4279 2882 4348 γὰρ
2906 4279 3058 4348 ᾔδει,
3102 4283 3158 4332 τί
3189 4280 3406 4350 ἔμελλε
3465 4279 3683 4334 ποιεῖν.
3730 4280 3902 4334 Ἄπε-

2311 4373 2481 4438 κμίθη
2509 4370 2668 4434 αὐτῷ
2688 4372 2983 4438 Φίλιππος
3017 4389 3031 4403 ο
3059 4372 3389 4426 Διακοσίων
3415 4370 3716 4440 δηναρίων
3735 4371 3804 4439 ἀί
3818 4390 3874 4425 τι
3892 4391 3910 4424 ι

2310 4465 2422 4517 οὐκ
2457 4463 2754 4531 ἀρκοῦσιν
2788 4463 3020 4532 αὐτοῖς,
3058 4465 3159 4518 ἵνα
3187 4464 3450 4530 ἕκαστος
3470 4461 3671 4518 αὐτῶν
3693 4463 3908 4532 βραχύ

2229 4550 2283 4611 D
2311 4573 2364 4608 τι
2398 4555 2576 4625 λάϐῃ.
2609 4555 2795 4610 Ταῦτα
2840 4557 2939 4628 μὲν
2965 4553 3056 4611 οὖν
3091 4557 3379 4628 ἱστόρησεν
3407 4559 3434 4609 ό
3479 4557 3760 4625 Ἰωάννης.

2377 4649 2537 4710 Είκὸς
2570 4649 2626 4701 δὲ
2675 4648 2788 4719 (61)
2840 4650 3057 4719 πρῶτον
3105 4651 3203 4719 μὲν
3273 4647 3697 4718 ὑπομνησθῆναι
3745 4648 3909 4718 παρὰ

2305 4739 2413 4791 τῶν
2449 4740 2736 4809 μαθητῶν,
2778 4736 2898 4793 εἶτα
2919 4743 3098 4796 εἰπεῖν
3129 4741 3332 4803 αὐτοῖς·
3372 4742 3446 4794 Ού
3500 4740 3690 4810 χρείαν
3737 4739 3904 4810 ἐχου-

2308 4850 2393 4884 σιν
2449 4833 2728 4898 ἀπελθεῖν,
2789 4832 2910 4886 δότε
2962 4833 3148 4896 αὐτοῖς
3203 4835 3363 4903 ὑμεῖς
3410 4833 3643 4900 φαγεῖν⁸
3697 4831 3908 4886 ἔπειτα

2309 4928 2521 4998 ἐπᾶραι
2599 4927 2728 4990 τοὺς
2801 4926 3140 4998 ὀφθαλμοὺς,
3207 4928 3300 4982 καὶ
3369 4925 3666 4982 θεάσασθαι
3727 4925 3904 4981 πολὺν

2311 5019 2467 5087 θέλον
2498 5019 2686 5090 ἕτερον
2716 5019 3037 5090 ιρνχόμενον,
3063 5021 3168 5076 ικαὶ
3197 5021 3318 5074 τότε
3367 5018 3556 5072 λοιπὸν
3601 5016 3906 5084 ἀνθρωπο-

2310 5111 2540 5182 πρεπῶς
2583 5112 2848 5183 πειράσαι
2879 5112 2972 5165 τὸν
3017 5113 3306 5176 Φίλιππον,
3355 5111 3536 5164 εῐτουν
3596 5109 3903 5178 δοκιμάσαι

2305 5206 2514 5273 τοῦτον,
2545 5208 2594 5258 εἰ
2623 5204 2871 5258 πιστεύει
2924 5205 3192 5260 δύνασθαι
3224 5207 3386 5260 αὑτὸν
3418 5203 3716 5274 διαθρέψαι
3758 5211 3904 5265 πάν-

2362 5387 2405 5419 ⁸⁹
2446 5387 2580 5443 Luc.
2615 5405 2692 5451 ix,
2735 5386 2821 5441 12.
2932 5389 2975 5419 ⁵⁸
3011 5388 3176 5444 Mam.
3241 5405 3313 5457 vt,
3347 5390 3459 5457 35;
3518 5390 3654 5447 Luc.
3686 5405 3767 5458 ts,
3807 5389 3898 5446 li.

1830 5544 2027 5607 Variae
2051 5544 2362 5609 lectiones
2405 5553 2466 5608 et
2498 5553 2687 5610 notae.

686 5714 799 5784 (59)
838 5709 1298 5784 Προϐαλλομένων
1323 5709 1380 5765 Β.

685 5781 803 5858 (60)
849 5781 1236 5856 ’Ᾱγοράσωμεν
1271 5782 1332 5834 Α.

2378 5713 2490 5787 (6|)
2527 5717 2784 5787 Kat','pro
2815 5715 2871 5770 δέ
2901 5715 2962 5772 ὰ
