4086 6408
212 401 318 468 ἰ33

1089 411 1474 473 COMMENT.
1519 411 1599 474 IN
1643 414 2116 478 MATTII.EU.\I.
2176 444 2234 453 -
2274 419 2433 479 CAP.
2477 422 2609 480 XIV

3376 428 3478 488 4‘34

207 535 275 570 τα
312 555 330 574 .
380 518 668 590 Ἐπειραζε
721 519 776 574 δὲ
803 519 987 586 αὐτὸν,
1013 521 1088 586 ῶς
1118 521 1471 595 ἀτελέστερον
1491 526 1796 597 τηνικαῦτα

1910 539 2144 598 tempore
2169 531 2774 599 impcrfectioremzaut
2808 533 2970 587 etiam
3011 550 3107 603 per
3157 536 3327 594 hunc.
3366 554 3482 590 εει·-

207 624 319 659 των
352 608 550 664 ἄλλων.
593 609 664 662 Ἦ
694 610 762 663 δι’
797 610 963 664 αὐτοῦ
995 611 1248 681 καὶπρὸς
1282 616 1408 678 τοὺς
1440 615 1632 679 ἄλλους
1665 618 1799 670 άπο-

207 699 474 763 τείνεται,
519 702 798 772 πειράζων
829 703 926 757 καὶ
968 703 1219 768 τούτους.
1256 705 1429 776 Δῆλον
1478 709 1684 774 τοίνυν,
1717 709 1801 762 ὅτι

207 789 245 842 ἃ
279 791 384 858 μὲν
440 788 595 852 εἷπον
636 794 686 846 οί
720 793 871 847 ἄλλοι
925 796 1338 864 εὖαγγελισταὶ,
1390 800 1748 871 παρέδραμεν
1775 802 1801 853 ὁ

219 882 508 948 Ἰωάννηςο
558 883 594 938 ἃ
624 884 682 939 δὲ
732 887 1092 960 παρέδραμον
1135 889 1363 955 ἐκεῖνοι,
1413 890 1587 945 ταῦτα
1646 886 1801 956 οὗτος

207 973 587 1041 ἀπήγγειλεν.

286 1065 355 1116 Ol
408 1063 479 1118 δὲ
529 1098 598 1110 --
646 1069 878 1136 ίχθύας.
926 1069 1182 1144 Ἰωάννης
1230 1074 1287 1128 δέ
1342 1091 1476 1144 φησι
1541 1076 1635 1129 τὸν
1682 1077 1803 1130 Ἀνσ

206 1155 380 1226 δρέαν
403 1158 599 1217 εἰπεῖν.
631 1160 715 1212 δτι
774 1162 948 1215 Ἐστι
979 1163 1301 1232 παιδάριον
1334 1165 1406 1218 ἐν
1436 1160 1574 1231 ὧδε,
1613 1167 1643 1219 δ
1676 1167 1801 1235 ἕχει

233 1247 423 1302 πέντε
451 1248 671 1318 ἄρτους
703 1252 1012 1319 κριθίνους
1056 1254 1155 1306 καὶ
1191 1255 1302 1308 δύο
1345 1256 1587 1325 ὀψάριαο
1642 1257 1806 1312 ἀλλὰ

230 1339 427 1392 ταῦτα
459 1341 518 1394 τι
567 1341 740 1395 ἐστιν
785 1345 872 1408 εὶς
928 1346 1305 1412 τοσούτους-ς
1358 1349 1582 1412 Πάντως
1638 1350 1695 1403 δὲ
1745 1350 1806 1402 τὸ

207 1431 510 1500 παιδάριον
582 1434 760 1486 ἐκεῖνο
825 1433 1081 1488 διεπώλει
1127 1437 1301 1490 ταῦτα
1334 1441 1450 1502 τοῖς
1509 1441 1805 1508 μαθηταῖς.

206 1521 304 1573 Διὸ
369 1524 488 1586 καὶ,
523 1526 599 1587 ὠς
649 1526 750 1596 ἤδη
805 1527 1022 1598 ἔχοντες
1065 1529 1226 1592 αὐτὰ,
1259 1531 1664 1602 ἀπεκρίθησαν,
1729 1535 1806 1602 μὴ

217 1613 369 1680 ἔχειν
422 1613 614 1684 ἕτερον
675 1620 725 1670 εί
762 1619 837 1689 μὴ
886 1621 1064 1675 ταῦτα
1123 1624 1307 1691 μόνον.
1361 1625 1518 1677 Οὗτω
1556 1627 1810 1696 πάρεργα

205 1704 399 1768 αὐτοῖς
424 1701 569 1776 ἦσαν
597 1709 664 1762 τὰ
695 1712 1011 1779 σωματικὰ,
1041 1714 1150 1768 τῶν
1183 1717 1574 1786 πνευματικῶν
1602 1718 1806 1787 μᾶλλον

207 1797 628 1866 ἀντεχομένοις.
665 1801 726 1854 Oi
768 1801 978 1862 δώδεκα
1026 1805 1134 1877 γὰρ
1184 1806 1347 1859 πέντε
1377 1808 1560 1873 μόνοις
1615 1808 1805 1879 ἄρτοις

205 1886 780 1960 ἔμελλοντραφῆναι,
818 1895 913 1948 καὶ
965 1896 1182 1960 τούτοις
1225 1897 1514 1967 κριθίνοις.

297 1975 366 2030 '0
395 1977 464 2032 δὲ
498 2011 567 2022 -
600 1977 740 2038 ὦδε.
775 1985 948 2049 Αὐτὸς
984 1987 1086 2052 μὲν
1135 1989 1471 2058 προσέταξεν
1513 1989 1802 2059 ἐνεχθῆναι

205 2071 341 2132 τοὺς
403 2072 607 2142 ἄρτους
639 2078 899 2141 καὶτοὺς
951 2079 1163 2149 ίχθύας,
1219 2083 1514 2144 διδάσκων,
1573 2086 1654 2137 ὅτι
1696 2085 1802 2154 χρὴ

207 2162 309 2214 καὶ
353 2163 500 2216 αὐτὰ
529 2166 600 2217 τὰ
634 2166 793 2235 ὀλίγα
825 2174 1133 2240 παρασχεῖν
1194 2175 1308 2234 τοῖς
1359 2174 1659 2242 δεομένοις,
1707 2175 1805 2226 καὶ

209 2257 497 2326 προτιμᾷν
563 2258 784 2322 αὐτούς·
846 2260 1000 2313 αὐτοὶ
1069 2263 1148 2328 δὲ,
1235 2263 1415 2316 καίτοι
1504 2264 1804 2327 πεινῶντες

205 2349 442 2417 ὁμοίως,
487 2355 583 2404 καὶ.
613 2354 782 2422 μηδὲν
832 2354 1023 2424 ἕτερον
1066 2355 1307 2426 ἔχοντες,
1345 2358 1496 2430 ὅμως
1546 2360 1806 2430 ἀναντιρ-

207 2443 398 2510 ῥὴτως
439 2444 742 2499 πείθονται.

284 2532 400 2585 Καὶ
429 2535 734 2601 κελεύσας
766 2568 829 2577 —
865 2539 1142 2606 χόρτους.
1185 2537 1241 2593 ’0
1272 2540 1328 2592 δὲ
1361 2541 1594 2612 Μάρκος
1622 2537 1802 2608 εἷπεν,

204 2625 293 2675 ὅτι
331 2625 440 2677 Καὶ
474 2627 775 2691 ἐπέταξεν
795 2630 1003 2695 αὐτοῖς
1027 2630 1435 2700 ἀνακλιθῆναι
1493 2633 1606 2702 (62)
1650 2633 1804 2686 πάν-

207 2732 342 2779 τας,
370 2719 689 2785 συμπόσια
720 2722 1064 2788 συμπόσια,
1095 2723 1194 2776 ἐπὶ
1229 2723 1308 2789 τῷ
1340 2725 1550 2794 χλωρῷ
1587 2729 1800 2795 χόρτῳ.

209 2809 320 2861 Καὶ
346 2809 658 2863 ἀνέπεσον
685 2815 934 2880 πρασιαὶ
968 2816 1241 2882 πρασιαὶ,
1274 2817 1390 2871 ἀνὰ
1429 2818 1650 2872 ἑκατὸν
1708 2823 1806 2874 καὶ

208 2902 328 2956 ἀνὰ
357 2901 761 2969 πεντήκοντα.
794 2937 862 2946 --
892 2908 1212 2974 Συμπόσια
1257 2911 1569 2977 συμπόσια
1607 2911 1803 2978 λέγων,

209 2990 336 3043 ἀντὶ
367 2990 497 3056 τοῦ,
526 2994 811 3062 συμπόσια
839 2995 1171 3068 διῃρημένα,
1218 2998 1490 3062 τουτέστι,
1553 3017 1804 3070 συιαγωο

211 3079 320 3148 τὴν
354 3079 415 3133 δὲ
480 3083 620 3150 ἐκεῖ,
662 3086 994 3156 συναγωγὴν
1053 3086 1110 3138 δὲ
1140 3085 1401 3156 ἀλλαχοῦ.
1461 3089 1535 3141 Τὸ
1587 3091 1805 3145 αὑτὸδὲ

208 3171 362 3236 δηλοί
392 3175 484 3225 καὶ
513 3177 573 3227 τὸ
607 3177 857 3244 πρασιαὶ
910 3179 1181 3245 πρασιαί.
1215 3175 1339 3232 Εἶεν
1372 3180 1416 3232 δ’
1446 3182 1512 3234 ἂν
1544 3185 1637 3236 καὶ
1687 3184 1808 3236 ἐτέ-
1831 3156 1876 3220 C

212 3281 326 3334 ρως
359 3282 375 3297 ο
416 3268 736 3336 συμπόσια
790 3269 890 3339 μὲν
955 3271 1011 3324 αί
1075 3272 1410 3337 κυκλοειδεῖς
1457 3276 1808 3344 συναγωγαί,

212 3358 467 3421 πρασιαὶ
512 3358 570 3412 δὲ
639 3362 696 3414 αὶ
748 3364 1251 3431 τετραγῳνοειδεῖς.
1302 3365 1563 3420 Τοιαῦται
1610 3367 1718 3436 γὰρ
1751 3369 1808 3421 αἱ

210 3445 325 3497 τῶν
357 3449 554 3518 κήπων
592 3455 844 3522 πρασιαί.
907 3456 1162 3522 Κλισίας
1184 3455 1241 3508 δὲ
1265 3458 1292 3510 ὁ
1333 3459 1551 3521 Λουκᾶς
1582 3459 1807 3514 ἐκάλεσε

211 3541 285 3593 τὰ
327 3543 561 3596 τοιαῦτα
595 3545 732 3615 (63),
765 3547 876 3600 ἀπὸ
903 3546 994 3600 τοῦ
1028 3547 1422 3618 κατακλιθῆναι
1469 3550 1739 3621 στιχηδόν.

1905 637 2121 676 munem
2145 633 2198 678 et
2221 621 2286 677 ad
2315 623 2450 678 alios
2467 623 2761 696 dirigebat.
2791 634 3008 680 tentans
3031 642 3249 696 quoque
3266 635 3321 681 et
3343 626 3482 681 illos.

1904 711 2253 768 Manifestum
2307 723 2549 785 estergo
2609 715 2754 785 quod
2798 733 2862 771 ea
2912 733 3032 787 qua:
3072 719 3162 772 alii
3227 718 3490 773 dixerunt

1904 804 2279 874 evangelista,
2344 807 2693 876 pratermisit
2743 806 3029 874 Joannes;
3073 825 3192 880 qua:
3239 826 3366 866 vero
3414 810 3487 864 illi

1905 897 2397 967 praetermiserunt,
2443 900 2558 954 haec
2591 900 2694 956 iste
2722 901 2984 955 narravit.

1980 1092 2131 1148 Vers.
2174 1095 2260 1148 I7.
2296 1093 2362 1148 At
2387 1094 2468 1148 illi
2503 1124 2565 1136 -—
2606 1098 2794 1166 pisces.
2829 1093 3070 1149 Joannes
3097 1110 3226 1150 vero
3245 1095 3322 1149 ait
3376 1096 3487 1148 Λιι-

1906 1187 2092 1241 dream
2123 1187 2377 1242 dixisse:
2415 1187 2506 1243 Est
2546 1189 2802 1257 puerulus
2838 1191 2922 1244 hic
2969 1207 3127 1253 unus.
3191 1191 3280 1261 qui
3336 1190 3489 1243 liabet

1907 1277 2136 1347 quinque
2181 1293 2343 1346 panes
2393 1279 2711 1332 hordeaceos
2773 1289 2820 1332 et
2858 1280 2989 1332 duos
3021 1280 3209 1346 pisces.
3251 1278 3343 1332 sed
3382 1279 3492 1331 lucc

1912 1368 2040 1437 quid
2056 1380 2178 1422 sunt
2215 1371 2351 1423 inter
2383 1381 2493 1423 tam
2533 1370 2723 1424 multos
2745 1371 2789 1403 “
2817 1372 2840 1424 I
2872 1369 3072 1425 Procul
3104 1370 3271 1425 dubio
3307 1381 3490 1423 autem

1908 1458 2170 1526 puerulus
2201 1459 2288 1513 ille
2317 1459 2605 1528 discipulis
2641 1459 2754 1513 haec
2776 1459 3067 1520 vendebat,
3105 1458 3334 1526 ideoque
3365 1464 3491 1509 tan-

1908 1562 2069 1616 quam
2090 1547 2176 1601 illa
2199 1549 2309 1616 jam
2338 1549 2627 1613 habentes,
2669 1549 3072 1618 responderunt
3116 1565 3175 1604 se
3203 1547 3349 1602 aliud
3385 1563 3492 1600 nun

1910 1637 2119 1692 habere
2174 1649 2374 1708 praeter
2442 1641 2555 1694 [nec
2628 1650 2860 1695 tantum.
2909 1641 2988 1694 Ita
3058 1639 3328 1708 neglectui
3389 1639 3496 1692 illis

1912 1743 2066 1784 erant
2094 1731 2399 1800 corporalia
2433 1733 2563 1786 dum
2589 1732 2871 1786 mordicus
2904 1731 3289 1802 spiritualibus
3319 1730 3493 1784 iuba--

1914 1832 2132 1886 rerent;
2172 1824 2654 1886 dnodecimenim.
2691 1824 2823 1879 solis
2845 1826 3090 1894 quinque
3129 1824 3362 1893 panibus
3405 1823 3496 1876 iis-

1908 1930 2016 1986 que
2052 1916 2376 1972 hordeaceis
2405 1917 2630 1971 eibandi
2662 1927 2843 1972 erant.

1976 2005 2134 2061 Vers.
2198 2007 2284 2062 I8.
2352 2006 2472 2076 Ipse
2519 2016 2695 2061 autem
2750 2038 2822 2049 —
2874 2008 2992 2061 huc.
3045 2006 3216 2062 Iussit
3275 2008 3496 2076 quidem

1905 2111 2076 2166 panes
2094 2096 2355 2166 acpisces
2384 2096 2586 2160 aIIerri,
2614 2098 2816 2152 docens
2860 2097 3004 2166 quod
3032 2097 3194 2156 etiam
3215 2099 3300 2151 illa
3327 2115 3496 2167 ρειαί-ιι

1907 2196 2159 2256 oporteat
2226 2188 2470 2256 pmbere
2533 2187 2930 2259 indigentibus,
3001 2203 3207 2258 eosque
3234 2188 3334 2242 sibi
3367 2188 3499 2257 ipsis

1906 2292 2249 2347 praeponere.
2282 2279 2358 2332 IIIi
2387 2294 2516 2334 vero
2550 2295 2862 2349 quanquam
2898 2279 3151 2334 similiter
3198 2279 3343 2333 fame
3373 2295 3499 2332 crn-

1906 2370 2055 2434 ciati,
2103 2372 2238 2425 nihil
2287 2372 2434 2427 aliud
2489 2372 2781 2438 haberent,
2831 2373 2951 2428 sine
3000 2372 3106 2428 ulla
3149 2381 3329 2427 tamen
3360 2387 3499 2425 con-

1908 2463 2232 2518 tradictione
2257 2463 2541 2519 obediunt.

1981 2553 2134 2609 Vers.
2174 2556 2257 2611 I9.
2282 2555 2519 2625 Cumque
2555 2557 2802 2625 jussisset
2844 2587 2914 2596 —-
2956 2559 3225 2626 gramina.
3283 2557 3499 2610 Marcus

1906 2656 2086 2702 autem
2144 2649 2280 2703 dixit
2325 2649 2468 2718 quod
2515 2649 2684 2720 jussit
2733 2660 2790 2704 ut
2845 2650 3190 2704 discumbere
3255 2650 3502 2702 facerent

1907 2755 2098 2794 omnes
2128 2741 2422 2794 distributis
2457 2741 2713 2795 conviviis
2768 2741 2822 2795 in
2879 2741 3041 2795 viridi
3093 2740 3392 2807 gramine;
3447 2750 3501 2792 et

1908 2831 2298 2886 discubuerant
2331 2831 2603 2886 distributi
2638 2832 2693 2885 in
2725 2830 2936 2884 areolas
2971 2830 3188 2884 centeni
3240 2839 3295 2883 et
3337 2829 3502 2897 quin—

1907 2926 2140 2994 quageni
2188 2924 2255 2978 “.
2318 2925 2472 2990 Quod
2528 2935 2712 2980 autem
2760 2907 2981 2988 dicitur,
3027 2922 3322 2976 distributis
3375 2937 3500 2972 con-

1907 3015 2080 3079 viviis,
2123 3014 2177 3068 in
2229 3016 2404 3069 littera
2435 3016 2669 3070 habetur
2715 3013 2996 3084 συμπόσια
3040 3012 3345 3081 συμπόσια,
3398 3013 3503 3064 hoc

1908 3115 1994 3162 est
2024 3123 2120 3177 per
2151 3108 2444 3163 distributa
2486 3109 2737 3164 convivia
2783 3125 2800 3175 ;
2856 3108 2973 3163 sive
3029 3117 3089 3162 ut
3144 3107 3231 3161 hic
3263 3107 3337 3161 sit
3394 3121 3499 3159 una

1910 3195 2283 3266 congregatio,
2317 3196 2388 3250 ibi
2408 3196 2512 3250 alia
2530 3195 2903 3266 congregatio.
2931 3204 2987 3249 et
3005 3195 3132 3247 alibi
3155 3194 3261 3247 alia
3289 3202 3343 3246 et
3369 3192 3497 3246 alia.

1909 3286 2052 3342 Idem
2073 3302 2286 3358 quoque
2313 3288 2748 3358 signiﬁcatquod
2793 3288 3048 3346 additur:
3103 3285 3387 3340 Distributi
3439 3283 3492 3336 in

1908 3381 2142 3444 areolas,
2176 3379 2320 3449 quod
2343 3381 2519 3435 littera
2542 3380 2705 3435 habet
2729 3379 2964 3449 πρασιαὶ⁵
2997 3377 3254 3447 πρασιαί,
3280 3377 3382 3430 hoc
3413 3383 3499 3428 est

1908 3485 2006 3539 per
2029 3469 2350 3524 distributas
2392 3472 2627 3526 areolas.
2654 3471 2845 3526 Potest
2870 3485 3089 3540 quoque
3128 3468 3304 3524 etalio
3341 3466 3503 3520 modo

1925 3560 2030 3614 dici
2056 3563 2202 3630 quod
2225 3562 2510 3632 συμπόσια
2528 3561 2731 3618 fuerint
2752 3561 3205 3633 congregationes
3225 3560 3279 3613 in
3312 3557 3504 3614 circuli

214 3635 465 3704 speciem
532 3639 820 3700 ordinatae,
871 3641 1107 3709 πρασιαὶ
1166 3657 1295 3696 vero
1368 3643 1422 3696 in
1448 3646 1808 3717 quadranguli

1911 3653 2105 3707 eciem.
2162 3654 2480 3724 Ilnjnsmodi
2532 3655 2681 3709 enim
2749 3663 2878 3709 sunt
2930 3655 3212 3708 hortor-nm
3282 3650 3500 3702 ιιι-ουιςυ.

214 3728 398 3781 Lucas
436 3744 566 3782 vero
594 3730 719 3783 talia
782 3731 1000 3786 vocavit
1049 3732 1097 3763 “
1153 3731 1462 3788 discubitus
1520 3751 1550 3789 a
1594 3737 1808 3793 discum

1910 3746 2016 3808 ldo,
2093 3746 2311 3811 κλισίας
2359 3746 2617 3802 videlicet
2675 3762 2705 3800 ει
2778 3745 3053 3817 κλιθῆναι,
3107 3744 3158 3797 id
3213 3753 3297 3798 est
3347 3743 3503 3796 recli~

216 3824 337 3878 nari
368 3837 471 3876 suo
491 3837 711 3892 quoque
734 3832 887 3878 certo
926 3824 1144 3880 ordine.

295 3914 510 3968 Λαϐὼν
544 3943 613 3952 --
640 3915 1001 3984 εὐλόγησεν.
1044 3916 1367 3988 Ἀνέσλεψεν
1401 3921 1482 3984 είς
1525 3922 1619 3975 τὸν
1652 3925 1809 3993 οὐρα-

2001 3927 2155 3982 Vers.
2218 3928 2307 3983 19.
2367 3927 2607 3996 Acceptis
2659 3958 2722 3968 —
2779 3927 3071 3985 benedixit.
3130 3924 3389 3996 SnSpt-xit
3446 3949 3500 3984 III

218 4007 333 4072 νὺν,
383 4005 563 4075 τιμῶν
616 4023 674 4057 τε
723 4007 816 4058 τὸν
860 4008 1102 4078 Πατέρα,
1160 4010 1255 4062 καὶ
1300 4009 1568 4065 δεικνύων
1596 4014 1678 4066 ὅτι
1716 4017 1809 4071 οὐκ

1917 4020 2117 4074 uelum
2141 4017 2358 4073 Patrem
2405 4019 2702 4082 bonorans,
2753 4034 2819 4074 ac
2869 4019 3169 4073 ostendens
3227 4020 3339 4073 Deo
3390 4038 3500 4075 nen

220 4100 376 4151 ἔστιν
408 4097 681 4161 ἀντίθεος,
717 4099 813 4150 καὶ
841 4098 1110 4153 διδάσκων
1148 4101 1222 4172 μὴ
1253 4103 1519 4173 πρότερον
1547 4105 1809 4161 ἅπτεσθαι

1918 4126 2040 4166 esse
2116 4111 2475 4166 contrarium.
2546 4109 2816 4166 Preterea
2898 4110 3104 4164 docens
3172 4126 3280 4164 non
3355 4113 3504 4181 prius

220 4191 529 4261 τραπέζης,
593 4190 700 4254 ἕως
762 4191 828 4244 ἂν
887 4192 1381 4264 εὐχαριστήσωμεν
1436 4195 1514 4265 τῷ
1573 4197 1713 4268 Θεῷ,
1744 4200 1809 4267 τᾷ

1920 4218 2165 4257 mensam
2247 4217 2368 4257 esse
2437 4203 2835 4273 attingendam,
2897 4202 3072 4257 donec
3127 4203 3239 4257 Deo
3300 4207 3502 4274 gratias

224 4284 455 4354 χορηγῷ
509 4284 611 4350 τῆς
663 4286 895 4353 τροφῆς,
936 4285 1033 4336 καὶ
1073 4285 1172 4356 τὴν
1207 4287 1458 4354 εὐλογίαν
1495 4290 1698 4360 ταύτης
1728 4293 1819 4343 οὑ-

226 4377 457 4446 ριινόθεν
512 4376 856 4445 ἑλκύσωμεν.
919 4376 1346 4449 Θαυματουργεί
1398 4380 1580 4433 τοίνυν
1616 4422 1630 4445 ,
1684 4385 1809 4436 ποτὲ

1926 4386 2370 4440 benedictionem
2413 4385 2630 4441 caelitus
2682 4385 2981 4440 trabamns.

1921 4309 2164 4362 agamus,
2195 4293 2282 4357 qui
2317 4293 2481 4348 nobis
2501 4293 2822 4347 alimentum
2852 4293 3244 4362 suppeditavit.
3275 4293 3505 4362 ejusque

3039 4385 3319 4439 Interdum
3375 4401 3506 4455 ergo

228 4472 332 4540 μὲν
365 4469 486 4522 κατ’
515 4470 790 4536 ἐξουσίαν,
836 4469 913 4532 ὡς
943 4469 1097 4534 Θεὸς,
1135 4473 1266 4524 ποτὲ
1294 4471 1352 4524 δὲ
1383 4474 1697 4543 εὐχόμενος,
1725 4477 1809 4530 διὰ

1925 4477 2082 4545 quasi
2143 4477 2287 4531 Deus
2344 4477 2564 4546 propria
2623 4477 2954 4532 auctoritate
3000 4477 3327 4531 miraculum
3378 4494 3506 4546 ope-

223 4562 324 4622 τὰς
355 4562 777 4632 προρρηθείσας
835 4562 1040 4626 αἰτίας,
1078 4563 1168 4618 ἵνα
1228 4563 1304 4636 μὴ
1330 4567 1667 4641 σκανδαλίσῃ
1691 4570 1818 4633 τοὺς

226 4670 367 4721 mw;
375 4654 525 4722 ρούς.

301 4747 414 4800 Καὶ
452 4776 521 4787 -
544 4746 776 4815 ὄχλοις.
814 4749 1027 4804 Ἔδωκε
1048 4753 1163 4814 τοῖς
1197 4750 1468 4821 μαθηταῖς
1521 4752 1683 4805 τοῦτο
1722 4753 1821 4822 μὲν

222 4839 406 4908 τιμῶν
438 4840 662 4906 αὐτοὺς,
729 4841 805 4905 ὡς
862 4844 1252 4914 οἰκειοτέρους,
1282 4845 1448 4898 τοῦτο
1491 4846 1548 4898 δὲ
1577 4846 1668 4898 καὶ
1734 4847 1822 4900 ἵνα

229 4929 308 4999 μὴ
338 4931 708 4986 ἐπιλάθωνται
758 4934 853 4987 τοῦ
893 4934 1194 5004 θαύματος,
1223 4937 1304 4997 εὶς
1330 4934 1358 4987 ὃ
1385 4934 1719 5006 διηκόνησαν
1764 4935 1821 4988 αί

229 5021 413 5089 χεῖρες
444 5020 649 5075 αὐτῶν.

303 5111 420 5165 Καὶ
441 5143 511 5152 -
533 5111 1023 5181 ἐχορτάσθησαν.
1057 5115 1347 5184 Χορτάσας
1378 5114 1576 5175 αὐτοὺς
1623 5115 1820 5184 πρότε-

234 5221 326 5274 ρον
360 5206 755 5274 πνευματικῆς
784 5205 895 5274 (64)
934 5207 1175 5278 τροφῆς,
1210 5207 1269 5257 ὲν
1307 5205 1382 5274 τῷ
1412 5205 1715 5271 διδάσκειν,
1745 5207 1822 5269 ὡς

230 5298 471 5365 εἴρηται,
507 5298 602 5350 καὶ
641 5296 826 5350 λαλεῖν
873 5300 1005 5369 περὶ
1049 5299 1150 5368 τῆς
1194 5296 1475 5368 βασιλείας
1514 5300 1608 5350 τοῦ
1656 5296 1816 5362 Θεοῦ,

339 5439 382 5471 δ’
402 5438 645 5495 .Inan.\'l.
672 5439 792 5493 5-7.
907 5439 952 5472 “
983 5438 1149 5493 Marc.
1189 5455 1262 5504 τι,
1294 5437 1382 5492 39.

1921 4580 2113 4624 ratur:
2163 4570 2492 4639 quandoque
2524 4585 2654 4624 vero
2711 4572 3039 4641 deprecatur
3095 4569 3166 4623 ob
3219 4570 3506 4639 pra-dictas

1919 4677 2133 4727 causas,
2165 4677 2233 4716 ne
2273 4661 2444 4714 iiialos
2476 4661 2736 4717 oﬂ'endat.

2001 4751 2155 4806 Vers.
2210 4753 2297 4806 I9.
2350 4752 2417 4806 Et
2469 4783 2538 4794 —-
2587 4755 2778 4808 turbis.
2825 4753 2983 4807 Dedit
3045 4753 3331 4822 discipulis
3389 4765 3502 4810 tum

1919 4845 2074 4914 quasi
2119 4845 2290 4914 magis
2333 4843 2714 4908 familiaribus,
2774 4853 2888 4899 tum
2911 4846 3077 4900 etiam
3097 4859 3168 4900 ne
3187 4860 3283 4900 eos
3311 4847 3505 4903 lateret

1922 4935 2268 5002 miraculum,
2302 4936 2368 4991 ad
2398 4937 2540 5006 quod
2578 4937 2693 4992 suis
2737 4937 2992 4992 manibus
3040 4936 3503 4994 subministrave-

1922 5037 2068 5082 rant.

2001 5119 2155 5176 Vers.
2186 5121 2277 5175 20.
2325 5121 2393 5175 Et
2442 5151 2509 5161 —
2558 5123 2789 5176 saturati
2842 5132 2984 5175 sunt.
3043 5119 3143 5186 Qui
3194 5121 3344 5191 prius
3411 5137 3504 5175 eos

1923 5211 2190 5280 spirituali
2226 5213 2487 5269 alimento
2515 5222 2874 5274 saturaverat,
2906 5213 3176 5278 docenda,
3213 5222 3272 5267 ut
3295 5212 3500 5266 dictum

1921 5311 2031 5369 est,
2068 5305 2426 5374 ctlnquendo
2476 5307 2544 5361 de
2589 5321 2758 5377 regno
2835 5305 2950 5369 Dei,
3029 5319 3177 5359 nunc
3279 5317 3501 5372 quoque

1495 5438 1541 5471 ⁸⁸
1564 5436 1693 5492 Luc.
1724 5453 1800 5502 Ix,
1831 5438 1917 5492 M.

1414 5591 1612 5653 Variae
1643 5592 1953 5654 lectiones
1985 5599 2045 5654 et
2085 5599 2274 5652 nota).

313 5767 425 5835 (6‘2)
477 5767 864 5834 ’Λνακλιθῆναι
912 5783 976 5819 ex
1030 5765 1280 5820 Mattbren
1319 5764 1635 5830 assumpsit.
1682 5763 1813 5820 Nam

239 5838 379 5894 infra
412 5841 463 5892 in
490 5847 746 5894 toxitextu
784 5845 1012 5908 uterque
1044 5836 1319 5910 vulgatum
1354 5835 1535 5891 habet.

2000 5763 2112 5831 (63)
2147 5763 2354 5825 Ταῦτα,
2399 5739 2495 5830 prd
2522 5763 2588 5815 τὰ
2625 5762 2865 5816 τοιαῦτα.
2903 5765 2962 5814 Α.

2009 5833 2120 5907 (ιῑι)
2153 5835 2241 5891 Sic
2272 5833 2436 5890 Marc.
2471 5849 2584 5900 rm,
2617 5836 2684 5890 I:
2719 5833 2980 5906 χορτάςαι
3017 5835 3218 5907 ἄρτων.
