4086 6438
260 384 373 448 ι37

1160 389 1550 452 COMMENT.
1587 390 1669 452 IN
1705 391 2174 454 MATTHZEUM.
2199 392 2446 453 "CAP.
2481 391 2638 452 XIV.

3426 383 3550 446 438‘

339 495 416 551 Τὸ
439 494 509 549 δὲ
541 495 762 552 πλοῖον
788 524 859 538 -—
883 497 1126 570 ἄνεμος.
1161 501 1333 556 Πάλιν
1358 504 1410 556 ot
1436 506 1684 574 μαθηταὶ
1722 505 1840 560 κλυ·

2029 505 2185 563 Vers.
2237 507 2330 562 24.
2381 505 2548 560 Navis
2583 511 2760 557 autem
2791 529 2855 542 -—
2879 509 3081 555 ventus.
3133 495 3287 551 Nunc
3322 511 3538 550 rursum

257 585 608 658 δωνίζονται,
641 587 826 654 καθὼς
855 593 953 644 καὶ⁵
978 590 1040 644 τὸ
1073 594 1361 666 πρότερον.
1389 595 1552 650 Ἀλλὰ
1601 596 1720 650 τότε
1750 596 1849 668 μὲν

257 679 642 752 ἀτελεατίροις
667 677 789 737 οὖσι
820 683 991 751 συνῆν
1023 684 1122 739 καὶ
1151 686 1315 751 αὐτὸς
1350 688 1431 751 είς
1469 688 1846 759 παραμυθίαν,

254 771 309 822 εί
353 771 452 824 καὶ
476 771 733 838 ἐκάθευδε
754 789 770 805 ο
803 773 900 828 νῦν
933 777 990 830 δι
1024 777 1421 848 προκοψάντων
1454 777 1709 846 ἄπεστιν,
1738 781 1846 846 ἵνα,

257 862 586 931 μηδαμόθεν
643 865 863 936 ἔχοντες
928 869 1328 944 παραμυθίαν,
1379 874 1848 946 καρτερικώτεροι

251 953 557 1018 γένωνται.

327 1129 596 1206 Τετάρτῃ
647 1165 718 1177 --
747 1136 1092 1206 θαλάσσης.
1169 1139 1227 1194 Ὀ
1253 1140 1309 1195 δὲ
1333 1143 1561 1212 Μάρκος
1596 1145 1845 1215 εῖρηκεν,

248 1218 336 1273 δτι
379 1221 473 1274 καὶ
513 1219 653 1278 εἶδεν
669 1225 870 1289 αὐτοὺς
885 1227 1347 1300 βασανιζομένους
1379 1233 1436 1284 ὲν
1456 1232 1532 1302 τῷ
1554 1231 1799 1286 ἐλαύνειν
1829 1250 1844 1265 ·

247 1314 278 1365 ὁ
340 1313 403 1366 δὲ
467 1314 754 1385 Ἰωάννης,
814 1319 897 1373 ὅτι
947 1321 1158 1391 ἤλασαν
1210 1322 1287 1383 ὡς
1336 1324 1583 1387 σταδίους
1633 1326 1842 1378 εἰκοσι-

249 1404 420 1457 πέντε
452 1405 486 1474 ἢ
519 1411 614 1460 καὶ
652 1409 969 1479 τριάκοντα.
1043 1414 1269 1469 Στάδιον
1318 1416 1378 1469 δέ
1407 1417 1524 1469 ἐστι
1561 1415 1723 1482 τόπος
1752 1419 1845 1487 ὀρ-

244 1498 428 1563 γυιιῖιν
479 1499 698 1556 ἑκατόν.
754 1503 1141 1577 Τετάρτηνδὶ
1200 1508 1453 1579 φυλακὴν
1487 1509 1590 1578 τῆς
1650 1511 1844 1571 νυκτὸς

242 1587 546 1659 ὠνόμασαν
591 1595 640 1645 οί
689 1594 910 1648 παλαιοὶ
956 1598 1364 1667 νυκτοφύλακες
1397 1601 1504 1654 τῶν
1542 1603 1845 1671 στρατοπέ-

243 1678 354 1730 δων
430 1681 492 1733 τὸ
542 1682 808 1754 τέταρτον
861 1690 1030 1770 μέρος
1092 1693 1196 1760 τῆς
1260 1691 1454 1756 νυκτὸς
1487 1735 1502 1758 ,
1553 1693 1672 1763 ἢτοι
1745 1693 1843 1758 τὰς

243 1771 574 1839 τελευταίας
622 1781 780 1848 τρεῖς
825 1779 998 1851 ὥρας.
1065 1781 1278 1854 Ἀφῆκε
1308 1785 1366 1838 δὲ
1411 1786 1540 1850 τοὺς
1592 1785 1843 1858 μαθητὰς

241 1865 272 1914 6
342 1864 586 1934 Χριστὸς
667 1869 761 1923 ἐπὶ
830 1873 1091 1928 τοσοῦτον
1174 1875 1653 1942 κλυδωνίζεσθαις
1721 1895 1845 1932 παι-

240 1953 423 2008 δεύων
479 1959 847 2032 ἐγκαρτερεῖν
902 1968 1017 2030 τοῖς
1066 1967 1282 2034 δεινοῖς,
1310 1969 1680 2039 οἰκονομικῶς
1712 1970 1846 2024 ἐπα-

239 2045 549 2115 γομένοις,
607 2053 700 2105 καὶ
783 2055 858 2124 μὴ
940 2056 1130 2125 ζητεῖν
1192 2061 1425 2128 ταχεῖαν
1486 2060 1841 2133 ἁπαλλαγήνο

241 2137 327 2190 ἔτι
363 2139 422 2193 δὲ
455 2142 572 2206 καὶ,
610 2143 696 2196 ῐνα
720 2145 824 2213 πρὸ
852 2145 1153 2217 ὀφθαλμῶν
1194 2149 1288 2202 τὸν
1318 2151 1554 2203 θάνατον
1590 2151 1839 2220 ἔχοντες,

244 2225 374 2285 εἶτα
439 2235 762 2305 παραδόξως
831 2238 1151 2308 ρυσθέντες,
1195 2241 1520 2308 ὲπιγνῶσιν,
1569 2241 1653 2294 ὅτι
1708 2237 1846 2306 Θεός

239 2325 449 2378 ἔστινὸ
477 2326 701 2392 τούτους
763 2328 1219 2402 διασωσάμενοςο
1258 2332 1416 2387 οὔπω
1469 2332 1580 2406 γὰρ
1628 2334 1846 2388 τελείαν

251 2411 410 2487 εἶχον
459 2421 868 2492 πληροφορίαν.
922 2424 1018 2477 Διδ
1073 2425 1168 2479 καὶ
1223 2426 1366 2496 μετὰ
1434 2427 1536 2495 τὴν
1594 2427 1843 2483 ἀπαλλα-

239 2506 347 2578 γὴν
385 2511 810 2584 προσεκύνησαν
836 2515 1010 2584 αὐτῷ,
1045 2515 1334 2586 λέγοντες·
1379 2521 1648 2589 ’Δληθὼς
1694 2525 1845 2580 Θεοῦ

237 2599 377 2667 Υἱὸς
421 2599 483 2658 εἴ

312 2847 425 2903 Kal
452 2877 525 2890 -—
555 2849 841 2919 ἔκραξαν.
909 2851 1015 2907 Τὸν
1067 2856 1177 2909 ἀπὸ
1225 2857 1322 2910 τοῦ
1355 2858 1626 2924 κλύδωνος
1676 2862 1844 2929 φόϐον

238 2941 439 3009 ῑτερος
516 2941 822 3015 διαδέχεται
883 2944 1044 3018 (69),
1099 2949 1197 3002 καὶ
1249 2951 1350 3004 οὐκ
1408 2951 1567 3005 ἔλυσε
1624 2954 1838 3021 τοῦτον,

237 3029 348 3092 ἕως
379 3029 492 3101 (70)
517 3031 785 3114 ἐϐόησαν,
813 3035 901 3089 ἵνα
933 3039 1294 3108 γυμνασθῶσι
1349 3042 1542 3111 φέρειν
1575 3045 1676 3108 τὰς
1707 3043 1831 3098 δια-

237 3122 410 3194 δοχὰς
430 3123 540 3178 τῶν
576 3128 924 3198 πειρασμῶν.

1950 600 2198 670 discipuli
2245 598 2514 654 ﬂuctuant
2555 611 2620 651 ac
2665 592 3046 665 periclitantur
3085 590 3230 646 sicut
3274 599 3330 644 et
3359 588 3536 658 prius.

1952 688 2151 746 Verum
2197 699 2331 746 tunc
2384 689 2607 759 quidem
2659 701 2782 742 cum
2850 694 3035 739 essent
3084 679 3539 751 imperfectiores.

1949 783 2135 838 aderat
2181 791 2235 837 et
2268 783 2383 852 ipse
2418 780 2483 836 ad
2526 779 2981 839 consolationem,
3035 786 3350 845 quanquam
3411 771 3539 826 dor-

1949 874 2152 930 miebat
2187 892 2201 937 ;
2237 890 2385 929 nunc
2422 888 2551 928 vero
2581 888 2704 928 cum
2746 873 2857 941 jam
2927 866 3289 938 profecissent
3323 862 3536 926 aberat,

1950 976 2010 1021 ut
2071 981 2342 1036 nusquam
2399 965 2673 1021 habentes,
2736 960 3167 1017 consolationem
3230 955 3539 1011 eﬂiciantur

1950 1055 2223 1112 fortiores.

2029 1148 2181 1204 Vers.
2227 1147 2318 1202 25.
2359 1145 2569 1212 Quarta
2602 1175 2669 1187 -—-
2714 1162 2883 1200 mare.
2915 1140 3129 1198 Marcus
3163 1148 3345 1196 autem
3398 1137 3538 1193 dixit

1947 1240 2094 1309 quod
2139 1238 2304 1294 etiam
2361 1237 2500 1294 vidit
2532 1252 2628 1293 eos
2649 1237 2967 1292 laborantes
3011 1235 3072 1288 in
3117 1232 3444 1304 reniigando
3465 1230 3538 1279 “-

1946 1331 2187 1387 Joannes
2215 1344 2343 1384 vero
2370 1327 2512 1399 quod
2539 1327 2935 1397 remigaverant
2960 1324 3134 1379 ferme
3163 1323 3336 1378 stadia
3361 1320 3540 1390 vigin-

1950 1421 2249 1492 tiquinque
2279 1429 2376 1475 aut
2431 1419 2672 1490 triginta.
2723 1417 2971 1473 Stadium
3033 1425 3216 1470 autem
3269 1413 3422 1468 locus
3455 1418 3540 1465 est

1948 1512 2063 1568 sive
2093 1526 2349 1567 mensura
2406 1518 2628 1566 centum
2686 1509 2964 1573 ulnarum,
2997 1521 3119 1577 qua:
3156 1506 3284 1560 ulna
3345 1503 3536 1559 Grmce

1945 1601 2146 1671 ὀργυιᾶ
2182 1600 2409 1666 dicitur,
2439 1610 2493 1655 et
2531 1610 2614 1656 est
2641 1613 2908 1654 manuum
2954 1613 3082 1653 cum
3126 1594 3372 1667 pectoris
3411 1591 3539 1647 lati-

1948 1692 2133 1748 tudine
2155 1689 2424 1758 extensio,
2452 1690 2745 1745 continens
2767 1705 2859 1745 sex
2889 1687 3077 1760 pedes.
3114 1686 3376 1753 Quartam
3409 1698 3543 1739 vero

1947 1779 2122 1834 noctis
2147 1778 2382 1850 vigiliam
2417 1776 2775 1832 nominabant
2820 1773 3055 1845 antiqui,
3084 1774 3177 1842 qui
3228 1773 3283 1827 in
3325 1769 3540 1826 exerci-

1877 1853 1916 1907 Β
1951 1871 2096 1925 t‘bus
2167 1877 2332 1924 nocte
2387 1867 2707 1938 vigilabant,
2753 1874 3002 1937 quartam
3056 1864 3238 1919 noctis
3297 1869 3536 1932 partem,

1945 1970 2250 2030 postremas
2271 1959 2524 2015 videlicet
2552 1967 2663 2014 tres
2686 1958 2877 2013 horas.
2897 1955 3155 2012 Permisit
3177 1969 3310 2024 ergo
3362 1951 3493 2008 Chri
3511 1979 3530 1991 -

1945 2063 2062 2108 stus
2086 2052 2380 2122 dissipulos
2404 2051 2468 2106 ad
2494 2050 2547 2106 id
2581 2065 2752 2120 usque
2773 2059 2992 2118 tempus
3013 2046 3304 2104 ﬂuctuare.
3331 2043 3547 2100 docens

1945 2153 2007 2197 ut
2057 2143 2226 2199 fortes
2276 2142 2581 2198 elliciamur
2630 2141 2698 2196 ad
2755 2139 3023 2210 pericula,
3074 2152 3195 2208 qua:
3246 2135 3540 2204 dispensa-

1947 2234 2086 2289 torie
2115 2233 2493 2289 inducuntur:
2536 2247 2640 2288 nec
2669 2231 2888 2286 facilem
2931 2239 3027 2284 aut
3077 2228 3324 2284 velocem
3383 2239 3552 2294 quaso.

1946 2340 2134 2380 ramus
2163 2324 2565 2382 liberationem.
2596 2324 2864 2379 Prmterea
2888 2330 2948 2376 ut
2980 2327 3211 2374 mortem
3233 2332 3343 2388 pra:
3362 2315 3538 2371 oculis

1947 2415 2233 2478 habentes.
2269 2423 2323 2471 et
2347 2415 2414 2470 ab
2447 2430 2511 2471 ea
2540 2414 2858 2469 mirabiliter
2887 2412 3125 2476 liberati,
3170 2415 3531 2480 agnoscerent

1950 2502 2118 2558 Deum
2169 2518 2292 2558 esse
2324 2519 2474 2567 eum,
2505 2503 2598 2574 qui
2639 2518 2699 2559 se
2727 2510 3022 2559 servasset.
3070 2497 3328 2554 Nondum
3382 2496 3533 2552 enim

1955 2593 2256 2662 perfectam
2308 2595 2590 2650 habebant
2649 2593 3085 2657 certitudinem;
3150 2589 3272 2645 ideo
3319 2601 3538 2658 quoque

1949 2692 2070 2750 post
2127 2684 2507 2742 liberationem
2579 2684 2956 2740 adoraverunt
3017 2695 3147 2736 eum
3227 2678 3530 2734 dicentes:

1955 2774 2082 2828 Vere
2115 2773 2212 2829 Dei
2244 2773 2418 2830 Filius
2457 2791 2529 2829 es.

2019 2865 2178 2922 Vers.
2209 2867 2301 2922 26.
2348 2866 2509 2922 Et—
2539 2867 2927 2921 clamauerunt.
2985 2862 3264 2916 Timorem
3310 2856 3410 2924 nui
3466 2856 3536 2911 ab

1948 2958 2110 3012 undis
2163 2967 2281 3013 erat
2335 2959 2537 3027 excipit
2587 2957 2724 3012 alter
2773 2955 2980 3011 timor:
3030 2968 3131 3009 nee
3178 2953 3328 3006 hunc
3377 2948 3533 3004 solvit

1947 3049 2123 3104 donec
2181 3049 2579 3113 clamaverunt,
2638 3057 2698 3102 ut
2735 3055 3126 3102 exercerentur
3177 3043 3243 3097 ad
3285 3040 3537 3097 ferendas

1947 3139 2316 3194 tentationum
2349 3138 2750 3193 successiones.

309 3213 550 3282 Εὐθέως
595 3195 684 3258 -7
717 3195 803 3288 μή
834 3220 1138 3289 φοϐεῖσθε.
1209 3223 1366 3278 Ἐπεὶ
1417 3227 1519 3280 οὐκ
1572 3229 1838 3300 ἠδύναντο

2017 3216 2169 3284 Vers.
2191 3228 2282 3284 27.
2322 3228 2397 3283 Ac
2419 3230 2659 3296 protinus
2688 3244 2757 3269 -ι
2789 3227 2947 3282 ιιοίὶιρ
2971 3226 3176 3281 terreri.
3208 3224 3348 3291 Quia
3377 3228 3535 3278 nocte

242 3305 517 3376 γνωρίσαι
551 3309 714 3363 αὐτὸν
761 3310 872 3365 ἀπὸ
909 3313 1006 3366 τοῦ
1052 3315 1351 3384 προσώπου
1382 3319 1472 3374 διὰ
1493 3319 1595 3393 τὴν
1643 3323 1834 3390 νύκτα,

239 3397 437 3452 λοιπὸν
471 3401 575 3472 τὴν
603 3402 886 3476 γνώριμον
918 3407 1105 3478 φωνὴν
1140 3410 1332 3473 αὐτοῖς
1362 3412 1650 3484 ἐπαφίησι,
1682 3415 1840 3471 λύου-

241 3509 346 3547 σαν
387 3493 740 3566 ἀμφοτέρους
763 3499 890 3564 τοὺς
923 3502 1147 3568 φόϐους.

326 3584 703 3655 Ἀποκριθεὶς
756 3619 831 3631 —
882 3591 1047 3647 ἐλθέ.
1089 3594 1467 3664 Ἀφικνεῐσθαι
1506 3597 1645 3668 πρὸς
1675 3598 1840 3654 αὐτὸν

238 3675 436 3730 Irrde
459 3677 571 3732 τῶν
606 3680 814 3736 ὑδάτων
843 3684 1020 3756 ζητεῖ,
1062 3690 1338 3758 προφάσει
1364 3693 1483 3759 μὲν,
1517 3693 1598 3756 εἰς
1629 3692 1839 3747 διάπεια

240 3785 347 3838 ραν
380 3769 480 3823 τοῦ
504 3770 707 3838 γνῶναι
740 3775 1020 3841 ἐντεῦθεν,
1055 3780 1104 3832 εί
1136 3781 1302 3844 αὑτός
1329 3781 1527 3836 ἑστινό
1567 3783 1834 3852 Χριστός⁶

236 3862 309 3929 τῇ
345 3860 396 3913 δ’
424 3861 680 3935 ἀληθείᾳ,
740 3867 1063 3934 ὲνωτισθεὶς
1098 3870 1199 3941 τὴν
1257 3873 1443 3942 φωνὴν
1491 3873 1680 3940 αὑτοῦ,
1717 3873 1838 3928 λίαν

238 3953 444 4025 ἐχάρη,
472 3956 568 4009 καὶ
607 3957 1027 4031 διαθερμανθεὶς
1067 3962 1320 4035 γλίχεται
1376 3965 1484 4037 πρὸ
1515 3967 1624 4019 τῶν
1658 3967 1838 4022 ἄλλων

239 4045 497 4116 ἐντυχεῖν
526 4049 701 4119 αὐτῷ.

316 4138 426 4192 Kal
484 4143 748 4209 καταϐὰς
793 4173 861 4185 --
899 4164 998 4216 με.
1067 4148 1180 4220 Τὴν
1232 4150 1331 4220 μὲν
1389 4150 1670 4204 θάλασσαν
1737 4155 1837 4206 οὐκ

239 4229 554 4299 ἔδειλίασε,
625 4236 805 4300 καίτοι
883 4243 1221 4314 μαινομένην
1254 4284 1269 4309 ,
1330 4246 1467 4301 ἀλλὰ
1540 4248 1838 4312 πιστεύσας

237 4325 307 4394 τῇ
364 4323 598 4395 δυνάμει
652 4329 749 4382 τοῦ
804 4330 1213 4398 κελεύσαντος,
1274 4336 1597 4408 θαρραλέως
1659 4339 1832 4410 ἐπέϐη

239 4413 352 4466 τῶν
417 4416 715 4486 κυμάτων,
777 4421 872 4474 καὶ
934 4422 1094 4490 ὀρθὸς
1167 4425 1382 4493 ἐϐάδιξε
1415 4445 1429 4462 ο
1489 4431 1582 4483 τὸν
1637 4431 1840 4501 ἄνεμον

1941 3321 2338 3392 impediente,a
2361 3336 2595 3392 persona
2618 3337 2740 3376 eum
2775 3333 3105 3388 cognoscere
3145 3317 3534 3387 nequiverunt,

1941 3414 2026 3469 sui
2077 3429 2224 3469 nunc
2288 3413 2553 3469 indicium
2625 3421 2754 3484 puta
2805 3427 2994 3468 vocem
3031 3411 3113 3467 eis
3156 3409 3532 3477 inducit.quec

1941 3505 2062 3560 illos
2092 3514 2325 3574 utroque
2389 3505 2584 3560 timore
2627 3505 2906 3559 liberaret.

2013 3597 2171 3657 Vers.
2205 3599 2299 3655 28.
2337 3598 2676 3668 Respondeas
2701 3627 2770 3637 —-
2793 3595 2950 3650 Vers.
2981 3595 3072 3650 29.
3128 3594 3277 3651 Veni.
3336 3592 3516 3648 Perve

1942 3692 2061 3746 nire
2094 3691 2160 3747 ad
2199 3693 2352 3747 illum
2395 3705 2562 3760 super
2591 3705 2762 3760 aquas
2797 3689 3010 3759 quaerit,
3071 3697 3131 3742 ut
3173 3686 3301 3742 hinc
3335 3686 3528 3741 certior

1941 3782 2267 3850 elliceretur,
2318 3798 2385 3837 an
2422 3782 2539 3852 ipse
2589 3791 2734 3837 esset
2781 3780 3057 3836 Christus.
3114 3779 3302 3834 Potius
3349 3787 3534 3832 tamen

1941 3875 2257 3940 dicendum,
2301 3875 2445 3943 quod
2489 3890 2614 3930 cum
2652 3889 2844 3930 vocem
2873 3875 2996 3944 ejus
3037 3871 3400 3942 percepisset,
3435 3886 3531 3925 su-

1943 3983 2038 4038 pra
2075 3968 2293 4022 Inodum
2326 3965 2543 4038 gavisus
2575 3975 2657 4022 est
2680 3974 2734 4020 et
2763 3965 2987 4036 optabat
3013 3974 3140 4018 ante
3157 3963 3293 4018 alios
3323 3962 3388 4016 ad
3411 3977 3532 4017 eum

1941 4057 2230 4112 accedere.

2016 4148 2166 4204 Vers.
2200 4149 2292 4205 29.
2329 4147 2565 4220 Cumque
2592 4148 2945 4202 descendisset
2974 4177 3043 4187 —
3073 4143 3230 4201 Vers.
3261 4145 3351 4200 '50.
3371 4142 3531 4198 Serra

1941 4263 2041 4300 me.
2085 4243 2231 4300 Mare
2278 4245 2498 4316 quidem
2546 4259 2655 4299 non
2690 4243 2891 4307 timuit,
2928 4256 3238 4312 quanquam
3287 4239 3530 4304 fureret;

1942 4337 2036 4392 sed
2071 4337 2139 4391 de
2181 4337 2426 4405 jubentis
2451 4337 2692 4406 potentia
2726 4334 2988 4398 conlisus,
3040 4331 3304 4387 audacter
3338 4331 3530 4386 ambu-

1943 4430 2086 4484 labat
2152 4445 2318 4498 super
2368 4445 2559 4497 aquas,
2610 4436 2664 4482 et
2700 4437 2848 4481 recte
2921 4425 3321 4496 gradiebatur:
3368 4433 3530 4478 vento

237 4503 300 4556 δὲ
362 4505 567 4575 μᾶλλον
624 4510 870 4582 ἐφοϐήθη
906 4553 922 4578 ,
997 4515 1209 4585 μήποτε
1276 4519 1583 4591 περιτρέψῃ
1645 4523 1832 4575 αὐτόν.

1942 4530 2122 4576 autem
2175 4521 2346 4592 magis
2413 4519 2637 4575 territus
2677 4527 2783 4584 est,
2818 4533 2886 4573 ne
2925 4517 3063 4572 forte
3108 4514 3530 4584 circumagendo

239 4597 505 4652 Τοιοῦτον
563 4601 750 4672 γὰρὴ
806 4605 1129 4679 ἀνθρωπίνη
1203 4609 1388 4679 φύσις.
1445 4613 1714 4678 Πολλάκις
1768 4618 1839 4671 τὰ

244 4691 465 4759 μεγάλα
495 4693 864 4765 κατορθοῦσα,
900 4698 1104 4767 μᾶλλον
1134 4703 1193 4756 ὲν
1217 4707 1331 4765 τοῖς
1364 4704 1649 4760 ἐλάττοσιν
1681 4707 1835 4774 ἐλέγο

241 4800 424 4870 χεται,
470 4785 674 4838 Λοιπῦν
712 4783 808 4842 οὖν
837 4789 1222 4865 ἀσθενησάσης
1265 4796 1364 4865 τῆς
1417 4800 1680 4865 πίστεως,
1716 4802 1836 4870 μεθ’

239 4869 311 4946 ἧς
366 4877 755 4949 κατετόλμησε
807 4881 920 4934 τῶν
982 4886 1271 4955 κυμάτων,
1329 4889 1545 4959 ἀφῆκεν
1599 4892 1835 4965 αύτὸνή

241 4969 407 5038 χάρις
463 4969 656 5040 αὐτῆς,
709 4973 1111 5042 ηκουφίζουσα
1166 4977 1375 5046 τοῦτον,
1425 4983 1517 5035 καὶ
1563 5000 1832 5040 κατεπον-

242 5061 442 5124 τίζετο.

316 5233 554 5302 Εὐθέως
586 5268 657 5278 --
685 5237 1064 5307 ἐδίστασας;
1106 5243 1290 5296 Ταῦτα
1333 5245 1607 5311 ὀνειδίσας
1657 5250 1826 5320 αὐτῷ,

245 5328 470 5393 ἑδειξεν,
494 5331 575 5382 ὅτι
605 5331 709 5399 οὐχ
732 5332 767 5401 η
802 5331 893 5384 τοῦ
920 5333 1127 5404 ἀνέμου
1161 5336 1251 5406 βία
1289 5336 1476 5392 τοῦτον
1506 5341 1829 5406 κατέϐαλεν,

353 5511 400 5543 ⁸⁸
427 5510 588 5568 Marc.
615 5513 795 5578 ",48.

1939 4630 2065 4669 eum
2101 4621 2396 4669 everteret.
2431 4611 2758 4682 Huiusmodi
2820 4610 2972 4666 enim
3022 4618 3108 4663 est
3164 4609 3399 4662 humana
3431 4623 3530 4661 na-

1941 4717 2081 4770 tura,
2139 4714 2196 4759 ut
2255 4704 2576 4776 plerumque
2637 4703 2690 4756 in
2744 4703 2958 4773 magnis
3035 4710 3184 4755 recte
3229 4715 3289 4756 se
3353 4708 3529 4770 gerat,

1938 4798 2109 4866 magis
2151 4807 2332 4852 autem
2368 4797 2728 4854 convincatur
2764 4795 3199 4865 reprehensione
3233 4791 3391 4862 digna
3410 4809 3528 4848 esse

1936 4890 1990 4944 in
2025 4889 2342 4943 minoribus.
2379 4888 2742 4958 Consequens
2772 4887 2955 4956 itaque
3005 4895 3110 4949 est,
3149 4895 3208 4940 ut
3241 4883 3526 4939 debilitata

1938 4979 2061 5043 title,
2092 4993 2189 5048 per
2238 4994 2405 5049 quam
2433 4987 2625 5033 contra
2656 4976 2854 5031 ﬂuctus
2887 4975 3175 5030 audentior
3209 4983 3347 5038 erat,
3384 4973 3527 5026 illius

1934 5068 2327 5123 destitueretur
2390 5068 2588 5139 gratia,
2623 5067 2946 5136 quaele'vem
3002 5066 3179 5137 ipsum
3235 5062 3522 5124 emcielat,

1935 5169 1990 5213 et
2022 5158 2459 5228 dentergeretur.

2010 5252 2167 5308 Vers.
2204 5253 2293 5307 51.
2347 5251 2414 5306 Et
2450 5251 2697 5304 continuo
2727 5281 2796 5291 -—
2831 5247 3121 5303 lia'sitasti?
3156 5245 3284 5301 Haec
3318 5247 3520 5316 impro-

1934 5360 2131 5414 perans
2171 5344 2431 5410 ostendit,
2465 5343 2608 5412 quod
2661 5356 3001 5412 nequaquam
3057 5339 3206 5394 venti
3265 5337 3522 5394 violentia

1431 5614 1630 5676 Varias
1656 5615 1958 5680 lectiones
2006 5624 2064 5678 et
2099 5633 2284 5678 unus.

324 5803 435 5872 (69)
460 5806 647 5872 Φόϐος,
679 5807 831 5862 addit
858 5804 923 5859 Α.

2016 5815 2124 5886 (70)
2157 5815 2298 5879 Ἕως
2326 5807 2410 5883 οὗ,
2443 5813 2506 5870 Α.
