4086 6418
536 399 641 463 439

1768 397 2156 459 EUTHYMII
2194 395 2562 462 ZlGABENI

3697 383 3812 447 HO

537 519 688 572 illum
723 516 1036 586 dejiciebat,
1091 515 1188 587 sed
1241 514 1434 585 exigua
1469 512 1687 577 ﬁducia,
1721 513 1827 569 hoc
1878 524 1962 569 est
2022 514 2112 568 in—

2236 514 2336 571 ιλλν
2371 515 2405 584 ἡ
2460 504 2810 579 ὀλιγοπιστία
2843 547 2858 570 ,
2917 501 3242 565 τουτέστιν,
3299 497 3644 587 ηῌάσθένειει
3703 499 3817 564 τῆς

542 611 770 664 ﬁrmitas
815 610 972 666 dictae
1020 608 1163 663 ﬁdei.
1220 607 1440 679 Exigua:
1471 623 1602 679 ergo
1661 607 1783 664 fidei
1837 607 2115 662 hominem

538 703 690 756 illum
744 699 1054 772 appellavit,
1089 709 1150 754 ut
1201 700 1293 769 qui
1340 707 1564 754 ventum
1609 699 1832 762 timens,
1866 711 2116 767 magnam

536 793 656 862 eius
684 801 893 862 partem
921 791 1230 861 abiecisset.
1275 789 1417 846 Dicit
1454 791 1636 860 itaque
1663 788 1737 843 illi
1774 806 1790 844 :
1827 786 1937 842 Cur
1963 788 2120 842 laesi-

538 886 664 938 tasli
689 885 715 938 7
745 884 879 946 sive.
940 897 1108 953 quare
1136 882 1374 953 primum
1409 881 1664 938 fiduciam
1693 879 1921 942 habens,
1971 887 2120 948 post-

537 977 756 1031 modum
788 975 1015 1030 timuisti
1043 975 1068 1029 ί
1097 975 1156 1030 ld
1198 975 1344 1030 enim
1372 973 1664 1045 appellavit
1699 971 2116 1027 haesitationem.

539 1067 673 1122 Nam
703 1067 796 1137 qui
837 1077 1029 1122 contra
1060 1066 1259 1122 ﬂuctus
1285 1075 1338 1121 te
1368 1066 1564 1121 fo‘rtem
1597 1065 1874 1126 reddebat,
1934 1062 2121 1134 utique

539 1171 596 1215 et
621 1169 810 1216 contra
841 1168 1066 1215 ventum
1099 1167 1152 1214 te
1180 1158 1377 1215 fortem
1404 1157 1758 1214 reddidisset.

609 1335 764 1390 Vers.
785 1335 875 1390 52.
928 1334 1169 1406 Cumque
1202 1344 1370 1389 essent
1402 1335 1624 1406 ingressi
1654 1366 1717 1376 σ-
1737 1345 1938 1390 uentus.
2000 1332 2119 1389 Non

540 1426 721 1480 statim
755 1425 935 1481 navim
975 1425 1371 1489 ascenderunt,
1418 1427 1514 1481 sed
1546 1437 1709 1481 vento
1765 1427 2122 1482 vehementer

542 1525 794 1586 urgente,
837 1517 999 1589 longo
1027 1518 1208 1573 adhuc
1251 1519 1428 1587 spatio
1463 1517 1878 1572 ambulaverunt
1930 1528 1991 1574 nt
2023 1517 2123 1572 Pe-

539 1617 656 1662 trus
694 1609 898 1664 certior
951 1610 1306 1672 redderetur,
1361 1619 1417 1663 et
1451 1610 1518 1664 de
1549 1623 1645 1663 sua
1695 1610 1886 1678 exigua
1930 1609 2122 1664 fiducia

539 1701 982 1760 convinceretur.
1013 1702 1147 1756 Dicit
1184 1702 1327 1756 enim
1367 1699 1606 1756 Joannes
1638 1701 1783 1771 quod
1835 1702 2124 1756 voluerunt

540 1808 663 1847 eum
699 1807 915 1847 sumere
943 1794 996 1846 in
1027 1793 1233 1858 navim,
1266 1801 1322 1846 et
1360 1791 1508 1846 illico
1539 1793 1696 1847 navis
1722 1792 1933 1863 appulit
1962 1801 2120 1848 terre

541 1885 610 1940 ad
666 1900 828 1954 quam
883 1884 1052 1940 ibant.
1120 1885 1187 1938 Et
1219 1857 1358 1940 inde
1438 1857 1812 1941 manifestum‘
1844 1897 1928 1941 est
1976 1888 2121 1956 quod
2155 1857 2194 1912 Β

542 1993 668 2031 cum
734 1978 889 2032 navis
955 1986 1114 2032 terra:
1166 1978 1410 2048 proxima
1441 1987 1603 2043 esset,
1645 1987 1756 2033 tum
1799 1979 2018 2033 demum
2069 1979 2124 2034 in

542 2085 660 2123 eam
692 2068 1065 2124 intraverunt.

615 2159 772 2216 Vers.
800 2161 889 2215 33.
936 2160 1198 2215 Craterum
1237 2161 1327 2230 qui
1357 2190 1423 2199 —
1457 2177 1533 2213 es.
1594 2158 1844 2214 Miraculi
1907 2163 2122 2232 magni-

545 2252 678 2306 tudo
707 2251 1089 2322 perlectiorem
1114 2251 1193 2305 eis
1221 2250 1436 2305 induxit
1469 2249 1652 2304 ﬁdem.
1681 2249 1826 2304 Mare
1856 2251 2124 2320 siquidem

545 2343 828 2413 increpare
868 2343 1050 2397 minus
1085 2351 1190 2407 est,
1237 2358 1401 2412 quam
1430 2357 1596 2410 super
1631 2343 1759 2396 illud
1803 2343 2123 2398 ambulare:

545 2449 648 2488 nec
701 2434 876 2488 solum
924 2448 1050 2488 eum
1103 2449 1274 2503 super
1315 2433 1450 2487 illud
1498 2433 1804 2497 ambulare,
1837 2435 1932 2489 sed
1961 2434 2125 2488 etiam

543 2526 701 2580 alteri
738 2525 790 2579 id
823 2534 1083 2593 praestare
1143 2539 1320 2594 neque
1344 2525 1462 2579 haec
1490 2534 1930 2589 tantum,verum
1962 2526 2126 2582 etiam

544 2617 726 2670 facere
788 2615 914 2670 illud
965 2631 1086 2670 cum
1138 2617 1282 2670 venti
1346 2615 1604 2670 violentia
1657 2616 1962 2685 impetuose
2022 2617 2124 2672 ﬂa—

545 2716 651 2772 ret,
736 2722 800 2761 ac
869 2721 1021 2762 mare
1080 2721 1111 2760 a
1187 2721 1288 2761 suo
1353 2714 1496 2760 statu
1564 2705 1952 2772 submoveret;
2033 2708 2126 2762 sed

545 2813 786 2868 praesens
846 2799 1064 2867 quidem
1139 2797 1469 2868 evangelista
1504 2797 1635 2852 dicit
1694 2798 1838 2867 quod
1881 2813 2130 2852 commu-

545 2889 694 2944 niter
763 2902 956 2944 omnes
1013 2886 1253 2942 confessi
1307 2897 1436 2952 sunt
1493 2902 1615 2942 esse
1674 2889 1848 2956 ipsum
1907 2887 1998 2943 Dei
2037 2887 2128 2941 Fi-

547 2982 703 3036 lium.

618 3075 830 3128 Marcus
872 3084 1054 3128 autem
1087 3071 1244 3137 dixit,
1273 3069 1420 3140 quod
1458 3069 1710 3124 admirati
1756 3081 1906 3136 sunt,
1939 3086 2126 3127 verum

547 3183 657 3221 non
709 3166 1118 3220 intellexerunt.
1171 3167 1257 3219 Ait
1300 3164 1445 3218 enim
1474 3186 1486 3222 :
1521 3167 1589 3220 Et
1617 3167 1941 3221 uehementer
1966 3181 2128 3234 supra

549 3260 762 3313 modum
811 3259 950 3311 intra
985 3272 1096 3311 sese
1149 3260 1423 3327 stupebant
1452 3271 1499 3312 et
1535 3259 1951 3312 admirabantur
1979 3273 1999 3319 ;
2039 3273 2130 3310 ne-

549 3366 647 3419 que
674 3349 813 3402 enim
855 3348 1219 3402 intellexerunt
1257 3351 1321 3404 de
1367 3354 1632 3417 panibus;
1667 3367 1789 3403 nam
1843 3365 1930 3402 cor
1950 3364 2129 3402 eorum

550 3442 873 3494 obca'catum
903 3450 1017 3493 erat
1039 3440 1107 3494 ".
1139 3441 1235 3495 Est
1272 3451 1455 3495 autem
1489 3457 1683 3496 sensus
1726 3443 1997 3496 dictorum
2025 3441 2128 3494 liu-

548 3528 810 3598 jusmodi,
845 3529 990 3598 quod
1048 3545 1210 3598 supra
1263 3530 1483 3585 modum
1539 3531 1946 3586 admirabantur
2004 3545 2129 3584 eum

550 3619 721 3673 veluti
778 3618 1055 3673 hominem
1108 3619 1201 3688 qui
1243 3620 1369 3674 talia
1423 3632 1626 3688 posset,
1672 3635 1838 3689 quum
1899 3619 2132 3674 maxime

553 3712 705 3766 illum
755 3711 982 3765 adorare
1023 3712 1374 3780 oportuisset,
1415 3721 1670 3781 tanquam
1720 3710 1888 3766 Deum
1948 3711 2132 3766 omnia

553 3812 856 3873 potentem.
912 3800 1114 3857 Volens
1187 3812 1370 3857 autem
1420 3805 1707 3858 ostendere
1757 3803 1899 3873 quod
1953 3817 2133 3872 neque

552 3895 608 3946 in
651 3893 913 3963 praedicto
948 3886 1150 3964 panum
1193 3893 1459 3947 miraculo
1505 3909 1566 3949 se
1617 3894 2019 3950 convertissent
2065 3892 2132 3947 ad

554 3984 608 4039 id
647 3983 792 4054 quod
841 3985 1109 4052 oportuit,
1154 3983 1367 4038 addidit
1425 3985 1569 4054 quod
1602 4000 1714 4038 non
1747 3985 2131 4040 intellexerunt

554 4093 731 4147 neque
770 4078 838 4132 de
872 4077 1125 4146 panibus.
1157 4077 1396 4134 Adduxit
1429 4086 1611 4132 autem
1645 4093 1863 4133 causam
1897 4095 1994 4134 cur
2022 4094 2130 4134 non

555 4167 984 4232 intellexerunt,
1032 4168 1272 4223 dicens:
1333 4167 1462 4222 Erat
1519 4185 1610 4223 cor
1665 4185 1845 4222 eorum
1901 4170 2132 4225 obcaeca-

556 4267 690 4310 lunt.

627 4346 737 4400 Nos
793 4355 974 4401 tamen
1033 4348 1266 4403 dicimus
1325 4350 1471 4420 quod
1534 4349 1704 4405 simul
1754 4360 1810 4406 ut
1858 4353 2135 4422 ingressus

557 4446 641 4490 est
694 4440 874 4490 navim
898 4437 1081 4504 Jesus,
1112 4439 1460 4509 contigerunt
1481 4457 1543 4495 ea
1575 4457 1694 4510 qua:
1732 4442 1866 4497 dixit
1893 4442 2133 4509 Marcus;

555 4529 754 4584 deinde
800 4531 1058 4586 dissoluta
1103 4531 1364 4598 excitate,
1407 4533 1547 4588 facta
1597 4543 1724 4588 sunt
1759 4549 1820 4588 ea
1854 4551 1974 4603 qua:
2003 4536 2131 4590 scri—

2245 4540 2506 4609 Μάρκος·
2575 4531 2697 4590 εἶτα
2755 4534 3015 4605 λυθείσης
3084 4534 3187 4604 τῆς
3247 4533 3581 4604 πωρώσεως,
3643 4529 3852 4617 λοιπόνξ

559 4622 668 4690 psit
719 4620 1026 4678 Matthazus.
1075 4623 1228 4678 Scire
1270 4624 1419 4678 enim
1473 4633 1711 4694 oportet,
1771 4626 1915 4696 quod
1967 4627 2138 4681 inter-

558 4714 687 4766 dum
737 4714 955 4784 quidcm
991 4715 1283 4770 tenebatur
1333 4731 1430 4770 cor
1460 4715 1870 4786 discipulorum,
1902 4731 2002 4771 nec
2041 4733 2138 4787 po-

561 4814 740 4859 terant
789 4807 1094 4877 intelligere
1124 4825 1138 4861 :
1174 4809 1502 4878 quandoque
1560 4822 1689 4862 vero
1727 4808 2041 4863 solvebatur
2078 4817 2135 4862 et

560 4898 968 4971 intelligebant;
1029 4909 1322 4970 utrumque
1378 4910 1562 4955 autem
1616 4900 1799 4955 divina
1855 4901 2136 4970 dispensa-

563 4993 709 5045 tione
757 4990 1142 5062 contingebat.
1187 4993 1252 5046 Et
1287 5007 1385 5047 uos
1436 5007 1564 5063 ergo
1599 5008 1722 5047 cum
1750 4993 1991 5063 demergi
2033 5009 2143 5050 (ως

564 5084 806 5154 perimus
851 5092 1174 5153 tempestate
1210 5085 1681 5154 perturbationum
1727 5085 1919 5152 animi,
1952 5085 2136 5141 Jesum

663 5258 709 5291 "
739 5257 906 5313 Marc.
936 5272 1013 5324 τι,
1039 5259 1129 5314 51.

2223 604 2484 676 ρηθείσης
2543 600 2804 659 πίστεως.
2881 592 3263 661 Ὀλιγόπιστον
3309 584 3404 644 οῦν
3460 588 3624 642 αὐτὸν
3677 588 3820 641 ἑκά-

2218 699 2398 761 λισεν,
2439 697 2515 760 ὡς
2559 688 2908 748 ἀποϐαλόντα
2958 683 3092 741 πολὺ
3127 702 3181 738 τι
3239 681 3351 757 (71)
3415 681 3582 754 μέρος
3626 681 3821 746 αὐτῆς

2220 792 2278 845 έν
2301 788 2381 861 τῷ
2435 787 2745 860 φοϐηθῆναι
2791 785 2886 837 τὸν
2939 780 3163 850 ἄνεμον.
3196 776 3362 844 Λέγει
3391 774 3572 829 τοίνυν
3620 773 3776 842 αὐτῷ
3799 787 3816 801 ⁵

2220 883 2385 939 Arat!
2444 880 2817 946 ἐδέστασαςς
2860 875 3044 946 λῆγουν
3079 910 3094 934 ,
3175 867 3316 923 διατι
3402 866 3619 936 πρῶτον
3701 865 3813 935 μὲν

2221 975 2562 1046 ὲθάρῤησας,
2629 969 2859 1039 ὕστερον
2929 966 2987 1019 δὲ
3053 959 3408 1024 έδειλίασαςς
3477 956 3653 1010 Τοῦτο
3701 955 3824 1025 γὰρ

2221 1066 2475 1136 ὠνόμασε
2532 1060 2868 1130 δισταγμόν.
2930 1057 2990 1110 '0
3030 1055 3139 1125 γὰρ
3207 1050 3477 1122 ένισχύων
3537 1065 3599 1102 σε
3665 1049 3825 1101 κατὰ

2222 1158 2332 1213 τῶν
2406 1153 2669 1226 κυμάτων
2751 1151 3037 1221 ένίσχυσεν
3107 1146 3174 1200 ἅν
3235 1162 3297 1199 σε
3357 1143 3454 1198 καὶ
3506 1143 3651 1197 κατὰ
3715 1139 3824 1196 τοῦ

2222 1253 2454 1322 ἀνέμου.

2294 1344 2404 1402 Kal
2438 1340 2748 1412 ἐμϐάντων
2783 1363 2853 1377 -—
2881 1336 3121 1404 ἄνεμος.
3170 1331 3286 1385 Οὐκ
3340 1327 3508 1390 εὐθὺς
3543 1325 3830 1394 ἐνέϐησαν

2224 1439 2304 1502 είς
2336 1437 2397 1490 τὸ
2422 1435 2630 1498 πλοῖον,
2664 1429 2805 1486 ἀλλὰ
2833 1429 2948 1494 καί,
2978 1424 3075 1480 τοῦ
3115 1423 3322 1493 ἀνέμου
3354 1419 3604 1492 σφοδρῶς
3633 1421 3830 1486 £732“-

2227 1530 2390 1600 μένου
2423 1567 2442 1594 ,
2495 1526 2632 1579 πολὺ
2691 1523 2970 1591 διάστημα
3039 1513 3466 1588 περιεπάτησαν
3521 1510 3644 1575 In;
3679 1510 3829 1580 πρὸς

2225 1619 2606 1691 πληροφορίαν
2647 1615 2743 1670 τοῦ
2779 1614 3012 1682 Πέτρου,
3066 1610 3161 1663 καὶ
3192 1607 3416 1676 ιλεγχον
3440 1604 3540 1675 τῆς
3566 1602 3831 1670 ὀλιγοπι-

2228 1711 2381 1774 στίας
2403 1708 2592 1763 αὑτοῦ.
2620 1707 2760 1776 Φησὶ
2782 1706 2892 1773 γὰρ
2910 1704 2938 1756 6
2985 1701 3272 1770 Ἰωάννης,
3299 1697 3381 1750 ὅτι
3408 1693 3601 1768 ἤθελον
3626 1692 3831 1745 λαϐεῖν

2226 1804 2388 1857 αὑτὸν
2426 1801 2506 1863 είς
2544 1799 2608 1852 τὸ
2642 1796 2851 1861 πλοῖον,
2881 1793 2978 1846 καὶ
3015 1789 3219 1854 εὐθέως
3252 1788 3315 1842 τὸ
3351 1786 3539 1841 πλοῖον
3594 1781 3831 1851 ἐγένετο

2226 1895 2319 1948 ἐπὶ
2343 1893 2442 1960 τὴν
2458 1891 2563 1960 γῆν
2593 1888 2734 1959 (72),
2758 1888 2838 1950 είς
2867 1887 2934 1957 ἢν
2954 1883 3193 1953 ὑπῆγον.
3216 1877 3532 1934 Κὰντεῦθεν
3553 1873 3832 1944 φανερὸν,

2224 1989 2332 2051 ὅτι,
2369 1983 2600 2052 πλησίον
2656 1982 2755 2048 τῆς
2811 1979 2915 2047 γῆς
2970 1973 3269 2044 γενομένου
3308 1971 3403 2025 τοῦ
3457 1966 3670 2033 πλοίου,
3699 1964 3834 2018 τότε

2224 2078 2411 2132 λοιπὸν
2430 2074 2700 2144 ἐνέϐησαν
2733 2072 2818 2134 είς
2848 2069 3004 2122 αὐτό.

2300 2173 2365 2223 Ol
2393 2167 2462 2221 δὲ
2509 2193 2580 2206 ——
2627 2161 2701 2218 εἴ.
2761 2164 2837 2215 Th
2875 2161 3109 2231 μέγεθος
3164 2157 3261 2209 τοῦ
3297 2154 3579 2223 θαόματος
3611 2151 3839 2205 τελειο-

2227 2263 2395 2331 τέραν
2440 2258 2628 2321 αὺτοῖς
2679 2254 2781 2326 τὴν
2819 2253 3017 2305 πίστιν
3071 2248 3323 2318 ἐνέθηκε.
3374 2244 3482 2298 Τοῦ
3535 2243 3648 2314 γὰρ
3698 2245 3838 2295 ἔπι-

2227 2355 2398 2425 τιμᾷν
2436 2355 2503 2422 τῇ
2555 2347 2803 2418 Θαλάσσῃ
2869 2345 3057 2416 μεῖζον
3100 2341 3162 2394 τὸ
3224 2340 3548 2409 περιπατεῖν
3600 2335 3690 2389 επ⁹
3728 2335 3841 2388 αὑ-

2227 2449 2349 2518 τῆς,
2421 2444 2522 2499 καὶ
2574 2443 2649 2513 μὴ
2697 2442 2861 2512 μόνον
2913 2436 3080 2493 αὐτὸν
3127 2432 3476 2504 περιπατεῖν,
3540 2428 3678 2484 ἀλλὰ
3729 2425 3839 2482 καὶ

2230 2540 2407 2610 ἑτέρῳ
2432 2535 2592 2590 τοῦτο
2613 2531 2940 2604 χαρίζεσθαι
2967 2545 2982 2560 ο
3028 2528 3126 2581 καὶ
3168 2525 3246 2595 μὴ
3276 2523 3450 2577 ταῦτα
3474 2523 3659 2593 μόνον,
3685 2519 3840 2573 ἀλλὰ.

2231 2631 2328 2684 καὶ
2351 2609 2472 2699 βίας
2491 2627 2696 2694 ἀνέμου
2722 2616 3175 2686 καταιγιζούσης,
3206 2613 3302 2668 καὶ
3325 2609 3832 2699 ἀναμοχλευούσης

2231 2698 2689 2787 τὴνγθάλασσαν.
2756 2705 2898 2762 Ἀλλ’
2948 2707 2976 2759 ὁ
3021 2704 3121 2776 μὲν
3179 2700 3374 2772 παρὼν
3423 2698 3840 2768 εὖαγγελιστής

2233 2823 2424 2879 φησιν,
2485 2806 2570 2858 ὅτι
2616 2803 2773 2872 κοινῇ
2831 2799 3037 2862 πάντες
3093 2795 3461 2867 ὡμολόγησαν
3516 2791 3653 2845 Θεοῦ
3690 2790 3840 2844 Υίδν

2233 2896 2376 2952 εἶναι
2405 2895 2588 2951 αὐτόν.

2317 3073 2377 3127 '0
2436 3072 2494 3126 δὲ
2555 3070 2785 3140 Μάρκος
2852 3062 3044 3133 εἶπεν,
3095 3065 3178 3119 ὅτι
3233 3063 3554 3132 ἐθαύμασαν
3593 3058 3712 3131 μὲν,
3765 3059 3839 3113 οὗ

2239 3164 2481 3235 συνῆκαν
2498 3163 2555 3216 δέ
2574 3178 2589 3192 ο
2633 3161 2780 3228 λέγει
2805 3158 2937 3230 γὰρ,
2959 3159 3044 3212 ὅτι
3087 3157 3196 3213 Καί
3227 3157 3371 3210 ,ιΙαν
3396 3155 3467 3210 ἐκ
3517 3151 3838 3222 περισσοῦ

2237 3259 2308 3314 ἐν
2337 3254 2570 3322 ἑαυτοῖς
2617 3254 2964 3319 ἐξίσταντο,
3015 3251 3116 3308 καί
3175 3247 3510 3319 ἐθαύμαζον
3533 3265 3548 3279 ο
3606 3249 3677 3301 οὐ
3708 3247 3840 3316 γὰρ

2237 3349 2526 3419 συνῆκαν
2549 3347 2648 3402 ἐπὶ
2682 3345 2808 3413 τοῖς
2835 3345 3042 3414 ἄρτοις
3067 3359 3082 3375 ο
3115 3339 3197 3413 ἦν
3225 3341 3338 3412 γὰρ
3373 3339 3577 3396 αὐτῶν
3606 3341 3644 3409 ἠ
3677 3356 3836 3408 καρ-

2237 3443 2337 3497 δία
2399 3437 2825 3510 πεπωρωμένη.
2893 3437 3048 3491 Ἐστι
3114 3434 3173 3490 δὲ
3218 3435 3246 3487 ὁ
3286 3433 3412 3497 νοῦς
3478 3432 3584 3488 τῶν
3641 3431 3841 3503 ῥητῶν

2238 3536 2503 3598 τοιοῦτος,
2541 3534 2623 3588 ὅτι
2657 3528 3199 3603 ὐπερεξεπλήττοντο
3231 3527 3417 3589 αὑτὸν,
3439 3526 3516 3589 ὡς
3537 3524 3842 3595 ἄνθρωπον

2239 3629 2469 3684 τοιαῦτα
2499 3627 2833 3698 δυνάμενονο
2891 3624 3010 3677 δέον
3042 3623 3155 3692 (73)
3213 3621 3451 3692 μάλιστα
3495 3621 3844 3690 προσκυνεῖν

2241 3725 2427 3790 αὐτὸν,
2481 3723 2556 3785 ὡς
2608 3721 2744 3774 Θεδν
2799 3719 2981 3773 πάντα
3042 3716 3372 3786 δυνάμενον.
3439 3713 3718 3784 Ἐμφῆναι
3777 3712 3842 3766 δὲ

2241 3817 2436 3881 θέλων,
2465 3815 2548 3869 ὅτι
2586 3812 2694 3868 οὐδ’
2732 3811 2828 3866 ἐπὶ
2865 3813 2934 3879 τῇ
2996 3807 3359 3880 προλαϐούσῃ
3409 3805 3846 3876 θαυματουργία

2240 3905 2350 3961 τῶν
2394 3904 2577 3975 ἄρτιον
2604 3900 2918 3974 μετέμαθον
2955 3899 3015 3952 τδ
3040 3897 3181 3962 δέον,
3234 3895 3597 3968 προσέθηκεν,
3642 3894 3731 3948 ὅτι
3772 3895 3841 3948 οὐ

2244 3997 2489 4065 συνῆκαν
2518 3994 2641 4048 οὐδὲ
2675 3993 2788 4064 (74)
2819 3993 2914 4045 ἐπὶ
2941 3991 3057 4054 τοῖς
3093 3989 3306 4060 ἄρτοις.
3345 3988 3627 4059 Ἐπήγαγε
3652 3986 3714 4040 δὲ
3737 3986 3843 4040 καὶ

2242 4089 2341 4159 τὴν
2388 4085 2570 4139 αἰτίαν
2616 4083 2710 4137 τοῦ
2762 4081 2840 4154 μὴ
2875 4082 3139 4147 συνιέναι,
3199 4078 3459 4152 είρηκὼς,
3509 4079 3594 4133 ὅτι
3625 4072 3746 4134 Ἦν
3796 4078 3841 4146 ἠ

2243 4177 2457 4247 καρδία
2476 4175 2678 4232 αὐτῶν
2712 4175 3144 4245 πεπωρωμένη.

2314 4355 2566 4425 Λέγομεν
2599 4352 2656 4406 δὲ
2687 4353 2872 4423 ἡμεῖς,
2904 4352 2987 4405 ὅτι
3029 4352 3145 4422 ἅμα
3207 4350 3312 4422 μὲν
3344 4350 3422 4420 τῷ
3473 4349 3711 4421 ἐμϐῆναι
3755 4351 3844 4415 είς

2243 4449 2303 4502 τὸ
2331 4446 2516 4502 πλοῖον
2565 4445 2659 4546 τον
2711 4441 2944 4514 Ἰησοῦν,
3001 4442 3334 4513 συνέϐησαν,
3403 4441 3548 4512 ἅπερ
3611 4437 3775 4494 εἶπεν
3812 4443 3852 4546 ὁ.

2246 4591 2559 4700 γεγόνασιν,
2624 4627 2773 4700 ἅπερ
2829 4591 3120 4698 ἱστόρησεν
3208 4591 3509 4690 Ματθαϊος.
3540 4591 3689 4696 "X9i1
3721 4591 3857 4730 7&9.l

2247 4723 2559 4793 γινώσκειν,
2610 4722 2692 4774 ὅτι
2725 4722 2856 4775 ποτὲ
2918 4722 3017 4792 μὲν
3084 4720 3435 4791 ἑκρατεῖτοή
3476 4718 3676 4788 καρδία
3722 4719 3839 4773 τῶν

2252 4779 2556 4888 μαθητῶν,
2575 4817 2667 4869 καὶ
2689 4815 2791 4868 οὐκ
2823 4779 3094 4884 ῆδῦναντο
3131 4779 3402 4878 συνιέναι,
3422 4779 3572 4866 ,ποτέ
3599 4813 3658 4866 δὲ
3687 4779 3857 4866 ἀπε.Ι

2245 4908 2425 4971 λύετο,
2476 4908 2571 4961 καὶ
2605 4906 2889 4961 συνίεσαν.
2936 4905 3236 4975 Ἑκᾶτερον
3275 4905 3332 4958 δὲ
3358 4905 3650 4958 συνέϐαινε
3683 4904 3835 4958 κατὰ

2249 4999 2532 5070 θειοτέραν
2595 4999 2934 5065 οἰκονομίαν.
3017 4998 3127 5052 Καὶ
3181 4999 3342 5068 ἡμεῖς
3425 4997 3640 5062 τοίνυν,
3699 4998 3838 5052 ὅταν

2246 5091 2548 5164 ἀρχώμεθα
2607 5091 3101 5158 καταποντίζεσθαι
3145 5091 3223 5161 τῷ
3278 5088 3506 5144 κλύδωνι
3568 5088 3679 5143 τῶν
3730 5108 3836 5143 πα-

1741 5356 1937 5418 νθτὶω
1982 5357 2286 5421 lectiones
2325 5365 2388 5420 et
2427 5368 2615 5423 notae.

652 5556 741 5620 71)
767 5552 871 5606 Pro
907 5550 1041 5602 πολύ
1070 5566 1145 5611 τι,
1177 5550 1220 5601 Δ
1244 5549 1405 5604 habet
1435 5549 1754 5618 πολύτιμον.

626 5558 745 5696 ἳἺΞ)
781 5621 938 5696 Apud
989 5620 1257 5696 Joannem
1293 5630 1406 5696 _es_t,
1447 5619 1541 5696 tu}
1584 5619 1680 5696 τῆς

692 5613 745 5693 2)
781 5621 938 5691 Apud
989 5620 1257 5693 Joannem
1293 5630 1406 5693 est,
1447 5619 1541 5693 tu}
1584 5613 1680 5693 τῆς
1709 5617 1833 5693 γῆς,
1857 5613 2132 5693 quomodo
2222 5638 2233 5646 -

559 5685 738 5750 etiam'
778 5685 1126 5746 in'cruuiextu
1165 5689 1237 5744 ibi
1290 5689 1453 5744 habet
1494 5685 1844 5760 Euthymius.
1876 5685 2132 5760 'Otl'endit

560 5769 721 5820 etiam
763 5763 1288 5832 Chrysostomusin,
1325 5763 1419 5811 ἐπὶ
1456 5759 1560 5832 τῆς
1595 5758 1719 5832 γῆς,
1767 5758 2130 5832 ngehergo

558 5847 695 5894 tum.
736 5834 848 5902 VH,
967 5833 1068 5889 515
1102 5834 1163 5900 (ἆ,
1199 5831 1361 5887 habet
1392 5833 1470 5894 εἰς
1513 5826 1614 5900 τὴν
1649 5831 1769 5900 γῆν.
1805 5827 2006 5898 Semel,
2035 5826 2126 5886 ubi

2239 5554 2564 5631 dataopera
2583 5554 2840 5625 explicat,
2879 5564 3014 5612 tom.
3051 5555 3189 5622 Vill,
3224 5573 3279 5628 p.
3315 5555 3423 5614 255
3456 5555 3498 5614 C
3525 5557 3580 5627 ἐγ
3601 5556 3699 5627 τῦς
3728 5559 3830 5631 τῆς

2240 5626 2344 5694 γῆς
2373 5627 2608 5693 ἐγένετο.

2311 5695 2425 5764 (73)
2462 5699 2550 5760 Δέ,
2575 5700 2724 5756 addit
2760 5698 2819 5755 Α.

2310 5766 2422 5838 (7ι)
2455 5768 2610 5838 osse,
2636 5771 2790 5827 ahest
2816 5773 2878 5825 Α.
