4096 6406
236 405 332 470 HI

1127 415 1519 482 COMMENT.
1560 421 1644 484 IN
1691 424 2168 489 ΜΑΤΤΗᾸΞΗΜ.
2203 456 2268 468 -
2313 431 2475 495 CAP.
2508 435 2637 501 XV.

3422 439 3532 502 442

237 517 382 584 δῶν,
450 520 922 592 ὲπικαλιοὼμεθα
994 521 1087 576 τδν
1145 525 1360 595 Ἰησοῦν
1395 569 1412 596 ,
1469 530 1566 584 καὶ
1625 529 1824 594 εὐθέως

1936 537 2252 594 invocemus
2281 559 2296 594 :
2328 551 2384 597 et
2411 544 2677 599 continuo
2703 544 2946 616 porriget
2985 546 3151 602 et’am
3179 548 3341 605 nobis
3378 555 3537 607 auxi-

235 609 394 664 δώσει
438 613 535 666 καὶ
597 614 733 684 ἡμῖν
795 617 961 686 χεῖρα
1040 615 1321 688 βοηθείας,
1380 619 1479 673 καὶ⁴
1538 621 1832 676 ἀνελκύσαι

239 704 405 773 ἡμᾶς.

304 795 413 850 Καὶ
458 825 526 837 -
574 796 986 866 Γεννησαρέτ.
1057 795 1117 851 Ὀ
1148 799 1208 852 δὲ
1265 799 1498 871 Μάρκος
1535 797 1719 866 εἶπεν⁵
1743 801 1827 854 ὅτι

234 887 515 956 ἠνάγκασε
545 889 671 951 τοὺς
705 887 961 957 μαθητὰς
983 888 1152 942 αὑτοῦ
1175 890 1412 960 ὲμὸἧναι
1442 894 1522 954 είς
1543 891 1605 944 τὸ
1622 891 1829 954 πλοῖον,

235 975 332 1028 καὶ
369 977 632 1047 προάγειν
688 977 772 1040 εἰς
815 977 876 1030 τὺ
916 976 1094 1050 πέραν
1146 979 1284 1049 πρὸς
1335 981 1647 1051 Βηθσαϊδὰ·
1706 983 1736 1035 ὁ
1769 979 1830 1035 δι

245 1067 524 1138 Ἰωάννης,
591 1070 675 1123 ὅτι
730 1069 968 1139 ἦρχοντο
1029 1071 1209 1140 πέραν
1263 1072 1364 1138 τῆς
1414 1072 1695 1142 Θαλάσσης
1748 1074 1830 1136 είς

231 1159 637 1231 Καπερναοὺμ.
668 1162 792 1213 Είτὶ
814 1161 871 1214 δὲ
900 1161 996 1216 καὶ
1020 1164 1052 1229 ἡ
1086 1162 1387 1232 Βηθσαῖδὰ.
1417 1165 1515 1218 καὶ
1541 1167 1575 1237 ή
1601 1167 1833 1236 Καπερ-

229 1251 428 1320 ναοὺμ,
453 1253 511 1304 ἐν
535 1255 600 1323 τῇ
629 1255 700 1322 γῇ
727 1252 1096 1324 Γεννησαρέτ.
1121 1253 1304 1326 Λίμνη
1319 1255 1375 1308 δὲ
1401 1257 1434 1326 ἡ
1462 1255 1826 1327 Γεννησαρὲτ,

229 1341 488 1424 ἡνωμένη
519 1347 585 1414 τῇ
619 1342 926 1415 Τιόεριὰδι.

299 1434 410 1487 Kal
464 1436 819 1506 ἐπιγνόντες
868 1463 938 1476 --
989 1437 1399 1506 ὄιεσὼθησαν.
1469 1435 1646 1503 Εἶδες,
1706 1440 1826 1503 πῶς

227 1525 372 1579 κατὰ
421 1528 621 1595 μικρὸν
669 1531 718 1581 οί
768 1529 1016 1602 μαθηταὶ
1059 1533 1408 1604 προέκοψαν⁹
1467 1533 1570 1602 ὅρα
1625 1534 1721 1586 καὶ
1766 1533 1827 1583 τὸ

226 1613 454 1684 πλῆθος.
486 1617 599 1670 Οὐκ
625 1617 708 1670 ἔτι
737 1620 846 1691 γὰρ
875 1621 1039 1676 αὐτὸν
1067 1625 1150 1687 είς
1179 1623 1274 1686 τὰς
1310 1623 1494 1685 οἰκίας
1533 1621 1822 1684 ἕλκουσιν,

224 1705 348 1759 οὐδὲ
410 1710 602 1777 χεῖρας
652 1711 926 1766 ἐπιθεῖναι
991 1713 1276 1780 ζητοῦσιν,
1318 1713 1444 1768 οὐδὲ
1491 1713 1826 1784 πρόσταγμα

222 1796 312 1850 διὰ
345 1799 593 1868 ῥήματος
635 1801 907 1867 αἰτοῦσιν,
945 1804 1061 1857 ἀλλ’
1111 1805 1450 1875 ὑψηλότερον
1501 1805 1685 1874 πολλῷ
1730 1805 1826 1859 καὶ⁵

1937 627 2128 684 Iiarem
2159 646 2404 697 manum,
2438 643 2495 690 et
2523 635 2776 691 extrahet
2802 651 2904 693 nos

2006 807 2281 867 Vers.34.
2327 810 2397 867 Et
2425 843 2496 855 —
2551 814 2896 870 Gennesaret.
2955 814 3169 870 Marcus
3224 827 3406 870 autem
3450 818 3500 868 (Ii

1933 902 2013 957 xit
2036 902 2082 933 “
2129 904 2274 973 quod
2323 906 2592 974 compulit
2647 906 2946 973 discipulos
3004 924 3134 962 suos
3163 911 3535 963 conscendere

1936 995 2119 1050 navim
2152 1007 2203 1051 et
2259 998 2573 1066 przceedere
2606 999 2659 1051 in
2709 999 3024 1052 ulteriorem
3068 999 3239 1068 ripam
3269 1001 3333 1055 ad
3371 1001 3530 1054 Beth~

1932 1086 2160 1142 saidam.
2192 1087 2435 1142 Ioannes
2484 1079 2618 1142 vero
2648 1089 2796 1158 quod
2827 1099 3099 1144 venerunt
3124 1091 3357 1158 trajectu
3387 1091 3531 1144 mari

1931 1177 2000 1232 ad
2035 1179 2378 1248 Capernaum
2413 1179 2480 1234 ".
2534 1178 2675 1233 Sunt
2705 1189 2888 1234 autem
2921 1190 2978 1235 et
3008 1180 3294 1236 Bethsaida
3335 1192 3390 1237 et
3426 1181 3534 1236 Ca-

1935 1286 2199 1340 pernaum
2231 1271 2290 1326 in
2323 1281 2468 1327 terra
2505 1273 2847 1328 Gennesaret
2874 1291 2888 1336 ;
2917 1283 3172 1344 stagnum
3206 1290 3335 1328 vero
3385 1274 3534 1330 Gen-

1934 1371 2160 1417 nesaret
2202 1363 2418 1419 unitum
2461 1374 2583 1419 erat
2628 1363 2929 1422 Tiberiani.

2002 1449 2158 1506 Vera.
2183 1451 2275 1510 35.
2330 1453 2564 1524 Cumque
2597 1457 2929 1525 agnovissent
2959 1489 3027 1499 —
3051 1455 3213 1512 Vers.
3247 1457 3339 1512 '56.
3401 1457 3535 1511 salvi

1931 1543 2062 1612 farti
2091 1553 2234 1597 sunt.
2271 1543 2464 1599 Vidisti
2517 1547 2794 1615 quomodo
2839 1548 3085 1614 discipuli
3116 1548 3376 1618 paulatim
3403 1564 3534 1615 pro-

1930 1630 2208 1687 fecerim?
2237 1633 2359 1688 vide
2383 1644 2438 1689 et
2462 1635 2896 1690 multitudinem.
2930 1635 3047 1691 Non
3069 1636 3181 1705 jam
3215 1637 3364 1705 ipsos
3391 1636 3456 1705 (ι)
3480 1635 3534 1689 in

1928 1723 2151 1778 domum
2186 1727 2626 1794 trahunt.neque
2655 1735 2714 1780 ut
2744 1741 2941 1781 manus
2974 1727 3224 1797 imponat
3259 1736 3532 1795 quaerunt.

1930 1830 2111 1885 neque
2173 1814 2323 1869 verbi
2379 1816 2594 1886 jussum
2654 1825 2941 1887 expetunt.
2983 1818 3080 1872 sed
3146 1818 3424 1874 excelsius
3470 1833 3536 1872 ac

223 1890 702 1961 θεοπρεπέστερον
752 1895 1099 1950 ἐπισπῶνται
1126 1897 1225 1969 τὴν
1255 1896 1583 1967 θεραπείαν.
1626 1897 1690 1950 Ἦ
1720 1896 1824 1968 γὰρ

1934 1905 2091 1976 longe
2122 1905 2366 1960 divinius
2422 1907 2652 1962 salutem
2701 1919 3034 1963 accersunt:
3066 1909 3154 1962 illa
3205 1910 3352 1963 enim
3415 1923 3535 1978 qui?

221 1982 530 2055 αἱμόρρους
555 1984 782 2040 πλείονα
807 1986 996 2042 πίστιν
1030 1989 1218 2053 αὐτοῖς
1247 1989 1504 2060 ἐνέθηκε.

221 2189 385 2242 ΚΕΦ.
434 2185 572 2241 κη’.
619 2188 763 2254 Περὶ
805 2191 919 2257 τῆς
947 2193 1366 2314 ..πϐραράσεως
1409 2192 1522 2260 τῆς
1567 2191 1826 2259 ἐντολῆς

866 2277 976 2314 του
1045 2277 1174 2314 εον.

866 2277 976 2314 του
1000 2277 1174 2314 6801).

298 2355 438 2408 Τότε
477 2384 548 2395 -
588 2355 898 2410 ἐσθίωσιν.
944 2351 1035 2407 Ἐν
1072 2351 1274 2415 πάσαις
1311 2352 1410 2422 μὲν
1444 2354 1566 2416 ταῖς
1611 2351 1824 2422 χώραις

218 2443 329 2497 τῶν
357 2443 564 2498 δώδεκα
597 2444 781 2514 φυλῶν
805 2439 946 2515 ἦσαν
973 2443 1330 2514 Γραμματεῖς
1364 2444 1461 2498 καὶ
1489 2445 1778 2515 Φαρισαῖοι
1806 2457 1820 2471 ·

219 2539 582 2609 πονηρότεροι
627 2538 684 2592 δὲ
730 2537 841 2591 τῶν
875 2535 1051 2589 ἄλλων
1097 2531 1239 2606 ἦσαν
1283 2536 1335 2589 οἱ
1372 2535 1479 2588 ἀπὸ
1527 2535 1825 2607 Ἰεροσολύ-

223 2648 383 2700 μων,
422 2629 500 2691 ὡς
544 2629 643 2701 τὴν
693 2628 1034 2700 μητρόπολιν
1066 2627 1369 2693 οἰκοῦντες,
1404 2628 1501 2682 καὶ
1543 2628 1632 2682 διὰ
1665 2628 1826 2682 τοῦτο

219 2719 624 2792 τετυφωμένοι.
659 2720 1002 2790 Θεασάμενοι
1026 2722 1137 2790 γὰρ
1167 2721 1267 2790 τὴν
1295 2718 1546 2790 μεγάλην
1569 2718 1664 2772 τοῦ
1687 2717 1821 2772 λαοῦ

218 2814 428 2875 πίστιν,
453 2811 794 2867 ἐσπούδασαν
820 2811 1123 2866 ἐλαττῶσαι
1151 2811 1346 2882 αὑτήν.
1373 2811 1485 2864 Καὶ
1506 2810 1584 2882 τῷ
1604 2810 1827 2883 Χριστῷ

224 2903 331 2975 μὲν
384 2903 538 2957 οὐδέν
585 2921 638 2956 τι
689 2902 1012 2974 μέμψασθαι
1066 2901 1348 2968 δύνανται,
1399 2901 1509 2957 τῶν
1567 2900 1826 2972 μαθητῶν

216 2998 278 3052 δὲ
325 2997 750 3068 κατηγοροῦσιν,
793 2997 854 3049 οὐ
900 2995 1281 3066 παρανομίαν,
1321 2995 1462 3048 ἀλλὰ
1506 2993 1826 3066 παράβασιν

217 3089 573 3160 ἀνθρωπίνου
603 3087 1095 3159 παραγγέλματος.
1130 3088 1204 3140 Τὸ
1230 3087 1341 3158 γὰρ
1372 3086 1447 3157 μὴ
1481 3086 1688 3141 ἐσθίειν
1717 3084 1827 3156 πρὸ

215 3180 316 3235 τοῦ
364 3179 623 3250 νίψασθαι
681 3181 846 3251 νόμος
896 3181 960 3234 οὐ
1035 3178 1340 3250 προσέταξε
1389 3178 1556 3246 θεῖος,
1604 3179 1734 3241 ἀλλ’,
1773 3177 1826 3233 oi

216 3270 586 3342 πρεσϐύτεροι
628 3270 722 3325 τοῦ
776 3269 932 3326 λαοῦ.
992 3271 1134 3340 Φησὶ
1187 3269 1298 3339 γὰρ
1348 3269 1378 3321 ὁ
1431 3268 1680 3339 Μάρκος,
1738 3269 1822 3322 ὅτι

218 3366 286 3419 οι
336 3362 644 3431 Φαρισαῖοι
690 3363 791 3417 καί
838 3361 1065 3428 πάντες
1105 3363 1160 3415 οί
1215 3359 1523 3424 Ἰουδαῖοι,
1579 3360 1692 3416 ἐὰν
1737 3359 1825 3430 μὴ

213 3452 431 3525 πυγμῇ
495 3455 791 3526 νίψωνται
848 3455 958 3520 τὰς
1013 3445 1254 3523 χεῖρας.
1311 3454 1424 3507 οὐκ
1472 3451 1824 3517 ἐσθίουσιν,

215 3547 585 3614 κρατοῦντες
643 3545 759 3615 τὴν
814 3543 1157 3612 παράδοσιν
1209 3541 1332 3597 τῶν
1377 3543 1822 3612 πρεσϐυτέρων.

213 3637 332 3693 Καὶ
372 3636 493 3691 ἀπὸ
524 3634 770 3707 ἀγορᾶς.
819 3635 932 3690 ἐὰν
957 3634 1044 3704 μὴ
1094 3635 1525 3702 ῥαντίσωνται,
1565 3633 1677 3704 (75)
1711 3635 1823 3688 οὐκ

210 3731 517 3787 ἐσθίουσι.
560 3729 672 3784 Kal
711 3729 873 3783 ἄλλα
905 3727 1114 3782 πολλά
1157 3729 1351 3791 ἐστιν,
1392 3725 1431 3781 d
1476 3726 1826 3794 παρέλαϐον

213 3819 488 3890 κρατεῖν,
525 3819 916 3890 βαπτισμοὺς
947 3819 1251 3887 ποτηρίων
1278 3816 1380 3871 καί
1422 3816 1687 3882 ξεστῶν,
1721 3816 1820 3870 καί

214 3915 484 3983 χαλκίων
513 3914 610 3970 καί
667 3911 917 3968 κλινῶν.
950 3911 1140 3966 Ταῦτα
1177 3912 1279 3984 μέν
1315 3929 1484 3982 φησιν
1513 3915 1540 3966 ὁ
1565 3911 1818 3982 Μάρκος.

213 4007 385 4062 Ἐστι
413 4007 472 4061 δὲ
517 4005 723 4077 πυτιιῇ
753 4009 1072 4064 νίπτεσθαι
1121 4007 1183 4061 τὸ
1211 4006 1498 4061 νίπτεσθαι
1530 4008 1695 4079 μέχρι
1724 4005 1818 4060 τοῦ

210 4100 495 4171 ἀγκῶνος.
571 4101 902 4166 Ἐσάπτιζον
961 4100 1020 4154 δὲ
1076 4099 1147 4154 τὰ
1205 4100 1471 4172 ποτήρια,
1532 4099 1631 4152 καὶ
1689 4100 1820 4162 τοὺς

219 4193 445 4259 ξέστας,
489 4194 585 4246 καὶ
626 4194 696 4246 τὰ
760 4193 962 4265 χαλκία
1012 4193 1107 4246 καὶ
1151 4192 1252 4257 τὰς
1299 4192 1510 4257 κλίνας,
1568 4193 1818 4262 ἁγιάζειν

209 4285 363 4340 οὕτω
416 4285 595 4340 ταῦτα
644 4285 954 4350 δοκοῦντες.
1010 4285 1122 4339 Καὶ
1173 4285 1315 4339 ἄλλα
1374 4284 1549 4339 πολλὰ
1598 4287 1817 4339 ἐκαινο-

1930 1997 2213 2068 sanguinis
2245 1997 2513 2068 proﬂuvio
2545 1999 2912 2069 laboraverat,
2937 2002 3204 2072 majorem
3233 2002 3340 2056 illis
3372 2000 3535 2056 iidem

1931 2089 2244 2144 induxerat.

2003 2201 2156 2255 CAP.
2189 2201 2430 2256 XXVIII.
2481 2201 2556 2256 De
2591 2202 3022 2273 transgressione
3062 2201 3314 2270 pracepti
3341 2201 3460 2255 Dei.

1999 2359 2155 2415 CAP.
2191 2359 2308 2414 XV.
2328 2360 2484 2416 Vers.
2511 2360 2564 2425 I,
2593 2360 2647 2414 2.
2673 2359 2823 2415 Tunc
2841 2360 3114 2415 —edunt.
3169 2359 3226 2415 In
3265 2357 3539 2415 universis

1930 2451 2152 2520 quidem
2204 2450 2494 2508 duodecim
2537 2453 2792 2508 tribubus
2839 2461 2997 2507 erant
3043 2452 3246 2507 Scribzc
3290 2461 3345 2505 et
3398 2450 3523 2505 Pha-

1931 2539 2073 2595 risa‘i
2107 2556 2122 2605 ;
2164 2537 2378 2593 caeteris
2411 2549 2593 2594 tamen
2625 2539 2927 2609 iniquiores
2965 2549 3127 2594 erant
3165 2540 3260 2608 qui
3309 2538 3534 2606 ahlﬂie-

1931 2629 2217 2701 rosolymis
2239 2639 2418 2693 erant,
2480 2638 2670 2699 utpote
2715 2630 3065 2700 metropolim
3122 2630 3529 2696 inhabitantes,

1933 2722 2168 2792 ideoque
2224 2721 2426 2778 fastum
2469 2724 2748 2792 majorem
2813 2739 2924 2793 prae
2970 2738 3030 2778 se
3060 2723 3322 2778 ferentes.
3373 2722 3535 2778 Vide-

1923 2825 2066 2870 ~rant
2100 2831 2353 2887 magnam
2403 2816 2592 2886 populi
2640 2817 2828 2893 tidem,
2866 2825 2922 2870 et
2963 2816 3108 2870 illam
3161 2817 3410 2870 minuere
3442 2830 3534 2868 co-

1931 2908 2226 2972 nabantur,
2256 2923 2444 2962 verum
2478 2910 2530 2961 in
2566 2907 2787 2963 Christo
2816 2907 2957 2962 nihil
2982 2917 3096 2962 erat
3127 2908 3275 2978 quod
3311 2922 3537 2976 carpere

1929 3008 2201 3069 possent:
2247 2999 2343 3053 sed
2376 2999 2774 3068 discipulorum
2829 3000 3176 3054 accusabant
3263 3014 3373 3052 non
3432 2997 3536 3050 iui-

1929 3086 2219 3156 quitatem,
2263 3086 2359 3140 sed
2392 3086 2619 3139 humani
2696 3087 2954 3157 praecepti
3018 3086 3535 3156 transgressionem.

1927 3177 2118 3246 Neque
2157 3177 2304 3232 enim
2343 3176 2571 3246 iubebat
2615 3176 2701 3232 lex
2735 3177 2920 3232 divina
2953 3193 3024 3232 ne
3069 3177 3300 3232 ederent
3358 3179 3533 3246 prius-

1933 3285 2096 3340 quam
2149 3271 2412 3333 Iavarent,
2481 3270 2578 3324 sed
2647 3271 2902 3325 seniores
2963 3270 3174 3340 pepuli.
3245 3269 3337 3323 Ait
3389 3269 3534 3322 enim

1935 3361 2160 3414 Marcus
2191 3377 2204 3413 :
2255 3359 2517 3414 Pharisan'
2558 3376 2840 3431 omnesque
2877 3359 3053 3415 Judaei
3087 3361 3191 3413 nisi
3222 3360 3404 3412 crebro
3459 3359 3533 3411 la-

1931 3454 2099 3506 verint
2147 3469 2358 3517 manus,
2404 3469 2507 3507 non
2531 3455 2750 3523 capiunt
2790 3454 2980 3517 cibum,
3012 3454 3349 3507 observantes
3392 3467 3533 3504 mor-

1931 3545 2079 3598 dicus
2121 3545 2468 3598 traditionem
2521 3545 2832 3610 seniorum;
2863 3554 2910 3598 et
2949 3562 2982 3597 a
3020 3546 3133 3603 foro
3190 3553 3532 3606 revertentes,

1932 3638 2033 3692 nisi
2071 3649 2450 3709 aspergantur,
2492 3653 2597 3691 non
2641 3638 2937 3703 comedunt,
2967 3636 3239 3707 multaque
3266 3643 3388 3688 sunt
3424 3634 3533 3687 alia

1927 3746 2047 3800 qua!
2069 3732 2330 3784 servanda
2366 3739 2706 3800 acceperunt,
2735 3746 2920 3798 nempe
2953 3729 3175 3782 lationes
3210 3730 3534 3790 poculorum

1927 3832 1977 3877 et
2021 3839 2317 3887 urceorum,
2357 3831 2405 3878 et
2459 3831 2897 3886 momentorum,
2949 3831 2998 3874 et
3060 3821 3339 3874 lectarum.
3404 3815 3531 3870 Haec

1925 3916 2148 3986 quidem
2180 3915 2256 3970 ait
2298 3915 2514 3971 Marcus
2544 3916 2614 3970 '°.
2663 3917 2865 3986 Πυγμῇ
2920 3923 3106 3969 autem
3165 3913 3332 3968 lavari
3363 3910 3531 3981 (quod

1926 4005 2098 4061 habet
2155 4005 2392 4076 Marcus)
2435 4015 2521 4066 est
2602 4021 2776 4075 usque
2815 4005 2881 4060 ad
2917 4005 3164 4060 cubitum
3205 4003 3394 4056 lavari.
3427 4001 3533 4055 Ad-

1924 4105 2076 4152 verte
2128 4107 2274 4167 quoa
2347 4098 2436 4152 ubi
2480 4098 2534 4151 in
2583 4096 2770 4152 Marco
2808 4113 2934 4151 eum
2995 4097 3210 4151 emteris
3270 4093 3532 4149 omnibus

1923 4189 2315 4260 interpretibus
2362 4197 2636 4246 vertentes
2681 4190 2912 4245 dicimus
2968 4207 2984 4245 :
3035 4190 3218 4244 crebro
3273 4188 3530 4250 lavarint,

1922 4283 2044 4339 loco
2089 4283 2348 4338 dictionis
2395 4284 2607 4347 crebro,
2658 4284 2822 4339 habet
2876 4282 3061 4340 Grzer-a
3139 4284 3371 4351 πυγμῇ.
3405 4279 3532 4334 ideo

207 4379 443 4449 τόμουν,
496 4378 590 4431 τὸν
638 4378 738 4449 μὲν
785 4377 951 4448 νόμον
1006 4377 1469 4445 παραϐαίνοντες,
1522 4377 1591 4430 τὰ
1640 4395 1815 4432 κατα-

1931 4376 2052 4432 dicit
2079 4386 2270 4431 auctor
2316 4385 2505 4432 noster
2551 4376 2697 4447 quod
2747 4379 2941 4446 πυγμῇ
2993 4376 3184 4436 lavari,
3224 4383 3309 4428 est
3355 4387 3531 4441 usque

209 4471 464 4540 γέλαστα
500 4469 556 4523 δὲ
591 4469 767 4524 ταῦτα
805 4469 1352 4540 παραφυλάττοντες.
1385 4471 1450 4524 0i
1480 4469 1729 4541 μαθηταὶ
1756 4470 1814 4524 δὲ

1931 4469 1988 4524 ad
2028 4469 2278 4523 cubitum
2335 4469 2503 4524 lavari
2540 4486 2555 4522 :
2603 4470 2767 4538 idque
2822 4469 2890 4522 ab
2919 4516 2925 4522 .
2954 4468 3278 4538 etymologia
3328 4464 3526 4519 deduci

210 4561 484 4623 πολλάκις
517 4560 766 4624 ἀνίπτοις
790 4561 982 4631 χερσὶν
1014 4559 1226 4630 ἢσθιον,
1260 4560 1362 4612 οὐκ
1391 4558 1811 4630 ἐπιτηδεύοντες

1931 4560 2154 4614 videtur;
2198 4561 2292 4614 Est
2359 4561 2506 4615 enim
2572 4561 2792 4631 πυγμὴ,
2863 4561 2951 4631 ἧς,
3013 4575 3243 4628 pugnus,
3312 4555 3527 4624 πυγὼν,

207 4654 398 4708 τοῦτο’
435 4653 554 4718 πῶς
585 4655 726 4725 γάρ;
763 4655 813 4707 oi
850 4654 1017 4725 μηδὲν
1049 4654 1323 4725 μηδέποτε
1351 4652 1596 4706 τοιοῦτον
1627 4672 1810 4724 παρα-

1931 4653 2055 4719 ὖνος
2108 4656 2334 4710 cubitus.
2380 4656 2660 4712 Lavabant
2694 4665 2875 4712 autem
2910 4654 3126 4727 poeula,
3174 4666 3397 4715 urceos,
3449 4665 3528 4705 π-

207 4748 542 4818 τηροῦντεςο
574 4747 713 4803 ἀλλὰ
745 4746 914 4818 μόνης
948 4747 1047 4816 τῆς
1080 4746 1283 4817 ἀρετῆς
1313 4745 1715 4817 φροντίζοντες,
1741 4749 1810 4800 τὰ

1931 4758 2169 4803 ramenta
2220 4759 2276 4804 et
2298 4750 2492 4818 lectos,
2534 4751 2914 4806 existimantes
2955 4764 3021 4804 ea
3068 4749 3175 4802 hoc
3208 4746 3372 4800 modo
3397 4759 3529 4798 san-

207 4842 313 4912 τῆς
345 4840 670 4911 σωματικῆς
707 4842 896 4910 χρείας
931 4839 1349 4910 περιεφρόνουν,
1382 4838 1459 4903 ὡς
1511 4839 1683 4910 μηδὲν
1731 4842 1811 4903 είς

1931 4840 2190 4896 ctiticari:
2243 4841 2458 4911 aliaque
2508 4842 2680 4896 multa
2712 4841 3028 4910 huiusmodi
3084 4839 3376 4894 tradebant
3417 4836 3522 4890 ob-

207 4934 396 5003 ψυχὴν
423 4931 700 5002 δυνάμενα
735 4931 1022 5002 βλάπτειν.

1931 4932 2218 4997 servanda,
2249 4932 2423 5004 legem
2477 4933 2698 5003 quidem
2741 4933 3230 5003 transgredientes,
3268 4930 3385 4983 haec
3422 4942 3512 4980 au-

208 5037 324 5084 tem
393 5027 628 5082 ridicula
666 5028 1042 5086 observantes.
1089 5027 1354 5100 Discipuli
1391 5043 1521 5085 vero
1578 5027 1895 5098 frequenter
1930 5029 2098 5083 illotis
2155 5030 2412 5085 manibus
2457 5030 2715 5098 edebant,
2753 5045 2863 5085 non
2899 5037 3173 5085 sectantes
3218 5026 3342 5081 ista.
3374 5022 3526 5089 Quo-

209 5121 380 5176 modo
403 5120 552 5176 enim
582 5119 762 5176 facere
779 5129 1054 5191 poterant,
1078 5137 1204 5178 cum
1243 5137 1524 5192 nunquam
1559 5121 1664 5177 tale
1687 5123 1969 5193 quippiam
1990 5124 2376 5179 observassent
2397 5164 2413 5188 ,
2449 5124 2545 5180 sed
2565 5124 2736 5180 solius
2759 5125 2974 5179 virtutis
3003 5139 3192 5180 curam
3225 5121 3522 5176 habereuto

206 5219 531 5290 corporales
599 5219 1036 5276 consuetudines
1100 5219 1496 5290 despicientes,
1559 5234 1626 5275 eo
1683 5219 1831 5290 quod
1891 5236 2079 5276 earum
2140 5221 2508 5292 transgressio
2582 5221 2793 5276 nullum
2856 5221 3051 5275 animo:
3090 5225 3276 5290 posset
3329 5213 3526 5270 aﬂ‘erre

209 5325 612 5373 nocumentum
627 5315 654 5368 ί

320 5438 369 5469 ⁸³
411 5435 583 5492 Marc.
619 5450 694 5489 vi.
733 5435 822 5490 ιε.
937 5432 983 5465 ⁸⁸
1011 5432 1172 5489 Joan.
1214 5448 1289 5499 νι,
1331 5433 1419 5487 I7.
1531 5432 1577 5465 ⁸⁸
1609 5433 1774 5487 Mare.
1814 5449 1907 5499 vn,
1938 5433 1993 5496 5,
2027 5433 2081 5486 4.

937 5432 983 5465 ⁸⁸
1011 5431 1172 5489 Joan.
1214 5448 1289 5499 νι,
1331 5433 1419 5487 I7.

1407 5577 1614 5639 Varie;
1661 5578 1967 5640 lectiones
1998 5583 2059 5637 et
2091 5581 2283 5639 notua.

284 5700 402 5772 (75)
442 5698 821 5754 ῗΡαντίσονται
852 5701 918 5756 A.
961 5700 1376 5769 Ῥαντίσωνταιξ
1407 5700 1548 5756 infra
1588 5701 1752 5757 etiam
1785 5702 1824 5756 ir

1935 5710 2123 5756 ntextu
2158 5702 2356 5758 habent
2381 5701 2540 5758 codd.
2576 5699 2874 5772 Euthymii.

285 5859 352 5930 (ι)
379 5857 502 5914 Non
527 5859 645 5929 jam
669 5859 867 5929 ipsum.
900 5856 976 5914 De
1004 5857 1225 5917 Christo
1255 5873 1436 5916 sermo
1465 5869 1568 5914 est.
1600 5857 1906 5915 llentenius
1935 5858 2131 5924 αὐτούς
2163 5859 2378 5916 videtur
2403 5855 2620 5922 legisse.
