4096 6424
259 381 367 446 645
1153 389 1550 454 COMMENT.
1593 393 1674 454 IN
1715 393 1876 454 ΜᾹΤ

1927 394 2197 460 ΗΕΗΜ.
2236 425 2300 440 ·-
2330 400 2489 466 CAP.
2524 406 2644 468 XV.
3439 420 3544 482 445

264 511 422 565 μους.
465 497 621 566 ’Δγει
651 498 712 552 δὲ
746 500 838 554 τὸν
857 502 1146 572 προφήτην
1180 507 1264 570 είς
1297 507 1487 579 μέσον,
1521 508 1692 562 πάλαι
1725 525 1857 563 κατ-

1926 516 2531 586 ,ιι-ειιιειςτεύίοὺοηιυτ.
2589 518 2918 592 Prophetam
2970 534 3154 582 autem
3202 529 3259 584 in
3302 532 3543 589 medium

260 587 570 661 ηγοροῦντα
615 591 828 660 αὐτῶν,
880 592 917 647 ἃ
955 597 1052 648 νῦν
1100 589 1258 661 οὗτος
1310 600 1702 673 κατηγόρησε,
1755 601 1849 654 καὶ

1959 608 2204 673 adducit,
2236 610 2328 679 qui
2366 611 2478 683 jam
2512 613 2642 669 olim
2697 587 2819 671 illos
2849 621 3146 676 accusabat
3204 622 3274 678 de
3314 624 3424 689 his,

261 682 558 746 δείκνυσιν,
615 684 700 737 δτι
753 685 919 751 αὑτός
972 689 1122 742 ἔστιν
1163 689 1193 742 δ
1247 692 1478 745 κάκεῖνα
1518 690 1587 746 δι’
1636 691 1848 747 ἐκείνου

1951 698 2153 769 quibus
2198 700 2316 772 ipse
2369 719 2518 758 nunc
2568 721 2662 760 eos
2706 718 2964 778 accusat;
3010 721 3067 767 ct
3117 728 3176 767 se
3240 730 3365 770 eum
3425 731 3546 772 esse

264 773 662 843 φθεγξάμενος.

1950 791 2217 860 ostendit,
2274 796 2367 865 qui
2430 798 2594 851 etiam
2659 798 2749 854 illa
2813 817 2912 870 per
2949 773 3294 876 prophetam
3354 808 3517 877 lisque

1949 885 2110 938 batur

331 952 540 1024 Λέγων
556 985 621 996 --
638 957 986 1027 ἀνθρώπων.
1023 961 1232 1030 Εἰπὼν,
1256 964 1339 1018 ὅτι
1378 965 1622 1036 Ἐγγίζει
1641 985 1743 1037 μοι
1765 967 1846 1034 τῷ

2023 974 2178 1031 Vers.
2215 980 2264 1032 7.
2328 978 2514 1035 Dicem
2567 1013 2637 1024 —
2683 982 2746 1040 ν.
2787 983 2842 1039 9.
2898 987 3190 1044 hominum.
3247 989 3539 1061 Postquam

257 1048 536 1115 στόματι,
562 1050 947 1122 ἐφηρμήνευσε
971 1053 1154 1119 τοῦτο,
1184 1057 1461 1129 προσθεὶς,
1482 1059 1562 1112 ὅτι
1588 1060 1695 1113 Kal
1720 1059 1846 1126 τοῖς

1946 1068 2084 1124 dixit
2119 1088 2132 1124 :
2171 1075 2571 1146 Appropinquat
2595 1079 2721 1132 mihi
2745 1096 2855 1145 ore,
2885 1079 3282 1151 interpretatus
3313 1048 3539 1155 est'boc,

258 1139 501 1206 χείλεσι
531 1159 610 1211 με
649 1142 818 1212 τιμᾶο
857 1144 990 1198 Θεὸν
1019 1146 1303 1215 ὁμολογῶν
1339 1167 1406 1219 με
1441 1150 1535 1204 καὶ
1570 1150 1804 1222 ποιητὴν
1829 1189 1843 1217 ,

1947 1162 2155 1219 addens
2211 1180 2224 1218 :
2277 1164 2347 1219 Et
2411 1167 2573 1223 labiis
2620 1188 2702 1225 me
2743 1174 2990 1238 honorat,
3049 1176 3223 1230 Deum
3275 1195 3364 1234 me
3418 1139 3542 1233 esse

259 1231 354 1323 iul.
391 1230 595 1303 Κύριον
643 1234 738 1288 τοῦ
776 1237 1013 1300 παντός’
1046 1241 1080 1309 ἡ
1107 1239 1164 1294 δὲ
1194 1241 1392 1314 καρδία
1425 1242 1609 1296 αὐτῶν
1657 1244 1845 1314 πόρρω

1946 1256 2214 1310 confitens
2245 1265 2294 1310 et
2324 1259 2636 1314 Creatorem
2669 1277 2732 1316 ac
2762 1263 3053 1319 Dominum
3111 1267 3379 1322 universi.
3435 1268 3543 1323 Cor

259 1321 538 1427 διίσταται
597 1325 694 1379 ἀπ’
725 1327 884 1397 ἐμοῦ,
915 1330 990 1399 μὴ
1021 1329 1406 1400 πλησιάζουσα
1429 1336 1541 1397 τοῖς
1573 1336 1727 1404 ὲμοῖς
1753 1335 1844 1388 οε-

1944 1355 2128 1399 autem
2160 1361 2353 1402 eorum
2387 1348 2546 1417 longe
2577 1350 2731 1404 abest
2753 1367 2782 1405 a
2816 1368 2923 1417 me,
2951 1368 3061 1408 non
3094 1358 3542 1427 appropinquans

253 1412 495 1482 λήμασι·
530 1415 710 1486 μάτην
739 1417 796 1470 δὲ
826 1419 1077 1474 σέόονταί
1109 1439 1199 1492 με,
1232 1423 1308 1492 μὴ
1339 1424 1436 1488 τὰς
1470 1425 1608 1494 ἐμάς
1639 1424 1845 1494 apulia-

1946 1434 2083 1488 meis
2157 1433 2560 1491 voluntatibus.
2627 1438 2857 1494 Frustra
2926 1412 3537 1510 autemucolimt.nie,

258 1523 441 1571 σοντες
467 1509 712 1576 ἐντολὰς,
741 1511 878 1566 ἀλλὰ
899 1515 1244 1579 διδάσκοντες
1271 1517 1649 1582 διδασκαλίας,
1673 1517 1839 1582 οὔσας

1945 1540 2069 1578 cum
2099 1541 2218 1580 mea
2252 1543 2359 1582 non
2395 1538 2617 1583 servent
2648 1542 2948 1600 praecepta,
2999 1535 3096 1587 sed
3151 1535 3386 1590 doceant
3439 1538 3539 1591 do-

251 1598 570 1669 ἐντάλματα
607 1602 932 1674 ἀνθρώπων,
969 1607 1064 1660 καὶ
1093 1607 1155 1660 ού
1189 1607 1285 1661 τοῦ
1315 1609 1474 1664 Θεοῦ.
1506 1610 1844 1680 Φοὸηοῶμεν

1944 1617 2152 1672 rtrinas
2191 1633 2313 1687 quae
2345 1629 2475 1673 sunt
2519 1633 2792 1692 praecepta
2837 1625 3121 1680 hominum
3169 1638 3226 1681 ct
3266 1641 3374 1680 non
3424 1627 3537 1682 Dei.

250 1689 346 1743 οὖν
391 1694 484 1746 καὶ
515 1694 698 1764 ἡμεῖς,
728 1698 757 1749 ὁ
802 1695 898 1750 τοῦ
950 1699 1187 1770 Χριστοῦ
1237 1699 1388 1764 λαὲις,
1439 1700 1515 1772 μὴ
1569 1703 1665 1756 καὶ
1717 1701 1840 1756 καθ’

1944 1711 2265 1765 Timeamus
2300 1727 2431 1780 ergo
2455 1721 2510 1767 et
2539 1730 2641 1767 nos
2699 1689 2790 1783 qui
2824 1731 3016 1770 sumus
3046 1717 3251 1772 Christi
3281 1719 3535 1789 populus,

251 1785 284 1852 ἡ
292 1785 412 1851 μῶν
449 1786 622 1841 ταῦτα
647 1789 862 1861 ῥηθείη.
1864 1846 1868 1854 .

1864 1846 1910 1863 ,,
1946 1819 2015 1856 ne
2055 1803 2221 1858 etiam
2259 1805 2554 1860 adversum
2584 1823 2684 1862 nos
2711 1807 2829 1861 haec
2853 1808 3131 1863 dicantur.

323 1879 438 1932 Kal
475 1910 544 1919 —
586 1846 840 1947 ιιύτοῖς.⁵
877 1881 1153 1949 Ἑκείνους
1194 1885 1296 1956 μιν
1334 1887 1698 1958 ἐπιστομίσας
1742 1887 1839 1941 καὶ
1864 1846 1912 1906 Β

2020 1895 2172 1951 Vers.
2211 1896 2296 1951 10.
2327 1896 2495 1951 Et—
2554 1901 2645 1952 eis.
2709 1899 2834 1955 Illos
2892 1910 3149 1970 tanquam
3207 1902 3535 1958 incurabiles

248 1973 625 2043 καταισχύνας
674 1975 910 2045 ἀφῆκεν,
959 1977 1036 2042 ὡς
1078 1981 1352 2043 ἀνιάτουςο
1399 1982 1592 2052 τρέπει
1640 1980 1698 2035 δι
1744 1981 1838 2034 τὸν

1943 1990 2188 2059 reliquit,
2236 1991 2325 2044 ubi
2385 1991 2668 2046 silentium
2722 1995 2807 2047 eis
2880 1994 3258 2062 imposuisset,
3332 2010 3535 2064 eosque

246 2062 413 2133 λόγον
443 2067 582 2136 πρὸς
612 2067 704 2122 τδν
735 2069 918 2141 δχλον,
952 2071 1029 2134 ὡς
1058 2070 1511 2145 ἀξιολογώτερον.

1939 2082 2280 2137 conludisset
2311 2100 2326 2138 :
2365 2085 2638 2138 convertit
2669 2096 2850 2140 autem
2885 2099 3196 2140 sermonem
3229 2087 3294 2140 ad
3319 2089 3533 2141 turbam

1941 2179 2200 2239 tanquam
2230 2171 2534 2242 digniorem
2570 2187 2691 2240 qua:
2719 2174 2929 2228 audiat.

333 2249 614 2305 Ἀκούετε
654 2278 725 2294 -·
775 2250 1042 2307 συνίετε.
1112 2252 1389 2318 Ἀκούετε,
1458 2255 1486 2308 ὃ
1543 2255 1673 2326 δρῶ,
1739 2256 1836 2310 καὶ

2014 2257 2166 2312 Vers.
2200 2259 2287 2314 11.
2320 2261 2516 2314 Audite
2541 2291 2610 2301 —
2634 2261 2925 2333 intelligite.
2959 2263 3160 2320 Audite
3215 2264 3363 2335 quod
3409 2265 3535 2323 dico

246 2342 430 2410 γνῶτε
467 2343 622 2398 αὑτό.
657 2345 824 2410 Λέγει
851 2345 906 2398 δὲ
936 2342 1115 2410 τοῦτο,
1155 2347 1335 2418 τιμῶν
1364 2349 1587 2413 αὐτοὺς,
1620 2350 1708 2404 ίνα
1741 2350 1836 2403 εὐ-

1937 2361 1990 2406 et
2025 2351 2311 2423 intelligite
2347 2353 2502 2408 illud.
2547 2352 2660 2409 lloc
2693 2365 2876 2410 autem
2907 2356 2987 2411 ait
3062 2357 3345 2414 honorans
3382 2358 3531 2426 illos,

242 2435 590 2507 παράδεκτον
615 2436 842 2508 γένηται
879 2440 942 2492 τδ
975 2440 1371 2510 ῥηθησόμενον.

1939 2455 1997 2500 ut
2039 2445 2253 2501 facilius
2292 2449 2629 2517 suscipiatur
2659 2450 2803 2517 quod
2843 2449 3096 2505 dicturus
3121 2459 3227 2505 est.

320 2529 405 2582 Οὐ
435 2557 505 2569 —-
535 2528 875 2597 ἄνθρωπον.
899 2532 1123 2595 Καινοῖ,
1151 2531 1271 2584 ἀντὶ
1295 2531 1412 2595 τοῦ,
1457 2533 1682 2602 μιαίνει.
1715 2535 1835 2588 Λέ-

2011 2537 2167 2594 Vers.
2211 2539 2292 2594 tl.
2322 2540 2509 2594 Non-
2537 2541 2824 2596 hominem.
2872 2541 2984 2597 Hoc
3047 2552 3131 2599 est
3170 2562 3185 2600 :
3219 2543 3338 2598 Non
3399 2560 3534 2600 sor-

243 2641 336 2690 γει
363 2623 574 2690 τοίνυν,
591 2625 674 2678 ὅτι
699 2624 797 2694 οὐχ
820 2625 848 2676 ὁ
875 2625 984 2677 ἀπὸ
1013 2624 1124 2678 τῶν
1150 2626 1394 2679 ἀνίπτων
1413 2627 1614 2696 χειρῶν
1637 2627 1830 2698 ῥύπος,

1937 2630 2036 2686 des
2090 2647 2351 2686 manuum
2404 2633 2679 2688 illotarum
2736 2649 2859 2703 quae
2925 2652 3034 2690 una
3107 2652 3232 2690 cum
3289 2637 3435 2691 escis
3476 2638 3529 2690 in

245 2716 391 2786 μετὰ
423 2717 533 2769 τῶν
591 2717 901 2787 βρωμάτων
955 2719 1341 2788 εἰσερχόμενος
1403 2721 1484 2780 είς
1527 2719 1587 2770 τὸ
1631 2719 1831 2788 στόμα,

1935 2739 1998 2778 os
2031 2724 2414 2795 ingrediuntur
2453 2727 2831 2782 contaminant
2883 2737 2978 2782 aut
3024 2741 3398 2799 conspurcant
3429 2729 3534 2783 lio-

243 2811 455 2879 μιαίνει
477 2810 568 2865 τδν
586 2812 877 2880 ἄνθρωπον
899 2829 914 2842 ·
942 2813 1062 2866 οὐδὲ
1093 2812 1204 2883 γὰρ
1232 2813 1467 2867 ἅπτεται
1489 2815 1589 2881 τῆς
1612 2813 1794 2883 ψυχῆς
1815 2828 1831 2844 ’

1939 2812 2169 2875 minem,
2237 2813 2366 2882 quia
2445 2829 2551 2868 nec
2663 2823 2897 2884 tangunt
2972 2816 3210 2870 animam
3279 2835 3292 2871 :
3354 2817 3532 2870 solum

244 2905 411 2974 μόνον
463 2904 574 2974 γὰρ
628 2903 829 2975 μιαρὸν
896 2905 929 2973 ἡ
999 2905 1286 2975 ἁμαρτία,
1365 2905 1682 2975 βλάπτουσα
1733 2909 1834 2975 τὴν

1936 2918 2175 2972 namque
2208 2912 2492 2972 peccatum
2553 2905 2884 2967 fmdumcst,
2915 2907 3059 2975 quod
3088 2910 3286 2961 anima:
3347 2921 3531 2967 nocet.

170 2985 176 2989 ⁷
236 2995 443 3067 ψυχήν.
488 2997 555 3050 Ἦ
593 2997 694 3067 μὲν
725 2992 819 3052 οὖν
854 2997 1149 3067 πρόχειρος
1216 2997 1486 3068 ἑρμηνεία
1530 2998 1626 3050 τοῦ
1661 3001 1787 3069 ρητς

1938 2990 2085 3044 Talis
2133 3001 2317 3045 autem
2375 2991 2504 3047 dicti
2530 2992 2696 3062 hujus
2748 2992 3136 3063 interpretatio
3174 2995 3226 3049 in
3263 3010 3528 3067 promptu

240 3087 495 3157 τοιαύτη.
1937 3093 2040 3137 cst.

311 3185 452 3238 Φασὶ
484 3184 539 3237 δὲ
565 3185 659 3238 καὶ
685 3183 854 3255 ἄλλην
907 3182 1328 3254 ὑποκεκρύφθαι
1387 3182 1718 3254 βαθυτέραν,
1743 3184 1825 3239 δτι
1855 3203 1898 3261 c

2005 3175 2172 3230 Aiunt
2203 3183 2384 3229 autem
2407 3185 2461 3230 et
2487 3177 2712 3231 alteram
2742 3178 3066 3247 profundius
3093 3195 3213 3233 esse
3236 3180 3530 3251 reclusam,

233 3277 416 3342 οὐδὲν,
447 3278 599 3350 παρὰ
644 3278 782 3332 Θεοῦ
845 3279 1164 3348 γενόμενον,
1226 3276 1388 3348 φύσει
1439 3279 1636 3349 μιαρόν
1686 3279 1826 3332 ιστι.

1934 3275 2063 3338 puta
2088 3267 2233 3336 quod
2280 3266 2418 3320 nihil
2471 3267 2674 3322 factum
2715 3285 2746 3322 a
2803 3270 2933 3332 Deo.
2998 3281 3192 3326 natura
3256 3273 3531 3342 impurum

231 3371 377 3441 Φησὶ
408 3371 515 3442 γὰρ
538 3373 566 3425 ὀ
604 3371 845 3442 Μωῦσῆς
874 3388 890 3405 ο
925 3370 1032 3425 Kal
1053 3367 1216 3424 εἶδεν
1248 3373 1281 3425 ό
1319 3371 1466 3436 Θεὸς
1505 3371 1575 3423 τὰ
1605 3369 1826 3433 πάντα,

1933 3369 2035 3414 est.
2071 3359 2162 3412 Ait
2193 3359 2338 3412 enim
2399 3358 2636 3417 Moses:
2702 3360 2768 3414 Et
2825 3363 2954 3416 uidit
3010 3363 3148 3418 Deus
3209 3382 3532 3436 quo-cunque

231 3467 356 3520 ὅσα
386 3465 664 3531 ἐποίησε,
716 3465 815 3518 καὶ
870 3463 1022 3528 ἰδοὺ,
1058 3463 1218 3517 καλὰ
1259 3465 1424 3517 λίαν.
1479 3464 1587 3516 Καὶ
1611 3462 1830 3530 λέγουσι

1933 3454 2155 3523 fecerat,
2184 3462 2232 3507 et
2264 3470 2380 3508 ecce
2411 3457 2545 3508 (rana
2570 3455 2724 3510 valde
2746 3457 2816 3510 ".
2851 3456 3050 3512 Dicunt
3108 3474 3238 3528 ergo
3272 3459 3371 3513 hac
3400 3476 3530 3529 pro-

231 3565 327 3617 διὰ
354 3561 562 3631 ταύτης
586 3560 686 3630 τῆς
719 3557 1024 3628 βαθυτέρας
1052 3557 1152 3628 τὴν
1170 3558 1280 3610 τῶν
1315 3557 1622 3628 βρωμάτων
1637 3556 1831 3610 ἐκϐάλ-

1935 3546 2173 3601 l'undiori
2216 3547 2674 3617 interpretatione
2707 3549 2958 3603 ciborum
2994 3551 3144 3616 rejici
3182 3551 3530 3606 observatio-

228 3656 428 3709 λεσοαι
458 3655 866 3724 παρατήρησιν,
904 3653 969 3724 ἢν
1031 3651 1270 3705 Ἰουδαῖοι
1322 3649 1828 3720 παρεφυλάττοντο.

1933 3658 2084 3706 nem,
2128 3658 2291 3712 quam
2323 3643 2495 3698 Judaei
2547 3644 2864 3698 servabant.
2916 3644 3050 3698 Nam
3106 3661 3228 3699 cum
3270 3646 3376 3708 lex,
3410 3663 3529 3714 quae

236 3747 352 3803 Τοῦ
383 3749 492 3818 γὰρ
526 3747 655 3818 περὶ
701 3745 1012 3816 βρωμάτων
1066 3744 1238 3813 νόμον
1301 3741 1643 3813 συμϐολικὴν
1692 3743 1826 3795 05m-

1933 3737 2002 3790 de
2026 3735 2162 3792 cibis
2185 3744 2323 3800 erat,
2348 3736 2698 3808 allegoricum
2730 3739 2951 3792 haberet
2976 3739 3333 3804 intellectum,
3353 3738 3527 3793 Jurlmi

237 3841 367 3913 ρίαν
421 3840 660 3910 ἔχοντος,
717 3839 766 3891 οί
817 3835 1064 3890 Ἰουδαῖοι
1121 3836 1287 3906 μηδὲν
1344 3835 1549 3906 ὑψηλὸν
1618 3835 1828 3887 ἐννοεῖν

1933 3828 2026 3895 qui
2065 3827 2202 3881 nihil
2244 3827 2523 3881 excelsum
2565 3828 2804 3898 cogitare
2856 3837 3132 3898 poterant,
3170 3831 3529 3898 corporaliter

229 3935 555 4003 δυνάμενοι,
599 3929 930 4002 σωματικῶς
957 3929 1137 3983 πάντα
1167 3928 1263 3983 καὶ
1303 3931 1444 3982 κατὰ
1467 3927 1530 3982 τὸ
1569 3928 1831 3998 φαινόμε-

1933 3930 1989 3975 et
2009 3928 2172 3990 prout
2206 3919 2262 3974 in
2296 3921 2600 3990 conspicuo
2635 3929 2814 3983 erant,
2872 3922 3054 3974 omnia
3083 3923 3453 3992 excipiebant.

228 4047 330 4084 vov
385 4024 841 4095 ὲξελαμὸάνοντο.

324 4120 502 4173 Ἀλλὰ
535 4145 604 4157 -
633 4117 970 4187 ἄνθρωπον.
1019 4115 1415 4188 Ἐκπορεύεται
1455 4116 1520 4170 ὲκ
1555 4115 1651 4169 τοῦ
1708 4118 1830 4171 στό-

2005 4101 2277 4156 Vers.ll.
2315 4100 2419 4156 Sed
2472 4131 2544 4142 —
2612 4102 2898 4154 hominem.
2962 4101 3251 4170 Egreditur
3315 4102 3382 4156 de
3433 4118 3527 4156 ore

234 4232 413 4286 ματος
446 4215 552 4276 πᾶς
598 4213 759 4280 λόγος
792 4226 807 4243 ⁸
846 4211 985 4265 ἀλλὰ
1041 4211 1170 4278 περὶ
1230 4209 1326 4262 τοῦ
1379 4209 1622 4279 πονηροῦ
1679 4209 1830 4278 λέγει

1931 4195 2112 4249 omnis
2136 4209 2321 4248 sermo
2351 4213 2362 4248 :
2391 4193 2483 4248 sed
2519 4209 2667 4247 nunc
2713 4193 2782 4248 de
2811 4195 2956 4248 malo
2992 4193 3252 4263 loquitur,
3300 4193 3390 4260 qui
3432 4208 3527 4247 cor

227 4285 356 4372 νῦν,
392 4305 451 4369 ὂς
486 4305 600 4375 ἔχει
628 4303 815 4374 πηγὴν
874 4303 976 4371 τὴν
1007 4303 1257 4371 καρδίαν.
1287 4301 1502 4374 Προϊὼν
1542 4301 1599 4355 δὲ
1647 4317 1826 4374 σαφη-

1935 4303 2032 4356 pro
2065 4289 2214 4340 lonte
2246 4285 2431 4341 habet.
2463 4286 2518 4338 In
2543 4287 2900 4355 sequentibus
2930 4297 3112 4341 autem
3155 4286 3526 4340 manifestiora

229 4403 376 4466 νεζει
401 4402 470 4453 τά
493 4398 722 4466 ἀσαφῶς
755 4395 990 4448 ἐνταῦθα
1028 4396 1288 4468 ρηθέντα.

1934 4379 2137 4444 reddit,
2165 4395 2284 4450 qua:
2321 4379 2411 4434 hic
2440 4380 2675 4435 obscure
2703 4381 2847 4435 dicta
2875 4391 3025 4435 sunt.

315 4496 456 4548 Τότε
481 4521 546 4532 -
573 4490 1184 4556 ἐσκανδαλίσθησαν.
1218 4491 1379 4542 Ποῖον
1423 4487 1583 4555 λόγον
1615 4489 1826 4559 Δηλαδὴ
1865 4555 1890 4559 _

2009 4471 2165 4526 Vcrs.
2199 4473 2284 4526 12.
2315 4472 2456 4526 Tum:
2487 4503 2551 4511 —-
2577 4473 2793 4542 offensos
2837 4473 3017 4543 fuisse.
3052 4470 3171 4538 Quo
3228 4470 3530 4526 sermone?

228 4589 326 4642 τὸν
380 4585 633 4652 λέγοντα,
695 4585 779 4636 ὅτι
829 4582 889 4634 ού
922 4584 984 4635 τὺ
1027 4583 1412 4652 είσερχόμενον
1452 4584 1533 4645 είς
1558 4582 1616 4635 τὸ
1650 4555 1826 4650 στόμα

1935 4563 2011 4617 Eo
2036 4565 2290 4621 videlicet
2322 4583 2430 4635 quo
2457 4566 2674 4622 dicebat
2708 4585 2720 4620 :
2771 4566 2892 4621 Non
2927 4567 3068 4636 quod
3116 4567 3277 4619 intrat
3331 4565 3384 4618 in
3443 4579 3529 4627 os,

229 4680 412 4734 κοινοῖ
447 4677 537 4730 τὸν
564 4677 874 4746 ἄνθρωπον.
923 4674 1215 4745 Ἀνέτρεπε
1269 4675 1378 4744 γὰρ
1398 4675 1499 4745 τὴν
1527 4673 1829 4746 παράδοσιν

1937 4660 2214 4728 impurum
2253 4660 2435 4715 reddit
2493 4660 2812 4725 hominem;
2841 4660 3202 4714 subvertenat
3228 4660 3375 4713 enim
3413 4667 3493 4712 tra

227 4772 345 4826 τῶν
378 4769 800 4840 πρεσϐυτέρων.

1935 4751 2200 4806 ditionem
2228 4753 2533 4806 seniorum.

317 4865 385 4916 '0
415 4861 484 4914 δὲ
513 4892 581 4900 —
605 4860 1081 4928 ἐκριζωθὴσεται.
1124 4860 1356 4914 Φυτείαν
1387 4859 1537 4928 λέγει
1577 4859 1673 4912 νῦν
1728 4860 1828 4930 τὴν

2007 4844 2165 4900 Vcrs.
2202 4845 2287 4898 15.
2337 4844 2520 4898 Atille
2553 4875 2620 4887 -ο
2670 4845 3050 4900 eradicabitur.
3120 4843 3523 4897 Planzatumcm

232 4957 542 5024 παράδοσιν
575 4954 685 5009 τῶν
719 4953 1112 5026 πρεσϐυτέρων
1165 4956 1259 5008 καὶ
1291 4955 1360 5007 τὰ
1387 4953 1701 5022 ἐντάλματα
1720 4953 1828 5006 τῶν

1934 4954 2080 4993 nunc
2150 4937 2283 4995 dicit
2338 4938 2691 4992 traditionem
2767 4937 3048 4992 seniorum
3125 4945 3180 4990 et
3253 4946 3525 5006 praecepta

231 5047 332 5103 ἀνθ
343 5046 563 5117 ρώπων.

1937 5032 2240 5087 hominum.

310 5142 522 5209 ’Ἅφετε
556 5167 625 5177 -
662 5137 907 5202 αὐτούς.
957 5136 1044 5200 Ὠς
1077 5136 1354 5199 ἀνιάτους.
1401 5135 1500 5189 Διὰ
1529 5136 1688 5189 τοῦτο
1718 5136 1827 5206 γὰρ

2005 5124 2158 5178 Vers.
2217 5125 2301 5177 Η.
2345 5122 2516 5176 Sinite
2550 5152 2620 5161 —
2655 5121 2790 5177 illos.
2839 5122 3117 5190 Tanquam
3169 5119 3527 5179 incurabiles.

231 5230 357 5284 ουδὲ
411 5228 751 5297 ἐθεράπευσε
775 5226 838 5279 τὸ
866 5226 1166 5280 σκάνδαλον
1205 5227 1407 5287 αὐτῶν,
1437 5226 1593 5290 εἰδὼς
1629 5228 1828 5290 αὐτοὺς

1933 5214 2057 5268 Ideo
2084 5216 2231 5269 enim
2269 5229 2446 5283 neque
2482 5214 2594 5283 ipse
2620 5214 2828 5268 curavit
2868 5213 3082 5266 illorum
3132 5211 3523 5272 offensionem.

230 5324 388 5377 οὐδὲν
410 5320 960 5392 ὠφεληθησομένους.

1936 5309 2121 5361 sciens
2210 5305 2350 5360 nihil
2438 5306 2545 5359 illis
2626 5304 2974 5374 profuturum
3043 5319 3165 5359 esse
3255 5301 3522 5374 quidquid

1934 5398 2159 5452 diceret.

321 5500 551 5570 Ὀδητοι
602 5498 869 5568 τυφλῶν.
903 5497 1153 5566 Τυφλοὺς
1178 5497 1378 5561 αὐτούς
1409 5515 1595 5568 φησιν,
1624 5498 1698 5559 ὡς
1722 5514 1829 5568 πη·-

2008 5490 2164 5545 Vnrs.
2199 5491 2287 5544 M.
2321 5489 2490 5543 Duces
2539 5520 2607 5529 --
2647 5508 2924 5545 carcerum.
2989 5490 3176 5546 Carcos
3212 5498 3372 5546 vocat
3426 5503 3525 5543 eos

233 5592 516 5664 ρωθέντας
540 5592 632 5645 τὸν
654 5591 753 5662 τῆς
774 5589 955 5661 ψυχῆς
982 5591 1263 5660 ὀφθαλμὸν
1297 5592 1401 5646 ὑπὸ
1431 5591 1525 5644 τοῦ
1551 5589 1828 5660 ῥεύματος

1935 5595 2192 5654 tanquam
2223 5581 2420 5636 animae
2445 5583 2605 5637 oculo
2637 5602 2664 5636 a
2713 5582 2859 5638 (lusu
2920 5575 3278 5639 aﬂcciionittm
3343 5597 3520 5636 exem-

230 5686 346 5740 τῶν
385 5685 596 5753 παθῶν,
653 5685 747 5738 καὶ
778 5684 853 5748 ῶς
881 5683 957 5755 μὴ
995 5683 1335 5756 δυναμένους
1387 5683 1718 5749 ὲνατενίζειν
1743 5681 1822 5741 τῶ

1935 5688 2107 5744 catos,
2136 5684 2191 5732 et
2226 5675 2379 5746 quasi
2405 5691 2513 5730 non
2574 5684 2828 5747 potentes
2881 5676 3068 5731 oculos
3131 5674 3418 5730 intendere
3465 5675 3524 5728 ιι

340 5847 385 5883 ³⁸
420 5844 557 5902 Gen.
592 5860 630 5910 ι,
667 5842 756 5898 51.
