4086 6394
558 406 663 473 ιιι

1820 414 2203 478 ΕΠἹῊΥΜΠ
2244 415 2603 479 ΖίϐΑΒΕΝΙ

3736 421 3848 485 452

632 548 785 603 Vers.
805 548 897 604 2‘2.
935 549 1121 605 Diceris
1141 560 1549 622 :--torquetur.
1591 552 1725 609 Filia
1751 570 1871 624 qua:
1889 571 1919 609 ει
1939 554 2020 609 «ιω
2036 569 2138 608 ino-

2332 534 2615 603 Λέγουσα
2647 562 2711 572 --
2753 530 3167 601 δαιμονίζεται.
3197 529 3308 601 Τὴν
3335 528 3619 600 θυγατέρα
3651 530 3849 603 Samo-

563 642 649 695 nio
674 642 1034 710 torquebatur
1052 643 1262 707 relicta.
1287 660 1354 699 eo
1376 646 1522 716 quod
1546 647 1774 702 omnino
1796 661 1963 701 sensu
1990 660 2144 699 care-

562 732 921 799 ret,seipsam
963 731 1167 801 profert
1209 735 1365 804 quasi
1404 736 1638 793 maxime
1676 737 1913 807 indigeat
1952 744 2011 791 ut
2058 735 2144 791 sui

563 824 905 886 misereatur,
925 823 1050 891 quia
1068 826 1318 880 morbum
1335 829 1606 885 sentiebat
1624 842 1699 894 ,et
1716 830 1839 884 ideo
1853 830 2142 885 innumera

561 916 1241 972 sustinebatincommoda.
1264 919 1454 974 Filium
1475 932 1653 977 autem
1686 920 1850 975 David
1893 936 2019 975 eum
2045 936 2143 976 vo-

560 1014 665 1065 cat,
683 1006 828 1073 quod
865 1007 1131 1062 didicerat
1154 1027 1184 1063 e
1210 1025 1409 1080 genere
1436 1011 1599 1066 David
1633 1012 1917 1067 Christum
1951 1012 2141 1067 oriun-

560 1098 709 1148 dum.
728 1085 997 1151 Omnibus
1011 1100 1280 1167 siquidem
1297 1102 1768 1157 nominatissimus
1788 1114 1906 1157 erat
1952 1104 2141 1157 David.

568 1182 735 1240 Μαιε.
759 1187 956 1254 inquit,
973 1207 1001 1239 α
1016 1193 1275 1244 αωηιοηίο
1290 1201 1586 1263 torquetur,
1610 1194 1712 1248 hoc
1732 1203 1817 1250 est
1835 1195 2036 1251 misere
2053 1237 2067 1253 .

634 1276 786 1331 Vers.
818 1278 909 1335 25.
946 1280 1073 1350 Ipse
1110 1313 1183 1324 --
1216 1286 1447 1340 verbum.
1493 1287 1586 1341 ιιι.
1635 1288 1854 1357 quidem
1900 1290 2010 1345 alte
2049 1306 2145 1345 vo-

558 1366 839 1430 eii‘eratur,
885 1370 1124 1425 dolorem
1160 1375 1252 1440 qui
1276 1374 1474 1429 latebat
1511 1376 1563 1429 in
1598 1380 1762 1431 cortle
1790 1378 2141 1449 signiﬁcans;

561 1459 677 1524 ipse
718 1476 847 1513 vero
888 1464 1109 1529 penitus
1154 1465 1300 1528 silet,
1319 1468 1597 1521 sustinens
1614 1468 1786 1522 donec
1809 1468 1985 1522 omnis
2003 1470 2146 1526 illius

558 1548 714 1614 fides,
752 1553 919 1606 animi
956 1556 1218 1609 modestia
1245 1572 1309 1611 ac
1360 1560 1647 1626 prudentia
1670 1559 2143 1617 manifestaretur:

556 1648 700 1710 quod
758 1649 910 1700 vario
978 1648 1139 1699 modo
1201 1648 1383 1701 facere
1442 1649 1581 1703 solet
1633 1649 1685 1702 in
1723 1650 1929 1706 multis.
1968 1650 2146 1709 Simul

556 1737 720 1788 etiam
769 1746 824 1790 ut
854 1755 883 1791 e
909 1739 1124 1792 diverso
1153 1737 1358 1794 Judwis
1384 1741 1723 1805 ostenderet,
1752 1746 1967 1811 qualem
2018 1761 2145 1817 erga

559 1829 678 1879 illos
710 1839 922 1898 gereret
951 1831 1229 1895 allectum,
1275 1849 1398 1886 cum
1448 1834 1696 1889 inﬁrmos
1730 1851 1920 1890 eorum
1975 1840 2144 1893 semel

558 1927 768 1973 tantum
829 1930 1069 1991 r0gatus.
1132 1922 1243 1977 imo
1287 1939 1389 1979 nec
1437 1927 1607 1979 semel
1658 1926 1902 1996 quidem,
1961 1930 2144 1985 statim

556 2017 821 2066 curabat:
855 2014 1139 2084 gentilium
1182 2031 1314 2069 vero
1358 2032 1469 2070 non
1502 2018 1599 2071 ita.

629 2106 782 2158 Vers.
814 2106 901 2158 25.
933 2105 1002 2159 Et
1033 2132 1096 2145 -ο
1131 2124 1246 2159 nos.
1280 2109 1432 2173 Quod
1475 2110 1565 2163 hic
1591 2110 1811 2177 dicitur,
1848 2109 2144 2182 Rogabant,

556 2195 736 2248 littera
762 2198 925 2249 liabet
963 2197 1216 2267 ἠρώτων,
1270 2198 1415 2266 quod
1468 2199 1695 2252 verbum
1747 2201 1874 2253 licet
1919 2212 1976 2255 ut
2026 2204 2147 2271 plu-

557 2303 753 2338 rimum
786 2288 1121 2356 interrogare
1172 2288 1465 2358 signiticet,
1510 2290 1785 2345 interdum
1835 2302 2015 2347 tamen
2070 2294 2146 2348 si-

554 2378 776 2447 gnificat
818 2380 1121 2448 deprecari.
1170 2380 1303 2434 Nam
1358 2392 1413 2436 et
1471 2383 1575 2437 boc
1645 2385 1763 2438 loco
1820 2385 2037 2441 Marcus
2082 2402 2148 2441 eo

557 2473 747 2535 utitur,
785 2487 910 2525 cum
938 2472 1005 2525 de
1034 2473 1263 2527 muliere
1311 2474 1540 2544 loquens
1590 2477 1704 2530 ait:
1753 2477 1995 2547 Ἢρώτα,
2040 2478 2147 2535 hoc

553 2572 657 2625 cst,
702 2564 1098 2633 deprecabatur
1145 2580 1271 2619 eum
1324 2575 1383 2619 ut
1432 2568 1802 2622 daunoninum
1852 2569 2080 2639 ejiCeret
2114 2585 2146 2625 a

556 2656 664 2708 tilia
692 2670 789 2708 sua
819 2656 882 2708 ".
924 2655 987 2709 Et
1021 2656 1193 2712 Lucas
1212 2658 1430 2713 decimo
1463 2670 1661 2728 quarto
1723 2663 1899 2731 capite
1934 2664 2144 2733 ἐρωτῶ,

558 2751 659 2800 huc
697 2758 802 2810 est,
824 2749 1069 2813 deprecor
1086 2758 1154 2813 te,
1178 2751 1311 2803 Itabe
1336 2767 1415 2805 me
1432 2761 1742 2806 excusatum
1767 2754 1830 2808 ⁸³.
1860 2752 1954 2810 Est
1977 2766 2033 2810 et
2054 2757 2144 2812 ubi

555 2842 746 2907 jubere
773 2841 1065 2908 signiﬁcat,
1111 2851 1170 2893 ut
1219 2857 1343 2895 cum
1392 2844 1536 2898 circa
1592 2845 1757 2899 finem
1811 2847 2009 2901 decimi
2050 2864 2147 2903 ca-

558 2931 685 2997 pitis
733 2931 877 2998 apud
929 2930 1132 2985 Lucam
1189 2932 1391 2986 dicitur
1460 2934 1783 3006 :lngreuus
1842 2950 2024 2993 autem
2087 2941 2142 2993 in

554 3035 714 3070 unam
746 3018 921 3071 navim
958 3034 1073 3088 qua
1119 3028 1235 3073 erat
1296 3018 1525 3076 Simonis
1564 3023 1893 3094 ,ἠρώτησεν,
1958 3027 2012 3081 id
2057 3036 2144 3083 est

554 3110 714 3172 jussit
746 3126 864 3162 eum
899 3120 956 3162 ut
995 3128 1027 3163 a
1057 3120 1199 3165 terra
1258 3113 1543 3168 abduceret
1594 3117 1846 3184 pusillum
1884 3120 1949 3171 ”.
1993 3118 2139 3173 Tan-

2250 629 2544 699 νιζομένην
2570 624 2941 688 ἀπολιποῦσα,
2964 625 3053 677 διὰ
3076 624 3139 676 τὸ
3158 623 3438 686 παντελῶς
3459 622 3845 693 ἀναισθητεῖν.

2249 724 2561 795 πρόσεισιν,
2611 718 2817 789 ἑαυτὴν
2849 717 3139 787 ἐλεηθῆναι
3170 718 3408 787 μάλιστα
3460 716 3719 787 δεομένη,
3743 717 3849 787 τὴν

2248 812 2647 881 αἰσθανομένην
2680 811 2778 881 τῆς
2828 809 3010 874 νόσου,
3045 810 3139 863 καὶ
3177 809 3267 861 διὰ
3316 811 3475 864 τοῦτο
3510 812 3688 881 μυρία
3730 812 3845 865 πά-

2250 921 2509 977 σχουσαν.
2528 902 2658 955 Υίδν
2680 902 2735 955 ὁὶ
2760 900 2925 954 Δαυῒδ
2942 902 3110 955 αὑτὸν
3140 901 3300 955 καλεῖ
3332 904 3419 955 διὰ
3440 904 3499 955 τὸ
3522 904 3740 972 μαθεῖν,
3759 904 3849 957 ὅτι

2247 997 2309 1049 lx
2346 994 2510 1048 Δαυῖδ
2543 992 2775 1060 κατάγει
2798 992 2856 1044 τὸ
2884 993 3059 1059 γένος.
3092 992 3233 1046 nam
3264 992 3370 1060 γάρ
3402 996 3429 1045 ὁ
3455 994 3619 1047 Δαυῖδ
3644 997 3851 1066 ὀνομα-

2249 1090 2503 1150 στότατος
2572 1083 2662 1159 ἦν.
2725 1085 2936 1151 Κακῶς
2954 1086 3031 1151 δὲ,
3078 1089 3232 1156 φησῖ,
3272 1086 3689 1157 δαιμονίζεται,
3721 1090 3850 1143 ἀντὶ

2248 1180 2364 1246 τοῦ,
2407 1182 2682 1251 χαλεπῶς.

2333 1274 2396 1327 '0
2424 1302 2492 1312 —-
2524 1276 2735 1343 λόγον.
2788 1272 2850 1326 Ἥ
2893 1271 2991 1342 μὲν
3038 1271 3139 1344 βοᾷ
3197 1274 3430 1344 μεγάλα,
3468 1274 3561 1327 τὸν
3615 1277 3851 1347 ἔνδομυ⁹

2249 1365 2450 1435 χοῦντα
2481 1366 2579 1434 τῆς
2610 1365 2843 1436 καρδίας
2878 1365 2993 1438 (97)
3020 1367 3183 1420 πόνον
3214 1367 3603 1439 ἑνδεικνυμένη
3633 1386 3648 1401 ο
3674 1372 3850 1434 αὐτὸς

2248 1461 2303 1514 δὲ
2340 1461 2470 1530 σιγᾷ
2524 1458 2826 1522 παντελῶς,
2861 1458 3154 1527 ἀναμένων
3183 1459 3405 1513 ἃπασαν
3452 1460 3851 1532 φανερωθῆναι

2249 1552 2347 1623 τὴν
2374 1554 2579 1614 πίστιν,
2602 1552 2696 1603 καὶ
2733 1550 3086 1613 ταπείνωσιν,
3116 1556 3211 1604 καὶ
3241 1552 3457 1606 σύνεσιν
3487 1538 3679 1623 αὐτῆς,
3701 1554 3849 1625 ὅπερ

2248 1644 2518 1713 διαφόρως
2550 1642 2707 1695 εῖωθε
2748 1644 2922 1695 ποιεῖν
2950 1644 3008 1695 ὲν
3041 1641 3287 1706 πολλοῖς
3318 1642 3435 1712 ἃμα
3465 1643 3521 1696 δὲ
3556 1643 3651 1696 καὶ
3679 1645 3853 1697 ἀντε-

2252 1735 2667 1806 πιδεικνύμενος
2741 1736 3042 1802 Ἰουδαίοις,
3109 1736 3231 1791 οταν
3278 1739 3409 1807 περὶ
3466 1737 3666 1798 αὐτοὺς
3723 1737 3851 1806 ἔχει

2249 1827 2512 1893 διάθεσιν,
2544 1830 2625 1881 ὅτι
2654 1829 2783 1891 τοὺς
2810 1830 2911 1899 μὲν
2941 1826 3263 1899 ἀρρώστους
3291 1827 3473 1882 αὐτῶν
3507 1827 3658 1892 ἅπαξ
3680 1828 3850 1899 ain]-

2252 1920 2385 1986 θεὶς,
2426 1920 2598 1992 ἢοὺδ’
2648 1919 2817 1988 ἅπαξ,
2865 1921 3027 1985 εὐθὺς
3079 1921 3398 1995 θεραπεύει,
3442 1924 3569 1984 τοὺς
3616 1920 3671 1973 δι
3728 1920 3853 1974 τῶν

2250 2013 2419 2066 ἐθνῶν
2452 2015 2549 2084 οὐχ
2577 2012 2775 2079 οὕτως.

2322 2105 2431 2157 Καὶ
2462 2134 2527 2145 ——
2554 2104 2745 2173 ἡμῶν.
2774 2137 2847 2148 —
2874 2105 3165 2174 Ἠρώτων,
3182 2106 3304 2161 ἀντὶ
3324 2104 3441 2172 τοῦ,
3467 2105 3848 2175 παρεκάλουν.

2250 2192 2359 2243 Καὶ
2414 2194 2525 2261 γάρ
2574 2195 2718 2245 καὶὸ
2744 2198 2974 2263 Μάρκος
3006 2198 3198 2264 εἴρηκε
3250 2202 3381 2265 περὶ
3420 2197 3522 2262 τῆς
3553 2195 3849 2265 γυναικὸς,

2247 2285 2331 2337 ότι
2366 2287 2462 2337 καὶ
2493 2284 2684 2355 ἠρώτα
2732 2287 2921 2352 αὑτὸν,
2957 2286 3047 2339 ἵνα
3079 2286 3139 2340 τὸ
3194 2286 3481 2357 δαιμόνιον
3518 2288 3723 2360 ἐκϐάλῃ
3774 2289 3848 2342 ὲκ

2248 2376 2346 2447 τῆς
2395 2376 2665 2447 θυγατρὸς
2716 2378 2909 2450 αὐτῆς,
2964 2380 3154 2450 ἦγουν,
3219 2380 3545 2450 παρεκάλει.
3601 2381 3676 2434 Τὸ
3725 2381 3851 2452 γὰρ

2246 2468 2438 2538 ἐρωτῶ
2496 2468 2751 2539 σημαίνει
2784 2469 2884 2538 μὲν
2930 2469 3006 2531 ὡς
3054 2471 3148 2523 ἰπὶ
3186 2469 3248 2522 τὸ
3291 2470 3545 2522 πλεῖστον
3604 2468 3665 2522 τὸ
3695 2486 3845 2522 πυν-

2249 2559 2546 2613 ommi-
2583 2560 2842 2629 σημαίνει
2886 2558 2944 2612 δὲ
2999 2558 3094 2612 καὶ
3136 2558 3227 2624 τὸ,
3264 2558 3568 2629 παρακαλῶ
3595 2572 3612 2589 ·
3649 2559 3724 2623 ὡς
3777 2562 3848 2613 τὸ

2263 2648 2493 2719 Ἐρωτῶ
2530 2667 2627 2716 σε,
2693 2651 2797 2720 ἔχε
2821 2667 2900 2719 με
2954 2649 3401 2720 παρῃτημένον.
3462 2652 3622 2705 Ἐστι
3649 2651 3715 2718 δ’,
3741 2651 3846 2706 ὅτε

2246 2742 2396 2812 δηλοῖ
2427 2745 2521 2797 καὶ
2559 2742 2621 2795 τὸ
2670 2747 3035 2813 προστάσσω,
3070 2742 3145 2804 ὡς
3196 2744 3290 2795 τόο
3358 2743 3577 2811 Ἐμϐὰς
3617 2742 3673 2797 δὲ
3713 2742 3843 2813 (98)

2245 2839 2333 2902 είς
2356 2835 2426 2888 ἐν
2453 2832 2573 2889 τῶν
2595 2836 2851 2899 πλοίων,
2888 2834 2919 2887 ὃ
2955 2830 3034 2905 ἦν
3063 2833 3171 2888 τοῦ
3202 2833 3492 2903 Σίμωνος,
3519 2835 3851 2903 ἠρώτησεν

2243 2933 2433 2986 αὑτὸν
2481 2931 2603 2985 ἀπὸ
2653 2929 2767 2998 τῆς
2824 2928 2938 3001 γῆς
2993 2930 3405 2999 ἐπαναγαγεῖν
3455 2931 3684 3002 ὀλίγον.
3739 2930 3846 2995 Ὠς

2243 3022 2566 3089 διδάσκιλος
2625 3026 2735 3095 γὰρ
2792 3022 3160 3095 προσέταξεν,
3224 3023 3347 3076 ἐπεὶ
3393 3025 3488 3078 καὶ
3546 3026 3685 3095 μετά
3742 3044 3848 3096 μι-

2243 3116 2374 3186 κρὸν
2434 3116 2863 3181 ἰξουσιαστικῶς
2935 3111 3090 3170 εἶπεν
3127 3130 3141 3144 ·
3197 3117 3572 3187 Ἐπανάγαγε
3622 3119 3711 3185 εις
3763 3119 3844 3174 τὸ

553 3213 714 3266 quam
762 3212 1062 3270 praeceptor
1095 3203 1243 3256 enim
1287 3204 1476 3273 jussit.
1530 3205 1664 3261 Nam
1709 3218 1765 3262 et
1811 3210 1971 3279 paulo
2018 3209 2451 3281 βοειοβάθος.

556 3292 714 3357 quasi
747 3298 1132 3347 auctoritatem
1183 3295 1392 3349 habens
1440 3298 1615 3352 dixit:
1646 3297 1759 3353 Duc
1779 3304 2019 3356 inultum
2050 3304 2122 3358 “.

623 3379 773 3437 Vers.
841 3383 931 3436 ει.
979 3386 1044 3436 At
1074 3384 1163 3438 ille
1200 3412 1271 3427 —
1313 3385 1501 3441 Israel.
1560 3387 1872 3445 Sulliciebat
1915 3395 2135 3464 quidem

551 3474 828 3530 silentium
860 3488 917 3530 ut
944 3494 1063 3532 eam
1098 3479 1151 3532 in
1197 3482 1639 3550 desperationem
1682 3488 1983 3553 conjiceret
2015 3505 2030 3554 ;
2082 3498 2138 3545 at

553 3580 611 3617 re
648 3566 841 3633 ponsio
867 3568 1037 3621 multo
1079 3571 1242 3623 etiam
1281 3572 1522 3641 amplius
1564 3575 2009 3644 desperationem
2046 3579 2135 3633 in-

558 3658 756 3710 tendit.
803 3656 1315 3727 Responditenim:
1365 3661 1486 3715 Non
1531 3681 1645 3718 sum
1690 3671 1877 3721 missus
1927 3670 2033 3725 nisi
2070 3671 2138 3725 ad

551 3746 915 3813 Jiidacos,hos
948 3750 1093 3804 enim
1146 3752 1443 3821 appellavit
1493 3771 1607 3809 oves
1658 3759 1894 3824 perditas
1951 3759 2136 3815 domus

554 3839 749 3895 Israel.
816 3840 951 3896 Nam
989 3843 1203 3897 decimo
1224 3860 1373 3899 nono
1419 3863 1638 3917 quoque
1687 3850 1866 3919 capite
1914 3866 2133 3906 rursum

550 3932 623 3985 ita
655 3932 791 3986 dixit
837 3934 1098 4003 apostolis
1129 3942 1153 3988 ξ
1179 3934 1261 3989 Ite
1289 3946 1467 3991 autent
1498 3941 1672 4007 potius
1738 3942 1809 3994 ad
1854 3958 1970 3997 oves
2011 3959 2137 4011 per-

552 4023 689 4076 ditas
722 4027 907 4077 domus
943 4022 1118 4078 Israel
1146 4025 1363 4091 “.Quid
1415 4042 1546 4098 ergo
1586 4030 1819 4085 mulier?
1840 4033 1977 4087 Cum
2011 4049 2136 4090 sese

553 4116 763 4169 videret
785 4130 907 4169 esse
938 4116 1277 4185 despectant,
1309 4120 1627 4188 repudiatos
1674 4124 1838 4178 etiam
1871 4124 1993 4181 illos
2038 4128 2134 4196 qui

550 4216 651 4269 pro
676 4217 738 4255 ea
787 4203 1235 4272 deprecarentur,
1268 4222 1379 4260 non
1432 4210 1777 4279 desperavit;
1827 4230 1952 4269 nam
2014 4232 2131 4269 ma-

551 4308 713 4359 gnam
755 4294 990 4349 habebat
1028 4296 1189 4351 fidem
1228 4314 1291 4353 ac
1337 4304 1727 4370 prudentiam;
1787 4309 1881 4361 sed
1947 4308 2130 4379 impu-

549 4382 686 4435 dens
711 4392 797 4436 est
827 4387 1052 4438 honesta
1079 4385 1440 4455 impudentia,
1462 4398 1517 4445 et
1544 4392 1654 4461 jam
1680 4394 1869 4449 relicto
1891 4396 2132 4455 clamore

549 4468 643 4537 qui
692 4470 913 4529 eminus
964 4471 1150 4538 fiebat,
1210 4475 1436 4545 propius
1493 4480 1743 4535 accessit.
1793 4480 1903 4537 Nos
1947 4494 2130 4541 autem

2348 3373 2393 3422 υ
2426 3396 2498 3410 -
2540 3364 2811 3435 Ἰσραήλ.
2883 3364 3066 3437 Ἰκανὴ
3118 3366 3221 3437 μιν
3270 3367 3367 3421 καὶ
3418 3369 3451 3439 ή
3513 3369 3692 3442 σιωπὴ
3747 3374 3844 3435 εἰς

2243 3459 2561 3528 ἀπόγνωσιν
2617 3458 2881 3529 ἐμϐαλεῖν
2917 3459 3093 3532 αὐτήν
3115 3474 3128 3488 ·
3176 3463 3210 3533 ὴ
3240 3459 3285 3514 δ’
3317 3460 3611 3533 ἀπόκρισις
3646 3465 3842 3535 πολλῷ

2244 3552 2406 3605 πλέον
2456 3552 2556 3622 τὴν
2604 3552 2842 3623 ἀπορίαν
2898 3552 3196 3607 ἐπέτεινεν.
3232 3553 3534 3627 ’Δπεκρίθη
3583 3556 3717 3627 γὰρ,
3746 3558 3841 3613 δτι

2245 3648 2369 3700 Οὐκ
2415 3646 2774 3713 ἀπεστάλην
2806 3648 2888 3710 είς
2941 3647 3136 3710 ἄλλους
3190 3650 3238 3701 sl
3286 3648 3364 3720 μὴ
3408 3651 3488 3712 είς
3518 3652 3645 3714 τούς
3701 3649 3836 3705 Ἰουο

2239 3742 2457 3805 δαίους·
2488 3740 2713 3804 τούτους
2738 3742 2849 3813 γὰρ
2873 3741 3130 3814 ὠνόμασε
3164 3745 3431 3812 πρόϐατα
3462 3744 3839 3807 ἀπολωλότα

2240 3825 2415 3887 οἵκού
2482 3832 2757 3901 Ἰσραήλ.
2810 3833 2971 3886 Ἐπεὶ
3008 3834 3105 3887 καὶ
3135 3834 3193 3886 ἑν
3236 3834 3315 3905 τῷ
3358 3834 3836 3906 ἐννεακαιδεκάτῳ

2242 3923 2527 3993 κεφαλαίῳ
2576 3927 2690 3988 τοῖς
2743 3926 3068 3990 ἀποστόλοις
3115 3924 3260 3980 οὕτω
3316 3926 3428 3997 (99)
3480 3927 3646 3982 πάλιν
3678 3930 3835 3983 εἷπε·

2240 4016 2574 4085 Πορεύεσθε
2613 4017 2684 4071 δὲ
2713 4016 2961 4088 μᾶλλον
2990 4022 3141 4089 πρὸς
3179 4022 3251 4075 τὰ
3282 4023 3550 4090 πρόϐατα
3580 4020 3654 4077 τὰ
3683 4024 3839 4079 ἀπο-

2237 4112 2478 4165 λωλότα
2496 4111 2669 4167 οἷκον
2698 4114 2972 4184 Ἰσραήλ.
3001 4114 3068 4167 Τί
3092 4110 3240 4186 οὖνὴ
3273 4116 3444 4185 γυνήι;
3498 4115 3833 4190 Θεασαμένη

2241 4204 2622 4275 παροφθεῖσαν
2688 4206 2788 4276 μὲν
2844 4205 3066 4278 ἑαυτὴν,
3120 4207 3590 4278 ἀποπεμφθέντας
3622 4209 3679 4264 δὲ
3726 4214 3826 4265 καὶ

2238 4298 2366 4357 τοὺς
2410 4296 2553 4366 ὑπὲρ
2614 4298 2789 4369 αὐτῆς
2851 4299 3369 4367 παρακαλέσαντας,
3404 4302 3506 4356 οὐκ
3553 4302 3831 4371 ἀπέγνω·

2240 4387 2440 4459 πολλὴν
2495 4391 2604 4462 γὰρ
2643 4386 2755 4462 εἶχε
2804 4394 2988 4447 πίστιν
3030 4395 3126 4448 καὶ
3162 4395 3416 4449 σύνεσιν
3473 4397 3608 4452 ἀλλά
3660 4400 3831 4452 ἀναι-

2238 4484 2461 4550 σχυντεῖ
2487 4483 2660 4554 καλὴν
2705 4486 3117 4555 ἀναισχυντίαν,
3141 4488 3238 4541 καὶ
3265 4489 3468 4557 ἀφεῖσα
3500 4489 3560 4544 τὸ
3590 4490 3827 4561 κράζειν

548 4575 657 4614 non
681 4560 780 4628 ita,
810 4563 903 4617 sed
921 4564 1011 4618 ubi
1042 4566 1224 4619 statim
1246 4582 1354 4621 non
1389 4573 1751 4639 assequimur.
1776 4574 2092 4634 desistimus
2117 4593 2132 4644 ;

2248 4573 2555 4645 πόρρωθεν,
2576 4576 2742 4644 ἔγγὺς
2768 4576 3010 4647 ἔρχεται.
3046 4578 3239 4649 Ἡμεῖς
3269 4581 3327 4635 δὲ
3353 4580 3453 4652 οὐχ
3473 4560 3671 4648 οὕτως,
3700 4582 3828 4635 ἀλλ’

545 4668 671 4705 cum
706 4657 932 4724 propius
958 4668 1244 4726 oporteret
1271 4661 1557 4726 accedere,
1607 4672 1661 4718 et
1680 4664 1985 4723 ferventius
2010 4685 2130 4725 ora-

546 4744 686 4798 tioni
731 4748 1067 4802 incumbere.

624 4835 776 4891 Vers.
799 4838 889 4892 25.
906 4838 1008 4891 Illa
1030 4870 1099 4880 —
1117 4858 1217 4895 me.
1240 4842 1423 4913 Usque
1448 4854 1577 4900 tunc
1595 4846 1739 4901 enim
1779 4863 1958 4919 neque
1984 4850 2038 4905 in
2063 4853 2131 4907 il-

2234 4665 2363 4718 ὅταν
2390 4666 2466 4738 μὴ
2484 4668 2757 4737 τύχωμεν,
2789 4670 3159 4742 ἀφιστάμεθα,
3187 4672 3306 4727 δέον
3322 4675 3618 4747 ἐγγύτερον
3644 4691 3829 4749 προσ-

2233 4756 2429 4824 ελθεῖν,
2456 4764 2549 4812 καὶ
2584 4760 2919 4834 θερμότερον
2948 4765 3284 4824 ἐπικεῖσθαι.

2316 4847 2379 4901 Ἠ
2412 4879 2483 4889 -
2514 4867 2637 4919 μοι.
2699 4855 2865 4925 ’Λχρι
2924 4856 3033 4928 γὰρ
3087 4858 3208 4911 τότε
3250 4858 3360 4912 οὐδ’
3386 4862 3465 4924 εἰς
3486 4860 3610 4931 ὃψιν
3642 4861 3824 4917 αὑτοῦ

548 4930 655 4983 lius
672 4940 1028 4999 conspectum
1047 4948 1179 4988 ausa
1199 4933 1378 4991 fuerat
1395 4938 1677 5005 accedere,
1696 4941 1970 5013 indignam
2004 4958 2125 5001 sese

2245 4940 2563 5014 ιετόλμηκιν
2598 4942 2799 5010 ἐλθεῖν,
2828 4948 3054 5013 ἀναξίαν
3083 4951 3287 5021 ἑαυτὴν
3315 4930 3595 5023 κρίνουσα.

543 5034 826 5093 reputans.

623 5116 774 5171 Vers.
804 5116 894 5173 26.
928 5117 1027 5172 Ille
1055 5147 1125 5161 --
1161 5120 1385 5177 catellis.
1434 5120 1710 5189 Quantum
1752 5126 1841 5181 illa
1889 5129 2123 5198 augebat

2312 5124 2379 5178 '0
2415 5156 2486 5170 —-
2504 5130 2837 5199 κυναρίοις.
2873 5131 3042 5187 Ὅσον
3064 5134 3342 5189 ἐπέτεινεν
3362 5138 3548 5208 εκείνη
3577 5139 3676 5211 τὴν
3715 5142 3818 5193 αῖς

544 5208 887 5278 petitionem.
923 5218 1132 5265 tantum
1178 5214 1297 5285 ipse
1342 5216 1732 5285 repulsionem.
1792 5218 2003 5276 Marcus
2044 5222 2121 5277 ait

2245 5236 2409 5292 :qatv,
2460 5222 2716 5277 τοσοῦτον
2745 5225 2841 5277 καὶ
2890 5224 3057 5290 αὐτὸς
3106 5227 3209 5299 τὴν
3260 5229 3616 5305 παραίτησιν.
3657 5231 3717 5289 ’0
3751 5235 3817 5290 δι

652 5353 698 5385 ⁸⁸
722 5351 889 5410 Marc.
912 5371 1009 5423 vn,
1034 5354 1126 5413 26.
1239 5359 1283 5392 ⁸³
1305 5358 1439 5415 Luc.
1484 5376 1595 5426 xiv,
1622 5364 1708 5419 l8.

1821 5364 1865 5396 “
1898 5365 2028 5421 Luc.
2062 5382 2115 5435 γ,
2157 5367 2210 5423 3.

2325 5366 2371 5400 ⁸⁸
2403 5367 2535 5424 ibid.
2562 5368 2614 5421 4.
2728 5369 2775 5401 ⁸⁸
2804 5369 2997 5427 Matth.
3026 5385 3081 5437 ε,
3105 5370 3158 5427 6.

1732 5522 1926 5585 ναι-ξω
1961 5521 2268 5590 lectiones
2296 5532 2363 5591 et
2396 5532 2588 5588 noue.

564 5680 733 5767 χρη
762 5682 931 5767 Forte
973 5681 1277 5767 lientspius
1307 5688 1532 5767 reperit,
1583 5691 1676 5767 τῇ,
1702 5694 2112 5767 “peterem

541 5759 723 5820 potest
757 5764 1065 5825 utrumque.
1096 5756 1208 5826 Τῆς
1244 5756 1495 5828 καρδίας,
1537 5756 1737 5830 pendet
1771 5756 1987 5830 ἐι,’τδν
2015 5765 2110 5818 πό-

540 5838 649 5875 νον.

2298 5698 2413 5769 (98)
2441 5702 2529 5767 ιι,
2565 5657 2724 5759 abest
2752 5702 2819 5761 Α.

2290 5770 2407 5844 (99)
2438 5771 2617 5841 οὕτω,
2648 5775 2803 5831 abest
2826 5774 2887 5828 Α.
