4086 6400
609 387 715 455 455

683 504 837 558 V'ers.
871 503 960 558 29.
989 502 1058 556 Et

611 596 779 650 cumit
807 637 822 658 ,
860 611 1065 650 sanans
1135 611 1232 652 eos
1292 598 1385 668 qui
1466 601 1604 656 male
1660 600 1866 656 habent
1903 619 1918 655 :
1953 601 2202 670 quando-

607 704 712 757 que
783 697 962 741 autem
1044 690 1194 744 sedet
1267 702 1593 762 exspectans
1673 709 1767 748 eos
1827 694 2027 764 quibus
2072 707 2203 747 cura

607 795 742 848 opus
763 790 888 842 est;
941 781 1070 833 illud
1107 784 1327 851 quidem
1380 801 1480 840 sua
1547 785 1817 850 bonitate,
1881 786 1986 840 hoc
2045 799 2200 846 vero,

608 879 667 924 ut
694 869 762 922 de
794 870 1130 926 inlirmorum
1186 875 1290 930 ﬁde
1338 886 1520 931 sumat
1573 877 2033 947 experimentum.
2075 874 2204 929 Fre-

605 973 839 1030 quenter
886 975 1067 1018 autem
1099 966 1153 1020 in
1199 978 1441 1022 montem
1477 970 1746 1035 ascendit,
1808 978 2033 1038 propter
2084 980 2200 1021 sua:

603 1056 946 1112 altitudinem
992 1061 1336 1118 divinitatis:
1381 1080 1446 1119 ac
1492 1063 1696 1118 docens
1748 1077 1778 1115 a
1831 1062 1948 1116 solo
1999 1060 2202 1115 elevari

601 1163 697 1202 eos
725 1151 815 1218 qui
865 1151 972 1204 Deo
1006 1156 1452 1225 appropinquare
1473 1155 1725 1225 cupiunt.

942 1268 1097 1322 CAP.
1125 1269 1290 1323 XXX.
1325 1269 1400 1322 De
1421 1270 1588 1324 turbis
1624 1270 1855 1324 sanatis.

673 1379 827 1435 Vers.
868 1383 952 1435 30.
1000 1382 1066 1435 Et
1117 1413 1183 1423 ——
1227 1383 1442 1437 multos.
1497 1384 1698 1436 Κυλλοὶ
1735 1385 1858 1454 (pro
1919 1398 2030 1454 quo
2077 1400 2198 1436 mu-

608 1471 729 1524 tilos
809 1473 1094 1529 vertimus)
1162 1474 1382 1543 proprie
1447 1474 1732 1540 dicuntur,
1789 1475 1882 1545 qui
1941 1475 2199 1530 manibus

599 1572 804 1622 carent.
836 1567 976 1617 sicut
1015 1566 1295 1620 tricesimo
1330 1568 1572 1636 septimo
1613 1566 1796 1634 capite
1849 1565 2198 1621 manifestius

599 1657 823 1725 patebit.

673 1745 919 1800 V'ers.50.
949 1747 1017 1799 Et
1057 1776 1128 1786 —
1159 1747 1302 1802 illos.
1348 1746 1480 1803 Vide
1532 1749 1914 1819 proﬁcientem
1972 1749 2193 1806 illorum

1845 388 2230 454 EUTHYMII
2269 388 2625 453 ZIGABENI

1103 533 1158 543 ο·
1188 505 1319 561 illis.
1378 504 1658 564 Interdum
1689 507 1909 580 quidem
1942 507 2058 579 ipse
2089 507 2191 564 cir-

2382 505 2491 560 Kal
2528 535 2598 547 —
2625 503 2772 560 ἐκεῖ.
2808 504 2946 560 Ποτὲ
2981 504 3081 575 μὲν
3127 504 3293 571 αὐτὸς
3343 503 3694 578 περιέρχεται
3731 505 3894 577 θερα-

3780 393 3895 459 456

2308 603 2496 653 πεύων
2528 599 2658 662 τοὺς
2690 598 2878 662 κακῶς
2911 598 3158 668 ἔχοντας,
3182 598 3314 652 ποτε
3355 599 3411 654 δὲ
3464 598 3698 669 κάθηται
3733 615 3894 669 περι⁶

2310 695 2493 764 μένων
2526 693 2652 755 τοὺς
2694 692 2996 762 χρῄζοντας
3027 691 3329 762 θεραπείας
3363 709 3378 725 ο
3443 693 3626 745 ικεῖνο
3676 691 3767 762 μὲν
3821 691 3897 744 δι’

2305 785 2515 838 οίκείαν
2555 783 2895 852 ἀγαθότητα,
2925 782 3086 835 τοῦτο
3115 783 3178 836 δι
3228 783 3546 855 δοκιμάζων
3589 783 3687 854 τὴν
3715 784 3897 834 πίστιν

2304 877 2415 930 τῶν
2451 876 2792 946 καμνόντων.
2828 875 3080 945 Συνεχῶς
3105 874 3160 927 δὲ
3198 877 3280 939 εἰς
3317 875 3446 948 ὅρος
3485 877 3685 939 ἄνεισι,
3715 875 3793 928 διὰ
3832 874 3898 925 τδ

2307 969 2440 1039 ὕψος
2464 971 2566 1039 τῆς
2605 966 2802 1021 ἑαυτοῦ
2857 967 3137 1038 θεότητος,
3183 967 3277 1020 καὶ
3317 967 3600 1020 παιδεύων
3666 965 3894 1034 ἐπαίρε-

2307 1061 2432 1116 σθαι
2483 1061 2723 1132 χαμόθεν
2773 1061 2902 1124 τοὺς
2933 1061 3261 1132 πλησιάζειν
3315 1059 3394 1131 τῷ
3446 1061 3570 1130 Θεῷ
3615 1059 3890 1122 θέλοντας.

2376 1262 2537 1315 ΚΕΦ.
2593 1261 2674 1314 A'.
2733 1259 2874 1328 Περί
2927 1259 3048 1312 τῶν
3105 1259 3603 1328 θεραπευθέντων
3668 1259 3889 1326 ὄχλων.

2375 1373 2484 1430 Kal
2509 1403 2580 1414 —-
2609 1373 2904 1438 πολλοὺς.
2937 1371 3140 1426 Κυλλοὶ
3171 1373 3376 1442 κυρίως
3427 1373 3478 1424 oi
3509 1371 3752 1442 ἄχειρες,
3809 1371 3893 1432 ὡς

2301 1467 2360 1519 ὲν
2392 1464 2472 1534 τῷ
2499 1463 2578 1528 λζ’
2609 1462 2892 1534 κεφαλαίῳ
2933 1461 3428 1532 διαγνωσθησεται.

2371 1735 2481 1790 Καὶ
2512 1764 2584 1775 -
2611 1734 2860 1800 αὐτούς.
2921 1733 3065 1804 Ὅρα
3112 1731 3527 1800 προκόπτουσαν
3573 1730 3672 1799 τὴν
3714 1728 3900 1780 πίστιν

599 1839 785 1893 ﬁdem.
841 1839 1031 1908 Neque
1085 1840 1234 1894 enim
1280 1841 1516 1911 amplius
1556 1849 1787 1914 tangunt
1820 1843 2087 1897 limbriam
2115 1859 2191 1898 νει

2305 1827 2509 1883 αὐτῶν.
2546 1828 2662 1880 Ούκ
2692 1827 2775 1880 ετι
2825 1827 2935 1894 γὰρ
3001 1825 3269 1879 ᾰπτονται
3307 1824 3400 1878 τοῦ
3447 1822 3758 1893 κρασπέδου
3799 1821 3899 1872 τοῦ

596 1932 840 1984 stimenti
867 1931 1010 2000 ejus,
1034 1930 1129 1984 sed
1159 1931 1455 2001 projiciunt
1481 1947 1542 1986 se
1571 1933 1744 1987 solum
1768 1933 1836 1988 ad
1867 1934 2032 2005 pedes
2053 1936 2193 2004 ejus,

596 2031 652 2075 et
678 2028 902 2089 repente
933 2029 1092 2074 curat
1123 2021 1244 2075 illos
1276 2040 1289 2075 :
1316 2037 1426 2074 non
1462 2022 1608 2092 quod
1639 2024 1863 2094 majoris
1908 2025 2020 2079 sint
2064 2024 2170 2080 ﬁde

595 2125 758 2178 quam
821 2110 1150 2174 Cliananma,
1217 2113 1312 2165 sed
1344 2111 1491 2180 quod
1542 2110 1717 2167 Judaei
1762 2115 1890 2180 sint,
1926 2123 1986 2170 ut
2015 2115 2197 2184 ingra-

596 2210 778 2256 torum
814 2204 1035 2256 ohturet
1087 2219 1182 2257 ora
1226 2202 1568 2267 Judteorum,
1636 2203 2029 2258 demonstrans
2071 2207 2195 2258 illos

595 2292 788 2360 majori
837 2294 1028 2364 dignos
1087 2294 1379 2366 supplicio.
1454 2294 1705 2361 Ingratus
1753 2296 1900 2349 enim
1984 2306 2193 2365 quanto

593 2384 900 2451 majoribus
953 2385 1315 2453 pluribusque
1374 2384 1612 2439 aﬂicilur
1665 2386 1974 2452 beneﬁciis,
2036 2397 2188 2443 tanto

593 2474 656 2526 ad
691 2475 951 2541 majorem
985 2488 1201 2543 pinnam
1242 2475 1498 2530 luendatn
1529 2489 1615 2532 est
1637 2479 1930 2533 obnoxius.

665 2565 816 2618 Vers.
853 2566 942 2618 3|.
977 2564 1062 2617 Ita
1098 2578 1151 2618 ut
1197 2597 1266 2608 —
1311 2569 1506 2622 videre.
1565 2569 1906 2624 Mirabantur
1963 2583 2190 2642 propter

593 2670 785 2708 eorum
821 2657 1230 2712 multitudinem
1286 2661 1380 2730 qui
1433 2660 1793 2726 curabantur,
1855 2671 1911 2716 et
1963 2672 2189 2734 propter

590 2749 890 2801 Nrationis
920 2749 1283 2805 velocitatem.

665 2839 816 2892 \‘ers.
858 2841 946 2893 5|.
997 2839 1065 2892 Et
1097 2871 1165 2879 —
1198 2842 1388 2898 Israel.
1427 2844 1597 2900 Deum
1657 2846 1828 2917 ipsius
1863 2845 2052 2914 lsrael,
2085 2847 2190 2904 hoc

587 2940 691 2993 cst,
713 2932 805 2999 qui
834 2932 903 2984 ab
935 2932 1192 2987 lsraelitis
1211 2935 1513 2991 colebatur.

857 3043 1011 3098 CAP.
1048 3045 1241 3100 ΧΧΧΙ.
1280 3048 1356 3102 De
1398 3061 1596 3120 septem
1635 3054 1884 3123 panibus.

664 3155 813 3207 Vers.
869 3156 956 3208 δὲ.
999 3156 1148 3210 lusus
1178 3169 1355 3212 autem
1384 3190 1454 3199 —
1479 3165 1660 3215 edant.
1717 3163 1844 3219 Dies
1911 3176 2045 3230 tres,
2079 3180 2179 3236 pro
2208 3191 2255 3253 ο

587 3243 779 3298 diebus
812 3246 1010 3300 tribus.
1046 3247 1378 3303 Admiranda
1411 3261 1530 3304 erat
1580 3261 1727 3305 tanta
1763 3255 1936 3309 turba;
1996 3271 2183 3325 perse-

2305 1921 2526 1992 ἱματίου
2593 1920 2783 1987 αὑτοῦ,
2839 1918 2980 1973 ἀλλὰ
3043 1920 3327 1991 ῥίπτονται
3402 1918 3568 1988 μόνον
3629 1916 3734 1986 πρὸ
3779 1915 3896 1968 τῶν

2302 2011 2486 2066 ποδῶν
2514 2011 2710 2077 αὑτοῦ,
2745 2012 2842 2064 καὶ
2872 2011 3218 2082 παραχρῆμα
3260 2008 3527 2081 θραπεύει
3555 2007 3771 2070 αὐτοὺς.
3794 2007 3898 2077 οὐχ

2298 2105 2372 2169 ὡς
2403 2105 2758 2175 πιστοτέρους
2791 2105 2892 2174 τῆς
2922 2105 3263 2168 Χαναναίας,
3318 2103 3436 2158 ἀλλ’
3459 2102 3535 2162 ὼς
3573 2101 3896 2163 Ἰουδαίους,

2300 2199 2637 2265 ἑμφράττων
2671 2199 2782 2248 τῶν
2814 2197 3132 2265 ἀχαρίστων
3204 2195 3480 2250 Ἰουδαίων
3515 2195 3586 2248 τὰ
3629 2196 3896 2262 στόματα,

2299 2290 2395 2340 καί
2422 2286 2739 2355 ἀποφαίνων
2769 2286 2965 2348 αὐτοὺς
2999 2285 3245 2354 μείζονος
3274 2283 3546 2354 τιμωρίας
3578 2283 3784 2346 ἀξίους.
3830 2280 3897 2334 ὐ

2299 2383 2411 2446 γάρ
2462 2380 2535 2448 ἁχ
2547 2379 2789 2449 ἀριστος,
2816 2379 2943 2430 ὅσον
2972 2378 3344 2447 εύεργετείται
3378 2377 3587 2446 μεῖζον,
3639 2374 3899 2428 τοσοῦτον

2296 2471 2512 2538 γίνεται
2553 2469 2763 2540 μείζονι
2803 2469 3025 2522 κολάσει
3059 2465 3387 2530 ὑπεύθυνος.

2371 2563 2554 2618 Ὥστε
2610 2591 2682 2602 -
2720 2561 3095 2626 βλέποντας.
3170 2558 3518 2630 Ἐθαύμαζον
3572 2558 3663 2613 διά
3715 2574 3772 2611 τε
3829 2559 3899 2609 τὺ

2295 2655 2500 2725 πλῆθος
2536 2654 2645 2706 τῶν
2703 2653 3190 2725 θεραπευομένων,
3223 2653 3320 2707 καὶ
3365 2653 3454 2705 διὰ
3479 2652 3543 2705 τὸ
3589 2653 3754 2722 ταχος
3787 2651 3894 2718 τῆς

2306 2747 2632 2819 θεραπείας.

2365 2839 2477 2892 Καί
2507 2866 2575 2878 --
2615 2836 2876 2905 Ἰσραήλ.
2915 2838 3021 2890 Τὸν
3051 2837 3185 2890 Θεὸν
3222 2837 3298 2907 (3)
3335 2835 3575 2907 Ἰσραὴλ,
3617 2834 3894 2900 τουτέστι,

2292 2926 2386 2980 τὸν
2411 2926 2724 2997 τιμώμενον
2752 2928 2859 2980 ὑπὸ
2887 2928 2998 2981 τῶν
3047 2928 3419 2998 Ἰσραηλιτῶν.

2576 3043 2736 3096 ΚΕΦ.
2764 3042 2890 3096 AA'.
2909 3041 3049 3110 Περί
3069 3040 3186 3094 τῶν
3208 3042 3358 3094 ἑπτὰ
3389 3041 3604 3110 ἀρτων.

2373 3155 2439 3210 '0
2451 3186 2517 3198 ——
2531 3157 2826 3225 φάγωσιν.
2844 3144 3075 3224 Ἡμέραι
3100 3155 3176 3225 (4)
3196 3158 3365 3225 τρεῖς,
3387 3156 3506 3207 ἀντὶ
3516 3155 3632 3221 τοῦ,
3653 3155 3895 3226 ἡμέραις

2285 3251 2458 3321 τρισί.
2494 3250 2798 3318 Θαυμαστὴ
2827 3249 2883 3300 δὲ
2920 3250 2954 3318 ἡ
2986 3247 3227 3317 τοσαύτη
3275 3247 3368 3300 τοῦ
3409 3248 3570 3316 ὄχλου
3597 3251 3890 3318 καρτερία.

588 3337 850 3388 verautia.
886 3338 1066 3401 Quare
1095 3349 1279 3393 autem
1313 3350 1495 3396 tacent
1529 3343 1808 3413 discipuli,
1849 3361 1952 3401 nec
1995 3347 2184 3403 dicunt

2294 3343 2437 3396 Διατί
2465 3341 2523 3394 δὲ
2567 3343 2793 3410 σιγῶσιν
2824 3341 2874 3392 οἱ
2914 3339 3178 3410 μαθηταὶ,
3223 3340 3316 3391 καὶ
3346 3339 3468 3408 οὐχ,
3497 3339 3574 3398 ὡς
3600 3340 3890 3408 πρότερον,

587 3433 640 3476 ut
681 3425 850 3491 prius.
890 3425 1108 3479 Dimitte
1137 3430 1343 3491 turbas,
1407 3430 1570 3499 idque
1634 3434 1810 3488 tribus
1837 3435 1948 3504 jam
1981 3437 2184 3504 elapsis

2294 3437 2552 3504 λέγουσιν’
2597 3435 2892 3488 Ἀπόλυσον
2925 3437 3016 3486 τὸν
3043 3433 3326 3503 ὄχλονριαὶ
3347 3431 3520 3485 ταῦτα
3549 3432 3719 3502 τριῶν
3747 3449 3821 3484 πα
3833 3448 3894 3502 ρ-

586 3514 820 3568 diebus?
856 3517 993 3580 Quia
1053 3519 1312 3574 videbant
1343 3521 1463 3575 illos
1500 3535 1916 3590 perseverantes
1949 3542 2013 3580 ac
2061 3543 2188 3597 gau-

587 3597 780 3651 dentes
820 3615 986 3668 super
1038 3604 1362 3660 sanitatibus
1425 3605 1790 3674 inﬁrmorum,
1847 3626 1947 3665 nec
1982 3610 2183 3667 famem

586 3693 802 3759 penitus
823 3695 1146 3747 sentientes.

656 3779 924 3836 Fortassis
973 3793 1156 3838 autem
1189 3794 1244 3838 et
1289 3786 1358 3840 ad
1397 3789 1616 3843 tertium
1652 3807 1820 3861 usque
1852 3795 1995 3849 diem
2031 3811 2188 3852 escas

584 3871 891 3926 detulerant
922 3896 936 3926 ;
978 3875 1100 3929 ideo
1132 3886 1262 3932 tunc
1311 3879 1530 3935 demum
1559 3884 1623 3936 ad
1676 3886 2000 3941 miraculum
2032 3905 2187 3944 acce-

583 3963 682 4029 dit,
723 3969 940 4035 quando
981 3969 1034 4023 in
1075 3972 1321 4026 ciborum
1375 3975 1671 4045 indigentia
1713 3984 1994 4036 conStituti
2035 3994 2183 4038 sunt.

583 4059 764 4122 Quare
789 4069 970 4113 autem
1006 4079 1223 4117 rursum
1275 4067 1399 4120 illus
1428 4067 1481 4119 in
1538 4070 1760 4123 deserto
1823 4076 2021 4140 pascit?
2071 4075 2187 4131 Uti—

584 4164 688 4217 que
718 4165 786 4203 ne
816 4150 869 4204 in
920 4152 1002 4204 via
1057 4154 1378 4221 deﬁcerent,
1430 4160 1572 4212 sicut
1612 4162 1728 4229 ipse
1782 4177 2186 4234 consequenter

586 4242 741 4308 dicit,
808 4254 968 4300 etut
1036 4249 1386 4306 conﬁrmaret
1463 4253 1684 4324 signum
1761 4262 2185 4327 praecedentium

586 4334 829 4401 quinque
862 4351 1101 4402 panum;
1137 4340 1374 4408 undique
1415 4343 1558 4395 enim
1590 4344 1927 4418 divulgatum
1960 4360 2096 4416 erat,
2130 4360 2189 4406 ut

585 4426 730 4491 quod
768 4425 981 4492 publice
1014 4430 1214 4482 factum
1253 4431 1455 4487 fuerat.

2289 3529 2556 3581 ελθουσῶν
2603 3526 2860 3598 ἡμερῶν;
2902 3526 3048 3579 Διότι
3098 3525 3324 3578 ἔϐλεπον
3379 3526 3505 3586 τοὺς
3547 3540 3889 3594 προσκαρτε-

2293 3621 2523 3692 ροῦντας
2567 3622 2852 3690 χαίροντας
2881 3620 2976 3672 ἐπὶ
3015 3622 3132 3682 ταῖς
3164 3619 3512 3690 ἁναρῤὡσεσι
3560 3618 3668 3669 τῶν
3727 3617 3887 3670 6.60a-

2290 3713 2548 3776 νούντων,
2590 3713 2683 3764 καὶ
2713 3713 2821 3764 οὐδ’
2853 3711 2991 3774 ὅλως
3022 3710 3448 3779 αίσθανομένους
3475 3709 3661 3781 λιμονῖρ.

2365 3805 2526 3864 Ἴσως
2567 3802 2623 3855 δὲ
2647 3806 2737 3854 καί
2771 3801 2935 3871 μέχρι
2965 3801 3063 3870 τῆς
3099 3800 3287 3871 τρίτης
3318 3802 3529 3872 ἡμέρας
3563 3803 3712 3872 εἶχον
3761 3803 3892 3872 ἑφό-

2289 3894 2402 3948 δια.
2440 3895 2531 3945 Διὸ
2572 3895 2666 3946 καὶ
2704 3894 2828 3947 τότε
2851 3894 3043 3948 λοιπὸν
3090 3897 3182 3948 ἐπὶ
3206 3895 3266 3948 τὺ
3298 3897 3485 3965 θαῦμα
3508 3896 3762 3968 ἔρχεται,
3793 3901 3882 3951 ὅτε

2291 3988 2644 4054 κατέστησαν
2675 3989 2733 4038 ὲν
2768 3986 2928 4056 χρείᾳ
2962 3988 3192 4057 τροφῆς.
3230 3988 3387 4050 Τίνος
3417 3989 3474 4040 δὲ
3497 3989 3689 4041 ἕνεκεν
3716 3991 3884 4043 πάλιν

2291 4079 2491 4140 αὐτοὺς
2523 4081 2580 4130 ὲν
2617 4079 2813 4148 ἐρήμῳ
2853 4079 3045 4148 τρέφει
3081 4095 3094 4143 ;
3131 4079 3378 4145 Πάντως,
3410 4081 3496 4132 ἶνα
3532 4080 3610 4151 μὴ
3639 4081 3888 4133 ἐκλυθῶ-

2295 4191 2380 4226 σιν
2432 4177 2490 4226 ὲν
2543 4178 2609 4245 τῇ
2673 4174 2799 4244 ὁδῷ,
2828 4175 3012 4238 καθὼς
3042 4177 3207 4240 αὐτὸς
3241 4174 3365 4229 εἷπε
3396 4176 3625 4245 προῖὼν,
3661 4181 3758 4230 καί
3797 4178 3888 4230 ἵνα

2295 4263 2573 4336 βεϐαιώσῃ
2600 4264 2662 4316 τὸ
2691 4268 2919 4333 σημεῖον
2945 4266 3053 4317 τῶν
3081 4268 3469 4337 προλαϐόντων
3489 4269 3650 4320 πέντε
3673 4270 3883 4338 ἄρτων·

2292 4355 2713 4426 διατεθρύλλητο
2748 4357 2858 4427 γὰρ
2919 4357 3072 4426 παρὰ
3134 4360 3322 4424 πᾶσιν,
3378 4360 3452 4423 ὡς
3500 4361 3576 4429 (5)
3613 4378 3887 4430 και-ιοφαο

2291 4451 2401 4512 νὲς.
2441 4447 2518 4519 (ﬁ)

656 4513 808 4569 Vers.
849 4517 940 4570 52.
977 4519 1040 4571 Et
1075 4551 1140 4560 ——
1193 4525 1298 4577 cia.
1361 4525 1578 4584 Marcus
1645 4542 1826 4586 autem
1890 4535 2106 4591 addidit
2153 4555 2167 4593 :

2351 4513 2460 4594 Kal
2491 4513 2562 4579 :—
2594 4537 2734 4604 ὀδῷ.
2769 4541 2826 4592 ’0
2867 4539 2923 4593 δὲ
2946 4540 3174 4610 Μάρκος
3207 4542 3408 4612 προσέθ
3422 4559 3539 4612 ηκεο
3573 4545 3738 4611 Τινὲς
3763 4550 3881 4616 γὰρ

583 4606 808 4669 Quidam
861 4613 998 4664 enim
1045 4629 1224 4667 eorum
1288 4633 1314 4670 e
1375 4620 1660 4692 longinan
1715 4641 1986 4681 venerunt.
2045 4630 2179 4684 Vide

2294 4633 2346 4696 ἐξ
2377 4633 2454 4703 (7)
2486 4631 2687 4688 αὐτῶν
2714 4638 3020 4702 μακρόθεν
3047 4606 3353 4702 ἥκουσιν.
3390 4606 3533 4706 ’ὀρα
3568 4638 3624 4690 δὲ
3656 4606 3876 4692 Δεσῖιιὸἰ

582 4714 712 4765 ergo
748 4701 959 4758 Domini
995 4707 1416 4765 humanitatem.
1490 4713 1625 4767 Nam
1681 4718 1866 4773 sciens
1924 4734 2180 4776 naturam

585 4792 877 4848 humanam
926 4799 1049 4853 cibo
1092 4803 1359 4873 indigere,
1421 4808 1679 4875 providet
1741 4813 1791 4865 ei
1854 4815 2016 4868 etiam
2073 4831 2182 4870 non

585 4888 900 4954 requisitus,
932 4891 1230 4962 cibumque
1289 4898 1516 4965 praebet.
1557 4899 1940 4958 Communicat
2001 4913 2182 4960 autem

581 4975 890 5045 discipulis,
925 4991 980 5034 ut
1018 4986 1289 5040 recordati
1345 4989 1588 5045 miraculi
1646 4993 1886 5063 quinque
1950 5013 2174 5067 panum,

580 5066 808 5122 oﬁerant
838 5073 885 5124 ei
913 5089 1082 5142 panes
1116 5093 1252 5147 quos
1289 5081 1516 5146 habent,
1578 5093 1633 5139 et
1669 5086 1856 5140 dicant
1899 5105 1913 5142 :
1951 5066 2166 5146 iMulti-

697 5245 744 5275 "°
773 5245 937 5304 Marc.
967 5266 1086 5317 vni,
1119 5253 1173 5308 ὅ.

2278 4743 2371 4779 του
2428 4726 2873 4796 φιλανθρωπίαν.
2941 4729 3113 4792 Εἰδὼς
3193 4730 3305 4801 γὰρ
3366 4731 3466 4799 τὴν
3519 4731 3883 4803 ἀνθρωπίνην

2281 4816 2442 4886 φύσιν
2481 4816 2743 4887 δεομένην
2774 4820 3002 4889 τροφῆς,
3042 4822 3356 4890 προνοεῖται
3393 4821 3622 4892 ταύτης,
3652 4825 3747 4875 καὶ
3797 4825 3884 4894 μὴ

2282 4908 2553 4979 αἰτηθεὶς,
2594 4910 2829 4980 παρέχει
2880 4913 3113 4984 τροφήν.
3169 4915 3582 4981 Κοινολογεῖται
3624 4913 3680 4966 δὲ
3730 4918 3885 4985 πρὸς

2281 5004 2406 5063 τοὺς
2442 5000 2710 5072 μαθητὰς,
2737 5002 2826 5057 ἶνα
2854 5004 3296 5074 ἀναμνησθέντες
3326 5006 3420 5059 τοῦ
3453 5005 3730 5074 θαύματος
3757 5007 3882 5062 τῶν

2285 5092 2452 5146 πέντε
2505 5092 2714 5165 ἄρτων,
2781 5098 3229 5166 προσενέγκωσιν
3280 5100 3434 5172 αὑτῷ
3465 5101 3590 5163 τοὺς
3639 5100 3879 5172 ἄρτους,

1771 5331 1970 5394 Varia:
2027 5333 2332 5402 lectiones
2364 5347 2425 5402 et
2457 5347 2646 5406 notua.

655 5482 733 5552 ιδ)
770 5482 877 5535 Τοῦ
908 5485 1079 5540 addit.
1111 5487 1174 5542 A.

761 5554 854 5635 ἐμ)
875 5556 1079 5635 ἡμέραι
1109 5559 1386 5635 adeptam
1415 5565 1674 5620 omiserat
1704 5567 2028 5627 llentenius.

652 5624 1063 5707 (Bj‘llcntenius
1097 5624 1356 5707 reddidit,
1391 5649 1454 5688 ac
1479 5636 1523 5689 si
1573 5643 1864 5706 repererit,
1909 5624 2166 5707 aciem”-

579 5693 820 5775 νέςλ
862 5696 1473 5775 retiitendum_videtur,
1503 5693 1852 5775 καινόφανέςξ

673 5763 729 5831 6)
755 5762 852 5819 Hic
875 5767 1162 5822 addiderat
1187 5762 1491 5830 Hentcnius
1515 5762 1784 5834 scholium
1811 5762 2162 5854 allegoricum

2269 5509 2414 5590 quod
2450 5509 2504 5564 in
2538 5511 2868 5593 meispaulo
2895 5514 3129 5572 inferius
3154 5517 3354 5590 legitur
3386 5519 3456 5575 ad
3503 5535 3725 5579 versum
3763 5528 3876 5584 tri-

2271 5594 2534 5634 cesnmum
2579 5592 2821 5639 tertium.

2466 5651 2894 5741 :liﬁriiifra‘apud
2927 5656 3165 5740 blarcum
3192 5659 3245 5716 in
3271 5671 3530 5720 contextu
3555 5681 3668 5722 non
3696 5683 3874 5741 agno-

2270 5730 2432 5776 scunt
2460 5725 2678 5779 codices
2701 5726 3001 5797 Eutliymii.
