4096 6406
229 396 333 459 157

1109 397 1501 458 COMMENT.
1547 397 1626 455 lN
1670 394 2146 454 MATTll/EUM.
2192 419 2253 428 -
2295 394 2456 453 CAP.
2501 395 2624 456 XV.

3395 394 3500 457 458

231 507 322 572 οὓς
350 508 554 577 ἔχουσι,
585 505 676 558 καὶ
721 505 972 568 εἴπωσιν,
999 507 1080 561 ὅτι
1108 508 1386 577 Πλήθυνον
1416 509 1508 559 καὶ
1557 507 1802 569 τούτους.

1920 504 2047 573 plica
2101 504 2259 558 etiam
2303 503 2420 564 bos.
2453 504 2546 558 sed
2580 520 2690 558 non
2728 504 3117 560 intellexerunt
3153 505 3226 560 illi
3279 521 3497 564 causam

228 599 347 652 ἀλλ’
374 601 434 650 ού
471 599 710 665 συνῆκαν
737 602 934 652 ἐκεῖνοι
959 601 1055 670 τῆν
1086 601 1272 653 αίτίαν
1301 600 1404 668 τῆς
1452 601 1804 670 ἐρωτήσεως

228 692 307 746 διδ
341 694 437 744 καὶ
470 690 627 743 nam
662 694 729 743 τὰ
761 692 859 760 τῆς
885 693 1117 762 ἀπορίας
1172 693 1588 764 προδάλλονται.

299 780 409 835 Καὶ
447 810 516 822 σ-
556 781 904 846 τοσοῦτον;
952 781 1225 852 ξ’Ἑρημία
1260 784 1334 851 (8)
1370 783 1588 852 νοηθείη
1647 781 1712 835 ἂν
1776 783 1810 852 ἠ

230 873 391 941 φύσις
417 873 526 925 τῶν
556 872 880 943 ἀνθρώπων,
910 873 941 941 ἢ
967 876 995 926 ὁ
1027 876 1229 943 κόσμος
1257 869 1434 940 οὗτος,
1472 877 1528 928 ὲν
1556 869 1601 942 ᾧ
1643 890 1810 944 προσ·

232 963 458 1033 μὲνουσι
498 965 575 1032 τῷ
629 964 772 1034 λόγῳ
814 965 913 1033 τῆς
972 967 1174 1037 ἀρετῆς
1215 967 1311 1019 καὶ
1348 966 1602 1032 γνώσεως
1636 968 1684 1019 oi
1722 965 1812 1018 διὰ

230 1053 329 1122 τὴν
381 1054 570 1106 πίστιν
598 1056 692 1106 καὶ
721 1055 818 1125 τὴν
853 1056 1048 1108 ἐλπίδα
1076 1056 1186 1109 τῶν
1224 1057 1530 1126 μελλόντων
1590 1055 1811 1123 ἀγαθῶν

229 1144 702 1208 κακοπαθοῦντες.
775 1145 1012 1216 Ἡμέραι
1063 1147 1120 1200 δὲ
1183 1151 1333 1218 τρεῖς
1372 1147 1428 1200 αί
1481 1149 1580 1218 τῆς
1633 1148 1814 1218 ψυχῆς

226 1240 378 1306 τρεῖς
403 1237 682 1306 δυνάμεις,
713 1237 834 1293 καθ’
859 1239 925 1302 ἃς
957 1239 1380 1311 προσμένουσιν·
1418 1240 1494 1310 τῷ
1517 1242 1616 1310 μὲν
1646 1240 1812 1309 λόγῳ,

229 1329 547 1397 ζητοῦντες,
586 1332 652 1399 τῇ
687 1331 959 1400 ἐπιθυμίᾳ
984 1332 1061 1398 δὲ,
1094 1331 1390 1396 ποθοῦντες
1433 1333 1494 1384 τὸ
1541 1331 1814 1402 ζητούμε-

227 1441 346 1486 νον,
370 1421 447 1492 τῷ
471 1422 628 1492 θυμῷ
651 1423 732 1486 δὲ,
760 1423 1300 1494 ύπεραγωνιζόμενοι
1331 1424 1425 1478 τοῦ
1451 1425 1813 1494 ποθουμένου.

227 1514 302 1566 “ii
344 1515 395 1566 οἱ
449 1517 597 1584 τρεῖς
640 1513 992 1585 γενικώτεροι
1015 1515 1189 1584 νόμοι,
1208 1517 1235 1568 ὁ
1261 1515 1511 1582 φυσικὸς,
1537 1517 1564 1567 ό
1592 1515 1813 1567 Μωσαῐο

228 1607 350 1667 κὸς,
378 1606 407 1657 ό
436 1605 816 1672 εύαγγελικδς,
877 1605 1208 1674 φωτίζοντες
1247 1607 1407 1676 δίκην
1443 1608 1679 1676 ἡμέρας.
1719 1607 1816 1660 καὶ

227 1694 368 1762 πρὸς
408 1694 678 1765 ἐργασίαν
739 1695 834 1748 τοῦ
893 1697 1267 1766 συμφέροντος
1329 1696 1710 1766 ὁιεγείροντες.
1753 1696 1817 1748 Ol

225 1787 414 1840 τοίνυν
445 1790 540 1841 καὶ
595 1789 738 1842 κατὰ
775 1788 999 1852 τούτους
1034 1791 1164 1853 τοὺς
1193 1792 1343 1861 τρεῖς
1376 1791 1450 1861 (9)
1491 1788 1684 1857 λόγους
1729 1786 1809 1858 τῷ

226 1876 350 1946 Θεῷ
407 1877 568 1949 Λόγῳ
604 1881 1062 1950 προσμείναντες,
1096 1883 1192 1934 καὶ
1230 1878 1358 1944 τοὺς
1397 1881 1539 1951 ύπιρ
1573 1879 1808 1934 ικάστου

228 1969 431 2033 πόνους
493 1969 798 2039 προθύμως
841 1973 1264 2037 ὑπομείναντες,
1321 1975 1424 2026 οὐκ
1481 1973 1814 2025 ἀπολύονται

229 2061 472 2128 νήστεις,
506 2061 648 2113 ἀλλὰ
693 2062 945 2131 δέχονται
990 2064 1202 2133 τροφὴν
1246 2062 1445 2133 δαψιλῆ
1497 2065 1591 2116 καὶ
1639 2063 1810 2115 θείανο

226 2151 374 2222 ὑπὲρ
415 2153 516 2222 μὲν
571 2152 669 2204 τοῦ
724 2152 956 2221 φυσικοῦ
1007 2154 1120 2224 (10)
1154 2155 1325 2224 νόμου
1387 2157 1484 2223 τὴν
1517 2156 1816 2208 ἄπταιστον

227 2242 340 2295 τῶν
377 2243 521 2296 κατὰ
571 2241 736 2310 φύσιν
784 2245 1092 2314 ἐνέργειαν,
1128 2245 1270 2316 ὑπὲρ
1315 2245 1373 2298 δὲ
1421 2244 1516 2298 τοῦ
1567 2245 1816 2312 γραπτοῦ

225 2333 332 2403 τῆν
357 2335 754 2405 ἀνενεργησίαν
788 2335 898 2388 τῶν
939 2341 1087 2406 παρά
1135 2337 1302 2406 φύσιν
1349 2337 1562 2402 παθῶν,
1592 2339 1733 2408 ὑπὲρ
1760 2338 1818 2390 δὲ

223 2426 325 2476 τοῦ
383 2425 746 2494 εύαγγελικοῦ
784 2427 882 2497 τὴν
916 2427 1054 2498 πρὸς
1085 2428 1249 2480 αὑτὸν
1299 2430 1391 2480 τὸν
1436 2429 1570 2481 Θεὸν
1617 2429 1816 2480 ῑνωσιν

227 2515 327 2566 καὶ
370 2512 613 2585 illucue]

305 2780 417 2834 Kal.
452 2780 739 2851 πρότερον,
773 2779 868 2834 καὶ
916 2779 1170 2848 ὕστερον,
1231 2777 1291 2829 ὲν
1341 2775 1574 2850 ἐρημίᾳ,
1629 2777 1820 2847 πόρρω

229 2873 448 2926 πόλεων
482 2873 576 2924 καὶ
625 2871 852 2942 κωμῶν,
898 2870 961 2924 τὸ
1000 2868 1188 2940 θαῦμα
1232 2869 1390 2924 τοῦτο
1425 2873 1585 2935 ποιεί,
1617 2868 1705 2921 ἴνα
1743 2868 1819 2937 μὴ

225 2961 360 3034 δόξῃ
393 2963 506 3024 τοῖς
539 2961 718 3031 ὄχλοις
755 2962 822 3012 ἐκ
865 2957 1276 3028 πλησιαζούσης
1312 2957 1519 3019 πόλεως
1553 2958 1584 3027 ἢ
1619 2955 1818 3026 κώμης

225 3054 299 3106 τὰ
335 3054 602 3123 βρώματα
651 3053 1065 3122 μετακομίζειν.

307 3147 416 3198 Kal
451 3175 518 3184 —
549 3145 807 3212 ἰχθύδια.
843 3147 954 3198 Καὶ
983 3146 1075 3198 ἐπὶ
1100 3146 1210 3199 τῶν
1256 3145 1416 3198 πέντε
1448 3143 1631 3215 ἄρτων
1661 3140 1821 3194 τοῦτο
1845 3168 1890 3229 C

235 3236 548 3306 ἠρώτησεν,
577 3236 652 3298 ὡς
679 3234 834 3288 εἶπεν
878 3239 907 3290 ό
935 3237 1177 3300 Λουκᾶς.
1218 3237 1330 3308 (11)
1372 3239 1483 3290 Καὶ
1526 3236 1635 3288 οὐδ’
1675 3233 1820 3286 οὓτω

228 3330 495 3398 συνῆκαν·
527 3329 590 3380 σὺ
619 3328 697 3390 δὲ,
723 3330 771 3380 εί
800 3331 891 3380 καί
920 3329 1169 3392 κακίζεις
1195 3329 1295 3399 τὴν
1319 3329 1594 3396 τοσαύτην
1625 3325 1821 3395 πώρωο

227 3438 322 3473 σιν
373 3419 577 3483 αὐτῶν,
611 3421 716 3483 ὃτι,
754 3419 952 3489 νεαροῦ
979 3422 1130 3482 ὄντος
1165 3421 1248 3473 ἔτι
1271 3420 1366 3472 τοῦ
1400 3420 1820 3492 προφθάσαντος

226 3514 536 3583 θαύματος,
566 3511 710 3564 οὕτω
743 3510 857 3580 (ii)
892 3514 1104 3582 ταχέως
1129 3512 1480 3566 ἐπελάθοντοο
1525 3511 1660 3562 ἀλλὰ
1691 3509 1821 3562 θαύ-

231 3623 413 3678 μασον
461 3609 520 3658 τὸ
563 3606 862 3675 φιλάληθες
893 3606 1095 3669 αὐτῶν,
1123 3607 1240 3668 πὼς
1270 3608 1570 3675 γράφοντες
1598 3605 1658 3656 οὗ
1686 3605 1822 3673 κρύ-

229 3716 432 3752 πτουσι
463 3699 525 3751 τὸ
559 3700 758 3752 οἰκεῖον
802 3698 1077 3767 ἔγκλημα.
1133 3698 1416 3766 Ἐννόησον
1455 3699 1510 3749 δὲ
1549 3703 1640 3749 καὶ
1703 3697 1820 3760 πῶς

228 3792 521 3862 ἐκυρίευον
562 3791 664 3860 τῆς
690 3793 955 3861 γαστρός.
1011 3790 1100 3842 Ἐν
1143 3792 1351 3857 ἐρημία
1375 3793 1483 3860 γὰρ
1521 3790 1696 3851 ὄντες,
1727 3789 1820 3841 καὶ

225 3886 384 3953 τρεῖς
441 3885 655 3954 ἡμέρας
705 3883 1098 3953 διατρίϐοντες,
1157 3883 1296 3934 ἑπτὰ
1362 3883 1559 3952 μόνους
1618 3883 1820 3950 ἄρτους

226 3975 589 4042 ἐπεφέροντο.

306 4065 417 4118 Καὶ
449 4095 512 4104 —-
542 4064 1023 4133 ἐχορτάσθησαν.
1051 4066 1252 4134 Ὅμοια
1276 4068 1387 4128 τοῖς
1412 4067 1703 4138 προτέροις
1726 4068 1820 4120 καὶ

226 4156 511 4224 λέγεικαὶ
541 4161 710 4218 ποιεῖ,
743 4158 830 4210 ἴνα
882 4159 1224 4228 πανταχόθεν
1274 4159 1472 4221 αὐτοὺς
1526 4161 1818 4232 ἀναμνήσῃ

228 4252 328 4305 τοῦ
378 4251 647 4322 προτέρου
699 4251 1002 4321 θαύματος.

306 4341 417 4396 Kal
453 4371 520 4381 --
556 4342 831 4396 παιδίων.
874 4344 994 4406 Πῶς
1042 4343 1160 4395 ἐκεῖ
1205 4341 1306 4412 μὲν
1342 4341 1548 4395 δώδεκα
1604 4341 1814 4409 κόφινοι

229 4435 661 4504 ἐπερίσσευσαν,
681 4435 916 4488 ἐνταῦθα
934 4435 990 4487 δὲ
1013 4435 1268 4503 σπυρίδες
1291 4435 1429 4487 ἑπτὰ
1453 4433 1818 4487 δέονὲνταῦθα

231 4525 475 4594 μάλιστα
504 4525 686 4576 πλεῖον
721 4524 1102 4594 περισσεῦσαι,
1145 4525 1274 4578 ἔνθα
1323 4527 1414 4578 καὶ
1443 4525 1816 4592 πλείονεςΗῦ)

228 4618 280 4667 οἱ
325 4614 481 4684 ἄρτοι
519 4617 615 4668 καὶ
673 4615 959 4680 ἐλάττονες
998 4619 1046 4670 οί
1094 4617 1367 4680 ἐσθίοντες
1396 4634 1410 4682 ;
1443 4618 1612 4686 Φησὶν
1645 4618 1753 4683 (Li)
1789 4619 1817 4666 ὁ

229 4708 644 4777 Χρυσόστομνις,
671 4710 751 4761 ὅτι
777 4709 832 4761 αί
864 4710 1118 4777 σπυρίδες
1137 4711 1263 4770 ἴσως
1284 4709 1502 4777 μείζους
1529 4710 1634 4760 τῶν
1658 4709 1818 4776 κοφί-

229 4816 340 4850 νων
371 4794 579 4867 ἦσαν,ῆ
616 4803 709 4852 καὶ
758 4798 956 4868 ἑτέρω;
988 4799 1318 4869 ᾠκονομὴθη
1351 4801 1410 4851 τὸ
1432 4799 1699 4863 τοιοῦτον,
1727 4801 1816 4853 ἵνα

345 4949 388 4980 ⁷³
414 4948 579 5004 Marc.
603 4961 676 5010 vt,
710 4948 800 5000 53.

1915 593 2380 664 interrogationis;
2415 594 2536 648 ideo
2586 610 2776 649 rursus
2814 595 3169 665 indigentiam
3211 597 3500 666 Objiriunt.

1990 774 2146 829 Vers.
2199 775 2290 829 55.
2331 773 2396 828 Et
2433 806 2473 814 -
2533 785 2736 828 tantam
2775 777 2800 828 .’
2847 774 2887 844 -ξ-
2936 775 3218 829 Desertum
3277 775 3503 845 intelligi

1917 871 2095 932 potest
2129 861 2368 916 humana
2398 873 2615 925 natura,
2647 869 2742 914 aut
2777 861 3017 914 mundus
3072 861 3196 926 iste,
3287 862 3343 916 in
3395 878 3506 932 quo

1916 955 2122 1009 assidui
2156 963 2284 1008 sunt
2311 955 2377 1007 ad
2433 968 2743 1008 sermonem
2792 953 3010 1007 virtutis
3041 964 3097 1006 et
3147 953 3503 1022 cognitionis,

1915 1047 2007 1117 qui
2064 1056 2285 1116 propter
2347 1047 2505 1100 tidem
2539 1060 2602 1100 ac
2663 1059 2816 1114 spem
2882 1045 3188 1098 futurorum
3237 1045 3505 1098 bonorum

1917 1140 2055 1194 mala
2113 1140 2414 1208 patiuntur.
2474 1137 2610 1193 Tres
2669 1147 2852 1190 autem
2907 1138 3047 1197 dies.
3126 1147 3236 1190 tres
3311 1138 3507 1191 anima:

1917 1235 2176 1304 potentia:
2211 1249 2306 1303 per
2345 1249 2481 1302 quas
2546 1231 2750 1286 assidui
2811 1239 2940 1284 sunt
2973 1249 2986 1284 :
3020 1245 3117 1300 per
3183 1231 3506 1283 rationalem

1919 1323 2143 1393 quidem
2215 1325 2579 1392 inquirentes,
2636 1338 2735 1392 per
2793 1321 3283 1390 concupiscibilem
3327 1335 3506 1385 .vero,

1919 1416 2064 1484 quod
2113 1416 2404 1484 quaesitum
2459 1424 2544 1468 est
2607 1413 3014 1476 desiderantes,
3048 1427 3146 1482 per
3173 1412 3507 1468 irascibiiem

1924 1507 1995 1577 (υ)
2032 1515 2214 1560 autem
2274 1522 2374 1575 pro
2422 1521 2488 1560 eo
2554 1504 2697 1575 quod
2750 1507 3106 1576 concupitum
3177 1513 3262 1559 est
3315 1505 3510 1560 decerc

1922 1608 2122 1653 tantes.
2179 1603 2288 1653 Aut
2323 1607 2432 1652 tres
2463 1598 2580 1653 dies
2610 1607 2740 1651 sunt
2767 1608 2876 1652 tres
2905 1597 3052 1669 leges
3088 1599 3465 1668 generaliores
3491 1615 3506 1652 :

1921 1689 2210 1750 naturalis.
2265 1691 2466 1759 scripta
2519 1700 2576 1744 et
2618 1690 2960 1760 evangelica,
3023 1690 3090 1744 ad
3141 1693 3362 1745 modum
3400 1689 3508 1745 diei

1923 1780 2322 1842 illuminantes,
2355 1787 2412 1834 et
2458 1781 2529 1834 ad
2558 1781 2677 1849 ejus
2705 1781 2850 1849 quod
2881 1782 3104 1850 expedit
3130 1782 3510 1851 operationem

1916 1872 2242 1928 excitantes.
2269 1871 2373 1938 Qui
2399 1887 2532 1942 ergo
2559 1872 2863 1927 secundum
2896 1873 3000 1928 hos
3029 1873 3192 1928 etiam
3225 1883 3338 1928 tres
3367 1873 3508 1938 dies,

1919 1965 1986 2019 ad
2027 1963 2120 2018 Dei
2154 1978 2466 2018 sermonem
2523 1973 2897 2033 perseverant,
2945 1974 3002 2018 et
3051 1981 3153 2036 pro
3181 1980 3512 2035 unoquoque

1918 2059 2134 2113 labores
2175 2067 2432 2128 prompto
2485 2057 2764 2111 sustinent
2796 2055 3003 2119 animo,
3050 2071 3398 2126 nequaquam
3424 2057 3512 2126 je-

1911 2152 2031 2222 juni
2071 2153 2478 2222 relinquuntur,
2531 2150 2628 2205 sed
2684 2149 2995 2217 suscipiunt
3041 2149 3394 2217 splendidum
3446 2164 3513 2204 ac

1919 2245 2164 2298 divinum
2202 2244 2386 2298 cibum
2421 2262 2432 2296 :
2480 2256 2581 2312 pro
2616 2241 2851 2294 naturali
2889 2241 3110 2308 quidem
3149 2241 3287 2310 lege,
3328 2255 3513 2309 prom-

1922 2338 2225 2406 ptissimam
2253 2334 2549 2389 eflicaciam
2585 2348 2775 2388 eorum
2806 2348 2927 2401 qua:
2963 2331 3197 2384 naturali
3249 2331 3512 2386 instinctu

1921 2425 2058 2478 eﬂici
2117 2435 2396 2494 possunt:
2430 2439 2530 2493 pro
2584 2425 2786 2492 scripta
2855 2437 3006 2486 vero,
3059 2438 3130 2476 ne
3193 2421 3513 2478 aﬂectiones

1919 2531 2043 2583 quae
2096 2523 2294 2584 prauer
2353 2525 2606 2568 naturam
2665 2515 2959 2584 insurgunt
3005 2521 3361 2583 sequantur:
3415 2528 3512 2584 pro

1918 2607 2243 2676 evangelica
2300 2615 2510 2673 autem,
2560 2605 2820 2660 unionem
2871 2606 2941 2660 ad
2997 2605 3166 2659 Dcum
3231 2622 3294 2661 ac
3357 2605 3510 2662 deifi-

1920 2700 2219 2752 rationem.

1997 2791 2063 2843 Et
2093 2789 2245 2859 prius
2271 2799 2327 2844 et
2367 2798 2557 2858 postea
2587 2773 2643 2843 in
2671 2788 2892 2844 deserto
2915 2789 3036 2845 loco
3060 2789 3220 2862 longe
3242 2807 3274 2846 a
3308 2793 3502 2846 civita-

1927 2881 2074 2934 tibus
2099 2895 2164 2934 ac
2203 2880 2339 2934 vicis
2359 2880 2464 2934 hoc
2494 2881 2625 2934 facit
2645 2880 2998 2945 miraculum,
3024 2896 3093 2934 ne
3130 2882 3305 2936 turbis
3331 2883 3512 2938 videa-

1926 2984 2015 3027 tur
2058 2989 2086 3026 a
2128 2973 2430 3042 propinqua
2471 2973 2690 3027 civitate
2729 2988 2792 3026 ac
2825 2977 2948 3026 vico
2988 2975 3140 3027 cibos
3177 2974 3408 3027 deferre.

2007 3153 2160 3208 Vers.
2204 3156 2292 3208 54.
2336 3153 2403 3206 Et
2433 3183 2504 3194 --
2532 3153 2832 3221 pisciculos.
2887 3152 2946 3205 in
3004 3153 3249 3221 quinque
3286 3153 3513 3220 panibus

1927 3248 2030 3300 hoc
2056 3247 2216 3301 etiam
2260 3247 2642 3317 interrogavit,
2692 3250 2834 3300 sicut
2863 3246 3001 3300 dixit
3035 3247 3250 3300 Marcus
3279 3247 3349 3312 '“,
3375 3257 3512 3301 etne

1926 3341 2005 3392 sic
2035 3340 2255 3407 quidem
2286 3340 2697 3393 intellexerunt.
2745 3339 2950 3404 Quodsi
2979 3349 3141 3392 tanta:
3175 3355 3366 3393 eorum
3408 3355 3512 3392 ca:-

1923 3434 2072 3487 citati
2127 3433 2446 3502 indignaris,
2487 3433 2631 3500 quod
2673 3448 2794 3484 cum
2838 3433 2976 3486 adeo
3039 3447 3229 3484 recens
3293 3441 3512 3500 praeter-

1925 3526 2079 3580 iisset
2119 3525 2250 3578 illud
2297 3527 2640 3588 miraculum,
2688 3523 2823 3577 adeo
2853 3522 3118 3576 velociter
3157 3523 3312 3576 obliti
3339 3533 3512 3578 sunt:

1927 3618 2197 3670 admirare
2259 3626 2441 3668 tamen
2499 3615 2646 3683 quod
2711 3613 2998 3666 veritatem
3041 3613 3114 3666 ita
3186 3613 3398 3676 colant,
3454 3622 3512 3666 ut

1925 3712 2246 3768 scribentes.
2286 3723 2415 3760 suos
2455 3707 2616 3760 etiam
2673 3705 2924 3760 defectus
2983 3720 3089 3758 non
3145 3705 3510 3759 abscondant.

1927 3803 2161 3851 Aurerte
2231 3798 2395 3850 etiam
2473 3808 2738 3866 quantum
2818 3796 2995 3848 ventri
3057 3796 3510 3850 dominabantur.

1926 3891 2060 3940 Cum
2101 3888 2246 3940 enim
2289 3896 2473 3940 essent
2512 3886 2565 3938 in
2597 3886 2838 3948 deserto,
2898 3894 2955 3938 et
2997 3895 3108 3938 tres
3142 3887 3259 3938 dies
3318 3886 3512 3938 demo-

1927 3989 2204 4040 rarentur.
2239 3988 2450 4047 septem
2493 3987 2705 4032 tantum
2743 3992 2911 4046 panes
2951 3977 3272 4031 attulerant.

1999 4070 2153 4124 Vers.
2184 4069 2275 4123 55.
2307 4072 2375 4122 Et
2397 4098 2464 4110 —
2487 4068 2551 4123 γ.
2581 4068 2671 4120 57.
2701 4066 2949 4121 Saturati
2975 4076 3116 4119 sunt.
3139 4064 3345 4118 Similia
3365 4067 3512 4135 prio-

1925 4164 2075 4216 ribus
2126 4174 2180 4216 et
2213 4161 2365 4223 dicit,
2432 4170 2488 4214 et
2526 4161 2677 4222 facit,
2748 4167 2808 4213 ut
2863 4159 3014 4229 prius
3068 4158 3395 4212 miraculum
3448 4173 3512 4212 ex

1922 4255 2072 4308 omni
2102 4262 2253 4322 parte
2291 4253 2372 4306 eis
2402 4253 2470 4306 ad
2509 4251 2829 4305 memoriam
2855 4253 3109 4306 reducat.

2004 4344 2159 4398 Vers.
2197 4343 2290 4396 57.
2345 4342 2409 4395 Ει
2450 4374 2519 4384 -
2557 4341 2620 4394 ν.
2678 4342 2770 4396 58.
2812 4341 3038 4396 Pueros.
3091 4340 3378 4406 Quomodo
3439 4341 3513 4396 ibi

1856 4421 1897 4473 ο
1931 4436 2218 4490 duodecim
2260 4435 2482 4505 cophini
2524 4434 2933 4504 superfuerant.
2962 4435 3050 4488 hic
3078 4442 3262 4487 autem
3313 4444 3514 4502 sporta:

1932 4536 2167 4595 septem,
2204 4542 2329 4580 cum
2357 4534 2636 4594 oporteret
2666 4524 2753 4577 hic
2795 4525 2970 4592 magis
2998 4538 3290 4593 superesse
3321 4525 3345 4577 ?
3388 4524 3512 4577 Plu-

1932 4635 2018 4672 res
2045 4618 2194 4671 eniin
2221 4626 2380 4672 erant
2414 4617 2501 4671 hic
2525 4631 2714 4686 panes,
2751 4624 2806 4669 et
2834 4615 3125 4684 pauciores
3153 4616 3247 4684 qui
3282 4617 3513 4669 mandu-

1927 4719 2209 4763 iavcrant.
2274 4709 2414 4763 Dicit
2482 4710 2907 4779 Chrysostomus
2979 4719 3195 4777 sportas
3258 4707 3513 4777 cOphinis

1927 4803 2095 4856 fuisse
2154 4803 2386 4856 fortasse
2435 4803 2690 4870 majores.
2743 4799 2839 4855 Vel
2903 4801 3010 4854 alio
3079 4815 3298 4873 quoque
3326 4802 3509 4854 modo.

1431 5039 1630 5098 Varise
1675 5041 1980 5103 lectiones
2023 5048 2084 5103 et
2119 5049 2309 5104 notas.

304 5197 384 5263 (Β)
420 5195 629 5249 Inclusa
655 5194 707 5246 in
739 5194 978 5263 margine
1011 5194 1166 5246 habet
1195 5193 1314 5245 cod.
1357 5193 1413 5244 Β.

309 5269 386 5334 (υ)
424 5265 730 5318 llentenius
773 5268 991 5317 videtur
1022 5264 1216 5332 legisse
1255 5264 1489 5334 ἡμέρας.
1542 5263 1702 5318 Forte
1728 5263 1816 5314 v6-

233 5353 372 5405 μους
406 5337 715 5402 legendum.

307 5405 420 5470 (l0)
451 5407 562 5456 Hoc
581 5405 1247 5473 conﬁrmatconjecturam
1272 5406 1432 5456 modo
1452 5405 1808 5472 propositam.

306 5475 424 5542 (11)
452 5477 606 5543 Apud
648 5476 776 5529 Luc.
815 5493 886 5539 Ix,
928 5478 1009 5537 15,
1047 5474 1180 5529 nihil
1209 5475 1314 5527 tale
1346 5477 1634 5544 reperitur.
1667 5473 1813 5530 Scri-

309 5637 382 5706 (v)
425 5639 772 5691 lrascibilem.
813 5639 946 5693 Tres
976 5640 1140 5694 animi
1173 5640 1458 5694 facultates
1491 5651 1642 5696 notat
1677 5646 1728 5695 ιι.
1768 5643 1809 5694 1.

240 5710 294 5759 τὸ
353 5711 593 5774 λογικὸν,
644 5712 702 5762 τὸ
746 5713 1164 5778 ἐπιθυμητικὸν,
1204 5712 1263 5762 τὸ
1304 5713 1553 5780 θυμικόν.
1602 5715 1706 5765 Sed
1755 5715 1816 5763 τὸ

233 5780 470 5848 θυμικὸν
502 5781 662 5833 latius
698 5791 866 5847 patet,
908 5797 1068 5849 quam
1105 5794 1162 5833 ut
1195 5798 1302 5834 uno
1331 5785 1593 5837 vocabulo
1628 5784 1817 5834 irasci--

566 5880 833 5936 PATROI..
877 5879 994 5936 Gn.
1026 5879 1277 5942 CXXIX

1929 5195 2163 5248 bendum
2198 5211 2327 5266 ergo
2363 5212 2486 5250 eum
2527 5195 2798 5250 llenteuio
2837 5195 3080 5264 Μάρκος.

2000 5267 2110 5332 (12)
2153 5264 2338 5326 Οῦπὶυ,
2379 5268 2537 5319 male.
2566 5271 2628 5322 Λ.

2002 5337 2111 5396 (15)
2148 5337 2233 5394 ΟΞ,
2263 5336 2438 5388 abest.
2458 5335 2518 5388 Β.

1992 5405 2102 5475 (14)
2136 5405 2293 5458 Tom.
2334 5403 2447 5468 γη,
2482 5421 2604 5476 pag.
2646 5405 2769 5460 559.
2816 5409 2879 5459 ι).

1921 5642 2226 5768 ινὶισῶοιὶύί
2290 5642 2482 5710 possit.
2538 5639 2667 5694 \‘ide
2725 5640 2927 5694 scholia
2978 5641 3044 5694 ad
3105 5641 3296 5709 Syncs.
3362 5652 3395 5692 ι.
3463 5641 3500 5701 1,

1927 5734 1979 5768 ιν.
2077 5721 2126 5764 1.

1927 5734 1979 5783 ν,
2041 5721 2126 5768 91L

3118 5880 3186 5934 ib
