4086 6398
616 393 726 460 475

1841 393 2221 456 EUTlliMll
2256 392 2611 453 ZIGABENI

3776 388 3889 452 476

693 508 847 564 Vers.
875 510 974 564 26.
1002 513 1105 564 Aut
1154 538 1223 552 --
1256 527 1351 562 sua
1385 511 1410 565 2
1449 508 1506 565 Si
1546 509 1691 564 enim
1728 525 1907 579 neque
1956 510 2184 563 mundus

2369 510 2439 561 Ἠ
2462 508 2695 569 αὐτοῦς
2744 508 2805 560 El
2855 504 2965 576 γάρ
3011 506 3127 559 οὐδ’
3154 505 3202 573 ὀί
3232 504 3456 575 σύμπας
3516 505 3725 574 κόσμος
3758 506 3884 557 ἀντ-

616 608 771 657 totus
792 601 1228 671 correspondens
1257 608 1346 655 est
1372 601 1567 655 anima
1598 600 1870 665 rationali,
1894 601 2023 669 quid
2045 600 2197 654 dabit

616 691 889 762 quispiam
910 689 1352 747 commutationis
1371 702 1433 745 ut
1458 692 1595 744 banc
1624 690 1693 744 ab
1713 700 1917 745 πιοτηο
1931 690 2197 758 supplicio

618 782 856 852 eripiat?
896 780 1057 837 Certe
1084 781 1242 838 nihil.
1276 782 1541 836 Omnibus
1573 782 1751 851 itaque
1772 781 1996 840 relictis.
2034 781 2196 849 hujus

617 886 805 926 curam
878 871 1085 927 habere
1142 871 1312 940 solius
1360 880 1595 941 oportet,
1648 872 1804 941 cujus
1844 874 2055 939 jactura
2113 880 2197 925 est

616 963 853 1019 maxime
873 966 1139 1028 mortalis.
1166 975 1219 1020 et
1241 965 1314 1020 ob
1340 981 1503 1034 quam
1533 966 1797 1035 perditam
1828 966 1976 1019 nulla
2012 976 2193 1035 potest

615 1053 731 1109 dari
758 1056 1135 1109 commutatio.
1194 1054 1264 1111 Ut
1303 1065 1487 1110 autem
1515 1058 1727 1111 discant
1755 1058 1900 1125 quod
1933 1057 2195 1127 segnibus

614 1158 728 1198 non
757 1144 878 1198 sine
904 1144 1112 1201 ultione
1143 1146 1251 1199 erit
1279 1160 1375 1200 sua
1442 1146 1720 1216 segnities,
1750 1162 1927 1217 neque
1988 1148 2192 1203 sedulis

614 1232 841 1298 praemio
896 1232 1104 1286 carebit
1158 1247 1256 1287 sua
1280 1233 1561 1301 sedulitas,
1620 1243 1789 1304 utque
1840 1237 1914 1290 illi
1962 1237 2192 1307 amplius

613 1329 947 1389 terreantur,
980 1324 1034 1379 hi
1067 1342 1193 1382 vere
1227 1329 1486 1391 majorem
1545 1324 1818 1396 accipiant
1862 1330 2191 1384 consolatio-

612 1425 760 1477 nem,
792 1413 923 1469 dicit
955 1433 969 1469 :

686 1504 836 1561 Vers.
862 1506 956 1562 27.
988 1508 1038 1562 F
1041 1511 1164 1566 ilius
1208 1542 1279 1552 —
1315 1522 1559 1582 operatus
1607 1521 1706 1569 est.
1746 1512 1923 1570 Simul
1958 1515 2188 1571 demon-

608 1597 803 1651 stravit
832 1598 977 1667 quod
1002 1602 1465 1669 eamdemjbabeat
1492 1619 1615 1659 cum
1651 1605 1811 1660 Patre
1840 1606 2085 1676 gloriam.
2121 1605 2189 1660 In

610 1685 801 1754 gloria,
838 1689 1033 1759 inquit,
1054 1695 1225 1759 patris
1242 1695 1345 1747 sui.
1369 1695 1523 1759 Quod
1540 1695 1583 1750 si
1610 1695 1858 1750 eamdem
1889 1696 2050 1751 habet
2072 1697 2187 1766 glo—

606 1776 765 1838 riam,
797 1778 1045 1845 ejusdem
1072 1782 1261 1851 utique
1294 1785 1614 1839 substantiae.
1643 1796 1726 1841 est
1747 1796 1803 1841 et
1838 1790 2100 1857 potentiae
2119 1804 2184 1842 ac

606 1865 905 1924 divinitatis
947 1887 963 1927 :
994 1887 1224 1941 quorum
1257 1874 1403 1928 enim
1437 1875 1610 1945 gloria
1638 1854 1947 1943 esteadem,
1984 1878 2179 1934 borum
2221 1854 2258 1907 Β

604 1967 661 2013 et
696 1968 890 2016 catera
922 1978 1141 2033 quoque
1168 1967 1529 2022 sunteadem.

678 2048 928 2107 Vers.28.
958 2054 1251 2110 Amen—in
1274 2073 1432 2128 regno
1453 2076 1569 2114 suo.
1588 2060 1881 2130 Postquam
1906 2063 1973 2117 de
2002 2064 2183 2135 seipso

602 2140 759 2206 dixit,
787 2144 931 2213 quod
960 2144 1202 2201 futurum
1229 2158 1313 2204 est
1365 2159 1425 2205 ut
1470 2151 1653 2206 \eniat
1678 2154 1731 2209 in
1750 2154 1916 2221 gloria
1960 2171 2081 2211 cum
2100 2173 2187 2211 sa-

604 2232 801 2288 tellitio
846 2251 911 2291 ac
936 2237 1196 2293 comitatu
1224 2248 1277 2293 et
1305 2242 1677 2315 prmissione
1720 2246 2058 2312 angelorum,
2090 2265 2184 2302 co-

602 2324 755 2393 gnito
789 2325 934 2394 quod
957 2326 1208 2396 discipuli
1238 2329 1307 2384 de
1326 2330 1429 2385 hoc
1444 2347 1697 2387 seru-one
1721 2334 2029 2392 diﬂidcrent
2049 2354 2182 2392 con-

602 2414 779 2469 tirmat
807 2415 978 2480 illum,
1009 2419 1351 2487 praemittens
1382 2422 1665 2491 (cc),quod
1692 2439 1803 2478 non
1842 2426 2012 2480 multo
2033 2438 2157 2497 post

600 2503 819 2572 quidam
851 2520 912 2561 se
942 2508 1114 2563 visuri
1172 2520 1359 2565 essent
1396 2512 1451 2565 in
1483 2513 1653 2583 gloria
1684 2531 1699 2578 ;
1738 2515 1878 2570 banc
1910 2518 2057 2571 enim
2098 2534 2184 2574 re-

599 2610 765 2665 gnum
781 2612 928 2652 nunc
944 2600 1178 2655 vocavit.
1204 2601 1752 2673 Signiﬁcabatautem
1778 2622 1889 2662 suae
1921 2608 2186 2664 transfor-

598 2686 857 2741 ntationls
890 2687 1262 2758 splendorem,
1295 2708 1457 2759 quem
1483 2706 1605 2763 post
1644 2697 1807 2751 breve
1840 2708 2055 2768 tempus
2082 2699 2181 2753 de-

596 2781 1004 2831 monstraturus
1035 2786 1154 2831 erat
1183 2776 1366 2843 Petro,
1391 2778 1592 2835 Iacobo
1614 2779 1883 2836 etJoanni
1910 2802 1924 2837 :
1958 2800 2082 2839 nam
2114 2786 2183 2839 de

598 2861 688 2916 his
706 2862 867 2917 dixit:
901 2861 1037 2918 Sunt
1064 2867 1285 2937 quidam
1305 2870 1389 2923 hic
1421 2880 1640 2926 stantes.
1699 2870 1947 2944 Regnum
1996 2886 2176 2930 autent

596 2966 758 3005 suum
789 2954 913 3008 sive
947 2954 1174 3027 gloriam
1211 2974 1394 3025 suam,
1433 2962 1782 3031 splendorem
1825 2965 1976 3019 illum
2002 2968 2178 3021 nomi-

595 3041 766 3105 navit,
787 3057 911 3097 cum
936 3061 1044 3115 quo
1069 3049 1417 3117 postmodum
1433 3050 1801 3107 descensurus
1821 3062 1925 3120 est,
1957 3058 2180 3125 quando

2302 600 2453 664 ἄξιός
2486 601 2603 653 ἐστι
2627 598 2807 668 ψυχῆς
2828 598 3077 667 λογικῆς,
3108 598 3162 651 τί
3184 597 3351 652 δώσει
3384 615 3471 661 τις
3502 595 3889 665 ἀντάλλαγμα,

2298 691 2440 745 ὥστε
2481 690 2685 759 ταύτην
2716 688 2994 754 ἐξελέσθαι
3018 690 3117 759 τῆς
3146 690 3367 744 αίωνίου
3389 689 3704 753 κολάσεωςς
3752 690 3888 741 'Ov-

2296 799 2406 844 τως
2440 781 2613 835 οὐδέν.
2643 782 2847 835 Λοιπὸν
2876 776 2973 833 οὖν
3007 780 3136 851 χρὴ,
3179 781 3396 835 πάντων
3425 782 3740 849 ἀφεμένους
3773 779 3891 831 τῶν

2296 874 2493 938 ἄλλων,
2547 866 2749 941 ταύτης
2808 870 3188 940 ὶπιμελεῖσθαι
3244 874 3433 940 μόνης,
3479 858 3565 942 Ιῆς
3617 873 3652 943 ἡ
3704 870 3892 939 ζημία

2298 964 2662 1033 καιριωτάτη,
2701 964 2797 1015 καὶ
2828 957 2898 1034 ἦς
2960 962 3329 1031 ἀπολομένης,
3387 963 3488 1014 οὐκ
3548 961 3663 1015 ἔστι
3696 961 3893 1013 δούναν

2294 1052 2672 1121 ἀντάλλαγμα.
2736 1053 2856 1106 ἰνα
2902 1051 2959 1105 δι
2992 1051 3244 1121 μάθοιεν,
3277 1051 3360 1104 ὅτι
3414 1049 3540 1102 οὔτε
3572 1054 3683 1114 τοῖς
3710 1050 3891 1120 ῥαθύ-

2297 1161 2421 1213 μοις
2445 1144 2794 1213 ἀτιμώρητον
2825 1143 2975 1196 ἔσται
3008 1142 3084 1218 ⁸τὸ
3115 1142 3385 1214 ῥᾴθυμον,
3417 1141 3537 1193 οὔτε
3569 1144 3678 1203 τοϊς
3709 1158 3892 1193 σπου-

2293 1233 2467 1298 δαίοις
2522 1235 2833 1303 ἀγέραστον
2861 1233 2922 1288 τὸ
2973 1232 3287 1297 σπουδαῖον,
3317 1232 3413 1286 καὶ
3467 1233 3555 1285 ίνα
3594 1232 3689 1283 ἐπὶ
3715 1231 3891 1284 πλέοκ

2291 1326 2493 1380 ἰκτῖνοι
2548 1328 2648 1398 μὶν
2704 1326 3017 1398 φοϐηθῶσιν
3046 1364 3062 1392 ,
3121 1318 3268 1379 οὗτοι
3312 1323 3369 1377 δὲ
3416 1322 3893 1395 παρηγορηθῶσι,

2292 1418 2429 1489 φησι
2453 1433 2468 1448 ·

2360 1508 2583 1565 Μέλλει
2618 1539 2688 1550 -
2732 1510 2882 1564 κατὰ
2905 1508 3019 1577 τὴν
3067 1506 3287 1578 πρᾶξιν
3312 1504 3519 1560 αὑτοῦ.
3569 1506 3720 1574 Ἀμα

2290 1600 2478 1670 ἐφηνε,
2538 1601 2633 1655 καὶ
2658 1602 2739 1655 ὅτι
2768 1602 2868 1669 τῆς
2892 1600 3062 1670 αὐτῆς
3082 1600 3159 1671 τῷ
3176 1599 3353 1669 Harp!
3379 1599 3536 1667 δόξης
3570 1596 3736 1651 ἐστίν.
3758 1598 3884 1650 Ἐν

2290 1685 2365 1754 τῇ
2392 1688 2543 1755 δόξῃ
2593 1691 2724 1759 γὰρ,
2748 1690 2905 1758 φησι,
2936 1688 3043 1743 τοῦ
3100 1687 3329 1755 Πατρός
3359 1684 3571 1740 αὑτοῦ.
3597 1685 3658 1737 El
3685 1684 3740 1737 δὲ
3776 1686 3892 1752 τῆς

2289 1776 2463 1847 αὐτῆς
2494 1778 2653 1847 δόξης
2707 1780 2847 1842 ἐστὶ,
2874 1777 2973 1846 τῆς
3003 1776 3179 1847 αὐτῆς
3218 1777 3328 1845 ἄρα
3361 1774 3456 1829 καὶ
3489 1773 3680 1835 οὐσίας
3724 1772 3887 1834 ἐστὶ,

2290 1869 2714 1937 καὶδυνάμεως,
2745 1868 2840 1921 καὶ
2875 1868 3153 1939 θεότητος.
3212 1861 3313 1920 Ὧν
3342 1866 3452 1937 γὰρ
3482 1864 3608 1929 δόξα
3639 1865 3674 1933 ἡ
3703 1862 3886 1933 αὖτῆι

2289 1957 2495 2010 τούτων
2526 1957 2634 2026 ἀρα
2665 1959 2759 2009 καὶ
2785 1958 2953 2011 τᾶλλα
2980 1958 3049 2011 τά
3074 1958 3235 2013 αὐτὰ.

2372 2048 2553 2116 Ἀμὴν
2573 2049 2713 2101 -ἐν
2737 2046 2810 2116 τῇ
2832 2050 3125 2115 ,ϐασιλεΙα
3155 2047 3363 2104 αὐτοῦ.
3396 2046 3580 2101 Εἰπὼν
3608 2047 3736 2118 περὶ
3759 2048 3891 2117 (3i)

2291 2138 2511 2202 ἑαυτοῦ,
2532 2138 2614 2192 ὅτι
2640 2138 2824 2208 μέλλει
2855 2138 3115 2209 ἔρχεσθαι
3142 2140 3200 2191 ὲν
3225 2138 3355 2211 δόξῃ
3380 2139 3519 2208 μετά
3545 2137 3892 2210 δορυφορίας

2292 2231 2386 2283 καὶ
2421 2233 2755 2301 προπομπῆς
2786 2231 2897 2283 τῶν
2925 2230 3305 2299 ἀγγέλων,καὶ
3344 2231 3506 2297 γνοὺς
3536 2231 3660 2291 τοὺς
3695 2231 3892 2299 μαθη-

2290 2322 2389 2384 τάς
2411 2321 2840 2385 δυσπιστοῦντας
2872 2320 2952 2393 τῷ
2978 2320 3207 2392 τοιούτῳ
3238 2321 3405 2391 λόγῳ,
3422 2321 3631 2391 βεϐαιοῖ
3660 2320 3889 2384 τοῦτον,

2292 2410 2721 2479 προττιθεὶς,ὂτι
2752 2412 2853 2465 οὐκ
2885 2413 2966 2475 είς
3000 2414 3223 2483 μακράν
3252 2429 3399 2475 τινες
3430 2413 3613 2467 αὐτῶν
3645 2414 3889 2483 ἆψονται

2287 2504 2389 2571 τὴν
2412 2502 2570 2567 δόξαν
2600 2500 2789 2555 αὑτοῦ.
2810 2501 3029 2573 Ταύτην
3060 2502 3168 2574 γὰρ
3190 2501 3286 2555 νῦν
3304 2501 3553 2573 ὠνόμασε
3573 2502 3889 2572 βασιλείαν.

2302 2592 2523 2663 Ἐδήλου
2575 2592 2631 2646 δὲ
2673 2594 2773 2664 τὴν
2829 2592 3196 2663 λαμπρότητα
3234 2594 3335 2664 τῆς
3390 2593 3889 2665 μεταμορφώσεως

2288 2684 2479 2751 αὑτοῦ,
2518 2685 2586 2753 ἢν
2644 2684 2783 2755 μετά
2840 2684 3033 2756 καιρὸν
3075 2684 3257 2752 ὀλίγον
3312 2684 3538 2754 ἔμελλεν
3590 2684 3891 2750 ὑποδεῖξαι

2289 2776 2505 2846 Πέτρῳ,
2524 2777 2618 2830 καὶ
2653 2774 2916 2846 Ἰακώϐῳ,
2961 2777 3056 2828 καὶ
3092 2775 3340 2847 Ἰωάννῃ.
3367 2776 3501 2845 Περὶ
3524 2775 3730 2829 τούτων
3763 2778 3888 2847 τάρ

3795 1506 3892 1556 ἔνο

2286 2862 2461 2929 εἶπεν,
2492 2868 2575 2920 ὅτι
2602 2867 2743 2919 Εἰσί
2768 2882 2922 2929 τινες
2960 2865 3077 2919 τῶν
3099 2859 3215 2919 ὦδε
3241 2866 3535 2920 ἑστώτων.
3577 2868 3889 2920 Βασιλείαν

2284 2957 2343 3011 δὲ
2395 2956 2585 3020 αὑτοῦ,
2643 2958 2834 3027 ἦγουν,
2880 2956 3062 3021 δόξαν,
3111 2956 3210 3027 τὴν
3258 2956 3621 3028 λαμπρότητα
3665 2958 3889 3031 ταύτην

2283 3047 2593 3119 ὠνόμασεν,
2625 3048 2701 3110 ὡς
2747 3042 2916 3101 οὖσαν
2966 3049 3305 3119 προμήνυμα
3367 3050 3463 3102 καὶ
3518 3049 3886 3121 παράδειγμα

593 3133 785 3188 reddet
816 3137 1105 3207 unicuique
1127 3140 1277 3209 juxta
1308 3141 1359 3195 id
1373 3142 1517 3212 quod
1538 3152 1906 3214 operatusest.
1934 3146 2179 3203 Venien-

2286 3139 2385 3207 τῆς
2418 3137 2807 3207 λαμπρότητος
2836 3140 3075 3207 ἐκείνης,
3113 3139 3234 3207 μεθ’
3265 3134 3333 3211 ἦς
3372 3139 3558 3209 μέλλει
3583 3140 3882 3193 κατελθεῖν

593 3234 702 3278 tum
728 3242 854 3283 vero
878 3230 1032 3293 dixit,
1061 3231 1167 3287 hoc
1199 3241 1284 3289 est
1303 3245 1679 3304 apparentem.

730 3425 882 3480 CAP.
913 3425 1155 3485 XXXIV.
1196 3430 1271 3486 De
1301 3436 1774 3504 tramformatione
1820 3439 2034 3496 Christi.

660 3515 816 3571 CAP.
842 3516 1009 3572 XVII.
1056 3520 1205 3575 Vers.
1231 3538 1267 3578 ι.
1302 3522 1368 3576 Et
1390 3536 1504 3588 post
1529 3556 1597 3568 —
1626 3528 1761 3593 eius.
1784 3530 1958 3587 Lucas
1996 3546 2176 3590 autem

590 3609 728 3664 dixit
761 3627 775 3665 :
814 3610 935 3666 Post
990 3625 1104 3669 octo
1126 3615 1172 3646 "
1196 3657 1213 3682 ,
1255 3633 1357 3673 nec
1387 3629 1567 3676 tamen
1602 3627 1910 3681 contrarius
1937 3637 2043 3682 cst.
2087 3628 2178 3683 Si-

590 3698 809 3767 quidem
863 3705 1248 3759 annumeravit
1282 3706 1369 3761 ille
1414 3716 1472 3763 et
1518 3710 1655 3765 duos
1687 3713 1804 3768 dies
1833 3716 1991 3782 alios,
2035 3719 2179 3775 hunc

590 3789 849 3845 videlicet
898 3807 1006 3862 quo
1035 3795 1291 3862 praedicta
1328 3798 1539 3855 locutus
1567 3810 1651 3857 est
1684 3803 1842 3861 Jesus
1871 3807 2174 3879 discipulis,

589 3886 645 3933 ct
673 3896 798 3936 eum
859 3898 969 3952 quo
1000 3885 1121 3941 illos
1150 3890 1444 3959 assumpsit
1476 3909 1490 3957 ;
1544 3892 1828 3952 Mattheus
1857 3914 1987 3954 vero
2025 3910 2179 3955 utro-

587 3986 695 4040 que
722 3975 1115 4042 praetermisso,
1140 3977 1350 4034 medios
1369 3987 1581 4035 tantum
1604 3987 1969 4042 enumeravit.
1999 3987 2178 4053 Quare

588 4067 774 4114 autem
805 4062 951 4116 solos
984 4064 1084 4119 hos
1120 4073 1230 4121 tres
1260 4070 1574 4139 assumpsit,
1606 4086 1716 4127 non
1754 4074 1915 4128 modo
1942 4085 2176 4143 tantum,

594 4149 689 4202 sed
737 4159 795 4205 et
844 4152 983 4206 alias
1027 4153 1390 4225 frequentius,
1439 4159 1581 4215 sicut
1614 4162 1665 4217 in
1698 4179 1989 4235 progressu
2022 4167 2178 4224 inve-

591 4239 853 4295 niemus?
909 4243 1045 4309 Quia
1110 4249 1324 4304 caeteris
1401 4251 1690 4321 discipulis
1766 4260 2177 4325 prestantiores

590 4338 747 4384 erant
781 4349 795 4386 :
822 4332 1017 4390 Petrus
1045 4338 1261 4405 quidem
1298 4355 1363 4394 eo
1392 4344 1535 4411 quod
1562 4344 1716 4399 valde
1743 4347 1996 4418 diligeret
2023 4364 2171 4413 eum,

588 4427 816 4488 propter
843 4421 965 4477 iidei
1000 4424 1303 4490 fervorem;
1335 4429 1572 4487 Joannes
1591 4437 1856 4505 veroquia
1880 4438 2172 4507 plurimum
2210 4482 2213 4483 ν

2206 3195 2252 3253 C
2284 3195 2533 3295 ὕστερον,
2565 3195 2654 3281 iit:
2698 3195 2981 3281 ’ἀποδῶτει
3009 3195 3262 3298 ἐκάστφ
3288 3195 3465 3283 ’ὶιᾶιτά
3516 3228 3616 3299 τὴν
3670 3230 3886 3301 πρᾶξιν

2279 3320 2468 3373 αὑτοῦ.
2507 3319 2873 3387 Ἐρχόμενον
2895 3317 2951 3369 δὲ
2984 3312 3306 3382 εἶπεν,ἀντὶ
3349 3318 3467 3385 τοῦ,
3515 3320 3882 3378 «βαινόμενον.

2281 3434 2439 3487 ΚΕΦ.
2471 3431 2589 3486 ΛΔ¹.
2612 3432 2748 3499 Περὶ
2770 3430 2880 3499 τῆς
2901 3432 3415 3501 μεταμορφώσεως
3446 3435 3551 3489 τοῦ
3582 3436 3878 3501 Χριστοῦ.

2387 3523 2496 3577 Kal
2527 3524 2649 3589 μεθ’
2678 3551 2748 3562 -
2769 3522 2980 3577 αὐτοῦ.
3000 3525 3215 3586 Λουκᾶς
3238 3524 3295 3577 δὲ
3313 3526 3473 3579 Μετὰ
3506 3526 3661 3580 όκτὼ
3685 3544 3889 3599 φησιν,

2280 3615 2380 3667 οὐκ
2426 3613 2836 3680 ὲναντιολογῶν.
2862 3608 3031 3678 Οὗτος
3073 3616 3174 3684 μὲν
3204 3616 3314 3685 γὰρ
3350 3618 3728 3689 συνηρίθμηστ
3777 3623 3884 3673 καὶ

2281 3706 2453 3769 αὐτὰς
2492 3706 2589 3768 ea;
2628 3708 2863 3776 ἡμέρας,
2892 3706 3012 3758 καθ’
3045 3706 3114 3775 ἢν
3145 3722 3207 3759 τε
3239 3709 3306 3759 τὰ
3331 3706 3574 3776 ῥηθέντα
3598 3704 3723 3762 εἷπε
3751 3711 3879 3773 τοῖς

2283 3795 2554 3865 μαθηταῖς
2577 3799 2606 3849 ό
2632 3797 2889 3866 Χριστὸς,
2914 3796 3011 3849 καὶ
3036 3795 3159 3849 καθ’
3187 3796 3256 3867 ἢν
3292 3796 3517 3860 τούτους
3543 3800 3827 3867 παρέλαϐε
3858 3819 3887 3833 τ

2279 3886 2555 3951 Ματθαίος
2580 3887 2661 3953 δὲ,
2692 3890 2786 3942 καὶ
2830 3888 3147 3959 ἀμςροτέρας
3181 3888 3387 3952 ταύτας
3405 3889 3755 3959 παραλιπιῖιν,
3774 3894 3885 3957 τὰς

2282 3978 2488 4050 μεταξὺ
2542 3979 2710 4049 μόνας
2754 3979 3207 4051 ἁπηριθμήσατο.
3238 3981 3395 4035 Διατί
3425 3980 3483 4033 δὲ
3513 3981 3711 4051 μόνους
3751 3984 3875 4056 (59)

2279 4069 2408 4132 τοὺς
2429 4071 2576 4139 τρεῖς
2597 4070 2823 4133 τούτους
2854 4070 3297 4141 παραλαμϐάνει,
3322 4071 3418 4125 καὶ
3452 4072 3510 4124 οὗ
3537 4072 3632 4125 νῦν
3679 4074 3881 4142 μόνον,

2278 4159 2417 4214 ἀλλά
2465 4161 2559 4213 καὶ
2608 4160 2891 4226 πολλάκις,
2917 4160 2993 4224 ὡς
3027 4162 3311 4232 προϊόντες
3342 4163 3686 4233 εύρήσομενς
3718 4165 3880 4219 Διότι

2277 4249 2387 4302 τῶν
2427 4250 2604 4304 ἄλλων
2635 4250 2894 4322 μαθητῶν
2945 4254 3236 4322 ὑπερεῖχον
3284 4250 3467 4307 οἶδτοι⁹
3506 4256 3710 4323 Πέτρος
3744 4260 3875 4328 μὲν,

2277 4341 2386 4395 ἀπὺ
2407 4342 2501 4394 τοῦ
2521 4342 2728 4413 σφόδρα
2751 4344 2924 4411 φιλεῖν
2948 4345 3129 4405 αὐτὸν,
3151 4345 3241 4398 διά
3256 4345 3573 4416 θερμότητα
3590 4348 3837 4411 πίστεως
3857 4363 3880 4379 ⁶

2290 4432 2545 4503 Ἰωάννης
2571 4434 2649 4500 δὲ,
2680 4435 2787 4489 ἀπὸ
2815 4435 2910 4488 τοῦ
2943 4436 3146 4507 σφόδρα
3173 4438 3444 4505 φιλεῖσθαι
3470 4437 3563 4490 ὑπ’
3584 4440 3776 4501 αὑτοῦ,
3802 4441 3881 4493 δι’

586 4508 915 4580 diligebatur
941 4515 1009 4569 ab
1042 4516 1152 4579 illo,
1188 4528 1403 4587 propter
1437 4522 1694 4579 virtutum
1752 4528 2125 4584 excellentiam
2153 4548 2171 4598 ;

2284 4525 2587 4595 ὑπερϐολὴν
2643 4527 2885 4597 ἀρετῶν
2934 4527 3184 4592 Ἰάκωϐος
3249 4529 3328 4592 δὲ,
3380 4530 3489 4583 ἀπὸ
3528 4530 3619 4583 τοῦ
3657 4533 3876 4601 σφόδρα

586 4597 826 4657 Jacobus
860 4614 1044 4658 autem
1076 4606 1202 4675 quia
1238 4610 1417 4679 gravis
1471 4613 1761 4669 admodum
1801 4626 1919 4670 erat
1945 4618 2169 4686 Iudaeis,

587 4690 643 4743 in
675 4700 881 4747 tantum
914 4705 973 4751 ut
1011 4696 1255 4753 Herodes
1284 4701 1466 4756 occiso
1498 4704 1589 4758 illo
1619 4706 1907 4763 maximam
1954 4712 2169 4779 praesti-

595 4784 726 4836 terit
756 4786 982 4853 gratiam
1008 4786 1231 4842 ludatis.

662 4872 796 4927 Vide
837 4886 1015 4931 autem
1087 4881 1364 4948 quomodo
1396 4881 1680 4939 Mattlizcus
1713 4902 1820 4941 non
1856 4890 2165 4947 occultave-

586 4967 659 5019 rit
703 4966 823 5023 illos
863 4970 954 5037 qui
1008 4971 1110 5025 sibi
1172 4976 1446 5043 praepositi
1508 4986 1659 5032 sunt.
1720 4977 1834 5034 lloc
1873 4991 2054 5035 autem
2108 4994 2165 5038 et

581 5053 821 5113 Joannes
852 5060 1127 5131 plerisque
1154 5063 1208 5117 in
1238 5065 1370 5121 locis
1404 5066 1552 5133 facit,
1591 5070 1862 5139 praecipua
1892 5073 2034 5129 Petri
2064 5089 2162 5129 en-

692 5211 737 5245 "
763 5213 896 5268 Luc.
924 5230 999 5279 ix,
1025 5218 1115 5271 ‘38.

2278 4615 2452 4685 βαρὺς
2491 4612 2632 4670 εἶναι
2670 4617 2782 4680 τοῖς
2816 4616 3117 4679 Ἰουδαίοις,
3141 4618 3253 4688 (55)
3304 4616 3401 4689 [ὡς
3428 4619 3637 4672 καὶτὸν
3677 4619 3871 4688 ’Πρώ-

2274 4706 2392 4773 δην,
2428 4705 2657 4775 ὖστερον
2685 4709 2941 4760 ἀνελόντα
2976 4708 3187 4774 τοῦτον,
3231 4710 3392 4779 χάριν
3428 4711 3694 4783 μεγίστην
3728 4712 3872 4765 ἀπο-

2275 4800 2463 4873 νεῖμαι
2488 4801 2601 4862 τοῖς
2633 4798 2959 4873 Ἰουδαίοις]

2346 4870 2554 4945 Σκόῖπει
2580 4892 2660 4956 δι,
2682 4893 2799 4955 πῶς
2818 4893 2847 4944 ὁ
2876 4870 3159 4955 Ματθαῖος
3201 4895 3300 4946 οὐκ
3332 4895 3695 4965 ἀπεκρύψατο
3726 4898 3871 4959 τοὺς

2270 4984 2716 5055 προτιμηθέντας
2748 4985 2941 5039 αὑτοῦ.
2993 4985 3167 5037 Τοῦτο
3195 4985 3250 5038 δὲ
3281 4988 3379 5038 καὶ
3432 4988 3687 5055 Ἰωάννης
3722 4987 3867 5039 πολ-

2267 5075 2434 5148 λαχοῦ
2461 5078 2626 5144 ποιεῖ,
2648 5077 2717 5132 τά
2750 5078 3008 5151 ἐξαίρετα
3041 5077 3135 5131 τοῦ
3164 5078 3371 5149 Πέτρου
3406 5079 3658 5149 ἐγκώμια
3698 5080 3860 5149 (pars-

1765 5293 1961 5355 Variae
2021 5296 2324 5361 lectiones
2355 5306 2417 5361 et
2451 5308 2639 5361 noue.

658 5444 770 5511 (3|)
801 5446 936 5514 Περὶ
972 5448 1162 5514 αὑτοῦ,
1194 5459 1258 5509 Α.

659 5516 769 5583 (52)
805 5516 1017 5580 Μόνους
1047 5518 1270 5585 τούτους
1302 5523 1429 5586 τοὺς
1451 5526 1621 5593 τρεῖς.
1647 5527 1711 5579 Α.

2285 5531 2318 5584 Ἰ
2341 5464 2692 5584 (5ἒ)ἱ1ης1ιιδει
2721 5465 3039 5523 exciderant
3067 5482 3133 5524 ex
3158 5469 3348 5528 codice
3376 5469 3437 5527 Β.
3463 5471 3534 5527 ob
3555 5474 3867 5543 repetitum

2325 5550 2386 5584 GU
2422 5551 2453 5584 α
2480 5552 2581 5584 Οιέ-

2325 5550 2581 5589 ουοαιοις.

662 5704 760 5773 (τε)
800 5706 1150 5764 Pra'mitlcns.
1185 5710 1423 5769 Addens.
1464 5713 1623 5770 Forte
1674 5716 1800 5787 icgit
1861 5718 2155 5787 προτιθεές.

2293 5732 2310 5775 t
2342 5724 2527 5796 sig-lant
2567 5727 2777 5784 invenit
2813 5730 3074 5801 :p::0c£;,
3103 5748 3223 5801 qua:
3254 5736 3527 5807 προτιθείς
3566 5750 3755 5795 notat.
