4086 6404
628 429 736 493 495

700 543 852 596 Vcrs.
876 544 963 596 Ξῖ.
1001 540 1183 594 i'crum
1229 551 1358 593 -ιε,
1389 541 1766 592 Demunstrato
1797 537 2032 605 primum
2051 528 2198 601 quod
2231 529 2280 588 Α

628 633 745 704 ipse
774 649 880 687 non
918 634 1109 688 delnat
1158 631 1394 702 pendere
1448 639 1667 699 propter
1708 627 2075 684 divinitatem,
2117 634 2200 676 ta-

628 743 751 780 nn-n
778 727 908 778 dare
934 725 1093 795 jubet
1129 732 1350 793 propter
1385 723 1805 782 humanitatem,
1855 735 1922 774 ne
1966 716 2203 772 oﬂ‘endi-

627 815 810 871 culum
837 819 1174 882 paterentur,
1207 812 1358 880 quasi
1392 810 1508 880 ipse
1540 811 1710 864 Deum
1741 811 2073 879 despiceret,
2101 821 2200 859 no-

629 908 744 960 lens
760 917 813 958 et
846 906 956 972 ipse
986 902 1094 957 Deo
1114 903 1351 971 pendere
1379 902 1778 956 didraclnnum.
1799 901 1838 954 Δ
1860 901 1993 954 mari
2018 909 2201 952 autem

627 997 721 1048 dat
762 995 1064 1048 tributum:
1111 992 1239 1046 hinc
1273 1007 1491 1062 quoque
1535 993 1830 1046 ostendens
1872 993 2017 1059 quod
2076 998 2199 1043 tan-

627 1101 786 1154 quam
832 1083 1076 1137 omnium
1123 1083 1388 1138 Dominus
1437 1082 1682 1152 praecipit
1731 1092 1785 1136 et
1839 1083 1998 1145 mari,
2056 1082 2200 1149 quod

625 1176 778 1244 quasi
811 1185 1086 1244 przeccpto
1123 1175 1246 1244 ejus
1274 1175 1601 1246 subjectum,
1645 1174 1811 1226 mittit
1852 1172 2058 1242 piscem
2103 1174 2198 1242 qui

629 1268 888 1321 tributum
907 1266 1132 1322 domino
1162 1265 1372 1320 deferat
1405 1282 1420 1319 :
1452 1281 1554 1319 nec
1582 1279 1682 1334 pro
1716 1263 1835 1332 ipso
1865 1264 2066 1328 solum,
2101 1266 2196 1321 sed

627 1371 679 1413 et
715 1375 815 1428 pro
849 1359 1027 1428 primo
1057 1360 1178 1426 ejus
1206 1357 1518 1426 discipulo;
1571 1371 1699 1410 nam
1727 1356 1925 1410 Petrus
1975 1373 2194 1426 quoque

629 1446 1026 1514 primogenitus
1053 1453 1192 1498 erat.

700 1536 858 1590 Prius
893 1535 1162 1604 siquidem
1201 1534 1365 1589 etiam
1396 1536 1498 1588 hoc
1537 1536 1902 1590 diversimode
1961 1536 2197 1589 demou-

627 1633 855 1686 s:ravit:
889 1633 1173 1701 etquando
1198 1632 1298 1700 ipsi
1329 1631 1527 1685 furenti
1559 1631 1867 1700 imperavit,
1902 1641 1956 1684 et
1981 1630 2200 1699 quando

628 1741 722 1792 per
751 1725 928 1793 ipsum
965 1723 1116 1792 quasi
1163 1738 1258 1791 per
1291 1723 1496 1784 aridam
1548 1725 1714 1791 pedes
1754 1721 2078 1774 ambulavit.
2135 1719 2198 1773 Et

626 1829 770 1868 nunc
816 1829 1030 1883 quoque
1090 1815 1230 1867 idem
1288 1829 1503 1870 rursum
1555 1814 1710 1866 aliter
1756 1813 2018 1875 ostendit,
2048 1814 2198 1865 vario

1883 416 2267 478 EUTHYMII
2311 412 2674 475 ZIIIABENI

3758 410 3854 470 3.96

2375 526 2508 578 Ἵνα
2553 554 2624 565 -
2661 523 2796 578 σοῦ.
2838 521 3153 585 ’Δποδείξας
3183 519 3417 590 πρῶτον,
3443 519 3524 572 ὅτι
3581 519 3727 581 αὑτὸς
3767 520 3860 570 οὐκ

2307 614 2512 682 ὀφείλει
2550 613 2766 665 τελέσαι
2843 612 2929 664 διά
2981 611 3082 680 τὴν
3132 610 3386 678 θεότητα,
3436 608 3619 660 λοιπὸν
3671 607 3862 658 κελεύει

2307 704 2490 758 δοῦναι
2539 705 2630 758 διὰ
2661 705 2761 773 τὴν
2797 703 3221 773 ἁνθρωπότητα,
3247 703 3334 754 ἶνα
3373 702 3449 771 μὴ
3485 699 3862 752 σκανδαλισθὼ-

2311 810 2416 859 σιν,
2447 795 2522 858 ὡς
2553 794 2913 863 ἀτιμάζοντος
2948 791 3115 843 αὑτοῦ
3147 793 3239 844 τδν
3270 791 3420 854 Θεὸν,
3453 793 3511 842 ἐν
3565 790 3637 858 τῷ
3667 790 3736 856 μὴ
3775 805 3863 840 τεο

2309 885 2420 936 λεῖν
2449 885 2543 938 καὶ
2565 884 2729 937 αὐτὸν
2758 884 2836 953 τῷ
2855 882 2974 947 Θεῷ
3001 883 3062 934 τὸ
3081 882 3394 952 δίδραχμον.
3436 882 3530 934 Ἐκ
3560 882 3654 950 τῆς
3677 881 3865 934 θαλάσο

2311 990 2410 1042 σης
2459 974 2514 1026 δὲ
2561 971 2754 1026 δίδωσι
2792 975 2855 1024 τὸ
2899 973 3072 1035 τέλος,
3115 970 3377 1024 δεικνύων
3426 970 3730 1036 κάντεῦθεν,
3767 971 3865 1036 ὅτι,

2308 1065 2440 1128 Θεὸς
2467 1065 2543 1118 ὢν
2564 1065 2674 1117 τῶν
2701 1065 2859 1128 ὅλων,
2891 1063 3139 1133 κυριεύει
3185 1061 3282 1114 καὶ
3312 1061 3414 1130 τῆς
3453 1060 3742 1129 θαλάσσης,
3755 1061 3870 1129 ἥτις

2307 1155 2385 1225 τῷ
2449 1156 2752 1226 βουλήματι
2812 1155 2975 1207 αὑτοῦ
3035 1150 3502 1223 καθυπηρετοῦσα
3555 1153 3750 1218 πέμπει
3783 1149 3871 1201 τὸν

2311 1247 2464 1315 ίχθὺν
2485 1286 2499 1311 ,
2533 1246 2825 1315 κομίζοντα
2859 1246 2920 1297 τὸ
2949 1244 3100 1306 τέλος
3146 1244 3286 1313 ὑπὲρ
3315 1242 3410 1294 τοῦ
3449 1241 3750 1293 Δεσπότου·
3781 1239 3873 1292 καὶ

2307 1337 2406 1405 οὐχ
2436 1336 2576 1404 ὑπὲρ
2623 1335 2790 1388 αὑτοῦ
2831 1336 3014 1404 μόνον,
3051 1333 3187 1386 ἀλλὰ
3238 1334 3334 1386 καῖ⁵
3369 1332 3510 1397 ὑπὲρ
3545 1329 3638 1382 τοῦ
3671 1328 3874 1398 πρώτου

2306 1427 2415 1478 τῶν
2436 1425 2696 1495 μαθητῶν
2715 1426 2879 1478 αὑτοῦ
2896 1443 2908 1456 ’
2929 1425 3276 1495 πρωτότοκος
3291 1423 3398 1494 γὰρ
3419 1423 3514 1473 καὶ
3532 1423 3560 1472 ό
3583 1415 3871 1491 Πέτροςῖμ.

2380 1520 2488 1569 Καὶ
2521 1519 2786 1588 πρότερον
2819 1519 2919 1587 μὲν
2949 1520 3058 1586 γὰρ
3095 1515 3256 1568 τοῦτο
3284 1515 3560 1583 διαφόρως
3600 1512 3708 1581 (57)
3752 1510 3876 1563 ἔδει·

2309 1609 2525 1672 ξεν,δτε
2576 1611 2908 1678 ἐπετίμησεν
2955 1611 3093 1677 αὐτῇ
3145 1607 3470 1677 μαινομένῃ,
3499 1607 3610 1656 «καὶ
3655 1605 3739 1656 ὅτε
3789 1603 3875 1654 δια

2305 1701 2508 1771 ταύτης
2549 1704 2863 1765 ἐπέζευσεν,
2897 1702 2969 1763 ὡς
3017 1700 3104 1752 διὰ
3138 1701 3337 1770 ξηρᾶς·
3373 1697 3468 1750 καὶ
3501 1695 3596 1748 νῦν
3628 1695 3684 1747 δὲ
3724 1693 3874 1746 πάλιν

2306 1793 2504 1860 τρόπον
2534 1792 2719 1862 ἕτερον
2784 1790 2940 1844 τοῦτο
3009 1790 3273 1852 δείκνυσι,
3325 1786 3658 1856 πολλαχόθεν
3713 1782 3876 1853 δηλῶν

627 1907 785 1957 modo
833 1905 1230 1972 subjectionem
1259 1904 1403 1958 illius
1429 1905 1765 1975 signiﬁcans.
1814 1905 1908 1958 Est
1941 1915 1996 1958 et
2028 1913 2198 1958 stater

2307 1883 2398 1954 τὴν
2425 1885 2704 1954 ὑποταγὴν
2728 1884 2923 1952 αὐτῆς.
2951 1883 3242 1952 ’Λργυρίου
3267 1881 3324 1934 δὲ
3346 1875 3486 1942 είδος
3515 1880 3610 1931 καὶ
3633 1880 3659 1930 ό
3686 1875 3877 1944 στατὴρ

626 1995 966 2048 numismatis
1002 2009 1176 2064 genus
1219 1993 1327 2048 duo
1357 1994 1694 2058 didracluna,
1722 1995 1772 2049 id
1828 2005 1932 2056 est,
1968 2006 2201 2064 quatuor

625 2089 913 2140 drachmas
944 2087 1258 2140 continens.

707 2175 838 2230 Vide
872 2186 1053 2229 autem
1102 2177 1379 2244 quomodo
1432 2191 1577 2229 nunc
1621 2175 1825 2230 Iudaeis
1865 2176 2200 2230 oﬂeudieulo

626 2283 745 2322 esse
769 2268 980 2321 noluit:
1013 2267 1139 2322 alibi
1172 2284 1300 2322 vero
1330 2266 1724 2320 Pharismorum
1753 2267 1999 2336 despexit
2030 2268 2203 2320 oﬂ'eu-

627 2361 892 2421 diculum,
940 2358 1160 2428 quando
1194 2359 1262 2411 de
1301 2357 1442 2411 cibis
1471 2358 1810 2427 disputabat.
1851 2359 2018 2411 Docet
2055 2360 2200 2412 enim

626 2452 770 2518 quod
799 2449 1091 2515 aliquando
1117 2447 1507 2500 oﬂ'endiculum
1545 2461 1740 2500 cavere
1765 2457 2001 2514 oportet,
2033 2447 2204 2502 inter-

625 2545 752 2593 dum
790 2555 919 2593 tero
954 2539 1084 2592 illud
1126 2537 1430 2606 despicere,
1472 2543 1682 2589 etcum
1744 2536 1952 2604 judicio
1986 2537 2089 2590 hoc
2149 2548 2202 2592 ct

626 2631 758 2686 illud
784 2629 983 2683 facere.

703 2720 1089 2777 Universaliter
1139 2721 1283 2773 enim
1325 2721 1374 2771 in
1415 2720 1501 2772 his
1559 2734 1682 2787 qua:
1728 2719 1880 2788 juxta
1935 2719 2026 2772 Dei
2066 2734 2203 2787 pra:-

629 2822 846 2881 ceptum
891 2814 1149 2867 dicuntur
1191 2820 1283 2863 aut
1333 2810 1488 2871 lium,
1543 2809 1928 2862 ollendiculum
1991 2820 2205 2878 oportet

627 2906 910 2974 despicere
945 2921 958 2956 :
995 2904 1048 2956 in
1076 2903 1160 2955 his
1193 2911 1374 2955 autem
1399 2917 1520 2969 qua:
1547 2902 1697 2968 juxta
1728 2903 2060 2955 voluntatem
2097 2918 2200 2953 no-

630 3006 823 3057 stram,
862 2992 1252 3046 oﬂ'cndiculum
1284 3004 1476 3044 curare
1517 2991 1792 3055 convenit,
1854 3001 2016 3059 prout
2060 3007 2201 3061 pra}-

629 3087 772 3155 cepit
810 3083 1034 3153 Magnus
1070 3082 1319 3136 Basilius.

734 3179 890 3231 CAP.
929 3173 1191 3228 XXXVII.
1232 3173 1304 3227 De
1351 3175 1687 3226 dicentibus:
1722 3173 1849 3239 Quis
1881 3175 2099 3242 major?

701 3268 855 3321 CAP.
906 3265 1097 3329 XVIII,
1162 3263 1318 3320 Vers.
1373 3265 1423 3318 I.
1467 3263 1618 3317 Iu—-
1648 3265 1952 3318 (celarunt?
1999 3265 2202 3318 Iluma-

629 3376 762 3414 num
811 3358 1068 3428 quiddam
1119 3355 1370 3425 discipuli
1433 3365 1560 3409 tunc
1602 3357 1970 3424 patiebantur.
2020 3357 2200 3410 lntuiti

631 3450 901 3519 siquidem
943 3448 1291 3517 praepositum
1351 3445 1520 3500 fuisse
1555 3449 1793 3511 Petrum,
1829 3464 1954 3500 nam
2017 3458 2072 3500 et
2109 3447 2198 3501 Ja-

630 3543 797 3596 cobus
859 3539 1260 3609 primogenitus
1307 3548 1422 3590 erat
1463 3548 1517 3590 et
1561 3537 1700 3590 alii:
1763 3539 1854 3591 sed
1913 3537 2047 3591 nihil
2101 3541 2203 3593 tale

636 3645 733 3697 pro
757 3629 836 3681 eis
859 3619 1042 3687 'dixit,
1070 3625 1364 3677 doluerunt
1399 3643 1412 3678 ;
1440 3634 1494 3677 et
1527 3633 1706 3676 tamen
1741 3625 1998 3679 allectum
2033 3642 2196 3679 suum

631 3717 881 3772 conﬁteri
934 3715 1293 3776 erubuerunt,
1319 3713 1413 3766 sed
1463 3713 1780 3768 indistincte
1815 3728 2203 3783 pracceptorcm

633 3815 991 3878 interrogant,
1019 3808 1269 3876 quisnam
1305 3805 1573 3859 maximus
1597 3816 1741 3859 esset
1763 3822 1974 3860 eorum.

703 3901 815 3955 Nec
842 3901 892 3954 id
919 3899 1094 3954 solum
1140 3897 1394 3952 aﬂectum
1434 3900 1578 3950 hunc
1623 3897 1974 3960 excitaverat,
2017 3899 2112 3952 sed
2149 3909 2206 3954 et

636 3991 739 4044 alia
777 3992 969 4045 multa.
999 3989 1131 4042 Nam
1162 4000 1218 4044 et
1247 3990 1400 4058 prius
1429 4003 1645 4056 quoque
1673 3988 2004 4042 beatiﬁcavit
2055 4006 2202 4053 eum,

637 4085 915 4152 multaque
942 4082 1016 4136 illi
1049 4082 1332 4151 promisit:
1359 4081 1486 4134 alibi
1514 4083 1675 4134 etiam
1699 4082 1811 4135 visa
1833 4081 1978 4136 illius
2032 4083 2199 4138 liber-

635 4184 742 4228 tate
767 4173 1055 4226 subtristes
1081 4171 1264 4226 οπεοιί
1295 4181 1443 4225 sunt.

703 4264 916 4317 Μαι-ωε
942 4278 1070 4317 vero
1101 4263 1178 4317 ait
1203 4263 1275 4328 “,
1317 4264 1461 4332 quod
1493 4264 1728 4333 primum
1767 4266 1908 4322 inter
1935 4286 1993 4325 se
2011 4273 2202 4341 dispu-

634 4364 898 4418 taverant,
933 4355 1056 4423 quis
1100 4355 1367 4409 maximus
1409 4364 1598 4421 esset;
1651 4367 1706 4412 et
1754 4359 1878 4414 huic
1936 4375 2201 4421 consonat

629 4447 794 4500 etiam
848 4445 1020 4500 Lucas
1042 4446 1110 4498 ".

2302 1973 2391 2042 ἧν,
2419 1976 2515 2029 δύο
2545 1977 2858 2048 διδράχμων
2887 1977 3161 2040 ἀντάξιος.

2385 2162 2583 2213 Σκόπει
2612 2161 2693 2226 δὲ,
2723 2160 2838 2223 πῶς
2867 2161 2962 2213 νῦν
3000 2161 3096 2228 μὲν
3143 2161 3245 2212 οὐκ
3278 2157 3554 2229 ὴΰουλήθη
3602 2153 3877 2207 σκανδαλί-

2309 2275 2398 2309 σαι
2447 2260 2572 2318 τοὺς
2606 2255 2930 2319 Ἰουδαίους,
2974 2255 3209 2324 ἀλλαχοῦ
3259 2255 3315 2307 δὲ
3364 2255 3742 2322 κατεφρόνησε
3785 2246 3874 2299 τοῦ

2308 2349 2603 2402 σκανδάλου
2627 2349 2736 2400 τῶν
2761 2348 3094 2417 Φαρισαίων,
3121 2349 3209 2398 ὅτε
3243 2346 3369 2414 περί
3417 2345 3526 2395 τῶν
3581 2345 3874 2414 βρωμάτων

2305 2443 2593 2508 διελέγετο.
2621 2441 3019 2510 Διδάσκειγὰρ,
3043 2442 3124 2492 ὅτι
3154 2440 3281 2492 ποτὲ
3316 2440 3413 2507 μὲν
3446 2441 3551 2507 χρὴ
3584 2438 3880 2506 φροντίζειν

2307 2533 2399 2582 τοῦ
2441 2531 2766 2594 σκανδάλου,
2817 2533 2950 2583 ποιὲ
2999 2531 3054 2582 δὲ
3107 2533 3476 2599 καταφρονεῖν
3530 2529 3718 2597 αὑτοῦ,
3751 2534 3881 2600 μετα

2305 2622 2628 2690 διακρίσεως
2657 2621 2715 2674 δὲ
2747 2623 2924 2673 ποιεῖν
2955 2621 3050 2674 καὶ
3074 2621 3233 2673 τοῦτο
3255 2623 3500 2676 κάκεῖνο.

2377 2711 2654 2784 [Καθόλου
2686 2713 2817 2783 (58)
2846 2714 2954 2781 γάρ
2980 2714 3073 2764 ἐπὶ
3097 2713 3198 2781 μὲν
3217 2714 3324 2775 τοῖ,
3353 2715 3478 2764 κατ’
3498 2713 3723 2781 ἐντολὴν
3747 2712 3878 2766 Θεοῦ

2307 2804 2622 2873 λεγομένοις
2683 2804 2716 2873 ἦ
2776 2804 3177 2873 πραττομένοις
3221 2805 3328 2872 χρὴ
3376 2807 3742 2875 καταφρονεῖν
3793 2803 3878 2856 τοῦ

2308 2896 2608 2950 σκανδάλου
2651 2897 2743 2948 ἐπὶ
2783 2895 2839 2947 δὲ
2875 2897 2986 2956 τοῖς
3033 2897 3175 2947 κατὰ
3220 2895 3543 2965 προαίρεσιν
3585 2899 3877 2966 ἡμετέραν,

2307 2987 2577 3055 προσήκει
2633 2985 2962 3055 θεραπεύειν
3029 2982 3087 3034 τὸ
3139 2983 3458 3050 σκάνδαλον,
3501 2984 3576 3047 ὡς
3626 2986 3653 3036 ό
3713 2986 3880 3053 μέγας

2307 3083 2584 3144 Βασίλειος
2611 3081 2925 3134 διέστειλεν.
2948 3080 2966 3150 ]

2414 3175 2568 3226 ΚΕΦ.
2593 3173 2711 3228 ΛΖ’.
2737 3174 2870 3240 Περὶ
2900 3173 3019 3225 τῶν
3045 3174 3368 3240 λεγόντων,
3393 3171 3493 3236 Τίς
3514 3169 3730 3240 μείζὶυν
3745 3189 3761 3235 ;

2378 3266 2480 3318 Ἐν
2509 3294 2572 3304 —
2595 3265 2909 3331 odpambr;
2956 3263 3335 3334 ’Δνθρώπινόν
3363 3281 3414 3316 τι
3445 3264 3568 3315 τότε
3617 3262 3882 3315 πεπόνθα·

2308 3374 2390 3408 σιν
2421 3359 2469 3408 οἱ
2505 3355 3131 3425 μαθηταί.Θεασάμενοι
3184 3355 3293 3426 γὰρ
3340 3354 3746 3424 προτιμηθέντα
3795 3353 3881 3404 τὸν

2309 3447 2511 3516 Πέτρον
2535 3463 2548 3476 ο
2585 3446 2674 3499 καὶ
2708 3447 2814 3515 γὰρ
2843 3447 2938 3498 καὶ
2990 3445 3246 3507 Ἰάκωὸος
3289 3445 3637 3515 πρωτότοκος
3668 3440 3755 3515 ἦν,
3794 3446 3882 3496 καὶ

2303 3541 2481 3609 ’ἕτεροι
2504 3556 2517 3570 ⁸
2559 3538 2671 3592 ἀλλ’
2706 3539 2857 3590 οὐδὲν
2889 3536 3133 3590 τοιοῦτον
3161 3537 3301 3607 ὑπὲρ
3330 3537 3536 3589 τούτων
3567 3531 3721 3588 εἶπεν
3747 3553 3758 3564 ·
3788 3536 3883 3605 ἧλ-

2307 3647 2481 3699 γησαν
2503 3669 2518 3692 ,
2575 3631 2671 3682 καὶ
2709 3630 3052 3698 αἰσχύνονται
3096 3629 3196 3697 μὲν
3228 3627 3564 3698 ὁμολογῆσαι
3592 3628 3653 3693 rp
3686 3627 3884 3692 πάθος,

2305 3722 2624 3791 ἀδιορίστως
2655 3721 2711 3773 δὲ
2736 3721 2826 3773 τὸν
2853 3721 3175 3774 διδάσκαλον
3208 3721 3476 3791 ἐρωτῶσι,
3502 3720 3583 3782 τίς
3615 3720 3726 3787 ἄρα
3763 3719 3880 3787 μεί-

2307 3812 2505 3877 ζων,ἐξ
2536 3812 2734 3864 αὐτῶν.

2377 3905 2450 3956 Ού
2481 3902 2641 3955 τοῦτο
2669 3903 2724 3954 δὲ
2760 3902 2942 3972 μόνον,
2965 3903 3101 3956 ἀλλά
3132 3902 3229 3956 καὶ
3245 3903 3411 3972 ἕτερα
3432 3903 3600 3955 πολλὰ
3624 3905 3686 3955 τὸ
3715 3903 3880 3964 πάθος

2306 3995 2540 4063 ἀνῆψαν.
2589 3995 2694 4046 Καὶ
2727 3996 2838 4063 γάρ
2868 3995 2962 4047 καὶ
3016 3995 3280 4064 πρότερον
3325 3995 3664 4062 ὲμακάρισεν
3697 3997 3881 4056 αὑτὸν,

2306 4087 2400 4137 καὶ
2461 4085 2672 4154 μεγάλα
2716 4085 2890 4154 τούτῳ
2945 4086 3334 4154 ἐπηγγείλατο,
3380 4087 3473 4138 καὶ
3503 4088 3600 4156 τὴν
3629 4087 3798 4156 ἀλλην
3829 4087 3880 4138 δὲ

2308 4175 2622 4246 παρρησίαν
2656 4176 2824 4229 αὐτοῦ
2856 4177 3605 4249 βλέποντες,παρεκνίζοντο.

2377 4269 2601 4338 Μάρκος
2635 4270 2690 4322 δέ
2725 4287 2914 4339 φησιν,
2942 4270 3024 4322 ὅτι
3057 4272 3193 4340 πρὸς
3233 4273 3456 4334 ἑαυτοὺς
3503 4272 3617 4341 (59)
3660 4271 3883 4340 διελογίο

2306 4361 2582 4427 ζοντο,τίς
2627 4360 2850 4430 μείζων.
2879 4360 3065 4431 Τούτῳ
3099 4361 3156 4413 δὲ
3201 4362 3417 4432 συνᾴδει
3455 4365 3549 4414 καὶ
3583 4365 3610 4414 ό
3645 4363 3879 4422 Λουκᾶς.

701 4536 1019 4605 Priusquam
1050 4539 1194 4591 enim
1232 4537 1298 4591 ad
1339 4537 1559 4594 Petrum
1599 4543 1958 4598 accessissent
1991 4548 2085 4614 qui
2123 4549 2202 4602 di-

2382 4546 2494 4616 Πρὸ
2523 4545 2623 4614 μὲν
2649 4545 2755 4616 γὰρ
2787 4544 2880 4598 τοῦ
2907 4546 3152 4614 ἐντυχεῖν
3179 4544 3256 4614 τῷ
3285 4545 3478 4614 Πέτρῳ
3508 4544 3617 4611 (60)
3649 4545 3777 4607 τοὺς
3816 4542 3880 4597 τὰ

629 4629 889 4683 drachma
927 4631 1271 4702 accipiebant
1301 4631 1644 4699 (simpliciter
1685 4633 1753 4686 de
1789 4649 1853 4687 eo
1889 4636 2199 4694 ratiocinati

627 4718 843 4772 fuerant
863 4719 918 4773 in
939 4719 1134 4774 itinere
1154 4737 1167 4786 ;
1187 4734 1309 4774 cum
1335 4729 1516 4774 autem
1533 4719 1874 4789 Capcrnaum
1899 4725 2198 4793 venissent,

631 4809 720 4863 ubi
749 4811 912 4864 etiam
949 4810 1170 4865 Petrum
1207 4810 1482 4873 adierunt,
1517 4811 1609 4879 qui
1657 4813 1969 4868 didraclnna
2015 4820 2199 4889 exige—

631 4901 818 4968 bant),
881 4910 1009 4956 tunc
1077 4901 1324 4956 videntes
1393 4917 1582 4956 rursus
1623 4902 1842 4959 Petrum
1913 4911 2202 4978 prrcbono-

628 4989 760 5051 rari,
793 4991 963 5060 magis
985 4991 1176 5046 irritati
1203 5003 1350 5055 sunt,
1389 5002 1442 5046 et
1477 4993 1548 5046 ita
1574 4993 1796 5050 demum
1835 4996 2207 5071 interrogave-

631 5088 778 5133 runt.

735 5197 779 5227 "
805 5196 966 5254 Mar‘c.
998 5217 1069 5264 Ix,
1098 5200 1186 5254 34.
1300 5201 1346 5232 ”
1371 5200 1500 5254 Luc.
1529 5219 1600 5262 Ix,
1633 5204 1718 5257 $6.

2304 4639 2572 4710 δίδραχμα
2623 4637 3027 4707 λαμϐάνοντας,
3079 4637 3454 4705 διελογίσαντο
3513 4639 3645 4707 περὶ
3691 4636 3877 4692 τούτου

2306 4734 2446 4783 κατὰ
2471 4729 2569 4799 τὴν
2609 4729 2728 4781 ὁδὸν
2758 4729 2946 4790 άπλῶς
2965 4745 2979 4758 ο
3015 4729 3257 4792 ἐλθόντες
3278 4731 3334 4783 δὲ
3364 4732 3442 4792 είς
3485 4729 3878 4799 Καπερναοῦμ.

2307 4825 2364 4874 ὲν
2475 4820 2568 4872 καὶ
2597 4819 2675 4889 τῷ
2711 4820 2900 4890 Πέτρῳ
2932 4821 3238 4890 προσῆλθον
3265 4823 3314 4874 oi
3344 4821 3412 4873 τά
3441 4821 3708 4892 δίδραχμα
3737 4821 3878 4889 λαμ·

2309 4913 2582 4974 δάνοντες,
2603 4911 2698 4964 καὶ
2717 4911 2915 4974 ίδόντες
2938 4913 3127 4965 τοῦτον
3149 4912 3228 4965 ἔτι
3251 4913 3657 4982 προτιμηθέντα
3680 4913 3878 4982 μᾶλλον

2311 5003 2713 5076 ἠρεθίσθησανο
2746 5004 2840 5056 καὶ
2870 5003 2991 5056 τότε
3026 5003 3211 5056 λοιπὸν
3248 5003 3562 5074 ἠρώτησαν.

1820 5276 2022 5336 Varite
2069 5279 2375 5344 lectiones
2421 5287 2481 5340 et
2527 5283 2718 5338 notas.

703 5415 812 5488 (βῖ)
846 5412 966 5488 ἶΟτι
998 5417 1240 5486 κυριεύει
1281 5418 1380 5486 τῆς
1412 5417 1684 5488 θαλάσσης

702 5486 815 5551 (53)
853 5483 1301 5541 Ιιι‹·1ιιδιιόιιιὶῑῑίι
1322 5483 1385 5540 Α.

704 5557 815 5629 μιν)
857 5555 1066 5629 Marcus
1092 5558 1250 5610 habet
1277 5558 1650 5626 διελέχθησαν.
1678 5558 1720 5629 υ
1739 5561 2010 5629 nde'ergo
2037 5565 2207 5619 διελο-

630 5625 881 5690 -ίίςοντο;
916 5623 1130 5696 Scilicet
1159 5641 1221 5679 ex
1272 5623 1552 5696 Chryslost.
1604 5641 1642 5680 t.
1676 5628 1785 5690 V'II,
1818 5647 1870 5696 p.
1901 5623 2002 5686 537
2046 5634 2104 5686 Β.
2137 5637 2208 5689 Ex

627 5709 697 5746 cu
737 5695 1022 5760 occupavit
1050 5695 1214 5748 etiam
1239 5695 1449 5750 codices
1476 5698 1768 5752 nonnullos
1799 5695 1922 5752 cum
1961 5705 2206 5760 scholiis.

631 5760 960 5830 fluthymius
991 5763 1105 5832 ipse
1138 5766 1408 5834 vulgatum
1443 5768 1607 5822 habet
1635 5768 1686 5820 in
1729 5780 1877 5822 textu
1917 5772 2100 5826 Marci.

2381 5426 2494 5496 (00)
2529 5426 2584 5477 In
2613 5425 2800 5480 codice
2834 5424 3082 5480 IIentenii
3115 5427 3367 5480 videntur
3400 5427 3582 5480 omnia
3618 5428 3873 5492 abfuisse,

2311 5513 2337 5549 a
2377 5497 2578 5568 Πέτρῳ,
2598 5499 2664 5548 ad
2701 5497 3006 5568 proximum
3072 5498 3280 5566 Πέτρῳ.
3337 5497 3488 5568 Ετεο
3518 5497 3570 5548 in
3615 5500 3878 5568 principio

2313 5584 2428 5634 pro.
2472 5576 2531 5638 et»
2565 5567 2618 5618 id
2653 5566 3236 5638 quidemqprﬁiusquam.
3283 5567 3517 5630 correxi,
3572 5566 3874 5638 priusquam

2308 5641 2470 5689 enim.
2499 5635 2628 5699 Quzc
2657 5645 2836 5688 autem
2871 5635 3080 5690 inclusa
3119 5646 3246 5690 sunt
3285 5637 3338 5690 in
3385 5639 3664 5705 versione,
3699 5635 3761 5693 ea
3793 5641 3875 5694 ad.

2309 5708 2440 5768 dati,
2471 5715 2521 5758 ct
2551 5717 2694 5766 ante,
2743 5717 2884 5768 tunc,
2919 5707 3148 5771 exclusi,
3175 5718 3318 5761 sunt.
