4086 6402
160 426 249 488 ίίἸ

1007 433 1395 491 (λζἰλιῖιὶΕΧΤ.
1441 432 1519 489 IN
1561 427 2032 493 ΜΑΤΤΠᾸΞΠΜ.
2075 460 2132 469 -
2181 433 2338 493 CAP.
2383 430 2602 492 XVIII.

3323 424 3424 489 I98

228 544 329 593 Καὶ
371 540 593 594 δοκοῦσι
647 539 747 612 μὲν
794 542 1088 611 ἐρωτῆσαι,
1128 543 1253 614 περὶ
1286 539 1348 596 οὗ
1396 542 1731 610 ὲγίνωσκονο
1762 541 1797 596 Δ

1908 544 2172 599 Videntur
2211 558 2392 599 autem
2432 545 2497 598 de
2531 559 2595 598 co
2622 543 2958 610 interrogare
2991 539 3134 609 quod
3166 539 3276 608 jam
3323 547 3422 592 no-

164 634 253 685 οὑκ
287 633 404 684 ἔστι
435 632 492 684 δὲ
524 632 706 685 τοῦτο.
752 633 863 684 Καὶ
914 633 1044 700 γὰρ,
1091 633 1173 684 ὅτι
1235 633 1333 701 μὲν
1371 634 1462 684 ἐπὶ
1488 631 1588 696 τῆς
1639 633 1742 700 γῆς

164 727 188 777 ὁ
214 724 413 791 Πέτρος
438 724 846 794 προτετίμηται
874 723 1101 787 τούτων,
1137 724 1338 792 ᾔδεσαν
1368 723 1426 786 ἐξ
1470 715 1544 774 ὧν
1591 721 1744 773 ἔϐλε-

167 832 285 866 πον·
308 814 598 867 ἐϐούλοντο
626 816 683 866 δὲ
727 815 947 883 μαθεῖν,
975 815 1023 866 εί
1053 816 1150 866 καὶ
1178 817 1236 864 ὲν
1283 813 1500 883 οὐρανῷ
1551 829 1742 881 προτι-

171 905 486 973 μηοὴσεται.
535 906 698 958 Ἀλλὰ
737 908 855 957 τότε
885 907 985 973 μὲν
1013 905 1283 974 ἡλγησαν,
1322 903 1516 956 τέλειοι
1567 905 1623 956 δὲ
1654 920 1747 970 γε·

172 998 398 1064 νόμενοι,
432 995 547 1049 τῶν
585 1000 870 1066 πρωτείων
903 996 1156 1066 ἀλλήλοις
1186 994 1568 1066 παρεχώρουν.

239 1268 340 1321 Καὶ
390 1297 457 1306 -
488 1266 714 1320 αὐτῶν.
760 1267 987 1336 Μάρκος
1022 1267 1078 1318 δέ
1111 1283 1299 1334 φησιν,
1329 1267 1412 1317 ὅτι
1446 1267 1552 1319 Kal
1584 1268 1728 1335 ἐναδ-

173 1360 575 1427 καλισίὶμενος
603 1361 749 1412 αὐτὸ
772 1400 788 1424 ,
822 1359 995 1412 εἶπεν
1024 1359 1232 1424 αὐτοῖς
1252 1375 1263 1385 ·
1301 1359 1514 1420 Λουκᾶς
1549 1358 1604 1410 δὲ
1629 1399 1643 1421 ,
1675 1359 1756 1410 ὅτι

176 1455 474 1517 Ἐστησεγ
486 1454 636 1505 αὐτὸ
650 1453 787 1518 παρ’
802 1451 1010 1514 ἐαυτῷ.
1032 1451 1214 1502 Πάντα
1231 1450 1284 1501 δὲ
1302 1451 1576 1517 γεγόνασι.
1600 1451 1639 1501 Π
1649 1450 1757 1519 ρῶ-

175 1559 256 1592 τιν
299 1541 398 1610 μὲν
439 1542 554 1610 γὰρ
595 1540 824 1611 ἔστησεν
864 1541 996 1593 αὐτὸ
1042 1541 1100 1591 ὲν
1147 1539 1297 1608 μέσῳ
1340 1540 1518 1591 αὐτῶν
1544 1556 1556 1569 ·
1603 1535 1754 1599 εἷτα,

181 1633 298 1699 παρ’
326 1632 526 1702 ἐαυτῷ,
574 1631 764 1685 ἔπειτα
819 1631 1216 1700 ἑνηγκαλίσατο
1242 1632 1392 1684 αὑτό.
1421 1631 1678 1682 Βούλεται
1704 1631 1759 1683 δὲ

181 1722 262 1774 διὰ
292 1723 381 1774 τοῦ
423 1724 570 1776 κατὰ
599 1724 662 1775 τὸ
682 1723 896 1776 παιδίον
928 1723 1377 1793 παραδείγματος
1405 1725 1756 1775 καταστεῖλαι

179 1816 232 1864 τὸ
262 1813 428 1875 πάθος
461 1814 666 1867 αὐτῶν.

1847 647 2064 701 verant,
2099 654 2206 691 non
2250 649 2429 690 tamen
2475 643 2556 689 est
2592 637 2661 688 ita
2721 633 3001 702 Siquidem
3054 647 3122 684 ex
3175 631 3260 684 his
3309 647 3429 698 qua:

1847 729 2125 793 videbant,
2160 729 2407 782 sciebant
2438 728 2583 797 quod
2619 727 2671 778 in
2724 735 2869 778 terra
2932 723 3126 777 Petrus
3165 722 3267 776 sibi
3293 737 3427 791 prac-

1851 827 2195 884 ponerctur;
2262 815 2517 870 volebant
2581 822 2763 867 autem
2812 813 2974 872 scire,
3011 819 3194 862 utrum
3262 810 3429 861 etiam

1852 909 1904 962 in
1935 908 2074 962 emlo
2131 907 2600 976 praehonorandus
2647 913 2812 958 esset.
2873 902 2980 956 Sed
3024 911 3154 955 tunc
3213 902 3431 969 quidem

1851 1000 1918 1052 de
1953 1001 2038 1053 bis
2087 1000 2386 1054 dolebant:
2448 1013 2636 1052 verum
2699 997 3044 1066 postmodum
3095 1009 3217 1046 cum
3254 992 3433 1045 cll‘crti

1853 1103 2037 1146 essent
2070 1092 2316 1162 perfecti,
2350 1090 2554 1161 primos
2584 1091 2820 1142 honores
2869 1087 3103 1139 invicem
3165 1083 3436 1137 concede-

1855 1185 2007 1239 bant.

1929 1277 2083 1330 Vcrs.
2117 1275 2168 1328 2.
2206 1276 2270 1325 Et
2318 1303 2382 1312 —
2411 1274 2646 1328 illorum.
2703 1273 2915 1325 Marcus
2969 1278 3149 1323 autem
3183 1268 3300 1320 ait.
3377 1264 3435 1316 Ft

1859 1369 2190 1435 amplexatus
2213 1367 2365 1420 rtlum
2394 1367 2528 1418 dixit
2555 1366 2627 1416 eis
2659 1365 2735 1427 “;
2768 1360 2942 1415 Lucas
2984 1374 3113 1413 vero
3142 1358 3281 1425 quod
3314 1355 3439 1409 Stu-

1861 1461 1960 1512 tuit
1993 1475 2109 1511 eum
2145 1458 2307 1526 juxta
2331 1472 2386 1508 se
2415 1455 2479 1509 ".
2516 1451 2710 1506 Omnia
2745 1460 2925 1505 autem
2951 1450 3093 1501 facta
3122 1456 3272 1500 sunt.
3313 1443 3439 1496 I‘ri-

1860 1565 2008 1604 mum
2027 1549 2292 1618 siquidem
2308 1545 2633 1600 statuiteum
2665 1545 2720 1596 in
2748 1542 2926 1595 medio
2952 1540 3166 1592 illorum
3201 1554 3214 1598 ;
3243 1535 3440 1588 deinde

1857 1641 2011 1710 juxta
2065 1655 2144 1704 se,
2183 1637 2531 1708 postmodum
2577 1634 2917 1703 amplexatus
2949 1640 3032 1682 est
3086 1628 3260 1680 illum.
3317 1623 3441 1676 Vult

1861 1741 2043 1786 autem
2075 1746 2170 1799 per
2188 1729 2500 1796 exemplum
2531 1728 2600 1781 de
2628 1739 2795 1794 puero
2827 1723 3017 1776 sedare
3045 1721 3190 1771 hunc
3225 1718 3442 1771 illormn

1863 1824 2144 1878 aﬂcctum.

250 1902 354 1955 Kal
400 1931 474 1942 —
525 1903 824 1971 οὐραγῶν.
891 1904 1082 1972 Ὑμεῖς
1124 1904 1223 1973 μὲν
1278 1905 1409 1972 περὶ
1465 1903 1558 1957 τοῦ
1597 1905 1654 1957 ὲν
1691 1908 1755 1973 τῇ
1793 1884 1797 1934 l

1942 1914 2094 1968 Vers.
2152 1913 2206 1966 3.
2263 1909 2326 1962 Et
2362 1910 2720 1961 variorum.
2775 1903 2881 1957 Vos
2945 1903 3165 1972 quidem
3228 1899 3295 1952 de
3337 1897 3449 1966 pri-

186 1993 422 2063 βασιλείᾳ
451 1995 565 2044 τῶν
619 1993 866 2062 οὐρανῶν
912 1995 1185 2064 πρωτείου
1234 1996 1610 2048 πυνθάνεσοεο
1647 1996 1760 2063 ἐγώ

182 2085 230 2136 δὲ
263 2085 400 2150 λέγω
436 2087 592 2154 ὑμίν,
625 2085 731 2147 ὅτι,
764 2085 862 2138 ἐὰν
895 2086 970 2155 μὴ
1009 2090 1286 2156 στραφῆτε
1323 2087 1430 2138 ἀπὸ
1460 2089 1557 2156 τῆς
1594 2104 1762 2158 πονη-

187 2176 294 2245 ρίας
326 2177 417 2226 επὶ
456 2176 521 2227 τὸ
552 2177 853 2244 ἁπόνηρον,
884 2178 979 2229 καὶ
1032 2177 1266 2247 γένησθε
1319 2179 1545 2244 ἄκακοι,
1571 2177 1647 2240 ὡς
1695 2177 1762 2229 τὰ

186 2265 384 2328 παιδία,
425 2264 547 2317 οὐδὲ
583 2263 961 2317 είσελεύσεσθε
984 2265 1122 2328 ὅλως
1159 2266 1272 2335 (6|)
1306 2268 1388 2330 είς
1422 2269 1620 2336 αὑτήν.

251 2359 319 2408 Τὸ
373 2357 485 2425 γὰρ
539 2356 750 2409 παιδίον
801 2357 918 2409 ἐστὶ
974 2357 1074 2426 μὲν
1126 2358 1355 2421 ἁπλοῦν,
1410 2359 1764 2430 ἀπερίεργον,

191 2450 518 2516 ἀκοθόᾶζον,
565 2449 767 2518 ἄτυφον
790 2464 803 2477 ·
839 2449 1189 2518 ἀπήλλακται
1220 2449 1278 2503 δὲ
1315 2451 1646 2520 βασκανίας,
1674 2455 1766 2505 καὶ

193 2539 534 2608 ζηλοτυπίας,
560 2540 652 2591 καὶ
683 2538 1106 2607 φιλοπρωτείας,
1127 2541 1220 2592 καὶ
1237 2539 1430 2610 ἔριδος,
1459 2541 1554 2594 καὶ
1583 2541 1766 2604 ἁπλῶς

196 2631 380 2692 εἰπεῖν,
408 2627 697 2697 ἐλεύθερόν
727 2631 845 2680 ἐστι
878 2629 1078 2691 παντὸς
1111 2629 1503 2699 προαιρετικοῦ
1532 2631 1768 2693 πάθους,

196 2719 284 2772 οὐκ
335 2722 390 2785 ἐξ
445 2721 772 2787 ἀσκήσεως,
825 2721 938 2771 ἁλλ’
974 2719 1033 2783 ἐξ
1082 2722 1363 2789 ἀφελείας.
1422 2721 1489 2774 li!
1541 2739 1625 2785 τις
1678 2723 1771 2775 οὖν

198 2812 450 2878 ἀπέχεται
487 2808 596 2860 τῶν
633 2809 1039 2878 προαιρετικῶν
1074 2809 1264 2862 παθῶν
1289 2850 1302 2872 ,
1337 2811 1548 2877 γίνεται
1593 2814 1668 2873 ώς
1703 2813 1771 2862 τὰ

201 2903 394 2963 mnia,
415 2902 694 2969 κτώμενος
713 2899 778 2949 δι’
799 2900 1108 2969 ἀσκήσεως,
1124 2900 1267 2971 ἅπερ
1285 2902 1470 2970 ἔχουσι
1490 2904 1557 2954 τὰ
1585 2903 1773 2955 παιδία

202 2992 254 3054 ἐξ
285 2993 555 3060 ἀφελείλς.

265 3087 466 3151 Ὅστις
496 3119 565 3126 -
598 3087 892 3156 οὐρανῶν.
919 3088 1109 3148 Ὅστις
1142 3086 1263 3138 λίαν
1295 3086 1614 3157 ταπεινώσῃ
1645 3089 1775 3140 ὲαυ-

1869 2015 2016 2060 rnatu
2051 2005 2104 2057 in
2149 2018 2318 2069 regno
2345 2001 2611 2054 castorum
2668 1993 3068 2062 interrogatis;
3119 2006 3220 2060 ego
3265 1999 3447 2042 autem

1869 2095 1991 2148 dico
2025 2093 2179 2147 vobis
2201 2091 2367 2160 quod,
2395 2089 2498 2144 nisi
2529 2086 2780 2142 conversi
2833 2083 3056 2137 fueritis
3087 2097 3115 2133 a
3176 2079 3447 2148 pravitate

1872 2186 1937 2240 ad
1971 2183 2365 2242 sinceritatem,
2398 2189 2452 2235 et
2479 2176 3133 2234 eﬂiciaminiinnocentcs
3164 2182 3222 2224 ut
3261 2169 3441 2239 pueri,

1874 2280 1928 2332 in
1963 2277 2096 2331 illud
2133 2275 2356 2330 omnino
2387 2290 2494 2327 non
2523 2269 2926 2340 ingrcdiemini.

1944 2371 2086 2424 Puer
2121 2367 2388 2436 siquidem
2430 2374 2515 2418 est
2549 2363 2801 2430 simplex,
2830 2375 2937 2412 non
2974 2357 3244 2418 curiosus,
3275 2367 3456 2420 neque

1877 2477 2026 2515 vana:
2056 2461 2240 2531 gloria:
2273 2457 2534 2526 cupidus,
2571 2455 2690 2508 sine
2724 2453 2886 2516 fastu,
2914 2450 3051 2503 liber
3081 2457 3159 2502 cst
3198 2456 3252 2502 et
3277 2448 3345 2499 ab
3377 2446 3456 2498 in-

1879 2555 2046 2616 vidia,
2077 2551 2449 2611 :emulatione,
2481 2546 2566 2602 sui
2600 2559 2808 2605 amore,
2847 2541 3226 2602 contentione,
3286 2548 3363 2600 et,
3401 2546 3458 2589 ut

1878 2645 2045 2700 semel
2071 2645 2270 2704 dicam,
2305 2642 2518 2695 solutus
2549 2647 2635 2692 est
2672 2637 2740 2689 ab
2774 2635 2920 2688 omni
2974 2631 3282 2686 voluntario
3333 2630 3458 2682 alle-

1879 2751 1991 2801 cttt,
2023 2755 2129 2791 non
2161 2751 2257 2805 per
2289 2733 2637 2793 exercitium,
2671 2730 2764 2783 sed
2807 2743 2900 2796 per
2937 2725 3365 2792 simplicitatem.
3402 2723 3458 2774 Si

1879 2834 2003 2902 quis
2059 2847 2188 2900 ergo
2247 2828 2624 2882 discesserita
2683 2821 3002 2876 voluntariis
3061 2818 3462 2875 aﬂeetionibns.

1882 2926 2147 2979 eIIit-ictur
2181 2924 2322 2975 sicut
2349 2921 2523 2989 pueri,
2575 2913 2782 2970 luibcns
2834 2931 2926 2984 pcr
2967 2912 3288 2966 exercitium
3319 2912 3462 2978 qttod

1884 3018 2087 3069 habent
2120 3012 2270 3083 pueri
2308 3028 2405 3081 per
2440 3010 2869 3078 simplicitatem.

1961 3109 2111 3161 Vers.
2143 3107 2194 3159 4.
2233 3105 2485 3173 Quisquis
2508 3134 2573 3143 —
2608 3100 2880 3153 corlorum.
2918 3095 3179 3164 Quisquis
3215 3094 3468 3146 volunta-

203 3180 284 3230 τὸν
327 3181 692 3248 ὲκονσίως,ώς
725 3183 784 3235 τὸ
809 3181 1017 3234 παιδίον
1037 3180 1195 3234 τοῦτο
1218 3182 1338 3233 λίαν
1384 3183 1778 3235 τεταπείνωται

1888 3201 1964 3254 rie
1999 3199 2236 3265 seipsum
2271 3197 2628 3249 vehementer
2669 3188 2951 3260 dcjecerit.
3011 3187 3150 3240 sicut
3204 3201 3336 3254 puer
3365 3185 3467 3236 iste

207 3270 477 3334 ἀκουσίως.
524 3275 645 3343 Χρὴ
679 3275 789 3342 γὰρ
826 3271 1114 3342 μιμεῖσθαι
1155 3273 1214 3324 τὸ
1256 3273 1488 3337 παιδίον,
1518 3272 1545 3324 ὃ
1578 3271 1779 3332 πολλὰς

208 3361 315 3429 ἕλον
337 3405 348 3425 ,
377 3365 449 3427 ὡς
486 3368 700 3436 εἴρηται
727 3409 740 3430 ,
775 3366 974 3434 ἀρετὰς
1011 3366 1096 3416 ἐπ’
1127 3365 1355 3435 οὐδεμιᾷ
1389 3365 1592 3416 τούτων
1627 3366 1784 3417 ὲπαί-

213 3470 370 3520 ρεται.

275 3548 371 3599 lt'al
400 3548 739 3618 -δέχεται,
774 3551 883 3601 Καὶ
914 3549 1062 3610 ὅστις
1091 3547 1156 3600 ἂν
1203 3547 1530 3620 ξενοδοχήσῃ
1569 3549 1783 3601 παιδίον

209 3639 431 3689 τοιυῦτον
465 3635 675 3702 ἓν,οἷον
716 3635 890 3705 εἶπον,
915 3640 1110 3715 Ιᾕγρυν,
1157 3638 1251 3690 ἕνα
1294 3639 1418 3690 τινὰ
1463 3641 1783 3708 γενόμενον,

215 3729 280 3791 ὠς
311 3731 509 3783 πιιδίον
538 3731 804 3798 τοιοῦτον,
829 3733 974 3798 λέγω
995 3731 1059 3801 δὴ
1094 3730 1372 3793 ταπεινὸν,
1422 3730 1518 3783 καὶ
1568 3731 1784 3800 εὐτελῆ,

217 3824 302 3872 καὶ
354 3825 786 3895 ἀπερριμμένον.
833 3827 904 3876 Τὸ
951 3825 1029 3888 δὲ,
1077 3824 1176 3876 ἐπὶ
1226 3823 1306 3889 τῷ
1349 3825 1598 3893 ὀνόματί
1642 3842 1782 3894 μου,

220 3914 324 3966 ἀντὶ
349 3917 457 3980 τοῦ,
490 3918 556 3971 δι’
583 3920 706 3987 ἐμὲ,
725 3917 813 3969 διὰ
833 3919 893 3969 τὸ
914 3913 1053 3970 εἶναι
1080 3919 1172 3970 τὸν
1203 3915 1443 3970 τοιοῦτον
1466 3917 1620 3987 ἐμόν.

288 4102 414 4171 Ὄρι
449 4103 526 4165 δὲ,
562 4103 730 4154 πόσον
758 4103 905 4170 φιλεῖ
928 4101 1018 4154 τὸν
1042 4101 1308 4154 τοιοῦτον.
1349 4101 1411 4153 '0
1438 4103 1630 4154 τοῦτον
1655 4103 1784 4173 γὰρ,

229 4194 378 4259 φησὶ,
412 4193 701 4261 δεχόμενος
741 4191 843 4260 ἐμὲ
878 4191 1119 4260 δέχεται.
1157 4191 1387 4262 Μάρκος
1422 4191 1477 4243 δὲ
1522 4194 1789 4262 προσέθη-

231 4302 334 4349 κεν,
359 4287 434 4337 ὅτι
474 4286 583 4338 Καὶ
616 4285 683 4349 ὃς
721 4283 832 4336 ἐὰν
876 4284 979 4352 ἐμὲ
1017 4281 1282 4349 δέξηται,
1317 4284 1426 4338 οὐκ
1460 4283 1566 4350 ἐμὲ
1615 4283 1788 4352 δέχθε

233 4391 333 4440 ται,
365 4378 518 4430 ἀλλὰ
558 4378 668 4428 τὸν⁴
707 4373 1164 4429 ἀποστείλαντά
1191 4391 1287 4442 με.

297 4469 439 4520 Ἐστι
472 4469 526 4521 δὲ
573 4471 602 4521 ὁ
638 4467 761 4529 νοῦς
813 4467 922 4519 τῶν
971 4467 1108 4519 ὅλων
1154 4467 1334 4536 ῥητῶν
1388 4466 1649 4531 τοιοῦτος,
1707 4469 1790 4520 ὃτι

1885 3310 1992 3346 non
2029 3289 2332 3344 voluntarie
2373 3289 2726 3340 vehementer
2781 3282 3032 3348 deiectus
3067 3287 3192 3332 est:
3241 3284 3460 3344 Oportet

1884 3387 2055 3447 enim,
2085 3393 2144 3438 ut
2176 3384 2382 3438 dictum
2442 3389 2545 3441 est,
2597 3376 2798 3431 imitari
2834 3388 3088 3443 puerum,
3147 3373 3239 3439 qui
3271 3373 3469 3422 multas

1889 3481 2097 3534 habens
2123 3477 2374 3538 virtutes,
2411 3473 2481 3527 ob
2516 3471 2721 3525 nullam
2767 3469 2982 3522 illarum
3019 3464 3323 3519 extollitur.

1957 3568 2113 3622 Vers.
2147 3568 2198 3621 5.
2265 3565 2331 3618 Et
2361 3594 2427 3604 —-
2456 3562 2695 3630 suscipit.
2759 3559 2825 3612 Et
2872 3556 3188 3625 quicunque
3239 3551 3471 3620 hospitio

1887 3659 2168 3727 exceperit
2202 3671 2372 3709 unum
2406 3653 2569 3705 talem
2607 3665 2836 3720 puerum
2865 3648 3079 3718 qualem
3112 3645 3268 3707 dixit,
3318 3642 3472 3695 vide-

1887 3751 2017 3804 licet
2054 3764 2221 3802 unum
2269 3747 2506 3816 aliquem
2545 3745 2746 3797 factum
2798 3740 2939 3795 sicut
2975 3739 3093 3793 talis
3143 3752 3317 3806 puer..
3348 3735 3474 3790 dico

1890 3860 2019 3898 sane
2055 3842 2343 3902 humilem,
2386 3839 2543 3891 vilem
2583 3846 2636 3890 et
2662 3835 2956 3903 abiectum.
2997 3830 3150 3896 Quod
3188 3841 3370 3883 autem
3390 3829 3474 3883 di-

1889 3934 1986 3995 cit,
2016 3935 2071 3983 in
2111 3930 2320 3982 nomine
2368 3944 2500 3991 meo,
2545 3927 2647 3979 hoc
2683 3932 2787 3986 est,
2825 3930 3043 3990 propter
3088 3936 3189 3979 me,
3242 3928 3295 3972 et
3346 3917 3473 3986 quia

1894 4025 2014 4078 talis
2046 4030 2128 4076 est
2169 4035 2345 4074 meus.

1962 4113 2098 4166 Vide
2145 4126 2274 4176 ergo
2334 4117 2597 4178 quantum
2651 4105 2810 4159 talem
2844 4113 3008 4158 amet.
3067 4102 3243 4164 "th,
3277 4100 3473 4167 inquit,

1891 4205 2220 4274 suscipiens,
2240 4219 2326 4256 me
2352 4201 2602 4268 suscipit.
2634 4198 2846 4252 Marcus
2875 4211 3006 4250 vero
3039 4193 3283 4248 addidit:
3315 4192 3473 4257 Quis-

1891 4299 2006 4370 quis
2045 4305 2222 4350 autem
2274 4311 2355 4346 me
2400 4292 2639 4358 suscipit,
2685 4305 2788 4341 non
2831 4304 2910 4340 me
2948 4285 3184 4355 suscipit,
3232 4284 3322 4337 sed
3356 4297 3476 4335 eum

1890 4393 1980 4462 qui
2007 4392 2144 4443 misit
2178 4403 2257 4440 me
2283 4388 2351 4438 ³⁷.

1968 4483 2063 4535 Est
2088 4490 2272 4534 autem
2305 4490 2500 4531 sensus
2543 4473 2786 4527 omnium
2820 4471 3090 4525 dictorum
3138 4469 3258 4522 talis
3290 4484 3307 4522 :
3343 4465 3477 4532 Qui-

242 4559 322 4620 ’ος
370 4559 431 4612 ἂν
468 4562 803 4629 ὑποδέξηται
863 4561 956 4612 τὸν
998 4561 1294 4628 γενόμενον
1327 4559 1401 4621 ὡς
1447 4560 1682 4621 παιδίον,
1723 4561 1789 4610 δι’

1899 4586 2118 4639 cunque
2155 4567 2459 4635 susreperit
2491 4579 2614 4616 cum
2652 4562 2740 4630 qui
2775 4560 2949 4614 factus
2979 4569 3064 4612 est
3108 4558 3273 4611 veluti
3319 4573 3472 4624 puer,

241 4650 423 4702 ἐκείνου
469 4652 567 4720 μὲν
609 4652 710 4720 ἐμὲ
754 4650 1103 4719 ὑποδέχεται,
1143 4650 1211 4702 δι’
1241 4652 1374 4718 ἐμοῦ
1420 4651 1476 4702 δὲ
1522 4651 1614 4702 τὸν
1659 4653 1794 4702 ἀπο-

241 4743 498 4796 στείλαντα
539 4761 607 4813 με
643 4743 861 4813 Πατέρα
888 4761 1010 4811 μου,
1053 4743 1109 4794 '0
1145 4743 1241 4812 μὲν
1264 4743 1372 4812 γὰρ
1409 4744 1596 4812 Πατὴρ
1625 4746 1796 4796 οίκει-

243 4834 375 4890 οὗτοι
407 4839 503 4906 τὴν
542 4839 623 4898 είς
658 4837 756 4905 ἐμὲ
791 4836 957 4906 τιμὴν
982 4877 995 4900 ,
1032 4833 1144 4902 ἐγὼ
1177 4835 1233 4887 δὲ
1266 4837 1364 4904 τὴν
1398 4839 1475 4898 είς
1510 4839 1602 4888 τὸν
1639 4839 1794 4904 γενό-

244 4942 383 4989 μενον
406 4928 477 4989 ὡς
510 4928 748 4980 παιδίον.

299 5017 357 5068 Τί
390 5017 478 5069 οὖν
525 5017 947 5087 μακαριώτερον
978 5017 1237 5086 τοιαύτης
1280 5017 1586 5088 ὑποδοχῆς,
1625 5019 1692 5071 δι’
1725 5014 1790 5088 ἧς

243 5108 535 5178 ὑποδέχεταί
569 5127 656 5172 τις
709 5111 808 5178 τὴν
847 5109 1133 5177 μακαρίαν
1168 5108 1378 5180 Τριάδα
1417 5128 1432 5175 ;
1466 5110 1528 5162 Εἰ
1563 5112 1673 5182 γὰρ
1700 5113 1792 5164 τὴν

245 5201 353 5256 l'l'w
394 5205 482 5256 καὶ
521 5205 615 5257 τὸν
659 5201 881 5271 Πατέρα
907 5240 922 5264 ,
964 5202 1185 5263 πάντως
1232 5201 1326 5254 καὶ
1365 5202 1425 5254 τὸ
1471 5203 1694 5271 Πνεῦμα
1735 5206 1796 5256 τὸ

245 5292 375 5356 αγιον
408 5296 515 5364 ((32)
542 5313 554 5326 ·
593 5293 899 5362 ἀχώριστος
944 5292 1052 5362 γὰρ
1082 5295 1114 5362 ἡ
1163 5293 1284 5344 Θεία
1317 5293 1508 5362 Τριάς.
1545 5292 1712 5346 Οὔπω
1740 5295 1796 5347 δὲ

245 5384 411 5451 καιρὸς
455 5383 520 5455 ἧν
565 5385 869 5454 τηνικαῦτα
918 5384 1126 5449 διδάξαι
1176 5385 1268 5438 καὶ
1330 5387 1458 5454 περὶ
1502 5385 1594 5439 τοῦ
1638 5388 1795 5454 ἁγίου

249 5473 550 5545 Πνιεύμαιος.

342 5589 382 5619 ’³
414 5587 573 5643 Marc.
605 5604 685 5652 ιχ,
721 5586 811 5642 '56.
923 5589 968 5627 ’⁵
995 5587 1126 5642 Luc.
1158 5604 1230 5652 ιχ,
1264 5587 1352 5641 47.

1896 4683 1993 4737 per
2027 4665 2178 4718 illum
2211 4660 2434 4730 quidem
2471 4672 2557 4709 me
2587 4654 2840 4722 suscipit,
2885 4669 2983 4721 per
3013 4667 3098 4705 me
3152 4661 3334 4705 autem
3376 4651 3479 4702 Pa-

1897 4764 2036 4808 trem
2079 4767 2260 4805 meum
2290 4747 2384 4816 qui
2426 4745 2573 4798 misit
2609 4758 2715 4796 me.
2753 4741 2911 4792 Pater
2964 4739 3232 4807 siquidem
3282 4753 3484 4806 appro-

1897 4847 2042 4916 priat
2077 4844 2177 4897 sibi
2207 4857 2354 4901 eum,
2395 4837 2486 4905 qui
2535 4835 2666 4888 mihi
2709 4832 2973 4893 defertur,
3033 4831 3333 4895 honorem;
3384 4844 3484 4898 ego

1903 4953 2034 4992 vero
2066 4934 2306 4987 delatum
2343 4929 2417 4982 illi
2442 4926 2532 4995 qui
2568 4925 2744 4979 factus
2779 4932 2860 4976 est
2895 4921 3060 4976 veluti
3087 4937 3245 4988 puer.

1975 5026 2114 5094 Quid
2150 5025 2311 5095 igitur
2353 5021 2444 5074 tali
2481 5015 2835 5085 susceptione
2882 5013 3115 5075 beatius,
3172 5027 3270 5079 per
3324 5026 3484 5078 quam

1905 5119 2134 5189 suscipit
2173 5117 2295 5186 quis
2333 5115 2546 5168 beatam
2579 5105 2946 5162 Trinitatem?
2973 5105 3106 5157 Nam
3134 5105 3176 5156 si
3208 5101 3407 5154 Filium
3433 5113 3490 5156 et

1907 5216 2144 5276 Patrem,
2179 5209 2366 5276 utique
2397 5214 2450 5258 et
2479 5202 2742 5270 Spiritum
2771 5207 3017 5254 sanetum
3058 5215 3070 5250 :
3111 5195 3490 5264 inseparabilis

1907 5303 2177 5372 siquidem
2209 5308 2294 5354 est
2324 5298 2484 5350 beata
2513 5292 2775 5346 Trinitas.
2817 5288 3069 5342 Nondum
3127 5295 3308 5340 autem
3351 5293 3490 5340 tem-

1906 5406 2008 5461 pus
2047 5399 2177 5442 tunc
2216 5395 2333 5441 erat
2358 5381 2589 5439 docendi
2620 5381 2686 5434 de
2718 5379 2924 5448 Spiritu
2950 5388 3160 5432 sancto.

1466 5588 1507 5617 ’τ
1539 5586 1703 5642 Marc.
1729 5605 1804 5656 ιτ,
1836 5591 1926 5646 57.

1405 5726 1608 5788 Varia:
1643 5729 1952 5790 lectiones
1997 5733 2056 5786 et
2102 5731 2291 5786 notua.

326 5803 422 5862 (6H
451 5808 603 5868 Ἕως.
635 5822 733 5876 pro
765 5807 922 5869 ὅλως.
955 5806 1012 5860 Β.

1988 5806 2097 5875 ίϋῖ)
2147 5801 2521 5871 ’Υποδέχεται.
