4096 6398
197 399 303 464 505

1036 401 1427 462 COMMENT.
1465 401 1549 461 IN
1588 401 2064 462 MATTHIEUM.
2104 427 2173 438 --
2214 404 2373 465 CAP.
2413 406 2638 468 XVIII.

3369 413 3476 476 506

197 511 442 566 γενέσθαι
485 511 698 576 τοῦτον,
747 509 957 581 μήποτε
1003 509 1384 580 δτμοσιευθιὶς
1451 509 1787 581 ἰταμώτερος

1895 511 2063 582 recipi
2105 515 2280 583 possit
2313 518 2610 586 correptio,
2646 519 2969 574 exhortatur
3000 529 3057 574 ut
3086 519 3178 574 fiat
3204 521 3347 577 inter
3370 523 3480 578 duo

199 604 427 673 νένηται
459 603 554 656 καὶ
581 601 990 672 δυσδιόρθωτος.

280 782 425 837 Ἐὰν
457 815 528 826 --
556 799 694 837 σου.
737 781 861 835 Ἐάν
897 799 978 835 σοι
1022 783 1216 854 πεισθῇ
1258 783 1660 855 διορθουμένῳ,
1691 785 1787 837 καὶ

203 876 554 945 μετανοήσῃ,
597 875 691 927 καὶ
728 872 986 943 καταγνῷ
1028 873 1258 938 ἑαυτοῦ,
1298 875 1601 944 ἐκέρδησας
1639 876 1783 944 μέγα

198 965 412 1033 κέρδος,
455 965 618 1017 αύτζν
664 965 756 1017 τὸν
798 964 1027 1032 ἀδελφόν
1073 981 1189 1029 σου,
1235 964 1298 1017 τὸ
1353 965 1512 1034 μέλος
1563 966 1623 1016 τὸ
1671 966 1781 1018 σόν.

197 1054 424 1122 Πρῶτον
462 1056 574 1124 γὰρ
606 1053 835 1124 ἐζημιοῦ
871 1052 1080 1119 τοῦτον,
1115 1054 1204 1106 διὰ
1224 1053 1317 1107 τοῦ
1356 1053 1654 1105 σκανδάλου
1689 1056 1785 1123 ρηο

198 1149 468 1218 γνύμενον
518 1148 628 1200 ἀπὸ
658 1147 756 1218 τῆς
806 1145 1108 1216 ἀδελφικῆς
1143 1163 1236 1199 σου
1281 1145 1597 1212 συναφείας,
1648 1147 1784 1212 ὅπερ

200 1242 414 1309 μεγάλη
447 1239 621 1307 ζημία
651 1241 762 1302 τοῖς
795 1237 1012 1307 ἀληθῶς
1047 1238 1314 1307 ἀδελφοῖς.

263 1331 691 1398 Ἐὰν-ῥῆμα,
733 1330 952 1398 Ἐπειδὴ
981 1331 1138 1399 μόνος
1171 1330 1439 1400 ἡτόνησας
1475 1329 1779 1400 ἰατρεῦσαι,

194 1422 480 1490 παράλαϐε
526 1422 664 1490 μετά
704 1420 796 1472 σοῦ
835 1422 913 1473 ἔτι
955 1423 1030 1490 μὴ
1070 1421 1296 1483 πολλοὺς
1324 1461 1337 1482 ,
1380 1422 1466 1472 ἵνα
1503 1423 1577 1489 μὴ
1620 1422 1782 1473 πᾶλιν

193 1513 425 1573 ἐκεῖνος,
464 1510 620 1573 δόξας
661 1510 1137 1578 ἐκπομπεύεσοαι,
1176 1509 1540 1579 σκληρότερος
1577 1509 1778 1578 ἀποϐῇ,

193 1605 313 1658 ἀλλ’
340 1605 491 1674 ἓναῆ
520 1605 612 1658 δύο
642 1605 890 1675 βοηθοὺς,
930 1606 1040 1664 ἵνα.
1071 1608 1115 1656 εὶ
1147 1605 1404 1675 ὲπιμείνῃ
1471 1604 1545 1673 μὴ
1577 1604 1778 1673 μαλασ-

195 1696 458 1765 σόμενος,
487 1691 585 1749 ὦσι
617 1699 711 1750 καὶ
746 1697 1022 1767 μάρτυρες
1055 1697 1151 1764 τῆς
1185 1712 1242 1747 τε
1279 1696 1379 1765 σῆς
1409 1696 1780 1765 χρηστότητος

193 1788 415 1858 καὶτῆς
448 1789 658 1842 ἐκείνου
694 1788 1087 1860 σκληρότητος,
1133 1787 1225 1840 καὶ
1257 1786 1343 1839 ἵνα
1374 1787 1514 1839 κατὰ
1546 1785 1646 1856 τὴν
1679 1788 1779 1857 τῆς

1894 614 2201 670 tantum,ne
2218 605 2356 662 forte
2372 608 2683 678 publicatus
2697 608 2994 680 improbior
3013 610 3104 666 ﬁat
3117 627 3181 667 ac
3193 612 3483 685 incorrigi-

1893 698 2042 752 bilis.

1961 789 2114 844 Vers.
2159 790 2244 845 15.
2278 787 2337 845 Si
2362 820 2428 831 —
2455 799 2624 845 tuum.
2657 790 2714 846 Si
2745 792 2842 847 tibi
2869 793 3137 850 obeilierit
3183 797 3478 866 corrigenti

1890 882 2316 951 resipueritque,
2349 897 2412 937 ac
2435 882 2677 953 seipsum
2703 886 3180 952 condemnaverit,
3217 903 3474 960 maguum

1890 971 2066 1026 fecisti
2093 971 2327 1036 lucrum,
2351 972 2530 1042 ipsum
2562 975 2810 1030 videlicet
2843 976 3068 1032 fratrem
3095 987 3269 1045 tuum,
3302 994 3480 1034 meiu-

1889 1061 2046 1114 lirum
2080 1071 2256 1116 tuum.
2299 1062 2452 1117 Hunc
2482 1065 2630 1119 enim
2674 1067 2994 1134 perdideras
3042 1079 3269 1138 propter
3299 1069 3478 1123 offen-

1887 1151 2153 1212 diculutn,
2174 1151 2445 1206 divulsum
2479 1168 2508 1206 a
2528 1155 2765 1209 fraterna
2787 1156 3174 1225 conjunctione
3201 1167 3313 1223 tua,
3333 1159 3480 1227 quod

1886 1240 2087 1310 grande
2112 1241 2368 1297 damnum
2387 1253 2470 1298 est
2499 1245 2584 1298 his
2612 1247 2705 1314 qui
2730 1262 2855 1301 vere
2889 1248 3086 1304 fratres
3117 1259 3265 1306 sunt.

1959 1329 2114 1386 Vers.
2141 1333 2221 1386 l6.
2248 1334 2308 1388 Si
2340 1364 2408 1374 —
2445 1337 2682 1392 verbum.
2730 1340 2866 1403 Quia
2896 1339 3045 1394 solus
3087 1356 3198 1394 non
3255 1341 3476 1396 valuisti

1888 1437 2118 1489 curare,
2163 1440 2384 1479 assume
2418 1436 2596 1480 tecum
2632 1429 2812 1483 adhuc
2869 1446 2977 1484 non
3013 1433 3238 1494 multos,
3278 1448 3348 1487 ne
3381 1434 3473 1486 ille

1893 1513 2159 1582 publicari
2213 1531 2272 1570 se
2319 1527 2599 1583 reputans,
2636 1518 2824 1574 durior
2853 1519 3275 1588 efﬁciatur;sed
3307 1538 3477 1577 unum

1883 1614 1974 1657 aut
2001 1603 2138 1661 duos
2162 1605 2533 1670 auxiliatores,
2559 1618 2619 1661 ut
2650 1608 2694 1663 si
2733 1611 3108 1678 perduraverit
3144 1629 3253 1665 non
3291 1613 3482 1667 molle-

1881 1713 2034 1760 cens,
2065 1699 2175 1752 sint
2202 1699 2364 1752 etiam
2391 1710 2556 1754 testes
2581 1711 2688 1755 tua:
2731 1705 3176 1759 mansuetudinis
3244 1715 3299 1758 et
3332 1705 3481 1758 duri-

1887 1788 1976 1843 tiei
2010 1789 2178 1856 illius,
2212 1800 2382 1860 utque
2419 1792 2578 1860 juxta
2624 1795 2826 1852 veteris
2862 1795 2997 1866 legis
3033 1797 3367 1852 sententiam
3425 1797 3480 1850 in

191 1878 433 1941 παλαιᾶς
469 1879 793 1948 νομοθεσίας
830 1877 1108 1946 ἀπόφασιν
1141 1878 1233 1928 ἐπὶ
1271 1877 1574 1944 στόματος,
1608 1875 1776 1945 ἤγουν

1893 1892 1979 1932 ore
2007 1878 2122 1934 sive
2154 1895 2250 1949 per
2280 1896 2343 1936 os
2364 1881 2594 1936 duorum
2631 1885 2858 1938 testium
2891 1886 2974 1939 vel
3002 1886 3189 1949 trium,
3221 1896 3349 1952 stet,
3379 1888 3482 1940 hoc

190 1970 282 2024 διὰ
313 1971 602 2042 στόματος,
626 1971 720 2026 δύο
745 1971 1041 2044 μαρτύρων
1065 1970 1098 2042 ἢ
1122 1968 1289 2041 τριῶν
1309 1967 1507 2040 σταθῇ,
1529 1967 1782 2023 τουτέστι

193 2063 470 2135 βεδαιωθῇ
505 2069 611 2120 πᾶν
641 2067 814 2137 ῥῆμα,
838 2067 866 2119 ὃ
891 2068 1062 2131 ἐστιν,
1087 2067 1168 2118 ὅτι
1193 2065 1257 2116 σὺ
1287 2063 1349 2115 τὸ
1375 2063 1466 2115 σὸν
1492 2063 1779 2128 ἐποίησας,

190 2159 291 2208 καὶ
343 2157 498 2210 οὐδὲν
553 2156 822 2221 ἐνέλιπες,
880 2156 1074 2226 πρώτα
1129 2155 1229 2224 μὲν
1281 2154 1443 2224 μόνος
1499 2151 1779 2220 ἀπελθὼν,

189 2246 385 2299 ἔπειτα
413 2247 471 2299 δὲ
502 2247 597 2300 καὶ
623 2247 817 2310 ἄλλους
851 2245 1317 2316 συμπαραλαϐών.

274 2339 420 2390 Ἐὰν
448 2369 515 2379 -
558 2339 910 2405 Ἐκκλησία.
957 2337 1288 2407 Ἐκκλησίαν
1315 2336 1467 2406 λέγει
1500 2335 1596 2390 νῦν
1648 2334 1780 2398 τοὺς

191 2431 548 2500 προεστῶτας
578 2431 678 2499 τὴς
715 2430 1042 2499 Ἐκκλησίας
1074 2431 1182 2482 τών
1215 2428 1444 2484 πιστῶν.
1491 2426 1783 2495 Ἀνάγγει·

191 2526 281 2576 λον
321 2525 504 2586 αὐτοῖς
536 2523 605 2574 τὰ
640 2523 770 2593 περὶ
801 2521 989 2574 αὑτοῦ·
1028 2523 1160 2583 ἴσως
1194 2520 1352 2573 αὐτοὶ
1387 2518 1583 2573 τοῦτον
1612 2533 1784 2589 μετα-

191 2617 494 2679 πείσουσιν,
522 2615 836 2684 αἰδούμενον
863 2613 960 2683 τὴν
989 2612 1261 2683 ὑπεροχὴν
1291 2613 1492 2664 αὐτῶν.

275 2708 420 2762 Ἐὰν
445 2739 510 2748 -
536 2706 826 2773 τελώνης.
855 2707 1037 2757 Ἔστω
1063 2722 1146 2758 σοι
1172 2704 1362 2757 λοιπὸν
1392 2699 1780 2772 ἀκοινώνητος,

190 2802 266 2864 ὡς
325 2798 570 2862 ἀνίατος.
609 2797 732 2861 Τοῖς
770 2798 1004 2861 έθνικοίς
1052 2797 1130 2864 δὲ,
1173 2799 1288 2860 τοῖς
1337 2797 1609 2863 ἀπίστοις,
1653 2796 1783 2859 τοὺς

189 2891 435 2954 τελώνας
476 2889 766 2954 συνέζευξε
801 2890 890 2942 διὰ
930 2889 990 2940 τὸ
1034 2887 1447 2958 φιλοχρήματον
1487 2889 1583 2941 καὶ
1624 2885 1785 2940 πλεο-

190 2983 467 3050 νεκτικὸν,
502 2982 597 3036 καὶ
625 2979 972 3051 ἀσυμπαθὲς,
1005 2980 1102 3034 καὶ
1129 2979 1342 3034 ἄδικον.

274 3252 636 3323 ’Λκούσωμεν
668 3253 716 3305 οἱ
742 3253 856 3314 τοῖς
887 3265 1155 3315 τοιουτοις
1182 3250 1416 3304 πάθεσιν
1443 3246 1785 3320 ένεχόμενοι.

191 3344 343 3409 Ὅρα
398 3343 477 3406 δὲ,
518 3344 694 3412 πόσην
743 3342 980 3412 σπουδὴν
1020 3339 1401 3407 ἐπιδείξασθαι
1447 3338 1787 3411 προσέταξεν

191 3435 336 3506 ὑπὲρ
353 3434 444 3487 τοῦ
461 3435 802 3505 διορθοῦσθαι
820 3435 942 3494 τοὺς
964 3433 1423 3495 σκανδαλίσαντας
1440 3432 1610 3502 ἡμᾶς’
1630 3433 1790 3502 ἡμεῖς

191 3528 250 3579 δὲ
280 3527 471 3579 λοιπον
493 3526 616 3578 οὐδὲ
644 3527 768 3587 τοὺς
800 3526 888 3592 ὑφ’
910 3525 1068 3594 ήμῶν
1098 3524 1596 3586 σκανδαλισθέντας
1626 3522 1790 3593 θερα-

192 3619 396 3669 πεύειν
456 3615 888 3683 καταδεχόμεθα.
932 3615 996 3666 'l‘i
1052 3611 1183 3679 oi'w;
1219 3613 1380 3667 τοῦτο
1434 3614 1598 3682 μόνον
1635 3612 1790 3666 ἔσται

193 3709 427 3770 κόλασις
478 3709 555 3778 τῷ
602 3708 848 3774 ἀνιάτῳς
902 3707 1057 3775 Οὐχὶ,
1118 3705 1233 3759 ἀλλ’
1297 3707 1467 3759 ἄκουε
1524 3703 1624 3759 καὶ
1679 3705 1790 3756 τῶν

194 3801 349 3869 ἑξῆς.

281 3891 465 3959 Ἀμὴν
486 3923 554 3931 -
579 3889 836 3957 οὐρανῷ.
864 3889 1142 3950 Κελεύσας
1185 3888 1494 3940 τελευταῖον
1519 3889 1693 3941 εἰπεῖν
1721 3889 1787 3959 τῇ

206 3985 534 4055 Ἐκκλησία,
564 3983 767 4053 δηλαδὴ
808 3985 922 4044 τοῖς
953 3979 1260 4052 προεστῶσι
1310 3979 1787 4050 τῆςἘκκλησιας,

189 4077 391 4130 λοιπὸν
438 4078 574 4146 πρὸς
621 4077 819 4138 αὐτοὺς
856 4075 1202 4128 ἀποτείνεται
1250 4071 1450 4140 λέγων’
1500 4071 1662 4124 Ὅσα
1713 4071 1791 4125 ἂν

191 4169 431 4235 δήσητε
466 4169 565 4220 ἐπὶ
603 4167 712 4236 τῆς
755 4167 888 4237 γῆς,
927 4169 1023 4219 καὶ
1070 4167 1140 4219 τὰ
1185 4166 1338 4236 ἑξῆς.
1373 4165 1548 4219 Τοῦτο
1587 4165 1644 4217 δὲ
1695 4164 1790 4218 καὶ

191 4261 337 4331 προς
369 4259 462 4312 τὸν
499 4258 703 4327 Πέτρον
737 4255 914 4321 εἶπεν,
955 4261 1014 4310 ἐν
1041 4257 1118 4326 τῷ
1151 4257 1462 4329 τριακοστῷ
1490 4257 1662 4328 τρίτῳ
1694 4273 1791 4309 κε-

191 4353 440 4422 φαλαίῳ,
468 4356 564 4403 καὶ
597 4350 830 4422 ζήτησον
866 4352 982 4402 ἐκεῖ
1014 4351 1112 4419 τὴν
1147 4349 1433 4420 ἐξήγησιν.

269 4446 436 4498 Ἐστι
472 4443 528 4496 δὲ
577 4442 672 4496 νῦν
716 4444 748 4511 ἡ
785 4441 998 4494 διάνοια
1045 4440 1142 4493 τοῦ
1194 4439 1362 4511 ῥητοῦ
1410 4436 1658 4508 τοιαύτη,
1707 4437 1790 4490 ὅτι

1886 1979 1996 2039 est,
2029 1971 2387 2028 confirmetur
2415 1988 2579 2030 omne
2607 1976 2858 2036 verbum,
2882 1986 3011 2046 puta
3030 1987 3080 2032 te
3110 1977 3305 2032 fecisse
3337 1978 3479 2046 quod

1886 2062 1942 2116 in
1991 2073 2044 2119 te
2094 2077 2202 2128 est,
2235 2066 2486 2137 nihilque
2523 2069 2942 2138 praetermisisse
3004 2071 3284 2139 :primum
3326 2069 3476 2123 enim

1884 2150 2034 2208 solus
2064 2151 2246 2208 abiisti
2280 2153 2350 2208 ad
2383 2169 2540 2218 eum,
2589 2154 2791 2210 deinde
2849 2157 2972 2211 aliis
3011 2171 3230 2225 quoque
3272 2171 3485 2209 assmu-

1884 2243 2018 2313 ptis.

1958 2333 2115 2390 Vers.
2133 2333 2219 2389 17.
2238 2333 2389 2400 Quod
2411 2334 2805 2404 si—Ecclesim,
2837 2336 3130 2392 Ecclesium
3160 2355 3307 2393 nunc
3329 2350 3489 2394 vocat

1885 2425 2147 2496 praesides
2166 2423 2407 2480 fidelium
2443 2422 2722 2481 Ecclesiae.
2756 2423 3034 2480 Renuntia
3079 2428 3184 2481 illis
3224 2444 3346 2497 quae
3373 2429 3483 2482 cir-

1884 2529 1947 2570 ca
1968 2514 2116 2568 hunc
2141 2522 2399 2585 aguntur.
2431 2514 2703 2569 Fortassis
2730 2514 2805 2568 illi
2832 2516 3210 2569 iinmutabunt
3243 2532 3368 2570 cum
3399 2531 3490 2570 ve—

1897 2609 2072 2664 ritum
2109 2608 2429 2678 dignitatern
2461 2608 2728 2678 ipsorum.

1955 2697 2116 2754 Vera.
2151 2698 2240 2753 17.
2283 2697 2454 2752 Porro
2484 2700 2530 2752 si
2571 2697 2991 2777 --ρμύιὶεαηιιι
3026 2697 3108 2752 Sit
3171 2699 3264 2752 tibi
3316 2699 3482 2753 dein-

1883 2803 2016 2859 ceps
2047 2788 2614 2856 incommunicabilis,
2644 2805 2767 2843 cuin
2793 2805 2900 2858 quo
2920 2790 3123 2844 nullam
3159 2790 3312 2844 ineas
3345 2791 3476 2843 vita:

1886 2881 2226 2946 societatem,
2285 2890 2545 2950 tanquam
2582 2880 2989 2936 immedicabili.
3023 2881 3269 2935 Ethnicis
3309 2891 3492 2935 autem

1886 2972 2204 3029 infidelibus
2239 2972 2525 3042 conjunxit
2557 2972 2898 3040 publicanos,
2965 2980 3189 3042 propter
3238 2972 3490 3040 pecunia:

1885 3077 2129 3119 amorem
2158 3067 2216 3116 et
2245 3061 2553 3125 avaritiam,
2593 3059 3192 3129 incompassibilitatem
3227 3067 3284 3113 et
3344 3057 3495 3128 inju-

1812 3180 1860 3240 α
1892 3153 2121 3209 stitiam.

1968 3242 2272 3296 Audiamus
2293 3255 2421 3312 ergo
2442 3241 2536 3310 qui
2563 3240 2878 3309 hujusmodi
2901 3239 3286 3295 affectionibus
3302 3254 3496 3293 sumus

1897 3333 2141 3390 obnoxii.
2191 3333 2325 3388 Vide
2358 3341 2545 3387 autem
2573 3345 2839 3401 quantum
2872 3333 3120 3387 adhiberi
3181 3333 3410 3401 jusserit
3437 3341 3496 3383 ut

1897 3422 2241 3493 corrigantur
2289 3421 2346 3475 hi
2376 3420 2467 3490 qui
2501 3420 2707 3474 fuerint
2745 3420 3078 3475 oﬂendiculo
3109 3437 3124 3474 :
3163 3435 3286 3474 cum
3313 3434 3495 3486 neque

1899 3516 2024 3570 illos
2056 3528 2250 3570 curare
2281 3512 2674 3578 sustineamus,
2697 3511 2898 3581 quibus
2928 3512 3284 3581 praestitimus
3307 3510 3480 3564 oll‘en-

1897 3605 2161 3661 diculum.
2182 3602 2323 3670 Quid
2347 3603 2649 3673 ergo‘Ihcec
2678 3601 2790 3656 sola
2822 3602 2926 3656 erit
2956 3601 3092 3656 ultio
3143 3601 3356 3655 illorum
3398 3599 3492 3669 qui

1899 3706 2029 3752 sunt
2059 3694 2438 3751 iucurabilesl
2469 3693 2849 3763 Nequaquam,
2889 3692 2988 3747 sed
3023 3692 3151 3748 audi
3181 3692 3345 3746 etiam
3368 3707 3494 3760 quae

1898 3796 2226 3857 sequuntur.

1973 3876 2221 3933 γει-ωε.
2250 3877 2418 3929 Amen
2435 3874 2640 3927 —caelo.
2671 3871 2773 3927 Ubi
2804 3872 3021 3928 tandem
3063 3872 3319 3926 Ecclesia:
3343 3871 3494 3926 dice-

1898 3983 1958 4023 re
1989 3967 2265 4039 jussisset,
2299 3966 2624 4036 praesidibus
2644 3964 2899 4019 videlicet
2930 3963 3211 4027 Ecclesiae,
3247 3977 3396 4017 nunc
3424 3962 3494 4016 ad

1898 4076 1993 4116 eos
2012 4073 2325 4116 sermonem
2345 4057 2602 4118 intendit,
2627 4057 2816 4112 dicens
2844 4073 2860 4112 :
2892 4053 3495 4126 Quacunqueligaueri-

1909 4153 1977 4205 tis
2036 4152 2092 4204 in
2144 4160 2311 4213 terra,
2359 4158 2467 4204 etc.
2521 4148 2636 4203 Hoc
2685 4159 2867 4202 autem
2915 4157 2970 4202 et
3000 4147 3068 4201 ad
3101 4146 3322 4201 Petrum
3357 4147 3496 4200 dixit

1900 4241 2188 4298 tricesimo
2222 4241 2383 4297 tertio
2405 4241 2608 4312 capite,
2646 4240 2719 4295 ibi
2754 4255 2887 4312 ergo
2948 4254 3134 4310 qumre
3174 4237 3494 4294 enarratio-

1899 4346 2054 4389 nem.

1967 4425 2064 4480 Est
2093 4432 2274 4480 autem
2309 4437 2460 4479 nunc
2488 4423 2753 4478 orationis
2793 4439 2993 4478 sensus
3029 4423 3129 4478 iste
3164 4440 3180 4476 :
3221 4422 3496 4493 Quidquid

195 4538 264 4588 Ὅ
288 4535 359 4588 ἂν
395 4534 552 4602 ὑμεῖς
599 4532 694 4584 ἐπὶ
720 4534 818 4602 τῆς
846 4535 948 4601 γῆς
988 4529 1367 4600 ἀποφήνησθε,
1407 4527 1571 4581 τοῦτο
1620 4528 1714 4580 καὶ
1766 4526 1796 4578 ὁ

1908 4531 2008 4571 vos
2031 4514 2086 4568 in
2121 4525 2265 4570 terra
2304 4515 2653 4580 censueritis,
2687 4524 2781 4569 aut
2817 4516 3087 4568 sententia
3123 4515 3496 4580 decreveritis,

191 4625 331 4687 Θεὸς
360 4626 422 4676 ἐν
440 4623 518 4692 τῷ
539 4623 755 4694 οὐρανῷ
775 4622 1034 4690 κυρώσει,
1062 4623 1164 4674 κᾶν
1185 4637 1245 4672 τε
1269 4621 1506 4682 ἀνιάτως
1537 4617 1784 4687 ἔχοντας,

189 4715 476 4784 ὲκκὸψητε
505 4711 728 4775 τούτους
752 4713 853 4782 τῆς
870 4712 1219 4781 Ἐκκλησίας,
1247 4711 1350 4764 κᾶν
1375 4727 1435 4763 τε
1467 4707 1789 4779 μετανοοῦν-

187 4826 291 4870 τας
324 4807 560 4876 ὖστερον
604 4805 1008 4876 παραδέξησθε.
1041 4803 1230 4858 Ταῦτα
1252 4803 1309 4856 δὲ
1342 4802 1664 4872 ἠπείλησεν,
1699 4799 1789 4854 ἴνα

194 4905 274 4973 μὴ
299 4901 482 4955 ταῦτα
508 4900 797 4967 γένωνται,
824 4897 938 4950 ἀλλ’
961 4898 1069 4964 ἵνα,
1097 4895 1431 4966 φοϐούμενός
1454 4910 1540 4956 τις
1569 4892 1664 4945 καὶ
1688 4891 1788 4962 τὴν

189 4995 482 5049 ἔκπτωσιν
510 4995 609 5061 τῆς
653 4991 1004 5057 Ἐκκλησίας,
1034 4990 1128 5044 καὶ
1155 4992 1257 5055 τήν
1286 4988 1471 5058 ψῆφον
1502 4984 1598 5038 τοῦ
1625 4982 1785 5047 Θεοῦ,

189 5085 614 5153 orandaque
650 5083 752 5135 Διὰ
782 5081 941 5134 τοῦτο
972 5081 1084 5151 γὰρ
1114 5081 1209 5134 καὶ
1243 5079 1463 5148 πρῶτον
1483 5117 1498 5143 ,
1536 5076 1631 5128 καὶ
1662 5073 1787 5127 δεύ⁹

188 5195 380 5249 τερον,
412 5175 509 5229 καὶ
539 5178 723 5244 τρίτον
752 5176 1021 5244 ἐπέστησε
1057 5173 1369 5243 κριτήριον,
1403 5172 1499 5224 καὶ
1530 5170 1654 5222 τότε
1691 5187 1790 5222 πε-

191 5273 434 5340 ποὶηκεν
460 5268 623 5320 αὑτὸν
646 5267 975 5337 ἀπόϐλητον,
1001 5266 1110 5333 ἵνα,
1132 5265 1226 5318 ἐὰν
1249 5263 1341 5317 τοῦ
1365 5263 1584 5334 πρώτου
1612 5279 1789 5330 παρα-

192 5362 396 5435 κούσῃ,
459 5357 538 5428 τῷ
592 5359 831 5429 δευτέρῳ
886 5359 1139 5429 πεισθῇ·
1205 5358 1302 5410 ἐὰν
1357 5357 1413 5410 δὲ
1452 5355 1549 5409 καὶ
1594 5353 1789 5408 τούτου

190 5451 624 5522 καταφρονήσῃ.
662 5449 785 5502 τότε
822 5449 1009 5503 λοιπὸν
1037 5450 1137 5520 τὴν
1167 5447 1442 5519 ἀποϐολὴν
1474 5444 1786 5516 ὑποπτήξῃ,

190 5543 412 5614 πικρὰν
460 5537 650 5604 οὖσαν,
700 5534 819 5591 εἶτα
869 5540 965 5592 καὶ
1017 5541 1116 5608 τὴν
1167 5535 1380 5592 ἄνωθεν
1431 5536 1640 5608 ψῆφον,
1694 5551 1791 5603 φοι

191 5630 523 5702 σερωτέραν
557 5627 763 5698 ταύτης
798 5630 1211 5698 τυγχάνουσαν,
1252 5627 1346 5679 καὶ
1387 5625 1605 5687 πάντως
1641 5625 1790 5687 διορ-

194 5721 376 5789 οωθῇ.

269 5812 474 5871 Πάλιν
511 5843 582 5855 -
612 5814 717 5869 τοῦ
755 5813 825 5867 ἐν
851 5812 976 5877 τοῖς
1003 5807 1304 5878 οὐρανοῖς.
1351 5807 1555 5862 Βαόαξὲ
1615 5806 1788 5876 πόσην

1902 4606 2010 4660 hoc
2040 4604 2186 4660 Deus
2221 4604 2280 4658 in
2296 4605 2436 4660 caelo
2467 4613 2646 4658 ratum
2678 4605 2940 4659 habebit:
2977 4606 3091 4659 sive
3109 4619 3204 4659 eos
3245 4606 3336 4674 qui
3371 4617 3500 4661 sunt

1896 4695 2236 4752 incurabiles
2262 4697 2331 4752 ab
2355 4695 2600 4751 Ecclesia
2631 4695 3067 4765 amputaveritis,
3102 4695 3220 4750 sive
3254 4705 3499 4764 postm0~

1896 4789 2027 4845 dum
2059 4789 2442 4859 resipiscentes
2496 4788 2832 4857 receperitis.
2875 4786 3001 4841 Haec
3040 4796 3222 4841 autem
3270 4789 3500 4841 comini-

1895 4889 2060 4935 natus
2086 4888 2193 4944 est,
2219 4894 2333 4934 non
2359 4885 2420 4933 ut
2442 4879 2558 4933 hiec
2578 4878 2730 4943 ﬁant,
2783 4878 2879 4932 sed
2924 4888 2982 4932 ut
3001 4877 3236 4946 quisque
3268 4877 3498 4932 territus

1897 4980 1953 5026 et
1984 4971 2239 5027 Ecclesiae
2264 4973 2697 5042 amputationem
2721 4981 2775 5024 ct
2818 4971 2908 5024 Dei
2936 4970 3277 5024 sententiam
3313 4979 3495 5022 mutet

1900 5081 1964 5120 ac
1993 5067 2288 5131 liberetur,
2351 5075 2541 5119 eteam
2574 5063 2794 5118 evadat.
2839 5061 2971 5115 Nam
3001 5072 3056 5115 et
3084 5070 3307 5130 prOpter
3354 5061 3458 5114 hoc
3483 5100 3499 5121 ,

1902 5157 2162 5226 primum,
2196 5155 2523 5220 secundum,
2555 5170 2618 5208 ac
2644 5153 2863 5208 tertium
2895 5152 3136 5207 tribunal
3191 5151 3499 5216 constituit,

1901 5257 1956 5302 et
1978 5247 2616 5317 tandemjudicaviteum
2653 5244 3022 5316 abjicienduin
3066 5261 3080 5296 :
3109 5244 3230 5298 utsi
3262 5244 3498 5314 primum

1902 5355 2010 5394 non
2044 5340 2279 5403 audiret,
2306 5338 2554 5393 obediret
2573 5337 2817 5393 secundo
2844 5353 2859 5401 ;
2887 5338 2929 5391 si
2952 5346 3134 5390 autem
3162 5343 3219 5389 et
3245 5337 3349 5388 hoc
3394 5335 3494 5388 de-

1900 5435 2156 5504 spiceret,
2177 5433 2394 5489 timeret
2412 5433 2496 5486 vel
2515 5432 2736 5486 tertium
2760 5447 2775 5495 ;
2802 5430 2948 5500 quod
2976 5430 3021 5485 si
3049 5430 3212 5485 etiam
3241 5429 3344 5483 hoc
3361 5443 3499 5483 con-

1901 5534 2193 5588 temueret,
2212 5524 2322 5594 jam
2348 5532 2480 5577 tunc
2501 5520 2867 5589 abjectionem
2894 5519 3218 5575 formidaret
3254 5532 3497 5570 amaram

1901 5631 2306 5688 supernainque
2335 5615 2693 5678 sententiam,
2712 5629 2835 5683 quae
2863 5614 2966 5668 hac
2985 5612 3296 5682 ahjcetioue
3315 5610 3489 5680 magis

1903 5708 2243 5765 formidanda
2262 5717 2346 5762 est
2371 5725 2386 5762 :
2421 5715 2477 5761 et
2507 5707 2582 5759 ita
2609 5705 2836 5760 omnino
2870 5703 3255 5774 eorrigeretur.

1972 5799 2128 5857 Vcrs.
2160 5799 2242 5856 l9.
2275 5798 2576 5854 Rumtm—
2603 5797 2694 5868 qui
2724 5799 2778 5851 in
2800 5797 2940 5851 caelis
2957 5805 3031 5850 est
3086 5794 3245 5866 P.Ip:c
3277 5794 3291 5848 !
3323 5809 3495 5866 quatt-
