4086 6400
182 359 291 424 509
1042 355 1434 418 COMMENT.
1484 357 1566 416 IN
1608 355 2086 418 MATTHEUM.
2120 382 2187 395 -·
2229 359 2393 421 CAP.
2433 359 2660 423 XVIII.
3379 359 3483 423 .310

186 475 326 531 ἀ).λὰ
347 475 412 528 τδ
432 473 697 543 ἄμετρον,
721 469 816 523 καὶ
835 467 1108 538 διηνεκὲς,
1138 467 1234 520 καὶ
1257 466 1362 519 ἁεί.
1385 465 1654 536 Καθάπερ
1679 464 1790 533 γὰρ

1907 467 1990 520 sed
2025 465 2378 531 immensum,
2407 467 2732 522 continuum
2768 473 2825 520 et
2845 479 3087 534 semper.
3149 464 3284 520 Nam
3345 468 3486 526 sicut

184 567 240 618 τὸ
272 564 552 635 μυριάκις
583 563 644 614 τὸ
679 559 938 622 πολλάκις
973 557 1124 625 δηλοῖ
1153 555 1285 626 παρ’
1310 555 1568 624 Ἕλλησιν
1588 592 1605 619 ,
1639 552 1784 606 οὕτω

1907 556 2179 626 ιυριάκις,
2208 559 2312 612 hoc
2341 567 2446 624 est,
2487 559 2673 612 decies
2708 556 2922 619 millies,
2947 555 3218 634 signilicat
3241 557 3486 629 frequen-

185 659 245 726 δὴ
279 657 393 710 καὶ
422 657 485 709 τὸ
513 655 744 715 ἑπτάκις
783 651 915 722 παρ’
957 648 1235 719 ⁹Εδραίοις
1257 689 1271 712 ,
1307 647 1401 701 καὶ
1430 645 1612 714 πολλῷ
1641 645 1783 714 μᾶλ-

1907 656 1990 710 εεν,
2015 645 2158 715 apud
2185 646 2418 710 Grarcos,
2439 648 2511 700 ita
2539 661 2672 701 sane
2694 655 2749 700 et
2765 645 2956 713 septies
3010 645 3154 713 apud
3188 642 3486 710 Hebraeos;

184 747 276 798 λον
319 748 393 799 τὸ
448 743 949 813 ἑϐδομηκοντάκις·
999 739 1080 793 ἔτι
1123 726 1410 792 δὲ’πλεῖον
1457 736 1520 789 τὸ
1566 735 1626 800 ἐξ
1679 737 1785 804 ἁμ-

187 840 305 904 ςοῖν
390 835 797 906 συγκείμενον,
857 832 1004 901 λέγω
1065 831 1132 902 δὴ
1191 829 1254 883 τὸ
1319 825 1784 898 ἑϐδομηκοντάκις

186 930 360 981 ἑπτά.

266 1019 437 1070 Ἐπεὶ
473 1015 651 1070 τοίνυν
680 1016 898 1087 ἁμετρα
915 1017 995 1077 είς
1011 1013 1145 1068 Θεδν
1176 1012 1567 1082 ἁμαρτάνομεν
1593 1009 1783 1080 ἡμεῖς,

187 1105 415 1176 ἄμετρα
453 1109 548 1162 καὶ
579 1110 887 1178 συγχωρεῖν
920 1108 1035 1169 τοῖς
1077 1108 1156 1169 είς
1187 1106 1336 1175 ἡμᾶς
1377 1101 1787 1172 ἁμαρτάνουσιν

189 1199 506 1262 ἐκέλευσεν,
534 1197 670 1250 ἁλλὰ
695 1201 807 1260 τοῖς
837 1197 924 1250 ἁεὶ
958 1195 1334 1266 μετανοοῦσιν.
1372 1193 1528 1246 Ἐπεὶ
1587 1190 1683 1244 τὸν
1713 1189 1789 1260 μὴ

194 1288 572 1357 μετανςοίντα
621 1285 763 1356 μετὰ
808 1287 1001 1357 τρίτην
1052 1284 1400 1356 παραίνεσιν,
1447 1282 1790 1336 ἀπωθεῖσθαι

192 1379 558 1447 προσέταξεν,
605 1380 682 1442 ὡς
731 1379 825 1433 τὸν
877 1377 1092 1431 ὲθνικδν
1127 1378 1220 1430 καὶ
1259 1377 1335 1438 ὡς
1384 1377 1476 1430 τὸν
1526 1374 1788 1443 τελώνην.

193 1469 315 1531 Πῶς
346 1471 463 1540 γὰρ
495 1471 560 1524 ἄν
585 1488 668 1534 τις
696 1472 898 1540 ἀφήσει
927 1469 1005 1538 τῷ
1038 1471 1112 1540 μὴ
1141 1468 1394 1538 ζητοῦντι
1423 1469 1656 1537 άφεσινς

193 1583 362 1640 ΚΕΦ.
418 1585 544 1639 ΛΘ’.
592 1586 732 1652 Περὶ
785 1585 1296 1709 τοῦωόρείλοντος
1344 1583 1416 1637 τὰ
1458 1585 1644 1654 μύρια
1693 1581 1790 1636 τά·

957 1672 1088 1709 rea.

957 1672 1088 1709 ντα.

264 1744 378 1798 Διὰ
433 1745 612 1801 τοῦτο
663 1777 734 1788 ——
784 1747 994 1801 αὑτοῦ.
1047 1746 1149 1800 Διὰ
1203 1745 1381 1811 τοῦτο,
1450 1747 1640 1809 ποτον;
1692 1743 1792 1796 Διὰ

193 1837 254 1889 τ’)
305 1837 517 1906 χρῆναι
576 1838 808 1892 πάντοτε
851 1843 1161 1908 συγχωρεῖν
1207 1836 1285 1908 τῷ
1340 1837 1571 1891 πάντοτε
1630 1852 1796 1904 μετα-

197 1929 437 1981 νοοῦντι.
473 1929 760 1982 Βασιλείαν
793 1930 850 1984 δὶ
874 1931 1122 2000 οὐρανῶν
1178 1932 1369 1982 ἑαυτὸν
1393 1930 1542 1998 λέγει
1573 1929 1636 1982 νῦ
1651 1948 1690 1989 θ.
1721 1927 1798 1991 ώς

198 2020 428 2087 βασιλέα
462 2020 738 2090 οὐράνιον,
775 2019 961 2084 καθὼς
1010 2021 1272 2084 πολλάκις
1304 2022 1631 2091 εἰρήκαμεν.
1662 2019 1796 2071 Συν-

199 2113 327 2179 ἄραι
371 2111 429 2163 δὲ
476 2111 654 2178 λόγον,
723 2113 845 2166 ἀντὶ
874 2111 991 2177 τοῦ,
1027 2111 1594 2182 κινῆσαιλογοθέσιον
1632 2111 1800 2179 μέσον

199 2199 306 2252 τῶν
348 2199 558 2253 δούλοιν
589 2202 778 2267 αὑτοῦ,
811 2202 1007 2264 οἵτινές
1034 2203 1170 2254 εἰσιν
1203 2203 1254 2254 oi
1287 2201 1590 2271 ἅνθρωποι.
1624 2199 1802 2253 Πλάτ-

199 2308 280 2342 τει
310 2292 370 2344 δὲ
397 2295 501 2359 τὴν
528 2292 847 2362 παραϐολὴν
876 2292 1105 2362 ταύτην,
1137 2292 1308 2358 δεῖξαι
1342 2291 1689 2361 βουλόμενος,
1716 2291 1799 2343 ὅτι

198 2382 226 2430 ὁ
255 2380 331 2450 μὴ
363 2383 672 2450 συγχωρῶν
701 2381 780 2450 τῷ
807 2383 889 2444 είς
917 2382 1079 2434 αὑτὸν
1108 2382 1478 2452 ἁμαρτάνοντι
1505 2381 1802 2448 ἀποστερεῖ

201 2473 398 2522 ἑαυτὸν
433 2471 528 2523 τοῦ
566 2473 720 2542 παρὰ
741 2473 876 2526 Θεοῦ
909 2474 1116 2536 ὲλέους.

283 2563 661 2632 Ἀρξαμένου
691 2593 763 2606 -
794 2565 1128 2618 ταλάντων.
1169 2561 1263 2628 Εἷς
1317 2565 1502 2625 δοῦλος
1532 2563 1796 2633 δηλονότι.

201 2656 386 2723 Ὅπερ
418 2658 477 2708 δέ
507 2659 625 2709 ἐστι
657 2657 788 2728 παρ’
824 2659 956 2727 ἡμίν
985 2659 1018 2727 ὴ
1050 2658 1209 2728 λίτρα
1244 2657 1339 2710 τοῦ
1371 2655 1600 2726 χρυσοῦ,
1639 2655 1798 2708 τοῦτο

1892 746 1949 791 ct
1979 737 2152 792 multo
2218 738 2390 807 magis
2420 737 2770 808 septuagies;
2831 749 2896 788 ac
2930 733 3157 803 insuper
3213 733 3359 802 quod
3412 748 3481 787 ex

1898 837 2128 898 utroque
2159 827 2527 898 compositum
2551 837 2634 883 est
2662 825 2962 896 septuagiu
2987 824 3200 892 septies.

1966 1015 2104 1082 Quia
2135 1029 2268 1085 ergo
2317 1014 2577 1069 intlnities
2603 1014 2656 1068 in
2690 1014 2860 1068 Deum
2897 1027 3216 1082 peccamus,
3256 1011 3489 1066 inﬁnitis

1893 1110 2109 1166 vicibus
2143 1108 2307 1178 jussit
2331 1107 2617 1176 ignoscere
2655 1105 2742 1158 his
2773 1105 2863 1174 qui
2891 1105 2946 1158 in
2992 1118 3094 1156 nos
3138 1102 3487 1172 delinquunt.

1893 1202 1938 1257 si
1973 1215 2189 1269 semper
2221 1197 2548 1267 resipiscant
2580 1213 2594 1250 :
2635 1210 2760 1250 eum
2789 1209 3036 1263 namque
3059 1193 3154 1262 qui
3200 1207 3315 1248 non
3353 1194 3491 1246 resi-

1893 1290 2076 1362 piscit,
2112 1300 2238 1360 post
2270 1289 2492 1342 tertiam
2530 1287 2894 1342 munitionem
2926 1286 3118 1356 repelli
3161 1284 3326 1354 jussit
3366 1295 3491 1337 tan.

1893 1399 2056 1454 quam
2113 1382 2393 1436 etbnlcnm
2447 1388 2504 1434 et
2563 1380 2968 1448 publicanum;
3011 1376 3289 1447 quomodo
3338 1374 3487 1430 enim

1894 1474 2140 1530 remittet
2198 1472 2322 1544 quis
2370 1472 2420 1526 ei
2484 1472 2578 1541 qui
2640 1470 3020 1526 remissionem
3079 1485 3192 1524 non
3243 1465 3491 1538 quaerit?

1964 1588 2117 1644 CAP.
2151 1585 2396 1641 XXXIX.
2433 1585 2507 1639 De
2530 1602 2610 1648 eo,
2634 1587 2726 1654 qui
2762 1584 3173 1638 debebatdecem
3213 1581 3381 1636 millia
3405 1589 3492 1633 ta-

2537 1657 2818 1709 lentarum.

1971 1751 2132 1807 Vers.
2162 1750 2256 1804 23.
2282 1748 2569 1815 Propterea
2597 1776 2666 1785 —
2691 1746 2828 1800 suis.
2893 1746 3219 1814 Propterea.
3275 1756 3442 1812 quare
3471 1740 3495 1793 τ

1900 1840 2040 1907 Quia
2061 1849 2277 1910 oportet
2297 1838 2346 1893 ei
2364 1853 2582 1906 semper
2631 1849 2928 1906 ignoscere
2956 1835 3046 1904 qui
3085 1848 3303 1901 semper
3357 1830 3494 1885 resi-

1904 1933 2087 2003 piscit.
2155 1930 2402 2000 Regnum
2461 1939 2646 1982 autem
2703 1928 2976 1982 caelorum
3031 1924 3277 1993 seipsum
3348 1935 3496 1975 nunc

1905 2023 2148 2094 appellat
2219 2033 2480 2090 tanquam
2541 2035 2724 2088 regem
2781 2017 3084 2080 caelestum,
3132 2021 3297 2084 prout
3353 2026 3496 2080 saepe

1904 2117 2164 2171 diximus.
2201 2114 2465 2168 Conferre
2500 2127 2627 2165 vero
2667 2111 2962 2169 rationem,
2998 2108 3102 2161 boc
3145 2117 3226 2160 est
3277 2117 3496 2160 sumere

1903 2224 1966 2264 ac
2015 2208 2324 2262 subducere
2381 2217 2702 2274 computum
2761 2203 2907 2257 inter
2965 2216 3155 2255 servos
3201 2213 3355 2260 suos,
3404 2197 3495 2262 qui

1903 2306 2031 2353 sunt
2056 2297 2334 2350 homines.
2375 2293 2556 2364 Fingit
2593 2305 2776 2348 autem
2818 2293 2959 2346 hanc
2993 2288 3332 2360 parabolam,
3397 2302 3497 2341 vo—

1903 2388 2027 2442 lens
2053 2385 2371 2445 ostendere,
2406 2384 2550 2452 quod
2594 2389 2636 2437 Is
2663 2384 2754 2452 qui
2786 2398 2895 2436 non
2927 2378 3229 2452 ignoscitin
3261 2393 3321 2433 se
3371 2391 3500 2448 pec-

1901 2480 2069 2541 cauti.
2103 2480 2278 2549 ptivat
2308 2479 2566 2548 seipsqu
2601 2475 2691 2529 Dei
2727 2472 3132 2530 misericordia.

1981 2569 2135 2623 Vers.
2170 2568 2261 2622 ει.
2324 2565 2559 2635 Cumque
2594 2566 2829 2634 cmpisset
2854 2591 2927 2603 ——
2972 2561 3315 2614 talentorum.
3351 2557 3500 2612 Unus

1902 2661 2164 2717 videlicet
2232 2673 2445 2712 servus.
2509 2656 2666 2722 Quod
2727 2661 3025 2708 autemest
3083 2651 3227 2719 apud
3278 2649 3501 2704 Graecos

201 2749 359 2816 παρὲ
399 2749 514 2810 τοῖς
560 2746 836 2816 ⁹ιιῖὸραίοις
878 2750 938 2801 τὸ
974 2749 1260 2803 τάλαντον.
1300 2748 1552 2816 Σταθμδς
1589 2747 1696 2816 γὰρ
1729 2741 1798 2816 ἦν

1907 2752 2082 2822 λίτρα.
2139 2751 2245 2802 hoc
2271 2757 2356 2802 est
2419 2746 2555 2800 libra
2607 2747 2750 2808 auri,
2813 2743 2866 2798 id
2917 2741 3064 2812 apud
3128 2740 3390 2794 llebrazos
3417 2749 3503 2792 est

201 2840 561 2906 νομισμάτων
592 2838 1044 2906 πολυτιμότατος,
1073 2839 1169 2891 καὶ
1196 2838 1304 2892 τῶν
1327 2839 1507 2892 ἄλλων
1537 2837 1795 2907 σταθμῶν

1907 2842 2195 2896 talentum.
2228 2839 2361 2893 Erat
2391 2839 2540 2892 enim
2574 2835 2971 2890 numismatum
3006 2832 3222 2903 pondus
3269 2829 3497 2884 maximi

203 2932 628 3002 ύπερκείμενος.

1907 2932 2089 3003 pretii,
2114 2939 2314 2984 ca‘tera
2346 2929 2532 2984 omnia
2560 2927 2836 2981 excedens
2863 2925 3130 2994 pondera.

271 3025 372 3092 Μὴ
411 3024 665 3092 ἔχοντος
705 3023 775 3075 δέ
817 3053 878 3064 ν-
916 3024 1014 3076 καὶ
1050 3022 1447 3090 ἀποδοθῆναι.
1498 3022 1792 3091 Ἀποδοθῆ-

1974 3022 2126 3078 Vers.
2157 3022 2248 3076 25.
2287 3020 2352 3073 Et
2385 3037 2502 3074 cum
2562 3035 2666 3072 non
2721 3025 2891 3085 posset
2920 3046 2988 3057 —
3018 3014 3236 3083 ﬁerique
3287 3009 3506 3063 solutio-

203 3134 292 3170 ναι
335 3116 399 3170 τὸ
445 3118 606 3185 χρέος
655 3117 896 3184 πάντως.
945 3117 1058 3167 Οὐκ
1107 3115 1166 3178 ἐξ
1211 3115 1496 3184 ὠμότητος
1537 3115 1593 3167 δὲ
1638 3114 1798 3168 τοῦτο

1907 3130 2040 3167 nem.
2082 3111 2153 3168 Ut
2196 3113 2423 3165 omnino
2481 3110 2784 3164 solveretur
2833 3107 3101 3162 debitum.
3148 3101 3264 3156 Non
3319 3111 3502 3154 tamen

205 3210 520 3269 ἐκέλευσεν,
549 3207 666 3260 ἁλλ’
693 3209 757 3260 ἐκ
789 3206 1159 3276 συμπαθείας,
1188 3207 1280 3260 ἵνα
1306 3206 1566 3276 φοϐηθεὶς
1595 3208 1801 3270 ἐκεῖνος

1907 3205 2010 3261 hoc
2050 3219 2118 3258 ex
2165 3203 2484 3257 crudelitate
2534 3205 2719 3271 ,nssEt,
2763 3201 2860 3256 sed
2889 3214 2958 3254 ex
3010 3193 3410 3266 compassionc.
3447 3199 3507 3243 ut

202 3302 303 3371 τὴν
332 3299 595 3368 τοιαύτην
624 3298 904 3367 ἀπόφασιν
935 3297 1237 3369 [ἱκετεύσῃ.
1267 3300 1380 3369 (77)
1413 3301 1504 3351 uat
1529 3299 1672 3370 τύχῃ
1702 3299 1802 3368 τῆς

205 3395 488 3461 ἀφέσεως.
552 3392 616 3443 El
674 3391 781 3460 γὰρ
849 3390 926 3461 μὴ
984 3391 1076 3443 διὰ
1134 3390 1296 3444 τοῦτο
1373 3393 1631 3460 τοιαύτην
1715 3392 1803 3458 ὲξ-

209 3487 448 3555 ήνεγκεν
513 3481 838 3553 ἁπόφασιν,]
869 3483 971 3534 οὐκ
1028 3480 1094 3535 ἂν
1129 3481 1472 3535 ίκετεύσαντι
1525 3483 1586 3534 τὸ
1645 3482 1803 3553 χρέος

210 3576 425 3645 ἀφῆκε.

285 3669 400 3719 Καὶ
441 3665 584 3718 διατί
623 3665 696 3736 μὴ
739 3665 844 3730 πρὸ
881 3664 980 3732 τῆς
1017 3664 1345 3731 ἀποφάσεως
1379 3665 1589 3734 ἀφῆκες
1624 3663 1802 3726 Διότι.

213 3757 415 3826 ῥαδίως
443 3754 586 3808 οὕτω
615 3753 1014 3822 συγχωρηθεὶς,
1039 3751 1140 3805 ούκ
1161 3752 1387 3822 ἔμελλεν
1420 3754 1806 3820 ἐπιγινώσκειν

209 3845 270 3895 τὶ
308 3844 412 3910 τῆς
445 3843 664 3912 χάριτος
699 3843 951 3912 μέγεθος.
985 3843 1086 3894 Διὰ
1116 3842 1276 3895 τοῦτο
1321 3841 1414 3896 οῦν
1449 3847 1528 3906 είς
1558 3845 1806 3916 ἀνάγκην

217 3936 466 4004 μεγάλην
488 3934 650 3986 αὑτὸν
674 3932 1031 4003 κατέστησεν,
1056 3933 1146 3986 ἵνα
1169 3934 1626 4006 διαμνημονεύειν
1652 3937 1808 3990 ὔστε-

217 4044 311 4097 ρον
360 4027 496 4095 ἑχοι,
546 4025 706 4086 ποίας
749 4026 950 4094 ἀφείθη
997 4026 1320 4095 καταδίκης,
1369 4028 1464 4078 καὶ
1513 4029 1808 4100 συμπαθὴς

216 4120 446 4186 γένηται
480 4117 574 4169 καὶ
611 4116 775 4180 αὐτὸς
807 4117 938 4188 περὶ
971 4117 1064 4170 τὸν
1093 4117 1290 4169 ἑαυτοῦ
1323 4119 1640 4189 χρεώστην,
1676 4135 1809 4172 παι-

216 4211 431 4270 δευθεὶς
463 4210 520 4261 ὲν
553 4210 673 4270 ταῖς
704 4207 940 4271 οἰκείαις
974 4211 1308 4278 συμφοραῖς.

289 4302 504 4354 Πεσὼν
531 4328 603 4340 -
632 4297 816 4364 αὐτῷ.
851 4299 995 4370 Ὅρα
1033 4300 1146 4369 (78)
1182 4301 1605 4370 φιλανθρωπίας
1635 4303 1811 4374 ὑπερ-

221 4394 424 4462 εολήνι
498 4391 558 4444 ’0
614 4393 712 4460 μὲν
769 4390 880 4459 γὰρ
930 4390 1276 4461 προθεσμίαν
1331 4395 1562 4464 ἐζήτησε
1626 4396 1806 4463 μόνον’

220 4486 249 4536 ὁ
305 4485 367 4536 δὲ
421 4483 480 4536 τὸ
540 4481 705 4552 χρέος
756 4481 970 4550 ἀφῆκεν
1023 4483 1204 4553 αύτῷ,
1261 4487 1446 4555 μεῖζον
1492 4479 1554 4538 οῦ
1613 4487 1808 4559 ᾔτησε,

222 4575 493 4639 δεδωκώς.

293 4669 334 4736 ’ξ’
367 4670 471 4722 Ἴδε
518 4671 619 4743 τὴν
671 4674 768 4742 τῆς
834 4673 1128 4744 μετανοίας
1179 4671 1352 4741 ίσχὺν,
1388 4671 1482 4725 καὶ
1531 4671 1634 4740 τὴν
1685 4671 1810 4740 φιλ-

226 4761 545 4830 ανθρωπίαν
622 4762 717 4815 τοῦ
797 4764 1022 4835 Κυρίου.
1091 4763 1154 4815 'll
1217 4763 1318 4832 μὲν
1381 4764 1489 4831 γὰρ
1547 4763 1806 4832 μετάνοια

229 4854 453 4923 ἐποίησε
489 4857 579 4908 τὸν
621 4855 808 4909 δοῦλον
852 4857 1038 4908 πεσεῖν
1073 4853 1181 4909 ἀπὸ
1221 4854 1319 4923 τῆς
1357 4853 1556 4916 κακίας
1580 4869 1594 4884 ⁸
1633 4857 1662 4907 ὁ
1698 4855 1806 4925 γὰρ

234 4947 520 5015 ἱστάμενος
565 4947 801 5017 βεδαίως
845 4950 904 5002 ὲν
950 4950 1017 5017 τῇ
1070 4947 1237 5017 κακίᾳ
1285 4946 1346 4998 ού
1395 4946 1811 5015 συγχωρητέος⁹

1910 3298 2003 3352 tali
2031 3303 2309 3353 sententia
2331 3295 2554 3349 territus
2583 3294 2998 3362 deprecaretur,
3018 3306 3084 3345 ac
3119 3287 3502 3342 remissionem

1907 3396 2362 3458 consequeretur.
2399 3386 2512 3439 Nisi
2547 3387 2694 3440 enim
2726 3399 2794 3438 eo
2845 3384 2954 3437 [ine
2979 3382 3143 3436 talem
3186 3376 3506 3449 protulisset

1911 3484 2268 3548 sententiam,
2357 3495 2701 3550 nequaquam
2795 3476 3109 3547 deprecanti
3207 3469 3507 3527 remisisset

1909 3576 2178 3630 debitum.
2943 3557 2947 3560 ’

1990 3669 2130 3722 Nam
2172 3667 2215 3722 si
2258 3667 2416 3722 valde
2473 3665 2630 3720 facile
2695 3663 3074 3718 remissionem
3141 3656 3505 3730 percepisset,

1912 3761 2158 3814 futurum
2189 3772 2307 3814 erat
2339 3769 2398 3813 ut
2427 3768 2614 3829 gratia:
2653 3755 3086 3826 magnitudinem
3131 3766 3242 3806 non
3297 3763 3505 3816 cogno-

1913 3861 2138 3907 sceret:
2173 3861 2398 3922 propter
2425 3852 2530 3906 hoc
2567 3866 2698 3922 ergo
2734 3849 2788 3904 in
2819 3862 3072 3919 magnam
3115 3842 3506 3898 necessitatem

1919 3960 2045 3998 eum
2083 3944 2310 4015 redegit,
2330 3955 2388 3997 ut
2406 3944 2470 3998 ad
2505 3943 2826 3998 memoriam
2854 3941 2910 3994 in
2939 3947 3222 4010 posterum
3247 3947 3508 3988 revocare

1915 4044 2124 4102 posset,
2145 4050 2254 4104 qua
2280 4033 2743 4088 condemnatione
2759 4031 3042 4086 absolutus
3058 4034 3206 4082 esset
3231 4043 3244 4078 :
3267 4034 3324 4079 et
3348 4037 3471 4076 corn
3486 4051 3509 4063 -

1917 4127 2170 4196 passivus
2209 4127 2372 4180 etiam
2405 4126 2522 4195 ipse
2549 4141 2676 4196 erga
2737 4139 2898 4180 suum
2952 4120 3110 4175 ﬁeret
3175 4116 3506 4176 debitorem,

1919 4218 2160 4287 propriis
2176 4218 2407 4273 edoctus
2435 4216 2865 4272 calamitatibus.

1991 4311 2146 4364 Vers.
2169 4312 2260 4365 26.
2315 4309 2625 4364 Prostratus
2658 4339 2731 4349 -—-
2763 4308 2918 4362 Vers.
2949 4307 3041 4359 27.
3100 4304 3204 4357 illi.
3252 4301 3332 4372 Ἠ-
3364 4299 3503 4350 Ecce

1919 4402 2282 4457 humanitatis
2311 4401 2788 4473 magnitudinem!
2839 4398 2938 4452 Hic
2983 4397 3128 4452 enim
3185 4393 3512 4448 dilationem

1920 4504 2130 4549 tantum
2163 4503 2444 4562 quaerebat
2473 4513 2487 4560 ;
2518 4494 2606 4548 ille
2635 4509 2766 4547 vero
2784 4492 3030 4547 debitum
3067 4488 3115 4542 ei
3141 4486 3310 4540 etiam
3338 4481 3505 4535 remi-

1911 4587 2001 4648 sit,
2027 4586 2256 4654 plusque
2287 4585 2457 4646 dedit.
2494 4599 2658 4654 quam
2699 4590 3004 4653 rogaverat.

1986 4676 2118 4730 Vide
2170 4677 2508 4746 paenitentia:
2543 4677 2688 4730 vires
2732 4690 2797 4728 ac
2836 4671 3054 4726 Domini
3090 4664 3509 4723 humanitatem.

1918 4767 2249 4822 Pcenitentia
2274 4769 2540 4838 siquidem
2567 4767 2692 4822 fecit
2714 4782 2932 4821 servum
2971 4779 2999 4816 a
3024 4761 3231 4816 malitia
3278 4756 3509 4812 cadere:

1912 4865 2064 4910 stans
2083 4859 2227 4910 enim
2259 4858 2448 4912 ﬁrmus
2474 4859 2527 4912 in
2549 4857 2840 4927 pravitate,
2873 4869 2984 4909 non
3008 4859 3224 4924 poterat
3244 4845 3514 4902 remissio-

1913 4963 2040 5001 nem
2075 4951 2353 5020 accipere.
2396 4951 2486 5004 Dei
2524 4966 2654 5004 vero
2687 4948 3004 5003 humanitas
3028 4947 3142 4999 sive
3197 4939 3512 5011 benignitas

233 5038 266 5108 ἡ
311 5038 370 5090 δὲ
411 5038 793 5108 φιλανθρωπία
832 5037 924 5092 τοῦ
962 5037 1099 5091 Θεοῦ
1149 5038 1494 5108 συνεχώρησε
1537 5038 1801 5098 παντελῶς

1917 5040 2146 5094 omnino
2170 5042 2399 5111 ignovit,
2429 5050 2485 5095 et
2509 5058 2585 5096 tes
2605 5042 2843 5096 alienum
2875 5038 3108 5094 remisit.
3130 5033 3293 5104 Atqui
3312 5046 3509 5086 servus

233 5130 291 5180 τὸ
309 5128 534 5183 δάνειονο
569 5131 819 5198 καίτοιγε
850 5131 878 5184 ὁ
904 5130 1093 5193 δοῦλος
1112 5131 1174 5184 ού
1203 5128 1553 5200 συγχώρησιν
1580 5129 1818 5200 παντελῆ

236 5222 438 5289 ἐζήτει,
503 5223 642 5276 ἁλλὰ
705 5224 1068 5294 προθεσμίαν.
1132 5223 1388 5279 Μάνθανε
1460 5223 1670 5285 τοίνυν,
1734 5223 1818 5274 ὅτι

238 5319 264 5366 ὁ
291 5315 423 5380 Θεὸς
465 5318 560 5370 καὶ
621 5316 846 5370 πλείονα
890 5316 1126 5380 δίδωσιν,
1161 5309 1236 5369 ὧν
1283 5313 1605 5384 αίτούμεθα.
1659 5312 1814 5365 Ἐπεὶ

1916 5145 2027 5185 non
2055 5134 2424 5188 omnimodam
2460 5134 2865 5194 remissionem.
2899 5131 2993 5185 sed
3029 5125 3504 5198 longauitnita’tem

1919 5229 1984 5271 ac
2006 5221 2426 5287 protelationem
2453 5221 2750 5290 quaerebat.
2773 5220 2930 5274 Disce
2948 5233 3100 5287 ergo,
3157 5216 3326 5269 Deum
3354 5212 3513 5280 plura

1920 5312 2176 5369 conferre
2229 5327 2390 5383 quam
2459 5329 2560 5368 nos
2628 5313 3007 5383 postulemus:
3050 5319 3200 5363 tanta
3259 5315 3341 5360 est
3409 5302 3509 5357 Dei

1394 5473 1594 5535 Varia.-
1625 5471 1936 5536 lectiones
1978 5478 2040 5533 et
2084 5479 2277 5534 noue.

312 5637 427 5706 (77)
459 5638 658 5696 Inclusa
688 5639 1008 5694 exciderant
1033 5642 1098 5694 Δ.

315 5709 432 5779 (78)
458 5708 566 5766 lloe
595 5710 805 5766 scholio
845 5710 1068 5764 carebat
1114 5710 1490 5781 interpretatio
1515 5709 1793 5766 llentcnii.

1913 5638 2044 5706 Ejus
2077 5646 2259 5692 autem
2293 5636 2412 5706 loco
2432 5635 2594 5706 habet
2615 5632 2832 5701 longius
2863 5631 3256 5704 Theotihylacti
3283 5647 3334 5706 ιι.
3374 5627 3504 5695 108,

1909 5702 1970 5774 Β,
1997 5708 2142 5778 quod
2165 5706 2251 5762 hic
2279 5705 2508 5775 subieci.
2550 5703 2604 5758 ln
2631 5713 2829 5759 neutro
2856 5702 3110 5759 meorum
3141 5702 3432 5772 reperitur.
