4086 6432
581 417 683 483 511

1786 405 2174 470 EUTHYMll
2212 407 2574 469 ZlGABENI

3732 415 3829 479 51?.

580 527 890 598 benignitas
921 523 1325 583 etbumauitas.
1349 525 1511 577 etiam
1544 538 1668 576 cum
1689 521 1880 576 durior
1910 519 2146 577 videtur,

2270 519 2490 590 τοσαύτη
2550 520 2696 572 ἐστὶν
2757 521 2787 586 ἡ
2846 519 3222 589 φιλανθρωπία
3278 522 3469 587 αὑτοῦ,
3532 521 3674 576 ὥστε
3737 527 3826 578 καὶ

584 627 714 687 puta
747 614 991 684 jubendo
1022 612 1341 666 venumdari
1371 626 1519 673 eum,
1547 622 1601 664 ct
1631 611 1811 663 omnia
1841 624 1960 677 quae
2012 606 2158 658 illius

582 718 757 764 erant.
786 705 969 775 Neque
998 703 1141 758 enim
1184 704 1288 757 hoc
1354 719 1421 756 ex
1468 703 1764 772 asperitate
1791 703 2028 762 dicebat,
2060 697 2155 751 sed

585 811 645 854 ut
706 814 922 853 servum
987 805 1210 850 terreret
1252 806 1308 850 et
1370 795 1745 864 persuaderet,
1794 809 2030 861 eumque
2090 795 2156 848 ad

587 892 862 944 humiliter
901 889 1301 959 deprecandum
1335 887 1644 946 adduceret,
1670 895 1724 938 et
1749 885 1813 938 ad
1861 887 2160 955 respicien-

583 984 710 1036 dutn
737 981 1012 1049 quomodo
1043 980 1390 1033 invitaretur.

653 1067 808 1127 νει-ε.
879 1074 970 1126 28.
1011 1073 1264 1140 Egressus
1291 1103 1354 1112 —
1382 1075 1552 1127 debet.
1579 1071 1695 1125 Non
1747 1082 1870 1140 post
1938 1073 2156 1141 longum

584 1171 824 1231 tempus,
858 1162 953 1216 sed
986 1163 1166 1216 statim
1198 1179 1212 1215 :
1249 1161 1664 1216 beneficentiam
1723 1160 1930 1215 faciens
1971 1162 2159 1214 trami-

585 1262 716 1315 tem,
751 1254 818 1308 ad
858 1254 908 1308 id
934 1254 1078 1322 quod
1115 1269 1294 1323 neque
1322 1254 1434 1307 Deo
1465 1265 1678 1324 gratum
1716 1262 1820 1313 est,
1839 1268 2016 1320 neque
2060 1252 2157 1304 lio-

585 1344 847 1400 minibus.

655 1434 808 1486 Vers.
843 1434 930 1488 29.
957 1435 1262 1488 Prostratus
1291 1465 1360 1475 —--
1384 1433 1541 1488 Vers.
1575 1435 1663 1489 30.
1697 1434 1950 1486 debitum.
1975 1431 2160 1500 Neque

584 1525 811 1578 fortnam
870 1527 1288 1595 supplicationis
1337 1527 1541 1579 veritus
1599 1534 1704 1584 est,
1763 1539 1867 1592 qua
1932 1532 1988 1575 et
2043 1523 2159 1590 ipse

584 1615 1019 1668 misericordiam
1079 1617 1566 1684 percepit;neque
1603 1628 1857 1666 sermone
1919 1613 2161 1678 placatus

583 1716 683 1768 est,
720 1722 815 1772 per
846 1721 1005 1772 quem
1035 1716 1088 1758 ει
1119 1705 1231 1774 ipse
1254 1715 1504 1759 servatus
1534 1713 1650 1758 erat
1677 1721 1690 1768 ;
1726 1717 1902 1772 neque
1933 1719 1961 1755 a
1993 1703 2156 1756 simili

585 1797 816 1866 propri-.e
875 1796 1122 1849 meminit
1151 1797 1498 1860 calamitatis,
1532 1797 1627 1850 sed
1663 1797 1970 1865 permansit
2002 1797 2152 1850 omni
2194 1835 2233 1889 Β

584 1888 693 1940 fera
729 1886 1022 1940 crudelior.
1065 1889 1225 1956 Atqui
1259 1903 1367 1939 non
1400 1903 1495 1956 pro
1525 1889 1826 1956 aequalibus
1859 1897 1979 1942 erat
2026 1905 2154 1957 sup.

583 1980 806 2046 plieatio
837 1997 853 2043 ;
883 1981 998 2049 ipse
1025 1983 1171 2034 enim
1231 1996 1328 2049 pro
1357 1980 1596 2035 talentis.
1655 1980 1740 2033 hic
1771 1993 1869 2048 pio
1920 1979 2159 2032 denariis

584 2075 849 2143 rogabat;
879 2087 928 2129 ct
965 2077 1080 2145 ipse
1116 2090 1213 2144 pro
1242 2077 1430 2129 decem
1491 2075 1752 2138 millibus,
1824 2074 1914 2127 hic
1979 2086 2160 2128 autem

585 2181 683 2231 pro
705 2175 925 2218 centum
961 2183 974 2226 ;
1029 2177 1082 2219 et
1110 2167 1226 2234 ipse
1250 2166 1559 2226 dominum,
1610 2165 1699 2218 hic
1730 2174 1911 2216 autem
1943 2179 2165 2218 conser-

585 2270 709 2309 vnm
738 2272 752 2318 ;
786 2265 842 2308 et
877 2257 1133 2309 dominus
1167 2255 1666 2310 tantum-debitum
1707 2255 1807 2323 ipsi
1847 2256 2164 2307 universum

582 2345 883 2408 remiserat,
907 2346 1021 2414 ipse
1036 2362 1164 2398 vero
1181 2362 1355 2413 neque
1377 2346 1688 2398 dilationem
1707 2359 1972 2398 conservo
1991 2345 2137 2396 dedit
2150 2384 2163 2399 .

697 2435 840 2490 Vers.
873 2439 961 2489 5i.
998 2437 1235 2489 Videzttes
1265 2467 1332 2474 —
1364 2452 1479 2505 qua:
1501 2437 1720 2503 ﬁebant.
1753 2437 2168 2503 lucompassibio

581 2525 703 2578 llas
734 2526 877 2578 enim
938 2543 1042 2579 non
1073 2542 1100 2580 ει
1131 2528 1240 2580 Dea
1273 2529 1446 2579 solum
1486 2529 1716 2581 habetur
1749 2529 1894 2590 odio,
1944 2528 2038 2580 scd
2072 2543 2166 2580 ne-

581 2633 685 2685 que
717 2619 1009 2671 mansuetis
1040 2619 1348 2672 hominibus
1376 2630 1523 2688 grata
1557 2627 1664 2672 est.

657 2709 805 2761 Vers.
840 2709 926 2761 32.
963 2709 1102 2761 Time
1130 2739 1193 2746 —
1226 2709 1360 2762 Vera.
1388 2712 1476 2761 3'5.
1516 2712 1756 2763 misertus
1780 2715 1942 2765 sum?
1977 2711 2019 2764 Ο
2069 2715 2169 2764 im—

583 2813 824 2850 mensam
868 2799 1373 2852 mansuetudinem!
1415 2799 1492 2852 Ex
1535 2816 1690 2868 aequo
1742 2801 2007 2868 disceptat
2045 2818 2166 2853 eum

582 2890 762 2956 eiqui
795 2890 938 2942 omni
1005 2907 1257 2944 sermone
1314 2893 1567 2961 indiguus
1625 2902 1752 2944 est:
1795 2902 1850 2944 et
1902 2894 2169 2961 patienter

581 2994 648 3031 ac
691 2980 884 3033 leuiter
908 2997 1030 3033 eum
1063 2984 1357 3044 convincit,
1407 2984 1496 3050 qui
1535 3000 1629 3050 per
1678 2998 1735 3036 se
1769 2984 2170 3036 condemnatus

581 3078 684 3131 est,
717 3071 1063 3140 ostenditque
1113 3073 1257 3140 quod
1294 3075 1405 3140 ipse.
1440 3075 1542 3126 sibi
1581 3074 1680 3142 ipsi
1727 3075 1965 3142 priorem
2005 3075 2168 3127 etiam

581 3158 811 3225 gratiam
842 3159 1129 3224 subvertit,
1162 3170 1211 3212 et
1247 3176 1312 3213 ex
1341 3176 1406 3214 eo
1447 3163 1709 3215 ultionem
1753 3162 1999 3214 adduxit.

656 3243 718 3297 Et
751 3261 880 3299 cum
914 3262 1022 3300 non
1085 3259 1267 3316 posset
1296 3251 1528 3314 solvere,
1579 3266 1686 3305 nou
1721 3266 1844 3304 eum
1877 3253 2166 3305 scelestum

582 3336 902 3398 nominavit,
946 3337 1041 3390 sed
1077 3341 1195 3406 ejus
1226 3341 1407 3406 potius
1457 3342 1715 3393 misertus
1772 3350 1855 3394 est
1891 3360 1902 3393 :
1951 3343 2170 3409 quando

582 3443 712 3479 vero
756 3444 880 3493 erga
906 3444 1226 3482 conservum
1257 3447 1363 3482 nou
1413 3440 1495 3484 est
1547 3443 1728 3484 tuotus
1760 3418 2166 3500 compassiouis

582 3515 801 3576 alIrctu,
830 3524 957 3567 tunc
989 3525 1043 3568 et
1071 3517 1358 3570 scelestum
1391 3518 1681 3585 appellavit
1712 3528 1765 3572 et
1797 3520 2026 3587 punivit.

652 3605 952 3660 Audiamus
980 3624 1079 3660 nos
1104 3608 1193 3676 qui
1221 3624 1327 3660 non
1349 3609 1708 3676 compatitnur
1736 3621 1790 3664 et
1821 3611 2166 3675 horreamus,

583 3697 819 3750 sciamus
853 3699 994 3766 quod
1037 3699 1140 3768 ipsi
1182 3700 1434 3767 nosipsos
1460 3702 1682 3754 omnino
1713 3702 2168 3767 condetunamus,

585 3787 675 3840 Dei
712 3791 1143 3843 miscricordiam
1180 3806 1341 3858 quam
1377 3806 1504 3858 erga
1541 3806 1639 3846 nos
1668 3794 1913 3850 exhibuit
1944 3801 2171 3850 subver-

583 3883 784 3936 tentes,
831 3885 1208 3943 aeternumque
1237 3877 1564 3945 supplicium
1599 3877 1959 3933 attrahentes.

655 3969 806 4020 Vers.
833 3969 919 4022 54.
953 3969 1019 4021 Et
1046 3970 1401 4023 sibi—totum
1421 3971 1673 4026 debitum.
1711 3973 1824 4026 Hoc
1863 3984 1966 4040 est,
1993 3977 2171 4029 ccuti-

584 4073 688 4112 nue
723 4070 773 4113 et
809 4075 1024 4129 semper
1056 4079 1067 4123 ;
1103 4071 1287 4129 postea
1326 4061 1471 4116 enim
1535 4079 1812 4132 nunquam
1855 4065 2049 4120 solvet.
2089 4066 2168 4119 Tu

583 4166 715 4204 vero
781 4153 985 4220 reliqua
1029 4154 1292 4220 paraboltn
1326 4169 1394 4208 ne
1427 4154 1645 4209 curiose
1700 4157 1982 4220 seruteris,
2051 4174 2171 4226 qua:

586 4245 1062 4311 persuasibilitatis
1110 4246 1278 4316 gratia
1312 4257 1438 4301 sunt
1487 4259 1866 4318 coassumpta;
1910 4251 2003 4304 sed
2068 4250 2173 4304 hoc

584 4337 757 4387 solum
789 4351 854 4388 ex
886 4352 946 4389 ca
978 4337 1267 4392 manifeste
1311 4340 1542 4405 accipito
1593 4359 1605 4393 :
1646 4352 1872 4410 peccata
1935 4357 2055 4410 qua:
2113 4343 2167 4395 in

586 4423 752 4476 Deum
794 4425 1182 4480 committimus
1208 4427 1430 4482 infinitis
1465 4431 1638 4484 modis
1687 4430 1840 4499 plura
1905 4448 2049 4494 esse,
2085 4431 2168 4484 his

580 4526 699 4578 qua:
731 4511 1049 4578 delinquunt
1091 4514 1142 4565 in
1176 4531 1272 4567 nos
1304 4515 1498 4569 fratres
1527 4520 1720 4571 nostri.
1751 4517 1885 4572 Nam
1935 4521 2167 4589 quisque

582 4613 825 4656 nostrum
885 4606 991 4657 Deo
1020 4605 1233 4659 debitor
1275 4617 1361 4660 est
1416 4608 1602 4662 decem
1649 4611 1877 4664 millium
1939 4613 2167 4665 talento-

584 4711 726 4756 rum,
773 4697 873 4748 hoc
903 4707 1008 4760 est,
1054 4697 1206 4750 multi
1240 4713 1304 4751 ac
1364 4700 1543 4767 magni
1597 4715 1723 4754 reus
1758 4702 1961 4768 debiti;
1997 4703 2168 4756 debe-

585 4802 703 4840 mus
735 4787 880 4839 enim
913 4787 989 4839 illi
1012 4787 1208 4842 multas
1233 4805 1534 4858 gravesque
1557 4806 1768 4859 ptenas,
1796 4802 2018 4861 propter
2049 4810 2166 4847 ma.

583 4894 684 4945 guu
728 4878 1028 4946 graviaque
1060 4891 1297 4948 peccata.
1333 4879 1575 4949 Quisque
1619 4892 1799 4936 autem
1837 4899 2024 4937 eorum
2072 4884 2165 4953 qui

585 4968 637 5018 in
691 4984 791 5020 nos
841 4968 1209 5036 deliquerunt,
1255 4970 1412 5024 nobis
1445 4971 1659 5026 debitor
1689 4982 1772 5026 est
1815 4983 2034 5027 centum
2071 4975 2166 5027 de-

585 5058 884 5121 nariorum,
919 5059 1166 5113 videlicet
1203 5061 1350 5128 parvi
1388 5063 1615 5131 vilisque
1647 5063 1840 5128 debiti,
1877 5066 1917 5117 si
1971 5065 2162 5118 confe-

588 5159 736 5199 ratnr
767 5148 834 5201 ad
869 5147 1057 5201 decem
1095 5149 1257 5203 millia
1319 5151 1665 5208 talentorum.
1707 5153 1843 5207 Cum
1875 5169 2004 5223 ergo
2057 5154 2166 5207 Deo

590 5247 734 5288 tanta
773 5237 1088 5302 debeamus,
1128 5240 1230 5294 nisi
1272 5257 1396 5312 erga
1431 5257 1647 5297 nosu'os
1698 5243 1977 5297 debitores
2006 5245 2167 5297 mise-

591 5329 818 5382 iicordia
846 5328 927 5382 usi
954 5330 1242 5396 fuerimus,
1299 5335 1680 5390 snbvertemus
1703 5337 1863 5390 etiam
1907 5353 2024 5404 qua:
2055 5337 2164 5404 jam

2261 609 2438 660 έκεῖνο
2477 610 2533 660 τὸ
2559 607 2751 661 δοκοῦ-ι
2786 609 3043 677 σκληρὸν,
3087 610 3146 661 τὸ
3177 612 3482 680 προστάξαι
3514 613 3827 683 πωληθῆναι

2261 701 2446 758 αὐτὸν,
2482 700 2580 751 οὐκ
2629 701 2736 752 ἀπὸ
2787 699 3155 769 σκληρότητος
3189 697 3362 763 εἶπεν,
3399 703 3514 756 ἀλλ’
3543 703 3631 756 ἵνα
3671 722 3831 755 κατα-

2262 794 2473 861 πτοήσῃ
2503 791 2592 841 τὸν
2620 789 2828 849 δοῦλον,
2875 793 2968 842 καὶ
3014 792 3182 859 πείσῃ
3231 793 3393 844 αὑτὸν
3426 792 3562 861 πρὸς
3608 794 3832 846 ἱκετείαν

2263 884 2354 932 καὶ
2390 883 2739 951 παράκλησιν
2767 883 3099 952 ἀποὸλέψαι.

2344 970 3034 1039 Ἐξελθὼν-όρείλεις,
3075 969 3224 1034 Εἶδες
3267 973 3378 1041 (79)
3419 976 3692 1024 Δεσπὸτου
3727 991 3758 1037 φ
3785 974 3836 1023 λ-

2262 1060 2620 1128 ανορωπίαν,
2661 1062 2763 1131 δρα
2821 1063 2914 1114 καὶ
2978 1063 3164 1116 δούλου
3213 1064 3376 1115 πάλιν
3417 1065 3833 1133 ἀπανθρωπίαν.

2274 1149 2541 1213 Ἑξελοὼν
2579 1153 2687 1220 γὰρ
2738 1151 2923 1216 εὐθὺς,
2963 1152 3131 1216 ἔδειξε
3174 1153 3274 1222 τὴν
3303 1153 3512 1204 οἰκείαν
3545 1155 3837 1222 ἀπήνειαν,

2261 1241 2383 1292 οὐδὲ
2431 1242 2627 1311 καιροῦ
2665 1243 2810 1304 τινὸς
2857 1243 3243 1312 παρελθόντος.

2333 1330 3028 1399 Πεσὼν--ὀφειλόμενον.
3051 1333 3188 1385 Οὖτε
3214 1334 3304 1385 οτὸ
3322 1335 3508 1402 σχῆμα
3538 1335 3634 1401 τῆς
3662 1339 3837 1402 ἱκετη-

2266 1421 2384 1488 ρίας
2417 1422 2639 1490 ᾐδέσθη,
2671 1423 2737 1474 δι’
2761 1421 2822 1477 οὗ
2860 1426 2954 1476 καὶ
2984 1425 3147 1488 αὐτὸς
3189 1428 3392 1493 ἐσώθη,
3417 1425 3540 1477 οὔτε
3578 1427 3676 1494 τῆς
3713 1428 3839 1488 ἰδίας

2262 1512 2580 1580 ἀνεμνησοη
2625 1516 2914 1585 συμφορᾶς
2957 1518 3064 1568 ἀπὸ
3106 1519 3204 1585 τῆς
3242 1516 3474 1584 ὁμοίαν
3515 1517 3632 1569 ἀλλ’
3660 1519 3840 1585 ἑμεινε

2264 1600 2456 1669 Θηρίου
2509 1605 2709 1667 παντὸς
2741 1605 3043 1677 ὠμότερος.
3100 1607 3382 1674 Καίτοιγε,
3420 1608 3519 1676 οὐχ
3568 1609 3710 1676 ὑπὲρ
3742 1609 3841 1659 τῶν

2265 1691 2396 1745 ἴσων
2433 1689 2500 1762 ἦν
2539 1696 2572 1763 ἡ
2614 1696 2866 1766 ἱκετηρία
2892 1679 2976 1750 "6
3016 1702 3112 1767 μὲν
3150 1698 3259 1766 γὰρ
3298 1699 3436 1767 ὑπὲρ
3469 1699 3782 1762 ταλάντων,
3817 1702 3842 1751 6

2262 1783 2317 1834 δὲ
2354 1783 2496 1854 ὑπὲρ
2525 1785 2799 1854 δηναρίων
2863 1789 3190 1857 παρεκάλει.
3227 1790 3338 1841 Καὶ
3363 1792 3390 1841 6
3427 1789 3530 1857 μὲν
3564 1789 3709 1858 ὑπὲρ
3747 1807 3843 1856 μυο

2273 1876 2402 1943 ρίων
2422 1914 2438 1936 ,
2468 1878 2495 1927 6
2522 1877 2578 1928 δὲ
2609 1878 2748 1947 ὑπὲρ
2777 1881 2992 1934 ἑκατόν.
3024 1882 3134 1933 Καὶ
3159 1883 3186 1934 6
3221 1882 3321 1950 μὲν
3355 1881 3445 1932 τὸν
3473 1881 3758 1948 Δεσπότην
3781 1921 3792 1939 .
3821 1881 3846 1932 6

2268 1963 2324 2014 δὲ
2383 1963 2472 2015 τὸν
2517 1963 2831 2032 ὁμόδουλον.
2887 1970 3000 2022 Καὶ
3030 1971 3058 2022 6
3090 1971 3188 2038 μὲν
3247 1970 3518 2040 δεσπότης
3567 1971 3718 2022 ἇπαν
3748 1969 3844 2021 αὺ-

2270 2051 2346 2119 τῷ
2383 2055 2442 2103 τὸ
2479 2054 2591 2120 (80)
2632 2056 2888 2110 τοσοῦτον
2919 2058 3080 2128 χρέος
3126 2061 3339 2128 ἀφῆκεν
3365 2077 3378 2090 ·
3417 2061 3580 2121 αὐτὸς
3624 2061 3682 2112 δὲ
3727 2059 3846 2112 οὐδὲ

2273 2145 2619 2214 προθεσμίαν
2656 2147 2830 2217 μόνην
2872 2149 2950 2218 τῷ
2999 2150 3271 2222 συνδούλῳ
3303 2151 3562 2206 δέδωκεν.

2355 2418 2613 2486 Ἰδόντες
2659 2452 2729 2460 -
2771 2425 2842 2476 τὰ
2883 2426 3196 2492 γενόμενα.
3248 2427 3320 2477 Τὸ
3367 2427 3696 2494 ἀσυμπαθὲς
3741 2427 3845 2497 γὰρ

2272 2510 2331 2560 οὐ
2368 2512 2528 2578 μόνον
2559 2513 2634 2581 τῷ
2668 2514 2786 2583 Θεῷ
2817 2517 3067 2585 μισητὸν,
3104 2517 3218 2568 ἀλλ’
3245 2518 3365 2570 οὐδὲ
3396 2522 3508 2571 τοί-
3541 2521 3846 2572 ἐπιεικέσιν

2273 2600 2582 2668 ἀνθρώποις
2616 2605 2870 2667 ἀρεστόν,

2353 2695 2564 2744 To'te—
2615 2695 2887 2760 ἠλέησεν
2957 2697 3020 2748 Ὢ
3062 2701 3159 2765 τῆς
3211 2699 3411 2767 πολλῆς
3469 2702 3843 2771 ἡμερότητοςί

2275 2783 2710 2848 Δικαιολογεῖται
2741 2787 2880 2856 πρὸς
2919 2787 3009 2838 τὸν
3035 2789 3256 2853 ἀνάξιον
3301 2793 3460 2858 λόγου
3493 2794 3721 2856 παντὸς,
3757 2794 3847 2844 καὶ

2276 2873 2652 2943 μακροθύμως
2692 2877 2904 2946 ἐλέγχει
2937 2879 3028 2930 τὸν
3063 2882 3535 2953 αὑτοκατὰκριτον
3559 2898 3572 2913 ·
3610 2884 3709 2937 καὶ
3745 2885 3849 2936 δεί-

2275 2983 2487 3030 κνυσιν,
2523 2968 2605 3018 ὅτι
2641 2967 2803 3030 αὐτὸς
2835 2970 3011 3038 ἑαυτῷ
3059 2973 3151 3023 κ.)
3207 2974 3306 3043 τὴν
3367 2975 3640 3044 προτέραν
3692 2977 3848 3044 χάριν

2275 3057 2560 3126 ἀνέτρεψε,
2619 3059 2712 3112 καὶ
2760 3061 2858 3130 τὴν
2917 3065 3057 3132 μετὰ
3099 3064 3256 3116 τοῦτο
3291 3067 3512 3118 κόλασιν
3542 3068 3844 3137 προὺξέκη.

2194 3155 2235 3211 C
2273 3163 2329 3197 σε
2361 3147 2496 3213 (81).

2345 3238 2453 3289 Kal
2501 3240 2586 3290 ὅτε
2625 3241 2726 3308 μὲν
2768 3242 2868 3293 οὐκ
2903 3238 3046 3312 εἶχεν
3079 3244 3376 3297 ἀποδοῦναι
3433 3247 3491 3297 1:6
3524 3247 3712 3315 χρέος,
3749 3248 3846 3300 οὐκ

2269 3329 2558 3396 ὠνόμασεν
2597 3332 2763 3383 αὐτὸν
2802 3334 3066 3401 πονηρὸν,
3104 3335 3240 3386 ἀλλὰ
3291 3338 3383 3387 καὶ
3425 3337 3627 3404 μᾶλλον
3687 3339 3848 3408 ἠλέη-

2273 3436 2383 3470 σενο
2411 3421 2499 3472 ὅτε
2535 3422 2592 3474 δὲ
2632 3423 2759 3493 περ).
2791 3423 2882 3475 τὸν
2913 3423 3200 3477 σύνδουλον
3221 3425 3449 3492 γέγονεν
3481 3428 3844 3495 ἀσυμπαθὴς,

2271 3513 2391 3564 τότε
2445 3516 2542 3565 καὶ
2583 3515 2824 3583 πονηρὸν
2869 3515 3148 3583 ὠνόμασε,
3183 3519 3276 3568 καὶ
3314 3516 3595 3571 ἐκόλασεν.

2353 3605 2710 3674 Ἀκούσωμεν
2746 3609 2796 3658 οί
2853 3607 3208 3675 ἀσυμπαθεῖς
3261 3608 3354 3658 καὶ
3405 3607 3714 3677 φρίξωμεν,
3761 3628 3850 3661 και

2270 3696 2512 3763 γνῶμεν,
2538 3697 2620 3748 ὅτι
2655 3698 2812 3749 αὐτοὶ
2843 3696 3056 3758 πάντως
3100 3698 3332 3759 ἑαυτοὺς
3379 3697 3847 3768 καταδικάζομεν,

2269 3787 2360 3838 τὸν
2410 3788 2491 3848 είς
2531 3789 2678 3857 ἡμᾶς
2729 3787 3205 3859 προγεγενημένον
3236 3789 3384 3841 ἔλεον
3420 3789 3510 3840 τοῦ
3539 3791 3681 3843 Θεοῦ
3718 3795 3848 3846 ἁνα-

2269 3877 2584 3945 τρέποντες,
2640 3879 2733 3931 καὶ
2766 3879 2866 3949 τὴν
2907 3879 3133 3932 αἰωνίαν
3171 3879 3394 3931 κόλασιν
3441 3882 3849 3953 ἐπισπώμενοι.

2342 3969 2452 4020 Καὶ
2479 3999 2539 4008 -—
2563 3967 2686 4023 πᾶν
2702 3970 2767 4022 τὸ
2793 3972 3194 4039 ὀφειλόμενον
3233 3971 3415 4036 αὐτῷ.
3442 3973 3732 4040 Τουτέστι,
3773 3977 3852 4027 δι-

2269 4062 2484 4132 ηνεκῶς
2504 4075 2516 4086 '
2545 4061 2802 4114 οὐδέποτε
2833 4062 2941 4131 γὰρ
2969 4061 3156 4114 λοιπὸν
3179 4061 3475 4116 ἀποδώσει.
3503 4065 3574 4116 Σὺ
3608 4064 3664 4117 δὲ
3687 4067 3851 4119 τᾶλλα

2274 4151 2375 4219 μὲν
2431 4153 2530 4220 τῆς
2568 4150 2893 4221 παραϐολῆς
2950 4151 3026 4220 μὴ
3067 4151 3456 4222 περιεργάζου,
3499 4154 3661 4222 χάριν
3696 4157 3852 4207 πιθα-

2273 4243 2496 4312 νότητος
2537 4243 3107 4314 συμπαραληφθένταο
3162 4243 3324 4296 τοῦτο
3346 4244 3402 4296 δὲ
3432 4245 3593 4314 μόνον
3628 4248 3694 4298 ὲκ
3721 4247 3852 4298 ταύ-

2271 4352 2367 4404 της
2403 4335 2540 4405 μάθε
2563 4335 2772 4401 σαφῶς,
2802 4335 2885 4387 ὅτι
2906 4333 2972 4387 τὰ
3003 4336 3080 4398 είς
3111 4334 3244 4387 Θεὸν
3273 4337 3658 4406 ἁμαρτήματα
3689 4338 3849 4408 ἡμῶν

2279 4423 2655 4493 μυριοπλάσιά
2685 4427 2792 4476 είσι
2831 4424 2941 4476 τῶν
2970 4425 3050 4486 είς
3075 4425 3225 4493 ἡμᾶς
3274 4425 3701 4496 ἁμαρτημάτων
3746 4429 3852 4480 τῶν

2275 4513 2543 4581 ἀδελφῶν.
2602 4515 2714 4566 Καὶ
2763 4515 2996 4577 ἕκαστος
3060 4515 3160 4582 μὲν
3213 4515 3374 4586 ἡμῶν
3439 4518 3853 4588 χρεωφειλέτης

2274 4609 2392 4660 ἐστὶ
2424 4607 2500 4677 τῷ
2532 4605 2653 4675 Θεῷ
2689 4608 2903 4676 μυρίων
2939 4609 3256 4670 ταλάντων,
3291 4610 3576 4662 τουτέστιν
3617 4611 3856 4664 ὑπεύθυ-

2271 4716 2359 4760 νος
2395 4697 2594 4749 πολλοῦ
2634 4700 2727 4750 καὶ
2769 4700 3008 4768 μεγάλου
3049 4701 3276 4769 χρέουςο
3319 4702 3711 4772 χρεωστοῦμεν
3748 4704 3855 4773 γὰρ

2272 4789 2421 4859 αὑτῷ
2470 4791 2671 4851 πολλὰς
2730 4793 2824 4842 καὶ
2881 4791 3125 4860 μεγάλας
3171 4794 3445 4863 τιμωρίας
3496 4795 3589 4846 ἐπὶ
3639 4796 3854 4859 πολλοῖς

2273 4880 2366 4940 καὶ
2404 4878 2660 4947 μεγάλοις
2697 4880 3094 4948 ἁμαρτήμασιν
3116 4897 3130 4910 ο
3163 4882 3398 4944 ἕκαστος.
3430 4882 3485 4934 δὲ
3520 4883 3629 4935 τῶν
3670 4885 3856 4953 ἁμαρ-

2272 4969 2547 5020 τανόντων
2573 4970 2654 5030 είς
2700 4971 2845 5037 ἡμᾶς
2893 4971 3302 5041 χρεωςςειλέτης
3345 4974 3493 5025 ἐστὶν
3535 4973 3669 5043 ἡμῖν
3721 4977 3854 5029 ἐκσ-

2270 5060 2361 5112 τδν
2399 5059 2693 5128 δηναρίων,
2749 5060 2917 5130 ἡγουν
2963 5061 3146 5129 ὀλίγου
3201 5065 3296 5116 καὶ
3351 5064 3604 5125 εὐτελοῦς
3659 5065 3854 5135 χρέους

2272 5151 2409 5221 πρῖς
2453 5151 2744 5221 σύγκρισιν
2772 5152 2881 5206 τῶν
2919 5155 3134 5224 μυρίων
3183 5155 3484 5209 ταλάντων.
3532 5157 3644 5209 Καὶ
3691 5159 3775 5210 ὅτι
3804 5157 3852 5209 οἱ

2272 5243 2572 5311 τηλικαῦτα
2632 5244 2710 5313 τῷ
2773 5243 2894 5314 Θεῷ
2952 5247 3377 5314 χρεωστοῦντεε,
3436 5247 3532 5300 ὲὰν
3593 5248 3853 5318 φανῶμεν

2275 5335 2412 5404 πρὸς
2444 5338 2572 5397 τοὺς
2607 5338 2782 5405 μικρὰ
2812 5336 3228 5407 χρεωατοῦντας
3273 5340 3407 5409 ἡμῖν
3461 5339 3852 5412 ἀνελεήμονες,

1781 5515 1976 5575 Variae
2026 5514 2334 5575 lectiones
2378 5522 2440 5575 ct
2486 5523 2679 5576 notae.

597 5672 776 5799 u(79)
808 5676 1060 5735 lletttenii
1121 5679 1503 5746 interpretatio
1547 5682 1634 5735 hic
1685 5698 1906 5750 prorsus
1957 5683 2165 5738 dissen-

621 5758 633 5791 ί
668 5785 680 5798 .

621 5758 680 5798 ιι.

2351 5681 2461 5748 (80)
2493 5681 2585 5748 Τί,
2610 5682 2812 5734 omittit
2842 5682 2904 5734 Α.

2363 5751 2473 5819 (81)
2507 5752 2583 5806 Ila
2611 5753 2848 5816 correxi,
2887 5753 3006 5806 loco
3034 5751 3350 5823 προξένησε.
