  <div class='ocr_page' id='page_1' title='image "/cluster/home/n/w/nwhite01/storage/ocr_20150623/129/uva.x030341099/267.png"; bbox 0 0 4086 6404; ppageno 0'>
   <div class='ocr_carea' id='block_1_1' title="bbox 622 409 735 474">
    <p class='ocr_par' dir='ltr' id='par_1_1' title="bbox 622 409 735 474">
     <span class='ocr_line' id='line_1_1' title="bbox 622 409 735 474; baseline 0 0"><span class='ocrx_word' id='word_1_1' title='bbox 622 409 735 474; x_wconf 72' lang='lat'><strong>515</strong></span> 
     </span>
    </p>
   </div>
   <div class='ocr_carea' id='block_1_2' title="bbox 1864 410 2657 482">
    <p class='ocr_par' dir='ltr' id='par_1_2' title="bbox 1864 410 2657 482">
     <span class='ocr_line' id='line_1_2' title="bbox 1864 410 2657 482; baseline 0.015 -14"><span class='ocrx_word' id='word_1_2' title='bbox 1864 410 2255 480; x_wconf 75' lang='lat' dir='ltr'><strong>EUTHYMU</strong></span> <span class='ocrx_word' id='word_1_3' title='bbox 2290 418 2657 482; x_wconf 76' lang='lat' dir='ltr'><strong>ZfGABENl</strong></span> 
     </span>
    </p>
   </div>
   <div class='ocr_carea' id='block_1_3' title="bbox 3803 420 3881 487">
    <p class='ocr_par' dir='ltr' id='par_1_3' title="bbox 3803 420 3881 487">
     <span class='ocr_line' id='line_1_3' title="bbox 3803 420 3881 487; baseline -0.013 -1"><span class='ocrx_word' id='word_1_4' title='bbox 3803 420 3881 487; x_wconf 80' lang='lat'><strong>516</strong></span> 
     </span>
    </p>
   </div>
   <div class='ocr_carea' id='block_1_4' title="bbox 624 519 2197 608">
    <p class='ocr_par' dir='ltr' id='par_1_4' title="bbox 624 519 2197 593">
     <span class='ocr_line' id='line_1_4' title="bbox 624 519 2197 593; baseline 0.002 -17"><span class='ocrx_word' id='word_1_5' title='bbox 624 538 733 592; x_wconf 89' lang='lat' dir='ltr'><strong>que</strong></span> <span class='ocrx_word' id='word_1_6' title='bbox 763 530 1117 593; x_wconf 83' lang='lat' dir='ltr'><strong>exasperatus</strong></span> <span class='ocrx_word' id='word_1_7' title='bbox 1150 529 1232 577; x_wconf 87' lang='lat' dir='ltr'><strong>est</strong></span> <span class='ocrx_word' id='word_1_8' title='bbox 1258 521 1398 575; x_wconf 74' lang='lat' dir='ltr'><strong>sicut</strong></span> <span class='ocrx_word' id='word_1_9' title='bbox 1430 519 1539 575; x_wconf 84' lang='lat' dir='ltr'><strong>alio</strong></span> <span class='ocrx_word' id='word_1_10' title='bbox 1570 521 1725 576; x_wconf 81' lang='lat' dir='ltr'><strong>loco;</strong></span> <span class='ocrx_word' id='word_1_11' title='bbox 1760 537 1938 592; x_wconf 75' lang='lat' dir='ltr'><strong>neque</strong></span> <span class='ocrx_word' id='word_1_12' title='bbox 1978 528 2197 580; x_wconf 83' lang='lat' dir='ltr'><strong>utnninu</strong></span> 
     </span>
    </p>
   </div>
   <div class='ocr_carea' id='block_1_5' title="bbox 2300 519 3878 608">
    <p class='ocr_par' dir='ltr' id='par_1_5' title="bbox 2315 532 3878 608">
     <span class='ocr_line' id='line_1_5' title="bbox 2315 532 3878 608; baseline 0.009 -26"><span class='ocrx_word' id='word_1_13' title='bbox 2315 532 2449 593; x_wconf 74' lang='grc' dir='ltr'>πρὸς</span> <span class='ocrx_word' id='word_1_14' title='bbox 2499 532 2719 596; x_wconf 70' lang='grc' dir='ltr'>αὐτοὺς,</span> <span class='ocrx_word' id='word_1_15' title='bbox 2767 532 2891 586; x_wconf 68' lang='grc' dir='ltr'>οὐδὲ</span> <span class='ocrx_word' id='word_1_16' title='bbox 2961 534 3297 608; x_wconf 76' lang='grc' dir='ltr'>ἑτραχύνθη,</span> <span class='ocrx_word' id='word_1_17' title='bbox 3380 536 3566 601; x_wconf 85' lang='grc' dir='ltr'>καθὼς</span> <span class='ocrx_word' id='word_1_18' title='bbox 3619 539 3772 595; x_wconf 69' lang='grc' dir='ltr'>εστιν</span> <span class='ocrx_word' id='word_1_19' title='bbox 3808 544 3878 597; x_wconf 81' lang='grc' dir='ltr'>ὅτε</span> 
     </span>
    </p>
   </div>
   <div class='ocr_carea' id='block_1_6' title="bbox 620 612 2213 684">
    <p class='ocr_par' dir='ltr' id='par_1_6' title="bbox 620 612 2213 684">
     <span class='ocr_line' id='line_1_6' title="bbox 620 612 2213 684; baseline 0.002 -18"><span class='ocrx_word' id='word_1_20' title='bbox 620 613 797 684; x_wconf 74' lang='lat' dir='ltr'><strong>arguit</strong></span> <span class='ocrx_word' id='word_1_21' title='bbox 831 628 943 676; x_wconf 82' lang='lat' dir='ltr'><strong>eos,</strong></span> <span class='ocrx_word' id='word_1_22' title='bbox 980 622 1035 666; x_wconf 83' lang='lat' dir='ltr'><strong>ut</strong></span> <span class='ocrx_word' id='word_1_23' title='bbox 1074 626 1227 666; x_wconf 82' lang='lat' dir='ltr'><strong>suam</strong></span> <span class='ocrx_word' id='word_1_24' title='bbox 1275 612 1530 667; x_wconf 75' lang='lat' dir='ltr'><strong>Ostendat</strong></span> <span class='ocrx_word' id='word_1_25' title='bbox 1584 613 1894 676; x_wconf 78' lang='lat' dir='ltr'><strong>lenitatem,</strong></span> <span class='ocrx_word' id='word_1_26' title='bbox 1920 624 1973 667; x_wconf 86' lang='lat' dir='ltr'><strong>et</strong></span> <span class='ocrx_word' id='word_1_27' title='bbox 2008 625 2067 668; x_wconf 88' lang='lat' dir='ltr'><strong>ut</strong></span> <span class='ocrx_word' id='word_1_28' title='bbox 2097 616 2213 669; x_wconf 82' lang='lat' dir='ltr'><strong>dis-</strong></span> 
     </span>
    </p>
   </div>
   <div class='ocr_carea' id='block_1_7' title="bbox 620 702 2212 772">
    <p class='ocr_par' dir='ltr' id='par_1_7' title="bbox 620 702 2212 772">
     <span class='ocr_line' id='line_1_7' title="bbox 620 702 2212 772; baseline 0 -15"><span class='ocrx_word' id='word_1_29' title='bbox 620 702 829 772; x_wconf 80' lang='lat' dir='ltr'><strong>cipulos</strong></span> <span class='ocrx_word' id='word_1_30' title='bbox 866 703 1062 757; x_wconf 79' lang='lat' dir='ltr'><strong>doceat</strong></span> <span class='ocrx_word' id='word_1_31' title='bbox 1120 702 1353 771; x_wconf 84' lang='lat' dir='ltr'><strong>injurias</strong></span> <span class='ocrx_word' id='word_1_32' title='bbox 1390 702 1589 757; x_wconf 89' lang='lat' dir='ltr'><strong>leniter</strong></span> <span class='ocrx_word' id='word_1_33' title='bbox 1646 702 1811 758; x_wconf 83' lang='lat' dir='ltr'><strong>ferre.</strong></span> <span class='ocrx_word' id='word_1_34' title='bbox 1862 704 1979 758; x_wconf 79' lang='lat' dir='ltr'><strong>Non</strong></span> <span class='ocrx_word' id='word_1_35' title='bbox 2033 714 2212 759; x_wconf 79' lang='lat' dir='ltr'><strong>tamen</strong></span> 
     </span>
    </p>
   </div>
   <div class='ocr_carea' id='block_1_8' title="bbox 620 794 2212 865">
    <p class='ocr_par' dir='ltr' id='par_1_8' title="bbox 620 794 2212 865">
     <span class='ocr_line' id='line_1_8' title="bbox 620 794 2212 865; baseline 0 -17"><span class='ocrx_word' id='word_1_36' title='bbox 620 807 834 860; x_wconf 69' lang='lat' dir='ltr'><strong>semper</strong></span> <span class='ocrx_word' id='word_1_37' title='bbox 881 794 1105 848; x_wconf 79' lang='lat' dir='ltr'><strong>exhibet</strong></span> <span class='ocrx_word' id='word_1_38' title='bbox 1137 794 1442 859; x_wconf 71' lang='lat' dir='ltr'><strong>lenitatem,</strong></span> <span class='ocrx_word' id='word_1_39' title='bbox 1494 810 1564 848; x_wconf 89' lang='lat' dir='ltr'><strong>ne</strong></span> <span class='ocrx_word' id='word_1_40' title='bbox 1612 803 1803 865; x_wconf 86' lang='lat' dir='ltr'><strong>putent</strong></span> <span class='ocrx_word' id='word_1_41' title='bbox 1837 796 2053 851; x_wconf 83' lang='lat' dir='ltr'><strong>scelesti</strong></span> <span class='ocrx_word' id='word_1_42' title='bbox 2099 798 2212 848; x_wconf 58' lang='lat' dir='ltr'><strong>hac</strong></span> 
     </span>
    </p>
   </div>
   <div class='ocr_carea' id='block_1_9' title="bbox 618 883 2215 953">
    <p class='ocr_par' dir='ltr' id='par_1_9' title="bbox 618 883 2215 953">
     <span class='ocr_line' id='line_1_9' title="bbox 618 883 2215 953; baseline 0.003 -18"><span class='ocrx_word' id='word_1_43' title='bbox 618 884 767 936; x_wconf 78' lang='lat' dir='ltr'><strong>illum</strong></span> <span class='ocrx_word' id='word_1_44' title='bbox 805 883 994 938; x_wconf 87' lang='lat' dir='ltr'><strong>latere.</strong></span> <span class='ocrx_word' id='word_1_45' title='bbox 1030 896 1197 953; x_wconf 88' lang='lat' dir='ltr'><strong>utque</strong></span> <span class='ocrx_word' id='word_1_46' title='bbox 1225 884 1529 938; x_wconf 87' lang='lat' dir='ltr'><strong>refrenaret</strong></span> <span class='ocrx_word' id='word_1_47' title='bbox 1563 884 1849 939; x_wconf 81' lang='lat' dir='ltr'><strong>malitiam.</strong></span> <span class='ocrx_word' id='word_1_48' title='bbox 1884 884 1947 939; x_wconf 84' lang='lat' dir='ltr'><strong>Et</strong></span> <span class='ocrx_word' id='word_1_49' title='bbox 1974 886 2095 941; x_wconf 87' lang='lat' dir='ltr'><strong>vide</strong></span> <span class='ocrx_word' id='word_1_50' title='bbox 2128 901 2215 940; x_wconf 81' lang='lat' dir='ltr'><strong>sa-</strong></span> 
     </span>
    </p>
   </div>
   <div class='ocr_carea' id='block_1_10' title="bbox 619 972 2213 1043">
    <p class='ocr_par' dir='ltr' id='par_1_10' title="bbox 619 972 2213 1043">
     <span class='ocr_line' id='line_1_10' title="bbox 619 972 2213 1043; baseline 0.003 -18"><span class='ocrx_word' id='word_1_51' title='bbox 619 973 900 1040; x_wconf 77' lang='lat' dir='ltr'><strong>pientiam.</strong></span> <span class='ocrx_word' id='word_1_52' title='bbox 932 972 1303 1043; x_wconf 76' lang='lat' dir='ltr'><strong>Interrogatus</strong></span> <span class='ocrx_word' id='word_1_53' title='bbox 1334 990 1401 1029; x_wconf 88' lang='lat' dir='ltr'><strong>an</strong></span> <span class='ocrx_word' id='word_1_54' title='bbox 1450 975 1662 1039; x_wconf 82' lang='lat' dir='ltr'><strong>liceret,</strong></span> <span class='ocrx_word' id='word_1_55' title='bbox 1695 991 1803 1031; x_wconf 89' lang='lat' dir='ltr'><strong>non</strong></span> <span class='ocrx_word' id='word_1_56' title='bbox 1860 979 2046 1032; x_wconf 81' lang='lat' dir='ltr'><strong>statim</strong></span> <span class='ocrx_word' id='word_1_57' title='bbox 2075 978 2213 1030; x_wconf 77' lang='lat' dir='ltr'><strong>dixit</strong></span> 
     </span>
    </p>
   </div>
   <div class='ocr_carea' id='block_1_11' title="bbox 617 1061 2214 1123">
    <p class='ocr_par' dir='ltr' id='par_1_11' title="bbox 617 1061 2214 1123">
     <span class='ocr_line' id='line_1_11' title="bbox 617 1061 2214 1123; baseline 0.001 -8"><span class='ocrx_word' id='word_1_58' title='bbox 617 1075 725 1115; x_wconf 84' lang='lat' dir='ltr'><strong>non</strong></span> <span class='ocrx_word' id='word_1_59' title='bbox 766 1061 954 1123; x_wconf 80' lang='lat' dir='ltr'><strong>licere,</strong></span> <span class='ocrx_word' id='word_1_60' title='bbox 989 1078 1057 1115; x_wconf 87' lang='lat' dir='ltr'><strong>ne</strong></span> <span class='ocrx_word' id='word_1_61' title='bbox 1109 1064 1267 1117; x_wconf 85' lang='lat' dir='ltr'><strong>daret</strong></span> <span class='ocrx_word' id='word_1_62' title='bbox 1294 1064 1375 1117; x_wconf 91' lang='lat' dir='ltr'><strong>eis</strong></span> <span class='ocrx_word' id='word_1_63' title='bbox 1425 1063 1773 1118; x_wconf 83' lang='lat' dir='ltr'><strong>occasionem</strong></span> <span class='ocrx_word' id='word_1_64' title='bbox 1839 1064 2214 1121; x_wconf 80' lang='lat' dir='ltr'><strong>contentionis</strong></span> 
     </span>
    </p>
   </div>
   <div class='ocr_carea' id='block_1_12' title="bbox 613 1151 2211 1224">
    <p class='ocr_par' dir='ltr' id='par_1_12' title="bbox 613 1151 2211 1224">
     <span class='ocr_line' id='line_1_12' title="bbox 613 1151 2211 1224; baseline 0.004 -23"><span class='ocrx_word' id='word_1_65' title='bbox 613 1165 675 1202; x_wconf 71' lang='lat' dir='ltr'><strong>ac</strong></span> <span class='ocrx_word' id='word_1_66' title='bbox 700 1151 1007 1217; x_wconf 86' lang='lat' dir='ltr'><strong>tumultus;</strong></span> <span class='ocrx_word' id='word_1_67' title='bbox 1043 1154 1137 1206; x_wconf 89' lang='lat' dir='ltr'><strong>sed</strong></span> <span class='ocrx_word' id='word_1_68' title='bbox 1174 1155 1279 1206; x_wconf 93' lang='lat' dir='ltr'><strong>hoc</strong></span> <span class='ocrx_word' id='word_1_69' title='bbox 1308 1153 1413 1206; x_wconf 83' lang='lat' dir='ltr'><strong>alio</strong></span> <span class='ocrx_word' id='word_1_70' title='bbox 1454 1154 1615 1207; x_wconf 93' lang='lat' dir='ltr'><strong>modo</strong></span> <span class='ocrx_word' id='word_1_71' title='bbox 1653 1163 1777 1224; x_wconf 82' lang='lat' dir='ltr'><strong>apte</strong></span> <span class='ocrx_word' id='word_1_72' title='bbox 1798 1154 2091 1210; x_wconf 78' lang='lat' dir='ltr'><strong>admodum</strong></span> <span class='ocrx_word' id='word_1_73' title='bbox 2121 1171 2211 1208; x_wconf 90' lang='lat' dir='ltr'><strong>as-</strong></span> 
     </span>
    </p>
   </div>
   <div class='ocr_carea' id='block_1_13' title="bbox 606 1242 2210 1313">
    <p class='ocr_par' dir='ltr' id='par_1_13' title="bbox 606 1242 2210 1313">
     <span class='ocr_line' id='line_1_13' title="bbox 606 1242 2210 1313; baseline 0.004 -19"><span class='ocrx_word' id='word_1_74' title='bbox 606 1242 744 1299; x_wconf 80' lang='lat' dir='ltr'><strong>,truit</strong></span> <span class='ocrx_word' id='word_1_75' title='bbox 791 1244 859 1296; x_wconf 83' lang='lat' dir='ltr'><strong>ab</strong></span> <span class='ocrx_word' id='word_1_76' title='bbox 916 1244 1029 1313; x_wconf 84' lang='lat' dir='ltr'><strong>ipsa</strong></span> <span class='ocrx_word' id='word_1_77' title='bbox 1059 1243 1335 1297; x_wconf 84' lang='lat' dir='ltr'><strong>creatione</strong></span> <span class='ocrx_word' id='word_1_78' title='bbox 1363 1258 1487 1312; x_wconf 72' lang='lat' dir='ltr'><strong>qua:</strong></span> <span class='ocrx_word' id='word_1_79' title='bbox 1512 1244 1755 1300; x_wconf 85' lang='lat' dir='ltr'><strong>abinitio</strong></span> <span class='ocrx_word' id='word_1_80' title='bbox 1780 1246 1915 1299; x_wconf 85' lang='lat' dir='ltr'><strong>facta</strong></span> <span class='ocrx_word' id='word_1_81' title='bbox 1933 1255 2033 1299; x_wconf 88' lang='lat' dir='ltr'><strong>est.</strong></span> <span class='ocrx_word' id='word_1_82' title='bbox 2070 1246 2210 1311; x_wconf 82' lang='lat' dir='ltr'><strong>Quid</strong></span> 
     </span>
    </p>
   </div>
   <div class='ocr_carea' id='block_1_14' title="bbox 612 1333 2209 1406">
    <p class='ocr_par' dir='ltr' id='par_1_14' title="bbox 612 1333 2209 1406">
     <span class='ocr_line' id='line_1_14' title="bbox 612 1333 2209 1406; baseline 0.003 -21"><span class='ocrx_word' id='word_1_83' title='bbox 612 1347 743 1401; x_wconf 76' lang='lat' dir='ltr'><strong>ergo</strong></span> <span class='ocrx_word' id='word_1_84' title='bbox 766 1334 873 1387; x_wconf 74' lang='lat' dir='ltr'><strong>ait?</strong></span> <span class='ocrx_word' id='word_1_85' title='bbox 900 1333 1042 1387; x_wconf 72' lang='lat' dir='ltr'><strong>Nam</strong></span> <span class='ocrx_word' id='word_1_86' title='bbox 1076 1334 1274 1403; x_wconf 75' lang='lat' dir='ltr'><strong>legistis</strong></span> <span class='ocrx_word' id='word_1_87' title='bbox 1306 1334 1444 1403; x_wconf 76' lang='lat' dir='ltr'><strong>quod</strong></span> <span class='ocrx_word' id='word_1_88' title='bbox 1478 1336 1568 1402; x_wconf 79' lang='lat' dir='ltr'><strong>qui</strong></span> <span class='ocrx_word' id='word_1_89' title='bbox 1613 1336 1733 1406; x_wconf 75' lang='lat' dir='ltr'><strong>fecit</strong></span> <span class='ocrx_word' id='word_1_90' title='bbox 1763 1335 1830 1389; x_wconf 77' lang='lat' dir='ltr'><strong>ab</strong></span> <span class='ocrx_word' id='word_1_91' title='bbox 1851 1336 2024 1398; x_wconf 76' lang='lat' dir='ltr'><strong>initio,</strong></span> <span class='ocrx_word' id='word_1_92' title='bbox 2092 1352 2209 1389; x_wconf 86' lang='lat' dir='ltr'><strong>ma-</strong></span> 
     </span>
    </p>
   </div>
   <div class='ocr_carea' id='block_1_15' title="bbox 614 1424 2214 1495">
    <p class='ocr_par' dir='ltr' id='par_1_15' title="bbox 614 1424 2214 1495">
     <span class='ocr_line' id='line_1_15' title="bbox 614 1424 2214 1495; baseline 0.003 -19"><span class='ocrx_word' id='word_1_93' title='bbox 614 1424 823 1478; x_wconf 72' lang='lat' dir='ltr'><strong>sculum</strong></span> <span class='ocrx_word' id='word_1_94' title='bbox 859 1434 909 1478; x_wconf 78' lang='lat' dir='ltr'><strong>et</strong></span> <span class='ocrx_word' id='word_1_95' title='bbox 951 1428 1203 1495; x_wconf 77' lang='lat' dir='ltr'><strong>feminam</strong></span> <span class='ocrx_word' id='word_1_96' title='bbox 1237 1426 1360 1493; x_wconf 76' lang='lat' dir='ltr'><strong>fecit</strong></span> <span class='ocrx_word' id='word_1_97' title='bbox 1386 1442 1470 1480; x_wconf 83' lang='grc' dir='ltr'><strong>εοε</strong></span> <span class='ocrx_word' id='word_1_98' title='bbox 1505 1428 1531 1482; x_wconf 70' lang='grc'><strong><em>2</em></strong></span> <span class='ocrx_word' id='word_1_99' title='bbox 1584 1424 1700 1481; x_wconf 85' lang='lat' dir='ltr'><strong>lloc</strong></span> <span class='ocrx_word' id='word_1_100' title='bbox 1737 1435 1843 1492; x_wconf 86' lang='lat' dir='ltr'><strong>est,</strong></span> <span class='ocrx_word' id='word_1_101' title='bbox 1900 1442 2068 1481; x_wconf 85' lang='lat' dir='ltr'><strong>unum</strong></span> <span class='ocrx_word' id='word_1_102' title='bbox 2097 1441 2214 1481; x_wconf 82' lang='lat' dir='ltr'><strong>ma-</strong></span> 
     </span>
    </p>
   </div>
   <div class='ocr_carea' id='block_1_16' title="bbox 614 1515 2207 1585">
    <p class='ocr_par' dir='ltr' id='par_1_16' title="bbox 614 1515 2207 1585">
     <span class='ocr_line' id='line_1_16' title="bbox 614 1515 2207 1585; baseline 0.004 -18"><span class='ocrx_word' id='word_1_103' title='bbox 614 1515 825 1567; x_wconf 67' lang='lat' dir='ltr'><strong>sculum</strong></span> <span class='ocrx_word' id='word_1_104' title='bbox 879 1530 1153 1585; x_wconf 88' lang='lat' dir='ltr'><strong>unamque</strong></span> <span class='ocrx_word' id='word_1_105' title='bbox 1184 1517 1469 1582; x_wconf 86' lang='lat' dir='ltr'><strong>feminam,</strong></span> <span class='ocrx_word' id='word_1_106' title='bbox 1501 1526 1559 1571; x_wconf 90' lang='lat' dir='ltr'><strong>ut</strong></span> <span class='ocrx_word' id='word_1_107' title='bbox 1589 1534 1727 1571; x_wconf 90' lang='lat' dir='ltr'><strong>unus</strong></span> <span class='ocrx_word' id='word_1_108' title='bbox 1761 1533 1925 1573; x_wconf 89' lang='lat' dir='ltr'><strong>unam</strong></span> <span class='ocrx_word' id='word_1_109' title='bbox 1962 1518 2207 1573; x_wconf 80' lang='lat' dir='ltr'><strong>haberet.</strong></span> 
     </span>
    </p>
   </div>
   <div class='ocr_carea' id='block_1_17' title="bbox 614 1604 2210 1675">
    <p class='ocr_par' dir='ltr' id='par_1_17' title="bbox 614 1604 2210 1675">
     <span class='ocr_line' id='line_1_17' title="bbox 614 1604 2210 1675; baseline 0.003 -19"><span class='ocrx_word' id='word_1_110' title='bbox 614 1604 747 1672; x_wconf 60' lang='lat' dir='ltr'><strong>Nam</strong></span> <span class='ocrx_word' id='word_1_111' title='bbox 798 1607 841 1659; x_wconf 82' lang='lat' dir='ltr'><strong>si</strong></span> <span class='ocrx_word' id='word_1_112' title='bbox 874 1605 1138 1659; x_wconf 87' lang='lat' dir='ltr'><strong>voluisset</strong></span> <span class='ocrx_word' id='word_1_113' title='bbox 1187 1606 1493 1660; x_wconf 80' lang='lat' dir='ltr'><strong>masculum</strong></span> <span class='ocrx_word' id='word_1_114' title='bbox 1528 1606 1669 1659; x_wconf 87' lang='lat' dir='ltr'><strong>hanc</strong></span> <span class='ocrx_word' id='word_1_115' title='bbox 1700 1607 2033 1675; x_wconf 84' lang='lat' dir='ltr'><strong>relinquere,</strong></span> <span class='ocrx_word' id='word_1_116' title='bbox 2086 1622 2210 1661; x_wconf 88' lang='lat' dir='ltr'><strong>rur-</strong></span> 
     </span>
    </p>
   </div>
   <div class='ocr_carea' id='block_1_18' title="bbox 611 1695 2211 1765">
    <p class='ocr_par' dir='ltr' id='par_1_18' title="bbox 611 1695 2211 1765">
     <span class='ocr_line' id='line_1_18' title="bbox 611 1695 2211 1765; baseline 0 -16"><span class='ocrx_word' id='word_1_117' title='bbox 611 1709 843 1763; x_wconf 60' lang='lat' dir='ltr'><strong>sumque</strong></span> <span class='ocrx_word' id='word_1_118' title='bbox 872 1696 1012 1748; x_wconf 86' lang='lat' dir='ltr'><strong>hanc</strong></span> <span class='ocrx_word' id='word_1_119' title='bbox 1036 1696 1262 1761; x_wconf 89' lang='lat' dir='ltr'><strong>ducere,</strong></span> <span class='ocrx_word' id='word_1_120' title='bbox 1278 1697 1469 1765; x_wconf 85' lang='lat' dir='ltr'><strong>plures</strong></span> <span class='ocrx_word' id='word_1_121' title='bbox 1488 1697 1675 1763; x_wconf 87' lang='lat' dir='ltr'><strong>utique</strong></span> <span class='ocrx_word' id='word_1_122' title='bbox 1695 1695 1987 1751; x_wconf 87' lang='lat' dir='ltr'><strong>formasset</strong></span> <span class='ocrx_word' id='word_1_123' title='bbox 2012 1696 2080 1751; x_wconf 86' lang='lat' dir='ltr'><strong>ab</strong></span> <span class='ocrx_word' id='word_1_124' title='bbox 2102 1697 2211 1751; x_wconf 82' lang='lat' dir='ltr'><strong>ini-</strong></span> 
     </span>
    </p>
   </div>
   <div class='ocr_carea' id='block_1_19' title="bbox 612 1784 2209 1856">
    <p class='ocr_par' dir='ltr' id='par_1_19' title="bbox 612 1784 2209 1856">
     <span class='ocr_line' id='line_1_19' title="bbox 612 1784 2209 1856; baseline 0.004 -20"><span class='ocrx_word' id='word_1_125' title='bbox 612 1787 689 1838; x_wconf 89' lang='lat' dir='ltr'><strong>tio</strong></span> <span class='ocrx_word' id='word_1_126' title='bbox 720 1784 953 1837; x_wconf 83' lang='lat' dir='ltr'><strong>feminas</strong></span> <span class='ocrx_word' id='word_1_127' title='bbox 980 1801 994 1838; x_wconf 92' lang='lat'>:</span> <span class='ocrx_word' id='word_1_128' title='bbox 1032 1786 1158 1853; x_wconf 87' lang='lat' dir='ltr'><strong>quia</strong></span> <span class='ocrx_word' id='word_1_129' title='bbox 1191 1800 1323 1856; x_wconf 73' lang='lat' dir='ltr'><strong>ergo</strong></span> <span class='ocrx_word' id='word_1_130' title='bbox 1348 1787 1534 1855; x_wconf 83' lang='lat' dir='ltr'><strong>plures</strong></span> <span class='ocrx_word' id='word_1_131' title='bbox 1585 1802 1697 1843; x_wconf 86' lang='lat' dir='ltr'><strong>non</strong></span> <span class='ocrx_word' id='word_1_132' title='bbox 1729 1788 2005 1849; x_wconf 83' lang='lat' dir='ltr'><strong>formavit,</strong></span> <span class='ocrx_word' id='word_1_133' title='bbox 2036 1798 2209 1844; x_wconf 84' lang='lat' dir='ltr'><strong>restat</strong></span> 
     </span>
    </p>
   </div>
   <div class='ocr_carea' id='block_1_20' title="bbox 610 1873 2064 1944">
    <p class='ocr_par' dir='ltr' id='par_1_20' title="bbox 610 1873 2064 1944">
     <span class='ocr_line' id='line_1_20' title="bbox 610 1873 2064 1944; baseline 0.005 -19"><span class='ocrx_word' id='word_1_134' title='bbox 610 1881 670 1925; x_wconf 92' lang='lat' dir='ltr'><strong>ut</strong></span> <span class='ocrx_word' id='word_1_135' title='bbox 692 1874 925 1927; x_wconf 83' lang='lat' dir='ltr'><strong>voluerit</strong></span> <span class='ocrx_word' id='word_1_136' title='bbox 953 1873 1126 1927; x_wconf 84' lang='lat' dir='ltr'><strong>virum</strong></span> <span class='ocrx_word' id='word_1_137' title='bbox 1155 1888 1265 1927; x_wconf 93' lang='lat' dir='ltr'><strong>non</strong></span> <span class='ocrx_word' id='word_1_138' title='bbox 1298 1874 1591 1944; x_wconf 84' lang='lat' dir='ltr'><strong>repudiare</strong></span> <span class='ocrx_word' id='word_1_139' title='bbox 1621 1890 1846 1931; x_wconf 78' lang='lat' dir='ltr'><strong>uxorem</strong></span> <span class='ocrx_word' id='word_1_140' title='bbox 1887 1892 2064 1932; x_wconf 87' lang='lat' dir='ltr'><strong>suam.</strong></span> 
     </span>
    </p>
   </div>
   <div class='ocr_carea' id='block_1_21' title="bbox 748 2158 2201 2218">
    <p class='ocr_par' dir='ltr' id='par_1_21' title="bbox 748 2158 2201 2218">
     <span class='ocr_line' id='line_1_21' title="bbox 748 2158 2201 2218; baseline 0.003 -6"><span class='ocrx_word' id='word_1_141' title='bbox 748 2158 905 2214; x_wconf 74' lang='grc' dir='ltr'>νοτε.</span> <span class='ocrx_word' id='word_1_142' title='bbox 956 2158 1011 2215; x_wconf 81' lang='lat'><strong>5.</strong></span> <span class='ocrx_word' id='word_1_143' title='bbox 1063 2158 1132 2213; x_wconf 84' lang='lat' dir='ltr'><strong>Et</strong></span> <span class='ocrx_word' id='word_1_144' title='bbox 1184 2188 1256 2199; x_wconf 82' lang='lat'><strong>--</strong></span> <span class='ocrx_word' id='word_1_145' title='bbox 1316 2177 1498 2214; x_wconf 81' lang='lat' dir='ltr'><strong>unam.</strong></span> <span class='ocrx_word' id='word_1_146' title='bbox 1574 2160 1809 2218; x_wconf 88' lang='lat' dir='ltr'><strong>Ostenso</strong></span> <span class='ocrx_word' id='word_1_147' title='bbox 1840 2178 1870 2216; x_wconf 89' lang='lat' dir='ltr'><strong>a</strong></span> <span class='ocrx_word' id='word_1_148' title='bbox 1924 2164 2201 2217; x_wconf 84' lang='lat' dir='ltr'><strong>creatione</strong></span> 
     </span>
    </p>
   </div>
   <div class='ocr_carea' id='block_1_22' title="bbox 606 2250 2199 2320">
    <p class='ocr_par' dir='ltr' id='par_1_22' title="bbox 606 2250 2199 2320">
     <span class='ocr_line' id='line_1_22' title="bbox 606 2250 2199 2320; baseline 0.003 -17"><span class='ocrx_word' id='word_1_149' title='bbox 606 2251 752 2319; x_wconf 91' lang='lat' dir='ltr'><strong>quod</strong></span> <span class='ocrx_word' id='word_1_150' title='bbox 775 2265 882 2303; x_wconf 83' lang='lat' dir='ltr'><strong>non</strong></span> <span class='ocrx_word' id='word_1_151' title='bbox 912 2250 1076 2305; x_wconf 83' lang='lat' dir='ltr'><strong>liceat</strong></span> <span class='ocrx_word' id='word_1_152' title='bbox 1111 2250 1425 2320; x_wconf 90' lang='lat' dir='ltr'><strong>repudiare,</strong></span> <span class='ocrx_word' id='word_1_153' title='bbox 1449 2254 1693 2307; x_wconf 84' lang='lat' dir='ltr'><strong>ostendit</strong></span> <span class='ocrx_word' id='word_1_154' title='bbox 1724 2254 1830 2307; x_wconf 80' lang='lat' dir='ltr'><strong>huc</strong></span> <span class='ocrx_word' id='word_1_155' title='bbox 1858 2262 1913 2307; x_wconf 89' lang='lat' dir='ltr'><strong>et</strong></span> <span class='ocrx_word' id='word_1_156' title='bbox 1939 2268 1968 2306; x_wconf 88' lang='lat' dir='ltr'><strong>a</strong></span> <span class='ocrx_word' id='word_1_157' title='bbox 2009 2254 2199 2307; x_wconf 75' lang='lat' dir='ltr'><strong>lelﬂO</strong></span> 
     </span>
    </p>
   </div>
   <div class='ocr_carea' id='block_1_23' title="bbox 601 2341 2202 2413">
    <p class='ocr_par' dir='ltr' id='par_1_23' title="bbox 601 2341 2202 2413">
     <span class='ocr_line' id='line_1_23' title="bbox 601 2341 2202 2413; baseline 0.002 -19"><span class='ocrx_word' id='word_1_158' title='bbox 601 2342 783 2409; x_wconf 82' lang='lat' dir='ltr'><strong>jussu.</strong></span> <span class='ocrx_word' id='word_1_159' title='bbox 827 2341 979 2395; x_wconf 82' lang='lat' dir='ltr'><strong>Scire</strong></span> <span class='ocrx_word' id='word_1_160' title='bbox 1007 2350 1193 2395; x_wconf 89' lang='lat' dir='ltr'><strong>autem</strong></span> <span class='ocrx_word' id='word_1_161' title='bbox 1222 2351 1461 2410; x_wconf 87' lang='lat' dir='ltr'><strong>oportet,</strong></span> <span class='ocrx_word' id='word_1_162' title='bbox 1516 2344 1663 2413; x_wconf 88' lang='lat' dir='ltr'><strong>quod</strong></span> <span class='ocrx_word' id='word_1_163' title='bbox 1693 2344 1748 2397; x_wconf 92' lang='lat' dir='ltr'><strong>in</strong></span> <span class='ocrx_word' id='word_1_164' title='bbox 1785 2344 1925 2398; x_wconf 84' lang='lat' dir='ltr'><strong>libro</strong></span> <span class='ocrx_word' id='word_1_165' title='bbox 1976 2342 2202 2399; x_wconf 74' lang='lat' dir='ltr'><strong>Genesis</strong></span> 
     </span>
    </p>
   </div>
   <div class='ocr_carea' id='block_1_24' title="bbox 604 2431 2167 2503">
    <p class='ocr_par' dir='ltr' id='par_1_24' title="bbox 604 2431 2167 2503">
     <span class='ocr_line' id='line_1_24' title="bbox 604 2431 2167 2503; baseline 0.003 -21"><span class='ocrx_word' id='word_1_166' title='bbox 604 2438 831 2498; x_wconf 84' lang='lat' dir='ltr'><strong>apparet</strong></span> <span class='ocrx_word' id='word_1_167' title='bbox 866 2444 1107 2498; x_wconf 67' lang='lat' dir='ltr'><strong>praesens</strong></span> <span class='ocrx_word' id='word_1_168' title='bbox 1142 2431 1370 2484; x_wconf 78' lang='lat' dir='ltr'><strong>verbum</strong></span> <span class='ocrx_word' id='word_1_169' title='bbox 1410 2432 1581 2501; x_wconf 87' lang='lat' dir='ltr'><strong>ipsius</strong></span> <span class='ocrx_word' id='word_1_170' title='bbox 1602 2434 1773 2487; x_wconf 82' lang='lat' dir='ltr'><strong>Adam</strong></span> <span class='ocrx_word' id='word_1_171' title='bbox 1801 2449 1925 2487; x_wconf 87' lang='lat' dir='ltr'><strong>esse</strong></span> <span class='ocrx_word' id='word_1_172' title='bbox 1957 2434 2167 2503; x_wconf 87' lang='lat' dir='ltr'><strong>prophe</strong></span> 
     </span>
    </p>
   </div>
   <div class='ocr_carea' id='block_1_25' title="bbox 607 2520 2196 2592">
    <p class='ocr_par' dir='ltr' id='par_1_25' title="bbox 607 2520 2196 2592">
     <span class='ocr_line' id='line_1_25' title="bbox 607 2520 2196 2592; baseline 0.001 -18"><span class='ocrx_word' id='word_1_173' title='bbox 607 2520 773 2574; x_wconf 85' lang='lat' dir='ltr'><strong>tantis</strong></span> <span class='ocrx_word' id='word_1_174' title='bbox 835 2520 903 2574; x_wconf 91' lang='lat' dir='ltr'><strong>de</strong></span> <span class='ocrx_word' id='word_1_175' title='bbox 949 2535 1159 2585; x_wconf 81' lang='lat' dir='ltr'><strong>uxore;</strong></span> <span class='ocrx_word' id='word_1_176' title='bbox 1199 2521 1295 2575; x_wconf 84' lang='lat' dir='ltr'><strong>sed</strong></span> <span class='ocrx_word' id='word_1_177' title='bbox 1340 2520 1595 2578; x_wconf 86' lang='lat' dir='ltr'><strong>Christus</strong></span> <span class='ocrx_word' id='word_1_178' title='bbox 1658 2539 1805 2578; x_wconf 88' lang='lat' dir='ltr'><strong>nunc</strong></span> <span class='ocrx_word' id='word_1_179' title='bbox 1847 2524 2004 2577; x_wconf 87' lang='lat' dir='ltr'><strong>docet</strong></span> <span class='ocrx_word' id='word_1_180' title='bbox 2049 2523 2196 2592; x_wconf 87' lang='lat' dir='ltr'><strong>quod</strong></span> 
     </span>
    </p>
   </div>
   <div class='ocr_carea' id='block_1_26' title="bbox 609 2606 2196 2684">
    <p class='ocr_par' dir='ltr' id='par_1_26' title="bbox 609 2606 2196 2684">
     <span class='ocr_line' id='line_1_26' title="bbox 609 2606 2196 2684; baseline 0.003 -22"><span class='ocrx_word' id='word_1_181' title='bbox 609 2611 715 2663; x_wconf 88' lang='lat' dir='ltr'><strong>hoc</strong></span> <span class='ocrx_word' id='word_1_182' title='bbox 753 2607 847 2662; x_wconf 91' lang='lat' dir='ltr'><strong>Dei</strong></span> <span class='ocrx_word' id='word_1_183' title='bbox 878 2606 1045 2662; x_wconf 86' lang='lat' dir='ltr'><strong>fuerit</strong></span> <span class='ocrx_word' id='word_1_184' title='bbox 1097 2620 1451 2680; x_wconf 72' lang='lat' dir='ltr'><strong>przeceptum,</strong></span> <span class='ocrx_word' id='word_1_185' title='bbox 1515 2621 1572 2667; x_wconf 87' lang='lat' dir='ltr'><strong>et</strong></span> <span class='ocrx_word' id='word_1_186' title='bbox 1637 2628 1749 2667; x_wconf 88' lang='lat' dir='ltr'><strong>non</strong></span> <span class='ocrx_word' id='word_1_187' title='bbox 1799 2613 1972 2684; x_wconf 82' lang='lat' dir='ltr'><strong>ipsius</strong></span> <span class='ocrx_word' id='word_1_188' title='bbox 2023 2612 2196 2667; x_wconf 82' lang='lat' dir='ltr'><strong>Adam</strong></span> 
     </span>
    </p>
   </div>
   <div class='ocr_carea' id='block_1_27' title="bbox 605 2701 1290 2772">
    <p class='ocr_par' dir='ltr' id='par_1_27' title="bbox 605 2701 1290 2772">
     <span class='ocr_line' id='line_1_27' title="bbox 605 2701 1290 2772; baseline 0.007 -20"><span class='ocrx_word' id='word_1_189' title='bbox 605 2701 919 2771; x_wconf 80' lang='lat' dir='ltr'><strong>prophetia,</strong></span> <span class='ocrx_word' id='word_1_190' title='bbox 957 2714 1016 2755; x_wconf 91' lang='lat' dir='ltr'><strong>ut</strong></span> <span class='ocrx_word' id='word_1_191' title='bbox 1040 2713 1290 2772; x_wconf 81' lang='lat' dir='ltr'><strong>apparet.</strong></span> 
     </span>
    </p>
   </div>
   <div class='ocr_carea' id='block_1_28' title="bbox 674 2909 2192 2986">
    <p class='ocr_par' dir='ltr' id='par_1_28' title="bbox 674 2909 2192 2986">
     <span class='ocr_line' id='line_1_28' title="bbox 674 2909 2192 2986; baseline 0.005 -23"><span class='ocrx_word' id='word_1_192' title='bbox 674 2909 821 2964; x_wconf 84' lang='lat' dir='ltr'><strong>Nihil</strong></span> <span class='ocrx_word' id='word_1_193' title='bbox 855 2924 1037 2965; x_wconf 79' lang='lat' dir='ltr'><strong>tamen</strong></span> <span class='ocrx_word' id='word_1_194' title='bbox 1080 2918 1228 2967; x_wconf 80' lang='lat' dir='ltr'><strong>vetat</strong></span> <span class='ocrx_word' id='word_1_195' title='bbox 1261 2912 1405 2967; x_wconf 88' lang='lat' dir='ltr'><strong>idem</strong></span> <span class='ocrx_word' id='word_1_196' title='bbox 1464 2914 1674 2969; x_wconf 91' lang='lat' dir='ltr'><strong>dictum</strong></span> <span class='ocrx_word' id='word_1_197' title='bbox 1712 2925 1769 2971; x_wconf 89' lang='lat' dir='ltr'><strong>et</strong></span> <span class='ocrx_word' id='word_1_198' title='bbox 1801 2915 1977 2986; x_wconf 89' lang='lat' dir='ltr'><strong>ipsius</strong></span> <span class='ocrx_word' id='word_1_199' title='bbox 2022 2916 2192 2971; x_wconf 81' lang='lat' dir='ltr'><strong>Adam</strong></span> 
     </span>
    </p>
   </div>
   <div class='ocr_carea' id='block_1_29' title="bbox 605 2994 2193 3069">
    <p class='ocr_par' dir='ltr' id='par_1_29' title="bbox 605 2994 2193 3069">
     <span class='ocr_line' id='line_1_29' title="bbox 605 2994 2193 3069; baseline 0.007 -20"><span class='ocrx_word' id='word_1_200' title='bbox 605 2994 779 3050; x_wconf 87' lang='lat' dir='ltr'><strong>fuisse</strong></span> <span class='ocrx_word' id='word_1_201' title='bbox 823 2999 1167 3067; x_wconf 84' lang='lat' dir='ltr'><strong>prophetiam</strong></span> <span class='ocrx_word' id='word_1_202' title='bbox 1199 3014 1230 3053; x_wconf 87' lang='lat' dir='ltr'><strong>a</strong></span> <span class='ocrx_word' id='word_1_203' title='bbox 1262 3000 1375 3055; x_wconf 93' lang='lat' dir='ltr'><strong>Deo</strong></span> <span class='ocrx_word' id='word_1_204' title='bbox 1410 3001 1715 3069; x_wconf 85' lang='lat' dir='ltr'><strong>inductam,</strong></span> <span class='ocrx_word' id='word_1_205' title='bbox 1747 3013 1804 3057; x_wconf 88' lang='lat' dir='ltr'><strong>et</strong></span> <span class='ocrx_word' id='word_1_206' title='bbox 1844 3020 2065 3057; x_wconf 89' lang='lat' dir='ltr'><strong>rursum</strong></span> <span class='ocrx_word' id='word_1_207' title='bbox 2094 3004 2193 3061; x_wconf 87' lang='lat' dir='ltr'><strong>Dei</strong></span> 
     </span>
    </p>
   </div>
   <div class='ocr_carea' id='block_1_30' title="bbox 605 3090 2193 3161">
    <p class='ocr_par' dir='ltr' id='par_1_30' title="bbox 605 3090 2193 3161">
     <span class='ocr_line' id='line_1_30' title="bbox 605 3090 2193 3161; baseline 0.006 -19"><span class='ocrx_word' id='word_1_208' title='bbox 605 3098 933 3158; x_wconf 64' lang='lat' dir='ltr'><strong>praeceptum</strong></span> <span class='ocrx_word' id='word_1_209' title='bbox 950 3090 1154 3145; x_wconf 89' lang='lat' dir='ltr'><strong>dictum</strong></span> <span class='ocrx_word' id='word_1_210' title='bbox 1181 3106 1276 3161; x_wconf 86' lang='lat' dir='ltr'><strong>per</strong></span> <span class='ocrx_word' id='word_1_211' title='bbox 1296 3093 1471 3147; x_wconf 77' lang='lat' dir='ltr'><strong>Adam</strong></span> <span class='ocrx_word' id='word_1_212' title='bbox 1506 3112 1520 3147; x_wconf 91' lang='lat'><strong>:</strong></span> <span class='ocrx_word' id='word_1_213' title='bbox 1555 3103 1614 3148; x_wconf 92' lang='lat' dir='ltr'><strong>ut</strong></span> <span class='ocrx_word' id='word_1_214' title='bbox 1641 3095 1691 3149; x_wconf 88' lang='lat' dir='ltr'><strong>id</strong></span> <span class='ocrx_word' id='word_1_215' title='bbox 1719 3097 1914 3151; x_wconf 80' lang='lat' dir='ltr'><strong>dixerit</strong></span> <span class='ocrx_word' id='word_1_216' title='bbox 1938 3107 1992 3149; x_wconf 87' lang='lat' dir='ltr'><strong>et</strong></span> <span class='ocrx_word' id='word_1_217' title='bbox 2022 3098 2193 3151; x_wconf 83' lang='lat' dir='ltr'><strong>Adam</strong></span> 
     </span>
    </p>
   </div>
   <div class='ocr_carea' id='block_1_31' title="bbox 602 3176 2195 3241">
    <p class='ocr_par' dir='ltr' id='par_1_31' title="bbox 602 3176 2195 3241">
     <span class='ocr_line' id='line_1_31' title="bbox 602 3176 2195 3241; baseline 0.005 -8"><span class='ocrx_word' id='word_1_218' title='bbox 602 3176 862 3234; x_wconf 83' lang='lat' dir='ltr'><strong>tnductus</strong></span> <span class='ocrx_word' id='word_1_219' title='bbox 891 3194 921 3232; x_wconf 89' lang='lat' dir='ltr'><strong>a</strong></span> <span class='ocrx_word' id='word_1_220' title='bbox 943 3178 1069 3236; x_wconf 83' lang='lat' dir='ltr'><strong>Deo.</strong></span> <span class='ocrx_word' id='word_1_221' title='bbox 1096 3194 1150 3235; x_wconf 89' lang='lat' dir='ltr'><strong>et</strong></span> <span class='ocrx_word' id='word_1_222' title='bbox 1180 3198 1368 3236; x_wconf 85' lang='lat' dir='ltr'><strong>rursus</strong></span> <span class='ocrx_word' id='word_1_223' title='bbox 1392 3183 1591 3238; x_wconf 78' lang='lat' dir='ltr'><strong>dixerit</strong></span> <span class='ocrx_word' id='word_1_224' title='bbox 1617 3188 1778 3239; x_wconf 87' lang='lat' dir='ltr'><strong>etiam</strong></span> <span class='ocrx_word' id='word_1_225' title='bbox 1812 3185 1951 3239; x_wconf 82' lang='lat' dir='ltr'><strong>Deus</strong></span> <span class='ocrx_word' id='word_1_226' title='bbox 1980 3185 2195 3241; x_wconf 79' lang='lat' dir='ltr'><strong>locutus</strong></span> 
     </span>
    </p>
   </div>
   <div class='ocr_carea' id='block_1_32' title="bbox 606 3269 930 3338">
    <p class='ocr_par' dir='ltr' id='par_1_32' title="bbox 606 3269 930 3338">
     <span class='ocr_line' id='line_1_32' title="bbox 606 3269 930 3338; baseline 0.006 -16"><span class='ocrx_word' id='word_1_227' title='bbox 606 3282 709 3338; x_wconf 85' lang='lat' dir='ltr'><strong>per</strong></span> <span class='ocrx_word' id='word_1_228' title='bbox 731 3269 930 3324; x_wconf 81' lang='lat' dir='ltr'><strong>Adam.</strong></span> 
     </span>
    </p>
   </div>
   <div class='ocr_carea' id='block_1_33' title="bbox 671 3474 2195 3557">
    <p class='ocr_par' dir='ltr' id='par_1_33' title="bbox 671 3474 2195 3557">
     <span class='ocr_line' id='line_1_33' title="bbox 671 3474 2195 3557; baseline 0.01 -29"><span class='ocrx_word' id='word_1_229' title='bbox 671 3474 762 3529; x_wconf 82' lang='lat' dir='ltr'><strong>Ait</strong></span> <span class='ocrx_word' id='word_1_230' title='bbox 793 3489 924 3546; x_wconf 75' lang='lat' dir='ltr'><strong>ergo</strong></span> <span class='ocrx_word' id='word_1_231' title='bbox 967 3478 1114 3547; x_wconf 91' lang='lat' dir='ltr'><strong>quod</strong></span> <span class='ocrx_word' id='word_1_232' title='bbox 1172 3479 1336 3535; x_wconf 85' lang='lat' dir='ltr'><strong>etiam</strong></span> <span class='ocrx_word' id='word_1_233' title='bbox 1372 3480 1571 3535; x_wconf 78' lang='lat' dir='ltr'><strong>dixerit</strong></span> <span class='ocrx_word' id='word_1_234' title='bbox 1621 3481 1848 3538; x_wconf 89' lang='lat' dir='ltr'><strong>Creator</strong></span> <span class='ocrx_word' id='word_1_235' title='bbox 1890 3501 1903 3539; x_wconf 87' lang='lat'><strong>:</strong></span> <span class='ocrx_word' id='word_1_236' title='bbox 1964 3485 2195 3557; x_wconf 80' lang='lat' dir='ltr'><strong>Propter</strong></span> 
     </span>
    </p>
   </div>
   <div class='ocr_carea' id='block_1_34' title="bbox 609 3566 2193 3639">
    <p class='ocr_par' dir='ltr' id='par_1_34' title="bbox 609 3566 2193 3639">
     <span class='ocr_line' id='line_1_34' title="bbox 609 3566 2193 3639; baseline 0.009 -19"><span class='ocrx_word' id='word_1_237' title='bbox 609 3566 716 3621; x_wconf 84' lang='lat' dir='ltr'><strong>hoc</strong></span> <span class='ocrx_word' id='word_1_238' title='bbox 741 3566 1017 3631; x_wconf 79' lang='lat' dir='ltr'><strong>videlicet,</strong></span> <span class='ocrx_word' id='word_1_239' title='bbox 1052 3570 1177 3639; x_wconf 88' lang='lat' dir='ltr'><strong>quia</strong></span> <span class='ocrx_word' id='word_1_240' title='bbox 1217 3570 1451 3627; x_wconf 81' lang='lat' dir='ltr'><strong>formata</strong></span> <span class='ocrx_word' id='word_1_241' title='bbox 1486 3582 1570 3629; x_wconf 90' lang='lat' dir='ltr'><strong>est</strong></span> <span class='ocrx_word' id='word_1_242' title='bbox 1597 3590 1733 3629; x_wconf 82' lang='lat' dir='ltr'><strong>uxor</strong></span> <span class='ocrx_word' id='word_1_243' title='bbox 1786 3577 1854 3631; x_wconf 87' lang='lat' dir='ltr'><strong>de</strong></span> <span class='ocrx_word' id='word_1_244' title='bbox 1894 3577 2065 3633; x_wconf 83' lang='lat' dir='ltr'><strong>latere</strong></span> <span class='ocrx_word' id='word_1_245' title='bbox 2093 3582 2193 3636; x_wconf 86' lang='lat' dir='ltr'><strong>viri</strong></span> 
     </span>
    </p>
   </div>
   <div class='ocr_carea' id='block_1_35' title="bbox 598 3658 2194 3740">
    <p class='ocr_par' dir='ltr' id='par_1_35' title="bbox 598 3658 2194 3740">
     <span class='ocr_line' id='line_1_35' title="bbox 598 3658 2194 3740; baseline 0.011 -29"><span class='ocrx_word' id='word_1_246' title='bbox 598 3658 682 3712; x_wconf 86' lang='lat' dir='ltr'><strong>sui</strong></span> <span class='ocrx_word' id='word_1_247' title='bbox 707 3659 856 3728; x_wconf 88' lang='lat' dir='ltr'><strong>(nam</strong></span> <span class='ocrx_word' id='word_1_248' title='bbox 889 3671 944 3715; x_wconf 86' lang='lat' dir='ltr'><strong>et</strong></span> <span class='ocrx_word' id='word_1_249' title='bbox 974 3662 1077 3715; x_wconf 92' lang='lat' dir='ltr'><strong>hoc</strong></span> <span class='ocrx_word' id='word_1_250' title='bbox 1096 3671 1225 3717; x_wconf 81' lang='lat' dir='ltr'><strong>ante</strong></span> <span class='ocrx_word' id='word_1_251' title='bbox 1241 3664 1559 3733; x_wconf 68' lang='lat' dir='ltr'><strong>praedictum</strong></span> <span class='ocrx_word' id='word_1_252' title='bbox 1581 3678 1909 3739; x_wconf 60' lang='lat' dir='ltr'><strong>praceptum</strong></span> <span class='ocrx_word' id='word_1_253' title='bbox 1931 3672 2194 3740; x_wconf 86' lang='lat' dir='ltr'><strong>scriptum</strong></span> 
     </span>
    </p>
   </div>
   <div class='ocr_carea' id='block_1_36' title="bbox 597 3751 2192 3829">
    <p class='ocr_par' dir='ltr' id='par_1_36' title="bbox 597 3751 2192 3829">
     <span class='ocr_line' id='line_1_36' title="bbox 597 3751 2192 3829; baseline 0.009 -26"><span class='ocrx_word' id='word_1_254' title='bbox 597 3751 703 3819; x_wconf 86' lang='lat' dir='ltr'><strong>est)</strong></span> <span class='ocrx_word' id='word_1_255' title='bbox 740 3768 757 3805; x_wconf 91' lang='lat'><strong>:</strong></span> <span class='ocrx_word' id='word_1_256' title='bbox 798 3751 1068 3823; x_wconf 80' lang='lat' dir='ltr'><strong>Reh&#39;nquet</strong></span> <span class='ocrx_word' id='word_1_257' title='bbox 1107 3756 1260 3809; x_wconf 83' lang='lat' dir='ltr'><strong>homo</strong></span> <span class='ocrx_word' id='word_1_258' title='bbox 1292 3767 1497 3821; x_wconf 81' lang='lat' dir='ltr'><strong>patrem</strong></span> <span class='ocrx_word' id='word_1_259' title='bbox 1526 3775 1676 3813; x_wconf 75' lang='lat' dir='ltr'><strong>suam</strong></span> <span class='ocrx_word' id='word_1_260' title='bbox 1719 3771 1768 3814; x_wconf 81' lang='lat' dir='ltr'><strong>et</strong></span> <span class='ocrx_word' id='word_1_261' title='bbox 1800 3773 2192 3829; x_wconf 79' lang='lat' dir='ltr'><strong>matrem.ete.,</strong></span> 
     </span>
    </p>
   </div>
   <div class='ocr_carea' id='block_1_37' title="bbox 596 3845 2195 3928">
    <p class='ocr_par' dir='ltr' id='par_1_37' title="bbox 596 3845 2195 3928">
     <span class='ocr_line' id='line_1_37' title="bbox 596 3845 2195 3928; baseline 0.01 -34"><span class='ocrx_word' id='word_1_262' title='bbox 596 3852 852 3913; x_wconf 78' lang='lat' dir='ltr'><strong>eruntque</strong></span> <span class='ocrx_word' id='word_1_263' title='bbox 886 3845 992 3898; x_wconf 87' lang='lat' dir='ltr'><strong>duo</strong></span> <span class='ocrx_word' id='word_1_264' title='bbox 1024 3847 1304 3928; x_wconf 67' lang='lat' dir='ltr'><strong>conjuncti</strong></span> <span class='ocrx_word' id='word_1_265' title='bbox 1352 3849 1409 3901; x_wconf 84' lang='lat' dir='ltr'><strong>in</strong></span> <span class='ocrx_word' id='word_1_266' title='bbox 1456 3865 1671 3904; x_wconf 82' lang='lat' dir='ltr'><strong>carnem</strong></span> <span class='ocrx_word' id='word_1_267' title='bbox 1704 3868 1891 3917; x_wconf 86' lang='lat' dir='ltr'><strong>unam,</strong></span> <span class='ocrx_word' id='word_1_268' title='bbox 1931 3856 2043 3909; x_wconf 83' lang='lat' dir='ltr'><strong>sive</strong></span> <span class='ocrx_word' id='word_1_269' title='bbox 2074 3869 2195 3909; x_wconf 80' lang='lat' dir='ltr'><strong>cor-</strong></span> 
     </span>
    </p>
   </div>
   <div class='ocr_carea' id='block_1_38' title="bbox 596 3941 2194 4012">
    <p class='ocr_par' dir='ltr' id='par_1_38' title="bbox 596 3941 2194 4012">
     <span class='ocr_line' id='line_1_38' title="bbox 596 3941 2194 4012; baseline 0.009 -25"><span class='ocrx_word' id='word_1_270' title='bbox 596 3950 702 4003; x_wconf 73' lang='lat' dir='ltr'><strong>pus</strong></span> <span class='ocrx_word' id='word_1_271' title='bbox 757 3950 927 3990; x_wconf 91' lang='lat' dir='ltr'><strong>unum</strong></span> <span class='ocrx_word' id='word_1_272' title='bbox 1002 3949 1224 4007; x_wconf 82' lang='lat' dir='ltr'><strong>propter</strong></span> <span class='ocrx_word' id='word_1_273' title='bbox 1278 3941 1721 4011; x_wconf 81' lang='lat' dir='ltr'><strong>conjunctionem</strong></span> <span class='ocrx_word' id='word_1_274' title='bbox 1775 3946 2019 4012; x_wconf 86' lang='lat' dir='ltr'><strong>unitatis,</strong></span> <span class='ocrx_word' id='word_1_275' title='bbox 2077 3946 2194 4002; x_wconf 77' lang='lat' dir='ltr'><strong>sive</strong></span> 
     </span>
    </p>
   </div>
   <div class='ocr_carea' id='block_1_39' title="bbox 595 4027 2192 4109">
    <p class='ocr_par' dir='ltr' id='par_1_39' title="bbox 595 4027 2192 4109">
     <span class='ocr_line' id='line_1_39' title="bbox 595 4027 2192 4109; baseline 0.008 -29"><span class='ocrx_word' id='word_1_276' title='bbox 595 4027 1009 4096; x_wconf 82' lang='lat' dir='ltr'><strong>conjunctivam</strong></span> <span class='ocrx_word' id='word_1_277' title='bbox 1074 4028 1327 4083; x_wconf 90' lang='lat' dir='ltr'><strong>formam.</strong></span> <span class='ocrx_word' id='word_1_278' title='bbox 1386 4032 1523 4097; x_wconf 84' lang='lat' dir='ltr'><strong>Quia</strong></span> <span class='ocrx_word' id='word_1_279' title='bbox 1572 4049 1703 4106; x_wconf 74' lang='lat' dir='ltr'><strong>ergo</strong></span> <span class='ocrx_word' id='word_1_280' title='bbox 1765 4052 1933 4091; x_wconf 91' lang='lat' dir='ltr'><strong>unum</strong></span> <span class='ocrx_word' id='word_1_281' title='bbox 1992 4053 2192 4109; x_wconf 87' lang='lat' dir='ltr'><strong>corpus</strong></span> 
     </span>
    </p>
   </div>
   <div class='ocr_carea' id='block_1_40' title="bbox 598 4117 1724 4194">
    <p class='ocr_par' dir='ltr' id='par_1_40' title="bbox 598 4117 1724 4194">
     <span class='ocr_line' id='line_1_40' title="bbox 598 4117 1724 4194; baseline 0.009 -23"><span class='ocrx_word' id='word_1_282' title='bbox 598 4117 703 4171; x_wconf 84' lang='lat' dir='ltr'><strong>hos</strong></span> <span class='ocrx_word' id='word_1_283' title='bbox 742 4131 866 4172; x_wconf 88' lang='lat' dir='ltr'><strong>esse</strong></span> <span class='ocrx_word' id='word_1_284' title='bbox 886 4120 1071 4188; x_wconf 85' lang='lat' dir='ltr'><strong>jussit,</strong></span> <span class='ocrx_word' id='word_1_285' title='bbox 1104 4134 1215 4174; x_wconf 89' lang='lat' dir='ltr'><strong>non</strong></span> <span class='ocrx_word' id='word_1_286' title='bbox 1248 4120 1377 4177; x_wconf 89' lang='lat' dir='ltr'><strong>licet</strong></span> <span class='ocrx_word' id='word_1_287' title='bbox 1414 4123 1724 4194; x_wconf 88' lang='lat' dir='ltr'><strong>repudiare.</strong></span> 
     </span>
    </p>
   </div>
   <div class='ocr_carea' id='block_1_41' title="bbox 666 4455 2185 4534">
    <p class='ocr_par' dir='ltr' id='par_1_41' title="bbox 666 4455 2185 4534">
     <span class='ocr_line' id='line_1_41' title="bbox 666 4455 2185 4534; baseline 0.007 -23"><span class='ocrx_word' id='word_1_288' title='bbox 666 4455 823 4513; x_wconf 73' lang='lat' dir='ltr'><strong>Vera.</strong></span> <span class='ocrx_word' id='word_1_289' title='bbox 852 4457 907 4513; x_wconf 84' lang='lat'><strong>6.</strong></span> <span class='ocrx_word' id='word_1_290' title='bbox 948 4458 1137 4530; x_wconf 72' lang='lat' dir='ltr'><strong>Itaque</strong></span> <span class='ocrx_word' id='word_1_291' title='bbox 1161 4490 1234 4502; x_wconf 94' lang='lat'><strong>—</strong></span> <span class='ocrx_word' id='word_1_292' title='bbox 1263 4477 1371 4516; x_wconf 71' lang='lat' dir='ltr'><strong>una</strong></span> <span class='ocrx_word' id='word_1_293' title='bbox 1400 4478 1546 4518; x_wconf 83' lang='lat' dir='ltr'><strong>caro.</strong></span> <span class='ocrx_word' id='word_1_294' title='bbox 1602 4462 1897 4534; x_wconf 81' lang='lat' dir='ltr'><strong>Postquam</strong></span> <span class='ocrx_word' id='word_1_295' title='bbox 1948 4464 2185 4522; x_wconf 78' lang='lat' dir='ltr'><strong>te&#39;ntato-</strong></span> 
     </span>
    </p>
   </div>
   <div class='ocr_carea' id='block_1_42' title="bbox 592 4549 2185 4628">
    <p class='ocr_par' dir='ltr' id='par_1_42' title="bbox 592 4549 2185 4628">
     <span class='ocr_line' id='line_1_42' title="bbox 592 4549 2185 4628; baseline 0.006 -26"><span class='ocrx_word' id='word_1_296' title='bbox 592 4549 744 4603; x_wconf 90' lang='lat' dir='ltr'><strong>ribus</strong></span> <span class='ocrx_word' id='word_1_297' title='bbox 798 4550 1042 4605; x_wconf 84' lang='lat' dir='ltr'><strong>divinum</strong></span> <span class='ocrx_word' id='word_1_298' title='bbox 1084 4555 1333 4609; x_wconf 83' lang='lat' dir='ltr'><strong>recitavit</strong></span> <span class='ocrx_word' id='word_1_299' title='bbox 1371 4566 1730 4626; x_wconf 62' lang='lat' dir='ltr'><strong>praeceptum.</strong></span> <span class='ocrx_word' id='word_1_300' title='bbox 1793 4556 2185 4628; x_wconf 75' lang='lat' dir='ltr'><strong>interpretatur</strong></span> 
     </span>
    </p>
   </div>
   <div class='ocr_carea' id='block_1_43' title="bbox 2320 620 3879 707">
    <p class='ocr_par' dir='ltr' id='par_1_43' title="bbox 2320 620 3879 707">
     <span class='ocr_line' id='line_1_43' title="bbox 2320 620 3879 707; baseline 0.012 -37"><span class='ocrx_word' id='word_1_301' title='bbox 2320 621 2485 673; x_wconf 77' lang='grc' dir='ltr'>ποιεῖ.</span> <span class='ocrx_word' id='word_1_302' title='bbox 2542 620 2681 673; x_wconf 78' lang='grc' dir='ltr'>Οὔτε</span> <span class='ocrx_word' id='word_1_303' title='bbox 2736 622 2847 694; x_wconf 79' lang='grc' dir='ltr'><strong>γὰρ</strong></span> <span class='ocrx_word' id='word_1_304' title='bbox 2899 626 3133 679; x_wconf 84' lang='grc' dir='ltr'>πάντοτε</span> <span class='ocrx_word' id='word_1_305' title='bbox 3187 628 3426 698; x_wconf 64' lang='grc' dir='ltr'>ἐλέγχει,</span> <span class='ocrx_word' id='word_1_306' title='bbox 3485 631 3572 684; x_wconf 73' lang='grc' dir='ltr'><strong>ἵνα</strong></span> <span class='ocrx_word' id='word_1_307' title='bbox 3626 632 3777 706; x_wconf 78' lang='grc' dir='ltr'>δείξῃ</span> <span class='ocrx_word' id='word_1_308' title='bbox 3804 638 3879 707; x_wconf 71' lang='grc' dir='ltr'>τὴν</span> 
     </span>
    </p>
   </div>
   <div class='ocr_carea' id='block_1_44' title="bbox 2317 709 3881 795">
    <p class='ocr_par' dir='ltr' id='par_1_44' title="bbox 2317 709 3881 795">
     <span class='ocr_line' id='line_1_44' title="bbox 2317 709 3881 795; baseline 0.01 -33"><span class='ocrx_word' id='word_1_309' title='bbox 2317 709 2514 763; x_wconf 78' lang='grc' dir='ltr'>ἑαυτοῦ</span> <span class='ocrx_word' id='word_1_310' title='bbox 2578 715 2988 784; x_wconf 71' lang='grc' dir='ltr'><strong>μακροθυμίαν,</strong></span> <span class='ocrx_word' id='word_1_311' title='bbox 3028 718 3124 769; x_wconf 82' lang='grc' dir='ltr'><strong>καὶ</strong></span> <span class='ocrx_word' id='word_1_312' title='bbox 3174 718 3262 772; x_wconf 80' lang='grc' dir='ltr'>τνα</span> <span class='ocrx_word' id='word_1_313' title='bbox 3296 721 3568 795; x_wconf 75' lang='grc' dir='ltr'><strong>παιδεύσῃ</strong></span> <span class='ocrx_word' id='word_1_314' title='bbox 3614 725 3771 788; x_wconf 67' lang='grc' dir='ltr'>τοὺςθ</span> <span class='ocrx_word' id='word_1_315' title='bbox 3801 744 3881 795; x_wconf 85' lang='grc' dir='ltr'>μα-</span> 
     </span>
    </p>
   </div>
   <div class='ocr_carea' id='block_1_45' title="bbox 2318 804 3878 886">
    <p class='ocr_par' dir='ltr' id='par_1_45' title="bbox 2318 804 3878 886">
     <span class='ocr_line' id='line_1_45' title="bbox 2318 804 3878 886; baseline 0.012 -34"><span class='ocrx_word' id='word_1_316' title='bbox 2318 804 2489 871; x_wconf 76' lang='grc' dir='ltr'>θητὰς</span> <span class='ocrx_word' id='word_1_317' title='bbox 2550 805 2925 875; x_wconf 74' lang='grc' dir='ltr'><strong>μακροθύμως</strong></span> <span class='ocrx_word' id='word_1_318' title='bbox 2986 809 3175 879; x_wconf 77' lang='grc' dir='ltr'>φέρειν</span> <span class='ocrx_word' id='word_1_319' title='bbox 3232 812 3331 877; x_wconf 79' lang='grc' dir='ltr'>τὰς</span> <span class='ocrx_word' id='word_1_320' title='bbox 3386 815 3725 886; x_wconf 82' lang='grc' dir='ltr'>παροινίας·</span> <span class='ocrx_word' id='word_1_321' title='bbox 3780 817 3878 870; x_wconf 70' lang='grc' dir='ltr'>οὗτε</span> 
     </span>
    </p>
   </div>
   <div class='ocr_carea' id='block_1_46' title="bbox 2315 897 3878 977">
    <p class='ocr_par' dir='ltr' id='par_1_46' title="bbox 2315 897 3878 977">
     <span class='ocr_line' id='line_1_46' title="bbox 2315 897 3878 977; baseline 0.009 -28"><span class='ocrx_word' id='word_1_322' title='bbox 2315 897 2404 949; x_wconf 76' lang='grc' dir='ltr'><strong>ἀεὶ</strong></span> <span class='ocrx_word' id='word_1_323' title='bbox 2434 898 2809 967; x_wconf 72' lang='grc' dir='ltr'><strong>μακροθυμεῖ,</strong></span> <span class='ocrx_word' id='word_1_324' title='bbox 2849 900 2935 953; x_wconf 85' lang='grc' dir='ltr'>ῐνα</span> <span class='ocrx_word' id='word_1_325' title='bbox 2974 901 3048 971; x_wconf 79' lang='grc' dir='ltr'>μὴ</span> <span class='ocrx_word' id='word_1_326' title='bbox 3087 902 3319 967; x_wconf 78' lang='grc' dir='ltr'>δόξωσιν</span> <span class='ocrx_word' id='word_1_327' title='bbox 3349 906 3399 957; x_wconf 77' lang='grc' dir='ltr'>οἱ</span> <span class='ocrx_word' id='word_1_328' title='bbox 3434 910 3672 977; x_wconf 79' lang='grc' dir='ltr'>πονηροὶ</span> <span class='ocrx_word' id='word_1_329' title='bbox 3704 908 3878 964; x_wconf 81' lang='grc' dir='ltr'>λανθὰ-</span> 
     </span>
    </p>
   </div>
   <div class='ocr_carea' id='block_1_47' title="bbox 2316 990 3880 1069">
    <p class='ocr_par' dir='ltr' id='par_1_47' title="bbox 2316 990 3880 1069">
     <span class='ocr_line' id='line_1_47' title="bbox 2316 990 3880 1069; baseline 0.009 -30"><span class='ocrx_word' id='word_1_330' title='bbox 2316 1006 2428 1040; x_wconf 90' lang='grc' dir='ltr'>νειν</span> <span class='ocrx_word' id='word_1_331' title='bbox 2464 990 2647 1052; x_wconf 70' lang='grc' dir='ltr'>αὐτὸν,</span> <span class='ocrx_word' id='word_1_332' title='bbox 2676 991 2769 1042; x_wconf 74' lang='grc' dir='ltr'><strong>καὶ</strong></span> <span class='ocrx_word' id='word_1_333' title='bbox 2802 991 2890 1045; x_wconf 81' lang='grc' dir='ltr'>ἵνα</span> <span class='ocrx_word' id='word_1_334' title='bbox 2930 992 3261 1065; x_wconf 52' lang='lat' dir='ltr'><strong>maxth</strong></span> <span class='ocrx_word' id='word_1_335' title='bbox 3306 995 3406 1065; x_wconf 81' lang='grc' dir='ltr'>τὴν</span> <span class='ocrx_word' id='word_1_336' title='bbox 3449 1001 3744 1069; x_wconf 75' lang='grc' dir='ltr'><strong>πονηρίαν.</strong></span> <span class='ocrx_word' id='word_1_337' title='bbox 3794 1002 3880 1054; x_wconf 69' lang='grc' dir='ltr'><strong>Καὶ</strong></span> 
     </span>
    </p>
   </div>
   <div class='ocr_carea' id='block_1_48' title="bbox 2313 1078 3875 1155">
    <p class='ocr_par' dir='ltr' id='par_1_48' title="bbox 2313 1078 3875 1155">
     <span class='ocr_line' id='line_1_48' title="bbox 2313 1078 3875 1155; baseline 0.01 -27"><span class='ocrx_word' id='word_1_338' title='bbox 2313 1078 2418 1147; x_wconf 83' lang='grc' dir='ltr'>ὅρα</span> <span class='ocrx_word' id='word_1_339' title='bbox 2452 1081 2668 1148; x_wconf 81' lang='grc' dir='ltr'><strong>σοφίαν.</strong></span> <span class='ocrx_word' id='word_1_340' title='bbox 2713 1081 3040 1153; x_wconf 76' lang='grc' dir='ltr'>Ἐρωτηθεὶς</span> <span class='ocrx_word' id='word_1_341' title='bbox 3063 1084 3192 1155; x_wconf 85' lang='grc' dir='ltr'>γὰρ,</span> <span class='ocrx_word' id='word_1_342' title='bbox 3228 1088 3277 1138; x_wconf 87' lang='grc' dir='ltr'><strong>εί</strong></span> <span class='ocrx_word' id='word_1_343' title='bbox 3309 1086 3541 1151; x_wconf 70' lang='grc' dir='ltr'>ἔξεστιν,</span> <span class='ocrx_word' id='word_1_344' title='bbox 3572 1089 3673 1142; x_wconf 74' lang='grc' dir='ltr'><strong>οὐκ</strong></span> <span class='ocrx_word' id='word_1_345' title='bbox 3698 1090 3875 1151; x_wconf 76' lang='grc' dir='ltr'><strong>εὐθέως</strong></span> 
     </span>
    </p>
   </div>
   <div class='ocr_carea' id='block_1_49' title="bbox 2313 1166 3879 1252">
    <p class='ocr_par' dir='ltr' id='par_1_49' title="bbox 2313 1166 3879 1252">
     <span class='ocr_line' id='line_1_49' title="bbox 2313 1166 3879 1252; baseline 0.008 -31"><span class='ocrx_word' id='word_1_346' title='bbox 2313 1166 2495 1236; x_wconf 78' lang='grc' dir='ltr'>εἶπεν,</span> <span class='ocrx_word' id='word_1_347' title='bbox 2528 1173 2610 1225; x_wconf 83' lang='grc' dir='ltr'>ὅτι</span> <span class='ocrx_word' id='word_1_348' title='bbox 2648 1174 2747 1225; x_wconf 75' lang='grc' dir='ltr'><strong>οὐκ</strong></span> <span class='ocrx_word' id='word_1_349' title='bbox 2780 1172 3009 1238; x_wconf 72' lang='grc' dir='ltr'>ἔξεστιν,</span> <span class='ocrx_word' id='word_1_350' title='bbox 3058 1174 3148 1229; x_wconf 70' lang='grc' dir='ltr'>ἵνα</span> <span class='ocrx_word' id='word_1_351' title='bbox 3192 1176 3269 1247; x_wconf 78' lang='grc' dir='ltr'>μὴ</span> <span class='ocrx_word' id='word_1_352' title='bbox 3301 1175 3375 1246; x_wconf 82' lang='grc' dir='ltr'><strong>δῷ</strong></span> <span class='ocrx_word' id='word_1_353' title='bbox 3401 1177 3615 1242; x_wconf 83' lang='grc' dir='ltr'>τούτοις</span> <span class='ocrx_word' id='word_1_354' title='bbox 3647 1182 3879 1252; x_wconf 75' lang='grc' dir='ltr'>ἀφορμὴν</span> 
     </span>
    </p>
   </div>
   <div class='ocr_carea' id='block_1_50' title="bbox 2314 1262 3881 1343">
    <p class='ocr_par' dir='ltr' id='par_1_50' title="bbox 2314 1262 3881 1343">
     <span class='ocr_line' id='line_1_50' title="bbox 2314 1262 3881 1343; baseline 0.008 -28"><span class='ocrx_word' id='word_1_355' title='bbox 2314 1262 2646 1332; x_wconf 77' lang='grc' dir='ltr'><strong>φιλονεικίας</strong></span> <span class='ocrx_word' id='word_1_356' title='bbox 2680 1266 2774 1317; x_wconf 79' lang='grc' dir='ltr'><strong>καὶ</strong></span> <span class='ocrx_word' id='word_1_357' title='bbox 2810 1267 3085 1336; x_wconf 80' lang='grc' dir='ltr'><strong>ταραχῆς,</strong></span> <span class='ocrx_word' id='word_1_358' title='bbox 3111 1268 3228 1322; x_wconf 64' lang='grc' dir='ltr'>ἀλλ’</span> <span class='ocrx_word' id='word_1_359' title='bbox 3284 1272 3459 1342; x_wconf 69' lang='grc' dir='ltr'>ἑτέρῳ</span> <span class='ocrx_word' id='word_1_360' title='bbox 3498 1273 3693 1343; x_wconf 83' lang='grc' dir='ltr'>τρόπῳ</span> <span class='ocrx_word' id='word_1_361' title='bbox 3743 1273 3881 1326; x_wconf 83' lang='grc' dir='ltr'>τοῦτο</span> 
     </span>
    </p>
   </div>
   <div class='ocr_carea' id='block_1_51' title="bbox 2314 1356 3881 1433">
    <p class='ocr_par' dir='ltr' id='par_1_51' title="bbox 2314 1356 3881 1433">
     <span class='ocr_line' id='line_1_51' title="bbox 2314 1356 3881 1433; baseline 0.009 -29"><span class='ocrx_word' id='word_1_362' title='bbox 2314 1356 2746 1421; x_wconf 71' lang='grc' dir='ltr'>κατασκευάζει,</span> <span class='ocrx_word' id='word_1_363' title='bbox 2781 1356 3027 1422; x_wconf 75' lang='grc' dir='ltr'><strong>πιθανῶς</strong></span> <span class='ocrx_word' id='word_1_364' title='bbox 3052 1359 3219 1424; x_wconf 74' lang='grc' dir='ltr'>πάνυ,</span> <span class='ocrx_word' id='word_1_365' title='bbox 3249 1359 3346 1414; x_wconf 84' lang='grc' dir='ltr'><strong>ἀπ’</strong></span> <span class='ocrx_word' id='word_1_366' title='bbox 3376 1362 3547 1431; x_wconf 78' lang='grc' dir='ltr'>αὐτῆς</span> <span class='ocrx_word' id='word_1_367' title='bbox 3582 1365 3686 1433; x_wconf 73' lang='grc' dir='ltr'>τῆς</span> <span class='ocrx_word' id='word_1_368' title='bbox 3720 1366 3777 1417; x_wconf 68' lang='grc' dir='ltr'>ιν</span> <span class='ocrx_word' id='word_1_369' title='bbox 3800 1365 3881 1433; x_wconf 75' lang='grc' dir='ltr'><strong>ἀρ-</strong></span> 
     </span>
    </p>
   </div>
   <div class='ocr_carea' id='block_1_52' title="bbox 2311 1444 3881 1524">
    <p class='ocr_par' dir='ltr' id='par_1_52' title="bbox 2311 1444 3881 1524">
     <span class='ocr_line' id='line_1_52' title="bbox 2311 1444 3881 1524; baseline 0.006 -28"><span class='ocrx_word' id='word_1_370' title='bbox 2311 1446 2379 1514; x_wconf 71' lang='grc' dir='ltr'>χῇ</span> <span class='ocrx_word' id='word_1_371' title='bbox 2415 1444 2802 1516; x_wconf 78' lang='grc' dir='ltr'><strong>δημιουργίας.</strong></span> <span class='ocrx_word' id='word_1_372' title='bbox 2834 1449 2899 1500; x_wconf 76' lang='grc' dir='ltr'>Τί</span> <span class='ocrx_word' id='word_1_373' title='bbox 2932 1446 3027 1503; x_wconf 76' lang='grc' dir='ltr'>οὖν</span> <span class='ocrx_word' id='word_1_374' title='bbox 3058 1467 3263 1520; x_wconf 76' lang='grc' dir='ltr'>φησιν;</span> <span class='ocrx_word' id='word_1_375' title='bbox 3303 1454 3426 1506; x_wconf 82' lang='grc' dir='ltr'><strong>Οὐκ</strong></span> <span class='ocrx_word' id='word_1_376' title='bbox 3462 1454 3785 1524; x_wconf 66' lang='grc' dir='ltr'><strong>ἀνέγνωτε,</strong></span> <span class='ocrx_word' id='word_1_377' title='bbox 3806 1456 3881 1507; x_wconf 80' lang='grc' dir='ltr'><strong>ὅτι</strong></span> 
     </span>
    </p>
   </div>
   <div class='ocr_carea' id='block_1_53' title="bbox 2310 1537 3881 1615">
    <p class='ocr_par' dir='ltr' id='par_1_53' title="bbox 2310 1537 3881 1615">
     <span class='ocr_line' id='line_1_53' title="bbox 2310 1537 3881 1615; baseline 0.008 -28"><span class='ocrx_word' id='word_1_378' title='bbox 2310 1539 2343 1587; x_wconf 83' lang='grc' dir='ltr'><strong>ό</strong></span> <span class='ocrx_word' id='word_1_379' title='bbox 2386 1537 2653 1606; x_wconf 77' lang='grc' dir='ltr'><strong>ποιήσας</strong></span> <span class='ocrx_word' id='word_1_380' title='bbox 2685 1540 2787 1593; x_wconf 76' lang='grc' dir='ltr'><strong>ἀπ’</strong></span> <span class='ocrx_word' id='word_1_381' title='bbox 2819 1540 3015 1611; x_wconf 76' lang='grc' dir='ltr'>ἀρχῆς</span> <span class='ocrx_word' id='word_1_382' title='bbox 3048 1543 3243 1611; x_wconf 73' lang='grc' dir='ltr'>ἄρσεν</span> <span class='ocrx_word' id='word_1_383' title='bbox 3274 1544 3375 1599; x_wconf 74' lang='grc' dir='ltr'>καί</span> <span class='ocrx_word' id='word_1_384' title='bbox 3408 1546 3569 1614; x_wconf 69' lang='grc' dir='ltr'><strong>θῆλυ</strong></span> <span class='ocrx_word' id='word_1_385' title='bbox 3610 1539 3881 1615; x_wconf 70' lang='grc' dir='ltr'>ἐποίησεν</span> 
     </span>
    </p>
   </div>
   <div class='ocr_carea' id='block_1_54' title="bbox 2308 1630 3878 1708">
    <p class='ocr_par' dir='ltr' id='par_1_54' title="bbox 2308 1630 3878 1708">
     <span class='ocr_line' id='line_1_54' title="bbox 2308 1630 3878 1708; baseline 0.007 -30"><span class='ocrx_word' id='word_1_386' title='bbox 2308 1630 2574 1695; x_wconf 82' lang='grc' dir='ltr'>αὐτούς;</span> <span class='ocrx_word' id='word_1_387' title='bbox 2602 1632 2910 1693; x_wconf 78' lang='grc' dir='ltr'>τουτέστιν,</span> <span class='ocrx_word' id='word_1_388' title='bbox 2948 1633 3045 1686; x_wconf 73' lang='grc' dir='ltr'>ἕνα</span> <span class='ocrx_word' id='word_1_389' title='bbox 3090 1634 3301 1703; x_wconf 75' lang='grc' dir='ltr'>ἄρσενα</span> <span class='ocrx_word' id='word_1_390' title='bbox 3332 1637 3433 1689; x_wconf 79' lang='grc' dir='ltr'><strong>καὶ</strong></span> <span class='ocrx_word' id='word_1_391' title='bbox 3488 1638 3622 1706; x_wconf 85' lang='grc' dir='ltr'>μίαν</span> <span class='ocrx_word' id='word_1_392' title='bbox 3654 1638 3878 1708; x_wconf 75' lang='grc' dir='ltr'>θήλειαν,</span> 
     </span>
    </p>
   </div>
   <div class='ocr_carea' id='block_1_55' title="bbox 2308 1718 3882 1799">
    <p class='ocr_par' dir='ltr' id='par_1_55' title="bbox 2308 1718 3882 1799">
     <span class='ocr_line' id='line_1_55' title="bbox 2308 1718 3882 1799; baseline 0.008 -27"><span class='ocrx_word' id='word_1_393' title='bbox 2308 1718 2447 1773; x_wconf 81' lang='grc' dir='ltr'>ὥστε</span> <span class='ocrx_word' id='word_1_394' title='bbox 2482 1723 2573 1773; x_wconf 79' lang='grc' dir='ltr'>τὸν</span> <span class='ocrx_word' id='word_1_395' title='bbox 2603 1722 2700 1775; x_wconf 76' lang='grc' dir='ltr'>ἕνα</span> <span class='ocrx_word' id='word_1_396' title='bbox 2733 1724 2833 1794; x_wconf 81' lang='grc' dir='ltr'>τὴν</span> <span class='ocrx_word' id='word_1_397' title='bbox 2883 1724 3014 1793; x_wconf 83' lang='grc' dir='ltr'>μίαν</span> <span class='ocrx_word' id='word_1_398' title='bbox 3043 1724 3211 1795; x_wconf 73' lang='grc' dir='ltr'>ἔχειν.</span> <span class='ocrx_word' id='word_1_399' title='bbox 3252 1726 3313 1780; x_wconf 85' lang='grc' dir='ltr'>Εί</span> <span class='ocrx_word' id='word_1_400' title='bbox 3346 1728 3458 1799; x_wconf 86' lang='grc' dir='ltr'><strong>γὰρ</strong></span> <span class='ocrx_word' id='word_1_401' title='bbox 3496 1727 3775 1795; x_wconf 71' lang='grc' dir='ltr'>ἐϐούλετο,</span> <span class='ocrx_word' id='word_1_402' title='bbox 3806 1730 3882 1784; x_wconf 84' lang='grc' dir='ltr'>ἶνα</span> 
     </span>
    </p>
   </div>
   <div class='ocr_carea' id='block_1_56' title="bbox 2308 1813 3879 1890">
    <p class='ocr_par' dir='ltr' id='par_1_56' title="bbox 2308 1813 3879 1890">
     <span class='ocr_line' id='line_1_56' title="bbox 2308 1813 3879 1890; baseline 0.004 -25"><span class='ocrx_word' id='word_1_403' title='bbox 2308 1813 2338 1865; x_wconf 82' lang='grc' dir='ltr'><strong>ό</strong></span> <span class='ocrx_word' id='word_1_404' title='bbox 2383 1813 2561 1883; x_wconf 81' lang='grc' dir='ltr'>ἄρσην</span> <span class='ocrx_word' id='word_1_405' title='bbox 2588 1816 2797 1883; x_wconf 83' lang='grc' dir='ltr'>ταύτην</span> <span class='ocrx_word' id='word_1_406' title='bbox 2832 1818 2933 1886; x_wconf 83' lang='grc' dir='ltr'>μὲν</span> <span class='ocrx_word' id='word_1_407' title='bbox 2973 1820 3203 1887; x_wconf 75' lang='grc' dir='ltr'>ἀφήσει,</span> <span class='ocrx_word' id='word_1_408' title='bbox 3243 1819 3441 1890; x_wconf 74' lang='grc' dir='ltr'>ἑτέραν</span> <span class='ocrx_word' id='word_1_409' title='bbox 3470 1818 3527 1873; x_wconf 70' lang='grc' dir='ltr'>δὲ</span> <span class='ocrx_word' id='word_1_410' title='bbox 3565 1821 3731 1873; x_wconf 69' lang='grc' dir='ltr'>πάλιν</span> <span class='ocrx_word' id='word_1_411' title='bbox 3757 1822 3879 1884; x_wconf 73' lang='grc' dir='ltr'><strong>ἁγά-</strong></span> 
     </span>
    </p>
   </div>
   <div class='ocr_carea' id='block_1_57' title="bbox 2239 1905 3874 1981">
    <p class='ocr_par' dir='ltr' id='par_1_57' title="bbox 2239 1905 3874 1981">
     <span class='ocr_line' id='line_1_57' title="bbox 2239 1905 3874 1981; baseline 0.012 -27"><span class='ocrx_word' id='word_1_412' title='bbox 2239 1908 2507 1973; x_wconf 80' lang='grc' dir='ltr'>Βγηται,</span> <span class='ocrx_word' id='word_1_413' title='bbox 2578 1905 2799 1970; x_wconf 85' lang='grc' dir='ltr'>πλείους</span> <span class='ocrx_word' id='word_1_414' title='bbox 2864 1908 2931 1961; x_wconf 82' lang='grc' dir='ltr'>ἂν</span> <span class='ocrx_word' id='word_1_415' title='bbox 2984 1908 3190 1963; x_wconf 62' lang='grc' dir='ltr'>ἔπλασε</span> <span class='ocrx_word' id='word_1_416' title='bbox 3258 1911 3379 1963; x_wconf 85' lang='grc' dir='ltr'>κατ’</span> <span class='ocrx_word' id='word_1_417' title='bbox 3408 1913 3587 1981; x_wconf 74' lang='grc' dir='ltr'>ἀρχὰς</span> <span class='ocrx_word' id='word_1_418' title='bbox 3644 1912 3874 1980; x_wconf 66' lang='grc' dir='ltr'><strong>θηλείας⁸</strong></span> 
     </span>
    </p>
   </div>
   <div class='ocr_carea' id='block_1_58' title="bbox 2306 1997 3877 2074">
    <p class='ocr_par' dir='ltr' id='par_1_58' title="bbox 2306 1997 3877 2074">
     <span class='ocr_line' id='line_1_58' title="bbox 2306 1997 3877 2074; baseline 0.004 -26"><span class='ocrx_word' id='word_1_419' title='bbox 2306 1998 2434 2049; x_wconf 72' lang='grc' dir='ltr'>ἐπεὶ</span> <span class='ocrx_word' id='word_1_420' title='bbox 2480 1997 2537 2050; x_wconf 66' lang='grc' dir='ltr'>δὲ</span> <span class='ocrx_word' id='word_1_421' title='bbox 2590 1998 2811 2063; x_wconf 80' lang='grc' dir='ltr'>πλείους</span> <span class='ocrx_word' id='word_1_422' title='bbox 2851 2000 3230 2064; x_wconf 78' lang='grc' dir='ltr'>οὐκέπλασε,</span> <span class='ocrx_word' id='word_1_423' title='bbox 3274 2002 3465 2055; x_wconf 67' lang='grc' dir='ltr'>λοιπὴν</span> <span class='ocrx_word' id='word_1_424' title='bbox 3509 2002 3764 2072; x_wconf 80' lang='grc' dir='ltr'>βούλεται</span> <span class='ocrx_word' id='word_1_425' title='bbox 3814 2007 3877 2074; x_wconf 73' lang='grc' dir='ltr'>μὴ</span> 
     </span>
    </p>
   </div>
   <div class='ocr_carea' id='block_1_59' title="bbox 2307 2089 3538 2164">
    <p class='ocr_par' dir='ltr' id='par_1_59' title="bbox 2307 2089 3538 2164">
     <span class='ocr_line' id='line_1_59' title="bbox 2307 2089 3538 2164; baseline 0.002 -19"><span class='ocrx_word' id='word_1_426' title='bbox 2307 2089 2573 2145; x_wconf 78' lang='grc' dir='ltr'>ἀπολύειν</span> <span class='ocrx_word' id='word_1_427' title='bbox 2604 2089 2696 2143; x_wconf 86' lang='grc' dir='ltr'>τὸν</span> <span class='ocrx_word' id='word_1_428' title='bbox 2734 2091 2905 2159; x_wconf 78' lang='grc' dir='ltr'>ἄνδρα</span> <span class='ocrx_word' id='word_1_429' title='bbox 2944 2092 3046 2164; x_wconf 77' lang='grc' dir='ltr'>τὴν</span> <span class='ocrx_word' id='word_1_430' title='bbox 3073 2097 3307 2159; x_wconf 80' lang='grc' dir='ltr'>γυναῖκα</span> <span class='ocrx_word' id='word_1_431' title='bbox 3348 2094 3538 2149; x_wconf 81' lang='grc' dir='ltr'>αὑτοῦ.</span> 
     </span>
    </p>
   </div>
   <div class='ocr_carea' id='block_1_60' title="bbox 2376 2204 3881 2277">
    <p class='ocr_par' dir='ltr' id='par_1_60' title="bbox 2376 2204 3881 2277">
     <span class='ocr_line' id='line_1_60' title="bbox 2376 2204 3881 2277; baseline 0.001 -22"><span class='ocrx_word' id='word_1_432' title='bbox 2376 2205 2488 2256; x_wconf 77' lang='grc' dir='ltr'><strong>Καὶ</strong></span> <span class='ocrx_word' id='word_1_433' title='bbox 2517 2232 2584 2241; x_wconf 91' lang='grc'><strong><em>--</em></strong></span> <span class='ocrx_word' id='word_1_434' title='bbox 2612 2204 2779 2269; x_wconf 77' lang='grc' dir='ltr'>μίαν.</span> <span class='ocrx_word' id='word_1_435' title='bbox 2846 2205 3043 2269; x_wconf 78' lang='grc' dir='ltr'>Δείξας</span> <span class='ocrx_word' id='word_1_436' title='bbox 3082 2206 3195 2257; x_wconf 82' lang='grc' dir='ltr'><strong>ἀπὸ</strong></span> <span class='ocrx_word' id='word_1_437' title='bbox 3226 2206 3328 2274; x_wconf 81' lang='grc' dir='ltr'>τῆς</span> <span class='ocrx_word' id='word_1_438' title='bbox 3380 2206 3772 2277; x_wconf 81' lang='grc' dir='ltr'><strong>δημιουργίας,</strong></span> <span class='ocrx_word' id='word_1_439' title='bbox 3807 2206 3881 2258; x_wconf 82' lang='grc' dir='ltr'><strong>ὅτι</strong></span> 
     </span>
    </p>
   </div>
   <div class='ocr_carea' id='block_1_61' title="bbox 2305 2293 3881 2369">
    <p class='ocr_par' dir='ltr' id='par_1_61' title="bbox 2305 2293 3881 2369">
     <span class='ocr_line' id='line_1_61' title="bbox 2305 2293 3881 2369; baseline 0.003 -23"><span class='ocrx_word' id='word_1_440' title='bbox 2305 2294 2409 2346; x_wconf 81' lang='grc' dir='ltr'><strong>οὐκ</strong></span> <span class='ocrx_word' id='word_1_441' title='bbox 2433 2293 2647 2359; x_wconf 72' lang='grc' dir='ltr'>ἔξεστιν</span> <span class='ocrx_word' id='word_1_442' title='bbox 2678 2294 2961 2357; x_wconf 77' lang='grc' dir='ltr'>ἀπολύειν,</span> <span class='ocrx_word' id='word_1_443' title='bbox 2988 2295 3229 2349; x_wconf 82' lang='grc' dir='ltr'>δείκνυσι</span> <span class='ocrx_word' id='word_1_444' title='bbox 3257 2297 3421 2350; x_wconf 86' lang='grc' dir='ltr'>τοῦτο</span> <span class='ocrx_word' id='word_1_445' title='bbox 3458 2299 3553 2350; x_wconf 79' lang='grc' dir='ltr'><strong>καὶ</strong></span> <span class='ocrx_word' id='word_1_446' title='bbox 3582 2300 3691 2351; x_wconf 66' lang='grc' dir='ltr'><strong>ἀπὸ</strong></span> <span class='ocrx_word' id='word_1_447' title='bbox 3723 2314 3881 2369; x_wconf 77' lang='grc' dir='ltr'>προσ·</span> 
     </span>
    </p>
   </div>
   <div class='ocr_carea' id='block_1_62' title="bbox 2304 2386 3877 2459">
    <p class='ocr_par' dir='ltr' id='par_1_62' title="bbox 2304 2386 3877 2459">
     <span class='ocr_line' id='line_1_62' title="bbox 2304 2386 3877 2459; baseline 0.002 -20"><span class='ocrx_word' id='word_1_448' title='bbox 2304 2388 2586 2455; x_wconf 77' lang='grc' dir='ltr'><strong>τάγματος</strong></span> <span class='ocrx_word' id='word_1_449' title='bbox 2625 2387 2721 2438; x_wconf 88' lang='grc' dir='ltr'><strong>τοῦ</strong></span> <span class='ocrx_word' id='word_1_450' title='bbox 2778 2386 2936 2440; x_wconf 93' lang='grc' dir='ltr'>Θεοῦ.</span> <span class='ocrx_word' id='word_1_451' title='bbox 2990 2386 3112 2457; x_wconf 78' lang='grc' dir='ltr'><strong>Χρὴ</strong></span> <span class='ocrx_word' id='word_1_452' title='bbox 3143 2388 3201 2443; x_wconf 68' lang='grc' dir='ltr'>δὲ</span> <span class='ocrx_word' id='word_1_453' title='bbox 3234 2388 3551 2457; x_wconf 79' lang='grc' dir='ltr'>γινώσκειν,</span> <span class='ocrx_word' id='word_1_454' title='bbox 3585 2390 3667 2443; x_wconf 81' lang='grc' dir='ltr'>ὅτι</span> <span class='ocrx_word' id='word_1_455' title='bbox 3697 2391 3757 2443; x_wconf 82' lang='grc' dir='ltr'>ὲν</span> <span class='ocrx_word' id='word_1_456' title='bbox 3788 2391 3877 2459; x_wconf 67' lang='grc' dir='ltr'>μὲν</span> 
     </span>
    </p>
   </div>
   <div class='ocr_carea' id='block_1_63' title="bbox 2304 2477 3879 2553">
    <p class='ocr_par' dir='ltr' id='par_1_63' title="bbox 2304 2477 3879 2553">
     <span class='ocr_line' id='line_1_63' title="bbox 2304 2477 3879 2553; baseline 0.003 -25"><span class='ocrx_word' id='word_1_457' title='bbox 2304 2480 2370 2548; x_wconf 78' lang='grc' dir='ltr'>τῇ</span> <span class='ocrx_word' id='word_1_458' title='bbox 2438 2478 2605 2547; x_wconf 77' lang='grc' dir='ltr'>βίϐλῳ</span> <span class='ocrx_word' id='word_1_459' title='bbox 2635 2477 2737 2547; x_wconf 80' lang='grc' dir='ltr'>τῆς</span> <span class='ocrx_word' id='word_1_460' title='bbox 2788 2479 3065 2543; x_wconf 77' lang='grc' dir='ltr'>Γενέσεως</span> <span class='ocrx_word' id='word_1_461' title='bbox 3096 2481 3355 2550; x_wconf 82' lang='grc' dir='ltr'>φαίνεται</span> <span class='ocrx_word' id='word_1_462' title='bbox 3401 2483 3496 2535; x_wconf 85' lang='grc' dir='ltr'><strong>τοῦ</strong></span> <span class='ocrx_word' id='word_1_463' title='bbox 3543 2483 3715 2553; x_wconf 74' lang='grc' dir='ltr'>Ἀδὰμ</span> <span class='ocrx_word' id='word_1_464' title='bbox 3749 2479 3879 2535; x_wconf 76' lang='grc' dir='ltr'>εἶναι</span> 
     </span>
    </p>
   </div>
   <div class='ocr_carea' id='block_1_64' title="bbox 2300 2568 3875 2644">
    <p class='ocr_par' dir='ltr' id='par_1_64' title="bbox 2300 2568 3875 2644">
     <span class='ocr_line' id='line_1_64' title="bbox 2300 2568 3875 2644; baseline 0.004 -23"><span class='ocrx_word' id='word_1_465' title='bbox 2300 2568 2362 2621; x_wconf 88' lang='grc' dir='ltr'>τὸ</span> <span class='ocrx_word' id='word_1_466' title='bbox 2394 2570 2568 2639; x_wconf 76' lang='grc' dir='ltr'>παρὸν</span> <span class='ocrx_word' id='word_1_467' title='bbox 2594 2571 2784 2640; x_wconf 72' lang='grc' dir='ltr'>ῥητὸν,</span> <span class='ocrx_word' id='word_1_468' title='bbox 2826 2573 3279 2641; x_wconf 78' lang='grc' dir='ltr'>προφητεύοντος</span> <span class='ocrx_word' id='word_1_469' title='bbox 3306 2575 3439 2644; x_wconf 81' lang='grc' dir='ltr'>περὶ</span> <span class='ocrx_word' id='word_1_470' title='bbox 3475 2575 3578 2643; x_wconf 83' lang='grc' dir='ltr'>τῆς</span> <span class='ocrx_word' id='word_1_471' title='bbox 3604 2577 3875 2643; x_wconf 85' lang='grc' dir='ltr'>γυναικός·</span> 
     </span>
    </p>
   </div>
   <div class='ocr_carea' id='block_1_65' title="bbox 2299 2660 3878 2731">
    <p class='ocr_par' dir='ltr' id='par_1_65' title="bbox 2299 2660 3878 2731">
     <span class='ocr_line' id='line_1_65' title="bbox 2299 2660 3878 2731; baseline 0.004 -18"><span class='ocrx_word' id='word_1_472' title='bbox 2299 2660 2415 2713; x_wconf 81' lang='grc' dir='ltr'>ἀλλ’</span> <span class='ocrx_word' id='word_1_473' title='bbox 2472 2662 2499 2712; x_wconf 84' lang='grc' dir='ltr'><strong>ό</strong></span> <span class='ocrx_word' id='word_1_474' title='bbox 2560 2661 2799 2731; x_wconf 76' lang='grc' dir='ltr'>Χριστὸς</span> <span class='ocrx_word' id='word_1_475' title='bbox 2839 2662 3085 2717; x_wconf 80' lang='grc' dir='ltr'>διδάσκει</span> <span class='ocrx_word' id='word_1_476' title='bbox 3136 2664 3255 2729; x_wconf 91' lang='grc' dir='ltr'>νῦν,</span> <span class='ocrx_word' id='word_1_477' title='bbox 3304 2666 3391 2719; x_wconf 82' lang='grc' dir='ltr'><strong>ὅτι</strong></span> <span class='ocrx_word' id='word_1_478' title='bbox 3440 2667 3538 2720; x_wconf 92' lang='grc' dir='ltr'><strong>τοῦ</strong></span> <span class='ocrx_word' id='word_1_479' title='bbox 3586 2666 3721 2720; x_wconf 83' lang='grc' dir='ltr'>Θεοῦ</span> <span class='ocrx_word' id='word_1_480' title='bbox 3769 2670 3878 2720; x_wconf 71' lang='grc' dir='ltr'>ἔστι</span> 
     </span>
    </p>
   </div>
   <div class='ocr_carea' id='block_1_66' title="bbox 2299 2750 3876 2830">
    <p class='ocr_par' dir='ltr' id='par_1_66' title="bbox 2299 2750 3876 2830">
     <span class='ocr_line' id='line_1_66' title="bbox 2299 2750 3876 2830; baseline 0.006 -29"><span class='ocrx_word' id='word_1_481' title='bbox 2299 2750 2461 2802; x_wconf 88' lang='grc' dir='ltr'>τοῦτο</span> <span class='ocrx_word' id='word_1_482' title='bbox 2491 2752 2552 2803; x_wconf 80' lang='grc' dir='ltr'>τὸ</span> <span class='ocrx_word' id='word_1_483' title='bbox 2585 2753 2944 2824; x_wconf 81' lang='grc' dir='ltr'>πρόσταγμα,</span> <span class='ocrx_word' id='word_1_484' title='bbox 2979 2756 3076 2809; x_wconf 73' lang='grc' dir='ltr'><strong>καὶ</strong></span> <span class='ocrx_word' id='word_1_485' title='bbox 3113 2756 3175 2810; x_wconf 82' lang='grc' dir='ltr'>οὗ</span> <span class='ocrx_word' id='word_1_486' title='bbox 3215 2759 3529 2829; x_wconf 72' lang='grc' dir='ltr'>προφητεία</span> <span class='ocrx_word' id='word_1_487' title='bbox 3554 2758 3651 2813; x_wconf 88' lang='grc' dir='ltr'><strong>τοῦ</strong></span> <span class='ocrx_word' id='word_1_488' title='bbox 3692 2759 3876 2830; x_wconf 70' lang='grc' dir='ltr'>Ἀδὰμ,</span> 
     </span>
    </p>
   </div>
   <div class='ocr_carea' id='block_1_67' title="bbox 2301 2841 2593 2905">
    <p class='ocr_par' dir='ltr' id='par_1_67' title="bbox 2301 2841 2593 2905">
     <span class='ocr_line' id='line_1_67' title="bbox 2301 2841 2593 2905; baseline 0.017 -12"><span class='ocrx_word' id='word_1_489' title='bbox 2301 2841 2377 2905; x_wconf 85' lang='grc' dir='ltr'><strong>ὡς</strong></span> <span class='ocrx_word' id='word_1_490' title='bbox 2424 2842 2593 2899; x_wconf 84' lang='grc' dir='ltr'>δοκεῖ.</span> 
     </span>
    </p>
   </div>
   <div class='ocr_carea' id='block_1_68' title="bbox 2374 2953 3874 3037">
    <p class='ocr_par' dir='ltr' id='par_1_68' title="bbox 2374 2953 3874 3037">
     <span class='ocr_line' id='line_1_68' title="bbox 2374 2953 3874 3037; baseline 0.007 -28"><span class='ocrx_word' id='word_1_491' title='bbox 2374 2953 2575 3028; x_wconf 72' lang='grc' dir='ltr'>Ιούδὲν</span> <span class='ocrx_word' id='word_1_492' title='bbox 2612 2958 2742 3028; x_wconf 85' lang='lat'><strong>(86)</strong></span> <span class='ocrx_word' id='word_1_493' title='bbox 2785 2958 2843 3012; x_wconf 76' lang='grc' dir='ltr'>δὲ</span> <span class='ocrx_word' id='word_1_494' title='bbox 2880 2961 3084 3016; x_wconf 84' lang='grc' dir='ltr'><strong>κωλύει</strong></span> <span class='ocrx_word' id='word_1_495' title='bbox 3127 2962 3190 3017; x_wconf 77' lang='grc' dir='ltr'>τὸ</span> <span class='ocrx_word' id='word_1_496' title='bbox 3233 2964 3371 3018; x_wconf 69' lang='grc' dir='ltr'>αὐτὸ</span> <span class='ocrx_word' id='word_1_497' title='bbox 3421 2966 3587 3037; x_wconf 79' lang='grc' dir='ltr'>ῥητὸν</span> <span class='ocrx_word' id='word_1_498' title='bbox 3632 2969 3724 3021; x_wconf 80' lang='grc' dir='ltr'><strong>καὶ</strong></span> <span class='ocrx_word' id='word_1_499' title='bbox 3786 2967 3874 3020; x_wconf 83' lang='grc' dir='ltr'><strong>τοῦ</strong></span> 
     </span>
    </p>
   </div>
   <div class='ocr_carea' id='block_1_69' title="bbox 2312 3044 3874 3131">
    <p class='ocr_par' dir='ltr' id='par_1_69' title="bbox 2312 3044 3874 3131">
     <span class='ocr_line' id='line_1_69' title="bbox 2312 3044 3874 3131; baseline 0.007 -30"><span class='ocrx_word' id='word_1_500' title='bbox 2312 3047 2490 3117; x_wconf 77' lang='grc' dir='ltr'><strong>’Δδάμ</strong></span> <span class='ocrx_word' id='word_1_501' title='bbox 2538 3044 2679 3103; x_wconf 76' lang='grc' dir='ltr'>εἶναι</span> <span class='ocrx_word' id='word_1_502' title='bbox 2736 3056 3106 3121; x_wconf 78' lang='grc' dir='ltr'>προφητείαν,</span> <span class='ocrx_word' id='word_1_503' title='bbox 3162 3056 3533 3127; x_wconf 77' lang='grc' dir='ltr'>ινηχηθεῖσαν</span> <span class='ocrx_word' id='word_1_504' title='bbox 3581 3059 3732 3131; x_wconf 79' lang='grc' dir='ltr'>παρὰ</span> <span class='ocrx_word' id='word_1_505' title='bbox 3785 3060 3874 3112; x_wconf 79' lang='grc' dir='ltr'><strong>τοῦ</strong></span> 
     </span>
    </p>
   </div>
   <div class='ocr_carea' id='block_1_70' title="bbox 2297 3137 3875 3222">
    <p class='ocr_par' dir='ltr' id='par_1_70' title="bbox 2297 3137 3875 3222">
     <span class='ocr_line' id='line_1_70' title="bbox 2297 3137 3875 3222; baseline 0.008 -32"><span class='ocrx_word' id='word_1_506' title='bbox 2297 3137 2457 3204; x_wconf 83' lang='grc' dir='ltr'>Θεοῦ,</span> <span class='ocrx_word' id='word_1_507' title='bbox 2506 3141 2602 3192; x_wconf 82' lang='grc' dir='ltr'><strong>καὶ</strong></span> <span class='ocrx_word' id='word_1_508' title='bbox 2641 3137 2798 3204; x_wconf 79' lang='grc' dir='ltr'>αὖθις</span> <span class='ocrx_word' id='word_1_509' title='bbox 2826 3144 2922 3195; x_wconf 90' lang='grc' dir='ltr'><strong>τοῦ</strong></span> <span class='ocrx_word' id='word_1_510' title='bbox 2956 3144 3096 3198; x_wconf 75' lang='grc' dir='ltr'>Θεοῦ</span> <span class='ocrx_word' id='word_1_511' title='bbox 3154 3147 3515 3218; x_wconf 81' lang='grc' dir='ltr'>πρόσταγμα,</span> <span class='ocrx_word' id='word_1_512' title='bbox 3576 3152 3740 3222; x_wconf 73' lang='grc' dir='ltr'>ῥηθὲν</span> <span class='ocrx_word' id='word_1_513' title='bbox 3792 3151 3875 3203; x_wconf 71' lang='grc' dir='ltr'>διέι</span> 
     </span>
    </p>
   </div>
   <div class='ocr_carea' id='block_1_71' title="bbox 2298 3229 3876 3313">
    <p class='ocr_par' dir='ltr' id='par_1_71' title="bbox 2298 3229 3876 3313">
     <span class='ocr_line' id='line_1_71' title="bbox 2298 3229 3876 3313; baseline 0.006 -29"><span class='ocrx_word' id='word_1_514' title='bbox 2298 3230 2393 3285; x_wconf 88' lang='grc' dir='ltr'><strong>τοῦ</strong></span> <span class='ocrx_word' id='word_1_515' title='bbox 2460 3232 2655 3300; x_wconf 80' lang='grc' dir='ltr'>Ἀδάμ.</span> <span class='ocrx_word' id='word_1_516' title='bbox 2711 3229 2857 3299; x_wconf 79' lang='grc' dir='ltr'>Οίον,</span> <span class='ocrx_word' id='word_1_517' title='bbox 2928 3238 3023 3288; x_wconf 75' lang='grc' dir='ltr'><strong>καὶ</strong></span> <span class='ocrx_word' id='word_1_518' title='bbox 3058 3233 3211 3291; x_wconf 75' lang='grc' dir='ltr'>εἶπεν</span> <span class='ocrx_word' id='word_1_519' title='bbox 3267 3239 3297 3291; x_wconf 79' lang='grc' dir='ltr'><strong>ὁ</strong></span> <span class='ocrx_word' id='word_1_520' title='bbox 3361 3242 3557 3313; x_wconf 70' lang='grc' dir='ltr'>Ἀδὰμ,</span> <span class='ocrx_word' id='word_1_521' title='bbox 3597 3244 3876 3313; x_wconf 68' lang='grc' dir='ltr'>ἔνηχηθεὶς</span> 
     </span>
    </p>
   </div>
   <div class='ocr_carea' id='block_1_72' title="bbox 2297 3322 3875 3397">
    <p class='ocr_par' dir='ltr' id='par_1_72' title="bbox 2297 3322 3875 3397">
     <span class='ocr_line' id='line_1_72' title="bbox 2297 3322 3875 3397; baseline 0.008 -23"><span class='ocrx_word' id='word_1_522' title='bbox 2297 3324 2450 3392; x_wconf 86' lang='grc' dir='ltr'>παρὰ</span> <span class='ocrx_word' id='word_1_523' title='bbox 2502 3322 2600 3376; x_wconf 87' lang='grc' dir='ltr'><strong>τοῦ</strong></span> <span class='ocrx_word' id='word_1_524' title='bbox 2660 3324 2821 3390; x_wconf 89' lang='grc' dir='ltr'>Θεοῦ,</span> <span class='ocrx_word' id='word_1_525' title='bbox 2880 3329 2975 3379; x_wconf 77' lang='grc' dir='ltr'><strong>καὶ</strong></span> <span class='ocrx_word' id='word_1_526' title='bbox 3008 3329 3195 3396; x_wconf 80' lang='grc' dir='ltr'>πάλιν,</span> <span class='ocrx_word' id='word_1_527' title='bbox 3232 3331 3327 3384; x_wconf 75' lang='grc' dir='ltr'><strong>καὶ</strong></span> <span class='ocrx_word' id='word_1_528' title='bbox 3360 3327 3517 3386; x_wconf 78' lang='grc' dir='ltr'>εἶπεν</span> <span class='ocrx_word' id='word_1_529' title='bbox 3544 3336 3574 3387; x_wconf 87' lang='grc' dir='ltr'><strong>ό</strong></span> <span class='ocrx_word' id='word_1_530' title='bbox 3599 3333 3751 3397; x_wconf 75' lang='grc' dir='ltr'>Θεὸς,</span> <span class='ocrx_word' id='word_1_531' title='bbox 3780 3334 3875 3387; x_wconf 87' lang='grc' dir='ltr'>λα-</span> 
     </span>
    </p>
   </div>
   <div class='ocr_carea' id='block_1_73' title="bbox 2295 3414 3005 3489">
    <p class='ocr_par' dir='ltr' id='par_1_73' title="bbox 2295 3414 3005 3489">
     <span class='ocr_line' id='line_1_73' title="bbox 2295 3414 3005 3489; baseline 0.01 -23"><span class='ocrx_word' id='word_1_532' title='bbox 2295 3414 2466 3485; x_wconf 85' lang='grc' dir='ltr'>λήσας</span> <span class='ocrx_word' id='word_1_533' title='bbox 2499 3416 2589 3469; x_wconf 72' lang='grc' dir='ltr'>διὰ</span> <span class='ocrx_word' id='word_1_534' title='bbox 2644 3416 2739 3470; x_wconf 86' lang='grc' dir='ltr'><strong>τοῦ</strong></span> <span class='ocrx_word' id='word_1_535' title='bbox 2784 3418 3005 3489; x_wconf 78' lang='grc' dir='ltr'><strong>’Δδάμ.]</strong></span> 
     </span>
    </p>
   </div>
   <div class='ocr_carea' id='block_1_74' title="bbox 2366 3524 3877 3608">
    <p class='ocr_par' dir='ltr' id='par_1_74' title="bbox 2366 3524 3877 3608">
     <span class='ocr_line' id='line_1_74' title="bbox 2366 3524 3877 3608; baseline 0.007 -28"><span class='ocrx_word' id='word_1_536' title='bbox 2366 3526 2540 3599; x_wconf 71' lang='grc' dir='ltr'>Φησὶν</span> <span class='ocrx_word' id='word_1_537' title='bbox 2587 3524 2705 3594; x_wconf 78' lang='grc' dir='ltr'>οὖν,</span> <span class='ocrx_word' id='word_1_538' title='bbox 2754 3528 2838 3584; x_wconf 84' lang='grc' dir='ltr'><strong>δτι</strong></span> <span class='ocrx_word' id='word_1_539' title='bbox 2896 3532 2992 3584; x_wconf 83' lang='grc' dir='ltr'><strong>καὶ</strong></span> <span class='ocrx_word' id='word_1_540' title='bbox 3040 3527 3199 3586; x_wconf 74' lang='grc' dir='ltr'>εἶπεν</span> <span class='ocrx_word' id='word_1_541' title='bbox 3233 3537 3260 3588; x_wconf 77' lang='grc' dir='ltr'><strong>ό</strong></span> <span class='ocrx_word' id='word_1_542' title='bbox 3290 3536 3663 3608; x_wconf 70' lang='grc' dir='ltr'>Δημιουργὸς,</span> <span class='ocrx_word' id='word_1_543' title='bbox 3697 3539 3877 3591; x_wconf 71' lang='grc' dir='ltr'>ἕνεκεν</span> 
     </span>
    </p>
   </div>
   <div class='ocr_carea' id='block_1_75' title="bbox 2295 3615 3874 3698">
    <p class='ocr_par' dir='ltr' id='par_1_75' title="bbox 2295 3615 3874 3698">
     <span class='ocr_line' id='line_1_75' title="bbox 2295 3615 3874 3698; baseline 0.011 -31"><span class='ocrx_word' id='word_1_544' title='bbox 2295 3615 2511 3681; x_wconf 83' lang='grc' dir='ltr'>τούτου,</span> <span class='ocrx_word' id='word_1_545' title='bbox 2550 3618 2753 3690; x_wconf 75' lang='grc' dir='ltr'>δηλαδὴ</span> <span class='ocrx_word' id='word_1_546' title='bbox 2786 3619 2881 3674; x_wconf 87' lang='grc' dir='ltr'><strong>τοῦ</strong></span> <span class='ocrx_word' id='word_1_547' title='bbox 2915 3622 3229 3693; x_wconf 81' lang='grc' dir='ltr'>πλασθῆναι</span> <span class='ocrx_word' id='word_1_548' title='bbox 3259 3625 3360 3695; x_wconf 81' lang='grc' dir='ltr'>τὴν</span> <span class='ocrx_word' id='word_1_549' title='bbox 3388 3630 3630 3693; x_wconf 83' lang='grc' dir='ltr'>γυναῖκα</span> <span class='ocrx_word' id='word_1_550' title='bbox 3678 3630 3741 3682; x_wconf 67' lang='grc' dir='ltr'><strong>ἐκ</strong></span> <span class='ocrx_word' id='word_1_551' title='bbox 3778 3629 3874 3698; x_wconf 78' lang='grc' dir='ltr'>τῆς</span> 
     </span>
    </p>
   </div>
   <div class='ocr_carea' id='block_1_76' title="bbox 2296 3708 3869 3791">
    <p class='ocr_par' dir='ltr' id='par_1_76' title="bbox 2296 3708 3869 3791">
     <span class='ocr_line' id='line_1_76' title="bbox 2296 3708 3869 3791; baseline 0.009 -31"><span class='ocrx_word' id='word_1_552' title='bbox 2296 3708 2532 3779; x_wconf 77' lang='grc' dir='ltr'>πλευρᾶ,</span> <span class='ocrx_word' id='word_1_553' title='bbox 2565 3710 2659 3762; x_wconf 86' lang='grc' dir='ltr'><strong>τοῦ</strong></span> <span class='ocrx_word' id='word_1_554' title='bbox 2699 3710 2899 3781; x_wconf 80' lang='grc' dir='ltr'>ἀνδρὸς</span> <span class='ocrx_word' id='word_1_555' title='bbox 2924 3714 3120 3783; x_wconf 57' lang='grc' dir='ltr'>αὐτῆς</span> <span class='ocrx_word' id='word_1_556' title='bbox 3154 3716 3288 3787; x_wconf 74' lang='grc' dir='ltr'>περὶ</span> <span class='ocrx_word' id='word_1_557' title='bbox 3317 3718 3515 3771; x_wconf 87' lang='grc' dir='ltr'>τούτου</span> <span class='ocrx_word' id='word_1_558' title='bbox 3572 3719 3682 3791; x_wconf 80' lang='grc' dir='ltr'>γὰρ</span> <span class='ocrx_word' id='word_1_559' title='bbox 3731 3723 3869 3773; x_wconf 80' lang='grc' dir='ltr'><strong>ἀνω·-</strong></span> 
     </span>
    </p>
   </div>
   <div class='ocr_carea' id='block_1_77' title="bbox 2295 3798 3869 3877">
    <p class='ocr_par' dir='ltr' id='par_1_77' title="bbox 2295 3798 3869 3877">
     <span class='ocr_line' id='line_1_77' title="bbox 2295 3798 3869 3877; baseline 0.008 -29"><span class='ocrx_word' id='word_1_560' title='bbox 2295 3799 2439 3867; x_wconf 84' lang='grc' dir='ltr'>τέρω</span> <span class='ocrx_word' id='word_1_561' title='bbox 2508 3798 2603 3851; x_wconf 85' lang='grc' dir='ltr'><strong>τοῦ</strong></span> <span class='ocrx_word' id='word_1_562' title='bbox 2659 3798 3000 3869; x_wconf 83' lang='grc' dir='ltr'>δηλωθέντος</span> <span class='ocrx_word' id='word_1_563' title='bbox 3064 3805 3495 3874; x_wconf 83' lang='grc' dir='ltr'>προστάγματος</span> <span class='ocrx_word' id='word_1_564' title='bbox 3549 3811 3869 3877; x_wconf 80' lang='grc' dir='ltr'>γέγραπται·</span> 
     </span>
    </p>
   </div>
   <div class='ocr_carea' id='block_1_78' title="bbox 2295 3890 3871 3967">
    <p class='ocr_par' dir='ltr' id='par_1_78' title="bbox 2295 3890 3871 3967">
     <span class='ocr_line' id='line_1_78' title="bbox 2295 3890 3871 3967; baseline 0.006 -23"><span class='ocrx_word' id='word_1_565' title='bbox 2295 3890 2661 3958; x_wconf 67' lang='grc' dir='ltr'>Καταλείψει</span> <span class='ocrx_word' id='word_1_566' title='bbox 2712 3892 3027 3960; x_wconf 74' lang='grc' dir='ltr'>ἄνθρωπος</span> <span class='ocrx_word' id='word_1_567' title='bbox 3084 3897 3194 3948; x_wconf 79' lang='grc' dir='ltr'><strong>τὸν</strong></span> <span class='ocrx_word' id='word_1_568' title='bbox 3251 3898 3481 3967; x_wconf 74' lang='grc' dir='ltr'>πατέρα</span> <span class='ocrx_word' id='word_1_569' title='bbox 3538 3902 3725 3957; x_wconf 84' lang='grc' dir='ltr'>αὐτοῦ</span> <span class='ocrx_word' id='word_1_570' title='bbox 3772 3902 3871 3954; x_wconf 81' lang='grc' dir='ltr'>καί</span> 
     </span>
    </p>
   </div>
   <div class='ocr_carea' id='block_1_79' title="bbox 2294 3984 3872 4057">
    <p class='ocr_par' dir='ltr' id='par_1_79' title="bbox 2294 3984 3872 4057">
     <span class='ocr_line' id='line_1_79' title="bbox 2294 3984 3872 4057; baseline 0.007 -21"><span class='ocrx_word' id='word_1_571' title='bbox 2294 3984 2409 4050; x_wconf 80' lang='grc' dir='ltr'><strong>τὴν</strong></span> <span class='ocrx_word' id='word_1_572' title='bbox 2456 3985 2711 4053; x_wconf 64' lang='grc' dir='ltr'>μητέρα.</span> <span class='ocrx_word' id='word_1_573' title='bbox 2771 3987 2868 4039; x_wconf 75' lang='grc' dir='ltr'><strong>καὶ</strong></span> <span class='ocrx_word' id='word_1_574' title='bbox 2915 3987 2985 4039; x_wconf 83' lang='grc' dir='ltr'>τὰ</span> <span class='ocrx_word' id='word_1_575' title='bbox 3026 3987 3175 4057; x_wconf 78' lang='grc' dir='ltr'><strong>ἑξῆς·</strong></span> <span class='ocrx_word' id='word_1_576' title='bbox 3227 3990 3326 4043; x_wconf 75' lang='grc' dir='ltr'>καί</span> <span class='ocrx_word' id='word_1_577' title='bbox 3384 3991 3633 4046; x_wconf 71' lang='grc' dir='ltr'>ἔσονται</span> <span class='ocrx_word' id='word_1_578' title='bbox 3680 3996 3732 4047; x_wconf 87' lang='grc' dir='ltr'>οι</span> <span class='ocrx_word' id='word_1_579' title='bbox 3762 3994 3872 4047; x_wconf 80' lang='grc' dir='ltr'><strong>δύο</strong></span> 
     </span>
    </p>
   </div>
   <div class='ocr_carea' id='block_1_80' title="bbox 2296 4074 3871 4152">
    <p class='ocr_par' dir='ltr' id='par_1_80' title="bbox 2296 4074 3871 4152">
     <span class='ocr_line' id='line_1_80' title="bbox 2296 4074 3871 4152; baseline 0.006 -26"><span class='ocrx_word' id='word_1_580' title='bbox 2296 4075 2521 4142; x_wconf 72' lang='grc' dir='ltr'>σύζυγοι</span> <span class='ocrx_word' id='word_1_581' title='bbox 2580 4078 2671 4141; x_wconf 80' lang='grc' dir='ltr'>εις</span> <span class='ocrx_word' id='word_1_582' title='bbox 2728 4074 2928 4143; x_wconf 82' lang='grc' dir='ltr'>σάρκα</span> <span class='ocrx_word' id='word_1_583' title='bbox 2982 4076 3172 4145; x_wconf 80' lang='grc' dir='ltr'>μίαν,</span> <span class='ocrx_word' id='word_1_584' title='bbox 3230 4078 3400 4149; x_wconf 76' lang='grc' dir='ltr'>ἧγουν</span> <span class='ocrx_word' id='word_1_585' title='bbox 3455 4081 3620 4152; x_wconf 85' lang='grc' dir='ltr'>σῶμα</span> <span class='ocrx_word' id='word_1_586' title='bbox 3673 4083 3729 4137; x_wconf 75' lang='grc' dir='ltr'>ἓν</span> <span class='ocrx_word' id='word_1_587' title='bbox 3783 4084 3871 4135; x_wconf 62' lang='grc' dir='ltr'>διὰ</span> 
     </span>
    </p>
   </div>
   <div class='ocr_carea' id='block_1_81' title="bbox 2290 4164 3867 4245">
    <p class='ocr_par' dir='ltr' id='par_1_81' title="bbox 2290 4164 3867 4245">
     <span class='ocr_line' id='line_1_81' title="bbox 2290 4164 3867 4245; baseline 0.006 -29"><span class='ocrx_word' id='word_1_588' title='bbox 2290 4166 2385 4217; x_wconf 85' lang='grc' dir='ltr'>τὸν</span> <span class='ocrx_word' id='word_1_589' title='bbox 2430 4164 2731 4236; x_wconf 82' lang='grc' dir='ltr'>σύνδεσμον</span> <span class='ocrx_word' id='word_1_590' title='bbox 2776 4169 2879 4237; x_wconf 77' lang='grc' dir='ltr'>τῆς</span> <span class='ocrx_word' id='word_1_591' title='bbox 2931 4167 3203 4235; x_wconf 80' lang='grc' dir='ltr'>ἑνώσεως,</span> <span class='ocrx_word' id='word_1_592' title='bbox 3250 4172 3430 4225; x_wconf 84' lang='grc' dir='ltr'>ιττουν</span> <span class='ocrx_word' id='word_1_593' title='bbox 3471 4173 3561 4227; x_wconf 73' lang='grc' dir='ltr'>διὰ</span> <span class='ocrx_word' id='word_1_594' title='bbox 3608 4175 3707 4245; x_wconf 77' lang='grc' dir='ltr'>τὴν</span> <span class='ocrx_word' id='word_1_595' title='bbox 3747 4192 3867 4225; x_wconf 87' lang='grc' dir='ltr'>συν-</span> 
     </span>
    </p>
   </div>
   <div class='ocr_carea' id='block_1_82' title="bbox 2293 4257 3870 4333">
    <p class='ocr_par' dir='ltr' id='par_1_82' title="bbox 2293 4257 3870 4333">
     <span class='ocr_line' id='line_1_82' title="bbox 2293 4257 3870 4333; baseline 0.005 -23"><span class='ocrx_word' id='word_1_596' title='bbox 2293 4257 2535 4327; x_wconf 75' lang='grc' dir='ltr'>απτικὴν</span> <span class='ocrx_word' id='word_1_597' title='bbox 2589 4260 2799 4329; x_wconf 85' lang='grc' dir='ltr'>σχέσιν.</span> <span class='ocrx_word' id='word_1_598' title='bbox 2841 4260 2996 4313; x_wconf 80' lang='grc' dir='ltr'>Ἐπεὶ</span> <span class='ocrx_word' id='word_1_599' title='bbox 3047 4261 3104 4314; x_wconf 79' lang='grc' dir='ltr'>δὲ</span> <span class='ocrx_word' id='word_1_600' title='bbox 3132 4260 3192 4315; x_wconf 72' lang='grc' dir='ltr'>ιν</span> <span class='ocrx_word' id='word_1_601' title='bbox 3253 4264 3417 4333; x_wconf 85' lang='grc' dir='ltr'>σῶμα</span> <span class='ocrx_word' id='word_1_602' title='bbox 3469 4266 3691 4332; x_wconf 77' lang='grc' dir='ltr'>τούτους</span> <span class='ocrx_word' id='word_1_603' title='bbox 3730 4264 3870 4321; x_wconf 72' lang='grc' dir='ltr'>εἶναι</span> 
     </span>
    </p>
   </div>
   <div class='ocr_carea' id='block_1_83' title="bbox 2294 4352 3340 4420">
    <p class='ocr_par' dir='ltr' id='par_1_83' title="bbox 2294 4352 3340 4420">
     <span class='ocr_line' id='line_1_83' title="bbox 2294 4352 3340 4420; baseline 0.007 -17"><span class='ocrx_word' id='word_1_604' title='bbox 2294 4352 2650 4420; x_wconf 66' lang='grc' dir='ltr'>πρεσὲταξεν,</span> <span class='ocrx_word' id='word_1_605' title='bbox 2680 4354 2783 4406; x_wconf 83' lang='grc' dir='ltr'><strong>οὐκ</strong></span> <span class='ocrx_word' id='word_1_606' title='bbox 2821 4352 3033 4417; x_wconf 70' lang='grc' dir='ltr'>ἔξεστιν</span> <span class='ocrx_word' id='word_1_607' title='bbox 3056 4354 3340 4411; x_wconf 75' lang='grc' dir='ltr'>ἀπολύειν.</span> 
     </span>
    </p>
   </div>
   <div class='ocr_carea' id='block_1_84' title="bbox 2364 4463 3871 4543">
    <p class='ocr_par' dir='ltr' id='par_1_84' title="bbox 2364 4463 3871 4543">
     <span class='ocr_line' id='line_1_84' title="bbox 2364 4463 3871 4543; baseline 0.006 -28"><span class='ocrx_word' id='word_1_608' title='bbox 2364 4463 2544 4516; x_wconf 79' lang='grc' dir='ltr'>Ὥστε</span> <span class='ocrx_word' id='word_1_609' title='bbox 2573 4492 2643 4503; x_wconf 90' lang='grc'><strong><em>-</em></strong></span> <span class='ocrx_word' id='word_1_610' title='bbox 2666 4463 2825 4531; x_wconf 78' lang='grc' dir='ltr'>σὰρξ</span> <span class='ocrx_word' id='word_1_611' title='bbox 2859 4466 2987 4534; x_wconf 75' lang='grc' dir='ltr'>μία.</span> <span class='ocrx_word' id='word_1_612' title='bbox 3060 4468 3357 4537; x_wconf 80' lang='grc' dir='ltr'>’Δναγνοὺς</span> <span class='ocrx_word' id='word_1_613' title='bbox 3402 4473 3517 4535; x_wconf 79' lang='grc' dir='ltr'>τοῖς</span> <span class='ocrx_word' id='word_1_614' title='bbox 3550 4476 3871 4543; x_wconf 83' lang='grc' dir='ltr'>πειρασταῖς</span> 
     </span>
    </p>
   </div>
   <div class='ocr_carea' id='block_1_85' title="bbox 2289 4552 3870 4633">
    <p class='ocr_par' dir='ltr' id='par_1_85' title="bbox 2289 4552 3870 4633">
     <span class='ocr_line' id='line_1_85' title="bbox 2289 4552 3870 4633; baseline 0.007 -27"><span class='ocrx_word' id='word_1_615' title='bbox 2289 4552 2351 4607; x_wconf 75' lang='grc' dir='ltr'><strong>τὸ</strong></span> <span class='ocrx_word' id='word_1_616' title='bbox 2392 4555 2537 4607; x_wconf 78' lang='grc' dir='ltr'>θετον</span> <span class='ocrx_word' id='word_1_617' title='bbox 2576 4556 2944 4627; x_wconf 83' lang='grc' dir='ltr'>πρόσταγμα,</span> <span class='ocrx_word' id='word_1_618' title='bbox 2972 4560 3337 4631; x_wconf 74' lang='grc' dir='ltr'>ἑφερμηνεύει</span> <span class='ocrx_word' id='word_1_619' title='bbox 3379 4562 3689 4626; x_wconf 77' lang='grc' dir='ltr'>λοιπὸν,ὅτι</span> <span class='ocrx_word' id='word_1_620' title='bbox 3731 4567 3870 4633; x_wconf 71' lang='grc' dir='ltr'>μετὰ</span> 
     </span>
    </p>
   </div>
   <div class='ocr_carea' id='block_1_86' title="bbox 591 4627 2197 4725">
    <p class='ocr_par' dir='ltr' id='par_1_86' title="bbox 591 4627 2182 4715">
     <span class='ocr_line' id='line_1_86' title="bbox 591 4627 2182 4715; baseline 0.007 -24"><span class='ocrx_word' id='word_1_621' title='bbox 591 4653 740 4693; x_wconf 88' lang='lat' dir='ltr'><strong>nunc</strong></span> <span class='ocrx_word' id='word_1_622' title='bbox 772 4640 915 4708; x_wconf 90' lang='lat' dir='ltr'><strong>quod</strong></span> <span class='ocrx_word' id='word_1_623' title='bbox 946 4649 1069 4709; x_wconf 86' lang='lat' dir='ltr'><strong>post</strong></span> <span class='ocrx_word' id='word_1_624' title='bbox 1110 4643 1558 4709; x_wconf 80' lang='lat' dir='ltr'><strong>conjunctionem</strong></span> <span class='ocrx_word' id='word_1_625' title='bbox 1612 4661 1781 4698; x_wconf 89' lang='lat' dir='ltr'><strong>unum</strong></span> <span class='ocrx_word' id='word_1_626' title='bbox 1818 4627 2017 4715; x_wconf 81' lang='lat' dir='ltr'><strong>corpus</strong></span> <span class='ocrx_word' id='word_1_627' title='bbox 2048 4648 2182 4702; x_wconf 84' lang='lat' dir='ltr'><strong>tiant</strong></span> 
     </span>
    </p>
   </div>
   <div class='ocr_carea' id='block_1_87' title="bbox 2300 4627 3866 4725">
    <p class='ocr_par' dir='ltr' id='par_1_87' title="bbox 2300 4646 3866 4725">
     <span class='ocr_line' id='line_1_87' title="bbox 2300 4646 3866 4725; baseline 0.008 -29"><span class='ocrx_word' id='word_1_628' title='bbox 2300 4646 2387 4712; x_wconf 74' lang='grc' dir='ltr'>τὴν</span> <span class='ocrx_word' id='word_1_629' title='bbox 2444 4647 2746 4716; x_wconf 78' lang='grc' dir='ltr'>συνάφειαν</span> <span class='ocrx_word' id='word_1_630' title='bbox 2782 4648 2841 4701; x_wconf 72' lang='grc' dir='ltr'>ἓν</span> <span class='ocrx_word' id='word_1_631' title='bbox 2898 4649 3060 4720; x_wconf 86' lang='grc' dir='ltr'>σῶμα</span> <span class='ocrx_word' id='word_1_632' title='bbox 3106 4654 3158 4705; x_wconf 87' lang='lat' dir='ltr'><strong>ol</strong></span> <span class='ocrx_word' id='word_1_633' title='bbox 3191 4653 3288 4707; x_wconf 90' lang='grc' dir='ltr'><strong>δύο</strong></span> <span class='ocrx_word' id='word_1_634' title='bbox 3343 4656 3569 4724; x_wconf 77' lang='grc' dir='ltr'>σύζυγοι</span> <span class='ocrx_word' id='word_1_635' title='bbox 3602 4659 3866 4725; x_wconf 63' lang='grc' dir='ltr'>γίνονται.</span> 
     </span>
    </p>
   </div>
   <div class='ocr_carea' id='block_1_88' title="bbox 590 4729 2181 4804">
    <p class='ocr_par' dir='ltr' id='par_1_88' title="bbox 590 4729 2181 4804">
     <span class='ocr_line' id='line_1_88' title="bbox 590 4729 2181 4804; baseline 0.007 -23"><span class='ocrx_word' id='word_1_636' title='bbox 590 4729 700 4781; x_wconf 91' lang='lat' dir='ltr'><strong>duo</strong></span> <span class='ocrx_word' id='word_1_637' title='bbox 728 4731 1016 4801; x_wconf 71' lang='lat' dir='ltr'><strong>coniuges.</strong></span> <span class='ocrx_word' id='word_1_638' title='bbox 1060 4732 1266 4787; x_wconf 82' lang='lat' dir='ltr'><strong>Deinde</strong></span> <span class='ocrx_word' id='word_1_639' title='bbox 1295 4748 1450 4787; x_wconf 88' lang='lat' dir='ltr'><strong>suam</strong></span> <span class='ocrx_word' id='word_1_640' title='bbox 1479 4749 1698 4804; x_wconf 88' lang='lat' dir='ltr'><strong>quoque</strong></span> <span class='ocrx_word' id='word_1_641' title='bbox 1724 4733 1889 4788; x_wconf 80' lang='lat' dir='ltr'><strong>infert</strong></span> <span class='ocrx_word' id='word_1_642' title='bbox 1953 4750 2181 4791; x_wconf 83' lang='lat' dir='ltr'><strong>senten-</strong></span> 
     </span>
    </p>
   </div>
   <div class='ocr_carea' id='block_1_89' title="bbox 592 4818 1089 4883">
    <p class='ocr_par' dir='ltr' id='par_1_89' title="bbox 592 4818 1089 4883">
     <span class='ocr_line' id='line_1_89' title="bbox 592 4818 1089 4883; baseline 0.01 -12"><span class='ocrx_word' id='word_1_643' title='bbox 592 4818 719 4871; x_wconf 85' lang='lat' dir='ltr'><strong>tiam</strong></span> <span class='ocrx_word' id='word_1_644' title='bbox 746 4836 761 4883; x_wconf 87' lang='lat'><strong>;</strong></span> <span class='ocrx_word' id='word_1_645' title='bbox 793 4821 867 4873; x_wconf 85' lang='lat' dir='ltr'><strong>ait</strong></span> <span class='ocrx_word' id='word_1_646' title='bbox 900 4821 1047 4876; x_wconf 85' lang='lat' dir='ltr'><strong>cnim</strong></span> <span class='ocrx_word' id='word_1_647' title='bbox 1075 4840 1089 4876; x_wconf 90' lang='lat'><strong>:</strong></span> 
     </span>
    </p>
   </div>
   <div class='ocr_carea' id='block_1_90' title="bbox 666 4906 2183 4988">
    <p class='ocr_par' dir='ltr' id='par_1_90' title="bbox 666 4906 2183 4988">
     <span class='ocr_line' id='line_1_90' title="bbox 666 4906 2183 4988; baseline 0.009 -28"><span class='ocrx_word' id='word_1_648' title='bbox 666 4906 821 4963; x_wconf 78' lang='lat' dir='ltr'><strong>Vers.</strong></span> <span class='ocrx_word' id='word_1_649' title='bbox 856 4911 909 4977; x_wconf 77' lang='grc'><strong>6.</strong></span> <span class='ocrx_word' id='word_1_650' title='bbox 945 4909 1095 4975; x_wconf 80' lang='lat' dir='ltr'><strong>Quod</strong></span> <span class='ocrx_word' id='word_1_651' title='bbox 1119 4942 1183 4953; x_wconf 91' lang='lat'><strong>—-</strong></span> <span class='ocrx_word' id='word_1_652' title='bbox 1214 4924 1446 4983; x_wconf 76' lang='lat' dir='ltr'><strong>separet.</strong></span> <span class='ocrx_word' id='word_1_653' title='bbox 1485 4915 1625 4971; x_wconf 82' lang='lat' dir='ltr'><strong>Ecce</strong></span> <span class='ocrx_word' id='word_1_654' title='bbox 1651 4916 1705 4970; x_wconf 89' lang='lat' dir='ltr'><strong>id</strong></span> <span class='ocrx_word' id='word_1_655' title='bbox 1723 4917 2014 4972; x_wconf 88' lang='lat' dir='ltr'><strong>subintulit</strong></span> <span class='ocrx_word' id='word_1_656' title='bbox 2038 4920 2183 4988; x_wconf 88' lang='lat' dir='ltr'><strong>quod</strong></span> 
     </span>
    </p>
   </div>
   <div class='ocr_carea' id='block_1_91' title="bbox 588 4999 2183 5078">
    <p class='ocr_par' dir='ltr' id='par_1_91' title="bbox 588 4999 2183 5078">
     <span class='ocr_line' id='line_1_91' title="bbox 588 4999 2183 5078; baseline 0.01 -29"><span class='ocrx_word' id='word_1_657' title='bbox 588 5012 697 5051; x_wconf 92' lang='lat' dir='ltr'><strong>non</strong></span> <span class='ocrx_word' id='word_1_658' title='bbox 734 4999 879 5061; x_wconf 87' lang='lat' dir='ltr'><strong>licet.</strong></span> <span class='ocrx_word' id='word_1_659' title='bbox 912 5001 1106 5057; x_wconf 87' lang='lat' dir='ltr'><strong>blande</strong></span> <span class='ocrx_word' id='word_1_660' title='bbox 1153 5006 1372 5075; x_wconf 83' lang='lat' dir='ltr'><strong>quidem</strong></span> <span class='ocrx_word' id='word_1_661' title='bbox 1433 5012 1702 5077; x_wconf 82' lang='lat' dir='ltr'><strong>modoque</strong></span> <span class='ocrx_word' id='word_1_662' title='bbox 1726 5009 2091 5078; x_wconf 71' lang='lat' dir='ltr'><strong>persuasibili,</strong></span> <span class='ocrx_word' id='word_1_663' title='bbox 2128 5022 2183 5067; x_wconf 87' lang='lat' dir='ltr'><strong>ut</strong></span> 
     </span>
    </p>
   </div>
   <div class='ocr_carea' id='block_1_92' title="bbox 585 5091 2169 5170">
    <p class='ocr_par' dir='ltr' id='par_1_92' title="bbox 585 5091 2169 5170">
     <span class='ocr_line' id='line_1_92' title="bbox 585 5091 2169 5170; baseline 0.008 -27"><span class='ocrx_word' id='word_1_664' title='bbox 585 5091 846 5156; x_wconf 77' lang='lat' dir='ltr'><strong>diximus,</strong></span> <span class='ocrx_word' id='word_1_665' title='bbox 877 5096 1173 5152; x_wconf 85' lang='lat' dir='ltr'><strong>ostendens</strong></span> <span class='ocrx_word' id='word_1_666' title='bbox 1204 5108 1400 5167; x_wconf 69' lang='lat' dir='ltr'><strong>praeter</strong></span> <span class='ocrx_word' id='word_1_667' title='bbox 1433 5108 1685 5154; x_wconf 86' lang='lat' dir='ltr'><strong>naturam</strong></span> <span class='ocrx_word' id='word_1_668' title='bbox 1732 5115 1797 5154; x_wconf 85' lang='lat' dir='ltr'><strong>ac</strong></span> <span class='ocrx_word' id='word_1_669' title='bbox 1848 5110 2043 5170; x_wconf 67' lang='lat' dir='ltr'><strong>praeter</strong></span> <span class='ocrx_word' id='word_1_670' title='bbox 2089 5103 2169 5155; x_wconf 82' lang='lat' dir='ltr'><strong>le-</strong></span> 
     </span>
    </p>
   </div>
   <div class='ocr_carea' id='block_1_93' title="bbox 586 5184 2170 5259">
    <p class='ocr_par' dir='ltr' id='par_1_93' title="bbox 586 5184 2170 5259">
     <span class='ocr_line' id='line_1_93' title="bbox 586 5184 2170 5259; baseline 0.007 -24"><span class='ocrx_word' id='word_1_671' title='bbox 586 5198 706 5253; x_wconf 72' lang='lat' dir='ltr'><strong>gem</strong></span> <span class='ocrx_word' id='word_1_672' title='bbox 738 5197 859 5237; x_wconf 87' lang='lat' dir='ltr'><strong>esse</strong></span> <span class='ocrx_word' id='word_1_673' title='bbox 889 5184 1184 5241; x_wconf 85' lang='lat' dir='ltr'><strong>divortium</strong></span> <span class='ocrx_word' id='word_1_674' title='bbox 1213 5203 1229 5240; x_wconf 89' lang='lat'><strong>:</strong></span> <span class='ocrx_word' id='word_1_675' title='bbox 1260 5200 1456 5257; x_wconf 61' lang='lat' dir='ltr'><strong>preter</strong></span> <span class='ocrx_word' id='word_1_676' title='bbox 1489 5201 1739 5244; x_wconf 84' lang='lat' dir='ltr'><strong>naturam</strong></span> <span class='ocrx_word' id='word_1_677' title='bbox 1770 5192 2013 5259; x_wconf 90' lang='lat' dir='ltr'><strong>quidem,</strong></span> <span class='ocrx_word' id='word_1_678' title='bbox 2046 5209 2170 5246; x_wconf 85' lang='lat' dir='ltr'><strong>nam</strong></span> 
     </span>
    </p>
   </div>
   <div class='ocr_carea' id='block_1_94' title="bbox 589 5275 2171 5352">
    <p class='ocr_par' dir='ltr' id='par_1_94' title="bbox 589 5275 2171 5352">
     <span class='ocr_line' id='line_1_94' title="bbox 589 5275 2171 5352; baseline 0.008 -28"><span class='ocrx_word' id='word_1_679' title='bbox 589 5288 695 5325; x_wconf 86' lang='lat' dir='ltr'><strong>una</strong></span> <span class='ocrx_word' id='word_1_680' title='bbox 724 5290 850 5328; x_wconf 88' lang='lat' dir='ltr'><strong>caro</strong></span> <span class='ocrx_word' id='word_1_681' title='bbox 883 5275 1163 5343; x_wconf 86' lang='lat' dir='ltr'><strong>dividitur;</strong></span> <span class='ocrx_word' id='word_1_682' title='bbox 1206 5288 1403 5348; x_wconf 71' lang='lat' dir='ltr'><strong>praeter</strong></span> <span class='ocrx_word' id='word_1_683' title='bbox 1440 5281 1611 5352; x_wconf 78' lang='lat' dir='ltr'><strong>legem</strong></span> <span class='ocrx_word' id='word_1_684' title='bbox 1657 5296 1806 5349; x_wconf 87' lang='lat' dir='ltr'><strong>vero,</strong></span> <span class='ocrx_word' id='word_1_685' title='bbox 1840 5297 1961 5335; x_wconf 88' lang='lat' dir='ltr'><strong>cum</strong></span> <span class='ocrx_word' id='word_1_686' title='bbox 2025 5285 2171 5338; x_wconf 86' lang='lat' dir='ltr'><strong>enim</strong></span> 
     </span>
    </p>
   </div>
   <div class='ocr_carea' id='block_1_95' title="bbox 591 5367 1817 5442">
    <p class='ocr_par' dir='ltr' id='par_1_95' title="bbox 591 5367 1817 5442">
     <span class='ocr_line' id='line_1_95' title="bbox 591 5367 1817 5442; baseline 0.01 -24"><span class='ocrx_word' id='word_1_687' title='bbox 591 5367 736 5421; x_wconf 84' lang='lat' dir='ltr'><strong>Deus</strong></span> <span class='ocrx_word' id='word_1_688' title='bbox 772 5383 937 5422; x_wconf 87' lang='lat' dir='ltr'><strong>unum</strong></span> <span class='ocrx_word' id='word_1_689' title='bbox 970 5385 1092 5426; x_wconf 85' lang='lat' dir='ltr'><strong>esse</strong></span> <span class='ocrx_word' id='word_1_690' title='bbox 1127 5374 1375 5442; x_wconf 85' lang='lat' dir='ltr'><strong>jusserit.</strong></span> <span class='ocrx_word' id='word_1_691' title='bbox 1412 5375 1817 5430; x_wconf 72' lang='lat' dir='ltr'><strong>distrahuntur.</strong></span> 
     </span>
    </p>
   </div>
   <div class='ocr_carea' id='block_1_96' title="bbox 666 5458 2173 5538">
    <p class='ocr_par' dir='ltr' id='par_1_96' title="bbox 666 5458 2173 5538">
     <span class='ocr_line' id='line_1_96' title="bbox 666 5458 2173 5538; baseline 0.01 -28"><span class='ocrx_word' id='word_1_692' title='bbox 666 5458 818 5512; x_wconf 68' lang='lat' dir='ltr'><strong>Vera.</strong></span> <span class='ocrx_word' id='word_1_693' title='bbox 855 5460 906 5513; x_wconf 86' lang='lat'><strong>7.</strong></span> <span class='ocrx_word' id='word_1_694' title='bbox 939 5461 1216 5517; x_wconf 78' lang='lat' dir='ltr'><strong>Dicant—</strong></span> <span class='ocrx_word' id='word_1_695' title='bbox 1245 5483 1361 5519; x_wconf 75' lang='lat' dir='ltr'><strong>eam</strong></span> <span class='ocrx_word' id='word_1_696' title='bbox 1391 5468 1416 5522; x_wconf 74' lang='grc'><strong><em>2</em></strong></span> <span class='ocrx_word' id='word_1_697' title='bbox 1448 5466 1611 5533; x_wconf 84' lang='lat' dir='ltr'><strong>Quid,</strong></span> <span class='ocrx_word' id='word_1_698' title='bbox 1645 5467 1697 5521; x_wconf 90' lang='lat' dir='ltr'><strong>id</strong></span> <span class='ocrx_word' id='word_1_699' title='bbox 1737 5477 1841 5533; x_wconf 86' lang='lat' dir='ltr'><strong>est,</strong></span> <span class='ocrx_word' id='word_1_700' title='bbox 1875 5484 2045 5538; x_wconf 86' lang='lat' dir='ltr'><strong>quare</strong></span> <span class='ocrx_word' id='word_1_701' title='bbox 2087 5469 2173 5525; x_wconf 79' lang='lat' dir='ltr'><strong>vel</strong></span> 
     </span>
    </p>
   </div>
   <div class='ocr_carea' id='block_1_97' title="bbox 2288 4734 3871 4821">
    <p class='ocr_par' dir='ltr' id='par_1_97' title="bbox 2288 4734 3871 4821">
     <span class='ocr_line' id='line_1_97' title="bbox 2288 4734 3871 4821; baseline 0.005 -30"><span class='ocrx_word' id='word_1_702' title='bbox 2288 4734 2424 4792; x_wconf 81' lang='grc' dir='ltr'>Εἶτα</span> <span class='ocrx_word' id='word_1_703' title='bbox 2483 4742 2742 4812; x_wconf 74' lang='grc' dir='ltr'>επιφέρει</span> <span class='ocrx_word' id='word_1_704' title='bbox 2812 4744 2908 4795; x_wconf 73' lang='grc' dir='ltr'><strong>καὶ</strong></span> <span class='ocrx_word' id='word_1_705' title='bbox 2963 4743 3064 4815; x_wconf 77' lang='grc' dir='ltr'>τὴν</span> <span class='ocrx_word' id='word_1_706' title='bbox 3126 4746 3323 4799; x_wconf 72' lang='grc' dir='ltr'>ἑαυτοῦ</span> <span class='ocrx_word' id='word_1_707' title='bbox 3382 4750 3632 4821; x_wconf 83' lang='grc' dir='ltr'>γνώμην.</span> <span class='ocrx_word' id='word_1_708' title='bbox 3702 4749 3871 4814; x_wconf 81' lang='grc' dir='ltr'>Λέγει</span> 
     </span>
    </p>
   </div>
   <div class='ocr_carea' id='block_1_98' title="bbox 2288 4832 2416 4901">
    <p class='ocr_par' dir='ltr' id='par_1_98' title="bbox 2288 4832 2416 4901">
     <span class='ocr_line' id='line_1_98' title="bbox 2288 4832 2416 4901; baseline 0.023 -3"><span class='ocrx_word' id='word_1_709' title='bbox 2288 4832 2416 4901; x_wconf 83' lang='grc' dir='ltr'>γάρ·</span> 
     </span>
    </p>
   </div>
   <div class='ocr_carea' id='block_1_99' title="bbox 2365 4924 3870 5003">
    <p class='ocr_par' dir='ltr' id='par_1_99' title="bbox 2365 4924 3870 5003">
     <span class='ocr_line' id='line_1_99' title="bbox 2365 4924 3870 5003; baseline 0.008 -29"><span class='ocrx_word' id='word_1_710' title='bbox 2365 4924 2427 4974; x_wconf 86' lang='grc'><strong>⁸0</strong></span> <span class='ocrx_word' id='word_1_711' title='bbox 2452 4954 2518 4964; x_wconf 85' lang='lat'><strong>--</strong></span> <span class='ocrx_word' id='word_1_712' title='bbox 2549 4926 2854 4993; x_wconf 63' lang='grc' dir='ltr'>χωριζᾏτω.</span> <span class='ocrx_word' id='word_1_713' title='bbox 2896 4928 3027 4982; x_wconf 82' lang='grc' dir='ltr'>Ἰδοὺ</span> <span class='ocrx_word' id='word_1_714' title='bbox 3070 4931 3131 4984; x_wconf 82' lang='grc' dir='ltr'>τὸ</span> <span class='ocrx_word' id='word_1_715' title='bbox 3173 4932 3289 4986; x_wconf 75' lang='grc' dir='ltr'><strong>Οὐκ</strong></span> <span class='ocrx_word' id='word_1_716' title='bbox 3338 4932 3519 4998; x_wconf 73' lang='grc' dir='ltr'>ἔξεστι</span> <span class='ocrx_word' id='word_1_717' title='bbox 3569 4934 3870 5003; x_wconf 67' lang='grc' dir='ltr'>συνεπέραι</span> 
     </span>
    </p>
   </div>
   <div class='ocr_carea' id='block_1_100' title="bbox 2290 5016 3855 5097">
    <p class='ocr_par' dir='ltr' id='par_1_100' title="bbox 2290 5016 3855 5097">
     <span class='ocr_line' id='line_1_100' title="bbox 2290 5016 3855 5097; baseline 0.007 -32"><span class='ocrx_word' id='word_1_718' title='bbox 2290 5029 2401 5077; x_wconf 88' lang='grc' dir='ltr'>νεν,</span> <span class='ocrx_word' id='word_1_719' title='bbox 2443 5016 2666 5083; x_wconf 79' lang='grc' dir='ltr'>ὁμαλῶς</span> <span class='ocrx_word' id='word_1_720' title='bbox 2722 5035 2778 5071; x_wconf 84' lang='grc' dir='ltr'><strong>τε</strong></span> <span class='ocrx_word' id='word_1_721' title='bbox 2813 5020 2911 5073; x_wconf 70' lang='grc' dir='ltr'><strong>καὶ</strong></span> <span class='ocrx_word' id='word_1_722' title='bbox 2946 5021 3214 5089; x_wconf 84' lang='grc' dir='ltr'>πιθανῶς,</span> <span class='ocrx_word' id='word_1_723' title='bbox 3258 5026 3337 5087; x_wconf 84' lang='grc' dir='ltr'>ὡς</span> <span class='ocrx_word' id='word_1_724' title='bbox 3387 5028 3711 5097; x_wconf 72' lang='grc' dir='ltr'>εἰρήκαμεν,</span> <span class='ocrx_word' id='word_1_725' title='bbox 3738 5026 3855 5077; x_wconf 77' lang='grc' dir='ltr'>δει-</span> 
     </span>
    </p>
   </div>
   <div class='ocr_carea' id='block_1_101' title="bbox 2282 5104 3861 5187">
    <p class='ocr_par' dir='ltr' id='par_1_101' title="bbox 2282 5104 3861 5187">
     <span class='ocr_line' id='line_1_101' title="bbox 2282 5104 3861 5187; baseline 0.007 -30"><span class='ocrx_word' id='word_1_726' title='bbox 2282 5104 2462 5158; x_wconf 88' lang='grc' dir='ltr'>κνύων</span> <span class='ocrx_word' id='word_1_727' title='bbox 2484 5148 2498 5171; x_wconf 92' lang='grc'>,</span> <span class='ocrx_word' id='word_1_728' title='bbox 2533 5108 2613 5160; x_wconf 75' lang='grc' dir='ltr'>ὅτι</span> <span class='ocrx_word' id='word_1_729' title='bbox 2650 5109 2799 5178; x_wconf 81' lang='grc' dir='ltr'>παρὰ</span> <span class='ocrx_word' id='word_1_730' title='bbox 2834 5110 2998 5178; x_wconf 74' lang='grc' dir='ltr'>φύσιν</span> <span class='ocrx_word' id='word_1_731' title='bbox 3033 5115 3128 5165; x_wconf 79' lang='grc' dir='ltr'><strong>καὶ</strong></span> <span class='ocrx_word' id='word_1_732' title='bbox 3159 5117 3313 5185; x_wconf 74' lang='grc' dir='ltr'>παρὰ</span> <span class='ocrx_word' id='word_1_733' title='bbox 3345 5117 3512 5187; x_wconf 87' lang='grc' dir='ltr'>νόμον</span> <span class='ocrx_word' id='word_1_734' title='bbox 3543 5118 3602 5171; x_wconf 83' lang='grc' dir='ltr'>τὸ</span> <span class='ocrx_word' id='word_1_735' title='bbox 3630 5117 3820 5169; x_wconf 77' lang='grc' dir='ltr'>διελεῖν</span> <span class='ocrx_word' id='word_1_736' title='bbox 3849 5133 3861 5146; x_wconf 94' lang='grc'><strong>·</strong></span> 
     </span>
    </p>
   </div>
   <div class='ocr_carea' id='block_1_102' title="bbox 2284 5198 3862 5281">
    <p class='ocr_par' dir='ltr' id='par_1_102' title="bbox 2284 5198 3862 5281">
     <span class='ocr_line' id='line_1_102' title="bbox 2284 5198 3862 5281; baseline 0.008 -33"><span class='ocrx_word' id='word_1_737' title='bbox 2284 5198 2437 5267; x_wconf 78' lang='grc' dir='ltr'>παρὰ</span> <span class='ocrx_word' id='word_1_738' title='bbox 2471 5199 2633 5266; x_wconf 76' lang='grc' dir='ltr'>φύσιν</span> <span class='ocrx_word' id='word_1_739' title='bbox 2670 5202 2791 5267; x_wconf 70' lang='grc' dir='ltr'>μὲν,</span> <span class='ocrx_word' id='word_1_740' title='bbox 2828 5204 2911 5255; x_wconf 87' lang='grc' dir='ltr'>ὃτι</span> <span class='ocrx_word' id='word_1_741' title='bbox 2973 5205 3072 5273; x_wconf 86' lang='grc' dir='ltr'><strong>μία</strong></span> <span class='ocrx_word' id='word_1_742' title='bbox 3118 5207 3468 5278; x_wconf 77' lang='grc' dir='ltr'>διατέμνεται</span> <span class='ocrx_word' id='word_1_743' title='bbox 3518 5211 3671 5281; x_wconf 81' lang='grc' dir='ltr'><strong>σὰρξ’</strong></span> <span class='ocrx_word' id='word_1_744' title='bbox 3708 5212 3862 5276; x_wconf 71' lang='grc' dir='ltr'>παρᾶ</span> 
     </span>
    </p>
   </div>
   <div class='ocr_carea' id='block_1_103' title="bbox 2283 5290 3865 5366">
    <p class='ocr_par' dir='ltr' id='par_1_103' title="bbox 2283 5290 3865 5366">
     <span class='ocr_line' id='line_1_103' title="bbox 2283 5290 3865 5366; baseline 0.017 -27"><span class='ocrx_word' id='word_1_745' title='bbox 2283 5290 2447 5357; x_wconf 78' lang='grc' dir='ltr'>νόμον</span> <span class='ocrx_word' id='word_1_746' title='bbox 2477 5291 2565 5358; x_wconf 69' lang='grc' dir='ltr'><strong>δὲ,</strong></span> <span class='ocrx_word' id='word_1_747' title='bbox 2600 5292 2716 5355; x_wconf 87' lang='grc' dir='ltr'>ὅτι,</span> <span class='ocrx_word' id='word_1_748' title='bbox 2755 5294 2847 5347; x_wconf 84' lang='grc' dir='ltr'><strong>τοῦ</strong></span> <span class='ocrx_word' id='word_1_749' title='bbox 2885 5296 3021 5351; x_wconf 83' lang='grc' dir='ltr'>Θεοῦ</span> <span class='ocrx_word' id='word_1_750' title='bbox 3055 5299 3416 5366; x_wconf 79' lang='grc' dir='ltr'>κελεύσαντος</span> <span class='ocrx_word' id='word_1_751' title='bbox 3453 5302 3512 5355; x_wconf 74' lang='grc' dir='ltr'>ἓν</span> <span class='ocrx_word' id='word_1_752' title='bbox 3543 5301 3711 5363; x_wconf 71' lang='grc' dir='ltr'>εἶναι.</span> <span class='ocrx_word' id='word_1_753' title='bbox 3739 5301 3865 5353; x_wconf 65' lang='grc' dir='ltr'><strong>δια·</strong></span> 
     </span>
    </p>
   </div>
   <div class='ocr_carea' id='block_1_104' title="bbox 2284 5394 2551 5435">
    <p class='ocr_par' dir='ltr' id='par_1_104' title="bbox 2284 5394 2551 5435">
     <span class='ocr_line' id='line_1_104' title="bbox 2284 5394 2551 5435; baseline 0.022 -6"><span class='ocrx_word' id='word_1_754' title='bbox 2284 5394 2551 5435; x_wconf 79' lang='grc' dir='ltr'>σπωνται.</span> 
     </span>
    </p>
   </div>
   <div class='ocr_carea' id='block_1_105' title="bbox 2352 5472 3863 5556">
    <p class='ocr_par' dir='ltr' id='par_1_105' title="bbox 2352 5472 3863 5556">
     <span class='ocr_line' id='line_1_105' title="bbox 2352 5472 3863 5556; baseline 0.006 -28"><span class='ocrx_word' id='word_1_755' title='bbox 2352 5472 2986 5549; x_wconf 72' lang='grc' dir='ltr'><strong>Λέγουσιν-αὑτήνς</strong></span> <span class='ocrx_word' id='word_1_756' title='bbox 3034 5482 3116 5549; x_wconf 84' lang='lat' dir='ltr'><strong>Tl,</strong></span> <span class='ocrx_word' id='word_1_757' title='bbox 3158 5482 3281 5538; x_wconf 75' lang='grc' dir='ltr'>ἀντὶ</span> <span class='ocrx_word' id='word_1_758' title='bbox 3326 5483 3444 5551; x_wconf 87' lang='grc' dir='ltr'>τοῦ,</span> <span class='ocrx_word' id='word_1_759' title='bbox 3490 5484 3652 5551; x_wconf 79' lang='grc' dir='ltr'>διατι,</span> <span class='ocrx_word' id='word_1_760' title='bbox 3686 5485 3863 5556; x_wconf 77' lang='grc' dir='ltr'>ἢὰντὶ</span> 
     </span>
    </p>
   </div>
   <div class='ocr_carea' id='block_1_106' title="bbox 1797 5666 2652 5733">
    <p class='ocr_par' dir='ltr' id='par_1_106' title="bbox 1797 5666 2652 5733">
     <span class='ocr_line' id='line_1_106' title="bbox 1797 5666 2652 5733; baseline 0.002 -5"><span class='ocrx_word' id='word_1_761' title='bbox 1797 5666 1991 5730; x_wconf 67' lang='lat' dir='ltr'><strong>Variis</strong></span> <span class='ocrx_word' id='word_1_762' title='bbox 2023 5666 2333 5733; x_wconf 75' lang='lat' dir='ltr'><strong>lectiones</strong></span> <span class='ocrx_word' id='word_1_763' title='bbox 2376 5676 2435 5732; x_wconf 87' lang='lat' dir='ltr'><strong>et</strong></span> <span class='ocrx_word' id='word_1_764' title='bbox 2466 5679 2652 5733; x_wconf 75' lang='lat' dir='ltr'><strong>noue.</strong></span> 
     </span>
    </p>
   </div>
   <div class='ocr_carea' id='block_1_107' title="bbox 658 5779 1485 5849">
    <p class='ocr_par' dir='ltr' id='par_1_107' title="bbox 658 5779 1485 5849">
     <span class='ocr_line' id='line_1_107' title="bbox 658 5779 1485 5849; baseline 0.01 -18"><span class='ocrx_word' id='word_1_765' title='bbox 658 5779 771 5849; x_wconf 78' lang='lat'><strong>(86)</strong></span> <span class='ocrx_word' id='word_1_766' title='bbox 808 5782 1137 5839; x_wconf 73' lang='lat' dir='ltr'><strong>E\cidcrunt</strong></span> <span class='ocrx_word' id='word_1_767' title='bbox 1175 5786 1384 5838; x_wconf 69' lang='lat' dir='ltr'><strong>inclusa</strong></span> <span class='ocrx_word' id='word_1_768' title='bbox 1424 5789 1485 5841; x_wconf 71' lang='grc' dir='ltr'>Α.</span> 
     </span>
    </p>
   </div>
  </div>
