4086 6392
647 377 750 442 519

711 486 868 542 Vers.
901 487 984 542 Η.
1016 485 1114 540 ηις
1141 514 1206 526 -μ
1229 483 1386 552 hujus
1403 484 1546 537 dicti.
1573 483 1692 538 Non
1717 498 1907 538 omnes
1930 483 2240 553 suscipiunt
2269 490 2312 542 Α

641 579 791 636 hunc
846 592 1150 631 sermonem
1184 575 1251 628 de
1302 591 1411 628 non
1447 574 1826 630 contrahendo
1849 574 2234 639 mairimonio;

641 691 754 729 non
785 686 978 726 omnes
1016 671 1220 722 ferunt.
1263 667 1456 735 Magna
1511 668 1657 721 enim
1693 683 1778 722 res
1810 678 1893 722 est
1924 668 2232 732 cmlihatus,

643 780 744 818 nec
774 763 840 816 ab
867 759 1124 814 omnibus
1152 758 1285 812 ferri
1311 767 1508 827 potest.

714 851 871 903 Vers.
922 848 1002 902 Η.
1040 847 1146 902 Sed
1171 848 1356 916 quibus
1387 849 1568 898 datum
1607 856 1704 899 est.
1759 845 1868 899 Soli
1912 844 1988 898 illi
2020 858 2232 898 sermo-

641 958 767 996 nem
812 943 958 994 hunc
995 941 1303 1008 suscipiunt
1354 949 1408 992 et
1441 942 1646 1001 lerunt,
1691 938 1890 1006 quibus
1917 936 2100 990 datum
2150 945 2234 990 est

639 1037 739 1086 hoe
781 1033 984 1086 donum
1016 1047 1044 1084 a
1077 1030 1218 1095 Deo;
1253 1031 1438 1084 datum
1466 1041 1550 1083 est
1578 1038 1759 1082 autem
1795 1029 1878 1083 his
1905 1030 1994 1098 qui
2027 1031 2232 1095 petive-

638 1134 784 1176 tnnt.
827 1123 992 1176 Petita
1019 1124 1187 1187 enim,
1218 1123 1312 1186 ait,
1343 1132 1392 1174 et
1431 1121 1648 1172 dabitur
1678 1121 1816 1174 vobis
1851 1122 1895 1151 ⁸⁵
1925 1138 1938 1180 ;
1991 1120 2231 1190 petenti-

637 1212 760 1277 bus,
823 1213 1066 1280 inquam,
1125 1229 1234 1265 non
1279 1211 1621 1280 simpliciter,
1683 1210 1776 1264 sed
1835 1211 2116 1264 ferventer
2175 1219 2231 1263 et

636 1315 1092 1371 perseveranter:
1122 1312 1208 1367 et,
1251 1313 1309 1355 ut
1365 1303 1531 1355 semel
1578 1303 1779 1367 dicam,
1813 1312 1955 1356 sicut
1993 1312 2227 1370 Oportet.

635 1395 1010 1464 Signiﬁcatum
1045 1405 1126 1450 est
1149 1411 1280 1466 ergo
1307 1395 1677 1466 virginitatem
1728 1395 1820 1448 Dei
1846 1394 2049 1448 donum
2084 1407 2228 1455 esse.

636 1491 817 1542 datum
861 1490 944 1542 his
984 1490 1074 1559 qui
1108 1499 1323 1560 petunt,
1371 1501 1424 1543 ut
1462 1499 1694 1560 Oportet.

710 1582 866 1638 Vers.
905 1582 992 1636 i2.
1025 1579 1158 1636 Sunt
1194 1612 1261 1621 -
1285 1583 1559 1635 caelorum.
1613 1580 1750 1647 Quia
1773 1580 1839 1634 dc
1873 1578 2120 1634 caelibatu
2147 1577 2229 1631 in-

634 1671 769 1726 cidit
798 1688 1001 1736 sermo,
1036 1673 1193 1727 docet
1230 1688 1375 1726 nunc
1405 1673 1474 1726 de
1511 1671 1761 1740 innuptis
1795 1688 1808 1735 ;
1865 1680 1920 1724 et
1952 1669 2052 1722 tria
2087 1683 2226 1722 enu-

635 1773 809 1815 merat
834 1778 1036 1834 genera
1054 1762 1456 1826 cunuchorum,
1487 1777 1718 1830 quorum
1758 1761 1994 1829 primum
2021 1757 2224 1811 nullam

635 1851 871 1904 sustinet
911 1852 1266 1914 calumniam,
1301 1850 1604 1904 secundum
1632 1859 1814 1902 autem
1856 1849 2223 1917 vituperatur,

632 1940 852 1995 tertium
911 1956 1040 1995 vero
1080 1941 1348 1995 laudabile
1397 1951 1480 1994 est
1514 1957 1527 1994 :
1561 1956 1749 1995 eorum
1827 1939 2081 1993 videlicet
2133 1938 2224 2007 qui

629 2033 844 2102 seipsos
902 2045 1309 2096 eastraverunt,
1361 2045 1418 2089 ut
1447 2051 1675 2103 regnum
1710 2033 1974 2088 cwlorum
2019 2047 2223 2086 conse-

628 2131 950 2189 querentur,
985 2135 1094 2174 non
1127 2120 1389 2175 novacula
1445 2121 1622 2175 ferrea
1677 2131 1999 2175 exsecantes
2019 2120 2226 2189 genita-

630 2212 730 2265 lia.
769 2214 863 2266 sed
905 2213 1244 2267 continentia
1291 2214 1562 2268 insaniam
1595 2213 2056 2282 concupiscentiae
2107 2226 2226 2264 am-

631 2314 914 2371 putantes,
973 2315 1027 2358 et
1088 2319 1274 2358 amore
1347 2305 1696 2374 virginitatis,
1745 2305 1922 2359 coitus
1982 2317 2222 2356 amorem

625 2404 997 2444 emarcescere
1031 2390 1298 2443 sitientes.
1342 2390 1589 2454 Quorum
1630 2390 1776 2444 enim
1825 2400 2073 2443 naturam
2106 2404 2222 2442 ma-

627 2495 732 2533 nns
769 2478 1005 2532 humana
1047 2479 1472 2543 transformavit,
1520 2479 1832 2549 ferrumque
1881 2480 2218 2548 depravavit,

626 2581 736 2618 non
802 2575 1012 2618 tantum
1045 2565 1115 2619 ob
1149 2576 1420 2618 servatam
1479 2565 1851 2636 virginitatem
1900 2565 2220 2630 laudantur,

624 2664 888 2723 quantum
925 2655 977 2708 hi
1013 2656 1108 2724 qui
1140 2656 1308 2710 veluti
1360 2656 1604 2710 libidinis
1646 2658 1906 2718 accusati,
1958 2657 2221 2710 ultionem

622 2756 989 2816 susceperunt
1028 2749 1202 2814 (mm),
1249 2763 1371 2816 quae
1422 2748 1477 2800 id
1523 2751 1688 2802 etiam
1742 2750 1945 2812 vincat,
2003 2749 2145 2817 quod
2189 2761 2219 2800 a

623 2839 770 2892 ferro
797 2849 881 2892 est
908 2839 1194 2892 auxilium.

690 2948 727 3016 1-
759 2948 1050 3020 Gregorius
1075 2950 1384 3022 Theologus
1420 2969 1431 3003 ;
1468 2951 1534 3006 lli
1570 2953 1791 3023 quidem
1829 2965 2022 3009 natura
2056 2955 2217 3010 incli-

621 3051 822 3092 nantur
861 3041 927 3094 ad
953 3042 1181 3095 bonum.
1237 3042 1372 3097 Cum
1410 3055 1593 3098 autem
1629 3046 1751 3100 dico
1783 3056 2054 3111 naturam,
2106 3065 2212 3102 nun

1915 376 2301 438 EUTHYMII
2342 376 2705 436 ZIGABENI

2259 1821 2300 1875 Β

2425 483 2489 534 '0
2519 512 2589 522 —
2616 482 2722 534 τὸν
2753 483 2944 549 λόγον
2965 479 3203 535 τοῦτον.
3235 482 3309 536 Ού
3344 483 3548 544 πάντες
3596 484 3888 554 παραδέχονο

2341 590 2431 626 ται
2461 573 2553 625 τὸν
2609 573 2768 640 λόγον
2807 572 3018 636 τοῦτον,
3067 573 3160 626 τὸν
3209 573 3341 644 περὶ
3381 573 3478 627 τοῦ
3528 574 3604 644 μὴ
3632 576 3815 643 γῆμαι,
3845 579 3886 628 οὗ

2341 666 2544 728 πάντες
2571 663 2928 733 βαστάζουσι.
2958 664 3119 731 Μέγα
3141 665 3250 734 γὰρ
3279 667 3313 735 ἡ
3336 666 3573 736 άγαμία,
3614 667 3708 720 καὶ
3729 668 3891 734 ἑλίγοις

2339 759 2600 827 φορητόν.
4013 743 4016 766 ³

2423 849 2586 902 Ἀλλ’
2609 843 2701 912 οἷς
2722 845 2982 900 δέδοται.
3027 845 3257 900 Ἐκεῖνοι
3310 847 3460 918 μόνοι
3491 849 3584 900 τὸν
3625 850 3772 912 λόγον
3806 851 3893 902 τοῦ-

2337 955 2430 990 τον
2453 937 2854 1008 παραδέχονται
2886 937 2978 990 καὶ
3013 935 3402 1006 βαστάζουσιν,
3430 933 3513 999 οἷς
3543 937 3893 992 δέδοταιτοῦτο

2336 1033 2397 1074 το
2429 1034 2601 1096 οωρον
2631 1025 2782 1096 παρὰ
2815 1025 2950 1078 Θεοῦ
2976 1041 2988 1054 ·
3019 1025 3231 1078 δέδοται
3265 1025 3323 1078 δὲ
3360 1028 3677 1095 αἰτήσασιν.
3699 1028 3890 1082 Αἰτεῖτε

2336 1116 2444 1183 γάρ
2468 1154 2480 1176 ο
2517 1115 2652 1183 φησι
2675 1156 2688 1179 ν
2722 1115 2820 1168 καὶ
2857 1113 3181 1178 δοθήσεται
3219 1114 3362 1183 ὑμῖν
3388 1132 3400 1143 ’
3435 1117 3696 1185 αἰτήσασι
3731 1118 3784 1170 δέ
3821 1119 3892 1184 οὐχ

2335 1205 2544 1268 ἁπλῶς,
2580 1204 2715 1257 ἀλλὰ
2750 1205 2969 1274 θερμῶς
3013 1208 3104 1257 καὶ
3138 1205 3440 1272 ἐπιμόνως,
3474 1207 3571 1258 καὶ
3633 1207 3810 1270 απλῶς
3835 1210 3891 1257 εί·

2335 1312 2482 1357 πειν,
2548 1313 2624 1360 ως
2680 1298 2806 1366 χρή.
2861 1297 3179 1365 Σημείωσαι
3243 1297 3321 1360 δὲ,
3376 1299 3458 1351 δτι
3505 1296 3642 1350 Θεοῦ
3689 1299 3889 1367 δῶρονὴ

2333 1384 2626 1454 παρθενία,
2674 1385 2930 1456 διδομένη
2960 1387 3071 1448 τοῖς
3101 1385 3368 1450 αίτοῦσιν,
3405 1385 3481 1449 ὡς
3515 1387 3642 1457 χρή.

2403 1568 2537 1621 Είσὶ
2581 1598 2651 1609 -
2692 1568 2990 1636 οὐρανῶν.
3041 1569 3263 1640 Ἐπειδὴ
3323 1569 3455 1639 περὶ
3527 1569 3768 1639 άγαμίας
3825 1572 3889 1622 ἐν·

2331 1661 2498 1714 έπεσε
2529 1661 2686 1728 λόγος
2719 1661 2855 1731 (91),
2891 1660 3132 1714 διδάσκει
3158 1661 3344 1714 λοιπὸν
3373 1662 3504 1732 περὶ
3535 1663 3642 1715 τῶν
3669 1664 3888 1732 ἀγάμων,

2331 1755 2425 1806 καὶ
2488 1753 2882 1825 άπαριθμεῖται
2929 1754 3056 1823 τρία
3109 1754 3226 1825 εἴδη
3275 1755 3382 1808 τῶν
3417 1755 3710 1826 εὐνούχων,
3747 1774 3813 1809 ων
3838 1757 3883 1808 vi

2333 1845 2552 1914 πρῶτον
2601 1846 2699 1915 μέν
2747 1845 3071 1916 ἀδιάϐλητὸν
3118 1848 3236 1899 ἐστι
3285 1849 3346 1900 τὸ
3394 1847 3654 1919 δεύτερον
3697 1849 3748 1902 δὲ
3794 1849 3889 1901 δια-

2331 1936 2669 2005 ϐεϐλημένον
2693 1953 2706 1966 ·
2738 1937 2800 1990 τὺ
2830 1938 2886 1990 δέ
2919 1939 3106 2009 τρίτον
3139 1942 3430 1994 ἐπαινετὸν
3453 1984 3468 2006 ,
3502 1943 3702 2007 οἵτινες
3733 1943 3888 1995 εύνούο

2330 2045 2489 2096 χισαν
2522 2029 2771 2092 ἑαυτοὺς,
2803 2030 2888 2081 ἵνα
2921 2029 3131 2100 τύχωσι
3172 2032 3272 2101 τῆς
3303 2031 3587 2102 βασιλείας
3619 2035 3723 2086 τῶν
3748 2036 3889 2104 οὖρα·

2329 2120 2461 2185 νῶν,
2479 2120 2539 2172 ού
2562 2120 2707 2191 ξυρῷ
2725 2121 2946 2191 σιδήρου
2969 2122 3036 2173 τὰ
3061 2123 3358 2190 παιδογόνα
3381 2125 3548 2195 μόρια
3570 2126 3888 2194 ἐκτεμόντες.

2333 2212 2469 2266 ἀλλὰ
2505 2213 2655 2282 ξυρῷ
2686 2213 3045 2283 σωφροσύνης
3084 2215 3178 2266 τὸν
3208 2211 3426 2286 οἶστρον
3463 2218 3564 2287 τῆς
3621 2218 3891 2287 ἐπιθυμίας

2328 2306 2728 2374 ἀποκάᾷαντες,
2775 2308 2868 2359 καὶ
2906 2307 3071 2376 ερωτι
3108 2309 3412 2377 παρθενίας
3445 2312 3539 2363 τὸν
3589 2312 3762 2381 ἔρωτα
3809 2309 3890 2379 τῆς

2329 2399 2612 2460 συνουσίας
2664 2400 3174 2468 καταμαράναντες.
3244 2395 3346 2453 Ὠν
3413 2402 3522 2471 γὰρ
3602 2402 3702 2472 τὴν
3755 2402 3890 2470 φύσιν

2325 2490 2645 2559 ἀνθρωπίνη
2696 2491 3005 2559 μετέπλασι
3058 2494 3206 2562 χεὶρ,
3253 2493 3346 2545 καὶ
3400 2495 3620 2562 σίδηρος
3674 2494 3889 2562 παρεχά-

2327 2583 2538 2652 ραξεν,
2607 2583 2668 2634 ού
2723 2581 2987 2636 τοσοῦτον
3065 2584 3361 2636 άπόδεκτοι
3457 2585 3888 2654 παρθενεύοντες,

2322 2675 2448 2726 ὅσον
2518 2673 2895 2742 κατηγορητοὶ
2930 2713 2945 2738 ,
3005 2673 3405 2741 λαγνεύοντες,
3491 2676 3568 2738 ὡς
3627 2675 3722 2743 τῆς
3778 2679 3888 2728 ﬁxo.

2323 2765 2517 2828 λασίας
2573 2765 2880 2836 νικησάσης
2924 2767 3019 2819 καὶ
3073 2766 3170 2836 τὴν
3218 2767 3325 2819 ἀπὸ
3378 2765 3473 2819 τού
3518 2767 3738 2837 σιδήρου
3779 2766 3889 2837 βοή·

2322 2861 2495 2912 Θειαν.

2391 2951 2522 3024 [Τοῦ
2553 2953 2668 3022 (92)
2704 2953 3001 3020 Θεολόγου·
3057 2951 3126 3006 οι
3158 2951 3260 3020 μέν
3307 2953 3372 3006 ἐκ
3415 2953 3635 3021 φύσεως
3697 2954 3890 3008 νεύουσι

2320 3046 2456 3116 πρὸς
2485 3046 2543 3097 τδ
2573 3046 2780 3112 ἀγαθόν
2801 3060 2816 3075 ο
2845 3044 3063 3113 φύσεως
3093 3045 3149 3098 δέ
3179 3045 3308 3097 ὅταν
3336 3045 3500 3108 εἴπω,
3529 3047 3630 3099 οὐκ
3659 3047 3887 3116 άτιμάζω

624 3129 827 3198 abjicio
859 3129 1221 3194 voluntatem,
1268 3132 1370 3185 sed
1414 3142 1706 3203 utrumque
1738 3151 1918 3203 pono:
1955 3146 2008 3191 et
2058 3137 2216 3190 ineli-

2323 3138 2419 3208 τὴν
2447 3138 2796 3206 προαίρ;σιν,
2829 3135 2944 3189 ἀλλ’
2970 3136 3262 3206 ἀμφότερα
3285 3135 3506 3206 τίθημι,
3534 3139 3635 3208 τήν
3666 3155 3726 3205 γε
3766 3139 3887 3208 πρὸς

618 3219 894 3272 nationem
920 3219 988 3272 ad
1025 3219 1079 3272 id
1111 3219 1256 3287 quod
1289 3221 1578 3275 honestum
1604 3233 1707 3283 est,
1743 3232 1800 3275 et
1836 3239 1957 3291 quae
1987 3225 2054 3278 ad
2073 3241 2210 3294 Opus

617 3308 822 3363 bonum
848 3309 996 3364 ducit
1024 3321 1300 3364 naturam.
1331 3311 1668 3376 Quibusdam
1699 3328 1827 3367 vero
1853 3329 1881 3365 a
1906 3325 2209 3384 praecepto-

614 3401 770 3454 ribus
807 3410 1165 3470 amputantur
1219 3401 1557 3465 allectiones,
1607 3403 1828 3470 quidam
1887 3413 2070 3458 autem
2111 3421 2209 3474 per

617 3492 826 3557 seipsos
852 3491 967 3544 illas
998 3502 1304 3559 amputant,
1338 3503 1397 3544 ut
1437 3493 1527 3560 qui
1565 3505 1930 3562 priet-optares
1974 3512 2080 3549 non
2121 3514 2208 3552 as-

615 3585 810 3645 secuti,
839 3585 1050 3652 seipsos
1085 3591 1283 3640 docent
1309 3604 1428 3655 qua:
1459 3603 1800 3642 conveniunt
1833 3608 1847 3644 z
1883 3602 1937 3646 et
1969 3591 2204 3647 radicem

616 3672 1218 3740 vitiorumexcidentes,
1253 3686 1306 3728 et
1341 3678 1581 3731 membra
1627 3680 1910 3747 pravitatis
1944 3683 2208 3737 extermi-

615 3772 833 3816 nantes.

692 3847 851 3903 γεγε.
919 3851 1004 3904 12.
1051 3852 1251 3916 Qui—-—
1283 3855 1481 3921 capiat.
1535 3855 1778 3910 Tandem
1830 3858 1921 3912 ubi
1979 3861 2196 3915 caelibes

621 3940 778 3995 laude
813 3942 1008 4011 dignos
1034 3944 1481 4009 demonstrasset,
1508 3957 1562 3999 et
1597 3948 1667 3999 ita
1695 3949 1853 4002 talem
1893 3950 2202 4005 cwlibatum

615 4030 908 4096 laudasset,
951 4049 1013 4086 ac
1047 4049 1114 4087 eo
1137 4037 1296 4089 modo
1329 4036 1561 4090 latenter
1584 4040 1861 4094 auditores
1883 4041 1948 4095 ad
1980 4043 2206 4114 virgini-

615 4131 779 4176 tatem
808 4136 1184 4190 provocasset;
1213 4129 1390 4181 sciens
1417 4128 1464 4180 id
1487 4145 1740 4199 magnum
1766 4147 1907 4198 esse,
1931 4142 1984 4187 et
2012 4149 2041 4187 a
2074 4150 2208 4203 pau-

613 4211 693 4264 cis
729 4213 907 4282 deligi.
939 4215 1194 4285 relinquit
1237 4233 1350 4271 ient
1371 4217 1424 4270 in
1459 4218 1744 4272 hominum
1774 4222 2072 4277 voluntate.
2098 4222 2200 4288 Qui

617 4312 814 4370 potest,
858 4304 1057 4372 inquit,
1087 4322 1283 4376 capere
1320 4308 1444 4372 hoc,
1492 4319 1587 4362 aut
1638 4313 1924 4380 pervenire
1960 4313 2026 4368 ad
2076 4315 2200 4378 hoc,

615 4404 817 4460 (aptat.

691 4589 846 4643 Vers.
884 4592 966 4645 l5.
997 4593 1136 4645 Tunc
1166 4624 1232 4633 —
1264 4595 1402 4648 illos.
1445 4596 1682 4650 Infantes
1717 4600 1849 4651 dixit
1879 4599 2074 4662 Lucas.
2113 4604 2204 4672 qui

613 4682 982 4734 oden-bantur
1013 4685 1066 4735 in
1103 4685 1514 4753 lideparentum
1547 4688 1609 4738 ".
1655 4688 1915 4756 Discipuli
1958 4707 2086 4744 vero
2114 4709 2206 4748 eos

617 4773 966 4840 increpabant
995 4775 1085 4841 qui
1123 4778 1444 4839 oll‘erebant,
1480 4779 1620 4831 sicut
1661 4780 1878 4847 scripsit
1905 4780 2114 4836 Marcus
2139 4786 2202 4847 ³⁷,

611 4862 717 4914 hoc
746 4873 831 4915 est
865 4866 1245 4931 prohibebant.
1291 4868 1594 4922 Verisimile
1634 4879 1718 4921 est
1753 4881 1934 4923 autem
1981 4873 2121 4939 quod
2152 4884 2205 4927 et

615 4966 813 5016 pueros
852 4953 1226 5020 increpabant.
1261 4955 1392 5008 Nam
1431 4967 1484 5010 et
1518 4957 1616 5010 hos
1650 4969 1704 5011 et
1732 4958 1869 5020 illos,
1901 4974 2198 5028 praecepto-

610 5052 724 5088 rem
755 5039 1099 5102 honorando,
1130 5042 1512 5109 prohibebant.

717 5174 759 5204 ³⁸
793 5172 986 5228 Matth.
1023 5191 1119 5238 vn,
1143 5176 1200 5228 7.
1315 5177 1360 5208 ³⁸
1395 5177 1530 5233 Luc.
1560 5196 1713 5240 xvnt,
1744 5180 1829 5233 l3.

2320 3231 2378 3281 τὸ
2419 3230 2584 3280 καλὸν
2635 3226 3081 3298 ἐπιτηδειότητα,
3115 3228 3212 3280 καὶ
3241 3228 3341 3295 τὴν
3372 3229 3454 3290 είς
3482 3229 3643 3296 ἔργον
3670 3230 3886 3298 ἄγουσαν

2316 3327 2377 3374 τὸ
2430 3324 2492 3374 ἐκ
2546 3321 2764 3390 φύσεως
2816 3321 3159 3390 ἐπιτήδειον·
3205 3322 3252 3373 οί
3303 3319 3360 3373 δέ
3415 3322 3522 3375 ὑπὸ
3570 3322 3887 3377 διδασκάλων

2318 3417 2676 3482 ἐκτέμνονται
2713 3424 2777 3466 τα
2816 3413 3000 3482 πάθη·
3060 3413 3110 3465 οί
3153 3413 3209 3466 δὲ
3246 3413 3314 3466 δι’
3349 3414 3560 3468 ἑαυτῶν
3583 3415 3885 3484 ἐκτέμνονσι

2317 3506 2516 3569 ταῦτα,
2550 3505 2894 3558 διδασκάλων
2945 3505 3046 3574 μέν
3100 3506 3199 3558 οὐκ
3249 3507 3633 3576 ἐπιτυχόντες,
3680 3506 3884 3567 ἑαυτοὺς

2316 3599 2372 3648 δὲ
2413 3596 2726 3660 διδάξαντες
2757 3598 2822 3648 τά
2855 3597 3232 3666 προσήκοντα,
3254 3597 3347 3649 καὶ
3378 3599 3482 3667 τήν
3521 3614 3580 3650 τε
3627 3600 3774 3669 ῥίζαν
3797 3601 3885 3664 τῆς

2315 3685 2515 3746 κακίας
2578 3685 2930 3752 ἐκτεμόντες,
2987 3685 3085 3738 καὶ
3143 3687 3212 3737 rit
3257 3686 3472 3755 ὄργανα
3507 3688 3608 3757 τῆς
3641 3688 3883 3758 πονηρίας

2314 3773 2713 3844 ὲξορίσαντες.]

2401 3868 2464 3918 '0
2493 3895 2562 3906 -—
2590 3866 2868 3934 χωρείτω.
2898 3865 3242 3927 Τε).ευταῖον,
3278 3867 3571 3933 ὑποδείξας
3608 3870 3728 3930 τοὺς
3758 3869 3882 3934 ἁγά-

2317 3973 2452 4026 μους
2509 3958 2635 4016 τοὺς
2703 3955 3155 4024 ἐπαινουμένους,
3204 3954 3301 4008 καὶ
3327 3955 3472 4008 οὕτω
3515 3965 3617 4018 τὴν
3643 3955 3882 4022 τοιαύτην

2314 4047 2560 4115 ἀγαμίαν
2588 4047 2903 4109 ἐπαινέσας,
2945 4047 3035 4098 καὶ
3064 4046 3368 4116 λεληθότως
3397 4049 3497 4116 μὲν
3533 4053 3657 4110 τοῦς
3694 4052 3883 4116 άκροαο

2313 4141 2413 4200 τὰς
2439 4140 2518 4201 είς
2539 4138 2600 4190 τὸ
2624 4137 2985 4208 παρθενεύειν
3016 4139 3191 4202 οὕτως
3224 4140 3666 4210 ἐπικαλεσάμενος
3689 4157 3701 4170 ’
3736 4138 3880 4200 εἰδὼς

2311 4229 2367 4282 δὲ
2439 4230 2581 4298 μέγα
2613 4227 2773 4282 τοῦτο
2834 4230 2926 4281 καὶ
2957 4228 3160 4296 ὀλίγοις
3203 4232 3440 4301 σίρετὺν,
3498 4233 3878 4302 καταλιμπάνει

2311 4323 2372 4372 τὸ
2410 4321 2655 4389 πρᾶγμα
2687 4324 2746 4390 τῇ
2779 4321 3103 4388 προαιρέσει
3131 4322 3238 4374 τῶν
3267 4323 3597 4394 ἀνθρώπων.
3660 4325 3714 4378 Ὀ
3737 4324 3881 4376 δυνά·

2315 4427 2475 4478 μενος
2500 4409 2628 4478 γὰρ,
2657 4410 2814 4476 φησὶ,
2867 4410 3068 4478 χωρεῖν
3095 4407 3273 4476 τοῦτο,
3341 4411 3396 4482 [ἢ
3430 4415 3632 4482 χωρεῖν
3669 4411 3774 4481 (95)
3803 4412 3876 4471 εἰς

2229 4501 2271 4554 ι)
2302 4498 2509 4570 τούτο,]
2556 4502 2825 4571 χωρείτω.

2384 4592 2525 4645 Τότε
2582 4621 2620 4632 -
2663 4592 2897 4659 αὐτοῖς.
2967 4594 3153 4665 Βρέφη
3211 4591 3366 4649 εἶπεν
3394 4598 3422 4649 ὀ
3453 4598 3686 4658 Λουκᾶς,
3728 4593 3876 4648 ἅτινα

2307 4684 2769 4754 προσηνέχθησαν
2809 4685 2909 4753 μέν
2943 4687 3007 4738 ἐκ
3043 4686 3279 4749 πίστεως
3311 4688 3421 4739 τῶν
3474 4689 3703 4752 γονέων·
3754 4683 3875 4736 om

2309 4777 2550 4843 μαθηταὶ
2589 4778 2868 4842 ἐπετίμων
2902 4779 3014 4834 τοῖς
3048 4778 3476 4847 προσφέρουσιν,
3511 4777 3585 4839 ὡς
3607 4779 3634 4828 ὀ
3660 4776 3872 4844 Μάρκος

2305 4867 2511 4934 ἔγραψε
2535 4907 2548 4928 ,
2585 4868 2866 4918 τουτέστιν
2900 4867 3157 4921 ἐκώλυον.
3197 4869 3356 4931 Είκδς
3391 4869 3451 4922 δὲ
3489 4869 3582 4921 καὶ
3612 4869 3720 4928 τοῖς
3759 4881 3868 4917 παι-

2310 4959 2394 5008 σὶν
2454 4960 2734 5028 ἐπιτιμᾷν.
2783 4959 3051 5011 Ἧκώλνον
3108 4960 3164 5012 δὲ
3226 4961 3516 5025 κάκείνους
3579 4957 3868 5019 καὶταῦτα,

2305 5047 2572 5115 τιμῶντες
2602 5049 2692 5098 τὸν
2715 5047 2831 5098 διΞά
2843 5048 3056 5102 σκαλον.

1941 5183 1980 5213 ³⁷
2008 5180 2178 5238 Marc.
2207 5201 2261 5248 ι,
2297 5185 2381 5239 l5.

1835 5324 2032 5385 γει-ιω
2070 5324 2377 5389 lectiones
2411 5337 2471 5390 et
2504 5338 2700 5391 notae.

687 5438 797 5506 (9i)
844 5439 1129 5510 :Evémcev
1160 5444 1187 5494 δ
1219 5445 1372 5510 λόγος
1402 5444 1460 5497 Β.

688 5514 797 5578 (92)
827 5508 1055 5578 Gtt-gor.
1089 5508 1340 5568 Naziana.
1387 5533 1440 5585 p.
1482 5517 1602 5584 l9'2,
1639 5519 1757 5573 195.
1803 5517 1971 5574 llabct
1999 5532 2181 5576 autem

2299 5454 2414 5508 haec
2444 5455 2498 5508 in
2529 5457 2770 5524 margine
2802 5455 2839 5507 Β

2363 5527 2477 5593 (95)
2515 5525 2729 5581 Inclusa
2759 5527 2960 5580 absunt
2994 5528 3059 5580 A.

691 5667 1148 5756 μαμωνριιαιιιιιηι
1180 5702 1248 5756 -έ-
1281 5689 1636 5752 siut-cpertmt.
1697 5677 1972 5744 Quantum
2036 5682 2105 5737 ob
2159 5681 2436 5738 libidinem
2494 5683 2999 5753 reprehenduntur,
3048 5685 3155 5739 vim
3213 5685 3339 5740 ferri
3387 5687 3666 5756 (auxilium
3715 5682 3857 5756 ferri)

621 5750 910 5805 superante
933 5743 1094 5795 etiam
1123 5744 1556 5812 intemperantia.
