4096 6406
186 397 295 462 561

1060 407 1446 472 COMMENT.
1493 411 1576 471 IN
1621 409 2090 476 ΜΑΤἸῊιΕυΜ.
2131 439 2198 454 -
2238 415 2397 480 CAP.
2442 416 2602 480 XXI.

3353 419 3469 482 562‘-

262 514 626 582 Ἀνθρωπος
652 544 724 557 -
764 517 879 573 οὐκ
944 517 1246 588 ἀπῆλθεν.
1305 522 1633 596 Ἄνθρωπον
1683 526 1778 593 μὲν

1958 528 2109 586 Vers.
2142 531 2232 585 28.
2271 532 2438 588 Homo
2468 535 2699 590 habebat
2729 566 2798 576 —
2823 534 2981 594 Vera.
3017 537 3108 594 30.
3131 553 3236 593 non
3294 538 3453 594 abiit.

184 603 450 675 ῦποδηλοῖ
486 604 580 660 τδν
624 607 781 671 θεὸν,
835 610 910 672 ὡς
940 611 1348 683 φιλάνθρωπον·
1383 616 1546 670 τέκνα
1575 617 1636 671 δὲ
1667 618 1769 672 αύ-

181 694 283 750 τοῦ
307 696 425 763 δύο,
464 701 555 752 τόν
585 716 644 752 τε
670 698 801 754 λαὸν
849 700 954 755 τῶν
990 703 1180 772 ἐθνῶν,
1225 707 1320 761 καὶ
1348 707 1440 760 τὸν
1487 709 1598 763 τῶν
1638 711 1772 764 Ὶουο

181 785 373 854 δαίων,
407 789 484 852 ὼς
509 790 795 860 ποιήματα
826 793 1015 847 αὑτοῦ.
1043 795 1154 849 Καὶ
1183 797 1331 851 ἔστιν
1357 800 1385 852 6
1414 801 1487 871 μὴ
1532 801 1770 872 ὑποσχό-

189 893 354 943 μενος
412 879 534 948 μὶν,
584 881 839 936 ἀπελθὼν
886 883 965 949 δὲ,
1018 889 1046 940 6
1092 888 1220 954 λαὸς
1269 891 1378 944 τῶν
1425 893 1624 948 ἐθνῶν*
1654 896 1681 948 6
1711 895 1769 948 δὲ

183 967 563 1040 ὑποσχόμενος
597 972 720 1042 μὲν,
758 973 834 1044 μὴ
875 975 1130 1031 ἀπελθὼν
1150 981 1275 1040 δὲ.ὁ
1309 981 1437 1048 λαὸς
1469 985 1577 1038 τῶν
1629 985 1766 1040 Ἰου-

179 1057 374 1113 δαίων.
410 1061 491 1114 Τὰ
522 1061 651 1133 ἔθνη
693 1065 794 1134 μὲν
817 1067 927 1136 γὰρ
953 1069 1049 1138 οὐχ
1095 1069 1400 1141 ὑπέσχοντο
1433 1061 1766 1131 ἀκούσεσθαι

177 1149 280 1203 τοῦ
310 1151 468 1216 Θεοῦ,
503 1155 599 1207 καὶ
625 1157 769 1225 ὅμως
799 1157 1028 1228 ὕστερον
1052 1160 1377 1233 ὑπήκουσαν
1400 1166 1766 1222 πιστεύσαντα

177 1240 263 1308 τῷ
317 1240 436 1295 Θεῶ
480 1245 575 1297 καὶ
637 1247 887 1316 Χριστῷ·
929 1250 978 1303 οἰ
1014 1250 1070 1303 δὲ
1121 1253 1366 1308 Ἰουδαῖοι
1441 1255 1763 1326 ὑπέσχοντο,

178 1332 434 1397 εἰπόντες
487 1337 546 1388 ὲν
595 1340 658 1407 τῇ
689 1337 859 1408 βίϐλῳ
914 1340 1010 1394 τοῦ
1059 1344 1503 1416 Δευτερονομίου·
1537 1347 1764 1411 Πάντα,

174 1421 300 1476 ὅσα
323 1421 404 1478 ἂν
427 1424 566 1494 eum
599 1429 632 1481 ό
652 1427 818 1496 Θεὸς,
845 1430 1182 1501 ποιήσομεν
1225 1434 1323 1489 καί
1359 1436 1761 1506 ἀκουσόμεθα,

177 1515 276 1566 καὶ
311 1513 539 1587 ὕστερον
581 1521 966 1590 παρήκουσαν,
1011 1525 1422 1596 ἀπιστήσαντες
1445 1527 1522 1598 τῷ
1542 1514 1764 1602 Χριστῷ

173 1604 276 1682 καὶ
323 1604 464 1677 Θεῷ.
512 1608 704 1663 Ταῦτα
740 1612 882 1680 μόνα
914 1615 1014 1682 τῆς
1044 1616 1368 1689 παραϐολῆς
1392 1620 1642 1690 ἐκλέγου,
1669 1626 1764 1678 καὶ

172 1695 537 1764 ἱπιγίνωσκε·
563 1699 734 1754 τᾶλλα
758 1703 816 1756 δὲ
837 1704 1032 1774 πάρες,
1067 1705 1145 1768 ὡς
1184 1709 1280 1762 καὶ
1315 1711 1408 1764 ἐπὶ
1442 1711 1552 1765 τῶν
1587 1712 1763 1767 ἄλλων

174 1787 516 1856 παραϐολῶν
570 1795 1054 1865 παρηγγείλαμεν.
1110 1798 1234 1852 Ἐπὶ
1282 1799 1343 1854 τὸ
1383 1803 1762 1876 ἀσαφέστερον

1880 618 2163 674 Hominem
2193 621 2465 691 signiﬁcat
2496 624 2689 689 Deum,
2726 635 2982 696 tanquam
3043 627 3303 684 videlicet
3352 628 3458 684 bu-

1875 729 2096 768 manum
2128 722 2222 768 aut
2268 715 2551 772 hominum
2586 727 2913 784 amatorem.
2943 722 3082 778 duos
3097 729 3278 777 autem
3317 719 3458 776 ﬁlios

1873 802 2010 871 ejus,
2039 806 2300 876 populum
2329 808 2588 878 gentilem
2615 819 2670 866 et
2697 811 3015 878 ludaicum,
3060 813 3154 883 qui
3205 822 3335 868 sunt
3369 813 3454 869 la-

1872 904 2041 950 ctnrte
2071 895 2105 962 i;
2129 897 2265 952 sius.
2314 897 2383 952 Et
2424 898 2470 954 is
2526 901 2619 966 qui
2678 916 2788 955 non
2834 901 3106 971 promisit,
3133 903 3229 958 sed
3272 913 3460 958 tamen-

1868 985 2022 1050 abiit,
2050 987 2285 1057 populus
2312 999 2397 1045 est
2427 977 2650 1061 gentilis
2678 1008 2692 1047 :
2724 992 2823 1062 qui
2847 1008 2977 1048 vero
3031 993 3311 1063 promisit,
3349 1009 3455 1050 nec

1871 1085 2052 1132 tamen
2086 1079 2239 1143 abiit,
2273 1080 2552 1137 Judaicus.
2588 1081 2794 1138 Gentes
2810 1084 3084 1154 siquidem
3105 1099 3213 1139 non
3248 1086 3460 1155 promi-

1868 1177 2060 1222 serunt
2089 1184 2148 1223 se
2200 1170 2366 1224 Deum
2405 1172 2714 1237 audittn-as,
2743 1183 2799 1229 et
2829 1183 3013 1229 tamen
3043 1185 3234 1245 postea
3263 1175 3456 1231 audie-

1869 1268 2015 1322 rnnt,
2065 1257 2391 1314 obedientes
2466 1262 2690 1318 Christo
2714 1279 2778 1318 ac
2831 1262 2964 1327 Deo.
2991 1275 3047 1320 et
3079 1265 3135 1320 in
3164 1280 3292 1321 eum
3326 1281 3452 1322 cre-

1866 1349 2061 1405 dentes
2090 1349 2300 1407 :Juduei
2331 1369 2463 1408 vero
2495 1358 2894 1424 promiserunt,
2937 1356 3185 1413 dicentes
3217 1358 3269 1412 in
3310 1357 3452 1413 lihro

1867 1439 2305 1499 Deuteronontii:
2335 1433 2528 1500 Omnia
2543 1464 2659 1517 qua:
2680 1447 2819 1500 dixit
2848 1448 2983 1504 Deus
3000 1450 3255 1521 faciemus
3283 1461 3330 1504 et
3350 1467 3453 1504 au-

1866 1534 2069 1587 diemtts
2095 1533 2141 1566 ⁸³
2165 1551 2178 1598 ;
2202 1537 2549 1604 postmodum
2568 1549 2754 1594 autem
2792 1541 3178 1606 obaudierunt,
3198 1542 3300 1613 ipsi
3327 1557 3453 1612 per-

1867 1636 2151 1683 manentes
2199 1626 2422 1685 Christo
2487 1647 2552 1686 ac
2589 1633 2698 1688 Deo
2742 1634 3039 1690 increduli.
3082 1632 3210 1690 Haec
3233 1644 3448 1690 tantum

1865 1717 1933 1773 de
1967 1720 2224 1789 parabola
2251 1722 2390 1793 elige
2418 1732 2472 1778 et
2503 1725 2765 1796 intellige,
2813 1727 3026 1795 reliqua
3064 1742 3196 1783 vero
3221 1735 3449 1798 prmter-

1867 1825 1982 1873 eas,
2016 1813 2488 1880 quemadmodum
2551 1824 2609 1871 et
2673 1816 2727 1871 in
2757 1817 2988 1884 reliquis
3053 1818 3322 1889 parabolis
3351 1817 3450 1873 'ad-

171 1878 288 1948 γάρ
343 1897 467 1934 τινα
511 1882 715 1953 ταύτης
759 1887 1124 1958 οἰκονομικῶς
1165 1869 1560 1965 συνετέθησαν,
1589 1869 1679 1951 δια
1704 1898 1764 1952 τὸ

1971 1869 1979 1873 -
2035 1869 2049 1880 ,
2563 1869 2603 1871 η
2693 1869 2726 1871 κ-
2885 1869 2982 1884 ,η
3053 1869 3319 1889 τη-ηκ--
3354 1869 3417 1873 η

1867 1903 2210 1967 monuimus,
2241 1913 2500 1976 tanquam
2522 1905 2627 1961 hoc
2651 1909 2775 1963 solo
2799 1910 2911 1964 tina
2935 1909 2988 1962 in
3016 1924 3080 1963 ea
3111 1909 3311 1980 posita,
3338 1922 3448 1978 quo

173 1969 516 2036 ἀνύποπτον,
571 1973 658 2027 ῐνα
714 1975 882 2044 μηδὲν
945 1981 1074 2050 περὶ
1146 1983 1357 2037 ἑαυτῶν
1405 1986 1454 2040 οί
1517 1988 1762 2044 Ἰουδαῖοι

173 2059 423 2125 γνόντες,
475 2062 646 2134 ὀρθὴν
680 2064 1014 2136 ἐξενέγκωσι
1050 2072 1149 2142 τὴν
1185 2075 1390 2144 ψῆφον.

252 2149 442 2215 Τίς-
469 2150 724 2220 πρῶτος.
761 2157 968 2222 Αὐτοὺς
1006 2161 1349 2231 ἠνάγκασεν,
1396 2164 1472 2229 ὡς
1520 2167 1761 2240 είρηται,

167 2241 270 2310 τὴν
300 2241 482 2312 ψῆφον
507 2243 822 2313 ἐξαγαγεῖν,
860 2250 946 2303 ἵνα
970 2252 1436 2327 αὑτοκατάκριτοι
1460 2259 1753 2326 γένωνται.

173 2329 310 2386 Εἶτα
340 2335 661 2405 μεταϐαίνει
692 2341 832 2409 πρὸς
863 2343 990 2405 τοὺς
1012 2345 1253 2412 τελώνας
1276 2349 1370 2402 καὶ
1399 2349 1498 2414 τὰς
1532 2352 1759 2424 πόρνας,

168 2424 265 2477 ἐπὶ
296 2424 456 2478 πλέον
489 2426 728 2498 ἐλέγχων
762 2431 983 2496 αὐτούς.

242 2514 420 2584 Λέγει
486 2518 695 2584 αὐτοῖς
729 2548 802 2558 -—
837 2522 1006 2577 Θεοῦ.
1079 2524 1334 2592 Τελὼνας
1405 2529 1555 2598 λέγει
1632 2531 1762 2594 τοὺς

173 2607 634 2677 μετανοήσαντας
686 2611 780 2663 καὶ
839 2612 1262 2682 βαπτισθέντας,
1316 2621 1461 2674 ὃτεό
1501 2621 1762 2692 Ἰωάννης

164 2696 474 2767 ἐκήρυσσε,
499 2701 594 2752 καὶ
641 2701 846 2774 πόρνας
875 2705 1099 2775 ὁμοίως.
1152 2709 1496 2779 Προάγουσι
1529 2713 1607 2776 δὲ,
1637 2713 1762 2766 ἀντὶ

163 2787 292 2853 τοῦ,
333 2791 841 2862 προλαμϐάνουσιν.
895 2793 1034 2852 Elea
1093 2803 1392 2873 σαφηνίζει
1443 2804 1537 2860 τὸν
1581 2805 1758 2874 λόγον,

164 2879 271 2932 καὶ
293 2879 560 2949 διδάσκει,
602 2885 722 2950 πῶς
754 2889 1227 2960 προλαμϐάνουσι,
1276 2895 1472 2964 λέγων’

238 2965 435 3028 ’Ἦλθε
460 3005 532 3015 -
561 2977 748 3043 αὐτῷ.
789 2976 964 3036 Ἦλθε
1002 2984 1139 3054 πρὸς
1176 2986 1343 3056 ὑμᾶς,
1369 2989 1469 3044 οὐκ
1524 2994 1584 3047 ἐν
1615 2995 1761 3065 ἦμε-

159 3062 396 3136 λημὲνῳ
432 3065 554 3138 βίῳ,
606 3070 722 3122 ἀλλ’
749 3072 808 3124 ὲν
844 3072 948 3145 όδῷ
993 3077 1222 3150 ἀρετῆς,
1257 3079 1346 3133 ῖνα
1393 3083 1487 3137 καὶ
1541 3062 1764 3151 ἀξιόπι-

1866 1992 2075 2048 lirmior
2108 2006 2273 2059 esset,
2307 2006 2363 2051 et
2383 1995 2554 2052 Judaei
2580 1998 2715 2054 nihil
2739 1999 2808 2055 de
2836 1998 3444 2072 seipsisintelligentcs,

1864 2094 2070 2139 rectam
2104 2085 2420 2155 proferrent
2446 2091 2802 2145 sententiam.

1940 2178 2091 2235 Vers.
2124 2179 2211 2234 5|.
2253 2179 2385 2245 Qui:
2415 2211 2485 2221 —
2517 2184 2741 2252 primus.
2763 2182 2948 2255 Coegit
2976 2183 3123 2248 illos,
3154 2189 3214 2237 ut
3237 2181 3446 2249 dictum

1864 2279 1969 2336 est,
2026 2272 2355 2332 sententiam
2419 2289 2525 2343 qua
2589 2276 3098 2332 condemnarentur
3175 2274 3444 2347 proferre.

1863 2359 2071 2415 Deinde
2130 2362 2197 2415 ad
2257 2361 2580 2431 publicanos
2616 2366 2816 2419 transit
2857 2374 2913 2420 et
2974 2364 3317 2430 meretrices,
3347 2361 3448 2418 hos

1863 2453 1988 2523 plus
2019 2468 2187 2523 quam
2212 2454 2338 2509 illos
2367 2471 2606 2525 arguens

1935 2543 2094 2601 Vers.
2133 2547 2224 2602 3|.
2270 2546 2362 2602 Ait
2403 2548 2514 2602 illis
2553 2579 2625 2591 ο-
2657 2549 2775 2606 Dei.
2826 2550 3158 2608 Publicanos
3198 2552 3332 2608 dicit
3350 2549 3446 2622 qui

1862 2638 2242 2708 pmnitentiam
2270 2649 2518 2708 egerant,
2550 2640 2925 2712 baptizatique
2964 2642 3184 2698 fuerant
3241 2642 3441 2714 praedi-

1861 2738 2022 2786 cante
2062 2730 2297 2797 Joanne,
2334 2741 2391 2788 et
2424 2733 2744 2800 meretrices
2802 2733 3052 2789 similiter
3099 2734 3439 2804 praecedunt,

1862 2823 1966 2878 hoc
2000 2831 2085 2878 est
2106 2824 2288 2894 priora
2324 2832 2568 2881 sumunt.
2604 2826 2812 2882 Deinde
2843 2835 2896 2882 et
2945 2827 3215 2882 rationem
3252 2825 3437 2890 docet,

1859 2917 2136 2985 quomodo
2164 2915 2350 2984 priora
2391 2925 2636 2980 sumunt,
2673 2917 2866 2974 dicens
2899 2935 2913 2971 :

1932 3005 2085 3062 Vers.
2115 3006 2208 3062 33.
2240 3005 2482 3062 Venit—
2512 3008 2615 3063 illi.
2681 3007 2842 3064 Venit
2881 3010 2950 3064 ad
2999 3024 3117 3072 vos.
3176 3023 3289 3063 non
3340 3023 3440 3078 per

1865 3096 2121 3165 ignavam
2149 3097 2340 3163 vitam,
2365 3098 2459 3154 sed
2490 3115 2588 3170 per
2614 3099 2755 3155 viam
2815 3101 3058 3167 virtutis,
3093 3108 3152 3154 ut
3202 3098 3309 3154 ﬁde
3360 3099 3445 3152 di-

163 3169 299 3220 στος
325 3160 494 3228 φανῇ,
529 3161 624 3214 καὶ
656 3163 758 3216 οὐκ
792 3166 1151 3223 ἐπιστεύσατε
1179 3171 1356 3246 αὐτῷ,
1391 3179 1754 3247 παραινοῦντι

1862 3202 1998 3258 gnus
2023 3187 2322 3244 haberetur
2355 3204 2371 3254 ;
2420 3197 2477 3244 et
2533 3204 2643 3244 non
2677 3190 2993 3246 credidistis
3051 3189 3124 3254 ei,
3147 3204 3272 3244 cum
3303 3188 3443 3244 resio

164 3251 460 3354 μετανοξῖν
492 3255 598 3307 καὶ
639 3256 1068 3328 εὐτρεπίζεσθαι
1129 3263 1269 3336 πρὸς
1329 3267 1600 3341 ὑποδοχὴν
1655 3275 1756 3344 τῆς

1865 3281 2076 3351 pisccre
2103 3281 2444 3348 admoneret,
2472 3283 2763 3354 pararique
2776 3283 2843 3340 ad
2864 3283 3269 3352 susceptionem
3291 3282 3442 3354 regni

160 3330 452 3406 βασιλείας
484 3345 578 3398 τοῦ
607 3346 764 3402 Θεοῦ.

249 3429 450 3500 ’Υμεῖς
482 3463 555 3475 -—
581 3438 765 3505 αὐτῷ.
813 3441 1008 3512 Ὑμεῖς
1031 3445 1112 3512 δὲ,
1171 3448 1376 3516 ἰδόντες
1409 3438 1537 3516 τοὺς
1583 3455 1754 3510 τελῶ·-

163 3537 268 3582 νας
299 3523 521 3589 καὶτὰς
557 3529 789 3600 πόρνας,
821 3534 941 3598 πῶς
971 3539 1420 3612 μετεϐλήθησαν,
1446 3547 1537 3600 ὅτε
1565 3548 1593 3600 6
1637 3550 1755 3604 Ἰω-

157 3612 337 3714 αννης
364 3616 670 3714 ξκήρυσσε,
703 3624 802 3678 καὶ
826 3627 1133 3697 προέλαϐον
1165 3633 1330 3704 ὑμᾶς,
1374 3637 1437 3692 οὐ
1481 3640 1754 3714 μιτεϐλή-

159 3702 321 3776 θητε,
352 3707 495 3765 ὥστε
529 3715 824 3772 πιστεῦσαι
851 3721 1022 3792 αὐτῷ.

275 3870 436 3925 ΚΕΦ.
477 3873 560 3929 N’.
610 3876 891 3945 Heplroi)
924 3880 1281 3952 ἀμπελῶνος
1309 3890 1647 3959 παραϐολή.

245 4010 484 4078 Ἄλλην
501 4041 571 4052 -
591 4014 1005 4084 ἀπεδήμησεν.
1065 4020 1393 4091 Ἄνθρωπον
1422 4025 1522 4095 μὲν
1550 4027 1751 4097 ὁμοίως

161 4099 576 4165 ὑπαινίττεται,
613 4105 704 4158 τὸν
746 4099 877 4160 Θεὸν
901 4112 995 4165 καὶ
1046 4113 1294 4185 Πατέρα,
1337 4117 1427 4171 διὰ
1454 4119 1517 4172 τὸ
1556 4121 1751 4189 φιλάν-

158 4190 407 4281 ῼρωπον,
438 4195 530 4245 καὶ
562 4195 651 4248 διὰ
681 4197 740 4249 τὸ
788 4198 888 4270 τῆς
921 4204 1245 4276 παραϐολῆς
1276 4205 1423 4272 ἔθοςο
1484 4211 1750 4281 ἀμπελὼν

158 4280 222 4334 δὲ
246 4283 536 4352 φυτευθεὶς
571 4286 662 4340 ὑπ’
686 4287 874 4353 αὐτοῦ,
893 4293 920 4344 6
959 4293 1309 4366 Ἰσραηλίτης
1333 4298 1482 4368 λαὸς,
1517 4280 1577 4356 όν
1608 4304 1743 4371 ἐφύο

157 4391 361 4428 τευσεν
383 4376 442 4429 ὲν
471 4381 535 4448 τῇ
564 4381 634 4450 γῇ
670 4381 771 4451 τῆς
795 4385 1152 4453 ἐπαγγελίας.
1189 4390 1329 4460 Φησὶ
1362 4393 1471 4463 γὰρ
1491 4396 1518 4447 6
1549 4395 1740 4450 Δαυτδο

164 4463 472 4533 Ἄμπελον
518 4468 587 4533 ἐξ
612 4472 912 4540 Αἰγύπτου
946 4475 1233 4546 μετῆρας,
1270 4481 1554 4551 ἐξέϐαλες
1601 4485 1746 4554 ἔθνη

1865 3372 1983 3428 Dei.

1945 3464 2210 3521 Vers.52.
2251 3464 2354 3520 Vos
2381 3495 2449 3506 -
2478 3466 2549 3520 ei.
2617 3464 2726 3520 Vos
2768 3475 2951 3522 autem
3002 3465 3271 3527 videntes,
3309 3477 3446 3535 quo-

1862 3557 2026 3614 modo
2072 3558 2348 3628 publicani
2377 3567 2434 3613 et
2492 3559 2814 3614 meretrices
2859 3557 2926 3614 ad
2991 3558 3440 3630 praedicationem

1860 3648 2092 3704 Joannis
2141 3650 2396 3705 conversi
2424 3659 2604 3716 erant,
2634 3664 2743 3704 non
2771 3649 3085 3720 resipuistis
3107 3651 3175 3706 ad
3210 3649 3443 3707 creden-

1863 3740 2016 3797 dum.

2214 3895 2368 3950 CAP.
2411 3896 2474 3952 L.
2511 3896 2590 3950 De
2617 3898 2767 3951 vinea
2805 3899 3085 3967 parabole.

1930 4027 2089 4084 Vers.
2113 4028 2204 4085 35.
2239 4028 2418 4084 Aliam
2449 4059 2518 4070 —
2545 4045 2756 4103 peregre
2775 4034 3041 4104 profectus
3089 4042 3189 4089 est.
3252 4032 3442 4090 Homi-

1859 4136 1985 4177 nem
2013 4121 2266 4176 similiter
2317 4121 2660 4192 aenigtnatice
2717 4124 2986 4193 significat
3032 4126 3206 4180 Deum
3254 4135 3308 4182 et
3339 4128 3442 4182 Pa—

1859 4221 2022 4280 trem,
2051 4225 2280 4284 propter
2322 4214 2604 4277 hominum
2631 4231 2898 4282 amorem,
2942 4226 2999 4272 et
3027 4227 3252 4288 propter
3280 4234 3444 4288 para.

1858 4305 1997 4360 bolze
2021 4319 2249 4359 morem.
2280 4303 2527 4360 Plantata
2570 4315 2750 4361 autem
2778 4308 2941 4362 vinea
2965 4309 3034 4362 ab
3074 4308 3167 4363 illo
3207 4309 3442 4379 populus

1856 4405 1941 4452 est
1964 4395 2245 4459 Judaicus,
2277 4411 2440 4466 quam
2465 4396 2735 4466 plantavit
2767 4397 2824 4452 in
2857 4407 3000 4453 terra
3035 4399 3437 4469 promissionis.

1861 4485 2000 4539 Dicit
2027 4485 2184 4562 enim
2225 4483 2394 4540 David
2421 4505 2432 4540 :
2457 4485 2672 4540 Vineam
2695 4489 2758 4541 de
2801 4488 3035 4559 zEgypto
3092 4491 3439 4552 transtulisti,

160 4557 262 4611 καί
320 4562 782 4630 κατεφύτευσας
817 4567 1034 4633 αὑτήν
1093 4574 1351 4643 φραγμὸς
1398 4575 1477 4642 δὲ,
1510 4579 1537 4630 6
1564 4578 1749 4649 νόμος,

1862 4556 2059 4646 ejecisti
2075 4586 2254 4648 gentes
2299 4586 2348 4631 et
2381 4576 2776 4651 plantastieant
2811 4556 3094 4652 "._Sepes
3144 4598 3277 4637 vero
3327 4583 3439 4648 lex,

158 4647 265 4698 οὐκ
313 4648 419 4701 ἐῶν
472 4651 637 4704 αὑτὸν
691 4655 1020 4726 ὲπιμιγῆναι
1078 4663 1190 4725 τοῖς
1252 4662 1453 4719 ἔθνεσι.
1519 4647 1749 4736 Λέγοιτο

158 4736 204 4789 δ’
232 4735 302 4829 αν
325 4742 581 4811 φραγμὸς
641 4747 737 4797 καὶ
767 4747 798 4818 ἡ
823 4749 974 4820 παρᾶ
1004 4751 1097 4804 τοῦ
1126 4752 1262 4807 Θεοῦ
1297 4756 1542 4828 φυλακὴ,
1580 4776 1750 4829 φρουο

165 4828 341 4899 ροῦσα
396 4833 588 4886 τοῦτον
647 4837 755 4890 ἀπὸ
813 4842 994 4911 πάσης
1049 4845 1352 4916 ἐπιϐουλῆς
1407 4849 1518 4904 τῶν
1588 4828 1748 4923 πέριξ

159 4921 360 4976 ἐθνῶν.
378 4926 662 4992 Καθεῖυἰες
682 4929 810 5000 γὰρ,
830 4934 983 5001 φησὶ,
1000 4935 1110 4988 τὸν
1124 4939 1400 5007 φραγμὸν
1415 4942 1627 5008 αὐτῆς,
1646 4921 1746 4998 καί

156 5017 463 5085 τρυγῶσιν
485 5019 682 5087 αὐτὴν
723 5023 945 5089 πάντες
977 5029 1030 5080 cl
1053 5035 1610 5104 παραπορευόμενοι
1642 5037 1755 5104 τὴν

161 5106 331 5161 ὀδόν
365 5108 525 5180 ληνὸς
557 5113 637 5177 δὲ,
672 5114 732 5166 τὸ
762 5115 1178 5190 Θυσιαστήριον,
1212 5126 1269 5176 ὲν
1300 5119 1343 5192 ᾧ
1382 5128 1441 5179 τὸ
1461 5125 1602 5198 αἷμα
1633 5131 1753 5194 ἐξε-

159 5203 332 5268 χεῖτο’
358 5204 572 5275 πύργος
599 5207 679 5270 δὲ,
711 5210 739 5262 6
775 5211 921 5276 ναὸς,
953 5213 1044 5268 διὰ
1066 5215 1126 5268 τὸ
1163 5217 1261 5285 τῆς
1291 5219 1589 5290 οἰκοδομῆς
1621 5221 1745 5292 όχυο

168 5291 260 5361 ρον
301 5295 398 5346 καὶ
452 5296 683 5366 ὑψηλόν·
737 5305 979 5374 γεωργοὶ
1005 5305 1084 5372 δὲ,
1123 5308 1172 5360 oi
1224 5311 1502 5380 ἀρχιερεῖς
1566 5291 1752 5367 καλ.νοί

161 5392 520 5458 γραμματεῖς
569 5397 664 5446 καὶ
712 5396 763 5448 oi
817 5400 1184 5473 πρεσϐύτεροι
1217 5404 1312 5457 τοῦ
1350 5405 1504 5459 λαοῦ·
1537 5408 1750 5473 τούτοις

161 5481 270 5572 γὰρ
296 5483 684 5541 ὲνεπίστευσεν
711 5491 739 5543 6
761 5491 916 5559 Θεὸς,
943 5495 1017 5560 ὡς
1046 5496 1414 5566 διδασκάλοις,
1445 5501 1535 5553 τὸν
1568 5503 1749 5572 ἀμπε-

160 5570 305 5627 λῶνα
346 5574 561 5630 τοῦτον
590 5581 904 5655 ἀποδημίαν
930 5586 986 5640 δὲ
1021 5588 1115 5640 τοῦ
1150 5591 1533 5647 οἰκοδεσπότου
1574 5570 1745 5662 φησὶν

275 5779 323 5811 ⁸⁸
358 5779 535 5835 Exod.
566 5798 678 5847 xxx,
714 5785 769 5840 8.
881 5788 924 5818 ⁸⁸
953 5787 1092 5844 l’snl.
1138 5808 1316 5860 Lxxlx,
1343 5795 1396 5847 9.

1855 4686 1965 4725 non
1984 4671 2175 4726 sinens
2202 4686 2322 4725 eam
2357 4672 2699 4727 commisceri
2725 4673 3203 4743 gentibus.Potest
3224 4689 3442 4744 quoque

1855 4763 1962 4818 dici
1991 4779 2172 4834 sepes,
2207 4762 2305 4819 Dei
2337 4764 2586 4819 custodia
2630 4780 2752 4836 quae
2777 4765 2992 4821 vineam
3035 4767 3179 4822 hanc
3228 4766 3297 4820 ab
3322 4780 3443 4820 om-

1859 4857 2010 4910 nium
2061 4857 2572 4928 circumjarentium
2602 4858 2846 4929 gentium
2908 4859 3124 4914 insidiis
3175 4859 3438 4915 custodit.

1866 4949 2211 5012 ljestruxisti,
2260 4950 2462 5019 inquit,
2527 4967 2696 5018 sepem
2722 4950 2858 5021 ejus,
2894 4961 2942 5004 et
2971 4953 3294 5005 vindemiant
3322 4969 3439 5006 eam

1855 5055 2031 5093 omnes
2081 5041 2171 5109 qui
2215 5042 2726 5112 prmlergreditmtur
2780 5043 2917 5096 viam
2970 5042 3040 5097 ⁸⁸.
3093 5041 3267 5096 Lacus
3322 5043 3440 5096 sive

1855 5133 2092 5187 torcular
2123 5143 2207 5188 est
2257 5135 2429 5189 altare
2482 5135 2536 5188 in
2573 5151 2682 5205 quo
2735 5136 2961 5206 sanguis
3028 5135 3439 5190 eﬂ‘umlcbatur.

1856 5223 2047 5281 Turris
2080 5241 2209 5281 vero
2245 5228 2781 5298 templum,propter
2821 5237 3115 5284 structurae
3157 5228 3442 5283 fortitudi-

1852 5333 1981 5375 nem
2014 5335 2078 5374 ac
2111 5320 2528 5375 sublimitatem.
2567 5321 2833 5393 Agricola:
2860 5333 3068 5388 autem,
3109 5331 3241 5378 sunt
3285 5322 3439 5392 prin-

1853 5412 2006 5481 cipes
2056 5411 2402 5468 sacerdotum
2454 5423 2508 5468 et
2565 5413 2774 5468 Scriba:
2837 5414 3202 5484 senioresque
3225 5413 3437 5483 populi.

1858 5503 1956 5558 llis
1983 5502 2132 5558 enim
2159 5511 2417 5573 tanquam
2455 5505 2895 5574 praeceptoribus
2923 5503 3267 5559 concredid‘t
3297 5503 3437 5557 Deus

1859 5594 2001 5649 hanc
2040 5594 2704 5651 rincam.Profectionem
2758 5604 2940 5650 autem
2996 5596 3434 5667 patrisfamilias,

1507 5797 1552 5827 9"
1584 5795 1718 5850 ibid.
1761 5795 1841 5849 i5.
