4080 6428
220 384 332 452 Ξ69

1065 390 1455 458 COMMENT.
1499 397 1582 458 ΙΝ
1623 399 1788 463 ΜΑΤ¹

1895 405 2096 469 ιΕῐῘΜ.
2139 433 2206 446 -
2245 409 2404 474 CAP.
2444 414 2642 478 XXII.
3380 431 3489 497 570

215 497 389 550 αὐτὸν
442 497 548 570 γάί·
595 498 798 563 αὐτοὺς
850 499 1254 572 παρέπεμπον·
1313 503 1396 558 ιτι
1455 505 1513 559 δὲ
1563 520 1656 561 και
1709 509 1788 563 tm

1908 519 2165 587 populum
2203 520 2351 591 ipsos
2385 539 2574 580 servos
2599 527 2936 585 transmisit:
2973 539 3236 600 praeterea
3269 549 3488 606 quoque

217 585 392 642 αὐτοῦ
448 588 542 642 τοῦ
601 590 865 660 νυμφίου.
897 591 1008 646 Καὶ
1053 593 1156 664 δρα
1189 595 1290 661 τὴν
1333 596 1535 651 κακίαν
1569 599 1668 670 μέν
1693 601 1804 654 τῶν

230 676 528 740 Ἰουδαίων,
585 680 900 754 ἀγαθότητα
959 681 1016 735 δὲ
1075 683 1172 738 τοῦ
1229 687 1504 759 Σωτῆρος.
1573 690 1805 746 Ἀνεῖλον

217 769 390 824 αὐτὸν
427 770 648 824 έκεῖνοιο
683 773 712 824 ὁ
748 771 948 828 δὶααὶ
976 777 1157 843 φονεῖς
1209 776 1370 842 ὄντας
1425 781 1592 836 αὐτοῦ
1644 784 1808 838 πάλιν

219 861 384 914 καλεῖ
428 861 564 932 πρὸς
605 863 947 936 εὐφροσύνην
985 867 1227 934 αἰώνιον,
1268 871 1319 923 οί
1357 871 1414 925 δὲ
1455 873 1799 945 ἀποπηδῶσι.

293 1043 488 1098 Πάιιν
523 1074 591 1084 -
625 1044 874 1115 γάμους.
927 1047 1232 1120 Προτίρους
1270 1051 1370 1122 μιν
1417 1054 1638 1120 δούλους
1692 1058 1810 1114 νόει·

216 1135 352 1194 τοὺς
390 1134 522 1205 περὶ
559 1135 786 1205 Πέτρονο
829 1137 1095 1208 ὑστέρους
1128 1141 1207 1206 δέ,
1238 1142 1369 1207 τοὺς
1404 1146 1535 1215 περὶ
1567 1148 1801 1204 Παῦλον.

221 1225 482 1295 Ἀριστον
511 1225 569 1278 δὲ
604 1229 699 1282 καὶ
721 1228 958 1300 ταύρους
991 1233 1088 1285 καὶ
1120 1235 1335 1289 σιτιστά
1365 1237 1664 1308 τεθυμένα,
1683 1242 1800 1295 είτ-

217 1332 337 1380 ουν,
373 1318 810 1390 ηὐτρεπισμένα,
842 1323 1054 1393 εἴρηκε,
1086 1327 1225 1379 κατά
1251 1327 1312 1379 τὸ
1340 1328 1400 1381 ὲν
1459 1332 1572 1394 τοῖς
1601 1332 1801 1402 γάμοις

219 1406 367 1465 ἔθος.
407 1404 529 1460 Εἶεν
567 1408 613 1463 δ’
649 1412 716 1463 ἂν
752 1412 924 1465 ταῦτα
956 1414 1194 1470 ἄνταῦθα
1234 1417 1336 1488 μιν
1358 1460 1374 1485 ,
1415 1420 1448 1491 ή
1478 1423 1660 1493 τρυφὴ
1692 1423 1800 1477 τῶν

217 1496 386 1552 θείων
405 1498 716 1568 δογμάτωνο
747 1502 864 1555 ἐκεῖ
889 1503 968 1570 δὲ,
999 1507 1032 1575 ή
1063 1507 1317 1577 οὐράνιος
1343 1510 1525 1583 τρυφὴ
1549 1513 1641 1566 καὶ
1664 1514 1801 1566 ἀπύ-

213 1588 434 1652 λαυσις.
467 1592 568 1644 Διά
593 1591 650 1644 δὲ
681 1592 788 1645 τῶν
815 1594 1034 1665 ταύρων
1063 1599 1159 1651 καὶ
1189 1598 1299 1652 τῶν
1331 1603 1590 1658 σιτιστῶν
1619 1605 1679 1657 τὸ
1707 1623 1798 1674 φι-

212 1680 442 1754 λότιμον
471 1683 566 1738 καὶ
594 1684 886 1751 πολυτελὲς
915 1688 1013 1759 τῆς
1044 1690 1280 1762 εὐωχίας
1307 1693 1654 1765 δμφαίνεται.

289 1871 360 1923 οι
405 1896 476 1910 —-
519 1868 732 1924 αὑτοῦ.
785 1871 1324 1945 Καταφρονήσαντες
1377 1877 1477 1960 τῇς
1528 1877 1794 1951 κλήσεως.

207 1960 460 2029 ἀπῆλθον
496 1963 576 2026 είς
609 1963 680 2017 τὰ
706 1965 885 2017 οἰκεία
917 1965 1077 2037 ἔργα,
1114 1970 1419 2038 τουτέστιν,
1445 1971 1657 2042 εἴχοντο
1689 1975 1799 2029 τῶν

209 2056 527 2125 προτέρων.

279 2147 350 2198 Ol
385 2144 453 2199 δὲ
484 2145 684 2200 λοιποί
722 2176 780 2186 -—-
817 2147 1201 2207 ἀπέκτειναν.
1249 2154 1314 2206 Ὠ
1355 2157 1456 2224 τῆς
1502 2157 1795 2228 ἀναισχυνο

207 2234 364 2297 τίαςῑ
393 2238 455 2290 οὐ
489 2238 650 2307 μόνον
677 2238 778 2292 οῦκ
798 2234 983 2310 ἦλθον,
1016 2242 1156 2297 ἀλλά
1178 2246 1272 2298 καὶ
1298 2247 1427 2310 τοὺς
1446 2249 1797 2321 ἀπεσταλμέ-

207 2343 342 2390 νους
393 2330 532 2399 πρὸς
588 2330 787 2394 αὐτοὺς
844 2330 1075 2402 ὕϐρισαν
1124 2337 1221 2390 καὶ
1279 2339 1631 2396 ἀπέκτειναν.
1683 2345 1796 2399 Καὶ

207 2419 272 2470 ὲν
328 2419 428 2489 μὲν
470 2425 537 2492 τῇ
590 2422 942 2495 προλαόοὑσῃ
995 2428 1278 2501 παραϐολῇ
1327 2433 1379 2486 oi
1431 2436 1795 2503 ἀπαιτοῦντες

205 2511 338 2573 τοὺς
375 2512 622 2581 καρποὺς
662 2513 1004 2585 ὲσφάγησανο
1040 2521 1098 2571 ὲν
1129 2519 1301 2592 ταύτῃ
1331 2522 1388 2577 δὲ
1418 2528 1465 2579 oi
1501 2527 1796 2594 καλοῦντες

206 2602 293 2663 είς
318 2603 446 2663 τοὺς
476 2604 707 2673 γάμους.
727 2606 791 2657 Τί
818 2607 1024 2676 ταύτης
1055 2605 1173 2662 ἴσον
1190 2613 1511 2682 τῆςέμανίας
1535 2635 1550 2683 ;
1580 2618 1745 2674 Ὅσον
1766 2622 1794 2674 ό

207 2692 472 2760 βασιλεὺς
501 2695 880 2766 ἐμακροθύμει
911 2701 1004 2754 καὶ
1033 2702 1575 2774 ἐφιλανθρωπεύετο,
1604 2711 1794 2765 τοσοῦο

203 2801 301 2837 τον
332 2777 478 2840 οὗτοι
509 2787 904 2859 ἐσκληρύνοντο
931 2795 1021 2846 καὶ
1049 2796 1356 2866 ήγρίαινον.

277 2877 390 2930 Καὶ
419 2879 692 2946 ἀκούσας
720 2911 792 2922 -
816 2883 1175 2953 ἐνέπρησεν.
1211 2889 1316 2943 Ἴδε
1340 2891 1668 2963 κηδεμονίαν
1697 2899 1791 2952 καὶ

206 2969 602 3039 μακροθυμίαν
656 2974 884 3040 ἄφατον.
958 2978 1284 3045 Ἐφύτευσεν
1335 2982 1639 3051 ἀμπελῶνα
1698 2991 1793 3042 καὶ

200 3063 534 3129 ἀπήρτισεν,
559 3062 769 3126 ἐξέδοτο
801 3065 966 3119 αὐτὸν
989 3072 1260 3138 γεωργοῖς
1289 3072 1384 3125 καὶ
1411 3074 1789 3146 ἀπεδήμησεν,

1908 618 1964 664 et
1990 610 2058 665 ab
2084 611 2202 680 ipso
2242 629 2462 685 sponso.
2493 613 2562 671 Et
2596 616 2719 673 vide
2753 618 2885 674 hinc
2916 621 3140 690 quidem
3175 624 3487 682 Judmorum

1908 702 2249 769 pravitatem,
2281 706 2430 762 illinc
2458 716 2640 763 autem
2681 706 2981 766 Saivatoris
3033 713 3354 770 bonitatem.
3411 717 3490 772 Illi

1905 793 2050 847 enim
2074 795 2412 865 occiderunt,
2476 797 2593 868 ipse
2623 814 2755 856 vero
2784 815 2907 856 cum
2956 814 3144 859 essent
3183 806 3488 867 homicidae.

1907 899 2122 938 rursum
2169 896 2325 942 vocat
2353 902 2446 942 eos
2501 889 2570 943 ad
2614 890 2875 960 gaudium
2922 894 3352 964 sempiternum,
3398 897 3476 951 illi

1903 987 2086 1033 autem
2117 979 2185 1035 ab
2208 996 2275 1034 eo
2301 982 2573 1042 resiliunt.

1978 1067 2136 1122 Vers.
2157 1069 2209 1123 4.
2251 1068 2478 1123 Rursum
2501 1100 2571 1110 —
2593 1074 2828 1140 nuptias.
2858 1071 3076 1130 Priores
3121 1076 3341 1146 quidem
3371 1093 3487 1134 sero

1904 1175 2000 1215 vos
2040 1160 2290 1230 intelligit
2315 1159 2558 1226 Petrum,
2590 1172 2644 1218 et
2675 1164 2768 1235 qui
2798 1181 2921 1219 cum
2950 1181 3017 1220 eo
3049 1176 3209 1222 erant
3239 1185 3254 1232 ;
3298 1178 3489 1240 poste-

1903 1252 2077 1304 riores
2113 1265 2243 1304 vero
2273 1249 2496 1306 Paulum
2537 1263 2592 1307 et
2621 1269 2775 1329 suos.
2835 1253 3132 1311 Prandium
3194 1271 3373 1315 autem
3433 1269 3490 1316 et

1904 1354 2089 1395 tauros
2120 1342 2364 1418 etgaltiha
2396 1353 2628 1397 mactata
2657 1346 2773 1398 sive
2806 1356 2992 1414 parata
3025 1348 3162 1401 dixit
3183 1349 3338 1417 juxta
3371 1366 3490 1405 mo-

1903 1450 2015 1488 rem
2044 1436 2132 1503 qui
2160 1435 2364 1489 servari
2388 1434 2525 1489 solet
2566 1435 2622 1490 in
2654 1438 2882 1506 nuptiis.
2920 1438 2987 1493 Et
3012 1438 3100 1494 hic
3129 1441 3349 1510 quidem
3378 1442 3487 1498 dici

1901 1533 2130 1595 possunt
2168 1524 2374 1579 deliciae
2432 1525 2742 1581 divinorum
2801 1528 3156 1599 dogmatum;
3198 1531 3252 1584 in
3302 1530 3487 1586 futuro

1900 1626 2080 1670 autem
2113 1618 2337 1671 caeleste
2361 1618 2614 1687 gaudium
2647 1634 2710 1674 ac
2755 1619 2961 1674 fruitio.
2998 1620 3104 1676 Per
3141 1631 3329 1677 tauros
3354 1637 3487 1678 vero

1900 1718 1954 1762 et
2001 1707 2168 1762 altilia
2209 1707 2524 1778 prctiositas
2559 1725 2620 1764 ac
2679 1711 3084 1782 magnificentia
3118 1711 3351 1767 convivii
3385 1711 3487 1768 de-

1902 1801 2166 1855 claratur.

1976 1891 2128 1947 Vers.
2158 1893 2210 1948 5.
2237 1891 2327 1946 Illi
2351 1923 2419 1934 -—
2447 1909 2622 1948 suam.
2655 1893 3025 1966 Dcspexeruut
3067 1886 3482 1961 invitationem;

1900 1985 2158 2038 abierunt
2186 1984 2248 2038 ad
2281 1985 2497 2055 prepria
2521 2000 2708 2054 opera.
2740 1985 2957 2046 hocest.
2982 1986 3189 2040 detenti
3222 1995 3352 2041 sunt
3375 1987 3482 2052 his,

1899 2091 2020 2146 quze
2056 2075 2236 2145 priora
2259 2090 2322 2128 ac
2347 2076 2560 2144 potiora
2594 2074 2887 2131 habebant.

1971 2163 2123 2218 Vcrs.
2162 2162 2214 2216 6.
2250 2162 2455 2231 Reliqui
2483 2179 2605 2217 vero
2632 2192 2700 2204 —
2731 2167 3056 2221 occiderunt.
3109 2165 3154 2223 Ο
3187 2166 3482 2236 impuden-

1900 2256 2070 2312 tiami
2106 2270 2214 2308 non
2249 2254 2425 2309 solum
2465 2270 2574 2308 non
2611 2266 2907 2319 venerunt,
2948 2258 3044 2312 sed
3088 2266 3144 2313 et
3175 2273 3269 2313 eos
3301 2258 3390 2328 qui
3414 2258 3483 2313 ad

1896 2361 1955 2401 se
1986 2346 2138 2400 missi
2169 2356 2344 2410 erant,
2378 2347 2706 2401 contumelia
2733 2347 3035 2401 aﬂ'eeernnt
3067 2349 3481 2404 etoccideruut.

1897 2440 1963 2493 Et
1997 2419 2058 2494 ini
2088 2439 2410 2508 praecedenti
2441 2439 2662 2509 quidem
2701 2440 2956 2508 parabola
2985 2441 3056 2494 illi
3076 2441 3303 2512 jugulati
3329 2453 3481 2504 sunt.

1895 2531 1986 2599 qui
2023 2529 2233 2584 fruetus
2257 2530 2599 2600 repetebant,
2632 2529 2684 2584 in
2717 2529 2820 2585 hac
2843 2541 3027 2585 autem
3057 2531 3150 2603 qui
3181 2534 3246 2586 ad
3264 2533 3483 2602 nuptias

1895 2622 2181 2677 vocabant.
2239 2621 2376 2688 Quid
2403 2623 2532 2678 huic
2561 2623 2793 2677 insania:
2825 2623 3034 2693 aequari
3068 2623 3319 2693 poterit?
3361 2623 3482 2689 Quo

1894 2716 2065 2785 magis
2086 2731 2178 2769 rex
2211 2717 2424 2782 patiens
2453 2725 2536 2768 est
2567 2725 2622 2768 et
2654 2716 2954 2778 humanus,
2990 2729 3058 2771 eo
3083 2714 3337 2770 duriores
3370 2713 3484 2770 elli-

1897 2808 2117 2860 ciuntur
2149 2807 2204 2859 hi
2228 2821 2293 2860 ac
2322 2806 2641 2862 ferociores.

1963 2901 2121 2956 Vers.
2147 2897 2444 2969 7.Cumque
2469 2926 2540 2939 -
2561 2899 2845 2953 succendit.
2864 2898 2999 2955 Vide
3026 2899 3478 2970 gubernationem

1894 2992 2010 3063 (uu)
2042 3007 2106 3047 ac
2136 2991 2482 3046 tolerantiam
2516 2991 2871 3046 ineﬂ‘abilem.
2894 2989 3170 3046 Plantarit
3192 2993 3406 3045 vineam
3425 2999 3483 3045 et

1894 3083 1959 3136 ad
1995 3082 2295 3151 perfectura
2329 3082 2623 3152 perduxit;
2681 3083 2906 3138 tradidit
2937 3098 3061 3138 eam
3097 3082 3374 3153 agricolis,
3422 3091 3480 3137 et

205 3151 538 3204 ἀπέστειλεν
568 3155 628 3205 ὲν
652 3154 825 3224 καιρῷ
845 3156 1066 3220 δίύλους
1087 3159 1336 3215 ἁπαιτῶν
1366 3164 1495 3228 τοὺς
1516 3169 1787 3237 καρπούς.

1898 3190 2121 3246 peregre
2168 3174 2445 3244 proiectus
2474 3185 2575 3231 est.
2613 3175 2813 3232 Emisit
2869 3176 2924 3230 in
2971 3184 3220 3246 tempore
3281 3190 3476 3230 servos

203 3243 431 3295 Τούτων
466 3243 881 3314 ἀναιρεθέντων,
923 3247 1243 3304 ἀπέστειλεν
1275 3252 1491 3319 ἀλλους.
1523 3259 1634 3312 Καὶ
1661 3262 1789 3314 τούο

201 3351 317 3387 των
353 3334 704 3402 σφαγέντων,
740 3336 986 3407 επεμψεν
1023 3341 1186 3394 αὑτὸν
1219 3343 1313 3396 τὸν
1348 3347 1465 3398 υίὸν
1496 3350 1665 3403 αὑτοῦ
1695 3353 1789 3405 τὸν

199 3427 514 3495 ἀγαπητόν.
552 3427 662 3480 Καὶ
699 3428 894 3484 τούτου
935 3432 1326 3501 φονευθέντος,
1359 3439 1654 3511 ἠνέσχετο,
1692 3445 1789 3498 καὶ

202 3519 414 3588 μᾶλλον
441 3519 770 3584 ἀποστείλας
805 3521 1047 3590 δούλους,
1083 3528 1311 3581 ἐκάλεσε
1341 3533 1468 3595 τοὺς
1499 3538 1682 3602 φονεῖς
1707 3539 1788 3602 είς

197 3611 440 3680 εὐωχίαν
488 3612 868 3683 ἀτελεύτητον.
906 3617 1021 3670 Οὐκ
1069 3619 1345 3691 ἠθέλησαν
1378 3622 1576 3681 ἐλθεῖν.
1615 3628 1787 3684 Πάλιν

197 3703 289 3756 ἑτέ
302 3719 430 3772 ρους
460 3704 803 3760 ἀπέστειλεν.
839 3709 902 3759 Ol
935 3707 992 3762 δὲ
1037 3711 1133 3764 καὶ
1154 3712 1381 3778 τούτους
1411 3717 1639 3773 ἀνεῖλον.
1679 3720 1785 3774 Τό-

193 3810 257 3846 τε
323 3793 534 3858 λοιπὸν,
592 3795 667 3859 ὡς
719 3797 915 3852 ἀνίατα
995 3802 1326 3870 νοσοῦντας,
1381 3808 1600 3880 ἀναιρεῖ
1655 3814 1785 3874 τοὺς

197 3887 605 3958 παμπονήρους
649 3888 746 3942 καὶ
790 3891 1045 3959 μιαρούς.
1092 3893 1492 3968 Στρατεύματα
1527 3902 1584 3956 δὲ
1614 3903 1782 3959 αὑτοῦ

193 3983 307 4032 νόει
356 3979 455 4070 τάν
491 3980 876 4051 στρατεύματα
912 3982 1019 4036 τῶν
1066 3985 1376 4056 Ῥωμαίων·
1425 3991 1629 4058 πάντες
1673 3996 1783 4070 γάρ

190 4071 290 4124 τοῦ
318 4069 460 4125 Θεοῦ
490 4073 632 4126 εἰσιν
659 4073 804 4128 κατά
834 4075 928 4128 τὸν
957 4075 1116 4144 λόγον
1152 4080 1251 4148 τῆς
1281 4081 1669 4155 δημιουργίας·
1704 4069 1779 4158 ἀ,

192 4167 292 4218 ἐπὶ
356 4166 778 4222 υύεσπασιανοῦ
835 4169 932 4222 καὶ
990 4170 1190 4234 Τίτου,
1253 4175 1348 4228 καὶ
1407 4179 1534 4241 τοὺς
1597 4185 1782 4249 φονεῖς

191 4256 569 4326 κατέσφαξαν,
611 4259 704 4311 καὶ
734 4258 831 4330 τὴν
862 4259 1018 4314 πόλιν
1051 4263 1252 4329 αὐτῶν,
1284 4267 1351 4321 τὰ
1400 4265 1778 4343 Ἱεροσόλυμα,

189 4351 533 4419 ἐνέπρησαν.

265 4441 412 4496 Τότε
443 4471 511 4480 -
542 4441 789 4512 γάμους.
831 4444 1110 4510 Διεξόδους
1140 4448 1249 4501 τῶν
1281 4448 1418 4502 ὁδῶν
1474 4451 1626 4522 λέγει
1675 4456 1777 4521 τὰς

191 4534 385 4595 πόλεις
433 4534 528 4586 καὶ
569 4533 764 4605 κώμας
812 4536 918 4590 τῶν
974 4537 1166 4593 ἐθνῶν.
1219 4543 1605 4608 Διεξόδουςίδὲ
1661 4548 1773 4602 τῶν

185 4627 328 4681 ὁδῶν
361 4626 566 4688 ταύτας
597 4625 875 4697 ὠνόμασε,
916 4627 1094 4697 δηλῶν
1125 4631 1184 4684 τὸ
1213 4633 1632 4706 ἀπερριμμένον
1660 4639 1773 4694 τῶν

187 4719 388 4774 ἐθνῶν.
429 4719 516 4770 Ἐν
537 4721 656 4780 ταῖς
676 4717 929 4784 διεξόδοις
949 4720 1058 4790 γάρ
1079 4723 1129 4774 oi
1154 4725 1558 4795 ἀπερριμμένοι
1588 4746 1774 4784 κατοι-

184 4809 372 4862 χοῦσι.
407 4806 630 4877 Πρῶτον
666 4806 765 4876 μὲν
795 4808 904 4879 γὰρ
931 4812 977 4862 οἱ
1010 4811 1302 4866 ἀπόστολοι
1335 4817 1447 4880 τοῖς
1492 4817 1773 4884 Ἰουδαίοις

184 4904 519 4972 ἐκήρυσσον,
560 4901 640 4953 ἔτι
673 4901 806 4970 παρ’
834 4901 1018 4966 αὐτοῖς
1056 4903 1232 4968 ὅντεςυ
1265 4908 1388 4961 ἐπεὶ
1426 4909 1482 4962 δὲ
1515 4912 1769 4982 ἀπηλαύ-

183 5009 369 5055 νοντο,
421 4993 556 5058 φησὶ
598 4993 732 5062 πρὸς
776 4994 975 5052 αὐτοὺς
1059 4995 1086 5046 ὁ
1139 4995 1348 5061 Παῦλος
1387 5015 1402 5030 ·
1467 4999 1632 5070 Ὑμῖν
1694 4999 1773 5072 ἦν

181 5082 523 5152 ἀναγκαῖον
554 5083 666 5154 (6Ἷ)
690 5083 923 5150 πρῶτον
954 5087 1295 5156 λαληθῆναι
1328 5091 1434 5144 τὸν
1461 5097 1647 5164 λόγον
1668 5098 1773 5151 τοῦ

185 5176 359 5230 Θεοῦ·
390 5173 601 5241 ἐπειδὴ
626 5172 694 5226 δὲ
724 5174 1012 5242 ἀναξίους
1037 5177 1295 5246 ἑαυτοὺς
1324 5184 1616 5254 ἐκρίνατε,
1641 5187 1770 5242 moi;

181 5269 564 5338 στρεφόμεθα
590 5269 678 5331 εις
704 5266 774 5319 τὰ
809 5267 976 5337 ἔθνη.

285 5416 337 5453 ⁸⁸
357 5416 482 5471 Act.
506 5430 621 5478 xm,
651 5420 740 5473 46.

1895 3275 2150 3336 repetens”
2179 3267 2422 3322 fructus:
2451 3266 2532 3322 his
2554 3266 2880 3330 interfectis.
2909 3267 3090 3322 emisit
3121 3266 3285 3332 alios;
3310 3266 3476 3321 etiam

1897 3357 1982 3412 his
2037 3357 2323 3429 jugulatis,
2361 3374 2522 3413 suum
2576 3359 2726 3414 misit
2778 3358 2953 3413 tilium
3014 3358 3318 3425 dilectum;
3367 3373 3479 3428 quo

1891 3449 2055 3503 etiam
2099 3449 2368 3522 jugulato.
2417 3451 2689 3519 patienter
2753 3450 3058 3517 sustinuit;
3117 3449 3228 3504 imo
3291 3450 3478 3504 missis

1892 3540 2065 3594 servis
2099 3541 2402 3596 homicidas
2434 3541 2502 3595 ad
2534 3541 2792 3612 gaudium
2847 3549 3118 3596 aeternum
3176 3539 3475 3604 invitavit;

1893 3633 2185 3688 noluerunt
2219 3632 2426 3687 venire.
2460 3632 2671 3688 Rursus
2700 3632 2837 3687 alios
2864 3631 3014 3686 misit
3045 3651 3060 3696 ;
3105 3632 3180 3685 illi
3204 3633 3393 3686 autem
3421 3640 3478 3686 et

1890 3725 1990 3779 hos
2014 3725 2429 3780 interfecerunt.
2465 3725 2622 3778 Tunc
2644 3725 2866 3779 demum
2894 3725 3047 3793 quasi
3093 3723 3478 3778 insanabiliter

1887 3826 2232 3887 aegrotantes,
2258 3815 2458 3871 occidit
2488 3815 2748 3871 scelestos
2779 3829 2842 3869 ac
2865 3814 3109 3884 perditos
3135 3814 3278 3868 illos.
3307 3813 3473 3868 Exer-

1887 3909 2030 3963 citus
2090 3923 2221 3963 vero
2257 3908 2376 3976 ejus
2440 3908 2682 3977 intellige
2740 3911 3018 3961 exercitus
3078 3906 3472 3960 Romanorum.

1887 3999 2093 4055 Omnes
2132 3999 2278 4054 enim
2308 3999 2397 4054 Dei
2431 4007 2560 4054 sunt
2605 3999 2814 4053 ratione
2859 3999 3161 4053 creationis
3207 3999 3298 4068 qui
3367 3998 3474 4056 sub

1887 4091 2223 4160 Vespasiano
2246 4101 2302 4146 et
2331 4089 2455 4145 Tito
2487 4090 2790 4145 homicidas
2840 4090 3186 4160 jngularunt,
3219 4104 3282 4144 ac
3331 4089 3474 4144 civi-

1887 4192 2054 4238 tatem
2087 4199 2276 4238 eorum
2305 4182 2680 4254 Hierosolyma
2713 4183 3143 4238 succenderunt.

1956 4461 2113 4519 Vers.
2143 4462 2197 4518 8.
2259 4463 2401 4519 Tum:
2435 4495 2506 4506 —
2545 4465 2696 4520 Vcrs.
2731 4467 2786 4520 9.
2831 4467 3064 4532 nuptias.
3113 4465 3305 4521 Exitus
3348 4467 3470 4522 via-

1882 4569 1999 4606 rum
2031 4553 2162 4608 dicit
2186 4553 2437 4609 civitates
2472 4561 2528 4608 et
2554 4554 2706 4609 vicos
2759 4556 3032 4626 gentium,
3092 4572 3214 4626 qua
3246 4558 3469 4613 vacavit

1879 4641 2069 4698 Exitus
2097 4642 2331 4709 viarum,
2384 4642 2701 4714 signiﬁcans
2750 4644 3116 4712 abjectiouem
3168 4645 3464 4713 gentium;

1879 4734 1931 4787 in
1984 4734 2220 4790 exitibus
2269 4739 2416 4790 enim
2471 4736 2671 4806 abjecti
2727 4745 3161 4792 muniuerantur.
3217 4735 3461 4792 Primum

1875 4826 2144 4897 siquidem
2177 4827 2401 4898 apostoli
2442 4827 2644 4882 Judzeis
2677 4828 3070 4898 pratdiCabnnt,
3107 4844 3230 4882 cum
3284 4829 3467 4884 adhuc

1875 4920 2017 4988 apud
2045 4934 2139 4974 eos
2173 4928 2374 4974 essent.
2413 4919 2706 4989 Postquam
2734 4929 2915 4972 autem
2968 4920 3088 4971 illos
3147 4920 3458 4988 eiecerunt,

1879 5011 2013 5065 dicit
2041 5011 2121 5066 eis
2149 5011 2350 5066 Paulus
2392 5010 2576 5066 :Vobis
2610 5013 2838 5079 oportuit
2883 5012 3113 5079 primum
3154 5012 3294 5081 loqui
3347 5027 3462 5065 vcr-

1880 5103 2001 5156 bum
2052 5103 2146 5156 Dei
2176 5119 2194 5158 :
2228 5105 2352 5173 quia
2379 5116 2557 5157 autem
2598 5104 2840 5157 inditmos
2872 5120 2956 5157 vos
2985 5104 3294 5172 judicastis,
3345 5119 3460 5157 ecce

1880 5196 2230 5248 convertimur
2267 5197 2336 5248 ad
2368 5204 2542 5265 gentes
2565 5195 2633 5249 ".

1392 5538 1590 5600 Varia:
1621 5537 1930 5602 lectiones
1962 5550 2021 5604 et
2058 5553 2250 5607 notae.

256 5635 370 5725 (ti?)
406 5637 482 5690 lta
530 5636 720 5694 laudat
765 5640 1045 5712 Chrysost.
1081 5652 1119 5697 t.
1170 5641 1283 5708 Vll,
1317 5657 1440 5713 pag.
1485 5641 1584 5697 681
1632 5641 1692 5695 Β.
1731 5639 1974 5702 Varictus
2028 5662 2161 5718 ergo
2208 5663 2318 5704 non
2357 5664 2425 5706 ex
2472 5651 2752 5708 codicibus
2781 5654 3040 5715 Actunm,
3079 5652 3173 5709 scd
3217 5653 3454 5725 Chryso-

182 5708 368 5762 sterni.

255 5803 371 5873 (un)
412 5803 868 5864 (Iul'ernntionem.
903 5806 1098 5863 Curam
