4080 6426
166 431 272 496 589

1003 429 1394 493 CUMMENT.
1435 427 1517 488 ΙΝ
1553 429 2026 490 ΜΑΤΤΗᾸΞΗΜ.
2064 453 2134 464 -·
2169 430 2335 491 CAP.
2372 429 2598 492 XXIII.

3330 427 3437 492 590

160 545 274 616 γὰρ
341 543 440 599 καὶ
500 544 528 597 ὁ
591 543 826 608 Λουκᾶς,
896 543 980 595 δτι
1052 542 1183 596 Ἐνί
1235 539 1356 593 τῶν
1426 538 1749 592 δακτύλων
1776 555 1793 604 Α

1874 556 2012 593 mera
2074 556 2178 594 non
2227 540 2490 610 attingilis
2527 538 2872 595 ".Subditis
2920 537 3192 608 siquidem
3237 537 3441 607 iubent

161 634 330 705 ὑμῶν
352 633 465 704 (95)
493 634 566 687 οὐ
595 635 987 702 προσψαύετε
1011 633 1136 700 τοῖς
1165 633 1452 702 φορτίοις.
1487 630 1602 684 Καὶ
1632 632 1747 691 τοῖς

167 725 272 795 μὲν
307 723 574 794 ὑπηκόοις
608 725 998 779 ἐπιτάττουσιν
1044 725 1328 794 ἀκρότητα
1364 723 1501 792 βίου,
1537 723 1750 784 ἑαυτοῖς

161 819 221 871 δὲ
245 818 432 869 πᾶσαν
471 817 660 871 ἄδειαν
693 818 1078 888 ἐπιτρέπουσι,
1121 816 1242 868 δέον
1278 813 1592 868 τούναντίον
1627 828 1751 865 ποι-

165 911 268 975 εῖν,
297 910 394 961 καὶ
423 909 654 971 ἑαυτοὺς
708 908 810 978 μὲν
846 908 1046 976 μᾶλλον
1091 907 1461 971 κατατείνειν,
1516 903 1752 967 ἐκείνοις

164 998 223 1050 δέ
249 998 318 1052 τά
348 999 521 1052 πολλὰ
552 1000 986 1068 συγγνωμονεῖν.

239 1091 446 1144 Πάντα
475 1119 547 1130 -
582 1090 944 1158 ἀνθρώποις.
982 1092 1188 1155 Πάντα,
1223 1091 1389 1156 mia;
1424 1089 1505 1142 Τὰ
1538 1085 1758 1142 δοκοῦν-

166 1196 239 1234 τα
289 1182 478 1244 αὐτοῖς
530 1180 694 1235 καλά.
731 1181 1139 1252 Παρατήρησον
1177 1180 1257 1244 δὲ,
1287 1182 1373 1233 ὅτι
1404 1182 1472 1233 τά
1505 1181 1757 1250 1:90pm-

169 1273 336 1325 θέντα
361 1272 461 1340 μὲν
490 1271 777 1343 ὠμότητος
803 1269 946 1343 ἦσαν
969 1275 1064 1324 καὶ
1106 1272 1377 1344 ῥᾳθυμίας
1403 1271 1755 1342 ἐγκλήματα,

167 1361 332 1414 τοῦτο
382 1362 440 1414 δέ
501 1362 828 1434 δοξομανίας
875 1362 1121 1433 διαϐολή.
1168 1359 1302 1416 Εἶτα
1347 1362 1642 1426 δείκνυσιν,
1677 1362 1759 1420 ὅτι

167 1454 280 1506 οὐδ’
303 1455 396 1506 ἐπὶ
433 1455 694 1525 μεγά-λοις
729 1453 1128 1524 φιλώοξοῦσιν,
1157 1454 1256 1525 ἐρη
1270 1471 1360 1524 μοι
1390 1453 1758 1524 κατορθωμά-

169 1562 282 1599 των
313 1545 489 1609 ὅντεςο
545 1547 662 1600 ἀλλ’
691 1547 786 1600 ἐπὶ
844 1549 1066 1617 μικροῖς
1100 1563 1214 1600 τισι
1260 1547 1356 1599 καὶ
1404 1545 1702 1611 εὐτελέσιν,
1732 1542 1782 1597 δν

172 1637 272 1691 καὶ
320 1637 456 1690 αὐτὸ
500 1637 794 1709 προσθήκη
825 1639 1039 1708 γίνεται
1068 1637 1170 1706 τῆς
1201 1636 1476 1707 διασολῆς.

248 1823 639 1878 Πλατύνουσι
669 1854 737 1864 -—
756 1823 976 1879 αὐτῶν.
1007 1822 1195 1877 Ταῦτα
1240 1823 1338 1894 μὲν
1369 1819 1533 1894 ἦσαν,
1570 1822 1658 1890 ἐφ’
1681 1818 1762 1888 οἷς

1853 631 2222 692 exactissima,
2253 633 2355 688 sibi
2388 632 2520 701 ipsis
2571 641 2755 686 autem
2818 646 3041 685 omnem
3105 629 3440 700 permittunt

1854 722 2155 788 licentium,
2181 740 2306 779 cum
2329 724 2667 777 contrarium
2699 722 2816 776 ﬁeri
2840 730 3122 790 oporteret
3163 739 3176 776 :
3207 730 3267 774 ut
3329 720 3440 775 sei-

1855 813 2002 882 ipsos
2021 815 2201 884 potius
2219 825 2517 880 arctarent,
2555 815 2678 871 aliis
2708 829 2837 869 vero
2868 813 3037 868 multa
3068 814 3441 882 ignoscerent.

1935 1089 2091 1144 Vers.
2120 1090 2173 1142 5.
2214 1087 2414 1144 Omnia
2445 1119 2514 1130 —-
2543 1090 2859 1142 hominibus.
2901 1089 3118 1154 Omnia,
3142 1105 3393 1159 quasnam
3418 1090 3444 1145 1

1860 1180 1992 1245 Quae
2024 1180 2128 1234 sibi
2157 1179 2300 1234 bona
2327 1179 2607 1234 videnlur.
2635 1178 2703 1233 Et
2729 1180 2959 1235 observa
2994 1183 3137 1250 quod
3171 1183 3446 1252 pnedictze

1861 1273 2246 1324 accusationes
2271 1269 2342 1324 dc
2368 1270 2700 1324 crudelitate
2733 1280 2788 1325 et
2813 1270 3045 1340 segnitie
3083 1282 3242 1325 erant
3273 1288 3288 1337 ;
3342 1272 3448 1327 hoc

1859 1375 1993 1414 vero
2056 1361 2267 1416 crimen
2329 1372 2417 1415 est
2481 1362 2875 1416 insanientium
2927 1363 2997 1416 ob
3056 1379 3210 1417 vane
3265 1364 3451 1433 gloria:

1863 1454 2188 1521 appetitum.
2213 1453 2420 1507 Deinde
2455 1455 2700 1508 ostendit
2730 1455 2874 1522 quod
2920 1469 3103 1523 neque
3134 1455 3202 1509 de
3235 1456 3447 1524 magnis

1866 1544 2187 1614 glorientur,
2219 1554 2406 1614 utpote
2441 1545 2677 1617 egregiis
2707 1549 2972 1616 operibus
3025 1549 3296 1613 destituti,
3351 1552 3451 1606 sed

1866 1636 1934 1691 de
1969 1637 2152 1704 parvis
2182 1637 2508 1706 quibusdam
2539 1648 2590 1692 et
2628 1638 2845 1704 vilibus,
2890 1640 3038 1709 quod
3068 1640 3249 1710 ipsum
3287 1653 3454 1713 auget

1867 1727 2035 1780 etiam
2063 1730 2498 1781 accusationem.

1942 1815 2101 1870 Vers.
2131 1818 2185 1870 5.
2219 1816 2781 1873 Duarum—suorum.
2807 1818 2934 1876 Haec
2967 1831 3131 1877 erant
3159 1822 3228 1876 de
3252 1824 3454 1892 quibus

172 1910 548 1980 ἐκενοδόξουν,
578 1914 653 1977 ὡς
681 1915 778 1968 ἐπὶ
803 1914 1223 1985 κατορθώμασι.
1265 1913 1388 1985 Χρὴ
1418 1913 1475 1967 δὲ
1519 1913 1616 1967 καὶ
1642 1909 1772 1983 περὶ

1877 1917 2135 1976 tanquam
2167 1907 2235 1962 de
2269 1909 2506 1976 egregiis
2536 1909 2796 1977 operibus
2854 1925 2994 1964 vane
3057 1911 3453 1980 gloriabantur.

173 2004 386 2058 τούτων
447 2009 646 2060 εἰπεῖν.
710 2007 860 2060 Ἐπεὶ
891 2008 1000 2078 γάρ
1057 2006 1297 2076 συνεχῶς
1338 2005 1769 2060 ἐπελανθάνοντο

171 2095 286 2149 τῶν
317 2098 660 2166 εὐεργεσιῶν
680 2098 772 2151 τοῦ
793 2098 952 2162 Θεοῦ,
981 2098 1320 2168 προσέταξεν
1347 2100 1374 2151 ό
1403 2098 1538 2160 Θεὸς
1567 2098 1770 2168 ἐγγρα-

179 2192 354 2258 φῆναι
377 2190 582 2252 ταύτας
613 2189 899 2259 βιϐλιδίοις
927 2193 1020 2246 καὶ
1060 2191 1431 2262 ἐξαρτηθῆναι
1461 2193 1560 2262 τῆς
1582 2192 1770 2260 χειρὸς

176 2281 291 2334 τῶν
330 2281 699 2344 διδασκάλων,
731 2283 872 2336 ῶστε
901 2285 990 2337 διά
1015 2285 1219 2347 παντὸς
1249 2283 1483 2355 ὁρᾶσθαι
1511 2284 1607 2336 καὶ
1627 2284 1769 2353 μνη-

180 2370 541 2440 μονεύεσθαι.
577 2372 688 2426 Καὶ
708 2373 777 2426 τὰ
803 2372 1031 2427 τοιαῦτα
1064 2372 1298 2442 βιϐλίδια
1340 2373 1630 2442 ὠνόμαζον
1661 2391 1768 2442 φυο

178 2460 483 2531 λακτήρια,
517 2462 605 2516 διά
631 2462 695 2515 τὸ
725 2465 1022 2531 φυλάττειν
1079 2466 1175 2517 καλ⁵
1211 2463 1463 2536 ῥύεσθαι.
1501 2465 1615 2518 Καὶ
1661 2463 1770 2517 πά·

180 2553 290 2615 λιν,
335 2553 423 2607 ῖνα
446 2553 522 2624 μὴ
568 2554 1042 2608 ἐπιλανθάνωνται
1070 2555 1181 2609 τῶν
1207 2555 1438 2608 ἐντολῶν
1476 2555 1571 2607 τοῦ
1605 2554 1766 2619 Θεοῦ,

182 2644 447 2698 ἐκέλευσε
525 2647 758 2716 κλῶσμα
811 2646 1126 2699 ὑακίνθινον
1193 2646 1651 2718 ⁸ιιροσράπίιτεσθαι
1701 2647 1768 2715 τῇ

182 2739 329 2790 κατά
358 2739 484 2802 τοὺς
517 2739 687 2801 πόδας
735 2738 818 2810 Cb;
853 2740 949 2793 τοῦ
986 2739 1209 2809 ίματίου
1242 2739 1447 2802 αὐτῶν,
1480 2739 1592 2803 ἵνα,
1635 2738 1775 2791 πάν-

180 2845 310 2881 τοτε
335 2830 686 2900 φαινόμενον,
712 2831 1112 2904 ὑπομιμνήσκῃ
1131 2831 1358 2893 τούτους
1379 2830 1488 2883 τῶν
1509 2829 1767 2884 ἐντολῶν.

184 2920 302 2972 Καὶ
323 2922 393 2974 τά
421 2921 651 2974 τοιαῦτα
683 2924 914 2978 ἐκάλουν
941 2923 1276 2992 κράσπεδα.
1321 2924 1382 2976 Oi
1414 2920 1545 2989 γοῦν
1580 2923 1771 2992 Γραμ-

187 3014 385 3081 ματεῖς
410 3014 503 3066 καὶ
531 3015 818 3084 Φαρισαῖοι
863 3013 975 3068 τῶν
1013 3016 1112 3084 μὲν
1145 3014 1378 3066 ἐντολῶν
1412 3013 1674 3082 ἠμέλουν,
1700 3012 1774 3066 τὰ

185 3102 245 3153 δὲ
278 3101 507 3156 τοιαῦτα
535 3105 884 3176 φυλακτήρια
920 3105 1130 3158 πλατέα
1179 3102 1588 3167 κατεσκεύαζον
1647 3105 1775 3156 ἑαυ-

187 3195 330 3257 τοῖς,
364 3196 458 3247 καὶ
486 3196 553 3248 τά
590 3197 829 3267 ρηθέντα
856 3197 1145 3268 κράσπεδα
1171 3197 1282 3250 τῶν
1317 3196 1552 3265 ἱματίων
1589 3195 1772 3249 αὐτῶν

1869 2001 2096 2070 Oportet
2123 2013 2308 2055 autem
2348 2010 2402 2055 et
2434 2001 2502 2055 de
2529 2002 2619 2055 bis
2651 2002 2859 2056 dicere.
2885 2003 3022 2068 Quia
3073 2005 3336 2059 continue
3361 2006 3457 2060 Dei

1868 2091 2258 2146 beneﬁciorum
2285 2092 2771 2156 obliviscebantur,
2802 2093 2965 2161 jussit
2991 2110 3058 2149 ea
3087 2093 3229 2150 Deus
3262 2097 3458 2150 libellis

1870 2181 2121 2243 inscribi,
2181 2191 2238 2236 et
2284 2183 2680 2252 magistrorum
2740 2185 2977 2254 appendi
3053 2186 3329 2252 manibus,
3401 2198 3460 2241 ut

1871 2287 2090 2342 semper
2113 2272 2454 2337 viderentur,
2489 2285 2542 2328 ct
2574 2275 2627 2326 in
2659 2279 2922 2330 memoria
2952 2276 3306 2332 haberentur.
3349 2277 3462 2331 llu-

1867 2366 2110 2437 jusmodi
2163 2383 2296 2422 vero
2355 2369 2582 2423 libelluli
2637 2369 2972 2439 pliylacteria
3015 2371 3362 2434 dicebantur,
3392 2385 3460 2424 eo

1873 2461 2021 2530 quod
2043 2461 2114 2514 ab
2137 2460 2414 2515 oblivione
2438 2471 2725 2515 servarent
2757 2477 2819 2515 ac
2835 2471 3212 2533 protegerent,
3240 2463 3345 2514 ἀπὸ
3365 2460 3461 2514 τοῦ

1874 2553 2152 2624 φυλάττω.
2211 2552 2451 2607 Rursum
2512 2569 2583 2608 ne
2654 2563 3056 2623 praeceptorum
3125 2552 3216 2607 Dei
3272 2553 3466 2607 obliti-

1873 2655 2183 2707 scerentur,
2211 2645 2375 2714 jussit
2415 2643 2561 2699 Deus
2614 2644 2980 2716 fragmentum
3043 2646 3462 2716 byacintbinunt

1874 2735 2200 2805 assuijuxta
2230 2735 2397 2804 pedes
2433 2751 2544 2790 ora:
2575 2737 2889 2806 palliorum,
2932 2745 2994 2790 ut
3029 2752 3244 2805 semper
3289 2753 3463 2806 appa-

1876 2842 2024 2891 rens,
2083 2827 2186 2880 bos
2223 2820 2618 2896 przecepto'rum
2655 2828 2749 2881 Dei
2799 2843 3076 2882 memores
3103 2829 3364 2892 eﬁiccret,
3409 2839 3475 2884 et

1875 2918 1994 2973 haec
2024 2919 2297 2972 vocabant
2321 2919 2629 2987 κράσπεδα.
2661 2919 2768 2973 boc
2819 2929 2904 2973 est
2930 2920 3196 2988 ﬁmbrias.
3257 2920 3464 2976 Scriba:

1876 3009 2063 3078 itaque
2090 3017 2146 3062 et
2173 3007 2434 3063 Pharisaei
2479 3016 2755 3080 praecepta
2807 3009 3034 3079 quidem
3087 3010 3460 3081 negligebant,

1877 3099 2194 3170 hujusmodi
2227 3111 2413 3153 autem
2449 3100 2573 3154 latis
2605 3100 2961 3170 phylacteriis
2993 3114 3117 3154 sese
3169 3104 3463 3168 ornabant,

1877 3190 2156 3258 dictasque
2207 3189 2451 3243 ﬁmbrias
2514 3189 2804 3259 palliorum
2869 3205 3094 3244 suorum
3164 3190 3462 3261 plurimum

191 3253 414 3354 μεγάλα
447 3253 765 3357 άπῃῶρουν,
797 3253 1226 3358 ἐναδρυνόμενοι
1259 3253 1468 3349 τούτοις
1493 3288 1590 3340 καὶ
1610 3287 1775 3354 ἀνοή-

1879 3253 2268 3334 distendebant
2290 3294 2308 3333 ι
2334 3279 2421 3332 bis
2449 3253 2744 3349 gloriantes
2764 3279 3008 3347 ac_stulte
3027 3295 3150 3334 sese
3165 3253 3236 3350 ξεί
3256 3289 3460 3336 tantes.

191 3393 306 3440 τως
366 3380 844 3449 ἐνσεμνυνόμενοι.
897 3381 1086 3432 Ταῦτα
1144 3379 1201 3432 δέ
1240 3379 1432 3443 στολὰς
1463 3379 1491 3431 ό
1544 3377 1775 3447 Μάρκος

191 3471 486 3539 ἐκάλεσεν,
532 3473 724 3528 εἰπών·
775 3474 1042 3530 Βλέπετε
1070 3474 1190 3530 ἀπὸ
1217 3469 1337 3528 τῶν
1364 3474 1773 3544 γραμματέων,

193 3564 405 3633 ἧγουν,
461 3565 824 3635 φυλάττεσθε,
887 3566 1008 3621 τῶν
1055 3567 1358 3622 θελόντων
1401 3567 1470 3619 ἐν
1522 3565 1777 3632 στολαῖς

192 3656 570 3722 περιπατεῖν.
639 3658 871 3728 Ὁμοίως
922 3658 979 3711 δὲ
1013 3655 1136 3712 εἷπε
1201 3658 1296 3712 καὶ
1332 3659 1360 3709 ό
1399 3659 1635 3720 Λουκᾶς.
1669 3657 1779 3710 Καὶ

190 3746 295 3799 οὒκ
325 3749 382 3798 ἐν
405 3747 618 3812 τούτοις
667 3749 850 3817 μόνον,
903 3749 1039 3803 ἀλλὰ
1076 3750 1170 3803 καὶ
1206 3750 1264 3800 ἐν
1303 3747 1513 3819 ἑτέροις
1565 3751 1782 3819 μικροῖς

194 3836 427 3890 ἐνόσουν
478 3838 579 3909 τὴν
627 3839 954 3909 φιλοδοξίαν.
1004 3841 1116 3894 Καὶ
1162 3840 1351 3895 ἄκουε.

268 3928 530 3982 Φιλοῦσί
578 3947 644 3983 τε
690 3960 759 3970 -
813 3933 1216 4002 συναγωγαῖς.
1322 3930 1780 4000 Πρωτοκλισίαν

192 4012 321 4069 εῐπε
363 4018 460 4070 καὶ
508 4020 1060 4089 πρωτοκαθεδρίαν,
1107 4021 1246 4077 διότι
1295 4022 1356 4076 ἐν
1388 4021 1491 4092 μὲν
1519 4024 1632 4086 τοῖς
1665 4021 1778 4074 δεί-

194 4125 354 4170 πνοις
410 4109 798 4175 ἀνεκλίνοντο,⁸
838 4115 895 4165 ἐν
948 4112 1009 4165 δέ
1064 4115 1188 4178 ταῖς
1238 4114 1594 4182 συναγωγαῖς
1632 4113 1781 4167 ἐκά-

194 4199 384 4269 θηντο.

277 4290 391 4346 Kal
433 4322 506 4335 —
543 4292 756 4348 'Pa66l.
815 4293 1038 4349 Φιλοῢσι
1089 4295 1186 4350 καὶ
1239 4296 1368 4358 τοὺς
1420 4294 1776 4364 ἀσπασμοὺς,

197 4384 317 4436 εῐτε
348 4382 478 4446 τοὺς
513 4385 884 4453 σωματικοὺς,
925 4387 1038 4439 εἴτε
1071 4387 1314 4451 καὶτοὺς
1343 4385 1434 4439 διὰ
1459 4386 1787 4456 προσφωνή-

195 4491 363 4537 σεως.
405 4474 628 4528 Φιλοῦσι
661 4477 756 4528 καὶ
803 4478 1090 4532 καλεῖσθαι
1148 4477 1254 4549 ὑπὸ
1302 4477 1414 4532 τῶν
1475 4475 1782 4548 ἀνθρώπων

193 4567 534 4621 διδάσκαλοι.
591 4569 786 4624 Ῥασόὶ
810 4571 916 4644 γάρ
963 4571 1246 4643 Ἐϐραϊστὶ
1272 4573 1301 4624 ό
1327 4570 1672 4630 διδάσκαλος.

282 4659 575 4728 ’Υμεῖς·--
602 4661 765 4715 ἐστε.
799 4663 880 4714 Τά
917 4662 1017 4732 μέν
1056 4663 1193 4718 ἄλλα
1215 4663 1376 4734 μέχρι
1428 4666 1527 4733 τῆς
1563 4661 1786 4716 ἐκείνων

197 4755 542 4824 κατηγορίας
576 4754 828 4821 ἔστησεν,
861 4755 937 4816 ὡς
965 4754 1156 4826 εὐτελῆ
1198 4756 1293 4807 καὶ
1326 4755 1401 4825 μὴ
1431 4755 1663 4823 δεόμενα
1697 4750 1788 4804 λό-

196 4859 304 4912 γου
352 4843 602 4907 πλείονος
650 4846 731 4905 είς
780 4844 1092 4916 διόρθωσιν*
1140 4846 1239 4918 τὴν
1269 4847 1324 4899 δέ
1360 4847 1675 4916 φιλαρχίαν,
1712 4848 1789 4912 ὡς

198 4934 420 4987 πολλῶν
458 4935 638 4988 αἰτίαν
683 4935 896 5003 κακῶν,
929 4939 1009 5000 είς
1048 4937 1214 5007 μέσον
1243 4939 1386 5004 ἄγει,
1423 4938 1517 4990 καὶ
1544 4938 1789 5009 διορθοῦ-

193 5044 292 5080 ται
320 5025 764 5098 σπουδαιότερον.
817 5029 908 5096 Μὴ
959 5027 1224 5095 κληθῆτε
1246 5029 1323 5092 δὲ,
1379 5030 1501 5081 ἀντὶ
1537 5029 1654 5096 τοῦ,
1709 5030 1785 5100 μὴ

198 5118 486 5186 ζητήσητε
533 5119 824 5190 κληθῆναι.
865 5120 927 5174 El
975 5119 1088 5190 γὰρ
1118 5121 1298 5190 ἕτεροι
1345 5122 1504 5174 τοῦτο
1527 5121 1787 5175 καλοῦσιν

198 5211 374 5278 ὑμᾶς,
402 5210 498 5280 οὐχ
529 5209 771 5282 ὑμετέρα
804 5212 963 5265 τοῦτο
991 5208 1360 5282 κατάγνωσις.

311 5441 358 5473 ”
387 5438 522 5495 Luc.
556 5458 632 5505 ιι,
661 5441 752 5495 ιϐ.
865 5443 911 5474 ’³
941 5441 1106 5498 Marc.
1153 5461 1256 5512 xu,
1291 5444 1380 5500 38.

1879 3370 2005 3425 Haec
2021 3380 2206 3425 autem
2227 3369 2442 3427 Marcus
2469 3371 2636 3425 stolas
2652 3372 2969 3441 appellavit,
2994 3372 3184 3427 dicens
3207 3389 3220 3426 :
3247 3373 3466 3443 Prosvi.

1879 3465 2005 3529 cite,
2040 3465 2157 3520 sive
2186 3474 2365 3519 cavete
2394 3482 2427 3518 a
2455 3463 2659 3519 Scribis
2687 3467 2780 3535 qui
2801 3476 2981 3518 amant
3007 3466 3061 3519 in
3098 3467 3250 3522 Molis
3277 3471 3466 3522 anitu-

1881 3557 1994 3610 [ατε
2017 3555 2085 3608 ⁸³.
2120 3554 2386 3611 Similiter
2425 3563 2612 3609 autem
2673 3557 2812 3610 dixit
2850 3568 2907 3610 et
2953 3556 3201 3613 Lucas".
3236 3559 3347 3614 Nec
3408 3561 3465 3614 in

1881 3649 1968 3705 his
2008 3659 2220 3704 tantum
2261 3649 2339 3720 (ά)
2395 3664 2584 3703 amore
2632 3649 2818 3719 gloria:
2861 3649 3064 3705 inﬁrmi
3112 3663 3286 3706 erant.
3322 3653 3465 3710 Audi

1881 3743 2090 3813 itaque.

1953 3919 2112 3976 Vere.
2141 3922 2194 3976 6.
2255 3921 2560 3992 Amantque
2592 3951 2665 3963 —
2701 3924 3005 3993 synagogis.
3044 3923 3250 3979 Primos
3305 3943 3464 3981 accu-

1881 4011 2042 4075 bitus,
2067 4010 2225 4077 dixit,
2254 4011 2312 4066 in
2343 4013 2542 4076 caenis,
2563 4029 2627 4067 ac
2656 4015 2830 4081 prima
2851 4013 3038 4071 sedilia
3065 4015 3121 4069 in
3154 4019 3464 4090 synagogis.

1883 4104 2019 4160 Nam
2046 4105 2103 4159 in
2129 4108 2304 4162 omnis
2324 4107 2744 4175 accumbebant,
2787 4110 2841 4164 in
2875 4111 3168 4183 synagogis
3213 4127 3344 4166 vero
3379 4128 3467 4167 se-

1884 4198 2110 4254 debant.

1955 4293 2111 4348 Vers.
2163 4293 2218 4347 7.
2247 4294 2409 4347 Ac—
2441 4293 2630 4348 Rabbi.
2674 4296 2875 4350 Amant
2932 4295 3314 4362 salutationes,
3353 4296 3469 4351 sive

1883 4401 2117 4457 corpore
2151 4384 2306 4450 ﬁant,
2334 4388 2451 4441 sive
2478 4388 2868 4457 appellatione.
2905 4390 3108 4442 Amant
3166 4396 3222 4443 et
3277 4392 3462 4444 vocari

1884 4477 1955 4533 ab
2042 4479 2362 4534 hominibus
2418 4479 2687 4550 magistri,
2741 4479 2888 4549 quod
2944 4478 3212 4535 Hebraice
3266 4481 3467 4538 dicitur

1816 4600 1861 4654 ι)
1891 4569 2085 4623 Rabbi.

1962 4661 2122 4716 Vers.
2152 4661 2205 4715 8.
2245 4661 2339 4715 Vos
2366 4691 2435 4702 --
2461 4661 2604 4716 estis.
2625 4660 2836 4716 Caetera
2863 4661 3108 4731 quidem,
3175 4679 3347 4732 usque
3403 4667 3469 4720 ad

1891 4755 2109 4809 illorum
2152 4757 2419 4809 duntaxat
2461 4755 2718 4824 perduxit
2771 4755 3175 4809 accusationem
3211 4765 3468 4825 tanquam

1890 4848 2040 4911 vilia,
2073 4862 2175 4901 nec
2202 4847 2268 4900 ad
2295 4847 2380 4900 sui
2403 4847 2805 4902 correctionem
2855 4846 3155 4918 longiorem
3183 4847 3472 4916 requiren—

1888 4941 1962 4994 tia
1981 4955 2313 4993 sermonem.
2355 4940 2700 5008 Principatus
2732 4948 2916 4992 autem
2943 4953 3212 5000 amorem,
3279 4947 3470 5007 utpote

1890 5031 2185 5085 multorum
2224 5045 2443 5085 causam
2479 5030 2771 5095 malorum,
2835 5030 2887 5083 in
2933 5031 3174 5084 medium
3227 5030 3471 5093 adducit,

1894 5139 1960 5178 ac
2014 5123 2331 5193 diligentius
2389 5123 2639 5194 castigat.
2689 5121 2772 5177 Ne
2826 5124 3104 5186 nocemini,
3137 5123 3189 5177 id
3223 5131 3328 5184 est,
3388 5117 3471 5176 Ne

1895 5216 2077 5269 vocari
2098 5216 2306 5284 cupias.
2331 5215 2461 5270 Nam
2486 5219 2528 5270 si
2551 5233 2647 5270 vos
2683 5217 2788 5272 itas
2804 5225 3004 5273 vocent
3025 5215 3137 5282 alii,
3166 5231 3276 5270 non
3295 5211 3474 5269 eritid

1894 5308 1963 5361 ad
1998 5317 2236 5363 vestram
2269 5311 2805 5366 condemnationem.
2915 5310 2918 5312 ⁷

1497 5446 1538 5477 ³⁸
1571 5445 1705 5500 Luc.
1752 5460 1845 5513 ιι,
1878 5447 1966 5501 46.

1403 5605 1602 5665 Variae
1637 5605 1949 5666 lectiones
1988 5613 2047 5666 et
2091 5614 2280 5668 noue.

277 5703 398 5777 (95)
427 5704 640 5773 Αὐτῶν,
668 5722 767 5777 pro
794 5707 971 5778 ὑμῶν,
1012 5709 1075 5762 Δ.

273 5890 355 5952 Ml
391 5889 641 5946 Tantam.
672 5892 729 5946 In
747 5892 936 5947 ϐπεςο
959 5893 1205 5947 additur:
1235 5893 1404 5946 Sedet
1436 5895 1482 5946 in
1520 5894 1640 5946 aliis
1666 5892 1862 5961 exiguis
1889 5894 2055 5944 rebus.
