4100 6394
153 395 263 455 59.3

999 395 1387 456 COMMENT.
1432 393 1508 453 ΙΝ
1553 389 2020 451 MATTILEUM.
2061 414 2129 426 --
2168 392 2327 453 CM".
2371 390 2600 449 XXIII.

3320 381 3424 447 59$

148 509 230 568 ὡς
272 508 409 572 μήτε
442 505 600 560 αὐτοὶ
629 507 1014 579 εἰσερχόμενοι
1045 512 1125 571 εἰς
1163 509 1356 579 αὐτὴν,
1401 508 1492 561 διὰ
1540 507 1639 574 τῆς
1669 509 1750 567 εἰς
1780 543 1788 564 Δ

1869 516 1906 560 ξι
1944 522 2039 562 eos
2066 510 2158 576 qui
2195 507 2350 561 vobis
2387 507 2622 560 subsunt
2652 519 2667 559 :
2694 513 2751 556 ut
2792 517 2967 572 neque
3003 500 3102 570 ipsi
3151 499 3426 558 iuet-eilia-

153 599 259 668 ἔμε
290 599 549 663 πίστεως,
587 600 727 669 μήτε
778 599 974 664 ἄλλους
1024 602 1244 664 ἐῶντες.
1308 602 1744 671 Εἰσερχομένους

150 692 209 744 δὲ
234 692 389 757 λέγει
439 691 568 755 τοὺς
623 694 986 764 ἐπιτηδείους,
1023 698 1148 758 τοὺς
1186 696 1524 763 δυναμένους
1567 695 1746 763 εἰσέρ-

152 782 378 852 χεσθαι.
451 781 656 854 Βαρεῖα
705 785 764 838 δὲ
819 786 983 839 τοῦτο
1042 790 1376 858 κατηγορῖα.
1435 789 1498 841 Εἰ
1551 787 1660 855 γὰρ
1691 787 1748 838 τὸ

158 872 366 941 μηδένα
410 873 646 942 ὠφελεῖν
694 877 982 944 καταδίκη,
1018 879 1080 930 τὸ
1113 881 1207 932 καὶ
1241 879 1505 946 βλάπτειν
1579 877 1750 944 ἀσύγ-

155 981 429 1031 γνωστσν,
487 967 582 1018 καὶ
637 967 834 1035 ἀνδρὸς
883 969 1098 1037 λοιμοῦ.
1153 970 1310 1036 Παρὰ
1361 971 1417 1023 δὲ
1455 970 1530 1038 τῷ
1560 970 1751 1023 Λουκᾶ

157 1074 347 1124 φησιν,
388 1059 470 1110 ὅτι
508 1059 728 1125 Ἥρατε
756 1060 871 1126 τὴν
895 1060 1106 1115 κλεῖδα
1133 1062 1241 1128 τῆς
1263 1062 1544 1130 γνώσεως
1566 1079 1580 1092 ο
1608 1060 1752 1114 οὕτω

164 1147 412 1209 καλέσας
453 1148 556 1216 τὴν
593 1151 675 1214 είς
724 1151 889 1204 αὐτὸν
924 1157 1131 1215 πίστιν,
1185 1153 1261 1216 ὠς
1307 1155 1637 1220 εἰσάγουσαν
1673 1155 1753 1216 είς

155 1235 256 1302 τὴν
289 1236 496 1300 γνῶσιν
515 1237 622 1290 τῶν
654 1240 831 1310 ὀρθῶν
857 1242 1144 1312 δογμάτων
1171 1245 1264 1297 καὶ
1293 1245 1398 1312 τῆς
1422 1247 1748 1315 ἀπορρήτου

158 1329 642 1434 σοςρίας,-ἧντινα
701 1333 886 1389 κλεῖδα
944 1332 1111 1406 ἦραν,
1161 1338 1354 1404 ἦγουν,
1392 1339 1615 1406 ἀφεῖλον
1646 1338 1755 1391 ἀπὸ

159 1437 257 1472 του
287 1440 448 1476 Λαου.

243 1589 394 1644 Οὐαὶ
415 1619 488 1631 --
513 1591 1040 1663 ὐμῷνΒε-ριάγετε.
1071 1595 1193 1648 ἀντὶ
1220 1596 1336 1660 τοῦ,
1366 1597 1755 1666 περιέρχεσθε,

159 1677 500 1751 διατρέχετε.
541 1684 889 1752 Προσήλυτον
942 1687 998 1738 δὲ
1045 1686 1332 1754 ὠνόμασεν
1378 1691 1404 1740 ό
1459 1689 1625 1758 νόμος
1669 1691 1761 1743 τὸν

161 1771 221 1835 ἐξ
250 1772 674 1841 εἰδωλολατρίας
714 1774 1164 1844 προσεληλυθότα
1212 1777 1277 1844 τῇ
1330 1776 1601 1848 θρησκείᾳ
1651 1777 1760 1829 τῶν

174 1863 471 1919 Ἰουδαίων.
534 1864 698 1931 Λέγει
759 1842 939 1916 τοίνυν
965 1867 993 1918 ὁ
1022 1842 1282 1936 Χριστὸς,
1315 1842 1399 1922 ὅτι
1422 1842 1433 1848 τ
1455 1842 1630 1934 Μόγις
1663 1871 1760 1922 καὶ
1793 1842 1833 1895 Β

167 1954 305 2020 μετὰ
348 1955 563 2023 μυρίων
612 1955 796 2008 πόνων
844 1959 1048 2010 ποιεῖτε
1098 1959 1196 2011 ἕνα
1251 1961 1613 2030 προσήλυτον,
1667 1960 1762 2014 καὶ

165 2042 272 2094 οἱδ⁸
312 2042 492 2106 οὕτως
522 2045 688 2097 αὑτοῦ
713 2047 988 2113 φείδεσθε.
1023 2048 1295 2102 Τοσοῦτόν
1335 2052 1458 2103 ἐστε
1498 2053 1591 2103 καὶ
1627 2052 1763 2120 προς

167 2133 452 2201 σωτηρίαν
477 2134 586 2187 τῶν
614 2136 1159 2208 εἰδωλολατρούντων
1188 2140 1479 2211 ἄχρηστοι,
1509 2142 1603 2194 καὶ
1627 2142 1765 2211 πρὸς

167 2224 423 2292 φυλακὴν
485 2226 580 2277 τοῦ
659 2229 1130 2300 προσεληλυθότος
1207 2232 1444 2303 ῥᾴθυμοι
1477 2249 1493 2266 ο
1563 2233 1764 2302 μᾶλλον

168 2313 225 2364 δὲ
282 2316 568 2382 προδόται,
637 2317 1052 2390 διαφθείροντες
1131 2323 1298 2376 αὑτὸν
1347 2327 1414 2394 τῇ
1466 2324 1612 2376 κατὰ
1673 2326 1766 2378 τὸν

173 2404 286 2474 βίον
325 2407 484 2476 ὑμῶν
509 2411 769 2480 πονηρία,
803 2414 896 2464 καὶ
927 2413 1210 2476 ποιοῦντες
1236 2415 1351 2468 υἱὸν
1375 2416 1491 2487 (96)
1514 2418 1763 2489 γεέννης,

169 2497 477 2560 τουτέστιν,
511 2500 717 2552 οἰκεῖον
743 2502 971 2572 γεέννης
1003 2505 1096 2557 καὶ
1131 2506 1284 2570 ἄξιον
1329 2510 1522 2579 αὐτῆς.
1569 2510 1767 2563 Διπλό-

170 2605 327 2655 τερον
355 2590 412 2641 δὲ
439 2587 583 2656 εἷπε,
619 2592 753 2644 διότι
785 2595 893 2656 πᾶς
951 2596 1092 2666 ἔχων
1140 2598 1468 2653 διδάσκαλον
1502 2603 1764 2671 πονηρὸν,

174 2679 235 2729 ού
266 2680 434 2750 μέχρι
462 2682 562 2749 τῆς
589 2683 777 2736 τούτου
812 2686 1009 2750 κακίας
1060 2688 1306 2742 ἵσταται’
1360 2693 1766 2763 παραδείγματι

170 2771 227 2823 δὲ
283 2773 464 2842 τούτῳ
536 2776 824 2847 χρώμενος
891 2780 984 2833 ἐπὶ
1052 2782 1112 2833 τὸ
1193 2786 1373 2853 χεῖρον
1441 2786 1767 2856 προϐαίνειν

171 2863 387 2920 ιῐωθεν.

244 2955 394 3007 Οὐαὶ
444 2986 516 2996 —
564 2960 802 3027 τυφλοί.
861 2962 1023 3031 Ζὴτει
1079 2965 1138 3016 ἐν
1187 2965 1266 3034 τῷ
1301 2967 1536 3038 εἰκοστῷ
1593 2970 1768 3041 ὀγδόῳ

173 3048 459 3118 κεφαλαίῳ
517 3049 616 3120 τὴν
665 3051 926 3122 ἐξήγησιν
965 3052 1082 3118 τοῦ,
1129 3054 1347 3125 Ὀδηγοί
1398 3061 1506 3113 εισι
1573 3064 1768 3131 τυφλοὶ

171 3137 414 3204 τυφλῶν.

251 3231 688 3298 Ὀςοόφείλεω
716 3234 884 3287 Οὐδέν
913 3215 1334 3306 ἐστιξδηλονὸτι,
1369 3239 1549 3294 τοῦτο.
1585 3244 1770 3312 Ὀφεί-

174 3321 255 3373 λει
279 3322 358 3382 δὲ,
386 3324 504 3375 ἀντὶ
528 3324 645 3390 τοῦ,
681 3331 968 3398 χρεωστεῖ.
1021 3330 1082 3381 El
1108 3331 1218 3401 γάρ
1245 3350 1328 3395 τις
1374 3332 1560 3402 ὤμοσε
1586 3336 1771 3390 δοῦναί

174 3434 246 3483 τι,
284 3420 332 3470 εἰ
365 3421 468 3488 μὲν
503 3422 646 3474 κατὰ
670 3421 765 3475 τοῦ
799 3423 930 3476 ναοῦ
969 3422 1210 3492 ὤμοσεν,
1243 3427 1456 3494 ἔλεγον,
1485 3430 1571 3482 ὅτι
1612 3431 1772 3484 οὐδέν

173 3506 293 3557 ἐστι
323 3507 490 3560 τοῦτο
511 3525 524 3538 ο
553 3511 602 3562 εί
630 3510 687 3563 δὲ
716 3512 861 3565 κατά
891 3530 1034 3576 τινος
1053 3515 1260 3584 χρυσοῦ
1289 3519 1770 3589 σκεύους,ἐλεγον,

177 3598 258 3650 δτι
300 3604 595 3669 χρεωστεῖ.
631 3603 820 3656 Ταῦτα
855 3605 912 3660 δὲ
945 3607 1306 3678 ἐδογμάτιζον
1340 3609 1397 3675 ἐξ
1427 3612 1631 3677 ἀνοίας.
1683 3614 1774 3668 Διὸ

180 3692 276 3745 καὶ
303 3693 556 3748 σκώπτει
582 3695 814 3761 τούτους
849 3700 932 3762 είς
963 3700 1200 3770 μωρίαν.

253 3878 453 3944 Μωροι
488 3907 557 3916 —-
581 3881 856 3946 χρυσόνς
887 3881 1211 3954 Τυφλότητα
1244 3885 1457 3950 τούτοις
1497 3888 1772 3956 ὀνειδίζει,

183 3965 282 4036 τὴν
298 3968 400 4037 τῆς
434 3969 637 4039 ψυχῆς.

253 4060 368 4113 Καὶ
399 4089 464 4100 -
490 4061 702 4130 δῶρον.
737 4063 1147 4137 Θυσιαστήριόν
1175 4086 1362 4140 φησιν,
1399 4071 1485 4139 ἐφ’
1513 4065 1576 4125 οῦ
1600 4071 1778 4143 ἔσφα-

183 4155 278 4220 ζον
309 4156 381 4208 τὰ
414 4156 807 4228 προσαγόμενα
841 4159 1087 4230 θύματα.

267 4250 330 4303 '0
381 4280 453 4290 —
498 4249 702 4305 ἐπάνω
747 4254 958 4309 αὐτοῦ.
992 4253 1181 4309 Ταῦτά
1206 4274 1392 4326 φησιν,
1428 4259 1526 4328 ούχ
1548 4258 1625 4321 ὡς
1655 4260 1777 4312 ὲπιο

184 4341 405 4411 τρέπων
469 4344 735 4411 ὀμνύεινσ
787 4346 845 4398 έν
902 4346 1010 4415 γὰρ
1073 4348 1150 4417 τῷ
1211 4349 1448 4417 πέμπτῳ
1491 4353 1776 4421 κεφαλαίῳ

185 4433 474 4495 παντελῶς
498 4435 589 4490 τὸν
609 4437 773 4506 ὅρκον
791 4438 1068 4492 ἐκώλυσεν
1093 4457 1104 4469 ·
1135 4441 1345 4504 ἀλλ’ὡς
1370 4443 1773 4497 τῶνῚουδαίων

185 4526 505 4595 όμνυόντων
529 4530 670 4582 κατὰ
695 4529 805 4582 τῶν
841 4533 1126 4587 τοιούτων.

259 4622 407 4674 Οὐαί
444 4652 516 4661 -
541 4625 776 4681 πίστιν.
825 4624 934 4679 Τοῦ
988 4627 1157 4698 νόμου
1202 4628 1281 4701 τῷ
1317 4630 1431 4701 λαῷ
1461 4633 1778 4701 κελεύοντος

186 4713 422 4777 δεκάτας
475 4717 739 4788 παρέχειν
784 4719 1007 4773 πάντων
1047 4723 1159 4775 τῶν
1195 4726 1446 4795 καρπῶν,
1497 4728 1655 4780 αὐτοὶ
1685 4731 1780 4782 καὶ

189 4806 320 4873 περὶ
351 4807 451 4868 τὰς
482 4806 718 4871 δεκάτας
740 4808 836 4862 τοῦ
865 4811 1140 4882 ἡδυόσμου
1190 4816 1282 4867 καὶ
1322 4816 1418 4868 τοῦ
1450 4817 1652 4888 ἀνήθου
1687 4821 1780 4872 καὶ

189 4897 286 4951 τοῦ
340 4899 600 4968 κυμίνου,
643 4903 751 4953 τῶν
807 4902 1232 4970 εὐτελεστάτων,
1289 4908 1775 4978 ἡκριϐολογοῦντο,

191 4992 627 5062 προϐαλλόμενοι
677 4996 768 5048 τὸν
819 4997 1009 5066 νόμον.
1053 4998 1315 5068 Διασύρει
1344 5001 1526 5054 τοίνυν
1554 5002 1775 5065 αὐτοὺς,

188 5082 263 5145 ὡς
297 5083 426 5153 περὶ
453 5084 520 5134 τὰ
545 5083 805 5153 ἐλάχιστα
841 5086 940 5156 μὲν
969 5087 1063 5140 τοῦ
1102 5090 1270 5158 νόμου
1322 5091 1774 5162 παραγγέλματα

189 5175 308 5232 λίαν
348 5177 938 5247 ἀκριϐολογουμένους,
970 5179 1076 5231 τῶν
1103 5181 1160 5233 δὲ
1187 5181 1446 5250 μεγάλων
1499 5183 1774 5251 ἀμελοῦν-

189 5287 307 5331 τας.
359 5272 561 5342 Κρίσιν
591 5271 646 5324 δὲ
686 5271 833 5337 λέγει
892 5273 990 5341 τὴν
1022 5274 1162 5343 ὑπὲρ
1226 5274 1337 5327 τῶν
1371 5276 1770 5345 ἀδικουμένων,

190 5366 287 5415 καὶ
313 5363 485 5427 ἔλεον,
514 5361 612 5415 τόν
651 5363 731 5426 είς
762 5364 887 5427 τοὺς
914 5363 1228 5434 δεομένους,
1272 5365 1368 5419 καὶ
1417 5366 1605 5420 πίστιν
1639 5367 1775 5438 (97),

294 5544 341 5576 ’⁸
373 5544 504 5604 Luc.
531 5561 608 5613 χι,
645 5541 733 5596 52.

1848 601 1981 653 mitti
2016 615 2111 668 per
2143 601 2302 654 ﬁdem
2336 615 2454 668 qua:
2509 607 2592 650 est
2627 597 2680 649 in
2716 611 2820 657 uie,
2858 607 3036 663 neque
3070 593 3204 645 alios
3236 590 3430 644 sinatis

1849 691 2083 760 ingredi.
2140 691 2515 761 [ngredientes
2561 697 2742 741 autem
2795 685 2927 740 dicit
2969 701 3063 740 eos
3119 685 3207 752 qui
3257 684 3431 751 parati

1849 793 2056 836 suntac
2100 790 2334 850 possunt
2354 779 2582 848 ingredi.
2612 777 2806 832 Gravis
2828 787 3107 831 estautem
3142 777 3257 829 lure
3278 790 3438 826 avt-u-

1851 875 2011 928 satio.
2063 873 2190 927 Nam
2240 875 2282 926 si
2331 873 2465 926 uulli
2505 871 2783 940 prodesse,
2821 870 3019 923 sull'lcit
3057 869 3122 921 ad
3170 866 3437 920 condem-

1851 965 2151 1022 nationem.
2187 965 2487 1033 quietiam
2549 971 2736 1023 nocet,
2799 976 3145 1030 nequaquam
3222 959 3438 1011 veniant

1853 1055 2137 1127 percipiet,
2173 1072 2294 1106 rum
2350 1057 2420 1107 sit
2453 1053 2736 1106 hominum
2775 1053 2965 1118 pestis.
3018 1049 3173 1117 Apud
3231 1047 3435 1100 Lucam

1853 1164 1989 1202 vero
2031 1149 2107 1201 ait
2152 1165 2164 1199 :
2216 1147 2434 1200 Tulistis
2480 1146 2680 1198 clavem
2728 1143 2964 1197 scientia:
2997 1142 3082 1200 ”,
3110 1141 3182 1192 ita
3238 1151 3442 1189 vorans

1857 1239 2020 1292 fidem
2070 1253 2190 1308 qua:
2238 1238 2292 1291 in
2336 1252 2394 1290 se
2446 1245 2550 1297 est,
2609 1242 2799 1302 utpote
2866 1231 3307 1286 introducentcm
3373 1226 3440 1279 ad

1858 1332 2139 1387 scientiam
2165 1339 2435 1384 rectorum
2458 1328 2770 1397 dogmatum
2803 1340 2866 1377 ac
2905 1321 3194 1376 ineﬂabilis
3217 1319 3444 1388 sapien-

1857 1426 1966 1485 tiae,
2027 1439 2189 1492 quam
2247 1421 2453 1476 clavem
2512 1419 2756 1472 tulerunt
2803 1416 2919 1470 sive
2985 1415 3336 1467 abstulerunt
3401 1424 3432 1462 a

1860 1518 2082 1589 populo.

1936 1607 2089 1661 V'ers.
2128 1604 2216 1657 15.
2261 1603 2352 1657 Vae
2398 1632 2461 1642 -—
2492 1617 2652 1672 quam
2685 1615 2793 1653 vos.
2848 1595 3170 1654 Circumitis.
3221 1605 3449 1660 percur—

1863 1699 2008 1755 ritis.
2030 1697 2166 1754 Nam
2195 1698 2247 1752 id
2278 1694 2547 1766 signiﬁcat
2571 1693 2675 1747 hoc
2697 1691 2818 1745 loco
2857 1683 3446 1758 περιάγετεΡτοεοιγη

1863 1800 1978 1846 tum
2018 1800 2198 1845 autem
2243 1787 2548 1858 appellabat
2594 1785 2681 1839 lex
2710 1799 2858 1846 eum,
2892 1781 2982 1850 qui
3035 1779 3103 1833 ab
3149 1775 3451 1831 idololatria

1865 1888 1930 1939 ad
1989 1884 2303 1954 religionem
2357 1879 2655 1936 accedebat
2722 1876 3058 1932 Iudaeorum.
3131 1869 3271 1923 Dicit
3323 1882 3453 1934 ergo

1865 1974 2164 2030 Christus:
2224 1971 2458 2025 lnﬁnitis
2514 1969 2603 2022 vix
2662 1966 2882 2021 tandem
2946 1959 3227 2016 laboribus
3283 1969 3452 2009 unum

1866 2068 2081 2124 efficitis
2107 2067 2466 2136 proselytum,
2500 2072 2554 2116 et
2587 2076 2689 2116 nec
2738 2059 2860 2113 ideo
2891 2055 2968 2109 illi
3010 2051 3258 2120 parcitis,
3317 2048 3455 2102 adeo

1868 2161 2003 2215 estis
2043 2168 2100 2214 et
2126 2158 2192 2212 ad
2226 2157 2460 2210 salutem
2523 2151 2938 2206 idololatrarum
2992 2143 3238 2206 inutiles,
3279 2149 3336 2194 et
3388 2139 3456 2192 ad

1868 2256 1986 2326 ejus
2015 2255 2109 2324 qui
2132 2253 2242 2323 jam
2276 2249 2497 2306 advenit
2520 2261 2736 2318 segnes,
2774 2245 2887 2298 imo
2919 2242 3100 2312 potius
3125 2237 3453 2308 proditores,

1869 2356 2283 2416 corrumpentes
2325 2359 2451 2398 eum
2500 2342 2627 2396 vita:
2659 2346 2854 2393 vestra:
2883 2333 3126 2403 nequitia
3164 2341 3216 2384 et
3255 2328 3456 2381 facien-

1870 2449 1952 2495 tes
1984 2455 2108 2494 eum
2143 2438 2313 2491 tilium
2348 2435 2636 2506 gehennae.
2669 2430 2724 2484 id
2757 2437 2860 2492 est,
2893 2424 3214 2480 familiarem
3251 2419 3458 2488 gehen~

1869 2547 1975 2594 me,
2011 2538 2062 2584 et
2094 2544 2154 2583 ea
2201 2528 2448 2598 dignum.
2481 2525 2541 2579 In
2575 2522 2741 2592 duplo
2773 2528 2951 2574 autem
3003 2513 3158 2568 dixit.
3204 2510 3463 2578 Quisquis

1870 2623 2017 2675 enim
2052 2627 2447 2688 prmceptorem
2473 2615 2640 2667 habet
2665 2624 2912 2681 pravum,
2965 2621 3073 2659 non
3111 2604 3258 2658 illius
3309 2601 3462 2654 sistit

1871 2712 2112 2774 malitia,
2174 2710 2270 2764 sed
2344 2707 2466 2780 ejus
2499 2716 2659 2760 utens
2713 2700 2983 2770 exemplo,
3046 2694 3188 2751 solet
3233 2691 3463 2748 ulterius

1872 2805 2192 2876 procedere.

1943 2992 2097 3046 Vers.
2138 2987 2226 3040 i6.
2284 2981 2379 3037 Vw
2415 3009 2482 3025 -ο
2508 2979 2650 3038 crevi.
2708 2976 2900 3042 Quam:
2940 2971 3204 3026 vicesima
3270 2975 3466 3022 octavo

1873 3084 2052 3153 capite
2092 3079 2222 3135 dicti
2254 3076 2403 3130 illius
2457 3070 2864 3128 enarrationem
2913 3065 3089 3121 :Ca’ci
3133 3069 3255 3115 sunt
3309 3057 3466 3111 duces

1785 3172 1831 3230 C
1863 3190 2140 3232 cwcorum.

1943 3271 2104 3326 Vers.
2146 3263 2234 3318 16.
2293 3260 2397 3328 Qui
2429 3291 2494 3299 -—
2527 3274 2645 3312 reus
2688 3264 2765 3310 est
2845 3251 2994 3306 Nihil
3022 3259 3122 3311 est,
3181 3257 3309 3317 puta
3341 3248 3462 3300 hoc.

1875 3361 2010 3415 Reus
2048 3368 2147 3423 est,
2175 3355 2426 3409 videlicet
2456 3349 2645 3404 debiti.
2696 3347 2749 3400 Si
2787 3346 2909 3414 quis
2966 3343 3114 3397 enim
3157 3338 3357 3406 aliquid
3409 3353 3468 3388 se

1875 3450 2206 3503 donaturum
2235 3446 2517 3510 iuraverat
2550 3455 2563 3491 :
2593 3437 2638 3490 si
2689 3434 2910 3504 quidem
2968 3446 3064 3499 per
3120 3427 3381 3495 templum
3416 3425 3471 3477 id

1871 3536 2134 3605 jurasset,
2162 3531 2418 3586 dicebant
2472 3528 2618 3580 hunc
2659 3523 2726 3577 ad
2767 3521 2905 3575 nihil
2933 3517 3178 3605 obligari.
3230 3513 3386 3578 Quod
3423 3513 3470 3566 si

1878 3601 1974 3692 per
2011 3637 2104 3677 vas
2133 3617 2349 3688 aliquod
2374 3628 2601 3669 aureum
2636 3611 2690 3664 id
2727 3611 2992 3678 jurasset,
3020 3604 3274 3658 dicebant
3307 3601 3461 3654 illum

1880 3717 2068 3771 debito
2121 3712 2321 3767 teneri.
2390 3709 2514 3762 llazc
2570 3714 2753 3758 autem
2809 3709 3034 3769 propter
3092 3693 3469 3762 insipieut'am

1876 3808 2146 3865 docebant
2177 3822 2190 3868 ;
2222 3804 2342 3857 ideo
2381 3801 2548 3856 etiam
2573 3799 2772 3851 horum
2808 3794 3003 3847 irridet
3030 3788 3364 3844 fatuitatem.

1951 3901 2104 3954 Vers.
2143 3899 2226 3952 l7.
2264 3894 2427 3951 Suilli
2452 3923 2523 3933 —
2550 3891 2779 3944 aurum?
2805 3886 3114 3942 Cmcitatem
3147 3881 3252 3934 illis
3281 3892 3477 3947 expro-

1877 3997 2022 4059 brat,
2057 4008 2162 4047 non
2197 3987 2463 4057 corporis,
2490 3983 2582 4038 sed
2606 3983 2820 4036 animai.

1946 4087 2103 4142 νει-ε.
2136 4082 2222 4136 18.
2253 4077 2573 4134 Et—Vers.
2610 4074 2697 4127 19.
2727 4074 2942 4126 donum.
2969 4069 3150 4124 Altare
3175 4065 3482 4132 dicitsupcr

1879 4169 2021 4240 quod
2045 4166 2363 4237 jugulabant
2397 4162 2661 4216 adductas
2694 4156 2964 4211 victimas.

1951 4261 2106 4315 Vers.
2139 4259 2233 4312 20.
2257 4257 2361 4323 Qui
2389 4283 2459 4295 —-
2499 4253 2654 4308 Vers.
2687 4251 2776 4302 ‘22.
2806 4251 2858 4301 in
2893 4249 3005 4301 illo.
3045 4247 3170 4301 Hme
3200 4243 3330 4298 dicit
3365 4257 3476 4294 non

1878 4354 2023 4423 quod
2065 4353 2249 4421 jurare
2274 4348 2557 4420 permittat
2596 4364 2608 4397 :
2642 4345 2834 4414 quinto
2869 4343 3017 4396 enim
3064 4341 3241 4410 capite
3281 4338 3478 4407 probi-

1879 4445 1995 4500 buit
2030 4456 2192 4495 omne
2216 4440 2590 4510 jurameutum
2620 4451 2635 4487 :
2678 4433 2773 4488 sed
2820 4432 2966 4502 quod
3001 4431 3172 4486 Judmi
3203 4446 3300 4500 per
3349 4430 3476 4482 talia

1805 4516 1859 4575 D
1884 4537 2157 4608 jurareut.

1966 4628 2117 4682 Vers.
2150 4625 2240 4680 23.
2277 4624 2363 4678 νω
2401 4621 2667 4690 —ﬁdem.
2703 4618 2839 4674 Cum
2876 4617 2958 4671 lex
3000 4615 3200 4686 papulo
3236 4615 3478 4683 iuberet.

1890 4730 1950 4775 ut
2008 4721 2165 4775 daret
2211 4716 2452 4772 decimas
2505 4712 2750 4767 omnium
2817 4709 3117 4769 fructuum,
3157 4706 3260 4776 ipsi
3309 4708 3475 4760 etiam

1891 4813 2033 4868 circa
2067 4807 2325 4873 menthm,
2355 4803 2565 4865 anethi,
2601 4817 2664 4856 ac
2693 4799 2894 4871 cytnini
2922 4799 3308 4850 vilissimarum
3353 4798 3482 4850 her-

1889 4904 2080 4957 barum
2117 4898 2377 4960 decimas,
2418 4902 2664 4948 exactam
2732 4889 3111 4944 subducebant
3182 4889 3476 4946 rationem.

1887 4996 2060 5064 legem
2088 4990 2504 5060 prmtendeutes.
2544 4985 2654 5038 Hos
2685 4998 2814 5053 ergo
2843 4981 3032 5035 irridet
3058 4991 3312 5049 tanquam
3335 4981 3479 5036 circa

1887 5085 2112 5140 minium
2175 5082 2311 5150 legis
2382 5089 2648 5148 przecepta
2720 5075 3067 5130 exactissime
3135 5082 3472 5137 scrutantes,

1891 5193 2083 5246 magna
2138 5189 2268 5229 vero
2331 5173 2685 5241 negligentes.
2748 5169 3019 5223 Judicium
3081 5179 3261 5221 autem
3323 5167 3474 5230 dicit,

1887 5273 2029 5343 quod
2063 5271 2173 5324 ﬁeri
2209 5269 2372 5323 debet
2406 5283 2501 5337 pro
2528 5267 2611 5319 his
2641 5265 2731 5336 qui
2765 5266 2962 5335 injuste
2990 5265 3297 5318 alliciuutur
3331 5264 3474 5332 inju-

1889 5367 1968 5420 ria
2003 5382 2016 5418 :
2050 5362 2499 5425 misericordiam,
2521 5377 2682 5431 quam
2714 5359 2824 5413 fieri
2847 5359 3104 5414 convenit
3135 5359 3188 5412 in
3216 5374 3418 5428 egenos
3450 5375 3464 5410 :

1387 5610 1584 5671 Variae
1619 5607 1923 5671 lectiones
1958 5617 2020 5669 et
2060 5615 2249 5670 notae.

255 5780 363 5864 196)
398 5780 637 5840 Οἱκεῖον,
698 5790 797 5844 pro
842 5772 974 5829 υἱόν.
1012 5774 1075 5828 Α.
1106 5783 1159 5830 et
1189 5788 1313 5829 mox
1359 5771 1495 5836 υἱόν,
1549 5788 1644 5840 pro
1697 5772 1773 5825 ol-

193 5869 352 5908 κειον.

1958 5770 2066 5841 (97)
2105 5771 2211 5824 Και
2248 5771 2343 5842 τὴν
2378 5770 2584 5838 πίστιν,
2619 5772 2685 5828 Α.
