4080 6422
600 381 710 446 599

1836 383 2218 449 E’UTHYMII
2261 386 2628 448 ZlGABENi

3778 394 3872 458 600

598 504 812 565 petrata
854 509 960 556 est.
989 501 1308 558 Zachariam
1344 511 1526 559 autem
1563 501 1782 572 quidam
1821 502 2012 555 dicunt
2055 516 2172 554 eum

2290 501 2481 568 ','06vov
2538 501 2771 566 ἐγένετο.
2825 501 3103 572 Ζαχαρίαν
3157 502 3213 557 δὲ
3269 504 3454 573 οἱμὲν
3515 503 3742 570 λέγουσι
3790 505 3871 555 τίν

596 588 687 655 qui
722 589 825 645 luit
851 578 990 646 unus
1007 593 1298 648 duodecim
1328 594 1760 664 prophetarum:
1800 594 2021 663 quidam
2057 609 2185 647 vero

597 697 746 747 eum,
773 684 864 751 qui
889 683 1030 738 ﬁlius
1051 684 1230 739 Joadae
1254 685 1555 749 dicebatur,
1581 685 1669 754 qui
1697 687 1860 740 etiam
1889 686 2183 740 Zacharias

597 773 975 840 appellabatur
1008 791 1021 826 :
1054 774 1239 843 plures
1279 785 1459 828 autem
1493 785 1699 846 patrem
1737 776 2009 847 Baptista.
2043 777 2184 829 Scri-

597 863 730 916 bunt
750 865 895 917 enim
921 879 980 917 se
995 866 1273 934 accepisse
1292 882 1320 920 a
1345 880 1561 936 patrum
1582 868 1891 928 traditione.
1916 883 2032 936 quae
2046 867 2181 920 citra

595 957 864 1025 scriptum
895 973 990 1026 per
1030 973 1224 1014 manus
1255 961 1506 1028 pervenit
1535 962 1600 1015 ad
1629 971 1903 1030 posteros,
1930 975 2050 1030 qua:
2071 969 2182 1012 tra—

593 1045 863 1101 ditionum
895 1063 1096 1118 genera
1137 1049 1362 1120 ᾶγραφα
1386 1052 1760 1114 nominantur,
1797 1050 1942 1120 quod
1981 1058 2097 1103 erat
2123 1049 2179 1100 in

593 1139 798 1205 templo
835 1138 987 1193 locns
1014 1140 1328 1211 virginibus
1356 1143 1666 1198 destinatus
1693 1159 1706 1196 ε
1739 1158 1768 1196 a
1800 1157 1911 1211 quo
1939 1151 2180 1195 stantem

589 1227 948 1288 quondamin
972 1245 1041 1284 eo
1079 1231 1170 1284 Dei
1201 1231 1425 1286 Matrem
1458 1241 1580 1300 post
1612 1240 1830 1300 partum
1863 1274 1876 1293 .
1912 1248 2020 1285 non
2067 1232 2180 1300 eje-

589 1315 685 1376 cit,
719 1315 909 1369 dicens
966 1318 1230 1389 virginem
1263 1334 1404 1378 esse.
1439 1327 1494 1372 et
1534 1319 1656 1373 ideo
1721 1321 1941 1375 occisus
1978 1331 2063 1376 est
2090 1323 2179 1372 in-

594 1415 677 1457 ter
708 1407 974 1476 templum
1005 1417 1060 1462 et
1084 1409 1256 1462 altare
1285 1410 1554 1464 exterius.

663 1496 817 1551 Vers.
853 1499 940 1552 56.
975 1500 1433 1557 Amen—istam.
1469 1501 1608 1569 Quia
1665 1503 1862 1559 timore
1912 1507 2179 1576 gehennae

591 1604 711 1656 qua:
743 1591 824 1644 eis
858 1591 1208 1660 impendebat
1237 1609 1303 1648 eo
1347 1598 1492 1663 quod
1552 1608 1778 1651 ventura
1837 1610 2008 1659 esset.
2062 1601 2164 1654 hos

592 1694 703 1732 non
731 1683 1112 1735 commovebat
1141 1682 1235 1752 (e),
1263 1692 1501 1736 exterret
1526 1698 1590 1736 ac
1619 1685 1902 1753 propulsat
1930 1700 2026 1740 eos
2089 1701 2179 1740 ca-

593 1768 948 1834 lumitatibus,
972 1786 1093 1839 qua:
1119 1785 1229 1826 non
1260 1772 1419 1843 longe
1453 1783 1577 1844 post
1606 1773 1802 1830 futurae
1822 1785 1982 1831 erant
2011 1794 2024 1830 :
2056 1777 2177 1832 ideo

591 1863 876 1916 conllrtnat
906 1865 1052 1932 quod
1076 1866 1240 1919 etiam
1273 1877 1502 1921 ventura
1531 1878 1662 1922 sunt
1698 1871 1886 1923 omnia
1924 1869 2064 1932 haec,
2095 1869 2177 1923 vi-

592 1949 792 2003 delicet
825 1967 947 2019 quae
979 1953 1300 2010 miserrima:
1336 1968 1465 2012 sunt
1515 1959 1768 2022 ultionis,
1809 1975 1976 2029 super
2012 1975 2178 2029 gene-

593 2041 862 2096 rationem
902 2045 1082 2111 istam,
1121 2047 1236 2101 sive
1269 2064 1436 2118 super
1493 2051 1594 2105 hos
1625 2052 1792 2120 ipsos.
1839 2051 1955 2106 Sub
1976 2051 2177 2120 Vespa-

594 2129 752 2184 siano
818 2132 968 2186 enim
1001 2142 1057 2187 et
1117 2133 1243 2188 Tito
1297 2140 1788 2206 appreltenderunt
1842 2156 1938 2196 eos
1997 2156 2174 2209 qum:

591 2219 855 2276 Romanis
877 2238 1179 2291 provenere
1211 2227 1372 2282 mala.

661 2309 818 2366 Vers.
851 2313 940 2368 57.
977 2313 1274 2370 Jerusalem
1299 2348 1367 2358 —
1397 2321 1467 2372 ad
1497 2331 1566 2373 te.
1603 2320 1680 2374 Ad
1716 2322 1994 2377 civitatem
2043 2341 2176 2380 con-

591 2413 816 2460 vertens
845 2421 1157 2462 sermonem
1187 2409 1436 2479 deplorat
1471 2412 1631 2465 hanc.
1665 2411 2042 2483 Reduplicatio
2073 2433 2172 2471 au-

595 2507 704 2549 tem
771 2498 1183 2567 appellationis,
1245 2503 1745 2559 demonstratioest
1785 2506 2173 2564 miserationis.

590 2589 721 2656 Ejus
756 2591 958 2644 etenim
992 2592 1303 2655 miseretur,
1360 2604 1418 2648 ut
1470 2611 1588 2668 quae
1613 2596 1742 2650 olim
1767 2598 1965 2654 dilecta
2033 2611 2173 2666 erat,

589 2696 739 2735 nunc
770 2697 900 2735 vero
931 2693 1175 2738 extrema
1202 2701 1428 2752 passura
1479 2695 1585 2749 est,
1638 2700 1863 2757 propter
1903 2692 2170 2762 iniquita-

590 2779 673 2826 tes
709 2773 1139 2829 inhabitantium
1171 2776 1224 2829 in
1259 2792 1345 2831 ea.
1408 2776 1831 2848 Consequenter
1860 2793 2042 2837 autem
2076 2800 2174 2838 ex-

588 2865 810 2932 probrat
845 2868 916 2928 ei,
950 2869 1093 2938 quod
1130 2871 1470 2925 interemerit
1522 2873 1818 2941 prophetas
1873 2891 2012 2944 quos
2056 2876 2175 2944 ipse

589 2958 656 3011 ad
679 2973 798 3013 eam
830 2961 1074 3016 miserat.

662 3045 815 3102 Vers.
846 3050 914 3103 37
948 3051 1167 3114 Quoties
1207 3084 1275 3095 —
1302 3057 1568 3112 noluistis.
1604 3060 1783 3125 Volui,
1817 3060 2015 3129 inquit,
2046 3076 2176 3115 con-

2289 593 2381 644 ἐνα
2415 591 2522 643 τῶν
2551 591 2759 645 δώδεκα
2792 594 3110 662 προφητῶν,
3153 596 3202 646 οἱ
3239 596 3294 648 δέ
3345 597 3438 648 τὸν
3463 600 3561 648 καὶ
3587 597 3668 664 (7)
3707 597 3872 648 ’Ῑωδιξ

2288 683 2655 753 καλούμενον·
2681 683 2857 753 ἕτεροι
2898 684 2951 736 δὲ
2991 685 3082 736 τὸν
3118 687 3192 753 (8)
3236 686 3499 755 Ἀζαρίαν
3521 699 3538 716 ⁸
3570 686 3623 738 οἱ
3664 685 3871 737 πλείους

2285 774 2362 837 δὲ,
2393 775 2482 827 τὸν
2533 776 2746 845 πατέρα
2785 776 2878 827 τοῦ
2924 775 3249 831 Βαπτιστοῦ.
3294 777 3578 844 Γράφουσι
3633 777 3762 841 γὰρ,
3798 778 3869 826 ὅτι

2286 867 2594 936 παρέλαϐον
2643 867 2701 931 ἐξ
2729 868 2981 936 ἀγράφου
3030 868 3388 935 παραδόσεως
3433 867 3541 918 τῶν
3601 868 3868 935 πατέρων,

2284 959 2356 1019 ὡς
2402 954 2470 1029 ἦν
2496 960 2661 1022 τόπος
2717 962 2775 1012 ἐν
2805 960 2882 1027 τῷ
2915 959 3025 1027 ναῷ
3058 961 3180 1020 ταῖς
3239 958 3538 1028 παρθένοις
3565 960 3866 1022 ἀποτεταγ-

2287 1048 2467 1118 μένος,
2493 1052 2552 1102 ἐν
2577 1044 2620 1117 ᾧ
2651 1050 2855 1103 στᾶσάν
2882 1067 3011 1102 ποτε
3029 1050 3126 1119 τὴν
3143 1049 3410 1101 Θεοτόκον
3431 1050 3572 1116 μετὰ
3598 1049 3692 1099 τὸν
3724 1048 3869 1098 τόκον

2285 1140 2384 1192 οὐκ
2414 1139 2664 1204 ἐξέϐαλεν
2693 1132 2869 1202 οὗτος,
2892 1139 3084 1204 είπὼν,
3106 1140 3188 1190 ὅτι
3208 1138 3481 1208 παρθένος
3507 1139 3650 1190 ἐστί.
3671 1136 3761 1187 Διὸ
3781 1137 3868 1186 καὶ

2284 1229 2548 1300 ἐφονεύθη
2574 1229 2779 1301 μεταξὺ
2803 1231 2895 1284 τοῦ
2919 1229 3048 1284 ναοῦ
3073 1232 3167 1282 καὶ
3200 1229 3294 1282 τοῦ
3318 1229 3425 1292 ἔξω
3455 1228 3866 1297 θυσιαστηρίου.

2367 1489 2546 1556 Ἀμὴν
2573 1518 2643 1528 --
2671 1488 2917 1555 ταύτην.
2963 1487 3136 1550 Ἐπεὶ,
3171 1486 3264 1538 τδν
3290 1485 3455 1556 φόϐον
3503 1487 3604 1555 τῆς
3652 1487 3866 1554 γεέννης

2282 1581 2664 1650 ἐπικρεμάσας
2727 1579 2933 1642 αὐτοῖς,
2973 1580 3035 1631 οῦ
3092 1577 3351 1632 καθίκετο
3410 1577 3646 1641 τούτων,
3699 1579 3865 1630 διὰτὸ

2282 1672 2500 1742 μέλλειν
2534 1671 2728 1741 αὐτὴν,
2761 1669 2990 1738 ἐκφοϐεῖ
3023 1669 3118 1722 καὶ
3147 1669 3626 1737 κατασφαλίζεται
3646 1669 3865 1732 τούτους

2280 1763 2389 1814 ἀπὸ
2415 1761 2523 1814 τῶν
2557 1762 2657 1814 οὐκ
2685 1763 2764 1824 είς
2799 1759 3019 1831 μακρὰν
3076 1759 3397 1829 συμφορῶν.
3426 1761 3519 1811 Διὸ
3559 1761 3658 1812 καὶ
3690 1761 3868 1812 διαδε-

2283 1852 2552 1916 6αιοῦται,
2581 1852 2733 1921 ἥξειν
2783 1849 2960 1903 ταῦτα
3011 1850 3212 1912 πάντα,
3239 1849 3462 1918 δηλαδὴ,
3488 1850 3558 1903 τὰ
3589 1855 3688 1918 τῆς
3727 1867 3866 1917 παγ-

2282 1946 2517 2015 χαλέπου
2557 1943 2850 2014 τιμωρίας,
2876 1945 2970 1995 ἐπὶ
3014 1941 3114 2011 τὴν
3162 1942 3359 2008 γενεὰν
3402 1941 3637 2011 ταύτην,
3670 1944 3862 2011 ἥγευν,

2281 2041 2368 2090 ἐπ’
2394 2038 2589 2100 αὐτοὺς
2621 2037 2689 2102 δὴ
2720 2036 2969 2097 τούτους.
3013 2036 3137 2087 Ἐπὶ
3173 2035 3596 2086 Οὐεσπασιανοῦ
3629 2037 3735 2104 γὰρ
3778 2037 3866 2087 καὶ

2283 2131 2441 2183 Τίτου
2477 2131 2776 2184 κατέλαϐον
2803 2132 3002 2194 αὐτοὺς
3029 2132 3100 2184 τὰ
3129 2134 3193 2185 ἐκ
3225 2131 3519 2201 Ῥωμαίων
3561 2133 3727 2184 κακά.

2364 2225 2762 2293 Ἰερουσαλὴμ
2792 2254 2864 2263 --
2886 2224 3103 2290 αὑτήν.
3124 2225 3266 2294 Πρὸς
3291 2225 3391 2294 τὴν
3413 2225 3570 2275 πόλιν
3601 2225 3868 2293 ἀποστρέ-

2278 2317 2385 2385 ψας
2413 2319 2502 2368 τὸν
2529 2317 3004 2384 λόγον,ταλανίζει
3036 2317 3245 2386 ταύτην
3265 2332 3279 2346 °
3311 2319 3338 2368 ὀ
3373 2316 3780 2383 διπλασιασμὸς
3807 2317 3862 2366 δὲ

2278 2408 2378 2475 τῆς
2412 2409 2658 2476 κλήσεως
2683 2410 3020 2477 ἐμφαντικὸς
3045 2409 3229 2470 ἐλέους
3254 2409 3431 2461 ἐστίν.
3457 2409 3735 2475 Οἰκτείρει
3764 2409 3866 2474 γὰρ

2277 2500 2505 2570 ταύτην,
2532 2500 2607 2564 ὡς
2646 2501 2811 2554 παλαι
2848 2505 2949 2570 μὲν
3000 2502 3393 2570 ἠγαπημένην,
3428 2500 3527 2553 νῦν
3574 2501 3632 2552 δὲ
3681 2500 3866 2552 παθεῖν

2277 2594 2344 2645 τὰ
2372 2593 2577 2662 ἔσχατα
2618 2594 2944 2662 μέλλουσαν,
2973 2595 3061 2645 διὰ
3091 2594 3188 2655 τὰς
3217 2591 3570 2661 παρανομίας
3619 2591 3729 2642 τῶν
3779 2608 3868 2642 κα-

2277 2687 2604 2739 τοικούντων
2638 2689 2694 2736 ἐν
2733 2687 2893 2754 αὐτῇ.
2920 2686 2994 2738 Τὸ
3026 2685 3070 2737 δ’
3091 2685 3218 2753 ἑξῆς
3249 2683 3510 2746 ὀνειδίζει
3544 2681 3774 2749 ταύτην,
3799 2682 3868 2741 ὡς

2277 2777 2697 2846 διαφθείρουσαν
2725 2779 2852 2840 τοὺς
2883 2777 3195 2847 προφήτας,
3216 2773 3310 2836 οὓς
3348 2774 3516 2837 αὐτὸς
3567 2774 3863 2826 ἀπέστελλε

2280 2870 2413 2939 πρὸς
2445 2868 2637 2937 αὐτήν.

2348 3054 2693 3132 Ποσὰκις-
2712 3054 3072 3123 ἠθελήσατε.
3110 3052 3404 3122 Ἦθέλησα,
3429 3054 3620 3123 φησὶν,
3653 3054 3868 3108 ἐπισυνο

587 3155 811 3211 gregare
855 3143 995 3198 ﬁlios
1025 3154 1148 3201 tuos
1173 3149 1276 3202 sub
1303 3165 1419 3204 mea
1448 3153 1811 3220 protectione,
1860 3169 1997 3221 quos
2044 3169 2171 3222 pec-

2280 3151 2508 3217 αγαγείν
2551 3149 2619 3200 τὰ
2649 3147 2816 3201 τέκνα
2874 3163 2967 3198 σου
3007 3148 3112 3199 ὑπὸ
3147 3148 3246 3216 τὴν
3269 3147 3410 3216 ἐμὴν
3441 3148 3681 3217 σκέπην,
3712 3149 3861 3200 arm

586 3242 704 3286 cata
735 3233 1154 3302 disperseranta
1183 3242 1368 3296 divina
1395 3246 1666 3299 custodia.
1689 3247 1951 3314 Exemplo
1981 3257 2166 3300 autem

583 3324 798 3392 gallina:
825 3343 982 3382 suum
1025 3331 1077 3384 in
1103 3330 1322 3388 Iudaeos
1361 3350 1604 3389 amorem
1643 3338 1905 3391 ostendit.
1941 3338 2171 3404 Quidam

584 3426 767 3472 autem
801 3435 1113 3476 sermonem
1143 3425 1460 3497 intelligunt
1506 3430 1573 3482 de
1609 3428 1816 3484 Iudaeis
1850 3447 1946 3498 per
1994 3432 2174 3486 varias

587 3511 842 3579 regiones
907 3514 1174 3584 dispersis
1225 3522 1328 3572 sub
1393 3522 1668 3590 prioribus
1742 3525 2170 3592 captivitatibus.

585 3604 720 3654 ——Et
746 3603 1013 3669 noluistis,
1042 3623 1126 3662 mc
1146 3624 1254 3662 non
1279 3612 1630 3680 recipientes,
1656 3616 1748 3668 sed
1779 3626 2173 3685 persequentes

586 3704 643 3748 ct
683 3696 936 3753 occidere
988 3699 1337 3756 festinantes.
1407 3704 1488 3758 Ad
1546 3707 1782 3761 civitatis
1839 3709 2175 3765 habitatores

586 3802 783 3842 rursus
818 3804 1131 3846 sermonem
1169 3797 1464 3850 convertit.

658 3973 812 4027 Vers.
873 3975 960 4029 '58.
1019 3977 1151 4030 Ecca
1185 3980 1502 4034 —deserta.
1580 3981 1781 4036 Domus
1826 3995 2004 4039 vestra
2058 3989 2177 4042 sive

585 4066 848 4133 templum
887 4067 1215 4135 relinquitur
1245 4073 1401 4126 vobis
1431 4074 1708 4128 desertum
1741 4077 1810 4130 ab
1837 4077 2174 4135 inltabitante

586 4155 641 4208 in
676 4171 738 4208 ea
779 4156 964 4210 divina
988 4159 1182 4228 gratia.
1209 4161 1320 4216 Hoc
1349 4175 1529 4217 autem
1571 4165 1767 4220 domus
1791 4169 2007 4223 illorum
2032 4181 2170 4236 erat,

586 4255 775 4314 utpote
808 4247 860 4299 in
899 4248 1121 4303 civitate
1151 4266 1338 4305 eorum
1379 4254 1726 4310 :edilitratnm.

662 4337 813 4392 Vers.
843 4339 932 4393 59.
973 4339 1098 4394 Dico
1150 4372 1206 4384 —
1243 4345 1476 4398 Domini.
1507 4344 1572 4398 Et
1593 4349 1810 4416 quando
1843 4350 1945 4405 hoc
1976 4352 2172 4406 dicturi

586 4439 716 4482 sunt
753 4431 775 4482 ?
809 4431 1064 4486 Volcntes
1093 4433 1335 4503 quidem,
1369 4453 1645 4507 nunquam
1673 4458 1686 4493 :
1717 4442 1966 4495 nolentes
1991 4453 2171 4496 autem

2279 3242 2333 3292 αί
2366 3237 2635 3307 ἁμαρτίαι
2663 3237 3061 3304 διεσκόρπισαν
3094 3235 3204 3287 ἀπὸ
3225 3236 3320 3302 τῆς
3346 3236 3498 3297 θείας
3530 3235 3858 3302 ἐπισκοπῆς.

2278 3330 2378 3381 Διὰ
2405 3330 2460 3381 δὲ
2491 3329 2582 3381 τοῦ
2622 3328 3068 3397 παραδείγματος
3097 3328 3194 3396 τῆς
3214 3322 3430 3395 ὄρνιθος
3486 3328 3550 3380 τὸ
3583 3328 3713 3395 περὶ
3743 3328 3862 3388 τοὺς

2290 3418 2581 3480 Ἰουδαίους
2637 3418 2996 3485 φιλόστοργον
3049 3415 3244 3468 ἐαυτοῦ
3293 3415 3561 3468 δείκνυσι.
3621 3417 3776 3479 Τινὲς
3805 3415 3860 3468 δὲ

2277 3513 2455 3565 νοοῦσι
2475 3511 2735 3578 τὸνλόγον
2763 3513 2887 3580 περὶ
2913 3510 3021 3561 τῶν
3047 3509 3466 3579 διεσπαρμένων
3494 3509 3766 3562 Ἰουδαίων
3789 3511 3861 3570 είς

2277 3604 2567 3673 διαφόρους
2595 3602 2778 3672 χώρας
2801 3602 2906 3654 ὑπὸ
2929 3602 3039 3654 τῶν
3069 3601 3568 3672 προγεγενημένων
3588 3601 3861 3671 αίχμαλωο

2279 3698 2433 3750 σιῶν.
2473 3697 2580 3750 Καὶ
2612 3699 2722 3750 οὐκ
2754 3696 3123 3764 ἠθελήσατε,
3171 3697 3245 3766 μὴ
3291 3696 3731 3766 παραδεξάμενοί
3774 3711 3857 3763 με,

2276 3790 2411 3843 ἀλλὰ
2437 3788 2727 3852 διώκοντες
2759 3787 2852 3841 καὶ
2905 3789 3229 3840 ἀποκτεῖναι
3266 3787 3690 3850 σπουδάζοντες.
3723 3785 3856 3855 Πρὸς

2278 3885 2403 3945 τοὺς
2440 3883 2782 3946 ἐνοικοῦντας
2807 3881 2865 3934 δέ
2899 3885 2964 3952 τῇ
3009 3881 3162 3934 πόλει
3193 3880 3506 3947 διαλέγεται
3533 3882 3716 3934 πάλιν.

2370 3976 2517 4028 Ἰδοὺ
2560 4006 2628 4016 -
2669 3975 2907 4042 ἕρημος.
2947 3973 3006 4026 Ὀ
3043 3969 3192 4035 οἶκος
3242 3973 3417 4042 ὑμῶν,
3448 3973 3640 4043 ἤγουν,
3668 3974 3695 4024 6
3718 3974 3855 4037 ναὸς,

2277 4069 2498 4136 ἀφίεται
2532 4068 2660 4135 ὑμῖν
2695 4066 2902 4136 ἔρημος
2935 4066 3034 4134 τῆς
3060 4065 3380 4134 ὲνοικούσης
3405 4064 3558 4135 αὖτῴ
3586 4064 3738 4126 θείας
3763 4066 3854 4132 κί’

2278 4179 2449 4232 ριτος.
2494 4156 2654 4222 Οἶκος
2687 4159 2742 4211 δὲ
2772 4158 2954 4211 αὐτῶν
3012 4151 3190 4224 οὗτος,
3240 4158 3315 4220 ὡς
3377 4158 3664 4226 ἱδρυμένος
3709 4160 3764 4209 ἐν
3796 4159 3854 4225 τῇ

2277 4255 2430 4306 πόλει
2467 4253 2667 4304 αὐτῶν.

2350 4345 2513 4411 Λέγω
2538 4373 2604 4384 -
2637 4343 2881 4408 Kuplov.
2910 4342 3019 4394 Καὶ
3049 4341 3178 4392 πότε
3196 4341 3354 4393 τοῦτο
3382 4341 3640 4408 εἴπωσινς
3680 4341 3857 4394 Ἐκόνο

2277 4455 2363 4500 τες
2397 4439 2515 4505 μὲν,
2543 4435 2821 4498 οὐδέποτε,
2861 4436 3088 4496 ἂκοντες
3119 4434 3198 4494 δὲ.
3237 4437 3378 4487 κατὰ
3418 4435 3512 4486 τὸν
3550 4435 3853 4503 καιρδντῆς

585 4527 829 4588 tcmpore
853 4524 1076 4574 secundi
1112 4523 1379 4579 adventus
1418 4529 1561 4596 ejus,
1610 4529 1832 4598 quando
1886 4541 2160 4585 venturus

2279 4532 2530 4598 δευτέρας
2589 4528 2752 4581 αὐτοῦ
2793 4527 3115 4597 παρουσίας,
3161 4527 3289 4580 ὅταν
3319 4528 3441 4596 ἥξει
3481 4529 3555 4596 (9)
3607 4527 3739 4596 μετὰ
3768 4527 3854 4578 δο-

585 4620 671 4662 cst
697 4626 819 4663 cum
858 4621 1128 4679 potestate
1153 4622 1210 4667 et
1240 4615 1410 4684 gloria
1445 4635 1640 4688 magna
1676 4637 1691 4686 ;
1737 4622 1959 4689 quando
2015 4623 2164 4675 nulla

586 4702 693 4753 erit
730 4703 812 4755 eis
855 4703 1060 4757 utilitas
1089 4706 1441 4775 cognitionis.
1476 4710 1732 4764 Amantis
1789 4729 1918 4766 vero
1954 4713 2161 4768 dictum

583 4801 704 4847 est:
738 4793 1089 4865 Nequaquam
1124 4815 1204 4852 me
1236 4801 1450 4867 post/iac
1484 4804 1740 4858 videbitis.
1800 4806 2164 4860 Vehementer

584 4886 853 4953 siquidem
890 4890 1142 4956 amabat;
1170 4908 1358 4947 verum
1389 4895 1816 4964 despiciebatttr,
1846 4907 1900 4951 et
1961 4899 2162 4952 idcirco

585 4977 822 5031 maxime
863 4979 1103 5037 dolebat.
1138 4981 1367 5036 Posthac
1401 4993 1582 5038 autem
1611 4987 1820 5051 dicens,
1861 5003 1968 5041 non
1993 4987 2166 5041 solum

587 5074 804 5138 tempus
831 5071 960 5125 illud
989 5071 1335 5143 signiﬁcavit,
1381 5077 1474 5130 sed
1512 5087 1684 5132 totum
1732 5096 1903 5148 usque
1937 5081 2000 5132 ad
2041 5081 2168 5135 l’as-

2276 4627 2492 4692 νὰμεως
2523 4623 2616 4674 καὶ
2653 4620 2812 4691 δόξης
2848 4621 3070 4688 πολλῆς,
3102 4621 3232 4673 ὅταν
3261 4619 3414 4672 οὐδὲν
3459 4620 3644 4681 αὐτοῖς
3675 4619 3854 4685 δᾳελος

2273 4717 2371 4784 τῆς
2420 4712 2793 4781 ἐπιγνώσεως.
2836 4711 3100 4781 Ἐραστοῦ
3127 4711 3183 4762 δὲ
3216 4711 3298 4775 τὸ,
3337 4713 3414 4764 Οὐ
3441 4709 3525 4779 μή
3573 4729 3651 4779 με
3702 4711 3853 4775 ἴδητε

2272 4808 2510 4874 ἀπάρτι,
2540 4807 2743 4876 σφόδρα
2781 4805 2879 4875 μὲν
2927 4805 3183 4874 ἐρῶντος,
3225 4804 3636 4873 ἁτιμαζομένου
3665 4803 3741 4866 δὲ,
3767 4802 3850 4855 καὶ

2273 4901 2360 4952 διὰ
2399 4900 2558 4952 τοῦτο
2609 4898 3056 4967 περιαλγοῦντος.
3097 4897 3330 4964 Ἀπὰρτι
3363 4898 3427 4948 δὲ
3453 4896 3645 4960 εἰπὼν,
3673 4897 3732 4948 οὐ
3761 4895 3852 4962 τὴν

2273 4993 2423 5060 ὥραν
2456 4991 2673 5060 ἐκείνην
2722 4991 2890 5061 μόνην
2951 4989 3242 5060 ἐδήλωσεν,
3289 4986 3403 5040 ἀλλ’
3458 4988 3580 5040 ὅλον
3612 4987 3703 5040 τὸν
3732 4985 3843 5056 ἄχρι

2273 5083 2372 5152 τῆς
2411 5081 2772 5152 σταυρώσεως
2803 5080 3019 5152 καιρὸν,
3052 5079 3170 5150 μεθ’
3195 5079 3251 5130 ὃν
3283 5079 3384 5131 οὐκ
3407 5077 3486 5130 ἔτι
3515 5071 3657 5130 εἶδον
3677 5075 3845 5129 αὐτόν.

1785 5258 1983 5320 Varia;
2024 5259 2328 5320 lectiones
2363 5267 2424 5320 et
2463 5267 2655 5318 notte.

660 5376 736 5436 l7)
771 5379 879 5430 Καὶ
906 5382 1018 5437 τόν.
1046 5382 1234 5436 ordine
1260 5385 1496 5448 inverso,
1531 5383 1591 5436 Β.

657 5448 733 5515 (8,
772 5450 902 5514 Καί)
944 5451 1240 5519 interponit
1267 5457 1328 5508 Α.

660 5609 732 5694 (ελ
779 5607 1049 5694 Interprcs
1101 5622 1208 5694 non
1244 5611 1384 5677 cepit
1423 5612 1792 5694 ἐπικρεμάσαι
1824 5614 1928 5664 τινὶ
1972 5613 2157 5679 φόϐον.

583 5673 800 5730 Redde:
831 5677 1094 5751 Quoniam
1127 5673 1368 5751 gelteutia:
1388 5693 1525 5734 metu
1553 5673 1748 5751 injecto
1772 5701 1854 5736 cos
1888 5673 1995 5734 non.
2017 5702 2161 5736 uom-

581 5757 840 5820 πωροι-αι,
876 5750 1010 5820 quod
1048 5751 1212 5802 silicet
1243 5750 1423 5820 futuro
1453 5761 1550 5813 est,
1590 5750 1742 5808 terret
1781 5771 1862 5806 cos
1895 5771 1955 5805 ac
1999 5766 2161 5806 certos

582 5819 755 5872 reddit
783 5835 814 5873 a
841 5819 1258 5878 calamitatibus.
1311 5821 1597 5877 Sententia
1629 5832 1709 5880 cst
1749 5842 1759 5877 :
1795 5825 2060 5890 Quoniam
2094 5841 2155 5878 ca

2343 5385 2418 5453 (9)
2459 5385 2620 5456 Ἣξῃ,
2650 5386 2708 5439 Β.

2269 5629 2388 5682 quae
2420 5623 2627 5667 remota
2659 5624 2788 5665 sunt
2825 5614 2965 5666 baud
2996 5616 3132 5667 adeo
3169 5625 3425 5668 metuunt
3458 5615 3726 5676 homines,
3761 5630 3845 5683 pc-

2273 5685 2460 5738 ticulis
2492 5685 2685 5737 vicinis
2711 5699 2806 5736 eos
2843 5695 3029 5737 terret.
3055 5685 3577 5752 Καταςφαλίζεσθαι
3615 5687 3668 5739 h.
3707 5726 3739 5739 ..
3771 5694 3845 5737 est

2273 5770 2490 5808 omnem
2543 5755 2940 5807 dubitationem
2993 5755 3298 5809 futurarum
3332 5771 3625 5824 petitarum
3672 5759 3844 5812 toli‘cre

2266 5840 2362 5894 per
2396 5840 2583 5895 puinas
2621 5825 2868 5894 proxime
2903 5824 3136 5880 futuras.
