4080 6402
581 392 688 454 603

1838 383 2222 449 EUTUYMII
2267 383 2633 446 ZIGABENI

3774 388 3868 452 CM

579 502 890 558 vastatione
929 501 1145 557 discere
1176 501 1490 582 cupientes,
1518 511 1784 572 quantum
1826 499 1893 553 de
1931 507 2166 568 tempore

2281 496 2579 560 ναοῦ,δσον
2613 496 2738 567 περὶ
2775 496 2870 551 τοῦ
2901 478 3097 569 καιροῦ
3124 498 3225 568 τῆς
3253 499 3516 570 δευτέρας
3570 503 3871 571 παρουσίας

581 596 813 651 secundi
853 597 1124 651 adventus
1150 598 1314 666 ejus;
1347 596 1472 650 ideo
1507 593 1670 647 etiam
1706 590 1937 646 seorsim
1985 605 2173 646 acces-

583 698 773 742 serunt
797 703 868 742 ne
898 686 1101 742 Iudaeis
1131 689 1234 742 hoc
1275 686 1630 740 manifestum
1662 684 1838 740 tieret.
1899 682 2008 737 Sed
2041 681 2175 735 Mat-

584 781 761 835 tbznus
789 780 899 834 duo
929 782 1042 834 huic
1069 795 1164 833 eos
1186 779 1558 849 interrogasse
1585 778 1738 837 dicit.
1768 787 1930 846 puta:
1951 773 2174 840 Quando

581 874 692 924 haec
723 879 876 922 erunt
909 873 933 925 .7
964 885 1085 940 qua:
1115 870 1374 925 videlicet
1407 870 1475 924 de
1511 870 1697 939 templi
1721 869 2004 922 eversione
2028 865 2170 919 dixi-

579 965 683 1025 sti;
720 971 774 1014 et
809 960 959 1024 Quod
990 965 1200 1031 signum
1241 964 1496 1016 adventus
1556 962 1634 1015 tui
1669 970 1717 1014 et
1758 955 2173 1013 consummatio-

580 1054 660 1107 nis
692 1052 923 1108 είεεηιίγ
957 1053 1173 1109 Marcus
1196 1070 1327 1108 vero
1360 1055 1577 1109 unicam
1614 1053 1786 1106 fuisse
1810 1051 1943 1104 dicit
1997 1050 2170 1104 inter-

579 1143 940 1214 rogationem,
977 1145 1045 1199 de
1078 1147 1282 1215 templo
1314 1147 1513 1201 solum.
1535 1145 1624 1198 Ait
1663 1145 1846 1198 enim:
1890 1141 1988 1195 Dic
2022 1142 2172 1196 nobis

576 1239 792 1304 quando
835 1236 944 1288 ha’c
975 1249 1154 1300 erunt,
1181 1249 1230 1291 et
1259 1239 1398 1308 quod
1430 1240 1638 1306 signum
1664 1236 1879 1306 quando
1907 1237 2016 1289 hac
2055 1251 2169 1286 om-

576 1326 664 1376 nia
693 1327 1113 1380 consummanda
1146 1338 1266 1380 sunt
1285 1328 1378 1379 "?
1421 1326 1690 1381 Similiter
1722 1337 1904 1380 autem
1950 1325 2172 1395 scripsit

573 1426 629 1470 et
667 1418 841 1474 Lucas
881 1421 948 1475 ³⁸.
988 1421 1124 1486 Quid
1159 1436 1286 1490 ergo
1342 1420 1636 1474 dicendum
1671 1421 1793 1474 est?
1845 1420 2002 1486 Quod
2062 1435 2170 1473 una

573 1509 795 1578 quidem
825 1511 927 1563 fuit
957 1513 1340 1584 interrogatio.
1377 1515 1521 1568 sicut
1553 1513 1910 1582 scripserunt
1953 1513 2169 1567 Marcus

573 1608 630 1653 et
671 1601 866 1654 Lucas.
894 1600 1132 1656 Intentio
1165 1613 1349 1657 autem
1385 1604 1777 1673 discipulorum
1819 1614 1955 1667 erat,
2005 1613 2064 1657 ut
2100 1603 2167 1657 de

572 1696 662 1750 his
718 1695 938 1751 duobus
977 1697 1244 1752 certiores
1281 1697 1516 1752 tierent:
1560 1707 1688 1766 puta
1745 1697 1814 1752 de
1852 1699 2167 1753 "eversione

573 1787 768 1856 templi
802 1797 853 1841 et
892 1788 960 1841 de
992 1788 1238 1842 secundo
1278 1788 1480 1842 Christi
1511 1789 1776 1842 adventu.
1821 1789 2167 1843 Existiman-

572 1887 655 1933 tes
680 1887 863 1932 autem
892 1881 1036 1949 quod
1072 1880 1236 1934 simul
1270 1881 1384 1934 haec
1407 1881 1518 1934 duo
1567 1881 1985 1952 contingerent,
2018 1882 2163 1935 fece-

569 1979 701 2022 rnnt
761 1985 924 2024 unam
978 1971 1046 2025 de
1114 1982 1350 2042 utroque
1390 1973 1905 2042 interrogationem.
1962 1971 2166 2026 Verum

570 2058 865 2116 blatthaeus
894 2063 1262 2118 intentionem
1325 2078 1521 2119 eorum
1562 2063 1948 2132 manifestans,
2017 2065 2168 2120 illam

570 2151 627 2205 in
659 2151 798 2206 duas
847 2152 1059 2208 divisit.

640 2243 796 2298 Vera.
831 2245 880 2298 4.
922 2245 987 2298 Et
1021 2275 1094 2285 —
1135 2245 1296 2302 Vera.
1331 2248 1388 2302 5.
1431 2250 1701 2302 seducent.
1762 2248 1910 2303 Nihil
1955 2248 2021 2302 ad
2072 2247 2170 2304 has

571 2334 1033 2406 interrogationes
1087 2339 1394 2408 respondit,
1454 2340 1549 2394 sed
1583 2341 1826 2410 primum
1886 2341 1973 2394 illa
2035 2340 2170 2395 dicit

571 2427 672 2489 eis.
707 2443 828 2496 qua:
869 2429 1106 2497 primum
1143 2446 1239 2484 eos
1269 2431 1415 2484 scire
1452 2433 1783 2501 oportebat:
1817 2448 1936 2500 qua:
1967 2433 2162 2487 videli-

571 2519 928 2574 cetl‘uturum
959 2532 1080 2576 erat
1142 2533 1203 2577 ut
1230 2532 1360 2577 ante
1418 2523 1507 2578 illa
1552 2537 1933 2579 occurrerent.
1993 2525 2168 2580 Lucas

574 2618 758 2662 autem
802 2610 978 2664 dicit:
1018 2611 1196 2666 Videte
1229 2630 1291 2666 ne
1319 2615 1673 2668 seducamini.
1713 2613 1874 2668 Multi
1895 2618 2031 2669 enim
2084 2633 2170 2670 ve-

572 2702 716 2754 nient
745 2702 799 2756 in
833 2705 1042 2759 nomine
1076 2723 1190 2760 meo
1217 2708 1450 2761 dicentes
1485 2724 1502 2762 :
1539 2707 1653 2778 Ego
1676 2726 1793 2762 sum
1825 2725 1839 2771 ;
1877 2719 1930 2762 et
1959 2727 1972 2763 :
2013 2709 2167 2762 Tent-

569 2809 666 2861 pus
693 2793 882 2848 instat.
919 2795 996 2849 Ne
1029 2798 1190 2866 igitur
1213 2800 1512 2866 sequamini
1552 2800 1673 2854 illos
1697 2800 1764 2854 ³⁷.
1797 2799 2052 2864 Veniunt,
2080 2800 2166 2853 in-

569 2885 713 2952 quit,
756 2887 986 2941 nomine
1017 2905 1141 2943 meo
1167 2898 1390 2944 utentes
1423 2891 1491 2944 ad
1519 2890 1906 2960 deceptionem
1946 2906 2164 2956 eorum,

571 2976 664 3043 qui
700 2975 808 3030 illis
835 2979 1096 3032 credituri
1152 2990 1304 3044 sunt,
1346 2991 1403 3036 et
1433 2981 1703 3044 dicentes,
1736 2981 1974 3052 quisque
2003 2982 2162 3036 vide-

570 3066 699 3121 licet
721 3083 910 3122 eorum
943 3087 956 3121 :
990 3063 1100 3138 qu
1130 3088 1268 3134 sum,
1297 3088 1497 3142 nempe
1521 3074 1800 3128 Christus.
1845 3074 1912 3128 Et
1945 3092 1960 3127 :
2018 3073 2166 3128 Tem—

2281 589 2471 644 αὐτοῦ.
2494 589 2585 644 Διδ
2615 591 2712 644 καὶ
2743 590 2866 644 κατ’
2895 591 3036 644 ἰδίαν
3071 589 3404 660 προσῆλθον,
3458 592 3549 645 ἵνα
3585 594 3665 661 μὴ
3721 591 3873 646 τοῦτο

2277 685 2392 744 τοῖς
2443 683 2719 747 Ἰουδαίοις
2747 682 3021 737 ἔκπυστον
3068 684 3320 754 γένηται.
3381 683 3544 738 Ἀλλὰ
3599 684 3875 746 Ματθαῐος

2279 775 2382 846 μέν
2411 793 2599 846 φησιν,
2622 777 2820 840 αὐτοὺς
2847 776 2944 830 δύο
2972 773 3149 830 ταῦτα
3172 777 3478 847 ἐρωτῆσαι.
3502 778 3659 832 Πότε
3691 777 3874 832 ταῦτα

2275 865 2469 929 ἔσται,
2496 865 2810 936 δηλαδὴ.τὰ
2837 866 2931 920 τοῦ
2977 865 3109 920 ναοῦ
3156 865 3263 936 τῆς
3309 868 3422 936 (15)
3457 866 3872 937 καταστροφῆς.

2276 958 2394 1022 καὶ,
2433 958 2494 1010 Τί
2523 959 2587 1010 τὸ
2617 957 2877 1026 σημεῖον
2910 957 3022 1026 τῆς
3045 957 3168 1027 σῆς
3209 961 3573 1027 παρουσίας,
3611 959 3716 1013 καὶ
3772 959 3876 1027 τῆς

2275 1052 2631 1116 συντελείας
2659 1051 2765 1104 τοῦ
2809 1049 3031 1118 αιῶνος
3049 1065 3068 1082 ο
3091 1053 3119 1104 ὁ
3143 1051 3202 1104 δὲ
3225 1050 3456 1121 Μάρκος
3490 1050 3548 1103 ιν
3565 1047 3709 1106 εἶναι
3731 1052 3874 1119 λέγει

2275 1140 2334 1192 τὸ
2369 1140 2655 1210 ἐρώτημα,
2715 1141 2977 1212 περὶτοῦ
3024 1141 3154 1196 ναοῦ
3211 1143 3396 1213 μόνον.
3445 1143 3700 1212 Ἔγραψε
3745 1145 3873 1212 γᾰρ,

2275 1230 2423 1284 Εἰπὲ
2448 1233 2614 1300 ἡμῖν,
2641 1235 2788 1286 πότε
2832 1232 3020 1286 ταῦτα
3051 1233 3247 1297 ἐσται,
3275 1235 3373 1287 καὶ
3406 1235 3466 1287 τί
3494 1234 3563 1288 τὸ
3595 1235 3872 1303 σημεῖον,

2274 1325 2424 1380 ὅταν
2463 1325 2662 1395 μέλλῃ
2725 1326 2914 1380 ταῦτα
2947 1326 3147 1380 πάντα
3193 1326 3645 1381 συντελεῖσθαι.
3691 1327 3871 1396 Παρα-

2274 1419 2522 1488 πλησίως
2564 1418 2620 1472 δὲ
2650 1419 2798 1485 λέγει
2829 1420 2923 1472 καὶ
2947 1419 2977 1472 δ
3008 1420 3245 1483 Λουκᾶς.
3269 1419 3335 1471 Ti
3361 1415 3457 1473 οὖν
3483 1419 3634 1471 ἔστιν
3659 1420 3871 1484 εἰπεῐνς

2274 1509 2397 1562 Ὀτι
2424 1510 2526 1578 μία
2553 1509 2653 1580 μὲν
2681 1505 2749 1580 ἦν
2775 1511 2807 1579 ἠ
2836 1509 3224 1580 ὲρώτησις,ὠς
3247 1510 3496 1581 ἔγραψαν
3525 1510 3761 1580 Μάρτιος
3786 1513 3876 1562 καὶ

2271 1602 2526 1664 Λουκᾶς·
2561 1601 2766 1665 σκοπὸς
2824 1600 2884 1654 δι
2942 1604 3056 1664 τοῖς
3115 1601 3390 1673 μαθηταῖς
3431 1602 3565 1672 περὶ
3612 1600 3727 1656 τῶν
3787 1601 3876 1654 δύο

2271 1695 2480 1748 τούτων
2523 1695 2738 1765 μαθεῖν,
2762 1695 2862 1767 τῇς
2910 1710 2972 1748 τε
3021 1692 3118 1747 τοῦ
3176 1693 3308 1748 ναοῦ
3343 1693 3762 1764 καταστροφῆς,
3785 1693 3877 1746 καὶ

2273 1786 2370 1854 τῆς
2402 1786 2498 1840 τοῦ
2534 1785 2775 1859 Χριστοῦ
2807 1786 3071 1857 δευτέρας
3121 1786 3453 1858 παρουσίας.
3518 1785 3878 1856 ’Υπολαμδά-

2274 1897 2460 1942 νοντες
2518 1880 2649 1949 γὰρ,
2679 1879 2762 1932 ὅτι
2795 1878 2916 1948 ἃμα
2950 1878 3021 1932 τὰ
3050 1878 3146 1931 δύο
3177 1883 3524 1948 γενήσονται,
3552 1879 3694 1949 μίαν
3755 1879 3876 1948 περὶ

2271 1969 2382 2025 τῶν
2441 1970 2535 2024 δύο
2595 1971 2694 2042 τὴν
2751 1969 3027 2042 ἐρώτησιν
3082 1969 3452 2040 ἐποιήσαντοο
3500 1971 3791 2033 Ματθαῖος
3822 1968 3875 2022 at

2275 2062 2593 2135 σαφηνίζων
2611 2063 2704 2119 τὸν
2725 2063 2930 2118 σκοπὸν
2949 2062 3154 2130 αὐτῶν,
3170 2063 3371 2117 διεῖλεν
3383 2063 3558 2134 αὐτὴν
3575 2064 3659 2126 εἰς
3677 2061 3747 2115 τὰ
3763 2061 3872 2116 δύο.

2343 2250 2457 2304 Καὶ
2486 2279 2556 2291 -
2587 2248 3010 2318 πλανήσουσι.
3036 2248 3208 2302 Οὐδὲν
3242 2248 3380 2316 πρὸς
3436 2247 3539 2310 τὰς
3572 2247 3873 2318 ἐρωτήσεις

2273 2341 2552 2413 ἀπεκρίθη
2585 2342 2814 2406 ταύτας,
2844 2342 2980 2396 ἀλλὰ
3021 2343 3292 2412 πρότερον
3318 2343 3504 2394 ἐκεῖνα
3543 2340 3702 2408 λέγει
3757 2337 3873 2392 τοῦ·

2269 2451 2408 2499 τοις,
2435 2434 2471 2488 ἃ
2504 2432 2694 2504 πρῶτα
2724 2431 2946 2497 τούτους
2977 2431 3088 2484 ἔδει
3121 2432 3337 2501 μαθεῖν,
3359 2432 3437 2495 ὡς
3491 2429 3601 2502 πρὸ
3653 2430 3875 2504 ἐκείνων

2271 2525 2584 2596 ἀπαντῆσαι
2617 2524 2904 2594 μέλλοντα.
2930 2525 3146 2581 Λουκᾶ;
3176 2522 3233 2575 δέ
3256 2539 3450 2590 φησιν,
3479 2520 3772 2583 Βλέπετε,
3791 2519 3872 2589 μὴ

2271 2617 2648 2687 πλανηθῆτε.
2700 2618 2926 2672 Πολλοὶ
2971 2615 3084 2686 γὰρ
3119 2616 3482 2669 ἐλεύσονται
3501 2614 3603 2668 ἐπὶ
3637 2613 3720 2680 τῷ
3748 2614 3878 2667 ὀνό-

2264 2714 2411 2783 ματι
2434 2731 2578 2782 μου,
2599 2710 2908 2779 λέγοντες,
2933 2709 3024 2762 ὅτι
3067 2708 3214 2778 Ἐγώ
3245 2712 3382 2775 εἰμι,
3414 2709 3533 2774 καὶ,
3576 2709 3640 2761 ὐ
3665 2707 3868 2774 καιρὸς

2271 2804 2500 2873 sin—ms.
2521 2802 2613 2873 Μὴ
2628 2799 2721 2854 οὖν
2740 2799 3044 2871 πορευθῆτε
3067 2799 3250 2852 ὀπίσω
3270 2799 3472 2854 αὐτῶν.
3493 2797 3870 2861 Ἐλεύσονται,

2271 2897 2427 2964 φησὶ,
2453 2895 2531 2963 τῷ
2566 2892 2795 2961 ὀνόματι
2832 2909 2936 2962 μου
2966 2890 3246 2960 χρώμενοι
3296 2891 3435 2961 πρὸς
3490 2891 3719 2958 ἀπάτην
3767 2890 3875 2944 τῶν

2271 2985 2614 3055 πειθομένων
2646 2985 2850 3048 αὐτοῖς,
2875 2983 2973 3036 καὶ
3023 2983 3278 3047 λέγοντες
3307 2985 3564 3050 ἕκαστος,
3604 2985 3692 3036 ὅτι
3728 2981 3875 3052 Ἐγώ

2269 3081 2739 3150 ειμι,τουτέστιν,
2774 3076 2887 3148 (ιι)
2921 3079 2946 3130 ὁ
2980 3075 3240 3145 Χριστὸς,
3287 3077 3380 3129 καὶ
3430 3077 3510 3130 ὃτι
3552 3075 3619 3129 '0
3669 3075 3876 3144 καιρὸς

571 3175 668 3227 pus
709 3161 896 3224 instat,
928 3173 1057 3232 puta
1086 3166 1190 3217 mei
1230 3166 1463 3220 secundi
1496 3167 1790 3221 adventus.
1832 3166 1912 3220 Ne
1939 3183 2062 3232 ergo
2080 3184 2166 3221 se-

2275 3174 2592 3242 ἧγγικεν,ὀ
2643 3173 2740 3240 τῆς
2785 3170 3046 3240 δευτέρας
3090 3186 3192 3239 μου
3242 3169 3486 3239 δηλονότι
3540 3166 3872 3240 παρουσίας.

572 3252 954 3317 quamiui'eos,
1001 3255 1116 3308 sive
1163 3258 1400 3326 aliquem
1448 3258 1690 3312 illorum.
1736 3258 1951 3312 Marcus
1977 3271 2163 3312 autem

571 3342 747 3395 dixit:
777 3343 845 3396 Et
893 3346 1084 3399 multos
1123 3349 1370 3401 seducent
1404 3348 1470 3402 ³⁸.
1509 3349 1756 3403 Fuerunt
1814 3361 2000 3405 autem
2064 3350 2168 3404 hu-

568 3433 807 3503 jusnzodi
844 3437 1190 3502 seductorcs,
1257 3439 1449 3494 Simon
1517 3449 1571 3495 et
1624 3439 1922 3496 Menander
1977 3443 2167 3496 Sama-

571 3524 760 3587 ritani,
811 3539 866 3580 et
894 3527 1009 3580 alii.

645 3617 799 3672 Vers.
828 3621 883 3674 6.
913 3619 1178 3675 Futurum
1209 3634 1285 3676 est
1316 3656 1385 3667 --
1408 3625 1686 3681 bellorum.
1711 3625 1852 3682 Bella
1884 3628 2014 3682 dicit
2045 3646 2166 3700 quae

571 3721 720 3765 mota
771 3726 901 3766 sunt
960 3727 1150 3769 contra
1207 3716 1577 3790 Hierosolyma
1609 3737 1622 3771 :
1657 3736 1906 3775 rumores
1980 3733 2163 3779 autem

569 3803 865 3868 bellorum,
890 3823 1010 3875 qua:
1038 3819 1227 3862 contra
1254 3809 1385 3862 alias
1406 3809 1716 3866 Judaeornm
1735 3815 2006 3877 civitates,
2029 3832 2166 3886 quos

568 3893 745 3948 laetos
793 3896 963 3951 luisse
996 3898 1190 3953 scribit
1226 3898 1500 3970 Iosephus
1543 3910 1836 3970 antequam
1880 3915 2167 3973 caperetur

566 3981 893 4040 Jerusalem.
937 3987 1220 4057 Siquidem
1253 3991 1426 4048 erexit
1463 4006 1521 4046 se
1558 3993 1622 4062 (Ι)
1647 3994 1796 4047 natio
1824 3992 2164 4064 Judsorum,

567 4089 673 4130 nec
707 4077 969 4132 tributum
997 4081 1332 4139 exsolvehat.
1377 4082 1608 4138 Romani
1641 4101 1770 4140 vero
1794 4101 1902 4140 non
1924 4086 2165 4144 ferentes

569 4166 848 4236 injuriam,
883 4172 1288 4241 expeditionem
1324 4175 1378 4230 in
1416 4177 1537 4232 illos
1572 4187 1932 4248 paraverunt,

646 4258 799 4313 Vers.
833 4262 886 4314 6.
961 4261 1138 4316 Videte
1165 4267 1398 4334 -—ﬁnis.
1454 4265 1531 4321 Ne
1571 4269 1913 4332 terreamini,
1965 4269 2162 4341 inquit,

569 4351 726 4418 quasi
780 4353 1098 4420 praedicatio
1143 4357 1246 4410 sub
1297 4358 1569 4415 seditione
1596 4370 1652 4414 et
1683 4361 1993 4416 turbatione
2032 4364 2164 4418 diri-

574 4442 766 4496 menda
801 4445 890 4497 sit.
931 4443 1213 4515 Siquidem
1245 4461 1472 4506 ventura
1523 4463 1652 4506 sunt
1684 4453 1800 4509 huic
1831 4456 2014 4509 omnia
2039 4471 2162 4526 quas

2276 3265 2374 3329 Μὴ
2410 3257 2525 3316 οὖν
2553 3260 3022 3326 ἀκολουθήσητε
3050 3260 3281 3326 αὐτοῖς,
3314 3261 3505 3330 ἡγουν,
3530 3259 3640 3312 τινὶ
3670 3257 3870 3314 αὐτῶν.

2287 3356 2346 3409 '0
2383 3354 2440 3408 δὲ
2468 3355 2696 3424 Μᾶρκος
2727 3351 2903 3417 εἶπεν,
2941 3354 3024 3406 ὅτι
3066 3353 3176 3406 Καὶ
3209 3352 3484 3417 πολλοὺς
3514 3350 3873 3418 πλανήσου·

2275 3463 2402 3501 σιν.
2439 3448 2721 3513 Ἐγένοντο
2751 3446 2807 3497 δὲ
2841 3445 3076 3497 τοιοῦτοι
3137 3445 3332 3498 πλάνοι
3390 3444 3578 3515 Σίμων
3633 3443 3748 3514 (15)
3781 3445 3873 3498 καὶ

2275 3535 2612 3602 Μένανδρος,
2637 3535 2686 3586 οἱ
2713 3533 3081 3602 ἶαμαρεῖται,
3108 3532 3204 3586 καὶ
3231 3532 3438 3603 ιτεροι.

2347 3624 2704 3692 Melinum:
2749 3653 2813 3663 —
2841 3621 3146 3693 πολέμων.
3195 3623 3476 3693 Πολέμους
3524 3623 3679 3692 λέγει
3744 3623 3872 3686 τοὺς

2275 3715 2418 3769 κατὰ
2471 3714 2586 3765 τῶν
2645 3713 3076 3784 Ἱεροσολύμων
3113 3715 3285 3776 ἀκοὰς
3335 3713 3392 3768 δὲ
3445 3714 3709 3784 πολέμων
3773 3715 3871 3778 τὰς

2273 3809 2380 3861 τῶν
2423 3809 2558 3878 πρὸς
2585 3809 2680 3871 τὰς
2711 3809 2879 3871 ἄλλας
2936 3809 3123 3873 πόλεις
3152 3811 3262 3863 τῶν
3299 3810 3591 3872 Ἰουδαίων,
3621 3811 3717 3874 οὓς
3760 3811 3869 3864 Ἰώ·

2277 3915 2449 3968 anno;
2476 3901 2682 3970 ἱστορεῖ
2712 3898 2969 3968 γενέσθαι
3005 3899 3113 3971 πρὸ
3142 3901 3240 3972 τῆς
3256 3901 3512 3965 ἁλώσεως
3531 3901 3630 3972 τῆς
3665 3901 3870 3972 Ἱερουο

2276 3991 2479 4061 σαλήμ.
2503 3993 2609 4044 Καὶ
2634 3993 2743 4062 γὰρ
2769 3994 2830 4045 τὸ
2855 3991 2961 4044 τῶν
2999 3994 3271 4048 Ἰουδαὶων
3317 3994 3471 4057 ἔθνος·
3514 3995 3746 4066 ἀντῆρε,
3779 3997 3869 4048 καὶ

2272 4083 2373 4136 οὐκ
2401 4083 2653 4137 ἀπεδίδου
2699 4085 2826 4146 τοὺς
2860 4083 3059 4154 φόρους
3085 4101 3099 4116 σ
3139 4085 3406 4154 Ῥωμαῖοι
3456 4087 3533 4149 δὲ,
3578 4086 3657 4158 μὴ
3715 4090 3870 4155 ἐνεγ-

2272 4179 2459 4239 κόντες
2491 4177 2591 4248 τὴν
2622 4177 3270 4248 ὓδριεδ,ἑπεστρατευσαν
3308 4181 3516 4243 αὐτοῖς.

2352 4264 2555 4335 Ὁρᾶτε
2585 4297 2657 4308 --
2707 4267 2905 4334 τέλος.
2939 4268 3032 4338 Μὴ
3075 4269 3373 4340 πτοηθῆτε,
3423 4272 3615 4340 φησὶν,
3645 4271 3725 4335 ὡς
3776 4270 3868 4325 τοῦ

2271 4361 2631 4432 κηρύγματος
2693 4360 2798 4413 ὖπδ
2839 4363 2936 4430 τῆς
2990 4361 3405 4424 ἀκαταστασίας
3475 4363 3568 4415 καὶ
3623 4365 3870 4434 ταραχῆς

2271 4454 2764 4525 διακοπησομένου.
2814 4453 3087 4507 Μέλλουσι
3125 4453 3236 4524 γὰρ
3291 4455 3476 4508 πάντα
3524 4454 3595 4507 τὰ
3621 4455 3735 4508 τῶν
3773 4473 3872 4508 πο-

577 4531 645 4585 de
682 4533 765 4587 his
796 4536 952 4590 bellis
983 4537 1118 4601 dixi,
1163 4540 1241 4594 sic
1266 4551 1445 4596 tamen
1501 4553 1560 4596 ut
1593 4545 1728 4598 nihil
1776 4546 1850 4599 illi
1908 4558 2163 4602 noceant.

2275 4546 2458 4616 λέμων
2490 4549 2699 4599 τούτων
2758 4545 3041 4614 γενέσθαι,
3097 4545 3266 4616 μηδὲν
3298 4547 3433 4599 αὐτὸ
3462 4546 3810 4618 βλάπτοντα·
3839 4548 3870 4618 ἢ

570 4622 714 4676 Aut:
752 4626 1200 4695 Neterreamini,
1253 4633 1411 4700 quasi
1485 4634 1598 4702 jam
1654 4635 1819 4690 instet
1879 4637 2000 4691 ﬁnis
2048 4640 2164 4694 sive

570 4713 806 4779 perditio
834 4720 1019 4787 templi
1046 4736 1109 4774 ac
1137 4721 1391 4776 civitatis.
1421 4723 1648 4794 Oportet
1676 4727 1822 4780 enim
1846 4729 1960 4784 lucc
1979 4733 2163 4787 omnia

571 4805 686 4860 ﬁeri
721 4827 734 4872 ;
770 4811 866 4864 sed
916 4814 1158 4868 nondum
1209 4827 1290 4871 cst
1350 4818 1473 4873 ﬁnis
1498 4821 1611 4874 sive
1657 4822 1888 4890 perditio
1939 4840 2161 4880 eorum:

571 4914 700 4952 nam
735 4906 1081 4970 postmodum
1122 4921 1279 4978 capta
1302 4921 1432 4965 sunt
1466 4912 1865 4984 Hierosolyma.
1905 4917 2044 4972 Dicit
2068 4935 2166 4974 au-

571 4996 682 5042 tem
724 4990 1174 5065 Chrysostomus,
1231 5001 1376 5068 quod
1419 5002 1672 5073 discipuli
1710 5021 1834 5059 cum
1867 5005 1918 5060 in
1954 5024 2160 5077 prace-

574 5079 832 5140 dcntbus
863 5087 931 5142 de
967 5101 1208 5144 extrema
1236 5089 1549 5147 Judaaorutn
1597 5096 1805 5151 ultione
1853 5099 2158 5168 audissent,

683 5265 728 5300 ³⁸
755 5265 924 5324 Marc.
959 5285 1080 5338 xm,
1112 5271 1167 5328 4.

1283 5273 1329 5306 ³⁸
1352 5271 1486 5330 Luc.
1515 5289 1629 5344 xxx,
1677 5276 1733 5333 7.
1843 5279 1887 5312 ⁸⁷
1923 5280 2054 5336 ibid.
2078 5281 2133 5336 8.

2277 4641 2355 4708 μὴ
2388 4637 2778 4708 πτοηθῆτε,ὼς
2813 4637 2915 4709 ήδη
2946 4637 3042 4690 τοῦ
3072 4637 3262 4701 τέλους
3285 4640 3642 4704 ἐπιστάντος,
3675 4641 3870 4709 ἠγουν,

2273 4731 2370 4783 τοῦ
2400 4731 2626 4800 ὀλέθρου
2651 4730 2744 4783 τοῦ
2766 4731 2896 4783 ναοῦ
2923 4733 3017 4784 καὶ
3043 4732 3142 4801 τῆς
3170 4731 3401 4792 πόλεως.
3428 4733 3523 4784 Δεῐ
3559 4733 3672 4803 γὰρ
3690 4735 3870 4786 πάντα

2274 4820 2448 4872 ταῦτα
2488 4820 2766 4887 γενέσθαι,
2796 4821 2912 4872 ἀλλ’
2939 4820 3095 4876 οὔπω
3133 4823 3196 4874 τὸ
3240 4822 3425 4887 τέλος,
3461 4824 3665 4886 show,
3691 4827 3720 4878 δ
3750 4826 3870 4878 6h-

2274 4911 2404 4982 θρος
2445 4913 2646 4966 αὐτῶν.
2668 4913 2936 4983 ’Υστερον
2965 4915 3074 4984 γὰρ
3108 4913 3356 4967 ἑάλωσαν
3381 4913 3450 4968 τὰ
3491 4916 3870 4988 Ἰεροσόλυμα.

2271 5005 2411 5074 Φησὶ
2431 5003 2490 5058 δὲ
2514 5007 2541 5057 ὁ
2560 5004 2952 5075 Χρυσόστομυς
2985 5004 3122 5076 (16),
3145 5006 3229 5059 ὅτι
3260 5007 3310 5058 οι
3345 5007 3446 5076 μὲν
3468 5008 3724 5077 μαθηταὶ
3747 5011 3874 5080 περὶ

2270 5097 2369 5167 τῆς
2413 5098 2771 5168 παγχαλέπου
2809 5100 3086 5168 τιμωρίας
3112 5098 3222 5152 τῶν
3277 5099 3557 5153 Ἰουδαίων
3609 5103 3875 5176 ἀνωτέρω

2246 5283 2291 5315 ³³
2342 5283 2509 5338 Marc.
2539 5300 2638 5350 xu,
2665 5287 2720 5342 6.

1801 5446 2004 5507 Varias
2037 5443 2345 5509 lectiones
2383 5455 2444 5510 et
2478 5457 2669 5512 notee.

645 5603 758 5668 (13)
789 5602 968 5658 Malim
1000 5602 1102 5674 τῆς
1127 5605 1222 5658 τοῦ
1252 5607 1403 5673 ναοῦ,
1438 5617 1498 5665 ιιι
1533 5626 1679 5666 mox.

641 5674 757 5742 (Ν)
789 5674 1084 5728 Τουτέστιν
1111 5677 1140 5729 ὁ
1171 5676 1430 5746 Χριστός.
1462 5680 1678 5737 Absunt
1708 5681 1774 5736 Δ.

2345 5616 2441 5690 (ιι
2461 5615 2535 5690 De
2567 5627 2799 5690 utroque
2819 5616 3022 5672 Justin.
3047 5617 3205 5690 μω.
3237 5634 3292 5690 ρ.
3333 5618 3402 5676 69
3423 5619 3486 5686 Ι).
3512 5617 3578 5676 Β.

2341 5686 2450 5756 (16)
2484 5688 2640 5743 'l'om.
2672 5687 2782 5755 VII,
2817 5703 2873 5759 p.
2908 5690 3015 5746 723
3049 5688 3115 5744 Ι).

645 5829 712 5896 (1)
746 5828 924 5885 Erexit
943 5849 1014 5888 se.
1049 5834 1390 5892 Seditionem
1423 5839 1934 5903 movit,rcbellavit.
1961 5842 2162 5900 Notum

2275 5852 2284 5900 ι
2313 5845 2420 5903 hoc
2450 5859 2616 5904 sensu
2642 5846 2922 5919 ἀνταεριιν
2948 5855 3004 5906 et
3024 5846 3323 5921 ἁντάρτης.
