4100 6430
579 415 687 482 611

1823 413 2204 474 EUTHYMH
2247 409 2609 470 ZIGABENI

3751 408 3859 472 612

582 527 810 584 ultionis
845 528 899 596 hi
933 537 1081 590 sunt.
1118 524 1178 592 ut
1203 527 1580 598 compleantur
1605 527 1790 583 omnia
1847 544 1969 597 qua:
2025 527 2160 582 scri-

2269 525 2604 595 ἐκδικήσεως
2643 519 2805 579 αὗταί
2854 525 2985 590 είσι,
3028 522 3122 576 τοῦ
3169 523 3479 597 πλησθῆναι
3515 523 3633 593 (ει)
3680 527 3856 579 πάντα

581 630 675 690 pta
720 617 870 680 Sunt,
923 618 1160 672 inlibris
1219 618 1475 672 videlicet
1533 617 1773 671 Danielis
1837 629 1891 672 et
1934 619 2162 672 aliorum

581 710 995 777 prophetarum,
1021 707 1088 760 de
1115 705 1425 776 hujusmodi
1461 710 1884 777 expugnatione.
1915 705 2039 758 D'.es
2065 722 2165 759 au-

583 807 692 853 tem
731 798 948 851 ultionis
972 799 1136 852 czedis
1155 796 1449 853 Dominicae
1477 807 1659 853 erunt.
1683 799 1789 852 Sed
1813 798 1926 852 haec
1947 797 2166 866 quidem

575 890 730 957 juxta
765 889 1071 941 historiam.

650 980 808 1032 Juxta
833 995 1289 1048 anagngen‘vero,
1320 981 1415 1052 qui
1449 982 1502 1035 in
1527 980 1713 1035 Iudaea
1752 988 1903 1043 sunt,
1937 979 2039 1033 hoc
2061 987 2166 1046 est,

579 1068 634 1120 in
666 1068 853 1121 divino
878 1069 1027 1122 cttltu
1064 1087 1077 1122 :
1107 1086 1232 1123 nam
1278 1072 1330 1126 id
1362 1071 1632 1141 significat
1681 1068 1882 1126 Judtea:
1915 1084 2114 1123 nomen
2150 1085 2165 1122 :

579 1159 787 1229 fugiant
816 1163 882 1214 ad
925 1171 1158 1226 montes,
1215 1165 1266 1217 id
1292 1173 1396 1227 est,
1442 1163 1508 1216 ad
1545 1162 1820 1216 excelsum
1865 1160 1957 1215 Dei
2012 1160 2169 1214 auxi-

580 1252 734 1316 lium,
768 1264 861 1307 aut
912 1257 978 1307 ad
1006 1257 1216 1310 excelsa
1270 1257 1551 1308 virtutum.
1585 1254 1688 1320 Qui
1727 1270 1856 1308 vero
1889 1255 1942 1307 in
2000 1262 2167 1315 tecto,

578 1346 692 1398 sive
743 1347 832 1414 qui
867 1349 1285 1401 conversatione
1322 1347 1586 1410 elevatus.
1641 1358 1696 1401 et
1751 1347 2024 1402 excelsior
2071 1360 2170 1413 per

581 1446 746 1490 vttam
805 1438 1032 1491 effectus
1085 1437 1270 1498 fuerit.
1329 1454 1439 1491 non
1507 1440 1823 1504 descendat,
1887 1449 1947 1492 ut
2018 1439 2170 1491 tollat

585 1528 767 1580 mundi
803 1527 1032 1582 alfectus
1056 1544 1192 1596 quos
1233 1531 1548 1597 reliquerat.
1585 1530 1648 1584 Et
1683 1531 1774 1599 qtti
1805 1531 1859 1582 in
1898 1545 2027 1601 agro
2052 1530 2168 1584 sive

587 1622 639 1671 in
670 1621 908 1673 solitaria
936 1628 1061 1683 vita,
1100 1637 1208 1674 non
1244 1631 1554 1676 revertatur
1587 1633 1643 1676 ut
1676 1624 1826 1677 tollat
1867 1623 2168 1676 vestimen-

586 1724 638 1764 ta
662 1729 780 1775 sua,
819 1728 940 1780 qua:
975 1714 1452 1781 suntoperimcnta
1485 1727 1855 1783 peccatorum,
1885 1713 1954 1769 ab
1978 1715 2166 1784 eojam

583 1801 788 1855 dudum
819 1801 1032 1856 relicta.

648 1989 810 2045 Vers.
845 1991 927 2044 l9.
979 1987 1162 2043 να.-
1219 1991 1423 2046 aiebas.
1497 1992 1610 2048 Illis
1666 1993 1887 2064 quidem
1938 2005 2162 2065 propter

577 2095 721 2134 Onus
757 2081 1016 2142 interius,
1048 2080 1137 2134 his
1165 2096 1296 2135 vero
1339 2091 1567 2152 prapter
1589 2085 1852 2139 exterius.
1884 2085 1992 2139 Illae
2016 2088 2162 2140 enim

580 2171 825 2238 pondere
855 2171 1215 2240 cmbryonum
1251 2184 1569 2242 gravantur,
1628 2175 1710 2230 lue
1760 2186 1944 2230 autem
1998 2192 2167 2231 onere

584 2263 935 2319 lactentium.
970 2267 1252 2336 Siquidem
1284 2267 1440 2322 facile
1457 2280 1540 2323 est
1572 2283 1671 2336 pro
1701 2267 1874 2321 salute
1905 2269 2170 2337 pecunias

575 2363 633 2408 et
671 2357 997 2409 vestimenta
1051 2367 1408 2412 contemnere
1441 2375 1455 2412 :
1490 2359 1607 2412 fieri
1643 2369 1826 2412 autem
1879 2360 2053 2412 levem
2113 2369 2170 2412 et

579 2446 761 2515 fugam
812 2447 1121 2516 expeditam
1156 2464 1276 2502 eam
1312 2450 1386 2519 (h)
1413 2464 1533 2517 quae
1557 2449 1609 2502 in
1641 2458 1798 2502 utero
1861 2449 2045 2514 habet,
2075 2459 2168 2502 aut

576 2535 817 2602 abjicere
857 2534 1126 2590 infantem
1191 2553 1315 2592 eam
1353 2553 1475 2606 qure
1514 2541 1700 2600 lactat,
1771 2553 1998 2606 prorsus
2062 2538 2167 2591 im-

579 2627 845 2699 possibile
900 2639 986 2684 est
1039 2639 1265 2699 propter
1311 2641 1523 2684 natura:
1578 2629 1880 2683 vinculum.
1910 2629 2001 2683 Vm
2035 2644 2169 2700 ergo

575 2719 700 2780 illis.
733 2720 859 2789 quia
889 2720 1046 2775 facile
1081 2720 1652 2790 comprehendentur;
1685 2730 1741 2774 et
1769 2719 2025 2774 similiter
2052 2735 2170 2774 em—

575 2794 878 2880 bryonibus
912 2824 976 2862 ac
1006 2810 1355 2874 lactentibus,
1395 2811 1570 2879 utqui
1595 2807 1758 2862 simul
1785 2809 2043 2878 peribunt
2083 2809 2170 2878 (ἱ).

649 2917 811 2973 Juxta
828 2933 1107 2988 anogagen
1134 2934 1264 2972 vero
1297 2929 1642 2988 praegnantes
1666 2916 1905 2972 dicimus
1931 2919 2167 2978 animas.

573 3025 698 3078 qua:
731 3009 987 3061 virtutem
1015 3008 1260 3062 nondum
1292 3019 1659 3078 pepererunt:
1689 3008 1956 3064 lactantes
1985 3018 2169 3063 autem

573 3114 694 3169 qua:
729 3108 1062 3169 pepererunt
1089 3099 1335 3166 quidem.
1374 3114 1563 3152 verum
1605 3099 1834 3169 puerilis
1879 3105 1964 3152 est
2019 3099 2170 3151 fetus

573 3200 630 3244 et
662 3191 958 3244 admodum
986 3189 1352 3258 pusillanimis
1385 3190 1476 3259 (j).

653 3282 807 3337 Vers.
840 3283 931 3336 ΞΟ.
970 3283 1133 3336 Orate
1165 3313 1232 3325 -—
1264 3280 1515 3336 Sabbato.
1543 3282 1892 3337 Manifestum
1947 3291 2003 3336 et
2039 3281 2170 3337 hinc

574 3377 745 3448 quod,
766 3392 1078 3446 quanquam
1097 3375 1461 3445 tul-apostolos
1477 3376 1838 3445 protendebat
1853 3375 2167 3447 huiusmodi

572 3482 878 3530 sermones,
902 3477 1143 3520 attamen
1178 3470 1261 3520 vel
1292 3467 1380 3520 isti
1404 3467 1469 3520 ad
1498 3465 1718 3522 Judaeos
1747 3467 2118 3536 respiciebant
2143 3483 2159 3532 ;

573 3577 754 3630 neque
774 3561 925 3614 enim
945 3558 1180 3628 amplius
1207 3559 1574 3613 observabant
1597 3558 1827 3627 apostoli
1844 3559 2165 3622 Sabbatum,

573 3651 798 3720 quando
836 3658 996 3718 capta
1029 3659 1156 3704 sunt
1195 3648 1598 3720 Hierosolyma.
1624 3649 1806 3715 Quare
1845 3660 2028 3704 autem
2055 3665 2166 3704 non

573 3744 759 3798 hieme
813 3757 992 3810 neque
1068 3741 1364 3795 Sabbato?
1417 3739 1608 3795 Hieme
1673 3743 1891 3810 quidem
1941 3752 2168 3810 propter

573 3832 838 3903 temporis
867 3833 1245 3888 dillicultatem
1275 3849 1289 3897 ;
1320 3831 1560 3885 Sabbato
1581 3846 1709 3884 vero
1739 3840 1961 3901 propter
1991 3833 2165 3901 legem

571 3943 693 3996 qua:
729 3941 836 3979 non
879 3924 1228 3994 permittebat
1257 3923 1498 3978 Sabbato
1535 3923 1638 3978 iter
1660 3924 1844 3979 facere
1884 3925 2023 3978 ultra
2049 3934 2166 3979 sta-

572 4029 720 4073 tutos
740 4019 858 4086 lege
887 4030 1104 4085 passus.

643 4111 954 4180 Anagogice
1024 4117 1208 4162 autem
1283 4106 1466 4180 fugam
1523 4107 1882 4179 intelligimus
1954 4107 2161 4162 exitum

570 4204 766 4256 anima:
796 4218 824 4255 a
855 4216 1124 4270 corpore;
1161 4200 1398 4254 hicmetn
1450 4215 1578 4253 vero
1623 4200 2052 4255 commotionem
2098 4215 2164 4255 ac

2267 620 2338 671 τὰ
2393 617 2782 690 γεγραμμένα,
2836 615 3062 688 δηλαδὴ,
3119 617 3179 669 ἐν
3237 620 3358 681 ταῖς
3417 615 3628 686 βίϐλοις
3668 615 3763 669 τοῦ
3795 633 3856 669 τε

2268 711 2490 781 Δανιὴλ,
2524 712 2619 763 καὶ
2660 709 2768 763 τῶν
2803 709 2980 763 ἄλλων
3013 710 3334 780 προφητῶν,
3369 710 3500 780 περὶ
3539 708 3644 777 τῆς
3673 707 3858 761 τοιαύ-

2269 823 2364 874 της
2399 804 2674 866 ἁλώσεως.
2718 803 2960 872 Ἡμέραι
2987 803 3045 856 δὲ
3084 803 3422 872 ἐκδικήσεως
3451 801 3548 855 τοῦ
3598 804 3861 854 Δεσποτι-

2271 898 2368 950 κοῦ
2395 897 2578 966 φόνου.
2618 895 2781 949 Ἀλλὰ
2809 895 2984 948 ταῦτα
3019 896 3118 964 μὲν
3149 896 3272 948 καθ’
3302 895 3570 964 ίστορίαν.

2343 990 2500 1042 Κατὰ
2531 988 2588 1040 δὲ
2620 986 2913 1056 ἀναγωγὴν
2946 987 2996 1040 oi
3029 987 3087 1038 ὲν
3121 988 3186 1056 τῇ
3229 985 3490 1054 Ἰουδαία,
3550 986 3859 1050 τουτέστιν,

2269 1084 2319 1134 οἱ
2355 1083 2412 1134 δν
2441 1084 2506 1150 τῇ
2543 1080 2813 1150 εὐσεϐείαο
2849 1081 3006 1133 τοῦτο
3036 1078 3142 1149 γὰρ
3181 1079 3446 1148 σημαίνει
3481 1078 3544 1131 τὸ
3579 1079 3684 1148 τῆς
3728 1079 3862 1131 Ἰου-

2270 1175 2419 1235 δαία;
2452 1175 2648 1242 ὄνομα·
2685 1173 3040 1240 φευγέτωσαν
3074 1173 3166 1224 ἐπὶ
3198 1171 3266 1225 τὰ
3295 1171 3419 1240 ὅρη·
3457 1171 3604 1239 λέγω
3642 1172 3730 1239 δὴ,
3766 1173 3860 1223 ἐπὶ

2270 1268 2369 1334 τὴν
2411 1265 2619 1333 ὑψηλὴν
2655 1263 2910 1333 βοήθειαν
2951 1262 3045 1316 τοῦ
3075 1261 3234 1324 Θεοῦ,
3273 1260 3306 1331 ἢ
3344 1262 3437 1314 επὶ
3487 1263 3557 1313 τά
3603 1259 3714 1330 6'.qu
3749 1261 3860 1314 τῶν

2271 1357 2502 1426 ἀρετῶν·
2533 1356 2562 1407 ὁ
2595 1356 2687 1407 ἐπὶ
2715 1353 2812 1407 τοῦ
2842 1353 3095 1423 δώματος
3142 1353 3198 1405 δὲ
3224 1393 3239 1416 ,
3270 1352 3439 1423 ἤγουν
3460 1390 3474 1413 ,
3520 1354 3547 1405 6
3578 1351 3677 1416 τῆς
3709 1352 3862 1405 κάτω

2271 1449 2556 1518 διατριϐῆς
2587 1447 2921 1518 ὑπεραρθεὶς
2954 1448 3048 1500 καὶ
3074 1445 3278 1514 ὑψηλὸς
3303 1443 3383 1514 τῷ
3415 1442 3516 1514 βίῳ
3543 1444 3860 1517 γενόμενος,

2275 1541 2350 1611 μὴ
2382 1540 2757 1594 καταϐαινέτω
2788 1535 2918 1609 ἆραι
2945 1539 3010 1591 τὰ
3044 1540 3105 1590 ὲκ
3133 1537 3230 1590 τοῦ
3257 1537 3468 1606 κόσμου
3499 1534 3675 1603 πάθη,
3713 1535 3861 1602 άπερ

2273 1633 2620 1686 άπο).έλοιπε’
2653 1631 2750 1685 καὶ
2775 1634 2802 1684 ὁ
2837 1633 2896 1683 ἐν
2925 1630 3004 1701 τῷ
3036 1628 3193 1700 ἀγρῷ
3235 1628 3313 1694 δὶ,
3345 1628 3544 1693 εῐτουν,
3591 1627 3620 1678 ό
3671 1625 3731 1677 ἑν
3785 1623 3864 1694 τῷ

2271 1723 2752 1796 ἀνακεχωρημένῳ
2811 1722 2944 1793 βίῳ,
3007 1721 3084 1792 μὴ
3150 1719 3537 1790 ἐπιστρεψάτω
3592 1713 3729 1786 ἆραι
3792 1716 3862 1767 τὰ

2273 1817 2467 1886 ἱμάτια
2498 1815 2666 1868 αὑτοῦ
2695 1816 2840 1885 άπερ
2884 1813 2995 1866 είσὶ
3043 1813 3113 1867 τὰ
3144 1812 3469 1882 περιϐόλαια
3518 1808 3628 1863 τῶν
3677 1809 3865 1878 ἁμαρ-

2200 1909 2241 1963 ιι
2270 1909 2424 1971 τιῶν,
2451 1907 2487 1961 ἃ.
2517 1907 2683 1961 πάλαι
2715 1907 3041 1960 ἀπεδύσατο.

2347 2001 2494 2054 Οὐαὶ
2535 2029 2602 2038 -
2635 1996 2908 2067 ἡμέραις.
2950 1996 3073 2050 Τῶν
3105 1997 3209 2066 μὶν
3236 1996 3376 2068 (25),
3430 1994 3518 2049 διὰ
3561 1992 3657 2048 τὸν
3706 1992 3865 2057 ἐντὸς

2272 2090 2499 2159 φόρτον,
2529 2088 2638 2141 τῶν
2698 2087 2758 2140 δὲ
2789 2085 2878 2139 διὰ
2917 2086 3010 2140 τὸν
3043 2085 3203 2149 uti);
3231 2085 3292 2138 οὐ
3327 2085 3653 2153 δυναμένων
3689 2081 3854 2135 etiam.

2268 2183 2378 2244 λως
2408 2183 2630 2250 φυγεῖν.
2669 2181 2734 2232 Αἱ
2769 2180 2870 2249 μὲν
2893 2178 3005 2248 γὰρ
3044 2177 3388 2249 βεϐάρηνται
3441 2175 3521 2245 τῷ
3556 2173 3718 2243 ἄχθει
3751 2173 3865 2226 τῶν

2271 2274 2553 2344 ἐμϐρύων,
2590 2274 2647 2325 αἱ
2678 2272 2737 2324 δὲ
2787 2271 2864 2342 τῷ
2920 2271 3130 2341 φορτίῳ
3167 2271 3278 2322 τῶν
3308 2267 3677 2339 θηλαζόντων.
3714 2265 3871 2334 Χρη-

2276 2367 2468 2435 μάτων
2497 2365 2597 2435 μὲν
2631 2365 2743 2434 γὰρ
2783 2363 2881 2416 καὶ
2912 2366 3149 2434 ἱματίων
3197 2360 3622 2431 καταφρονῆσαι
3655 2357 3864 2430 ῥᾴδιον,

2268 2459 2359 2512 διὰ
2395 2459 2693 2528 σωτηρίαν
2726 2457 2988 2526 γενέσῢαι
3019 2457 3077 2510 δὲ
3128 2458 3230 2526 τὴν
3271 2456 3470 2522 ἔγκυον
3503 2454 3742 2522 κούφην,
3773 2451 3867 2504 καὶ

2275 2550 2584 2620 ἁπορῤίψαι
2634 2549 2734 2618 τὴν
2789 2546 3158 2617 θηλάζουσαν.
3196 2548 3224 2600 δ
3255 2547 3506 2617 eniam,
3577 2543 3866 2607 παντελῶς

2272 2641 2557 2706 ἀδύνατον,
2590 2641 2678 2694 διὰ
2703 2641 2796 2693 τὸν
2822 2639 3024 2707 δεσμὸν
3060 2639 3161 2708 τῆς
3201 2641 3441 2707 φύσεως.
3486 2638 3628 2690 Ούαὶ
3679 2637 3863 2688 τοίνυν

2273 2736 2492 2798 αὑταῖς,
2529 2732 2782 2796 εὐπετῶς
2824 2731 3449 2804 καταλαμϐανομίναις,
3479 2733 3578 2784 καὶ
3613 2731 3729 2792 τοῖς
3763 2731 3857 2798 ιμ-

2275 2827 2463 2897 ϐρύοις
2504 2827 2598 2878 καὶ
2640 2824 2978 2894 ὑπομαξίοις
3036 2823 3649 2893 συνδιαφθειρομέναις.

2345 2917 2505 2970 Κατὰ
2535 2916 2592 2968 δὲ
2627 2914 2928 2985 ἀναγωγὴν
2969 2917 3028 2967 ὲν
3087 2917 3287 2984 γαστρὶ
3321 2916 3420 2984 μὲν
3451 2913 3688 2983 ἐχούσας
3712 2911 3865 2965 νοοῦο

2276 3024 2375 3079 μεν
2431 3007 2530 3070 τὰς
2567 3009 2736 3077 μήπω
2771 3006 3041 3068 τεκούσας
3080 3007 3289 3076 ἀρετὴν
3345 3006 3549 3074 ψυχάς
3589 3004 3863 3073 θηλαζού-

2274 3115 2373 3161 σας
2407 3099 2462 3152 δὲ
2499 3099 2598 3162 τὰς
2628 3098 2900 3160 τεκούσας
2969 3098 3095 3168 μὲν,
3139 3097 3413 3169 νηπιῶδες
3439 3097 3498 3151 δὲ
3545 3099 3739 3168 κύημα
3772 3095 3864 3149 καὶ

2276 3191 2645 3262 βραχύτατον.

2350 3285 2780 3352 Προσεύχεσθε
2802 3315 2871 3328 --
2902 3284 3204 3349 Σαϐϐάτῳ.
3244 3282 3483 3354 Φανερὸν
3541 3281 3862 3348 κάντεῦθεν,

2271 3376 2356 3429 δτι
2395 3378 2441 3430 εἰ
2479 3378 2572 3429 καὶ
2611 3377 2748 3447 πρὸς
2778 3377 2906 3440 τοὺς
2935 3376 3270 3438 ἀποστόλους
3297 3377 3555 3429 ἀπέτεινε
3586 3376 3715 3440 τοὺς
3750 3393 3863 3428 τοι·

2273 3470 2466 3531 ούτους
2492 3469 2706 3535 λόγους,
2756 3467 2895 3521 ἀλλά
2925 3485 2988 3535 γε
3019 3469 3156 3538 πρὸς
3199 3469 3328 3530 τοὺς
3375 3467 3673 3530 Ἰουδαίους
3706 3467 3864 3520 ἔϐλεο

2274 3576 2374 3613 πον
2403 3554 2573 3613 οὗτοι.
2604 3561 2714 3612 Καὶ
2747 3559 2858 3630 γὰρ
2886 3559 3072 3613 οὐκέτι
3109 3558 3534 3630 παρεφύλαττον
3561 3558 3621 3611 τὸ
3649 3559 3866 3611 Σάϐϐαο

2274 3666 2366 3702 τον
2397 3651 2445 3702 οἱ
2473 3648 2784 3704 ἀπόστολοι.
2825 3650 2982 3703 Διατί
3011 3649 3088 3714 δὲ,
3122 3651 3195 3718 μη
3219 3650 3511 3718 χειμῶνος,
3544 3647 3684 3717 μηδὲ
3717 3647 3862 3701 Σαϐ-

2272 3742 2462 3813 ϐάτῳ;
2521 3743 2614 3811 Μὴ
2669 3742 2940 3812 χειμῶνος
3003 3742 3122 3811 μὲν,
3175 3741 3265 3794 διὰ
3316 3742 3416 3809 τὴν
3444 3741 3734 3794 δυσκολίαν
3765 3741 3863 3812 τὴν

2273 3835 2380 3887 ἀπὸ
2402 3835 2496 3887 τοῦ
2529 3833 2746 3904 καιροῦ⁶
2787 3833 2865 3903 μὴ
2895 3832 3158 3901 Σαϐϐάτῳ
3191 3832 3268 3896 δὲ,
3295 3831 3384 3884 διὰ
3421 3832 3510 3884 τὸν
3537 3832 3730 3901 νόμον,
3763 3833 3861 3885 οὐκ

2270 3929 2646 3996 ιπιτρέποντα
2683 3925 2928 3997 βαδίζειν
2965 3926 3025 3977 ὲν
3056 3923 3324 3994 Σαεϐάτῳ
3381 3923 3702 3996 περαιτέρω
3755 3925 3861 3977 τῶν

2271 4021 2683 4090 νενομισμένων
2713 4018 3003 4090 βημάτων.

2351 4110 2744 4179 ’Λναγωγικῶς
2779 4112 2836 4163 δὲ
2891 4108 3070 4180 φυγὴν
3101 4107 3200 4180 μὲν
3265 4108 3498 4179 νοοῦμεν
3549 4110 3647 4178 τὴν
3679 4109 3860 4175 ἔξοδον

2267 4203 2368 4275 τῆς
2391 4204 2567 4275 ψυχῆς
2586 4205 2698 4258 ἀπὸ
2721 4204 2816 4257 τοῦ
2850 4205 3130 4276 σώματος·
3164 4206 3417 4277 χειμῶνα
3446 4204 3505 4258 δὲ
3560 4204 3658 4274 τὴν
3687 4203 3858 4274 ζάλην

572 4295 941 4350 turbationetn
978 4292 1408 4362 cogitationum;
1444 4290 1740 4346 Sabbatum
1770 4303 1954 4346 autem
1983 4295 2158 4348 otium

2269 4299 2362 4353 ml.
2395 4295 2645 4368 ταραχὴν
2695 4295 2808 4350 τῶν
2845 4297 3149 4368 λογισμῶνο
3197 4297 3481 4352 Σάϐϐατόν
3511 4297 3568 4350 δὲ
3625 4297 3731 4367 τὴν
3763 4299 3859 4365 ἀρ·

568 4404 598 4441 a
635 4387 856 4440 virtute.
885 4383 1051 4438 Jubet
1083 4384 1271 4452 itaque
1317 4385 1497 4437 sermo
1549 4394 1606 4437 ut
1667 4399 1908 4448 oremus,
1956 4399 2026 4438 ne
2070 4385 2164 4438 fiat

2271 4393 2402 4461 γίαν
2443 4391 2546 4462 τῆς
2578 4390 2808 4461 ἀρετῆς.
2846 4393 3150 4463 Παρεγγυᾷ
3211 4393 3324 4464 γὰρ
3363 4395 3390 4446 δ
3421 4391 3581 4460 λόγος
3621 4389 3859 4460 προσεύ-

567 4480 749 4532 cxitus
784 4476 980 4529 anima:
1004 4483 1208 4528 nostra:
1240 4475 1294 4528 in
1334 4477 1697 4530 commotione
1733 4485 1826 4530 aut
1852 4477 2162 4532 turbatione

2269 4483 2483 4554 χεσθαι,
2531 4485 2610 4555 μὴ
2634 4485 2894 4553 γενέσθαι
2929 4484 3027 4555 τὴν
3057 4485 3241 4550 ἔξοδον
3264 4487 3362 4554 τῆς
3394 4483 3574 4554 ψυχῆς
3608 4481 3771 4552 ἡμῶν
3800 4483 3855 4531 ἐν

568 4567 984 4634 cogitationum,
1015 4580 1195 4633 neque
1229 4566 1285 4619 in
1330 4566 1444 4620 otio
1497 4582 1524 4619 a
1579 4567 1893 4634 virtutibus,
1954 4566 2050 4622 sed
2105 4566 2158 4620 in

2269 4576 2407 4650 ζάλῃ
2444 4580 2540 4630 καὶ
2569 4580 2788 4648 ταραχῇ
2820 4577 3122 4646 λογισμῶν,
3157 4575 3281 4647 μηδ’
3311 4579 3371 4629 ἐν
3397 4576 3572 4646 ἀργίᾳ
3594 4576 3693 4644 τῆς
3730 4577 3855 4644 ἀρε-

573 4661 967 4732 tranquillitate
991 4659 1394 4731 cogitationum
1419 4668 1475 4715 et
1509 4661 1830 4730 operatione
1860 4659 2148 4716 virtutum.

2269 4670 2385 4739 τῆς,
2411 4668 2550 4724 ἀλλὰ
2579 4669 2969 4740 γαληνιώντων
2987 4669 3097 4723 τῶν
3125 4667 3428 4737 λογισμῶν,
3463 4666 3556 4720 καὶ
3588 4667 3853 4735 ἐνεργου-

2269 4765 2440 4835 μένης
2477 4766 2578 4836 τῆς
2608 4764 2836 4836 άρετῇς.

1778 4903 1981 4967 Vat-ite
2007 4905 2316 4968 lectiones
2348 4910 2410 4966 et
2436 4911 2626 4969 notte.

644 5049 754 5118 (24)
788 5047 893 5101 Τοῦ
949 5048 1310 5173 πληρωθῆναι
1359 5051 1423 5103 Α.
1485 5049 1628 5105 Loco
1659 5050 1879 5106 laudato
1927 5058 2158 5120 uterque

644 5123 740 5173 dex
769 5119 822 5172 in
867 5129 1012 5173 textu
1106 5136 1215 5173 uca‘
1249 5121 1412 5173 habet
1433 5119 1763 5173 πλησθῆναι.

2269 5053 2377 5114 τοῖς
2414 5051 2489 5104 δέ.
2527 5049 2633 5106 Sed
2679 5051 2824 5105 nulla
2851 5065 2990 5121 Opus
3029 5061 3116 5107 est
3156 5051 3523 5110 correctione.
3558 5053 3669 5109 Nec
3698 5055 3846 5109 enim

2269 5123 2330 5173 ad
2358 5123 2502 5173 ούαί.
2526 5123 2621 5173 sed
2650 5123 2716 5173 ad
2744 5122 3062 5173 δυναμένων
3088 5122 3346 5173 refertur.

570 5119 830 5199 cod’eiirt
867 5129 1019 5199 textu.
1056 5119 1799 5199 Luca‘_lialietnkqobqvat._
1945 5192 1965 5199 _

2269 5123 2330 5176 ad
2358 5123 2502 5187 ούαί,
2526 5123 2621 5176 sed
2650 5123 2716 5175 ad
2744 5119 3062 5191 δυναμένων
3088 5122 3346 5180 refertur.

646 5188 757 5260 (25)
788 5188 1094 5244 lientenius
1145 5189 1402 5256 reddidit,
1447 5206 1510 5245 ac
1557 5193 1603 5246 si
1634 5188 1848 5262 legerit,
1879 5192 1995 5252 τοῖς
2029 5191 2156 5258 μὲν,

2254 5367 2322 5406 ex
2353 5353 2558 5406 Isidoro
2579 5361 2634 5406 et
2664 5352 2808 5421 apud
2840 5350 3110 5406 Isidorum
3141 5351 3239 5408 lib.
3264 5367 3302 5413 ι.
3330 5350 3490 5420 epist.
3521 5351 3647 5406 212.
3674 5353 3841 5406 etiam

2256 5426 2310 5492 in
2353 5423 2571 5477 schedis
2602 5423 2738 5475 meis
2770 5423 2914 5475 inter
2951 5421 3159 5476 inedita
3197 5423 3406 5477 scholia
3455 5432 3539 5477 est
3568 5425 3840 5492 ejusmodi

2257 5490 2465 5564 Severi.
2499 5492 2604 5546 Sed
2639 5494 2692 5544 in
2745 5491 2831 5546 his
2861 5491 3203 5564 βραχύτατον
3243 5508 3353 5546 non
3399 5490 3716 5564 reperitur:
3753 5511 3840 5563 νη-

2255 5563 2467 5634 πιῶδες
2513 5572 2696 5616 autem
2749 5571 2804 5615 et
2852 5563 3067 5625 ἀτελές.
3102 5562 3476 5630 Βραχύτατοί
3508 5562 3839 5634 interpretor

2257 5633 2724 5703 βραχυὸιώτατον.
2750 5633 2864 5686 Alia
2889 5635 3034 5686 enim
3067 5634 3294 5703 subesse
3325 5636 3597 5689 sententia
3628 5647 3836 5703 neqmt.

2261 5702 2423 5758 Forte
2457 5702 2761 5758 Hentenius
2804 5719 2834 5757 e
2874 5717 2974 5775 suo
3016 5702 3206 5757 codice
3236 5704 3607 5774 exscalps:-rat
3638 5702 3835 5775 βραχύ.

2261 5791 2410 5842 νουν,
2445 5777 2601 5845 cujus
2627 5775 2876 5844 exempla
2908 5774 3119 5844 ignoro.

644 5347 719 5414 (It)
752 5347 1032 5473 EtFIugam
1077 5351 1372 5418 expeditam
1420 5369 1557 5406 eam.
1609 5350 1734 5406 llazc
1779 5368 1889 5406 non
1926 5363 2052 5406 sunt
2097 5353 2151 5406 in

644 5433 783 5472 νέου.
861 5432 978 5473 orte
1009 5433 1190 5473 autem
1228 5424 1419 5473 voluit.
1453 5432 1502 5473 et
1533 5424 1603 5473 ad
1631 5424 1834 5473 fuaam.
1871 5424 1928 5473 In
1964 5423 2150 5473 codice

570 5415 783 5492 graeco.
819 5415 978 5474 Forte
1009 5415 1190 5473 autem
1228 5424 1419 5492 voluit,
1453 5432 1502 5475 et
1533 5424 1603 5475 ad
1629 5424 1834 5492 fugam.
1871 5424 1928 5476 In
1964 5423 2150 5477 codice

573 5488 665 5574 illo
713 5488 949 5544 fortasse
1001 5499 1119 5543 erat
1150 5506 1164 5542 :
1200 5491 1425 5564 Κούφην
1458 5494 1552 5545 καὶ
1581 5488 1817 5563 εὐσταλῆ
1863 5495 1998 5564 πρὶς
2054 5509 2154 5561 cpu-

573 5575 708 5708 intvi.)
741 5629 804 5683 Et
827 5630 990 5686 simul
1023 5645 1148 5684 cum
1181 5633 1567 5703 embryonibus
1602 5649 1665 5688 ac
1693 5633 2019 5690 lactentibus
2037 5648 2156 5702 per-

572 5697 1162 5839 Pusillanimia.
1216 5771 1327 5826 [loc
1372 5788 1480 5826 non
1522 5785 1603 5828 cst
1646 5774 1700 5829 in
1740 5772 1948 5829 Greco.
1991 5773 2153 5828 Simi-

573 5837 686 5894 lem
704 5837 1030 5899 sententiam
1063 5845 1282 5916 reperio
1327 5846 1380 5898 in
1407 5844 1611 5899 Catena
1645 5846 1886 5902 Corderii
1914 5847 1982 5903 ad
2017 5846 2074 5899 b.
2107 5846 2144 5899 l.
