4100 6424
252 397 361 463 6'3

1149 401 1544 462 COMMENT.
1585 400 1667 461 IN
1713 399 2192 462 MATTHJEUM.
2231 424 2298 438 η’
2340 402 2502 463 CAP.
2543 404 2754 467 XXIV.

3433 413 3538 478 6M

330 507 538 559 Ἔσται
565 537 634 546 —
659 505 922 575 γένηται.
957 503 1025 558 Et
1051 521 1137 567 τις
1176 505 1379 580 ἐντύχῃ
1426 508 1539 569 τοῖς
1583 504 1852 574 Ἰωσήπου

2035 503 2187 559 Vers.
2213 504 2302 559 2i.
2345 506 2462 561 Erit
2493 538 2558 548 —-
2588 509 2700 578 ﬁet.
2754 510 2812 565 Si
2843 513 2969 581 quis
3005 513 3058 567 in
3083 512 3309 584 Josepbi
3334 520 3538 589 scripta

255 599 686 667 συγγράμμασι,
734 595 1320 666 πληροφορηθήσεται.
1366 596 1562 650 Καίτοι
1590 596 1702 666 γὰρ
1753 596 1850 648 Ἐ-

1955 594 2179 648 incidat.
2219 595 2426 648 certior
2468 599 2696 653 omnino
2723 601 2791 654 de
2831 602 2916 657 liis
2945 603 3229 659 efﬁcietur.
3256 606 3536 675 Siquidem

255 686 451 759 δραίος
479 687 581 754 ῶν,
625 687 1040 741 διαϐεϐαιοῦται
1079 687 1209 758 περὶ
1234 689 1334 757 τῆς
1359 687 1617 758 τοιαύτης
1642 687 1850 757 θεομη-

1951 697 2076 737 cum
2123 685 2285 738 etiam
2312 685 2537 742 Iudaeus
2566 700 2736 754 esset,
2801 693 3036 748 aiIlrmat
3096 698 3164 752 de
3218 698 3539 767 huiusmodi

257 779 405 842 νίας,
463 783 546 834 ὅτι
607 783 790 833 πᾶσαν
847 781 1071 849 ἐνίκησε
1139 781 1453 852 συμφορὰν,
1509 782 1606 834 καὶ
1663 785 1850 834 πᾶσαν

1955 775 2048 828 Dei
2097 777 2197 841 ira,
2228 777 2374 847 quod
2405 795 2624 834 onlnem
2653 787 2954 838 excesserit
2985 788 3369 854 calamitatrm,
3423 808 3546 846 om-

255 871 505 940 ὑιτερέὸδ⁸
541 871 879 941 τραγῳδίαν.
932 872 1090 925 Μετὰ
1147 874 1256 942 γὰρ
1291 874 1390 942 τῆς
1425 872 1587 941 ξένης
1625 873 1847 942 ἐκείνης

255 961 584 1033 πολιορκίας
613 961 869 1026 τοσοῦτος
896 958 965 1033 ἦν
997 964 1025 1014 ό
1056 963 1236 1032 λιμὸς,
1269 963 1346 1026 ῶς
1373 964 1466 1016 καὶ
1495 963 1688 1026 αὐταῖς
1722 967 1848 1028 ταῖς

257 1057 536 1126 μητράσιν
569 1055 952 1124 περιμάχητον
1000 1051 1142 1108 εἶναι
1178 1053 1276 1125 την
1320 1057 1712 1124 τεκνοφαγίαν,
1751 1056 1847 1128 καὶ

253 1147 400 1217 ὑπδρ
430 1147 622 1200 τούτου
662 1129 938 1216 πολέμους
981 1147 1250 1215 γίνεσθαι.
1299 1147 1456 1210 Τίνος
1502 1148 1593 1201 οῦν
1654 1150 1845 1202 ἕνεκεν

251 1237 617 1306 χαλεπώτερα
649 1240 742 1290 καὶ
770 1237 1189 1309 φρικωδέστερα
1237 1240 1460 1292 πάντων
1492 1240 1601 1292 τῶν
1623 1241 1720 1293 ἀπ’
1756 1242 1844 1295 αί-

251 1328 398 1390 ῶνος
476 1329 786 1397 ἀνθρώπων
849 1331 1160 1384 πεπόνθασι
1203 1348 1218 1398 ;
1260 1331 1408 1382 Διότι
1485 1331 1846 1403 χαλεπώτερα

252 1424 353 1474 καὶ
389 1422 803 1493 φρικωδέστερα
850 1424 1072 1476 πάντων
1103 1423 1216 1476 τῶν
1250 1424 1346 1476 ἀπ’
1397 1424 1594 1487 αίῶνος
1627 1425 1815 1494 ἀνθρώ

249 1531 374 1567 πων
419 1516 824 1585 τετολμήκασιν
859 1554 876 1580 ,
922 1515 1212 1579 ἀνελόντες
1248 1515 1341 1570 τὸν
1377 1515 1506 1567 Υἱδν
1553 1517 1646 1568 τοῦ
1682 1515 1842 1568 Θεοῦ.

246 1608 470 1669 Λουκᾶς
501 1607 562 1660 δὲ
593 1606 934 1676 πλατύτερόν
975 1623 1165 1677 φησιν,
1216 1609 1300 1660 ὅτι
1341 1609 1558 1660 Ἔσται
1606 1605 1841 1674 ἀνάγκη

243 1696 482 1765 μεγάλη
509 1698 606 1750 ἐπὶ
639 1694 743 1763 τῆς
776 1696 914 1766 γῆς.
937 1698 1037 1751 καί
1081 1696 1228 1766 ὀργή
1253 1698 1324 1749 ἐν
1357 1695 1439 1761 τῷ
1468 1697 1595 1762 ,λαῷ
1626 1699 1839 1763 τούτῳ,

243 1789 346 1840 καί
384 1787 716 1842 πεσοῦνται
750 1791 1003 1863 στόματι
1050 1791 1374 1858 μαχαίρας,
1396 1789 1493 1841 καί
1540 1791 1841 1857 αἰχμαλω-

1953 882 2190 936 nemque
2246 884 2596 939 supergressa
2645 874 2718 927 sit
2780 877 3119 945 tragiediam.
3168 878 3300 934 Nam
3346 893 3542 950 praeter

1955 959 2300 1012 tremendam
2350 961 2498 1015 illam
2529 963 2902 1028 obsidionem,
2929 976 3076 1022 larua
3105 983 3225 1024 erat
3252 972 3443 1032 fames.
3482 984 3542 1029 ut

1951 1047 2083 1116 ipsis
2106 1065 2323 1119 quoque
2343 1053 2807 1125 matribuspugna
2836 1056 3002 1112 fuerit
3033 1076 3133 1128 pro
3149 1077 3246 1115 esu
3281 1064 3537 1120 filiorum.

1951 1139 2034 1192 οι)
2064 1154 2226 1207 quam
2258 1155 2388 1210 ergo
2421 1157 2668 1203 causam.
2719 1146 3172 1203 miserabiliorem
3199 1166 3264 1205 ac
3297 1151 3536 1208 horribi-

1952 1231 2140 1284 liorcm
2168 1231 2312 1299 passi
2345 1234 2839 1290 suntafﬂictionem
2872 1242 3128 1296 omnibus
3161 1258 3282 1311 qua:
3315 1246 3542 1301 fuerunt

1948 1335 1977 1372 a
2011 1320 2409 1386 sa:culo?Quia
2441 1327 2611 1393 magis
2671 1332 3070 1383 exsecrandum
3106 1347 3169 1386 ac
3221 1333 3541 1392 horribilius

1951 1420 2410 1478 perpetraverunt
2463 1413 2728 1484 flagitium
2771 1419 3029 1473 omnibus
3075 1422 3168 1489 qui
3231 1422 3456 1479 fuerunt
3509 1442 3542 1477 a

1947 1501 2171 1566 saeculo,
2201 1503 2294 1557 Dei
2330 1503 2535 1558 Filium
2593 1508 2928 1563 occidentes.
2991 1511 3168 1567 Lucas
3202 1526 3382 1568 autem
3427 1517 3543 1585 pla-

1947 1593 2076 1646 nius
2108 1593 2243 1648 dicit
2269 1614 2281 1648 :
2324 1598 2441 1649 Erit
2473 1597 2610 1650 enim
2639 1599 2848 1668 aﬂlictio
2902 1619 3096 1671 magna
3126 1621 3283 1672 super
3313 1617 3536 1670 terram,

1947 1693 1995 1736 et
2027 1685 2110 1738 ira
2148 1688 2202 1739 iu
2233 1688 2426 1755 papula
2461 1692 2575 1754 hoc,
2632 1699 2920 1761 cadentque
2958 1696 3072 1747 acie
3121 1695 3307 1764 gladii.
3333 1707 3381 1750 et
3409 1713 3539 1767 cap-

1946 1777 2042 1830 tivi
2096 1779 2354 1832 ducentur
2405 1782 2459 1833 in
2512 1797 2690 1834 omnes
2745 1795 2942 1853 gentes,
2995 1794 3044 1837 et
3090 1785 3385 1840 Jerusalem
3423 1788 3539 1840 cal-

242 1880 643 1948 τισθήσονται
671 1885 761 1948 είς
783 1860 982 1935 παν-τα
1002 1883 1074 1937 τὰ
1101 1883 1270 1948 ἔθνη,
1305 1883 1404 1935 καὶ
1449 1881 1843 1950 Ἰερουσαλὴμ

1949 1868 2156 1922 cabitur
2195 1887 2224 1922 a
2269 1872 2530 1939 gentibus,
2574 1874 2735 1925 donec
2776 1874 3106 1944 impleantur
3137 1887 3372 1945 tempoi'a
3409 1895 3538 1948 geu-

243 1973 420 2028 ἔσται
442 1973 791 2042 πατουμένη
844 1974 964 2028 ὑπὸ
1015 1970 1227 2038 ἐθνῶν,
1274 1971 1413 2040 ἄχρι
1478 1965 1842 2039 πληρωθῶσι

244 2068 442 2135 καιροὶ
470 2066 680 2120 ἐθνῶν.
724 2066 926 2136 Ὀργὴν
960 2067 1063 2133 μὲν
1088 2065 1268 2134 λέγων
1298 2066 1399 2134 τὴν
1433 2064 1527 2116 τοῦ
1563 2061 1724 2127 Θεοῦ,
1751 2062 1843 2115 διὰ

243 2163 340 2214 τὸν
376 2162 504 2213 my
530 2160 724 2226 αὑτοῦ,
757 2161 986 2232 καιροὺς
1026 2159 1084 2212 δὶ
1112 2158 1286 2211 ἐθνῶν
1323 2159 1453 2221 τοὺς
1487 2159 1616 2228 ἄχρι
1653 2172 1842 2210 συντε-

242 2251 407 2316 λείας
440 2251 644 2319 αὐτῶν,
685 2254 782 2306 καὶ
853 2252 946 2305 τοῦ
999 2251 1209 2321 κόσμου
1245 2251 1479 2312 παντός.

321 2346 431 2398 Καὶ
480 2348 532 2398 εί
574 2346 844 2414 μὴ-»αί
879 2344 1092 2413 ἡμέραι
1141 2344 1392 2397 ἐκεῖναι.
1434 2342 1686 2414 Ἡμέρας
1734 2336 1837 2404 τὰς

240 2435 340 2488 τοῦ
375 2435 618 2506 πολέμου
646 2437 742 2488 καὶ
778 2435 880 2504 τῆς
923 2435 1245 2503 πολιορκίας
1276 2434 1493 2504 ἐκείνης
1557 2433 1716 2503 φησι,
1752 2432 1841 2484 λε-

241 2545 380 2596 γων·
435 2529 518 2581 ὅτι
578 2532 625 2581 εί
659 2529 734 2599 μὴ
789 2528 1184 2598 ἠλαττώθησαν
1245 2530 1302 2581 αί
1363 2527 1570 2597 ἡμέραι
1630 2527 1839 2578 ἐκεῖναι

246 2621 374 2672 κατ’
411 2623 728 2690 οίκονομίαν
775 2623 928 2690 παρὰ
985 2622 1081 2672 τοῦ
1146 2620 1305 2686 Θεοῦ,
1342 2620 1444 2672 οὐκ
1488 2619 1555 2672 ἂν
1585 2617 1843 2686 διεσώθη,

240 2713 347 2766 οὐκ
407 2715 474 2766 ἂν
535 2714 849 2781 ὑπεξέφυγε
900 2713 993 2765 τὸν
1047 2713 1280 2767 θάνατον
1344 2713 1493 2764 πᾶσα
1554 2710 1712 2780 σὰρξ,
1773 2711 1840 2780 ἦ·

241 2821 403 2876 γοῦν,
455 2805 577 2860 οὐδὲ
641 2806 739 2875 μία
784 2805 942 2875 σὰρξ,
986 2805 1254 2875 Ἰουδαῖκὴ
1286 2805 1551 2874 δηλονότι.
1630 2805 1842 2864 Πάντες

1952 1960 2084 2014 tium
2112 1961 2178 2014 “.
2221 1961 2360 2015 Iram
2390 1964 2610 2031 quidem
2667 1965 2760 2019 Dei
2826 1967 3052 2031 dicens;
3108 1976 3354 2037 tempora
3405 1985 3536 2024 vero

1952 2048 2221 2120 gentium,
2253 2066 2314 2104 ea
2342 2066 2461 2119 quae
2491 2053 2771 2106 durabunt
2801 2068 2973 2123 usque
3012 2055 3080 2108 ad
3103 2059 3538 2113 consummatio-

1953 2156 2082 2196 nem
2104 2158 2317 2208 eorum,
2360 2145 2638 2214 totiusque
2676 2145 2890 2200 mundi.

2016 2363 2290 2420 Vers.22.
2326 2365 2393 2418 Et
2427 2367 2629 2420 nisi—
2675 2369 2782 2422 dies
2809 2368 2912 2422 illi.
2974 2368 3100 2424 Dies
3162 2372 3239 2426 ait
3302 2371 3430 2428 belli
3483 2383 3543 2429 et

1943 2454 2504 2522 obsidionis.dicens,
2540 2457 2684 2526 quod
2716 2459 2820 2514 nisi
2886 2459 3137 2514 diminuti
3162 2461 3393 2518 fuissent
3422 2463 3541 2520 dies

1943 2546 2022 2601 illi
2073 2546 2484 2616 dispensatione
2517 2549 2724 2613 divina,
2757 2566 3100 2621 nequaquam
3144 2553 3293 2606 salva
3323 2555 3536 2620 fuisset,

1945 2652 2291 2707 nequaquam
2347 2651 2578 2694 mortem
2636 2644 2896 2698 evitasset
2922 2645 3103 2698 omnis
3149 2661 3298 2709 caro,
3324 2647 3379 2702 id
3428 2662 3532 2714 est,

1948 2729 2097 2781 nulla
2135 2731 2490 2784 remansisset
2515 2747 2666 2797 caro,
2703 2731 2929 2788 Iudaica
2981 2736 3259 2791 Videlicet.
3328 2737 3535 2793 Omnes

1947 2821 2093 2873 enim
2131 2821 2331 2874 mortui
2356 2821 2592 2881 fuissent
2615 2824 2891 2890 homines,
2932 2834 2986 2880 et
3015 2829 3107 2895 qui
3142 2828 3313 2891 intus,
3357 2840 3411 2883 et
3440 2831 3531 2900 qui

246 2899 361 2970 γὰρ
391 2899 457 2952 ἂν
489 2898 886 2968 διεφθάρησαν,
935 2898 1028 2949 καὶ
1074 2899 1122 2950 oi
1156 2898 1327 2962 ἐντὸς,
1365 2897 1460 2949 καὶ
1492 2898 1540 2947 οί
1578 2894 1754 2957 ἐκτός
1785 2894 1837 2946 oi

1945 2920 2094 2963 extra
2120 2921 2278 2965 erant
2331 2927 2347 2965 :
2391 2913 2614 2980 quidam
2648 2914 2812 2976 fame.
2848 2894 3073 2984 quidem
3104 2933 3234 2972 vero
3259 2929 3409 2987 peste
3433 2894 3529 2975 a-ut

249 2994 354 3062 μὲν
402 2992 573 3061 λιμῷ,
607 2994 654 3043 ot
714 2992 772 3044 δδ
811 2990 1010 3058 λοιμῷ,
1042 2990 1184 3042 οί’δὲ
1216 2989 1362 3058 ξίφει
1413 2989 1511 3041 καὶ
1555 2986 1836 3049 παντοίοις

1945 3001 2141 3068 gladio.
2161 3003 2528 3073 omnibusque
2551 3007 2742 3060 mortis
2769 3007 3079 3076 generibus.
3116 3011 3391 3066 Adversus
3416 3028 3537 3067 om-

244 3083 488 3137 θανάτου
543 3082 795 3152 τρόποις.
846 3082 1008 3136 Κατὰ
1053 3081 1278 3137 πάντων
1307 3080 1419 3150 γὰρ
1458 3077 1730 3133 Ἰουδαίων
1783 3079 1865 3130 οίη

1947 3108 2045 3146 nes
2076 3095 2344 3162 siquidem
2385 3095 2604 3152 Jud;eos
2637 3098 2867 3152 Romani
2899 3100 3083 3154 furore
3117 3104 3332 3157 accensi
3358 3115 3538 3169 erant,

259 3177 532 3244 Ῥωμαῖοι
575 3176 826 3246 σφοδρῶς
883 3175 1194 3245 ἐμάνησαν,
1233 3176 1327 3226 καὶ
1379 3175 1523 3226 κατὰ.
1555 3174 1665 3224 τῶν
1695 3189 1840 3226 παν-

1947 3185 2112 3238 etiam
2142 3186 2406 3242 adversus
2452 3203 2547 3244 eos
2601 3191 2694 3259 qui
2731 3190 2931 3260 ubique
2975 3203 3240 3247 terrarum
3304 3195 3540 3266 dispersi

241 3271 390 3340 ταχῆ
414 3268 835 3339 διεσπαρμένων
866 3268 1153 3336 ἐφέροντο.
1203 3265 1533 3327 Ἑκλεκτοῦς
1565 3264 1624 3316 δὲ
1677 3265 1837 3317 καλεῖ

1946 3277 2266 3332 ferebantur
2293 3279 2390 3350 (Ic).
2419 3278 2632 3334 Eiectos
2663 3290 2846 3335 autem
2905 3294 3065 3337 vocat
3097 3283 3306 3351 fideles,
3335 3264 3429 3356 qui
3471 3304 3538 3342 ex

240 3366 372 3427 τοὺς
403 3363 460 3429 ἐξ
502 3362 774 3415 Ἰουδαίων
815 3361 1066 3425 πιστοὺς,
1095 3359 1165 3412 δι’
1195 3357 1289 3422 οὒς
1328 3359 1630 3427 ταχύτερον
1664 3357 1838 3411 ἐπαυ-

245 3474 311 3510 σε
367 3455 459 3509 τὸν
510 3454 770 3523 πόλεμον,
816 3451 904 3504 ἵνα
957 3451 1034 3522 μὴ
1093 3449 1511 3502 συναπόλωνται
1562 3452 1674 3511 τοῖς
1709 3449 1841 3502 ἁπι-

245 3566 419 3614 στοις,
452 3546 590 3600 ἀλλὰ
628 3544 832 3616 μᾶλλον
860 3544 950 3598 ἵνα
983 3544 1130 3607 τινὲς
1161 3544 1273 3598 τῶν
1309 3543 1558 3596 ἀπίστων
1623 3543 1838 3596 συνδια-

245 3643 468 3696 σωθῶσι
509 3641 746 3704 τούτοις,
769 3639 913 3692 ὥστε
941 3637 1148 3708 μηδένα
1173 3636 1479 3707 δυνηθῆναι
1514 3635 1720 3704 λέγειν,
1753 3636 1836 3688 ὃτι

240 3735 337 3788 διὰ
394 3734 521 3796 τοὺς
577 3730 985 3793 πιστεύσαντας
1018 3731 1052 3801 ἡ
1098 3728 1368 3798 θεήλατος
1430 3725 1574 3796 αῦτη
1634 3724 1836 3795 μάστιξ

242 3826 507 3896 ἐπῆλθεν·
545 3823 660 3878 ἀλλ’
696 3824 785 3877 ἴνα
819 3821 1112 3892 βλέποντες
1141 3821 1192 3873 oi
1212 3819 1634 3887 ὑπολειφθέντες
1664 3818 1841 3871 ᾶπαν-

241 3938 351 3983 τας
414 3919 543 3980 τοὺς
569 3919 627 3970 ἐν
654 3917 841 3978 αὐτοῖς
877 3916 1104 3977 πιστοὺς
1125 3912 1474 3984 διαδράντας,
1505 3913 1707 3966 συνῶσι
1736 3912 1837 3981 τὴν

240 4014 452 4076 αίτξαν,
485 4011 579 4064 καὶ
615 4007 1014 4079 βεσαιωθῶσιν,
1049 4006 1126 4069 ὡς
1152 4006 1216 4068 οὐ
1239 4005 1401 4076 μόνον
1432 4005 1532 4058 οὐκ
1557 4003 1838 4056 ἀπώλοντο

237 4110 310 4163 δι⁹
342 4106 543 4168 αὐτοὺς
565 4105 616 4155 οἱ
648 4100 1068 4169 διαφθαρέντες,
1101 4099 1242 4152 ἀλλὰ
1277 4097 1516 4166 μάλιστα
1555 4099 1651 4150 καὶ
1678 4096 1836 4148 αὐτοὶ

239 4200 334 4254 διὰ
371 4197 597 4257 τούτους
631 4193 1078 4264 περιεσώθησαν.

315 4292 444 4343 Ὅτι
473 4287 531 4341 δὲ
563 4287 626 4340 τὸ
654 4285 822 4341 πᾶσα
847 4283 1027 4351 σὰρξ,
1050 4283 1174 4337 ἀντὶ
1198 4281 1315 4344 τοῦ,
1347 4279 1470 4334 οὐδὲ
1490 4279 1613 4349 μία,
1639 4278 1835 4348 παρεί-

238 4387 471 4454 ληπται,
504 4380 662 4449 δῆλον
691 4377 784 4430 καί
814 4376 922 4429 ἀπὸ
953 4374 1049 4427 τοῦ
1075 4372 1370 4426 Δαυῖδικοῦ
1405 4371 1598 4442 ῥητοῦ,
1647 4372 1836 4438 λέγον-

1953 3370 2156 3425 ιυιιαξίε
2187 3380 2361 3435 erant,
2398 3381 2622 3441 propter
2669 3387 2810 3441 quos
2839 3373 3003 3428 citius
3057 3375 3267 3443 quievit
3305 3377 3536 3442 bellum,

1946 3475 2017 3513 ne
2052 3460 2298 3529 perirent
2330 3476 2437 3514 una
2476 3477 2601 3515 cum
2631 3462 2950 3517 infidelibus
2976 3481 2990 3529 ;
3020 3466 3114 3519 sed
3144 3468 3326 3534 potius
3350 3469 3537 3524 incre-

1943 3551 2053 3605 duli
2083 3552 2248 3619 aliqui
2290 3567 2387 3620 per
2423 3553 2524 3607 bos
2549 3564 2920 3616 servarentur,
2943 3571 3011 3609 ne
3049 3566 3236 3625 posset
3260 3560 3535 3628 quispiam

1941 3643 2128 3698 dicere
2185 3643 2330 3711 quod
2374 3653 2602 3712 propter
2633 3659 2730 3698 eos
2763 3645 2857 3714 qui
2915 3647 3285 3713 crediderant,
3346 3651 3464 3703 haec
3508 3669 3536 3704 a

1943 3736 2054 3790 Deo
2122 3736 2368 3790 immissa
2403 3738 2538 3790 ultio
2573 3739 2990 3807 supervenisset
3032 3757 3046 3793 :
3103 3744 3198 3795 sed
3236 3742 3329 3810 qui
3361 3743 3537 3799 relicti

1939 3824 2370 3879 erantvidenles
2395 3840 2588 3878 omnes
2634 3825 2726 3894 qui
2791 3827 2935 3881 inter
2988 3829 3138 3897 ipsos
3189 3832 3540 3886 crediderant

1943 3913 2352 3982 permansisse,
2403 3914 2778 3985 intelligerent
2851 3932 3099 3982 causam,
3155 3934 3219 3973 ac
3269 3923 3537 3978 certiores

1943 4004 2326 4067 redderentur.
2359 4007 2503 4075 quod
2537 4022 2647 4060 non
2703 4007 2878 4062 solum
2935 4025 3043 4062 non
3099 4010 3379 4078 perierant
3415 4029 3539 4081 pro-

1940 4103 2064 4164 pter
2091 4095 2214 4149 illos
2246 4098 2338 4165 qui
2375 4097 2578 4150 mortui
2616 4108 2795 4164 erant,
2826 4100 2919 4154 sed
2953 4101 3138 4169 potius
3167 4110 3224 4155 et
3277 4103 3382 4172 ipsi
3411 4120 3538 4173 pro-

1940 4194 2064 4256 pter
2095 4203 2190 4243 eos
2231 4189 2438 4244 servati
2483 4199 2663 4244 erant.

2014 4278 2173 4344 Quod
2221 4289 2441 4333 autem:
2479 4297 2579 4333 non
2633 4281 2806 4337 omnia
2854 4299 3001 4346 caro,
3049 4299 3151 4354 pro
3181 4285 3329 4339 nulla
3385 4302 3534 4353 raro,

1941 4380 2216 4436 sumatur,
2271 4371 2625 4427 manifestum
2685 4383 2768 4428 est
2830 4389 3050 4443 quoque
3091 4391 3120 4429 a
3166 4377 3315 4432 dicto
3373 4378 3533 4433 Davi-

238 4488 360 4536 τοςο
401 4469 496 4535 Μὴ
523 4464 1057 4534 κατακυριευσὰτω
1079 4481 1200 4532 μου
1232 4461 1403 4517 πᾶσα
1434 4463 1675 4530 ἀνομία,
1710 4461 1834 4512 ἀντὶ

1945 4464 2068 4518 dico
2101 4478 2211 4534 quo
2243 4463 2445 4518 dicitur
2481 4481 2496 4518 :
2538 4464 2660 4518 Non
2705 4467 3008 4522 dominetur
3043 4470 3144 4522 mei
3179 4471 3348 4523 omnis
3388 4471 3534 4538 inju-

241 4565 368 4628 τοῦ,
419 4563 556 4634 μηδὲ
591 4562 710 4634 μία.
738 4559 850 4614 Καὶ
889 4557 1049 4612 τοῦτο
1074 4557 1185 4629 γὰρ
1219 4556 1418 4626 ἰδίωμα
1460 4553 1563 4625 τῆς
1591 4552 1835 4616 παλαιᾶς

240 4659 497 4728 Γραφῆς.

314 4751 391 4803 Σὺ
419 4747 478 4801 δέ
521 4763 612 4816 μοι
649 4745 850 4798 σκόπει
879 4742 974 4797 τοῦ
1008 4742 1158 4796 θείου
1193 4740 1511 4810 Πνεύματος
1548 4743 1646 4810 τὴν
1689 4741 1835 4793 oixo-

239 4840 463 4909 νομίαν,
489 4837 608 4900 πῶς
643 4837 672 4888 ὁ
707 4837 806 4906 μὲν
844 4835 1127 4902 Ἰωάννης,
1168 4834 1196 4886 ὀ
1226 4832 1357 4895 ζῶν,
1389 4832 1477 4884 ὅτε
1523 4833 1696 4885 ταῦτα
1743 4832 1835 4898 γέ-

240 4946 396 4999 γονε,
431 4927 527 4982 καὶ
560 4926 700 4997 μετὰ
726 4926 827 4996 τὴν
861 4925 1064 4978 ἆλωσιν
1096 4923 1268 4977 πολὺν
1297 4922 1378 4974 ἔτι
1411 4921 1582 4990 ζήσας
1614 4923 1831 4992 χρόνον,

240 5023 402 5076 οὐδὲν
450 5018 661 5072 τούτων
718 5017 982 5086 ἔγραψεν,
1038 5015 1126 5068 ἵνα
1171 5013 1246 5084 μὴ
1277 5011 1407 5084 δόξῃ
1445 5013 1704 5083 γράφειν,
1756 5012 1833 5076 ὡς

1944 4556 2098 4609 stitia
2115 4555 2184 4620 δ’,
2207 4555 2258 4608 id
2288 4564 2394 4619 est,
2414 4555 2584 4609 nulla;
2604 4555 2740 4610 Nam
2769 4567 2822 4611 et
2869 4558 2973 4612 hoc
3000 4559 3202 4613 idioma
3230 4569 3314 4613 est
3333 4561 3535 4618 veteris

1945 4644 2267 4716 Scriptum.

2013 4738 2097 4792 Tu
2130 4754 2260 4794 vero
2285 4740 2576 4794 considera
2630 4741 2764 4794 mihi
2812 4741 2981 4794 divini
3029 4740 3274 4822 Spiritus
3316 4743 3538 4814 dispen-

1939 4829 2234 4896 sationem,
2261 4847 2370 4902 quo
2417 4833 2581 4886 modo
2627 4830 2870 4885 Joannes
2899 4833 2992 4901 qui
3047 4834 3098 4889 in
3159 4832 3298 4886 rivis
3355 4835 3536 4889 adhuc

1939 4930 2057 4976 erat
2089 4918 2219 4976 dum
2255 4923 2368 4976 haec
2397 4923 2539 4977 facta
2567 4930 2716 4986 sunt,
2753 4931 2808 4976 et
2860 4923 3032 4975 multo
3073 4923 3254 4977 adhuc
3283 4935 3532 4993 tempore

1934 5020 2060 5082 post
2111 5015 2579 5084 expugnationem
2630 5013 2792 5078 vixit,
2842 5013 2978 5066 nihil
3035 5015 3232 5069 borum
3294 5017 3532 5084 scripsit,

236 5115 414 5169 πάλαι
439 5108 730 5182 είρημίνα,
758 5110 827 5161 τα
859 5108 961 5179 ἠδη
996 5106 1364 5178 γεγενημένα’
1396 5105 1446 5156 ot
1493 5105 1550 5157 δὲ
1585 5103 1694 5175 πρὸ
1734 5103 1830 5157 τοῦ

1945 5123 2005 5162 ne
2060 5107 2216 5178 quasi
2279 5108 2409 5162 olim
2474 5108 2732 5178 praedicta
2777 5107 3020 5162 scribere
3061 5107 3354 5174 videretur,
3407 5124 3532 5178 qua!

232 5205 503 5278 γενέσθαι
559 5204 736 5256 ταῦτα
812 5200 1292 5269 τετελευτηκότες,
1357 5200 1558 5251 ἐκεῖνοι
1650 5199 1830 5252 πάντα

1945 5206 2039 5263 βω
2064 5201 2205 5256 facta
2228 5211 2408 5256 erant.
2447 5201 2550 5267 Qui
2598 5216 2730 5256 vero
2781 5202 3100 5271 priusquam
3158 5201 3276 5254 hac
3328 5203 3527 5256 tierent

238 5297 432 5369 σαφῶς
461 5295 733 5366 ἔγραψαν,
768 5293 857 5347 ἵνα
886 5292 1202 5354 ἀνύποπτος
1231 5293 1264 5361 ἡ
1293 5289 1388 5343 τοῦ
1429 5291 1668 5363 Χριστοῦ
1695 5292 1822 5360 περὶ

1945 5296 2132 5349 mortui
2184 5303 2336 5360 sunt,
2411 5294 2702 5350 manifeste
2767 5293 2952 5350 omnia
3025 5294 3387 5365 scripserunt,
3466 5305 3526 5349 ut

343 5479 392 5513 “
427 5479 559 5535 Luc.
596 5492 711 5539 ut,
733 5475 822 5540 ‘23,
850 5474 942 5530 2i.
1011 5474 1054 5506 δ’
1088 5472 1232 5527 Psal.
1272 5487 1462 5534 cxvm.
1494 5470 1584 5528 15.

1434 5562 1630 5624 Varius
1675 5562 1985 5624 lectiones
2030 5571 2092 5624 et
2137 5572 2322 5626 notes.

301 5774 374 5841 (ι)
407 5769 589 5823 Elian:
616 5795 685 5804 -ρ
721 5761 1044 5833 ferebantur.
1083 5760 1148 5811 Et
1175 5766 1366 5813 contra
1394 5757 1594 5827 ubique
1619 5756 1903 5828 dispersos
1933 5755 2275 5812 ferebantur.
