  <div class='ocr_page' id='page_1' title='image "/cluster/home/n/w/nwhite01/storage/ocr_20150623/129/uva.x030341099/318.png"; bbox 0 0 4100 6426; ppageno 0'>
   <div class='ocr_carea' id='block_1_1' title="bbox 196 415 304 484">
    <p class='ocr_par' dir='ltr' id='par_1_1' title="bbox 196 415 304 484">
     <span class='ocr_line' id='line_1_1' title="bbox 196 415 304 484; baseline 0 -1"><span class='ocrx_word' id='word_1_1' title='bbox 196 415 304 484; x_wconf 73' lang='grc'><strong>617</strong></span> 
     </span>
    </p>
   </div>
   <div class='ocr_carea' id='block_1_2' title="bbox 1097 402 2696 473">
    <p class='ocr_par' dir='ltr' id='par_1_2' title="bbox 1097 402 2696 473">
     <span class='ocr_line' id='line_1_2' title="bbox 1097 402 2696 473; baseline -0.007 0"><span class='ocrx_word' id='word_1_2' title='bbox 1097 402 1488 473; x_wconf 64' lang='lat' dir='ltr'><strong>COMMENT.</strong></span> <span class='ocrx_word' id='word_1_3' title='bbox 1539 409 1617 466; x_wconf 69' lang='grc' dir='ltr'><strong>ΙΝ</strong></span> <span class='ocrx_word' id='word_1_4' title='bbox 1666 403 2139 466; x_wconf 61' lang='lat' dir='ltr'><strong>MATTILEUM.</strong></span> <span class='ocrx_word' id='word_1_5' title='bbox 2186 431 2250 440; x_wconf 78' lang='grc'><strong>-</strong></span> <span class='ocrx_word' id='word_1_6' title='bbox 2288 405 2449 464; x_wconf 65' lang='lat' dir='ltr'><strong>CAP.</strong></span> <span class='ocrx_word' id='word_1_7' title='bbox 2488 402 2696 466; x_wconf 73' lang='lat' dir='ltr'><strong>XXIV.</strong></span> 
     </span>
    </p>
   </div>
   <div class='ocr_carea' id='block_1_3' title="bbox 3402 405 3508 469">
    <p class='ocr_par' dir='ltr' id='par_1_3' title="bbox 3402 405 3508 469">
     <span class='ocr_line' id='line_1_3' title="bbox 3402 405 3508 469; baseline 0.047 -5"><span class='ocrx_word' id='word_1_8' title='bbox 3402 405 3508 469; x_wconf 74' lang='lat'><strong>(18</strong></span> 
     </span>
    </p>
   </div>
   <div class='ocr_carea' id='block_1_4' title="bbox 196 517 1844 602">
    <p class='ocr_par' dir='ltr' id='par_1_4' title="bbox 196 520 1812 602">
     <span class='ocr_line' id='line_1_4' title="bbox 196 520 1812 602; baseline -0.009 -16"><span class='ocrx_word' id='word_1_9' title='bbox 196 537 306 602; x_wconf 72' lang='grc' dir='ltr'>τῆς</span> <span class='ocrx_word' id='word_1_10' title='bbox 331 532 596 602; x_wconf 73' lang='grc' dir='ltr'>δευτέρας</span> <span class='ocrx_word' id='word_1_11' title='bbox 619 529 786 584; x_wconf 83' lang='grc' dir='ltr'>αὑτοῦ</span> <span class='ocrx_word' id='word_1_12' title='bbox 829 527 1157 599; x_wconf 75' lang='grc' dir='ltr'><strong>παρουσίας,</strong></span> <span class='ocrx_word' id='word_1_13' title='bbox 1180 527 1254 589; x_wconf 84' lang='grc' dir='ltr'>ὡς</span> <span class='ocrx_word' id='word_1_14' title='bbox 1279 527 1416 595; x_wconf 82' lang='grc' dir='ltr'>πρὸς</span> <span class='ocrx_word' id='word_1_15' title='bbox 1450 520 1812 583; x_wconf 72' lang='grc' dir='ltr'><strong>διδασκάλους</strong></span> 
     </span>
    </p>
   </div>
   <div class='ocr_carea' id='block_1_5' title="bbox 1932 517 3512 602">
    <p class='ocr_par' dir='ltr' id='par_1_5' title="bbox 1932 517 3512 590">
     <span class='ocr_line' id='line_1_5' title="bbox 1932 517 3512 590; baseline 0 -15"><span class='ocrx_word' id='word_1_16' title='bbox 1932 519 2237 590; x_wconf 85' lang='lat' dir='ltr'><strong>:aptivitate</strong></span> <span class='ocrx_word' id='word_1_17' title='bbox 2265 519 2411 574; x_wconf 83' lang='lat' dir='ltr'><strong>dicta</strong></span> <span class='ocrx_word' id='word_1_18' title='bbox 2446 529 2598 579; x_wconf 86' lang='lat' dir='ltr'><strong>sunt,</strong></span> <span class='ocrx_word' id='word_1_19' title='bbox 2627 531 2860 588; x_wconf 62' lang='lat' dir='ltr'><strong>qumque</strong></span> <span class='ocrx_word' id='word_1_20' title='bbox 2876 517 2969 575; x_wconf 75' lang='lat' dir='ltr'><strong>.de</strong></span> <span class='ocrx_word' id='word_1_21' title='bbox 3001 517 3249 573; x_wconf 89' lang='lat' dir='ltr'><strong>secundo</strong></span> <span class='ocrx_word' id='word_1_22' title='bbox 3281 535 3384 575; x_wconf 90' lang='lat' dir='ltr'><strong>suo</strong></span> <span class='ocrx_word' id='word_1_23' title='bbox 3413 523 3512 575; x_wconf 82' lang='lat' dir='ltr'><strong>ad-</strong></span> 
     </span>
    </p>
   </div>
   <div class='ocr_carea' id='block_1_6' title="bbox 196 613 1810 688">
    <p class='ocr_par' dir='ltr' id='par_1_6' title="bbox 196 613 1810 688">
     <span class='ocr_line' id='line_1_6' title="bbox 196 613 1810 688; baseline -0.007 -11"><span class='ocrx_word' id='word_1_24' title='bbox 196 622 301 676; x_wconf 80' lang='grc' dir='ltr'><strong>τοῦ</strong></span> <span class='ocrx_word' id='word_1_25' title='bbox 332 625 457 676; x_wconf 83' lang='grc' dir='ltr'><strong>νέου</strong></span> <span class='ocrx_word' id='word_1_26' title='bbox 483 623 640 686; x_wconf 84' lang='grc' dir='ltr'>λαοῦ,</span> <span class='ocrx_word' id='word_1_27' title='bbox 672 620 986 688; x_wconf 80' lang='grc' dir='ltr'><strong>γινώσκων,</strong></span> <span class='ocrx_word' id='word_1_28' title='bbox 1031 620 1112 671; x_wconf 76' lang='grc' dir='ltr'>ὅτι</span> <span class='ocrx_word' id='word_1_29' title='bbox 1149 618 1243 670; x_wconf 72' lang='grc' dir='ltr'>καὶ</span> <span class='ocrx_word' id='word_1_30' title='bbox 1287 617 1564 681; x_wconf 77' lang='grc' dir='ltr'><strong>διδάξουσι</strong></span> <span class='ocrx_word' id='word_1_31' title='bbox 1606 613 1810 680; x_wconf 84' lang='grc' dir='ltr'>ταῦτα,</span> 
     </span>
    </p>
   </div>
   <div class='ocr_carea' id='block_1_7' title="bbox 199 703 1812 787">
    <p class='ocr_par' dir='ltr' id='par_1_7' title="bbox 199 703 1812 787">
     <span class='ocr_line' id='line_1_7' title="bbox 199 703 1812 787; baseline -0.008 -17"><span class='ocrx_word' id='word_1_32' title='bbox 199 719 305 770; x_wconf 77' lang='grc' dir='ltr'>καὶ</span> <span class='ocrx_word' id='word_1_33' title='bbox 347 716 646 787; x_wconf 63' lang='grc' dir='ltr'>γράψουσι,</span> <span class='ocrx_word' id='word_1_34' title='bbox 681 713 822 782; x_wconf 84' lang='grc' dir='ltr'>πρός</span> <span class='ocrx_word' id='word_1_35' title='bbox 847 730 905 765; x_wconf 85' lang='grc' dir='ltr'><strong>τε</strong></span> <span class='ocrx_word' id='word_1_36' title='bbox 944 711 1255 776; x_wconf 77' lang='grc' dir='ltr'>ἀπόδειξιν,</span> <span class='ocrx_word' id='word_1_37' title='bbox 1299 703 1374 762; x_wconf 82' lang='grc' dir='ltr'>ὧν</span> <span class='ocrx_word' id='word_1_38' title='bbox 1433 709 1812 779; x_wconf 74' lang='grc' dir='ltr'>προεφήτευσε</span> 
     </span>
    </p>
   </div>
   <div class='ocr_carea' id='block_1_8' title="bbox 199 796 1814 875">
    <p class='ocr_par' dir='ltr' id='par_1_8' title="bbox 199 796 1814 875">
     <span class='ocr_line' id='line_1_8' title="bbox 199 796 1814 875; baseline -0.006 -17"><span class='ocrx_word' id='word_1_39' title='bbox 199 806 479 875; x_wconf 72' lang='grc' dir='ltr'>περὶτῆς</span> <span class='ocrx_word' id='word_1_40' title='bbox 521 805 804 866; x_wconf 80' lang='grc' dir='ltr'><strong>ἁλώσεως,</strong></span> <span class='ocrx_word' id='word_1_41' title='bbox 844 803 939 855; x_wconf 71' lang='grc' dir='ltr'>καὶ</span> <span class='ocrx_word' id='word_1_42' title='bbox 982 801 1121 872; x_wconf 77' lang='grc' dir='ltr'>πρὸς</span> <span class='ocrx_word' id='word_1_43' title='bbox 1174 800 1481 869; x_wconf 72' lang='grc' dir='ltr'>ἀσφάλειαν</span> <span class='ocrx_word' id='word_1_44' title='bbox 1531 797 1642 849; x_wconf 84' lang='grc' dir='ltr'><strong>τῶν</strong></span> <span class='ocrx_word' id='word_1_45' title='bbox 1706 796 1814 867; x_wconf 74' lang='grc' dir='ltr'>πρὸ</span> 
     </span>
    </p>
   </div>
   <div class='ocr_carea' id='block_1_9' title="bbox 198 893 1200 968">
    <p class='ocr_par' dir='ltr' id='par_1_9' title="bbox 198 893 1200 968">
     <span class='ocr_line' id='line_1_9' title="bbox 198 893 1200 968; baseline -0.003 -18"><span class='ocrx_word' id='word_1_46' title='bbox 198 898 308 968; x_wconf 79' lang='grc' dir='ltr'>τῆς</span> <span class='ocrx_word' id='word_1_47' title='bbox 335 897 598 966; x_wconf 74' lang='grc' dir='ltr'><strong>δευτέρας</strong></span> <span class='ocrx_word' id='word_1_48' title='bbox 634 895 940 967; x_wconf 82' lang='grc' dir='ltr'>παρουσίας</span> <span class='ocrx_word' id='word_1_49' title='bbox 971 893 1200 947; x_wconf 79' lang='grc' dir='ltr'><strong>πιστῶν.</strong></span> 
     </span>
    </p>
   </div>
   <div class='ocr_carea' id='block_1_10' title="bbox 279 1077 1815 1149">
    <p class='ocr_par' dir='ltr' id='par_1_10' title="bbox 279 1077 1815 1149">
     <span class='ocr_line' id='line_1_10' title="bbox 279 1077 1815 1149; baseline -0.004 -14"><span class='ocrx_word' id='word_1_50' title='bbox 279 1081 430 1135; x_wconf 83' lang='grc' dir='ltr'><strong>Ἐὰν</strong></span> <span class='ocrx_word' id='word_1_51' title='bbox 463 1077 577 1136; x_wconf 84' lang='grc' dir='ltr'>οὖν</span> <span class='ocrx_word' id='word_1_52' title='bbox 609 1110 674 1123; x_wconf 75' lang='grc' dir='ltr'><strong>-ι-</strong></span> <span class='ocrx_word' id='word_1_53' title='bbox 707 1080 1104 1147; x_wconf 76' lang='grc' dir='ltr'><strong>πιστεύσητε.</strong></span> <span class='ocrx_word' id='word_1_54' title='bbox 1161 1077 1230 1131; x_wconf 77' lang='lat' dir='ltr'><strong>0i</strong></span> <span class='ocrx_word' id='word_1_55' title='bbox 1287 1078 1462 1132; x_wconf 86' lang='grc' dir='ltr'>ταῦτα</span> <span class='ocrx_word' id='word_1_56' title='bbox 1510 1077 1815 1149; x_wconf 86' lang='grc' dir='ltr'>τηνικαῦτα</span> 
     </span>
    </p>
   </div>
   <div class='ocr_carea' id='block_1_11' title="bbox 203 1170 1814 1245">
    <p class='ocr_par' dir='ltr' id='par_1_11' title="bbox 203 1170 1814 1245">
     <span class='ocr_line' id='line_1_11' title="bbox 203 1170 1814 1245; baseline -0.001 -21"><span class='ocrx_word' id='word_1_57' title='bbox 203 1175 470 1243; x_wconf 80' lang='grc' dir='ltr'>λέγοντες</span> <span class='ocrx_word' id='word_1_58' title='bbox 519 1173 841 1245; x_wconf 73' lang='grc' dir='ltr'>προπομποὶ</span> <span class='ocrx_word' id='word_1_59' title='bbox 881 1174 976 1234; x_wconf 78' lang='grc' dir='ltr'>καὶ</span> <span class='ocrx_word' id='word_1_60' title='bbox 1003 1171 1276 1241; x_wconf 74' lang='grc' dir='ltr'><strong>ὑπηρέται</strong></span> <span class='ocrx_word' id='word_1_61' title='bbox 1305 1170 1398 1223; x_wconf 87' lang='grc' dir='ltr'><strong>τοῦ</strong></span> <span class='ocrx_word' id='word_1_62' title='bbox 1432 1170 1814 1241; x_wconf 80' lang='grc' dir='ltr'>Ἀντιχρίστου</span> 
     </span>
    </p>
   </div>
   <div class='ocr_carea' id='block_1_12' title="bbox 203 1261 1748 1337">
    <p class='ocr_par' dir='ltr' id='par_1_12' title="bbox 203 1261 1748 1337">
     <span class='ocr_line' id='line_1_12' title="bbox 203 1261 1748 1337; baseline -0.003 -19"><span class='ocrx_word' id='word_1_63' title='bbox 203 1267 344 1320; x_wconf 74' lang='grc' dir='ltr'>εἰσί.</span> <span class='ocrx_word' id='word_1_64' title='bbox 373 1268 590 1337; x_wconf 82' lang='grc' dir='ltr'>Ταμεῐα</span> <span class='ocrx_word' id='word_1_65' title='bbox 614 1266 670 1319; x_wconf 80' lang='grc' dir='ltr'>δὲ</span> <span class='ocrx_word' id='word_1_66' title='bbox 693 1266 802 1318; x_wconf 86' lang='grc' dir='ltr'>νόει</span> <span class='ocrx_word' id='word_1_67' title='bbox 834 1264 930 1317; x_wconf 87' lang='grc' dir='ltr'><strong>νῦν</strong></span> <span class='ocrx_word' id='word_1_68' title='bbox 976 1262 1047 1316; x_wconf 88' lang='grc' dir='ltr'><strong>τά</strong></span> <span class='ocrx_word' id='word_1_69' title='bbox 1088 1264 1200 1315; x_wconf 85' lang='grc' dir='ltr'><strong>τῶν</strong></span> <span class='ocrx_word' id='word_1_70' title='bbox 1227 1261 1420 1316; x_wconf 86' lang='grc' dir='ltr'>οίκιῶν</span> <span class='ocrx_word' id='word_1_71' title='bbox 1464 1262 1748 1315; x_wconf 83' lang='grc' dir='ltr'>ὲνδότατα.</span> 
     </span>
    </p>
   </div>
   <div class='ocr_carea' id='block_1_13' title="bbox 283 1448 1816 1520">
    <p class='ocr_par' dir='ltr' id='par_1_13' title="bbox 283 1448 1816 1520">
     <span class='ocr_line' id='line_1_13' title="bbox 283 1448 1816 1520; baseline -0.003 -16"><span class='ocrx_word' id='word_1_72' title='bbox 283 1453 517 1518; x_wconf 79' lang='grc' dir='ltr'>Ὥσπερ</span> <span class='ocrx_word' id='word_1_73' title='bbox 546 1481 615 1490; x_wconf 92' lang='grc'><strong><em>-</em></strong></span> <span class='ocrx_word' id='word_1_74' title='bbox 645 1448 990 1518; x_wconf 77' lang='grc' dir='ltr'>ἀνθρώπου.</span> <span class='ocrx_word' id='word_1_75' title='bbox 1019 1450 1287 1519; x_wconf 85' lang='grc' dir='ltr'>Ὤσπερή</span> <span class='ocrx_word' id='word_1_76' title='bbox 1311 1449 1604 1520; x_wconf 77' lang='grc' dir='ltr'>ἀστραπὴ,</span> <span class='ocrx_word' id='word_1_77' title='bbox 1627 1452 1816 1520; x_wconf 66' lang='grc' dir='ltr'>φησὶν,</span> 
     </span>
    </p>
   </div>
   <div class='ocr_carea' id='block_1_14' title="bbox 209 1541 1817 1613">
    <p class='ocr_par' dir='ltr' id='par_1_14' title="bbox 209 1541 1817 1613">
     <span class='ocr_line' id='line_1_14' title="bbox 209 1541 1817 1613; baseline -0.002 -16"><span class='ocrx_word' id='word_1_78' title='bbox 209 1542 534 1613; x_wconf 79' lang='grc' dir='ltr'>ἐξέρχεται,</span> <span class='ocrx_word' id='word_1_79' title='bbox 557 1544 651 1594; x_wconf 77' lang='grc' dir='ltr'>καὶ</span> <span class='ocrx_word' id='word_1_80' title='bbox 686 1543 937 1610; x_wconf 79' lang='grc' dir='ltr'>φαίνεται</span> <span class='ocrx_word' id='word_1_81' title='bbox 963 1544 1152 1607; x_wconf 82' lang='grc' dir='ltr'>πᾶσιν,</span> <span class='ocrx_word' id='word_1_82' title='bbox 1189 1543 1252 1595; x_wconf 83' lang='grc' dir='ltr'>οὐ</span> <span class='ocrx_word' id='word_1_83' title='bbox 1280 1541 1514 1611; x_wconf 84' lang='grc' dir='ltr'><strong>δεομένη</strong></span> <span class='ocrx_word' id='word_1_84' title='bbox 1549 1542 1817 1611; x_wconf 82' lang='grc' dir='ltr'><strong>κήρυκος,</strong></span> 
     </span>
    </p>
   </div>
   <div class='ocr_carea' id='block_1_15' title="bbox 207 1624 1820 1706">
    <p class='ocr_par' dir='ltr' id='par_1_15' title="bbox 207 1624 1820 1706">
     <span class='ocr_line' id='line_1_15' title="bbox 207 1624 1820 1706; baseline -0.002 -17"><span class='ocrx_word' id='word_1_85' title='bbox 207 1636 339 1689; x_wconf 68' lang='grc' dir='ltr'>οὐδὲ</span> <span class='ocrx_word' id='word_1_86' title='bbox 386 1634 828 1705; x_wconf 76' lang='grc' dir='ltr'>προμηνύοντος,</span> <span class='ocrx_word' id='word_1_87' title='bbox 890 1633 1026 1686; x_wconf 84' lang='grc' dir='ltr'>ἀλλὰ</span> <span class='ocrx_word' id='word_1_88' title='bbox 1071 1636 1138 1706; x_wconf 81' lang='grc' dir='ltr'>τῇ</span> <span class='ocrx_word' id='word_1_89' title='bbox 1193 1633 1472 1704; x_wconf 77' lang='grc' dir='ltr'>ὑπερϐολῇ</span> <span class='ocrx_word' id='word_1_90' title='bbox 1532 1634 1632 1703; x_wconf 76' lang='grc' dir='ltr'>τῆς</span> <span class='ocrx_word' id='word_1_91' title='bbox 1682 1624 1820 1698; x_wconf 74' lang='grc' dir='ltr'>ἷδίας</span> 
     </span>
    </p>
   </div>
   <div class='ocr_carea' id='block_1_16' title="bbox 207 1723 1818 1796">
    <p class='ocr_par' dir='ltr' id='par_1_16' title="bbox 207 1723 1818 1796">
     <span class='ocr_line' id='line_1_16' title="bbox 207 1723 1818 1796; baseline -0.001 -18"><span class='ocrx_word' id='word_1_92' title='bbox 207 1727 612 1796; x_wconf 75' lang='grc' dir='ltr'><strong>λαμπρότητος</strong></span> <span class='ocrx_word' id='word_1_93' title='bbox 666 1727 725 1778; x_wconf 83' lang='grc' dir='ltr'>ὲν</span> <span class='ocrx_word' id='word_1_94' title='bbox 760 1725 1031 1796; x_wconf 77' lang='grc' dir='ltr'>ἀκαριαία</span> <span class='ocrx_word' id='word_1_95' title='bbox 1086 1727 1226 1795; x_wconf 69' lang='grc' dir='ltr'>ῥοπῇ</span> <span class='ocrx_word' id='word_1_96' title='bbox 1267 1723 1467 1795; x_wconf 81' lang='grc' dir='ltr'>καιροῦ</span> <span class='ocrx_word' id='word_1_97' title='bbox 1509 1725 1818 1794; x_wconf 84' lang='grc' dir='ltr'>φαινομένη</span> 
     </span>
    </p>
   </div>
   <div class='ocr_carea' id='block_1_17' title="bbox 209 1818 1820 1890">
    <p class='ocr_par' dir='ltr' id='par_1_17' title="bbox 209 1818 1820 1890">
     <span class='ocr_line' id='line_1_17' title="bbox 209 1818 1820 1890; baseline -0.001 -19"><span class='ocrx_word' id='word_1_98' title='bbox 209 1820 371 1890; x_wconf 80' lang='grc' dir='ltr'>πάσῃ</span> <span class='ocrx_word' id='word_1_99' title='bbox 412 1823 481 1890; x_wconf 81' lang='grc' dir='ltr'><strong>τῇ</strong></span> <span class='ocrx_word' id='word_1_100' title='bbox 524 1820 846 1890; x_wconf 77' lang='grc' dir='ltr'>οἰκουμένῃ’</span> <span class='ocrx_word' id='word_1_101' title='bbox 909 1819 1085 1881; x_wconf 73' lang='grc' dir='ltr'>οὕτως</span> <span class='ocrx_word' id='word_1_102' title='bbox 1120 1818 1278 1870; x_wconf 72' lang='grc' dir='ltr'>ἔσται</span> <span class='ocrx_word' id='word_1_103' title='bbox 1338 1819 1432 1870; x_wconf 78' lang='grc' dir='ltr'>καὶ</span> <span class='ocrx_word' id='word_1_104' title='bbox 1473 1819 1507 1887; x_wconf 84' lang='grc' dir='ltr'>ἡ</span> <span class='ocrx_word' id='word_1_105' title='bbox 1542 1818 1820 1887; x_wconf 75' lang='grc' dir='ltr'>παρουσία</span> 
     </span>
    </p>
   </div>
   <div class='ocr_carea' id='block_1_18' title="bbox 207 1879 1900 1982">
    <p class='ocr_par' dir='ltr' id='par_1_18' title="bbox 207 1879 1900 1982">
     <span class='ocr_line' id='line_1_18' title="bbox 207 1879 1900 1982; baseline 0 -20"><span class='ocrx_word' id='word_1_106' title='bbox 207 1879 431 1963; x_wconf 55' lang='grc' dir='ltr'>ἐκείνου</span> <span class='ocrx_word' id='word_1_107' title='bbox 455 1879 616 1979; x_wconf 61' lang='lat'><strong>&quot;(28),</strong></span> <span class='ocrx_word' id='word_1_108' title='bbox 658 1879 748 1962; x_wconf 42' lang='grc' dir='ltr'>δ.ιά</span> <span class='ocrx_word' id='word_1_109' title='bbox 791 1879 892 1977; x_wconf 63' lang='grc' dir='ltr'>τὴν</span> <span class='ocrx_word' id='word_1_110' title='bbox 936 1879 1251 1982; x_wconf 77' lang='grc' dir='ltr'>ὑπερόολὴν</span> <span class='ocrx_word' id='word_1_111' title='bbox 1281 1909 1381 1979; x_wconf 79' lang='grc' dir='ltr'>τῆς</span> <span class='ocrx_word' id='word_1_112' title='bbox 1411 1879 1640 1971; x_wconf 45' lang='grc' dir='ltr'>οἰκείας.</span> <span class='ocrx_word' id='word_1_113' title='bbox 1680 1910 1821 1980; x_wconf 82' lang='grc' dir='ltr'>λαμ·</span> <span class='ocrx_word' id='word_1_114' title='bbox 1857 1879 1900 1938; x_wconf 69' lang='grc' dir='ltr'><strong>Β</strong></span> 
     </span>
    </p>
   </div>
   <div class='ocr_carea' id='block_1_19' title="bbox 209 2002 1820 2074">
    <p class='ocr_par' dir='ltr' id='par_1_19' title="bbox 209 2002 1820 2074">
     <span class='ocr_line' id='line_1_19' title="bbox 209 2002 1820 2074; baseline 0.002 -21"><span class='ocrx_word' id='word_1_115' title='bbox 209 2005 496 2074; x_wconf 80' lang='grc' dir='ltr'>πρότητος</span> <span class='ocrx_word' id='word_1_116' title='bbox 530 2007 698 2056; x_wconf 83' lang='grc' dir='ltr'>πᾶσιν</span> <span class='ocrx_word' id='word_1_117' title='bbox 730 2002 868 2073; x_wconf 83' lang='grc' dir='ltr'>ὁμοῦ</span> <span class='ocrx_word' id='word_1_118' title='bbox 903 2003 1238 2072; x_wconf 72' lang='grc' dir='ltr'>φαινομένη,</span> <span class='ocrx_word' id='word_1_119' title='bbox 1277 2006 1375 2056; x_wconf 66' lang='grc' dir='ltr'><strong>καὶ</strong></span> <span class='ocrx_word' id='word_1_120' title='bbox 1405 2003 1672 2074; x_wconf 81' lang='grc' dir='ltr'>γινομένη</span> <span class='ocrx_word' id='word_1_121' title='bbox 1705 2006 1820 2067; x_wconf 82' lang='grc' dir='ltr'>τοῖς</span> 
     </span>
    </p>
   </div>
   <div class='ocr_carea' id='block_1_20' title="bbox 209 2095 1821 2168">
    <p class='ocr_par' dir='ltr' id='par_1_20' title="bbox 209 2095 1821 2168">
     <span class='ocr_line' id='line_1_20' title="bbox 209 2095 1821 2168; baseline -0.002 -19"><span class='ocrx_word' id='word_1_122' title='bbox 209 2096 538 2166; x_wconf 72' lang='grc' dir='ltr'>ἀνθρώποις</span> <span class='ocrx_word' id='word_1_123' title='bbox 590 2095 935 2163; x_wconf 76' lang='grc' dir='ltr'><strong>αὐτάγγελος</strong></span> <span class='ocrx_word' id='word_1_124' title='bbox 990 2096 1215 2163; x_wconf 77' lang='grc' dir='ltr'>ἑαυτῆς.</span> <span class='ocrx_word' id='word_1_125' title='bbox 1265 2095 1341 2148; x_wconf 81' lang='grc' dir='ltr'><strong>Οὐ</strong></span> <span class='ocrx_word' id='word_1_126' title='bbox 1381 2096 1511 2164; x_wconf 80' lang='grc' dir='ltr'><strong>γάρ,</strong></span> <span class='ocrx_word' id='word_1_127' title='bbox 1550 2095 1741 2168; x_wconf 77' lang='grc' dir='ltr'>ὥσπερ</span> <span class='ocrx_word' id='word_1_128' title='bbox 1788 2097 1821 2166; x_wconf 88' lang='grc' dir='ltr'><strong>ή</strong></span> 
     </span>
    </p>
   </div>
   <div class='ocr_carea' id='block_1_21' title="bbox 210 2187 1823 2258">
    <p class='ocr_par' dir='ltr' id='par_1_21' title="bbox 210 2187 1823 2258">
     <span class='ocr_line' id='line_1_21' title="bbox 210 2187 1823 2258; baseline 0 -19"><span class='ocrx_word' id='word_1_129' title='bbox 210 2187 410 2257; x_wconf 81' lang='grc' dir='ltr'>πρώτη</span> <span class='ocrx_word' id='word_1_130' title='bbox 457 2187 736 2258; x_wconf 78' lang='grc' dir='ltr'>παρουσία</span> <span class='ocrx_word' id='word_1_131' title='bbox 772 2188 912 2257; x_wconf 84' lang='grc' dir='ltr'><strong>μετά</strong></span> <span class='ocrx_word' id='word_1_132' title='bbox 946 2187 1227 2258; x_wconf 81' lang='grc' dir='ltr'><strong>πτωχείας</strong></span> <span class='ocrx_word' id='word_1_133' title='bbox 1275 2189 1370 2241; x_wconf 72' lang='grc' dir='ltr'>καὶ</span> <span class='ocrx_word' id='word_1_134' title='bbox 1402 2187 1622 2254; x_wconf 76' lang='grc' dir='ltr'>ἀδοξίας</span> <span class='ocrx_word' id='word_1_135' title='bbox 1657 2189 1823 2257; x_wconf 82' lang='grc' dir='ltr'>γέγο-</span> 
     </span>
    </p>
   </div>
   <div class='ocr_carea' id='block_1_22' title="bbox 207 2277 1799 2348">
    <p class='ocr_par' dir='ltr' id='par_1_22' title="bbox 207 2277 1799 2348">
     <span class='ocr_line' id='line_1_22' title="bbox 207 2277 1799 2348; baseline -0.001 -16"><span class='ocrx_word' id='word_1_136' title='bbox 207 2297 304 2332; x_wconf 87' lang='grc' dir='ltr'><strong>νεν</strong></span> <span class='ocrx_word' id='word_1_137' title='bbox 352 2277 530 2339; x_wconf 79' lang='grc' dir='ltr'>οὕτως</span> <span class='ocrx_word' id='word_1_138' title='bbox 585 2278 738 2331; x_wconf 78' lang='grc' dir='ltr'>ἔσται</span> <span class='ocrx_word' id='word_1_139' title='bbox 797 2279 894 2330; x_wconf 73' lang='grc' dir='ltr'>καὶ</span> <span class='ocrx_word' id='word_1_140' title='bbox 953 2278 1437 2348; x_wconf 78' lang='grc' dir='ltr'>ήδευτέρα·ἀλλὰ</span> <span class='ocrx_word' id='word_1_141' title='bbox 1488 2279 1799 2332; x_wconf 74' lang='grc' dir='ltr'>τούναντίον</span> 
     </span>
    </p>
   </div>
   <div class='ocr_carea' id='block_1_23' title="bbox 209 2371 1820 2443">
    <p class='ocr_par' dir='ltr' id='par_1_23' title="bbox 209 2371 1820 2443">
     <span class='ocr_line' id='line_1_23' title="bbox 209 2371 1820 2443; baseline -0.001 -18"><span class='ocrx_word' id='word_1_142' title='bbox 209 2371 358 2441; x_wconf 85' lang='grc' dir='ltr'>αῦτη</span> <span class='ocrx_word' id='word_1_143' title='bbox 400 2373 541 2440; x_wconf 81' lang='grc' dir='ltr'><strong>μετά</strong></span> <span class='ocrx_word' id='word_1_144' title='bbox 574 2371 863 2441; x_wconf 82' lang='grc' dir='ltr'>δυνάμεως</span> <span class='ocrx_word' id='word_1_145' title='bbox 892 2371 988 2425; x_wconf 78' lang='grc' dir='ltr'>καὶ</span> <span class='ocrx_word' id='word_1_146' title='bbox 1042 2371 1203 2442; x_wconf 77' lang='grc' dir='ltr'>δόξης</span> <span class='ocrx_word' id='word_1_147' title='bbox 1245 2371 1454 2442; x_wconf 82' lang='grc' dir='ltr'>πολλῆς</span> <span class='ocrx_word' id='word_1_148' title='bbox 1501 2375 1820 2443; x_wconf 87' lang='grc' dir='ltr'>γενήσεται,</span> 
     </span>
    </p>
   </div>
   <div class='ocr_carea' id='block_1_24' title="bbox 208 2463 1826 2534">
    <p class='ocr_par' dir='ltr' id='par_1_24' title="bbox 208 2463 1826 2534">
     <span class='ocr_line' id='line_1_24' title="bbox 208 2463 1826 2534; baseline -0.001 -17"><span class='ocrx_word' id='word_1_149' title='bbox 208 2463 635 2534; x_wconf 67' lang='grc' dir='ltr'>δορυφορούσης</span> <span class='ocrx_word' id='word_1_150' title='bbox 672 2466 896 2533; x_wconf 84' lang='grc' dir='ltr'>ἁπάσης</span> <span class='ocrx_word' id='word_1_151' title='bbox 920 2465 1182 2533; x_wconf 79' lang='grc' dir='ltr'>οὐρανίου</span> <span class='ocrx_word' id='word_1_152' title='bbox 1207 2465 1493 2534; x_wconf 80' lang='grc' dir='ltr'>στρατιᾶς.</span> <span class='ocrx_word' id='word_1_153' title='bbox 1529 2463 1620 2518; x_wconf 73' lang='grc' dir='ltr'>Διὸ</span> <span class='ocrx_word' id='word_1_154' title='bbox 1645 2465 1826 2527; x_wconf 72' lang='grc' dir='ltr'>οὐδεὶς</span> 
     </span>
    </p>
   </div>
   <div class='ocr_carea' id='block_1_25' title="bbox 210 2555 1393 2627">
    <p class='ocr_par' dir='ltr' id='par_1_25' title="bbox 210 2555 1393 2627">
     <span class='ocr_line' id='line_1_25' title="bbox 210 2555 1393 2627; baseline 0.001 -19"><span class='ocrx_word' id='word_1_155' title='bbox 210 2555 492 2624; x_wconf 77' lang='grc' dir='ltr'>ἀγνοῆσαι</span> <span class='ocrx_word' id='word_1_156' title='bbox 523 2555 734 2626; x_wconf 81' lang='grc' dir='ltr'>ταύτην</span> <span class='ocrx_word' id='word_1_157' title='bbox 767 2557 890 2609; x_wconf 76' lang='grc' dir='ltr'>τότε</span> <span class='ocrx_word' id='word_1_158' title='bbox 927 2556 1040 2626; x_wconf 66' lang='lat'><strong>(29)</strong></span> <span class='ocrx_word' id='word_1_159' title='bbox 1076 2556 1393 2627; x_wconf 82' lang='grc' dir='ltr'>δυνήσεται.</span> 
     </span>
    </p>
   </div>
   <div class='ocr_carea' id='block_1_26' title="bbox 290 2644 1824 2719">
    <p class='ocr_par' dir='ltr' id='par_1_26' title="bbox 290 2644 1824 2719">
     <span class='ocr_line' id='line_1_26' title="bbox 290 2644 1824 2719; baseline 0.003 -20"><span class='ocrx_word' id='word_1_160' title='bbox 290 2649 484 2701; x_wconf 81' lang='grc' dir='ltr'>Ὅπου</span> <span class='ocrx_word' id='word_1_161' title='bbox 516 2678 584 2689; x_wconf 89' lang='lat'><strong>--</strong></span> <span class='ocrx_word' id='word_1_162' title='bbox 616 2648 807 2702; x_wconf 79' lang='grc' dir='ltr'>ἀετοί.</span> <span class='ocrx_word' id='word_1_163' title='bbox 873 2649 1053 2701; x_wconf 83' lang='grc' dir='ltr'>Τοῦτο</span> <span class='ocrx_word' id='word_1_164' title='bbox 1087 2644 1212 2701; x_wconf 74' lang='grc' dir='ltr'>εἷπε</span> <span class='ocrx_word' id='word_1_165' title='bbox 1267 2648 1355 2701; x_wconf 71' lang='grc' dir='ltr'><strong>διὰ</strong></span> <span class='ocrx_word' id='word_1_166' title='bbox 1386 2648 1486 2719; x_wconf 78' lang='grc' dir='ltr'>τὴν</span> <span class='ocrx_word' id='word_1_167' title='bbox 1519 2649 1824 2718; x_wconf 81' lang='grc' dir='ltr'>τηνικαῦτα</span> 
     </span>
    </p>
   </div>
   <div class='ocr_carea' id='block_1_27' title="bbox 210 2739 1825 2812">
    <p class='ocr_par' dir='ltr' id='par_1_27' title="bbox 210 2739 1825 2812">
     <span class='ocr_line' id='line_1_27' title="bbox 210 2739 1825 2812; baseline 0 -20"><span class='ocrx_word' id='word_1_168' title='bbox 210 2739 577 2810; x_wconf 68' lang='grc' dir='ltr'>δορυφορίαν.</span> <span class='ocrx_word' id='word_1_169' title='bbox 657 2741 771 2794; x_wconf 73' lang='grc' dir='ltr'><strong>Καὶ</strong></span> <span class='ocrx_word' id='word_1_170' title='bbox 829 2742 1010 2803; x_wconf 80' lang='grc' dir='ltr'>ἀετοῖς</span> <span class='ocrx_word' id='word_1_171' title='bbox 1055 2741 1155 2810; x_wconf 83' lang='grc' dir='ltr'>μὲν</span> <span class='ocrx_word' id='word_1_172' title='bbox 1210 2740 1342 2803; x_wconf 77' lang='grc' dir='ltr'>τοὺς</span> <span class='ocrx_word' id='word_1_173' title='bbox 1391 2739 1825 2812; x_wconf 80' lang='grc' dir='ltr'>δορυφοροῦντας</span> 
     </span>
    </p>
   </div>
   <div class='ocr_carea' id='block_1_28' title="bbox 215 2832 1828 2904">
    <p class='ocr_par' dir='ltr' id='par_1_28' title="bbox 215 2832 1828 2904">
     <span class='ocr_line' id='line_1_28' title="bbox 215 2832 1828 2904; baseline 0.001 -20"><span class='ocrx_word' id='word_1_174' title='bbox 215 2833 591 2903; x_wconf 77' lang='grc' dir='ltr'>παρείκασεν,</span> <span class='ocrx_word' id='word_1_175' title='bbox 629 2834 705 2898; x_wconf 86' lang='grc' dir='ltr'>ὼς</span> <span class='ocrx_word' id='word_1_176' title='bbox 746 2835 840 2888; x_wconf 79' lang='grc' dir='ltr'>καὶ</span> <span class='ocrx_word' id='word_1_177' title='bbox 879 2835 1123 2904; x_wconf 77' lang='grc' dir='ltr'>πτηνοὺς</span> <span class='ocrx_word' id='word_1_178' title='bbox 1167 2834 1262 2888; x_wconf 70' lang='grc' dir='ltr'>καὶ</span> <span class='ocrx_word' id='word_1_179' title='bbox 1292 2832 1632 2902; x_wconf 73' lang='grc' dir='ltr'>βασιλικούςο</span> <span class='ocrx_word' id='word_1_180' title='bbox 1676 2834 1828 2886; x_wconf 82' lang='grc' dir='ltr'>πτώ-</span> 
     </span>
    </p>
   </div>
   <div class='ocr_carea' id='block_1_29' title="bbox 217 2920 1827 2994">
    <p class='ocr_par' dir='ltr' id='par_1_29' title="bbox 217 2920 1827 2994">
     <span class='ocr_line' id='line_1_29' title="bbox 217 2920 1827 2994; baseline 0.002 -18"><span class='ocrx_word' id='word_1_181' title='bbox 217 2939 356 2992; x_wconf 85' lang='grc' dir='ltr'>ματι</span> <span class='ocrx_word' id='word_1_182' title='bbox 390 2924 447 2976; x_wconf 84' lang='grc' dir='ltr'>δὲ</span> <span class='ocrx_word' id='word_1_183' title='bbox 487 2925 706 2988; x_wconf 80' lang='grc' dir='ltr'>ἑαυτὸν,</span> <span class='ocrx_word' id='word_1_184' title='bbox 776 2925 852 2987; x_wconf 85' lang='grc' dir='ltr'>ὡς</span> <span class='ocrx_word' id='word_1_185' title='bbox 895 2920 1220 2994; x_wconf 58' lang='grc' dir='ltr'>συναγωγὴν</span> <span class='ocrx_word' id='word_1_186' title='bbox 1278 2925 1389 2977; x_wconf 82' lang='grc' dir='ltr'>τῶν</span> <span class='ocrx_word' id='word_1_187' title='bbox 1433 2925 1698 2978; x_wconf 80' lang='grc' dir='ltr'>τοιούτων</span> <span class='ocrx_word' id='word_1_188' title='bbox 1735 2928 1827 2979; x_wconf 88' lang='grc' dir='ltr'>ἀε-</span> 
     </span>
    </p>
   </div>
   <div class='ocr_carea' id='block_1_30' title="bbox 215 3016 1826 3090">
    <p class='ocr_par' dir='ltr' id='par_1_30' title="bbox 215 3016 1826 3090">
     <span class='ocr_line' id='line_1_30' title="bbox 215 3016 1826 3090; baseline 0.002 -21"><span class='ocrx_word' id='word_1_189' title='bbox 215 3016 352 3081; x_wconf 82' lang='grc' dir='ltr'>τῶν,</span> <span class='ocrx_word' id='word_1_190' title='bbox 411 3019 508 3071; x_wconf 71' lang='grc' dir='ltr'>καὶ</span> <span class='ocrx_word' id='word_1_191' title='bbox 535 3019 609 3081; x_wconf 84' lang='grc' dir='ltr'>ὡς</span> <span class='ocrx_word' id='word_1_192' title='bbox 639 3018 845 3090; x_wconf 72' lang='grc' dir='ltr'>τροφήν</span> <span class='ocrx_word' id='word_1_193' title='bbox 880 3017 1264 3089; x_wconf 76' lang='grc' dir='ltr'>πνευματικὴν</span> <span class='ocrx_word' id='word_1_194' title='bbox 1299 3017 1478 3070; x_wconf 78' lang='grc' dir='ltr'>αὐτῶν</span> <span class='ocrx_word' id='word_1_195' title='bbox 1527 3019 1625 3070; x_wconf 74' lang='grc' dir='ltr'>καὶ</span> <span class='ocrx_word' id='word_1_196' title='bbox 1681 3019 1826 3089; x_wconf 79' lang='grc' dir='ltr'>ζωὴν</span> 
     </span>
    </p>
   </div>
   <div class='ocr_carea' id='block_1_31' title="bbox 219 3109 1714 3182">
    <p class='ocr_par' dir='ltr' id='par_1_31' title="bbox 219 3109 1714 3182">
     <span class='ocr_line' id='line_1_31' title="bbox 219 3109 1714 3182; baseline 0.001 -18"><span class='ocrx_word' id='word_1_197' title='bbox 219 3109 468 3166; x_wconf 78' lang='grc' dir='ltr'>αἰώνιον.</span> <span class='ocrx_word' id='word_1_198' title='bbox 500 3111 670 3182; x_wconf 80' lang='grc' dir='ltr'>Σῶμα</span> <span class='ocrx_word' id='word_1_199' title='bbox 696 3112 754 3164; x_wconf 84' lang='grc' dir='ltr'>δὲ</span> <span class='ocrx_word' id='word_1_200' title='bbox 806 3112 864 3164; x_wconf 76' lang='grc' dir='ltr'>τὸ</span> <span class='ocrx_word' id='word_1_201' title='bbox 897 3111 1101 3181; x_wconf 79' lang='grc' dir='ltr'>πτῶμα</span> <span class='ocrx_word' id='word_1_202' title='bbox 1146 3111 1388 3182; x_wconf 72' lang='grc' dir='ltr'>ἔγραψεν</span> <span class='ocrx_word' id='word_1_203' title='bbox 1411 3109 1439 3162; x_wconf 77' lang='grc' dir='ltr'>ὁ</span> <span class='ocrx_word' id='word_1_204' title='bbox 1473 3112 1714 3175; x_wconf 81' lang='grc' dir='ltr'>Λουκᾶς.</span> 
     </span>
    </p>
   </div>
   <div class='ocr_carea' id='block_1_32' title="bbox 291 3292 1828 3364">
    <p class='ocr_par' dir='ltr' id='par_1_32' title="bbox 291 3292 1828 3364">
     <span class='ocr_line' id='line_1_32' title="bbox 291 3292 1828 3364; baseline 0.002 -17"><span class='ocrx_word' id='word_1_205' title='bbox 291 3293 537 3358; x_wconf 81' lang='grc' dir='ltr'><strong>Εὐθέως</strong></span> <span class='ocrx_word' id='word_1_206' title='bbox 589 3324 658 3334; x_wconf 91' lang='grc'><strong>-</strong></span> <span class='ocrx_word' id='word_1_207' title='bbox 703 3292 990 3362; x_wconf 74' lang='grc' dir='ltr'>οὐρανοῦ.</span> <span class='ocrx_word' id='word_1_208' title='bbox 1045 3294 1184 3364; x_wconf 73' lang='grc' dir='ltr'>Περὶ</span> <span class='ocrx_word' id='word_1_209' title='bbox 1238 3294 1445 3348; x_wconf 80' lang='grc' dir='ltr'>τούτων</span> <span class='ocrx_word' id='word_1_210' title='bbox 1487 3292 1610 3349; x_wconf 81' lang='grc' dir='ltr'>εἶπε</span> <span class='ocrx_word' id='word_1_211' title='bbox 1674 3301 1769 3350; x_wconf 58' lang='grc' dir='ltr'><strong>καὶ⁵</strong></span> <span class='ocrx_word' id='word_1_212' title='bbox 1801 3302 1828 3351; x_wconf 85' lang='grc' dir='ltr'>ὁ</span> 
     </span>
    </p>
   </div>
   <div class='ocr_carea' id='block_1_33' title="bbox 221 3386 1830 3456">
    <p class='ocr_par' dir='ltr' id='par_1_33' title="bbox 221 3386 1830 3456">
     <span class='ocr_line' id='line_1_33' title="bbox 221 3386 1830 3456; baseline -0.001 -16"><span class='ocrx_word' id='word_1_213' title='bbox 221 3387 468 3449; x_wconf 77' lang='grc' dir='ltr'>Λουκᾶς,</span> <span class='ocrx_word' id='word_1_214' title='bbox 509 3386 593 3438; x_wconf 84' lang='grc' dir='ltr'>ὅτι</span> <span class='ocrx_word' id='word_1_215' title='bbox 618 3389 728 3440; x_wconf 71' lang='grc' dir='ltr'><strong>Καὶ</strong></span> <span class='ocrx_word' id='word_1_216' title='bbox 759 3386 932 3439; x_wconf 77' lang='grc' dir='ltr'>ἔσται</span> <span class='ocrx_word' id='word_1_217' title='bbox 967 3387 1190 3454; x_wconf 80' lang='grc' dir='ltr'>σημεῖα</span> <span class='ocrx_word' id='word_1_218' title='bbox 1230 3387 1301 3440; x_wconf 83' lang='grc' dir='ltr'>ἐν</span> <span class='ocrx_word' id='word_1_219' title='bbox 1328 3389 1481 3455; x_wconf 66' lang='grc' dir='ltr'><strong>ἡλίῳ</strong></span> <span class='ocrx_word' id='word_1_220' title='bbox 1515 3390 1613 3442; x_wconf 82' lang='grc' dir='ltr'>καὶ</span> <span class='ocrx_word' id='word_1_221' title='bbox 1646 3391 1830 3456; x_wconf 73' lang='grc' dir='ltr'>σε.λὴ-</span> 
     </span>
    </p>
   </div>
   <div class='ocr_carea' id='block_1_34' title="bbox 223 3477 1823 3551">
    <p class='ocr_par' dir='ltr' id='par_1_34' title="bbox 223 3477 1823 3551">
     <span class='ocr_line' id='line_1_34' title="bbox 223 3477 1823 3551; baseline 0.004 -20"><span class='ocrx_word' id='word_1_222' title='bbox 223 3495 306 3545; x_wconf 65' lang='lat' dir='ltr'><strong>ru</strong></span> <span class='ocrx_word' id='word_1_223' title='bbox 369 3478 469 3532; x_wconf 77' lang='grc' dir='ltr'><strong>καί</strong></span> <span class='ocrx_word' id='word_1_224' title='bbox 497 3477 771 3546; x_wconf 75' lang='grc' dir='ltr'>ἄστροις.</span> <span class='ocrx_word' id='word_1_225' title='bbox 808 3480 952 3548; x_wconf 79' lang='grc' dir='ltr'>Ὀρα</span> <span class='ocrx_word' id='word_1_226' title='bbox 996 3479 1074 3541; x_wconf 85' lang='grc' dir='ltr'>δὲ,</span> <span class='ocrx_word' id='word_1_227' title='bbox 1137 3481 1255 3543; x_wconf 75' lang='grc' dir='ltr'>πῶς</span> <span class='ocrx_word' id='word_1_228' title='bbox 1301 3483 1553 3551; x_wconf 72' lang='grc' dir='ltr'>εἴρηκεν,</span> <span class='ocrx_word' id='word_1_229' title='bbox 1603 3483 1684 3536; x_wconf 84' lang='grc' dir='ltr'>ὅτι</span> <span class='ocrx_word' id='word_1_230' title='bbox 1722 3485 1823 3536; x_wconf 85' lang='grc' dir='ltr'><strong>εὑ-</strong></span> 
     </span>
    </p>
   </div>
   <div class='ocr_carea' id='block_1_35' title="bbox 229 3572 1826 3644">
    <p class='ocr_par' dir='ltr' id='par_1_35' title="bbox 229 3572 1826 3644">
     <span class='ocr_line' id='line_1_35' title="bbox 229 3572 1826 3644; baseline 0.004 -20"><span class='ocrx_word' id='word_1_231' title='bbox 229 3572 403 3638; x_wconf 83' lang='grc' dir='ltr'>θέως,</span> <span class='ocrx_word' id='word_1_232' title='bbox 449 3572 736 3644; x_wconf 82' lang='grc' dir='ltr'>παριστῶν</span> <span class='ocrx_word' id='word_1_233' title='bbox 821 3573 902 3624; x_wconf 85' lang='grc' dir='ltr'>ὅτι</span> <span class='ocrx_word' id='word_1_234' title='bbox 945 3575 1084 3642; x_wconf 76' lang='grc' dir='ltr'>ὁμοῦ</span> <span class='ocrx_word' id='word_1_235' title='bbox 1135 3575 1326 3644; x_wconf 76' lang='grc' dir='ltr'>σχεδὸν</span> <span class='ocrx_word' id='word_1_236' title='bbox 1370 3575 1589 3629; x_wconf 77' lang='grc' dir='ltr'>ἅπαντα</span> <span class='ocrx_word' id='word_1_237' title='bbox 1640 3577 1711 3631; x_wconf 86' lang='grc' dir='ltr'><strong>τά</strong></span> <span class='ocrx_word' id='word_1_238' title='bbox 1767 3596 1826 3630; x_wconf 88' lang='grc' dir='ltr'><strong>τε</strong></span> 
     </span>
    </p>
   </div>
   <div class='ocr_carea' id='block_1_36' title="bbox 224 3663 1830 3743">
    <p class='ocr_par' dir='ltr' id='par_1_36' title="bbox 224 3663 1830 3743">
     <span class='ocr_line' id='line_1_36' title="bbox 224 3663 1830 3743; baseline 0.004 -28"><span class='ocrx_word' id='word_1_239' title='bbox 224 3665 639 3743; x_wconf 84' lang='grc' dir='ltr'>προειρημένα,</span> <span class='ocrx_word' id='word_1_240' title='bbox 679 3665 773 3717; x_wconf 79' lang='grc' dir='ltr'>καὶ</span> <span class='ocrx_word' id='word_1_241' title='bbox 809 3663 1009 3730; x_wconf 88' lang='grc' dir='ltr'>ταῦτα,</span> <span class='ocrx_word' id='word_1_242' title='bbox 1043 3668 1139 3719; x_wconf 74' lang='grc' dir='ltr'>καὶ</span> <span class='ocrx_word' id='word_1_243' title='bbox 1174 3666 1249 3718; x_wconf 87' lang='grc' dir='ltr'><strong>τά</strong></span> <span class='ocrx_word' id='word_1_244' title='bbox 1281 3665 1639 3738; x_wconf 74' lang='grc' dir='ltr'>ῥηθησόμενα</span> <span class='ocrx_word' id='word_1_245' title='bbox 1663 3671 1830 3739; x_wconf 83' lang='grc' dir='ltr'>γενή-</span> 
     </span>
    </p>
   </div>
   <div class='ocr_carea' id='block_1_37' title="bbox 225 3757 1830 3832">
    <p class='ocr_par' dir='ltr' id='par_1_37' title="bbox 225 3757 1830 3832">
     <span class='ocr_line' id='line_1_37' title="bbox 225 3757 1830 3832; baseline 0.004 -23"><span class='ocrx_word' id='word_1_246' title='bbox 225 3773 438 3811; x_wconf 81' lang='grc' dir='ltr'>σονται.</span> <span class='ocrx_word' id='word_1_247' title='bbox 470 3757 734 3810; x_wconf 82' lang='grc' dir='ltr'>Συστελεῖ</span> <span class='ocrx_word' id='word_1_248' title='bbox 770 3758 882 3827; x_wconf 67' lang='grc' dir='ltr'>γὰρ</span> <span class='ocrx_word' id='word_1_249' title='bbox 939 3759 1030 3811; x_wconf 77' lang='grc' dir='ltr'>καὶ</span> <span class='ocrx_word' id='word_1_250' title='bbox 1075 3758 1269 3811; x_wconf 80' lang='grc' dir='ltr'>τοῦτον</span> <span class='ocrx_word' id='word_1_251' title='bbox 1331 3761 1427 3811; x_wconf 85' lang='grc' dir='ltr'>τὸν</span> <span class='ocrx_word' id='word_1_252' title='bbox 1467 3764 1830 3832; x_wconf 81' lang='grc' dir='ltr'>πειρασμὸνὸ</span> 
     </span>
    </p>
   </div>
   <div class='ocr_carea' id='block_1_38' title="bbox 222 3845 1830 3923">
    <p class='ocr_par' dir='ltr' id='par_1_38' title="bbox 222 3845 1830 3923">
     <span class='ocr_line' id='line_1_38' title="bbox 222 3845 1830 3923; baseline 0.002 -19"><span class='ocrx_word' id='word_1_253' title='bbox 222 3853 361 3913; x_wconf 77' lang='grc' dir='ltr'>Θεὸς</span> <span class='ocrx_word' id='word_1_254' title='bbox 409 3851 498 3903; x_wconf 69' lang='grc' dir='ltr'>διὰ</span> <span class='ocrx_word' id='word_1_255' title='bbox 547 3852 671 3912; x_wconf 78' lang='grc' dir='ltr'>τοὺς</span> <span class='ocrx_word' id='word_1_256' title='bbox 717 3852 1012 3915; x_wconf 77' lang='grc' dir='ltr'>ἐκλεκτοὺς</span> <span class='ocrx_word' id='word_1_257' title='bbox 1072 3845 1262 3906; x_wconf 64' lang='grc' dir='ltr'>αὺτοῦ.</span> <span class='ocrx_word' id='word_1_258' title='bbox 1335 3851 1529 3922; x_wconf 73' lang='grc' dir='ltr'>Θλίψιν</span> <span class='ocrx_word' id='word_1_259' title='bbox 1577 3853 1678 3923; x_wconf 83' lang='grc' dir='ltr'>μὲν</span> <span class='ocrx_word' id='word_1_260' title='bbox 1734 3849 1830 3907; x_wconf 86' lang='grc' dir='ltr'><strong>οῦν</strong></span> 
     </span>
    </p>
   </div>
   <div class='ocr_carea' id='block_1_39' title="bbox 223 3942 1830 4013">
    <p class='ocr_par' dir='ltr' id='par_1_39' title="bbox 223 3942 1830 4013">
     <span class='ocr_line' id='line_1_39' title="bbox 223 3942 1830 4013; baseline 0.011 -21"><span class='ocrx_word' id='word_1_261' title='bbox 223 3943 375 4011; x_wconf 76' lang='grc' dir='ltr'>λέγει</span> <span class='ocrx_word' id='word_1_262' title='bbox 417 3945 518 4010; x_wconf 71' lang='grc' dir='ltr'>τὴν</span> <span class='ocrx_word' id='word_1_263' title='bbox 547 3942 665 3994; x_wconf 81' lang='grc' dir='ltr'>ἀπὸ</span> <span class='ocrx_word' id='word_1_264' title='bbox 688 3943 784 3995; x_wconf 83' lang='grc' dir='ltr'><strong>τοῦ</strong></span> <span class='ocrx_word' id='word_1_265' title='bbox 833 3943 1236 4013; x_wconf 84' lang='grc' dir='ltr'>Ἀντιχρίστου,</span> <span class='ocrx_word' id='word_1_266' title='bbox 1272 3943 1366 4001; x_wconf 69' lang='grc' dir='ltr'>καὶ</span> <span class='ocrx_word' id='word_1_267' title='bbox 1404 3943 1515 3996; x_wconf 84' lang='grc' dir='ltr'>τῶν</span> <span class='ocrx_word' id='word_1_268' title='bbox 1569 3944 1700 4013; x_wconf 84' lang='grc' dir='ltr'>περὶ</span> <span class='ocrx_word' id='word_1_269' title='bbox 1729 3944 1830 3997; x_wconf 73' lang='grc' dir='ltr'><strong>αὖ·-</strong></span> 
     </span>
    </p>
   </div>
   <div class='ocr_carea' id='block_1_40' title="bbox 225 4031 1828 4105">
    <p class='ocr_par' dir='ltr' id='par_1_40' title="bbox 225 4031 1828 4105">
     <span class='ocr_line' id='line_1_40' title="bbox 225 4031 1828 4105; baseline 0.002 -19"><span class='ocrx_word' id='word_1_270' title='bbox 225 4036 317 4086; x_wconf 68' lang='grc' dir='ltr'><strong>τὸν</strong></span> <span class='ocrx_word' id='word_1_271' title='bbox 364 4031 728 4100; x_wconf 81' lang='grc' dir='ltr'>ἀπατεώνων,</span> <span class='ocrx_word' id='word_1_272' title='bbox 761 4035 886 4105; x_wconf 81' lang='grc' dir='ltr'>ἥτις</span> <span class='ocrx_word' id='word_1_273' title='bbox 917 4033 1167 4103; x_wconf 62' lang='grc' dir='ltr'>ἐκθλίψει</span> <span class='ocrx_word' id='word_1_274' title='bbox 1219 4034 1332 4104; x_wconf 77' lang='grc'><strong>(50)</strong></span> <span class='ocrx_word' id='word_1_275' title='bbox 1383 4034 1512 4097; x_wconf 80' lang='grc' dir='ltr'>τοὺς</span> <span class='ocrx_word' id='word_1_276' title='bbox 1557 4034 1828 4098; x_wconf 74' lang='grc' dir='ltr'>εὑσεδεῖς.</span> 
     </span>
    </p>
   </div>
   <div class='ocr_carea' id='block_1_41' title="bbox 236 4123 1830 4196">
    <p class='ocr_par' dir='ltr' id='par_1_41' title="bbox 236 4123 1830 4196">
     <span class='ocr_line' id='line_1_41' title="bbox 236 4123 1830 4196; baseline 0.001 -18"><span class='ocrx_word' id='word_1_277' title='bbox 236 4123 297 4178; x_wconf 85' lang='grc' dir='ltr'>Ὀ</span> <span class='ocrx_word' id='word_1_278' title='bbox 324 4124 478 4195; x_wconf 73' lang='grc' dir='ltr'>ἣλιος</span> <span class='ocrx_word' id='word_1_279' title='bbox 507 4125 565 4177; x_wconf 82' lang='grc' dir='ltr'>δὲ</span> <span class='ocrx_word' id='word_1_280' title='bbox 601 4125 1047 4196; x_wconf 79' lang='grc' dir='ltr'>σκοτισθήσεται,</span> <span class='ocrx_word' id='word_1_281' title='bbox 1076 4129 1176 4178; x_wconf 66' lang='grc' dir='ltr'>οὐκ</span> <span class='ocrx_word' id='word_1_282' title='bbox 1209 4124 1650 4194; x_wconf 73' lang='grc' dir='ltr'>ἀφανιζόμενος,</span> <span class='ocrx_word' id='word_1_283' title='bbox 1691 4126 1830 4180; x_wconf 80' lang='grc' dir='ltr'>ἀλλὰ</span> 
     </span>
    </p>
   </div>
   <div class='ocr_carea' id='block_1_42' title="bbox 224 4216 1829 4290">
    <p class='ocr_par' dir='ltr' id='par_1_42' title="bbox 224 4216 1829 4290">
     <span class='ocr_line' id='line_1_42' title="bbox 224 4216 1829 4290; baseline 0.002 -23"><span class='ocrx_word' id='word_1_284' title='bbox 224 4217 543 4284; x_wconf 77' lang='grc' dir='ltr'>νικώμενος</span> <span class='ocrx_word' id='word_1_285' title='bbox 575 4216 652 4288; x_wconf 83' lang='grc' dir='ltr'>τῷ</span> <span class='ocrx_word' id='word_1_286' title='bbox 681 4219 826 4285; x_wconf 66' lang='grc' dir='ltr'>φωτὶ</span> <span class='ocrx_word' id='word_1_287' title='bbox 861 4218 960 4287; x_wconf 83' lang='grc' dir='ltr'>τῆς</span> <span class='ocrx_word' id='word_1_288' title='bbox 1006 4218 1322 4290; x_wconf 83' lang='grc' dir='ltr'>παρουσίας</span> <span class='ocrx_word' id='word_1_289' title='bbox 1369 4217 1467 4270; x_wconf 90' lang='grc' dir='ltr'><strong>τοῦ</strong></span> <span class='ocrx_word' id='word_1_290' title='bbox 1501 4218 1767 4289; x_wconf 80' lang='grc' dir='ltr'>Χριστοῦο</span> <span class='ocrx_word' id='word_1_291' title='bbox 1795 4219 1829 4290; x_wconf 87' lang='grc' dir='ltr'><strong>ή</strong></span> 
     </span>
    </p>
   </div>
   <div class='ocr_carea' id='block_1_43' title="bbox 222 4309 1829 4382">
    <p class='ocr_par' dir='ltr' id='par_1_43' title="bbox 222 4309 1829 4382">
     <span class='ocr_line' id='line_1_43' title="bbox 222 4309 1829 4382; baseline 0 -16"><span class='ocrx_word' id='word_1_292' title='bbox 222 4311 282 4367; x_wconf 80' lang='grc' dir='ltr'>δὲ</span> <span class='ocrx_word' id='word_1_293' title='bbox 316 4309 522 4380; x_wconf 84' lang='grc' dir='ltr'>σελήνη</span> <span class='ocrx_word' id='word_1_294' title='bbox 559 4310 619 4362; x_wconf 77' lang='grc' dir='ltr'>οὐ</span> <span class='ocrx_word' id='word_1_295' title='bbox 664 4310 830 4364; x_wconf 88' lang='grc' dir='ltr'>δώσει</span> <span class='ocrx_word' id='word_1_296' title='bbox 852 4311 914 4364; x_wconf 80' lang='grc' dir='ltr'>τὸ</span> <span class='ocrx_word' id='word_1_297' title='bbox 941 4312 1147 4381; x_wconf 71' lang='grc' dir='ltr'>φέγγος</span> <span class='ocrx_word' id='word_1_298' title='bbox 1195 4311 1390 4378; x_wconf 68' lang='grc' dir='ltr'>αὐτῆς,</span> <span class='ocrx_word' id='word_1_299' title='bbox 1423 4312 1518 4364; x_wconf 73' lang='grc' dir='ltr'>καὶ</span> <span class='ocrx_word' id='word_1_300' title='bbox 1548 4313 1614 4363; x_wconf 64' lang='grc' dir='ltr'>τὰ</span> <span class='ocrx_word' id='word_1_301' title='bbox 1651 4312 1829 4382; x_wconf 81' lang='grc' dir='ltr'>ἄστρα</span> 
     </span>
    </p>
   </div>
   <div class='ocr_carea' id='block_1_44' title="bbox 225 4401 1830 4474">
    <p class='ocr_par' dir='ltr' id='par_1_44' title="bbox 225 4401 1830 4474">
     <span class='ocr_line' id='line_1_44' title="bbox 225 4401 1830 4474; baseline 0.002 -19"><span class='ocrx_word' id='word_1_302' title='bbox 225 4401 556 4467; x_wconf 75' lang='grc' dir='ltr'>πεσοῦνται,</span> <span class='ocrx_word' id='word_1_303' title='bbox 589 4402 665 4466; x_wconf 85' lang='grc' dir='ltr'>ὡς</span> <span class='ocrx_word' id='word_1_304' title='bbox 700 4405 900 4474; x_wconf 84' lang='grc' dir='ltr'>μηκέτι</span> <span class='ocrx_word' id='word_1_305' title='bbox 959 4405 1151 4474; x_wconf 82' lang='grc' dir='ltr'>χρείας</span> <span class='ocrx_word' id='word_1_306' title='bbox 1192 4401 1361 4472; x_wconf 77' lang='grc' dir='ltr'>οὔσης</span> <span class='ocrx_word' id='word_1_307' title='bbox 1393 4403 1598 4456; x_wconf 70' lang='grc' dir='ltr'>αὐτῶν.</span> <span class='ocrx_word' id='word_1_308' title='bbox 1629 4405 1830 4458; x_wconf 67' lang='grc' dir='ltr'>Οὐκέτι</span> 
     </span>
    </p>
   </div>
   <div class='ocr_carea' id='block_1_45' title="bbox 225 4495 1830 4566">
    <p class='ocr_par' dir='ltr' id='par_1_45' title="bbox 225 4495 1830 4566">
     <span class='ocr_line' id='line_1_45' title="bbox 225 4495 1830 4566; baseline -0.001 -16"><span class='ocrx_word' id='word_1_309' title='bbox 225 4496 338 4566; x_wconf 72' lang='grc' dir='ltr'><strong>γὰρ</strong></span> <span class='ocrx_word' id='word_1_310' title='bbox 375 4496 534 4550; x_wconf 80' lang='grc' dir='ltr'>ἔσται</span> <span class='ocrx_word' id='word_1_311' title='bbox 570 4496 687 4563; x_wconf 77' lang='grc' dir='ltr'><strong>νὺξ.</strong></span> <span class='ocrx_word' id='word_1_312' title='bbox 738 4496 796 4549; x_wconf 87' lang='grc'><strong>’0</strong></span> <span class='ocrx_word' id='word_1_313' title='bbox 829 4497 884 4549; x_wconf 86' lang='grc' dir='ltr'>δὲ</span> <span class='ocrx_word' id='word_1_314' title='bbox 918 4497 1138 4558; x_wconf 82' lang='grc' dir='ltr'>Λουκᾶς</span> <span class='ocrx_word' id='word_1_315' title='bbox 1177 4495 1443 4566; x_wconf 63' lang='grc' dir='ltr'>ἔγραψεν,</span> <span class='ocrx_word' id='word_1_316' title='bbox 1475 4496 1557 4549; x_wconf 79' lang='grc' dir='ltr'>ὅτι</span> <span class='ocrx_word' id='word_1_317' title='bbox 1593 4496 1697 4548; x_wconf 83' lang='lat' dir='ltr'><strong>Kal</strong></span> <span class='ocrx_word' id='word_1_318' title='bbox 1729 4497 1830 4548; x_wconf 81' lang='grc' dir='ltr'><strong>ἐπὶ</strong></span> 
     </span>
    </p>
   </div>
   <div class='ocr_carea' id='block_1_46' title="bbox 1919 610 3512 681">
    <p class='ocr_par' dir='ltr' id='par_1_46' title="bbox 1919 610 3512 681">
     <span class='ocr_line' id='line_1_46' title="bbox 1919 610 3512 681; baseline 0.001 -16"><span class='ocrx_word' id='word_1_319' title='bbox 1919 620 2109 677; x_wconf 80' lang='lat' dir='ltr'><strong>ventu,</strong></span> <span class='ocrx_word' id='word_1_320' title='bbox 2159 624 2418 681; x_wconf 85' lang='lat' dir='ltr'><strong>tanquam</strong></span> <span class='ocrx_word' id='word_1_321' title='bbox 2465 612 2532 665; x_wconf 89' lang='lat' dir='ltr'><strong>ad</strong></span> <span class='ocrx_word' id='word_1_322' title='bbox 2610 610 2998 681; x_wconf 65' lang='lat' dir='ltr'><strong>praeceptores</strong></span> <span class='ocrx_word' id='word_1_323' title='bbox 3065 611 3190 664; x_wconf 91' lang='lat' dir='ltr'><strong>novi</strong></span> <span class='ocrx_word' id='word_1_324' title='bbox 3240 613 3428 681; x_wconf 82' lang='lat' dir='ltr'><strong>populi</strong></span> <span class='ocrx_word' id='word_1_325' title='bbox 3500 632 3512 666; x_wconf 91' lang='lat'>:</span> 
     </span>
    </p>
   </div>
   <div class='ocr_carea' id='block_1_47' title="bbox 1921 707 3518 778">
    <p class='ocr_par' dir='ltr' id='par_1_47' title="bbox 1921 707 3518 778">
     <span class='ocr_line' id='line_1_47' title="bbox 1921 707 3518 778; baseline -0.003 -14"><span class='ocrx_word' id='word_1_326' title='bbox 1921 710 2103 764; x_wconf 89' lang='lat' dir='ltr'><strong>sciens</strong></span> <span class='ocrx_word' id='word_1_327' title='bbox 2133 707 2280 778; x_wconf 88' lang='lat' dir='ltr'><strong>quod</strong></span> <span class='ocrx_word' id='word_1_328' title='bbox 2301 710 2468 762; x_wconf 87' lang='lat' dir='ltr'><strong>etiam</strong></span> <span class='ocrx_word' id='word_1_329' title='bbox 2503 707 2618 762; x_wconf 70' lang='lat' dir='ltr'><strong>hinc</strong></span> <span class='ocrx_word' id='word_1_330' title='bbox 2641 707 2858 761; x_wconf 89' lang='lat' dir='ltr'><strong>docturi</strong></span> <span class='ocrx_word' id='word_1_331' title='bbox 2882 717 3072 760; x_wconf 78' lang='lat' dir='ltr'><strong>essent</strong></span> <span class='ocrx_word' id='word_1_332' title='bbox 3100 744 3102 746; x_wconf 56' lang='grc' dir='ltr'><strong>τ</strong></span> <span class='ocrx_word' id='word_1_333' title='bbox 3132 721 3196 760; x_wconf 91' lang='lat' dir='ltr'><strong>ac</strong></span> <span class='ocrx_word' id='word_1_334' title='bbox 3230 707 3518 775; x_wconf 88' lang='lat' dir='ltr'><strong>scripturi,</strong></span> 
     </span>
    </p>
   </div>
   <div class='ocr_carea' id='block_1_48' title="bbox 1919 799 3522 869">
    <p class='ocr_par' dir='ltr' id='par_1_48' title="bbox 1919 799 3522 869">
     <span class='ocr_line' id='line_1_48' title="bbox 1919 799 3522 869; baseline -0.002 -13"><span class='ocrx_word' id='word_1_335' title='bbox 1919 811 1974 856; x_wconf 91' lang='lat' dir='ltr'><strong>et</strong></span> <span class='ocrx_word' id='word_1_336' title='bbox 2009 802 2075 856; x_wconf 91' lang='lat' dir='ltr'><strong>ad</strong></span> <span class='ocrx_word' id='word_1_337' title='bbox 2123 801 2654 855; x_wconf 75' lang='lat' dir='ltr'><strong>demonstrationem</strong></span> <span class='ocrx_word' id='word_1_338' title='bbox 2689 815 2881 854; x_wconf 87' lang='lat' dir='ltr'><strong>eorum</strong></span> <span class='ocrx_word' id='word_1_339' title='bbox 2919 816 3041 869; x_wconf 66' lang='lat' dir='ltr'><strong>quae</strong></span> <span class='ocrx_word' id='word_1_340' title='bbox 3075 799 3425 869; x_wconf 80' lang='lat' dir='ltr'><strong>proplietavit</strong></span> <span class='ocrx_word' id='word_1_341' title='bbox 3454 799 3522 853; x_wconf 91' lang='lat' dir='ltr'><strong>de</strong></span> 
     </span>
    </p>
   </div>
   <div class='ocr_carea' id='block_1_49' title="bbox 1921 893 3514 966">
    <p class='ocr_par' dir='ltr' id='par_1_49' title="bbox 1921 893 3514 966">
     <span class='ocr_line' id='line_1_49' title="bbox 1921 893 3514 966; baseline -0.002 -18"><span class='ocrx_word' id='word_1_342' title='bbox 1921 895 2262 966; x_wconf 75' lang='lat' dir='ltr'><strong>captivitate,</strong></span> <span class='ocrx_word' id='word_1_343' title='bbox 2292 904 2347 949; x_wconf 92' lang='lat' dir='ltr'><strong>et</strong></span> <span class='ocrx_word' id='word_1_344' title='bbox 2376 894 2442 948; x_wconf 91' lang='lat' dir='ltr'><strong>ad</strong></span> <span class='ocrx_word' id='word_1_345' title='bbox 2480 893 2848 949; x_wconf 90' lang='lat' dir='ltr'><strong>munitionem</strong></span> <span class='ocrx_word' id='word_1_346' title='bbox 2883 893 3153 957; x_wconf 85' lang='lat' dir='ltr'><strong>ﬁdelium,</strong></span> <span class='ocrx_word' id='word_1_347' title='bbox 3187 894 3283 962; x_wconf 87' lang='lat' dir='ltr'><strong>qui</strong></span> <span class='ocrx_word' id='word_1_348' title='bbox 3339 893 3514 947; x_wconf 77' lang='lat' dir='ltr'><strong>futuri</strong></span> 
     </span>
    </p>
   </div>
   <div class='ocr_carea' id='block_1_50' title="bbox 1923 987 3060 1056">
    <p class='ocr_par' dir='ltr' id='par_1_50' title="bbox 1923 987 3060 1056">
     <span class='ocr_line' id='line_1_50' title="bbox 1923 987 3060 1056; baseline -0.004 -15"><span class='ocrx_word' id='word_1_349' title='bbox 1923 999 2053 1043; x_wconf 90' lang='lat' dir='ltr'><strong>sunt</strong></span> <span class='ocrx_word' id='word_1_350' title='bbox 2092 999 2222 1042; x_wconf 83' lang='lat' dir='ltr'><strong>ante</strong></span> <span class='ocrx_word' id='word_1_351' title='bbox 2247 987 2552 1043; x_wconf 83' lang='lat' dir='ltr'><strong>secundum</strong></span> <span class='ocrx_word' id='word_1_352' title='bbox 2579 987 2701 1056; x_wconf 86' lang='lat' dir='ltr'><strong>ejus</strong></span> <span class='ocrx_word' id='word_1_353' title='bbox 2735 987 3060 1040; x_wconf 74' lang='lat' dir='ltr'><strong>adventum.</strong></span> 
     </span>
    </p>
   </div>
   <div class='ocr_carea' id='block_1_51' title="bbox 1996 1074 3522 1152">
    <p class='ocr_par' dir='ltr' id='par_1_51' title="bbox 1996 1074 3522 1152">
     <span class='ocr_line' id='line_1_51' title="bbox 1996 1074 3522 1152; baseline -0.002 -15"><span class='ocrx_word' id='word_1_354' title='bbox 1996 1082 2153 1137; x_wconf 82' lang='lat' dir='ltr'><strong>Vers.</strong></span> <span class='ocrx_word' id='word_1_355' title='bbox 2182 1081 2274 1137; x_wconf 75' lang='grc' dir='ltr'><strong>ΞΟ.</strong></span> <span class='ocrx_word' id='word_1_356' title='bbox 2295 1081 2352 1135; x_wconf 86' lang='lat' dir='ltr'><strong>Si</strong></span> <span class='ocrx_word' id='word_1_357' title='bbox 2374 1098 2496 1152; x_wconf 80' lang='lat' dir='ltr'><strong>ergo</strong></span> <span class='ocrx_word' id='word_1_358' title='bbox 2521 1113 2587 1121; x_wconf 95' lang='lat'>—</span> <span class='ocrx_word' id='word_1_359' title='bbox 2615 1074 2846 1135; x_wconf 82' lang='lat' dir='ltr'><strong>credere.</strong></span> <span class='ocrx_word' id='word_1_360' title='bbox 2877 1081 2978 1147; x_wconf 81' lang='lat' dir='ltr'><strong>Qui</strong></span> <span class='ocrx_word' id='word_1_361' title='bbox 3010 1090 3141 1134; x_wconf 90' lang='lat' dir='ltr'><strong>tunc</strong></span> <span class='ocrx_word' id='word_1_362' title='bbox 3169 1082 3287 1135; x_wconf 71' lang='lat' dir='ltr'><strong>hzec</strong></span> <span class='ocrx_word' id='word_1_363' title='bbox 3314 1081 3522 1141; x_wconf 88' lang='lat' dir='ltr'><strong>dicent,</strong></span> 
     </span>
    </p>
   </div>
   <div class='ocr_carea' id='block_1_52' title="bbox 1922 1171 3522 1244">
    <p class='ocr_par' dir='ltr' id='par_1_52' title="bbox 1922 1171 3522 1244">
     <span class='ocr_line' id='line_1_52' title="bbox 1922 1171 3522 1244; baseline -0.001 -17"><span class='ocrx_word' id='word_1_364' title='bbox 1922 1173 2223 1244; x_wconf 72' lang='lat' dir='ltr'><strong>praenuntii</strong></span> <span class='ocrx_word' id='word_1_365' title='bbox 2261 1183 2429 1227; x_wconf 91' lang='lat' dir='ltr'><strong>erunt</strong></span> <span class='ocrx_word' id='word_1_366' title='bbox 2463 1188 2525 1226; x_wconf 89' lang='lat' dir='ltr'><strong>ac</strong></span> <span class='ocrx_word' id='word_1_367' title='bbox 2555 1173 2797 1227; x_wconf 85' lang='lat' dir='ltr'><strong>ministri</strong></span> <span class='ocrx_word' id='word_1_368' title='bbox 2831 1174 3184 1227; x_wconf 82' lang='lat' dir='ltr'><strong>Antichristi.</strong></span> <span class='ocrx_word' id='word_1_369' title='bbox 3216 1171 3522 1227; x_wconf 84' lang='lat' dir='ltr'><strong>Penetralia</strong></span> 
     </span>
    </p>
   </div>
   <div class='ocr_carea' id='block_1_53' title="bbox 1924 1264 3523 1334">
    <p class='ocr_par' dir='ltr' id='par_1_53' title="bbox 1924 1264 3523 1334">
     <span class='ocr_line' id='line_1_53' title="bbox 1924 1264 3523 1334; baseline 0.001 -15"><span class='ocrx_word' id='word_1_370' title='bbox 1924 1274 2109 1320; x_wconf 86' lang='lat' dir='ltr'><strong>autem</strong></span> <span class='ocrx_word' id='word_1_371' title='bbox 2137 1281 2284 1320; x_wconf 86' lang='lat' dir='ltr'><strong>nunc</strong></span> <span class='ocrx_word' id='word_1_372' title='bbox 2314 1264 2571 1334; x_wconf 79' lang='lat' dir='ltr'><strong>intelligit</strong></span> <span class='ocrx_word' id='word_1_373' title='bbox 2604 1265 2722 1318; x_wconf 81' lang='lat' dir='ltr'><strong>loca</strong></span> <span class='ocrx_word' id='word_1_374' title='bbox 2760 1264 3103 1320; x_wconf 84' lang='lat' dir='ltr'><strong>indomibus</strong></span> <span class='ocrx_word' id='word_1_375' title='bbox 3127 1264 3299 1334; x_wconf 79' lang='lat' dir='ltr'><strong>magis</strong></span> <span class='ocrx_word' id='word_1_376' title='bbox 3321 1280 3523 1320; x_wconf 89' lang='lat' dir='ltr'><strong>recon-</strong></span> 
     </span>
    </p>
   </div>
   <div class='ocr_carea' id='block_1_54' title="bbox 1922 1357 2060 1414">
    <p class='ocr_par' dir='ltr' id='par_1_54' title="bbox 1922 1357 2060 1414">
     <span class='ocr_line' id='line_1_54' title="bbox 1922 1357 2060 1414; baseline 0.022 -3"><span class='ocrx_word' id='word_1_377' title='bbox 1922 1357 2060 1414; x_wconf 88' lang='lat' dir='ltr'><strong>dita.</strong></span> 
     </span>
    </p>
   </div>
   <div class='ocr_carea' id='block_1_55' title="bbox 2000 1445 3531 1518">
    <p class='ocr_par' dir='ltr' id='par_1_55' title="bbox 2000 1445 3531 1518">
     <span class='ocr_line' id='line_1_55' title="bbox 2000 1445 3531 1518; baseline 0.001 -19"><span class='ocrx_word' id='word_1_378' title='bbox 2000 1445 2158 1502; x_wconf 81' lang='lat' dir='ltr'><strong>Vers.</strong></span> <span class='ocrx_word' id='word_1_379' title='bbox 2189 1447 2281 1502; x_wconf 66' lang='grc' dir='ltr'><strong>Ἦ.</strong></span> <span class='ocrx_word' id='word_1_380' title='bbox 2322 1447 2473 1502; x_wconf 69' lang='lat' dir='ltr'><strong>Sient</strong></span> <span class='ocrx_word' id='word_1_381' title='bbox 2507 1481 2576 1490; x_wconf 93' lang='lat'><strong>—</strong></span> <span class='ocrx_word' id='word_1_382' title='bbox 2603 1449 2852 1502; x_wconf 81' lang='lat' dir='ltr'><strong>hominis.</strong></span> <span class='ocrx_word' id='word_1_383' title='bbox 2889 1447 3068 1509; x_wconf 90' lang='lat' dir='ltr'><strong>Sicut,</strong></span> <span class='ocrx_word' id='word_1_384' title='bbox 3109 1449 3309 1518; x_wconf 86' lang='lat' dir='ltr'><strong>inquit,</strong></span> <span class='ocrx_word' id='word_1_385' title='bbox 3345 1447 3531 1518; x_wconf 76' lang='lat' dir='ltr'><strong>fulgur</strong></span> 
     </span>
    </p>
   </div>
   <div class='ocr_carea' id='block_1_56' title="bbox 1925 1541 3531 1613">
    <p class='ocr_par' dir='ltr' id='par_1_56' title="bbox 1925 1541 3531 1613">
     <span class='ocr_line' id='line_1_56' title="bbox 1925 1541 3531 1613; baseline 0 -19"><span class='ocrx_word' id='word_1_386' title='bbox 1925 1541 2225 1611; x_wconf 82' lang='lat' dir='ltr'><strong>egreditur,</strong></span> <span class='ocrx_word' id='word_1_387' title='bbox 2263 1550 2319 1596; x_wconf 91' lang='lat' dir='ltr'><strong>et</strong></span> <span class='ocrx_word' id='word_1_388' title='bbox 2359 1542 2620 1596; x_wconf 90' lang='lat' dir='ltr'><strong>omnibus</strong></span> <span class='ocrx_word' id='word_1_389' title='bbox 2651 1543 2704 1594; x_wconf 92' lang='lat' dir='ltr'><strong>in</strong></span> <span class='ocrx_word' id='word_1_390' title='bbox 2732 1542 3030 1610; x_wconf 82' lang='lat' dir='ltr'><strong>conspicuo</strong></span> <span class='ocrx_word' id='word_1_391' title='bbox 3056 1551 3159 1602; x_wconf 86' lang='lat' dir='ltr'><strong>est,</strong></span> <span class='ocrx_word' id='word_1_392' title='bbox 3185 1541 3335 1594; x_wconf 89' lang='lat' dir='ltr'><strong>nullo</strong></span> <span class='ocrx_word' id='word_1_393' title='bbox 3361 1557 3531 1613; x_wconf 79' lang='lat' dir='ltr'><strong>egens</strong></span> 
     </span>
    </p>
   </div>
   <div class='ocr_carea' id='block_1_57' title="bbox 1927 1633 3531 1705">
    <p class='ocr_par' dir='ltr' id='par_1_57' title="bbox 1927 1633 3531 1705">
     <span class='ocr_line' id='line_1_57' title="bbox 1927 1633 3531 1705; baseline 0 -20"><span class='ocrx_word' id='word_1_394' title='bbox 1927 1649 2187 1704; x_wconf 60' lang='lat' dir='ltr'><strong>praecone</strong></span> <span class='ocrx_word' id='word_1_395' title='bbox 2243 1643 2337 1688; x_wconf 92' lang='lat' dir='ltr'><strong>aut</strong></span> <span class='ocrx_word' id='word_1_396' title='bbox 2413 1634 2843 1705; x_wconf 62' lang='lat' dir='ltr'><strong>praenuntiante,</strong></span> <span class='ocrx_word' id='word_1_397' title='bbox 2912 1633 3007 1687; x_wconf 91' lang='lat' dir='ltr'><strong>sed</strong></span> <span class='ocrx_word' id='word_1_398' title='bbox 3073 1634 3360 1688; x_wconf 82' lang='lat' dir='ltr'><strong>excessive</strong></span> <span class='ocrx_word' id='word_1_399' title='bbox 3427 1650 3531 1688; x_wconf 82' lang='lat' dir='ltr'><strong>suo</strong></span> 
     </span>
    </p>
   </div>
   <div class='ocr_carea' id='block_1_58' title="bbox 1925 1729 3532 1800">
    <p class='ocr_par' dir='ltr' id='par_1_58' title="bbox 1925 1729 3532 1800">
     <span class='ocr_line' id='line_1_58' title="bbox 1925 1729 3532 1800; baseline 0.001 -20"><span class='ocrx_word' id='word_1_400' title='bbox 1925 1730 2244 1798; x_wconf 87' lang='lat' dir='ltr'><strong>splendore,</strong></span> <span class='ocrx_word' id='word_1_401' title='bbox 2292 1730 2524 1784; x_wconf 90' lang='lat' dir='ltr'><strong>minimo</strong></span> <span class='ocrx_word' id='word_1_402' title='bbox 2581 1729 2848 1800; x_wconf 88' lang='lat' dir='ltr'><strong>temporis</strong></span> <span class='ocrx_word' id='word_1_403' title='bbox 2905 1738 3209 1793; x_wconf 87' lang='lat' dir='ltr'><strong>momento,</strong></span> <span class='ocrx_word' id='word_1_404' title='bbox 3269 1729 3532 1783; x_wconf 89' lang='lat' dir='ltr'><strong>universo</strong></span> 
     </span>
    </p>
   </div>
   <div class='ocr_carea' id='block_1_59' title="bbox 1927 1821 3534 1892">
    <p class='ocr_par' dir='ltr' id='par_1_59' title="bbox 1927 1821 3534 1892">
     <span class='ocr_line' id='line_1_59' title="bbox 1927 1821 3534 1892; baseline -0.001 -18"><span class='ocrx_word' id='word_1_405' title='bbox 1927 1832 2157 1890; x_wconf 83' lang='lat' dir='ltr'><strong>apparet</strong></span> <span class='ocrx_word' id='word_1_406' title='bbox 2185 1822 2304 1877; x_wconf 86' lang='lat' dir='ltr'><strong>orbi</strong></span> <span class='ocrx_word' id='word_1_407' title='bbox 2335 1841 2346 1875; x_wconf 94' lang='lat'><strong>:</strong></span> <span class='ocrx_word' id='word_1_408' title='bbox 2375 1824 2452 1876; x_wconf 90' lang='lat' dir='ltr'><strong>ita</strong></span> <span class='ocrx_word' id='word_1_409' title='bbox 2477 1838 2697 1892; x_wconf 83' lang='lat' dir='ltr'><strong>quoque</strong></span> <span class='ocrx_word' id='word_1_410' title='bbox 2731 1822 2836 1875; x_wconf 91' lang='lat' dir='ltr'><strong>erit</strong></span> <span class='ocrx_word' id='word_1_411' title='bbox 2869 1821 3274 1884; x_wconf 87' lang='lat' dir='ltr'><strong>adventusiile,</strong></span> <span class='ocrx_word' id='word_1_412' title='bbox 3305 1831 3534 1890; x_wconf 84' lang='lat' dir='ltr'><strong>propter</strong></span> 
     </span>
    </p>
   </div>
   <div class='ocr_carea' id='block_1_60' title="bbox 1931 1911 3534 1982">
    <p class='ocr_par' dir='ltr' id='par_1_60' title="bbox 1931 1911 3534 1982">
     <span class='ocr_line' id='line_1_60' title="bbox 1931 1911 3534 1982; baseline -0.002 -15"><span class='ocrx_word' id='word_1_413' title='bbox 1931 1911 2368 1982; x_wconf 83' lang='lat' dir='ltr'><strong>magnitudinem</strong></span> <span class='ocrx_word' id='word_1_414' title='bbox 2443 1913 2529 1966; x_wconf 90' lang='lat' dir='ltr'><strong>sui</strong></span> <span class='ocrx_word' id='word_1_415' title='bbox 2615 1911 2953 1981; x_wconf 87' lang='lat' dir='ltr'><strong>splendoris.</strong></span> <span class='ocrx_word' id='word_1_416' title='bbox 3021 1911 3285 1965; x_wconf 83' lang='lat' dir='ltr'><strong>omnibus</strong></span> <span class='ocrx_word' id='word_1_417' title='bbox 3366 1911 3534 1964; x_wconf 89' lang='lat' dir='ltr'><strong>simul</strong></span> 
     </span>
    </p>
   </div>
   <div class='ocr_carea' id='block_1_61' title="bbox 1928 2005 3530 2075">
    <p class='ocr_par' dir='ltr' id='par_1_61' title="bbox 1928 2005 3530 2075">
     <span class='ocr_line' id='line_1_61' title="bbox 1928 2005 3530 2075; baseline 0.001 -19"><span class='ocrx_word' id='word_1_418' title='bbox 1928 2019 2222 2074; x_wconf 80' lang='lat' dir='ltr'><strong>apparens,</strong></span> <span class='ocrx_word' id='word_1_419' title='bbox 2255 2015 2310 2060; x_wconf 90' lang='lat' dir='ltr'><strong>et</strong></span> <span class='ocrx_word' id='word_1_420' title='bbox 2370 2005 2546 2060; x_wconf 80' lang='lat' dir='ltr'><strong>factus</strong></span> <span class='ocrx_word' id='word_1_421' title='bbox 2607 2005 2925 2060; x_wconf 72' lang='lat' dir='ltr'><strong>[nominibus</strong></span> <span class='ocrx_word' id='word_1_422' title='bbox 2977 2005 3097 2075; x_wconf 91' lang='lat' dir='ltr'><strong>ipse</strong></span> <span class='ocrx_word' id='word_1_423' title='bbox 3129 2006 3212 2058; x_wconf 90' lang='lat' dir='ltr'><strong>sui</strong></span> <span class='ocrx_word' id='word_1_424' title='bbox 3275 2005 3530 2059; x_wconf 89' lang='lat' dir='ltr'><strong>nuntius.</strong></span> 
     </span>
    </p>
   </div>
   <div class='ocr_carea' id='block_1_62' title="bbox 1928 2090 3530 2166">
    <p class='ocr_par' dir='ltr' id='par_1_62' title="bbox 1928 2090 3530 2166">
     <span class='ocr_line' id='line_1_62' title="bbox 1928 2090 3530 2166; baseline 0.004 -22"><span class='ocrx_word' id='word_1_425' title='bbox 1928 2090 2117 2161; x_wconf 83' lang='lat' dir='ltr'><strong>Neque</strong></span> <span class='ocrx_word' id='word_1_426' title='bbox 2173 2093 2323 2147; x_wconf 90' lang='lat' dir='ltr'><strong>enim</strong></span> <span class='ocrx_word' id='word_1_427' title='bbox 2381 2095 2847 2164; x_wconf 88' lang='lat' dir='ltr'><strong>quemadmodum</strong></span> <span class='ocrx_word' id='word_1_428' title='bbox 2901 2096 3113 2166; x_wconf 87' lang='lat' dir='ltr'><strong>primus</strong></span> <span class='ocrx_word' id='word_1_429' title='bbox 3171 2096 3443 2150; x_wconf 80' lang='lat' dir='ltr'><strong>adventus</strong></span> <span class='ocrx_word' id='word_1_430' title='bbox 3477 2097 3530 2150; x_wconf 93' lang='lat' dir='ltr'><strong>in</strong></span> 
     </span>
    </p>
   </div>
   <div class='ocr_carea' id='block_1_63' title="bbox 1931 2187 3536 2254">
    <p class='ocr_par' dir='ltr' id='par_1_63' title="bbox 1931 2187 3536 2254">
     <span class='ocr_line' id='line_1_63' title="bbox 1931 2187 3536 2254; baseline 0.002 -16"><span class='ocrx_word' id='word_1_431' title='bbox 1931 2193 2263 2254; x_wconf 88' lang='lat' dir='ltr'><strong>paupertate</strong></span> <span class='ocrx_word' id='word_1_432' title='bbox 2291 2195 2347 2240; x_wconf 91' lang='lat' dir='ltr'><strong>et</strong></span> <span class='ocrx_word' id='word_1_433' title='bbox 2368 2187 2610 2241; x_wconf 91' lang='lat' dir='ltr'><strong>nominis</strong></span> <span class='ocrx_word' id='word_1_434' title='bbox 2631 2187 2973 2244; x_wconf 84' lang='lat' dir='ltr'><strong>obscuritate</strong></span> <span class='ocrx_word' id='word_1_435' title='bbox 2995 2188 3173 2242; x_wconf 82' lang='lat' dir='ltr'><strong>factus</strong></span> <span class='ocrx_word' id='word_1_436' title='bbox 3190 2197 3295 2253; x_wconf 89' lang='lat' dir='ltr'><strong>est,</strong></span> <span class='ocrx_word' id='word_1_437' title='bbox 3325 2189 3398 2242; x_wconf 89' lang='lat' dir='ltr'><strong>ita</strong></span> <span class='ocrx_word' id='word_1_438' title='bbox 3425 2190 3536 2242; x_wconf 87' lang='lat' dir='ltr'><strong>erit</strong></span> 
     </span>
    </p>
   </div>
   <div class='ocr_carea' id='block_1_64' title="bbox 1933 2279 3534 2351">
    <p class='ocr_par' dir='ltr' id='par_1_64' title="bbox 1933 2279 3534 2351">
     <span class='ocr_line' id='line_1_64' title="bbox 1933 2279 3534 2351; baseline 0.002 -21"><span class='ocrx_word' id='word_1_439' title='bbox 1933 2285 1989 2330; x_wconf 85' lang='lat' dir='ltr'><strong>et</strong></span> <span class='ocrx_word' id='word_1_440' title='bbox 2026 2279 2327 2342; x_wconf 86' lang='lat' dir='ltr'><strong>secundus;</strong></span> <span class='ocrx_word' id='word_1_441' title='bbox 2381 2279 2482 2334; x_wconf 93' lang='lat' dir='ltr'><strong>sed</strong></span> <span class='ocrx_word' id='word_1_442' title='bbox 2513 2295 2543 2334; x_wconf 91' lang='lat' dir='ltr'><strong>e</strong></span> <span class='ocrx_word' id='word_1_443' title='bbox 2599 2280 2820 2334; x_wconf 88' lang='lat' dir='ltr'><strong>diverso</strong></span> <span class='ocrx_word' id='word_1_444' title='bbox 2872 2280 2965 2335; x_wconf 86' lang='lat' dir='ltr'><strong>hic</strong></span> <span class='ocrx_word' id='word_1_445' title='bbox 3018 2297 3141 2334; x_wconf 91' lang='lat' dir='ltr'><strong>cum</strong></span> <span class='ocrx_word' id='word_1_446' title='bbox 3179 2291 3453 2351; x_wconf 87' lang='lat' dir='ltr'><strong>potestate</strong></span> <span class='ocrx_word' id='word_1_447' title='bbox 3480 2293 3534 2335; x_wconf 88' lang='lat' dir='ltr'><strong>et</strong></span> 
     </span>
    </p>
   </div>
   <div class='ocr_carea' id='block_1_65' title="bbox 1931 2373 3530 2443">
    <p class='ocr_par' dir='ltr' id='par_1_65' title="bbox 1931 2373 3530 2443">
     <span class='ocr_line' id='line_1_65' title="bbox 1931 2373 3530 2443; baseline 0.003 -18"><span class='ocrx_word' id='word_1_448' title='bbox 1931 2373 2100 2443; x_wconf 82' lang='lat' dir='ltr'><strong>gloria</strong></span> <span class='ocrx_word' id='word_1_449' title='bbox 2139 2389 2332 2442; x_wconf 84' lang='lat' dir='ltr'><strong>magna</strong></span> <span class='ocrx_word' id='word_1_450' title='bbox 2373 2374 2487 2439; x_wconf 84' lang='lat' dir='ltr'><strong>ﬁet,</strong></span> <span class='ocrx_word' id='word_1_451' title='bbox 2529 2375 2769 2443; x_wconf 90' lang='lat' dir='ltr'><strong>stipante</strong></span> <span class='ocrx_word' id='word_1_452' title='bbox 2800 2374 2950 2428; x_wconf 90' lang='lat' dir='ltr'><strong>omni</strong></span> <span class='ocrx_word' id='word_1_453' title='bbox 2978 2374 3189 2430; x_wconf 71' lang='lat' dir='ltr'><strong>cmlesti</strong></span> <span class='ocrx_word' id='word_1_454' title='bbox 3241 2376 3530 2430; x_wconf 78' lang='lat' dir='ltr'><strong>exercitu:</strong></span> 
     </span>
    </p>
   </div>
   <div class='ocr_carea' id='block_1_66' title="bbox 1932 2466 3157 2539">
    <p class='ocr_par' dir='ltr' id='par_1_66' title="bbox 1932 2466 3157 2539">
     <span class='ocr_line' id='line_1_66' title="bbox 1932 2466 3157 2539; baseline 0 -19"><span class='ocrx_word' id='word_1_455' title='bbox 1932 2466 2057 2522; x_wconf 89' lang='lat' dir='ltr'><strong>ideo</strong></span> <span class='ocrx_word' id='word_1_456' title='bbox 2089 2467 2273 2522; x_wconf 90' lang='lat' dir='ltr'><strong>nullus</strong></span> <span class='ocrx_word' id='word_1_457' title='bbox 2303 2468 2451 2522; x_wconf 91' lang='lat' dir='ltr'><strong>hunc</strong></span> <span class='ocrx_word' id='word_1_458' title='bbox 2482 2468 2738 2539; x_wconf 85' lang='lat' dir='ltr'><strong>ignorare</strong></span> <span class='ocrx_word' id='word_1_459' title='bbox 2766 2477 2899 2522; x_wconf 90' lang='lat' dir='ltr'><strong>tunc</strong></span> <span class='ocrx_word' id='word_1_460' title='bbox 2927 2468 3157 2538; x_wconf 91' lang='lat' dir='ltr'><strong>poterit.</strong></span> 
     </span>
    </p>
   </div>
   <div class='ocr_carea' id='block_1_67' title="bbox 2004 2648 3540 2722">
    <p class='ocr_par' dir='ltr' id='par_1_67' title="bbox 2004 2648 3540 2722">
     <span class='ocr_line' id='line_1_67' title="bbox 2004 2648 3540 2722; baseline 0.002 -19"><span class='ocrx_word' id='word_1_461' title='bbox 2004 2650 2159 2704; x_wconf 88' lang='lat' dir='ltr'><strong>Vers.</strong></span> <span class='ocrx_word' id='word_1_462' title='bbox 2183 2649 2274 2705; x_wconf 67' lang='lat'><strong>‘28.</strong></span> <span class='ocrx_word' id='word_1_463' title='bbox 2306 2649 2609 2720; x_wconf 81' lang='lat' dir='ltr'><strong>Ubicunque</strong></span> <span class='ocrx_word' id='word_1_464' title='bbox 2642 2681 2712 2690; x_wconf 95' lang='lat'><strong><em>—</em></strong></span> <span class='ocrx_word' id='word_1_465' title='bbox 2742 2649 2962 2718; x_wconf 65' lang='lat' dir='ltr'><strong>aquila}.</strong></span> <span class='ocrx_word' id='word_1_466' title='bbox 3000 2648 3116 2704; x_wconf 81' lang='lat' dir='ltr'><strong>Hoc</strong></span> <span class='ocrx_word' id='word_1_467' title='bbox 3145 2650 3278 2705; x_wconf 91' lang='lat' dir='ltr'><strong>dicit</strong></span> <span class='ocrx_word' id='word_1_468' title='bbox 3317 2661 3540 2722; x_wconf 83' lang='lat' dir='ltr'><strong>propter</strong></span> 
     </span>
    </p>
   </div>
   <div class='ocr_carea' id='block_1_68' title="bbox 1932 2741 3541 2814">
    <p class='ocr_par' dir='ltr' id='par_1_68' title="bbox 1932 2741 3541 2814">
     <span class='ocr_line' id='line_1_68' title="bbox 1932 2741 3541 2814; baseline 0.002 -19"><span class='ocrx_word' id='word_1_469' title='bbox 1932 2742 2256 2796; x_wconf 90' lang='lat' dir='ltr'><strong>satellitium</strong></span> <span class='ocrx_word' id='word_1_470' title='bbox 2296 2757 2406 2812; x_wconf 93' lang='lat' dir='ltr'><strong>quo</strong></span> <span class='ocrx_word' id='word_1_471' title='bbox 2459 2752 2592 2797; x_wconf 92' lang='lat' dir='ltr'><strong>tunc</strong></span> <span class='ocrx_word' id='word_1_472' title='bbox 2632 2741 3095 2796; x_wconf 79' lang='lat' dir='ltr'><strong>circumdabitur.</strong></span> <span class='ocrx_word' id='word_1_473' title='bbox 3156 2743 3220 2795; x_wconf 88' lang='lat' dir='ltr'><strong>Et</strong></span> <span class='ocrx_word' id='word_1_474' title='bbox 3271 2747 3541 2814; x_wconf 80' lang='lat' dir='ltr'><strong>stipantcs</strong></span> 
     </span>
    </p>
   </div>
   <div class='ocr_carea' id='block_1_69' title="bbox 1932 2833 3539 2906">
    <p class='ocr_par' dir='ltr' id='par_1_69' title="bbox 1932 2833 3539 2906">
     <span class='ocr_line' id='line_1_69' title="bbox 1932 2833 3539 2906; baseline 0.002 -17"><span class='ocrx_word' id='word_1_475' title='bbox 1932 2834 2155 2905; x_wconf 91' lang='lat' dir='ltr'><strong>quidem</strong></span> <span class='ocrx_word' id='word_1_476' title='bbox 2179 2833 2732 2904; x_wconf 88' lang='lat' dir='ltr'><strong>assimilavitaquilis,</strong></span> <span class='ocrx_word' id='word_1_477' title='bbox 2763 2842 3023 2903; x_wconf 88' lang='lat' dir='ltr'><strong>tanquam</strong></span> <span class='ocrx_word' id='word_1_478' title='bbox 3047 2835 3227 2888; x_wconf 87' lang='lat' dir='ltr'><strong>alatos</strong></span> <span class='ocrx_word' id='word_1_479' title='bbox 3249 2852 3313 2890; x_wconf 84' lang='lat' dir='ltr'><strong>ac</strong></span> <span class='ocrx_word' id='word_1_480' title='bbox 3334 2839 3539 2906; x_wconf 82' lang='lat' dir='ltr'><strong>regios,</strong></span> 
     </span>
    </p>
   </div>
   <div class='ocr_carea' id='block_1_70' title="bbox 1933 2925 3542 2996">
    <p class='ocr_par' dir='ltr' id='par_1_70' title="bbox 1933 2925 3542 2996">
     <span class='ocr_line' id='line_1_70' title="bbox 1933 2925 3542 2996; baseline 0.001 -16"><span class='ocrx_word' id='word_1_481' title='bbox 1933 2926 2174 2996; x_wconf 87' lang='lat' dir='ltr'><strong>seipsum</strong></span> <span class='ocrx_word' id='word_1_482' title='bbox 2209 2941 2342 2980; x_wconf 90' lang='lat' dir='ltr'><strong>vero</strong></span> <span class='ocrx_word' id='word_1_483' title='bbox 2368 2925 2644 2988; x_wconf 79' lang='lat' dir='ltr'><strong>cadaveri,</strong></span> <span class='ocrx_word' id='word_1_484' title='bbox 2684 2934 2942 2994; x_wconf 89' lang='lat' dir='ltr'><strong>tanquam</strong></span> <span class='ocrx_word' id='word_1_485' title='bbox 2976 2938 3398 2995; x_wconf 74' lang='lat' dir='ltr'><strong>congregantem</strong></span> <span class='ocrx_word' id='word_1_486' title='bbox 3432 2930 3542 2981; x_wconf 37' lang='lat' dir='ltr'><strong>hu;</strong></span> 
     </span>
    </p>
   </div>
   <div class='ocr_carea' id='block_1_71' title="bbox 1929 3015 3540 3086">
    <p class='ocr_par' dir='ltr' id='par_1_71' title="bbox 1929 3015 3540 3086">
     <span class='ocr_line' id='line_1_71' title="bbox 1929 3015 3540 3086; baseline 0.001 -15"><span class='ocrx_word' id='word_1_487' title='bbox 1929 3017 2174 3086; x_wconf 85' lang='lat' dir='ltr'><strong>jusmodi</strong></span> <span class='ocrx_word' id='word_1_488' title='bbox 2199 3016 2435 3086; x_wconf 88' lang='lat' dir='ltr'><strong>aquilas,</strong></span> <span class='ocrx_word' id='word_1_489' title='bbox 2460 3025 2516 3070; x_wconf 91' lang='lat' dir='ltr'><strong>et</strong></span> <span class='ocrx_word' id='word_1_490' title='bbox 2544 3017 2703 3085; x_wconf 89' lang='lat' dir='ltr'><strong>quasi</strong></span> <span class='ocrx_word' id='word_1_491' title='bbox 2729 3016 2912 3070; x_wconf 87' lang='lat' dir='ltr'><strong>cibum</strong></span> <span class='ocrx_word' id='word_1_492' title='bbox 2943 3015 3289 3082; x_wconf 80' lang='lat' dir='ltr'><strong>spiritualem</strong></span> <span class='ocrx_word' id='word_1_493' title='bbox 3323 3033 3540 3085; x_wconf 87' lang='lat' dir='ltr'><strong>eorum,</strong></span> 
     </span>
    </p>
   </div>
   <div class='ocr_carea' id='block_1_72' title="bbox 1933 3107 3544 3179">
    <p class='ocr_par' dir='ltr' id='par_1_72' title="bbox 1933 3107 3544 3179">
     <span class='ocr_line' id='line_1_72' title="bbox 1933 3107 3544 3179; baseline 0.004 -18"><span class='ocrx_word' id='word_1_494' title='bbox 1933 3109 2212 3179; x_wconf 84' lang='lat' dir='ltr'><strong>vitamque</strong></span> <span class='ocrx_word' id='word_1_495' title='bbox 2232 3108 2647 3178; x_wconf 81' lang='lat' dir='ltr'><strong>sempiternam.</strong></span> <span class='ocrx_word' id='word_1_496' title='bbox 2672 3107 2846 3161; x_wconf 80' lang='lat' dir='ltr'><strong>Lucas</strong></span> <span class='ocrx_word' id='word_1_497' title='bbox 2866 3118 3047 3162; x_wconf 85' lang='lat' dir='ltr'><strong>autem</strong></span> <span class='ocrx_word' id='word_1_498' title='bbox 3065 3107 3112 3138; x_wconf 80' lang='grc'>³⁸</span> <span class='ocrx_word' id='word_1_499' title='bbox 3145 3127 3244 3178; x_wconf 92' lang='lat' dir='ltr'><strong>pro</strong></span> <span class='ocrx_word' id='word_1_500' title='bbox 3268 3110 3544 3167; x_wconf 82' lang='lat' dir='ltr'><strong>Cadavere</strong></span> 
     </span>
    </p>
   </div>
   <div class='ocr_carea' id='block_1_73' title="bbox 1854 3200 3234 3281">
    <p class='ocr_par' dir='ltr' id='par_1_73' title="bbox 1854 3200 3234 3281">
     <span class='ocr_line' id='line_1_73' title="bbox 1854 3200 3234 3281; baseline 0 -27"><span class='ocrx_word' id='word_1_501' title='bbox 1854 3223 1898 3281; x_wconf 70' lang='grc' dir='ltr'><strong>ρ</strong></span> <span class='ocrx_word' id='word_1_502' title='bbox 1935 3202 2116 3272; x_wconf 90' lang='lat' dir='ltr'><strong>posuit</strong></span> <span class='ocrx_word' id='word_1_503' title='bbox 2161 3200 2386 3268; x_wconf 82' lang='lat' dir='ltr'><strong>Corpus,</strong></span> <span class='ocrx_word' id='word_1_504' title='bbox 2421 3202 2523 3255; x_wconf 82' lang='lat' dir='ltr'><strong>hoc</strong></span> <span class='ocrx_word' id='word_1_505' title='bbox 2553 3211 2634 3253; x_wconf 89' lang='lat' dir='ltr'><strong>est</strong></span> <span class='ocrx_word' id='word_1_506' title='bbox 2659 3215 2758 3270; x_wconf 91' lang='lat' dir='ltr'><strong>pro</strong></span> <span class='ocrx_word' id='word_1_507' title='bbox 2798 3200 3026 3269; x_wconf 77' lang='grc' dir='ltr'>Πτῶμα,</span> <span class='ocrx_word' id='word_1_508' title='bbox 3063 3203 3234 3271; x_wconf 71' lang='grc' dir='ltr'>Σῶμα</span> 
     </span>
    </p>
   </div>
   <div class='ocr_carea' id='block_1_74' title="bbox 2011 3291 3538 3354">
    <p class='ocr_par' dir='ltr' id='par_1_74' title="bbox 2011 3291 3538 3354">
     <span class='ocr_line' id='line_1_74' title="bbox 2011 3291 3538 3354; baseline 0.001 -4"><span class='ocrx_word' id='word_1_509' title='bbox 2011 3295 2165 3350; x_wconf 84' lang='lat' dir='ltr'><strong>Vers.</strong></span> <span class='ocrx_word' id='word_1_510' title='bbox 2193 3295 2283 3349; x_wconf 70' lang='lat'><strong>29.</strong></span> <span class='ocrx_word' id='word_1_511' title='bbox 2316 3292 2596 3346; x_wconf 79' lang='lat' dir='ltr'><strong>Stalim—</strong></span> <span class='ocrx_word' id='word_1_512' title='bbox 2627 3292 2774 3345; x_wconf 74' lang='lat' dir='ltr'><strong>cazlo.</strong></span> <span class='ocrx_word' id='word_1_513' title='bbox 2807 3291 2880 3346; x_wconf 83' lang='lat' dir='ltr'><strong>De</strong></span> <span class='ocrx_word' id='word_1_514' title='bbox 2909 3293 2996 3346; x_wconf 90' lang='lat' dir='ltr'><strong>bis</strong></span> <span class='ocrx_word' id='word_1_515' title='bbox 3013 3293 3153 3347; x_wconf 75' lang='lat' dir='ltr'><strong>dixit</strong></span> <span class='ocrx_word' id='word_1_516' title='bbox 3187 3304 3243 3348; x_wconf 91' lang='lat' dir='ltr'><strong>et</strong></span> <span class='ocrx_word' id='word_1_517' title='bbox 3314 3295 3491 3352; x_wconf 86' lang='lat' dir='ltr'><strong>Lucas</strong></span> <span class='ocrx_word' id='word_1_518' title='bbox 3523 3316 3538 3354; x_wconf 89' lang='lat'><strong>:</strong></span> 
     </span>
    </p>
   </div>
   <div class='ocr_carea' id='block_1_75' title="bbox 1937 3386 3540 3458">
    <p class='ocr_par' dir='ltr' id='par_1_75' title="bbox 1937 3386 3540 3458">
     <span class='ocr_line' id='line_1_75' title="bbox 1937 3386 3540 3458; baseline 0.001 -14"><span class='ocrx_word' id='word_1_519' title='bbox 1937 3391 2005 3444; x_wconf 88' lang='lat' dir='ltr'><strong>Et</strong></span> <span class='ocrx_word' id='word_1_520' title='bbox 2061 3400 2213 3444; x_wconf 83' lang='lat' dir='ltr'><strong>erunt</strong></span> <span class='ocrx_word' id='word_1_521' title='bbox 2254 3391 2403 3458; x_wconf 85' lang='lat' dir='ltr'><strong>signa</strong></span> <span class='ocrx_word' id='word_1_522' title='bbox 2450 3390 2501 3440; x_wconf 90' lang='lat' dir='ltr'><strong>in</strong></span> <span class='ocrx_word' id='word_1_523' title='bbox 2536 3386 2665 3449; x_wconf 83' lang='lat' dir='ltr'><strong>sole,</strong></span> <span class='ocrx_word' id='word_1_524' title='bbox 2709 3396 2756 3439; x_wconf 86' lang='lat' dir='ltr'><strong>et</strong></span> <span class='ocrx_word' id='word_1_525' title='bbox 2807 3386 2957 3450; x_wconf 87' lang='lat' dir='ltr'><strong>luna,</strong></span> <span class='ocrx_word' id='word_1_526' title='bbox 3015 3398 3065 3439; x_wconf 87' lang='lat' dir='ltr'><strong>et</strong></span> <span class='ocrx_word' id='word_1_527' title='bbox 3092 3388 3257 3442; x_wconf 78' lang='lat' dir='ltr'><strong>stellis</strong></span> <span class='ocrx_word' id='word_1_528' title='bbox 3298 3389 3362 3443; x_wconf 70' lang='lat'><strong>°‘.</strong></span> <span class='ocrx_word' id='word_1_529' title='bbox 3403 3390 3540 3446; x_wconf 82' lang='lat' dir='ltr'><strong>Vide</strong></span> 
     </span>
    </p>
   </div>
   <div class='ocr_carea' id='block_1_76' title="bbox 1935 3471 3541 3548">
    <p class='ocr_par' dir='ltr' id='par_1_76' title="bbox 1935 3471 3541 3548">
     <span class='ocr_line' id='line_1_76' title="bbox 1935 3471 3541 3548; baseline 0.001 -16"><span class='ocrx_word' id='word_1_530' title='bbox 1935 3488 2118 3532; x_wconf 88' lang='lat' dir='ltr'><strong>autem</strong></span> <span class='ocrx_word' id='word_1_531' title='bbox 2149 3476 2428 3546; x_wconf 83' lang='lat' dir='ltr'><strong>quomodo</strong></span> <span class='ocrx_word' id='word_1_532' title='bbox 2472 3474 2694 3535; x_wconf 79' lang='lat' dir='ltr'><strong>dixerit,</strong></span> <span class='ocrx_word' id='word_1_533' title='bbox 2725 3471 2940 3536; x_wconf 81' lang='lat' dir='ltr'><strong>Statim,</strong></span> <span class='ocrx_word' id='word_1_534' title='bbox 2976 3475 3363 3531; x_wconf 84' lang='lat' dir='ltr'><strong>demonstrans</strong></span> <span class='ocrx_word' id='word_1_535' title='bbox 3392 3482 3541 3548; x_wconf 90' lang='lat' dir='ltr'><strong>quod</strong></span> 
     </span>
    </p>
   </div>
   <div class='ocr_carea' id='block_1_77' title="bbox 1936 3569 3543 3642">
    <p class='ocr_par' dir='ltr' id='par_1_77' title="bbox 1936 3569 3543 3642">
     <span class='ocr_line' id='line_1_77' title="bbox 1936 3569 3543 3642; baseline -0.001 -14"><span class='ocrx_word' id='word_1_536' title='bbox 1936 3574 2100 3629; x_wconf 86' lang='lat' dir='ltr'><strong>simul</strong></span> <span class='ocrx_word' id='word_1_537' title='bbox 2134 3572 2245 3626; x_wconf 83' lang='lat' dir='ltr'><strong>fere</strong></span> <span class='ocrx_word' id='word_1_538' title='bbox 2274 3571 2483 3628; x_wconf 87' lang='lat' dir='ltr'><strong>omnia.</strong></span> <span class='ocrx_word' id='word_1_539' title='bbox 2513 3580 2566 3623; x_wconf 91' lang='lat' dir='ltr'><strong>et</strong></span> <span class='ocrx_word' id='word_1_540' title='bbox 2588 3585 2709 3639; x_wconf 64' lang='lat' dir='ltr'><strong>quae</strong></span> <span class='ocrx_word' id='word_1_541' title='bbox 2739 3569 2884 3623; x_wconf 90' lang='lat' dir='ltr'><strong>dicta</strong></span> <span class='ocrx_word' id='word_1_542' title='bbox 2923 3579 3070 3630; x_wconf 89' lang='lat' dir='ltr'><strong>sunt,</strong></span> <span class='ocrx_word' id='word_1_543' title='bbox 3099 3578 3154 3622; x_wconf 90' lang='lat' dir='ltr'><strong>et</strong></span> <span class='ocrx_word' id='word_1_544' title='bbox 3190 3571 3306 3626; x_wconf 71' lang='lat' dir='ltr'><strong>hinc</strong></span> <span class='ocrx_word' id='word_1_545' title='bbox 3338 3583 3393 3626; x_wconf 83' lang='lat' dir='ltr'><strong>et</strong></span> <span class='ocrx_word' id='word_1_546' title='bbox 3419 3591 3543 3642; x_wconf 69' lang='lat' dir='ltr'><strong>qua:</strong></span> 
     </span>
    </p>
   </div>
   <div class='ocr_carea' id='block_1_78' title="bbox 1937 3662 3542 3731">
    <p class='ocr_par' dir='ltr' id='par_1_78' title="bbox 1937 3662 3542 3731">
     <span class='ocr_line' id='line_1_78' title="bbox 1937 3662 3542 3731; baseline -0.002 -9"><span class='ocrx_word' id='word_1_547' title='bbox 1937 3669 2218 3731; x_wconf 88' lang='lat' dir='ltr'><strong>dicentur,</strong></span> <span class='ocrx_word' id='word_1_548' title='bbox 2254 3667 2407 3720; x_wconf 77' lang='lat' dir='ltr'><strong>fient.</strong></span> <span class='ocrx_word' id='word_1_549' title='bbox 2447 3662 2724 3717; x_wconf 77' lang='lat' dir='ltr'><strong>Brevi-abit</strong></span> <span class='ocrx_word' id='word_1_550' title='bbox 2756 3662 3028 3731; x_wconf 89' lang='lat' dir='ltr'><strong>siquidem</strong></span> <span class='ocrx_word' id='word_1_551' title='bbox 3063 3673 3118 3716; x_wconf 87' lang='lat' dir='ltr'><strong>et</strong></span> <span class='ocrx_word' id='word_1_552' title='bbox 3169 3663 3308 3718; x_wconf 87' lang='lat' dir='ltr'><strong>hanc</strong></span> <span class='ocrx_word' id='word_1_553' title='bbox 3360 3674 3542 3720; x_wconf 83' lang='lat' dir='ltr'><strong>tenta-</strong></span> 
     </span>
    </p>
   </div>
   <div class='ocr_carea' id='block_1_79' title="bbox 1936 3754 3538 3827">
    <p class='ocr_par' dir='ltr' id='par_1_79' title="bbox 1936 3754 3538 3827">
     <span class='ocr_line' id='line_1_79' title="bbox 1936 3754 3538 3827; baseline 0.001 -13"><span class='ocrx_word' id='word_1_554' title='bbox 1936 3761 2144 3814; x_wconf 87' lang='lat' dir='ltr'><strong>tionem</strong></span> <span class='ocrx_word' id='word_1_555' title='bbox 2193 3758 2338 3812; x_wconf 89' lang='lat' dir='ltr'><strong>Deus</strong></span> <span class='ocrx_word' id='word_1_556' title='bbox 2397 3765 2626 3827; x_wconf 79' lang='lat' dir='ltr'><strong>pr0ptcr</strong></span> <span class='ocrx_word' id='word_1_557' title='bbox 2696 3754 2903 3808; x_wconf 89' lang='lat' dir='ltr'><strong>electos</strong></span> <span class='ocrx_word' id='word_1_558' title='bbox 2956 3771 3108 3808; x_wconf 88' lang='lat' dir='ltr'><strong>suos.</strong></span> <span class='ocrx_word' id='word_1_559' title='bbox 3169 3756 3538 3815; x_wconf 83' lang='lat' dir='ltr'><strong>Amiclioncm</strong></span> 
     </span>
    </p>
   </div>
   <div class='ocr_carea' id='block_1_80' title="bbox 1936 3849 3543 3920">
    <p class='ocr_par' dir='ltr' id='par_1_80' title="bbox 1936 3849 3543 3920">
     <span class='ocr_line' id='line_1_80' title="bbox 1936 3849 3543 3920; baseline -0.001 -11"><span class='ocrx_word' id='word_1_560' title='bbox 1936 3865 2122 3910; x_wconf 86' lang='lat' dir='ltr'><strong>autem</strong></span> <span class='ocrx_word' id='word_1_561' title='bbox 2171 3853 2300 3907; x_wconf 92' lang='lat' dir='ltr'><strong>dicit</strong></span> <span class='ocrx_word' id='word_1_562' title='bbox 2344 3867 2466 3905; x_wconf 91' lang='lat' dir='ltr'><strong>eam</strong></span> <span class='ocrx_word' id='word_1_563' title='bbox 2538 3866 2662 3920; x_wconf 61' lang='lat' dir='ltr'><strong>quae</strong></span> <span class='ocrx_word' id='word_1_564' title='bbox 2713 3849 2783 3903; x_wconf 89' lang='lat' dir='ltr'><strong>ab</strong></span> <span class='ocrx_word' id='word_1_565' title='bbox 2828 3849 3174 3905; x_wconf 88' lang='lat' dir='ltr'><strong>Antichristo</strong></span> <span class='ocrx_word' id='word_1_566' title='bbox 3227 3854 3543 3908; x_wconf 84' lang='lat' dir='ltr'><strong>movebitur</strong></span> 
     </span>
    </p>
   </div>
   <div class='ocr_carea' id='block_1_81' title="bbox 1937 3941 3539 4016">
    <p class='ocr_par' dir='ltr' id='par_1_81' title="bbox 1937 3941 3539 4016">
     <span class='ocr_line' id='line_1_81' title="bbox 1937 3941 3539 4016; baseline -0.002 -15"><span class='ocrx_word' id='word_1_567' title='bbox 1937 3947 2172 4016; x_wconf 79' lang='lat' dir='ltr'><strong>ejusque</strong></span> <span class='ocrx_word' id='word_1_568' title='bbox 2209 3943 2615 4005; x_wconf 88' lang='lat' dir='ltr'><strong>seductoribus,</strong></span> <span class='ocrx_word' id='word_1_569' title='bbox 2676 3950 2730 3995; x_wconf 90' lang='lat' dir='ltr'><strong>et</strong></span> <span class='ocrx_word' id='word_1_570' title='bbox 2783 3941 2907 4011; x_wconf 90' lang='lat' dir='ltr'><strong>pios</strong></span> <span class='ocrx_word' id='word_1_571' title='bbox 2964 3941 3186 4011; x_wconf 75' lang='lat' dir='ltr'><strong>adliget.</strong></span> <span class='ocrx_word' id='word_1_572' title='bbox 3250 3943 3340 3999; x_wconf 87' lang='lat' dir='ltr'><strong>Sol</strong></span> <span class='ocrx_word' id='word_1_573' title='bbox 3403 3962 3539 3998; x_wconf 78' lang='lat' dir='ltr'><strong>vero</strong></span> 
     </span>
    </p>
   </div>
   <div class='ocr_carea' id='block_1_82' title="bbox 1938 4034 3543 4097">
    <p class='ocr_par' dir='ltr' id='par_1_82' title="bbox 1938 4034 3543 4097">
     <span class='ocr_line' id='line_1_82' title="bbox 1938 4034 3543 4097; baseline -0.001 -4"><span class='ocrx_word' id='word_1_574' title='bbox 1938 4037 2327 4094; x_wconf 87' lang='lat' dir='ltr'><strong>obscurabitur</strong></span> <span class='ocrx_word' id='word_1_575' title='bbox 2377 4054 2390 4090; x_wconf 89' lang='lat'><strong>:</strong></span> <span class='ocrx_word' id='word_1_576' title='bbox 2443 4051 2551 4088; x_wconf 94' lang='lat' dir='ltr'><strong>non</strong></span> <span class='ocrx_word' id='word_1_577' title='bbox 2583 4049 2612 4088; x_wconf 92' lang='lat' dir='ltr'><strong>e</strong></span> <span class='ocrx_word' id='word_1_578' title='bbox 2653 4034 2837 4088; x_wconf 89' lang='lat' dir='ltr'><strong>medio</strong></span> <span class='ocrx_word' id='word_1_579' title='bbox 2881 4034 3156 4097; x_wconf 88' lang='lat' dir='ltr'><strong>sublatus,</strong></span> <span class='ocrx_word' id='word_1_580' title='bbox 3187 4036 3282 4090; x_wconf 86' lang='lat' dir='ltr'><strong>sed</strong></span> <span class='ocrx_word' id='word_1_581' title='bbox 3339 4037 3543 4092; x_wconf 87' lang='lat' dir='ltr'><strong>Christi</strong></span> 
     </span>
    </p>
   </div>
   <div class='ocr_carea' id='block_1_83' title="bbox 1939 4126 3545 4196">
    <p class='ocr_par' dir='ltr' id='par_1_83' title="bbox 1939 4126 3545 4196">
     <span class='ocr_line' id='line_1_83' title="bbox 1939 4126 3545 4196; baseline -0.001 -9"><span class='ocrx_word' id='word_1_582' title='bbox 1939 4131 2218 4187; x_wconf 85' lang='lat' dir='ltr'><strong>venientis</strong></span> <span class='ocrx_word' id='word_1_583' title='bbox 2252 4131 2372 4184; x_wconf 92' lang='lat' dir='ltr'><strong>luce</strong></span> <span class='ocrx_word' id='word_1_584' title='bbox 2419 4137 2741 4196; x_wconf 88' lang='lat' dir='ltr'><strong>superatus.</strong></span> <span class='ocrx_word' id='word_1_585' title='bbox 2789 4126 2943 4180; x_wconf 88' lang='lat' dir='ltr'><strong>Luna</strong></span> <span class='ocrx_word' id='word_1_586' title='bbox 2993 4137 3176 4182; x_wconf 87' lang='lat' dir='ltr'><strong>autem</strong></span> <span class='ocrx_word' id='word_1_587' title='bbox 3226 4145 3336 4183; x_wconf 77' lang='lat' dir='ltr'><strong>non</strong></span> <span class='ocrx_word' id='word_1_588' title='bbox 3391 4132 3545 4185; x_wconf 90' lang='lat' dir='ltr'><strong>dabit</strong></span> 
     </span>
    </p>
   </div>
   <div class='ocr_carea' id='block_1_84' title="bbox 1938 4219 3539 4294">
    <p class='ocr_par' dir='ltr' id='par_1_84' title="bbox 1938 4219 3539 4294">
     <span class='ocr_line' id='line_1_84' title="bbox 1938 4219 3539 4294; baseline -0.001 -15"><span class='ocrx_word' id='word_1_589' title='bbox 1938 4225 2289 4294; x_wconf 86' lang='lat' dir='ltr'><strong>splendorem</strong></span> <span class='ocrx_word' id='word_1_590' title='bbox 2335 4237 2494 4275; x_wconf 90' lang='lat' dir='ltr'><strong>suum</strong></span> <span class='ocrx_word' id='word_1_591' title='bbox 2521 4239 2535 4287; x_wconf 89' lang='lat'><strong>;</strong></span> <span class='ocrx_word' id='word_1_592' title='bbox 2565 4229 2620 4274; x_wconf 90' lang='lat' dir='ltr'><strong>et</strong></span> <span class='ocrx_word' id='word_1_593' title='bbox 2647 4219 2817 4274; x_wconf 65' lang='lat' dir='ltr'><strong>stellae</strong></span> <span class='ocrx_word' id='word_1_594' title='bbox 2841 4219 3062 4283; x_wconf 87' lang='lat' dir='ltr'><strong>cadent,</strong></span> <span class='ocrx_word' id='word_1_595' title='bbox 3102 4230 3360 4290; x_wconf 89' lang='lat' dir='ltr'><strong>tanquam</strong></span> <span class='ocrx_word' id='word_1_596' title='bbox 3403 4224 3539 4278; x_wconf 90' lang='lat' dir='ltr'><strong>nulli</strong></span> 
     </span>
    </p>
   </div>
   <div class='ocr_carea' id='block_1_85' title="bbox 1938 4311 3540 4387">
    <p class='ocr_par' dir='ltr' id='par_1_85' title="bbox 1938 4311 3540 4387">
     <span class='ocr_line' id='line_1_85' title="bbox 1938 4311 3540 4387; baseline -0.001 -17"><span class='ocrx_word' id='word_1_597' title='bbox 1938 4317 2172 4387; x_wconf 87' lang='lat' dir='ltr'><strong>amplius</strong></span> <span class='ocrx_word' id='word_1_598' title='bbox 2195 4316 2316 4368; x_wconf 88' lang='lat' dir='ltr'><strong>usui</strong></span> <span class='ocrx_word' id='word_1_599' title='bbox 2345 4313 2561 4368; x_wconf 54' lang='lat' dir='ltr'><strong>future.</strong></span> <span class='ocrx_word' id='word_1_600' title='bbox 2581 4312 2739 4366; x_wconf 82' lang='lat' dir='ltr'><strong>Nulla</strong></span> <span class='ocrx_word' id='word_1_601' title='bbox 2770 4311 2915 4366; x_wconf 91' lang='lat' dir='ltr'><strong>enim</strong></span> <span class='ocrx_word' id='word_1_602' title='bbox 2938 4323 3066 4366; x_wconf 89' lang='lat' dir='ltr'><strong>tunc</strong></span> <span class='ocrx_word' id='word_1_603' title='bbox 3083 4313 3339 4373; x_wconf 80' lang='lat' dir='ltr'><strong>eritnox.</strong></span> <span class='ocrx_word' id='word_1_604' title='bbox 3363 4313 3540 4368; x_wconf 83' lang='lat' dir='ltr'><strong>Lucas</strong></span> 
     </span>
    </p>
   </div>
   <div class='ocr_carea' id='block_1_86' title="bbox 1939 4402 3538 4473">
    <p class='ocr_par' dir='ltr' id='par_1_86' title="bbox 1939 4402 3538 4473">
     <span class='ocr_line' id='line_1_86' title="bbox 1939 4402 3538 4473; baseline -0.001 -14"><span class='ocrx_word' id='word_1_605' title='bbox 1939 4419 2071 4460; x_wconf 84' lang='lat' dir='ltr'><strong>vero</strong></span> <span class='ocrx_word' id='word_1_606' title='bbox 2107 4404 2327 4473; x_wconf 88' lang='lat' dir='ltr'><strong>scripsit</strong></span> <span class='ocrx_word' id='word_1_607' title='bbox 2367 4420 2379 4456; x_wconf 93' lang='lat'>:</span> <span class='ocrx_word' id='word_1_608' title='bbox 2429 4402 2492 4454; x_wconf 79' lang='lat' dir='ltr'><strong>Et</strong></span> <span class='ocrx_word' id='word_1_609' title='bbox 2539 4418 2698 4471; x_wconf 82' lang='lat' dir='ltr'><strong>super</strong></span> <span class='ocrx_word' id='word_1_610' title='bbox 2738 4410 2942 4454; x_wconf 85' lang='lat' dir='ltr'><strong>terram</strong></span> <span class='ocrx_word' id='word_1_611' title='bbox 2980 4403 3231 4455; x_wconf 77' lang='lat' dir='ltr'><strong>anxietas</strong></span> <span class='ocrx_word' id='word_1_612' title='bbox 3270 4405 3538 4473; x_wconf 85' lang='lat' dir='ltr'><strong>gentium,</strong></span> 
     </span>
    </p>
   </div>
   <div class='ocr_carea' id='block_1_87' title="bbox 1938 4495 3541 4568">
    <p class='ocr_par' dir='ltr' id='par_1_87' title="bbox 1938 4495 3541 4568">
     <span class='ocr_line' id='line_1_87' title="bbox 1938 4495 3541 4568; baseline 0 -17"><span class='ocrx_word' id='word_1_613' title='bbox 1938 4515 2031 4568; x_wconf 82' lang='lat' dir='ltr'><strong>per</strong></span> <span class='ocrx_word' id='word_1_614' title='bbox 2071 4498 2341 4568; x_wconf 69' lang='lat' dir='ltr'><strong>tie/luxum</strong></span> <span class='ocrx_word' id='word_1_615' title='bbox 2383 4506 2659 4549; x_wconf 84' lang='lat' dir='ltr'><strong>resonante</strong></span> <span class='ocrx_word' id='word_1_616' title='bbox 2691 4495 2830 4546; x_wconf 85' lang='lat' dir='ltr'><strong>mari</strong></span> <span class='ocrx_word' id='word_1_617' title='bbox 2869 4510 2931 4546; x_wconf 89' lang='lat' dir='ltr'><strong>ac</strong></span> <span class='ocrx_word' id='word_1_618' title='bbox 2951 4495 3541 4561; x_wconf 71' lang='lat' dir='ltr'><strong>ﬂuctu:arescentibua</strong></span> 
     </span>
    </p>
   </div>
   <div class='ocr_carea' id='block_1_88' title="bbox 230 4584 1844 4675">
    <p class='ocr_par' dir='ltr' id='par_1_88' title="bbox 230 4584 1833 4655">
     <span class='ocr_line' id='line_1_88' title="bbox 230 4584 1833 4655; baseline 0.001 -16"><span class='ocrx_word' id='word_1_619' title='bbox 230 4584 344 4652; x_wconf 74' lang='grc' dir='ltr'>τῆς</span> <span class='ocrx_word' id='word_1_620' title='bbox 379 4585 494 4653; x_wconf 77' lang='grc' dir='ltr'><strong>τῆς</strong></span> <span class='ocrx_word' id='word_1_621' title='bbox 526 4586 766 4654; x_wconf 82' lang='grc' dir='ltr'>συνοχὴ</span> <span class='ocrx_word' id='word_1_622' title='bbox 807 4585 1000 4640; x_wconf 81' lang='grc' dir='ltr'><strong>ἐθνῶν</strong></span> <span class='ocrx_word' id='word_1_623' title='bbox 1035 4587 1106 4638; x_wconf 85' lang='grc' dir='ltr'>ἐν</span> <span class='ocrx_word' id='word_1_624' title='bbox 1135 4587 1382 4655; x_wconf 64' lang='lat' dir='ltr'><strong>(impigr,</strong></span> <span class='ocrx_word' id='word_1_625' title='bbox 1411 4587 1693 4655; x_wconf 78' lang='grc' dir='ltr'>ἠχούσης</span> <span class='ocrx_word' id='word_1_626' title='bbox 1732 4591 1833 4641; x_wconf 80' lang='grc' dir='ltr'><strong>θα-</strong></span> 
     </span>
    </p>
   </div>
   <div class='ocr_carea' id='block_1_89' title="bbox 1932 4584 3544 4675">
    <p class='ocr_par' dir='ltr' id='par_1_89' title="bbox 1942 4586 3544 4657">
     <span class='ocr_line' id='line_1_89' title="bbox 1942 4586 3544 4657; baseline -0.001 -14"><span class='ocrx_word' id='word_1_627' title='bbox 1942 4589 2243 4644; x_wconf 82' lang='lat' dir='ltr'><strong>hominibus</strong></span> <span class='ocrx_word' id='word_1_628' title='bbox 2308 4604 2417 4655; x_wconf 77' lang='lat' dir='ltr'><strong>pra:</strong></span> <span class='ocrx_word' id='word_1_629' title='bbox 2492 4589 2680 4640; x_wconf 86' lang='lat' dir='ltr'><strong>timore</strong></span> <span class='ocrx_word' id='word_1_630' title='bbox 2739 4596 2789 4639; x_wconf 85' lang='lat' dir='ltr'><strong>et</strong></span> <span class='ocrx_word' id='word_1_631' title='bbox 2843 4586 3252 4653; x_wconf 74' lang='lat' dir='ltr'><strong>exspectatione,</strong></span> <span class='ocrx_word' id='word_1_632' title='bbox 3315 4604 3544 4657; x_wconf 63' lang='lat' dir='ltr'><strong>qua’su-</strong></span> 
     </span>
    </p>
   </div>
   <div class='ocr_carea' id='block_1_90' title="bbox 225 4678 1828 4747">
    <p class='ocr_par' dir='ltr' id='par_1_90' title="bbox 225 4678 1828 4747">
     <span class='ocr_line' id='line_1_90' title="bbox 225 4678 1828 4747; baseline 0 -15"><span class='ocrx_word' id='word_1_633' title='bbox 225 4678 480 4743; x_wconf 72' lang='lat' dir='ltr'><strong>Jdaa&#39;nc</strong></span> <span class='ocrx_word' id='word_1_634' title='bbox 504 4678 601 4730; x_wconf 82' lang='grc' dir='ltr'>καὶ</span> <span class='ocrx_word' id='word_1_635' title='bbox 635 4681 856 4743; x_wconf 74' lang='grc' dir='ltr'>σάλου,</span> <span class='ocrx_word' id='word_1_636' title='bbox 877 4681 1329 4747; x_wconf 67' lang='grc' dir='ltr'>ἀποψυχόντων</span> <span class='ocrx_word' id='word_1_637' title='bbox 1359 4678 1689 4747; x_wconf 84' lang='grc' dir='ltr'>ἀνθρώπων</span> <span class='ocrx_word' id='word_1_638' title='bbox 1709 4681 1828 4734; x_wconf 80' lang='grc' dir='ltr'>ἀπὸ</span> 
     </span>
    </p>
   </div>
   <div class='ocr_carea' id='block_1_91' title="bbox 223 4768 1829 4838">
    <p class='ocr_par' dir='ltr' id='par_1_91' title="bbox 223 4768 1829 4838">
     <span class='ocr_line' id='line_1_91' title="bbox 223 4768 1829 4838; baseline 0.002 -18"><span class='ocrx_word' id='word_1_639' title='bbox 223 4768 422 4838; x_wconf 68' lang='grc' dir='ltr'>φόϐου</span> <span class='ocrx_word' id='word_1_640' title='bbox 451 4768 553 4821; x_wconf 75' lang='grc' dir='ltr'>καὶ</span> <span class='ocrx_word' id='word_1_641' title='bbox 604 4768 982 4836; x_wconf 78' lang='grc' dir='ltr'>προσδοκίας</span> <span class='ocrx_word' id='word_1_642' title='bbox 1032 4769 1153 4822; x_wconf 85' lang='grc' dir='ltr'>τῶν</span> <span class='ocrx_word' id='word_1_643' title='bbox 1183 4769 1605 4838; x_wconf 77' lang='grc' dir='ltr'>ἐπερχομένων</span> <span class='ocrx_word' id='word_1_644' title='bbox 1638 4770 1713 4838; x_wconf 79' lang='grc' dir='ltr'>τῇ</span> <span class='ocrx_word' id='word_1_645' title='bbox 1747 4775 1829 4824; x_wconf 80' lang='grc' dir='ltr'><strong>οἱ·</strong></span> 
     </span>
    </p>
   </div>
   <div class='ocr_carea' id='block_1_92' title="bbox 224 4860 1832 4934">
    <p class='ocr_par' dir='ltr' id='par_1_92' title="bbox 224 4860 1832 4934">
     <span class='ocr_line' id='line_1_92' title="bbox 224 4860 1832 4934; baseline 0.001 -20"><span class='ocrx_word' id='word_1_646' title='bbox 224 4860 536 4929; x_wconf 82' lang='grc' dir='ltr'>κουμένῃ·</span> <span class='ocrx_word' id='word_1_647' title='bbox 574 4863 811 4932; x_wconf 79' lang='grc' dir='ltr'>συνοχὴν</span> <span class='ocrx_word' id='word_1_648' title='bbox 849 4862 950 4932; x_wconf 83' lang='grc' dir='ltr'>μὲν</span> <span class='ocrx_word' id='word_1_649' title='bbox 981 4862 1154 4914; x_wconf 74' lang='grc' dir='ltr'>ἐθνῶν</span> <span class='ocrx_word' id='word_1_650' title='bbox 1192 4862 1473 4932; x_wconf 76' lang='grc' dir='ltr'>ὀνομάσας</span> <span class='ocrx_word' id='word_1_651' title='bbox 1532 4861 1630 4932; x_wconf 81' lang='grc' dir='ltr'>τὴν</span> <span class='ocrx_word' id='word_1_652' title='bbox 1662 4881 1832 4934; x_wconf 70' lang='lat' dir='ltr'><strong>rapa-</strong></span> 
     </span>
    </p>
   </div>
   <div class='ocr_carea' id='block_1_93' title="bbox 223 4954 1815 5028">
    <p class='ocr_par' dir='ltr' id='par_1_93' title="bbox 223 4954 1815 5028">
     <span class='ocr_line' id='line_1_93' title="bbox 223 4954 1815 5028; baseline 0.005 -26"><span class='ocrx_word' id='word_1_653' title='bbox 223 4955 356 5024; x_wconf 76' lang='grc' dir='ltr'>χὴν,</span> <span class='ocrx_word' id='word_1_654' title='bbox 420 4954 663 5024; x_wconf 81' lang='grc' dir='ltr'>ἀπορίαν</span> <span class='ocrx_word' id='word_1_655' title='bbox 709 4955 820 5025; x_wconf 78' lang='lat' dir='ltr'><strong>(3i)</strong></span> <span class='ocrx_word' id='word_1_656' title='bbox 871 4956 1063 5026; x_wconf 81' lang='grc' dir='ltr'>δὲτὴν</span> <span class='ocrx_word' id='word_1_657' title='bbox 1117 4955 1385 5026; x_wconf 86' lang='grc' dir='ltr'>νηνεμίαν</span> <span class='ocrx_word' id='word_1_658' title='bbox 1425 4969 1438 4984; x_wconf 88' lang='grc'><strong>·</strong></span> <span class='ocrx_word' id='word_1_659' title='bbox 1489 4958 1660 5028; x_wconf 76' lang='grc' dir='ltr'>χωρὶς</span> <span class='ocrx_word' id='word_1_660' title='bbox 1705 4957 1815 5025; x_wconf 84' lang='grc' dir='ltr'>γὰρ</span> 
     </span>
    </p>
   </div>
   <div class='ocr_carea' id='block_1_94' title="bbox 225 5050 1818 5122">
    <p class='ocr_par' dir='ltr' id='par_1_94' title="bbox 225 5050 1818 5122">
     <span class='ocr_line' id='line_1_94' title="bbox 225 5050 1818 5122; baseline 0.001 -20"><span class='ocrx_word' id='word_1_661' title='bbox 225 5050 453 5120; x_wconf 79' lang='grc' dir='ltr'>ἀνέμων</span> <span class='ocrx_word' id='word_1_662' title='bbox 485 5051 688 5120; x_wconf 69' lang='grc' dir='ltr'>ἠχήσει</span> <span class='ocrx_word' id='word_1_663' title='bbox 721 5050 876 5122; x_wconf 77' lang='grc' dir='ltr'>παρὰ</span> <span class='ocrx_word' id='word_1_664' title='bbox 913 5050 1079 5119; x_wconf 82' lang='grc' dir='ltr'>φύσιν</span> <span class='ocrx_word' id='word_1_665' title='bbox 1131 5052 1164 5119; x_wconf 83' lang='grc' dir='ltr'>ὴ</span> <span class='ocrx_word' id='word_1_666' title='bbox 1194 5050 1443 5103; x_wconf 84' lang='grc' dir='ltr'>θάλασσα</span> <span class='ocrx_word' id='word_1_667' title='bbox 1474 5051 1568 5103; x_wconf 81' lang='grc' dir='ltr'><strong>καὶ</strong></span> <span class='ocrx_word' id='word_1_668' title='bbox 1603 5052 1629 5102; x_wconf 80' lang='grc' dir='ltr'>ὁ</span> <span class='ocrx_word' id='word_1_669' title='bbox 1656 5050 1818 5113; x_wconf 86' lang='grc' dir='ltr'>σάλος</span> 
     </span>
    </p>
   </div>
   <div class='ocr_carea' id='block_1_95' title="bbox 223 5137 1364 5212">
    <p class='ocr_par' dir='ltr' id='par_1_95' title="bbox 223 5137 1364 5212">
     <span class='ocr_line' id='line_1_95' title="bbox 223 5137 1364 5212; baseline 0.004 -22"><span class='ocrx_word' id='word_1_670' title='bbox 223 5137 425 5207; x_wconf 69' lang='grc' dir='ltr'>αῦτῆςο</span> <span class='ocrx_word' id='word_1_671' title='bbox 452 5139 726 5208; x_wconf 63' lang='grc' dir='ltr'>ἀπόφυξιν</span> <span class='ocrx_word' id='word_1_672' title='bbox 749 5139 804 5193; x_wconf 82' lang='grc' dir='ltr'>δὲ</span> <span class='ocrx_word' id='word_1_673' title='bbox 833 5141 923 5194; x_wconf 82' lang='grc' dir='ltr'>τὸν</span> <span class='ocrx_word' id='word_1_674' title='bbox 956 5141 1068 5212; x_wconf 74' lang='lat'><strong>(3‘2)</strong></span> <span class='ocrx_word' id='word_1_675' title='bbox 1107 5139 1364 5194; x_wconf 79' lang='grc' dir='ltr'>θάνατον.</span> 
     </span>
    </p>
   </div>
   <div class='ocr_carea' id='block_1_96' title="bbox 348 5257 1395 5325">
    <p class='ocr_par' dir='ltr' id='par_1_96' title="bbox 348 5257 1395 5325">
     <span class='ocr_line' id='line_1_96' title="bbox 348 5257 1395 5325; baseline -0.001 -15"><span class='ocrx_word' id='word_1_676' title='bbox 348 5258 397 5290; x_wconf 80' lang='grc'><strong>⁸³</strong></span> <span class='ocrx_word' id='word_1_677' title='bbox 429 5257 564 5315; x_wconf 86' lang='lat' dir='ltr'><strong>Luc.</strong></span> <span class='ocrx_word' id='word_1_678' title='bbox 598 5274 729 5325; x_wconf 77' lang='lat' dir='ltr'><strong>xvn,</strong></span> <span class='ocrx_word' id='word_1_679' title='bbox 759 5259 848 5312; x_wconf 79' lang='grc'><strong>57.</strong></span> <span class='ocrx_word' id='word_1_680' title='bbox 960 5258 1005 5288; x_wconf 68' lang='grc'><strong>⁸⁵</strong></span> <span class='ocrx_word' id='word_1_681' title='bbox 1040 5259 1171 5316; x_wconf 85' lang='lat' dir='ltr'><strong>Luc.</strong></span> <span class='ocrx_word' id='word_1_682' title='bbox 1207 5275 1280 5317; x_wconf 74' lang='grc' dir='ltr'>χι,</span> <span class='ocrx_word' id='word_1_683' title='bbox 1303 5257 1395 5311; x_wconf 72' lang='lat'><strong>25.</strong></span> 
     </span>
    </p>
   </div>
   <div class='ocr_carea' id='block_1_97' title="bbox 1946 4676 3540 4751">
    <p class='ocr_par' dir='ltr' id='par_1_97' title="bbox 1946 4676 3540 4751">
     <span class='ocr_line' id='line_1_97' title="bbox 1946 4676 3540 4751; baseline -0.001 -17"><span class='ocrx_word' id='word_1_684' title='bbox 1946 4682 2253 4751; x_wconf 82' lang='lat' dir='ltr'><strong>pervenient</strong></span> <span class='ocrx_word' id='word_1_685' title='bbox 2287 4680 2400 4734; x_wconf 82' lang='lat' dir='ltr'><strong>orbi</strong></span> <span class='ocrx_word' id='word_1_686' title='bbox 2442 4689 2710 4732; x_wconf 81' lang='lat' dir='ltr'><strong>terrarum</strong></span> <span class='ocrx_word' id='word_1_687' title='bbox 2747 4680 2813 4730; x_wconf 83' lang='lat'><strong>&quot;.</strong></span> <span class='ocrx_word' id='word_1_688' title='bbox 2859 4676 3210 4731; x_wconf 76' lang='lat' dir='ltr'><strong>Anxietatem</strong></span> <span class='ocrx_word' id='word_1_689' title='bbox 3265 4680 3540 4748; x_wconf 80' lang='lat' dir='ltr'><strong>gentium,</strong></span> 
     </span>
    </p>
   </div>
   <div class='ocr_carea' id='block_1_98' title="bbox 1939 4769 3541 4845">
    <p class='ocr_par' dir='ltr' id='par_1_98' title="bbox 1939 4769 3541 4845">
     <span class='ocr_line' id='line_1_98' title="bbox 1939 4769 3541 4845; baseline -0.001 -18"><span class='ocrx_word' id='word_1_690' title='bbox 1939 4775 2235 4845; x_wconf 77' lang='lat' dir='ltr'><strong>appellavit</strong></span> <span class='ocrx_word' id='word_1_691' title='bbox 2293 4773 2712 4827; x_wconf 84' lang='lat' dir='ltr'><strong>turbationem:</strong></span> <span class='ocrx_word' id='word_1_692' title='bbox 2758 4769 3047 4825; x_wconf 79' lang='lat' dir='ltr'><strong>deﬂuxum</strong></span> <span class='ocrx_word' id='word_1_693' title='bbox 3115 4781 3321 4836; x_wconf 84' lang='lat' dir='ltr'><strong>autem,</strong></span> <span class='ocrx_word' id='word_1_694' title='bbox 3389 4782 3541 4826; x_wconf 79' lang='lat' dir='ltr'><strong>trun-</strong></span> 
     </span>
    </p>
   </div>
   <div class='ocr_carea' id='block_1_99' title="bbox 1940 4859 3541 4936">
    <p class='ocr_par' dir='ltr' id='par_1_99' title="bbox 1940 4859 3541 4936">
     <span class='ocr_line' id='line_1_99' title="bbox 1940 4859 3541 4936; baseline 0 -18"><span class='ocrx_word' id='word_1_695' title='bbox 1940 4867 2264 4936; x_wconf 87' lang='lat' dir='ltr'><strong>quillitatcm</strong></span> <span class='ocrx_word' id='word_1_696' title='bbox 2291 4875 2600 4919; x_wconf 83' lang='lat' dir='ltr'><strong>ventorum.</strong></span> <span class='ocrx_word' id='word_1_697' title='bbox 2637 4859 2771 4915; x_wconf 80' lang='lat' dir='ltr'><strong>Nam</strong></span> <span class='ocrx_word' id='word_1_698' title='bbox 2804 4863 3011 4932; x_wconf 90' lang='lat' dir='ltr'><strong>absque</strong></span> <span class='ocrx_word' id='word_1_699' title='bbox 3046 4861 3226 4916; x_wconf 87' lang='lat' dir='ltr'><strong>ventis</strong></span> <span class='ocrx_word' id='word_1_700' title='bbox 3259 4865 3541 4918; x_wconf 87' lang='lat' dir='ltr'><strong>resonabit</strong></span> 
     </span>
    </p>
   </div>
   <div class='ocr_carea' id='block_1_100' title="bbox 1942 4952 3534 5027">
    <p class='ocr_par' dir='ltr' id='par_1_100' title="bbox 1942 4952 3534 5027">
     <span class='ocr_line' id='line_1_100' title="bbox 1942 4952 3534 5027; baseline 0 -17"><span class='ocrx_word' id='word_1_701' title='bbox 1942 4970 2143 5027; x_wconf 62' lang='lat' dir='ltr'><strong>praeter</strong></span> <span class='ocrx_word' id='word_1_702' title='bbox 2162 4969 2415 5012; x_wconf 87' lang='lat' dir='ltr'><strong>naturam</strong></span> <span class='ocrx_word' id='word_1_703' title='bbox 2445 4970 2597 5010; x_wconf 90' lang='lat' dir='ltr'><strong>mare</strong></span> <span class='ocrx_word' id='word_1_704' title='bbox 2636 4970 2697 5009; x_wconf 89' lang='lat' dir='ltr'><strong>ac</strong></span> <span class='ocrx_word' id='word_1_705' title='bbox 2730 4952 2932 5009; x_wconf 80' lang='lat' dir='ltr'><strong>ﬂuctus</strong></span> <span class='ocrx_word' id='word_1_706' title='bbox 2964 4954 3104 5023; x_wconf 87' lang='lat' dir='ltr'><strong>ejus.</strong></span> <span class='ocrx_word' id='word_1_707' title='bbox 3153 4955 3534 5010; x_wconf 82' lang='lat' dir='ltr'><strong>Arescentiam</strong></span> 
     </span>
    </p>
   </div>
   <div class='ocr_carea' id='block_1_101' title="bbox 1941 5052 2516 5106">
    <p class='ocr_par' dir='ltr' id='par_1_101' title="bbox 1941 5052 2516 5106">
     <span class='ocr_line' id='line_1_101' title="bbox 1941 5052 2516 5106; baseline -0.01 0"><span class='ocrx_word' id='word_1_708' title='bbox 1941 5068 2070 5106; x_wconf 77' lang='lat' dir='ltr'><strong>vero</strong></span> <span class='ocrx_word' id='word_1_709' title='bbox 2102 5052 2233 5106; x_wconf 92' lang='lat' dir='ltr'><strong>dicit</strong></span> <span class='ocrx_word' id='word_1_710' title='bbox 2261 5059 2516 5104; x_wconf 84' lang='lat' dir='ltr'><strong>mortem.</strong></span> 
     </span>
    </p>
   </div>
   <div class='ocr_carea' id='block_1_102' title="bbox 1506 5257 2089 5326">
    <p class='ocr_par' dir='ltr' id='par_1_102' title="bbox 1506 5257 2089 5326">
     <span class='ocr_line' id='line_1_102' title="bbox 1506 5257 2089 5326; baseline -0.005 -14"><span class='ocrx_word' id='word_1_711' title='bbox 1506 5258 1553 5290; x_wconf 82' lang='lat'><strong>&quot;</strong></span> <span class='ocrx_word' id='word_1_712' title='bbox 1577 5257 1710 5313; x_wconf 90' lang='lat' dir='ltr'><strong>Luc.</strong></span> <span class='ocrx_word' id='word_1_713' title='bbox 1738 5276 1848 5324; x_wconf 71' lang='lat' dir='ltr'><strong>xm,</strong></span> <span class='ocrx_word' id='word_1_714' title='bbox 1871 5261 1963 5326; x_wconf 74' lang='lat'><strong>‘25,</strong></span> <span class='ocrx_word' id='word_1_715' title='bbox 1997 5257 2089 5313; x_wconf 78' lang='lat'><strong>‘26.</strong></span> 
     </span>
    </p>
   </div>
   <div class='ocr_carea' id='block_1_103' title="bbox 1416 5372 2322 5438">
    <p class='ocr_par' dir='ltr' id='par_1_103' title="bbox 1416 5372 2322 5438">
     <span class='ocr_line' id='line_1_103' title="bbox 1416 5372 2322 5438; baseline 0.001 -8"><span class='ocrx_word' id='word_1_716' title='bbox 1416 5372 1614 5432; x_wconf 65' lang='lat' dir='ltr'><strong>Varia}</strong></span> <span class='ocrx_word' id='word_1_717' title='bbox 1661 5373 1981 5438; x_wconf 87' lang='lat' dir='ltr'><strong>lectiones</strong></span> <span class='ocrx_word' id='word_1_718' title='bbox 2025 5379 2086 5434; x_wconf 85' lang='lat' dir='ltr'><strong>et</strong></span> <span class='ocrx_word' id='word_1_719' title='bbox 2133 5379 2322 5433; x_wconf 78' lang='lat' dir='ltr'><strong>noue.</strong></span> 
     </span>
    </p>
   </div>
   <div class='ocr_carea' id='block_1_104' title="bbox 298 5469 787 5541">
    <p class='ocr_par' dir='ltr' id='par_1_104' title="bbox 298 5469 787 5541">
     <span class='ocr_line' id='line_1_104' title="bbox 298 5469 787 5541; baseline 0.002 -16"><span class='ocrx_word' id='word_1_720' title='bbox 298 5471 415 5541; x_wconf 70' lang='grc'><strong>(28)</strong></span> <span class='ocrx_word' id='word_1_721' title='bbox 450 5469 690 5540; x_wconf 73' lang='grc' dir='ltr'>Ἐκεένη,</span> <span class='ocrx_word' id='word_1_722' title='bbox 725 5475 762 5525; x_wconf 85' lang='grc' dir='ltr'><strong>Λ</strong></span> <span class='ocrx_word' id='word_1_723' title='bbox 775 5514 787 5526; x_wconf 92' lang='grc'><strong>.</strong></span> 
     </span>
    </p>
   </div>
   <div class='ocr_carea' id='block_1_105' title="bbox 302 5544 875 5613">
    <p class='ocr_par' dir='ltr' id='par_1_105' title="bbox 302 5544 875 5613">
     <span class='ocr_line' id='line_1_105' title="bbox 302 5544 875 5613; baseline 0.003 -17"><span class='ocrx_word' id='word_1_724' title='bbox 302 5544 414 5613; x_wconf 66' lang='grc' dir='ltr'><strong>(ἳ9)</strong></span> <span class='ocrx_word' id='word_1_725' title='bbox 450 5544 608 5613; x_wconf 77' lang='grc' dir='ltr'>Τότε,</span> <span class='ocrx_word' id='word_1_726' title='bbox 632 5545 788 5598; x_wconf 82' lang='lat' dir='ltr'><strong>abest</strong></span> <span class='ocrx_word' id='word_1_727' title='bbox 810 5545 875 5598; x_wconf 86' lang='lat' dir='ltr'><strong>A.</strong></span> 
     </span>
    </p>
   </div>
   <div class='ocr_carea' id='block_1_106' title="bbox 301 5612 1825 5683">
    <p class='ocr_par' dir='ltr' id='par_1_106' title="bbox 301 5612 1825 5683">
     <span class='ocr_line' id='line_1_106' title="bbox 301 5612 1825 5683; baseline -0.001 -15"><span class='ocrx_word' id='word_1_728' title='bbox 301 5612 416 5683; x_wconf 66' lang='grc' dir='ltr'>(δυ)</span> <span class='ocrx_word' id='word_1_729' title='bbox 447 5612 755 5667; x_wconf 83' lang='lat' dir='ltr'><strong>llentenius</strong></span> <span class='ocrx_word' id='word_1_730' title='bbox 785 5616 1000 5669; x_wconf 86' lang='lat' dir='ltr'><strong>videtur</strong></span> <span class='ocrx_word' id='word_1_731' title='bbox 1033 5615 1315 5668; x_wconf 88' lang='lat' dir='ltr'><strong>invenisse</strong></span> <span class='ocrx_word' id='word_1_732' title='bbox 1364 5613 1565 5683; x_wconf 65' lang='grc' dir='ltr'>ϐλέψει.</span> <span class='ocrx_word' id='word_1_733' title='bbox 1611 5614 1825 5668; x_wconf 53' lang='lat' dir='ltr'><strong>non-</strong></span> 
     </span>
    </p>
   </div>
   <div class='ocr_carea' id='block_1_107' title="bbox 223 5685 1824 5755">
    <p class='ocr_par' dir='ltr' id='par_1_107' title="bbox 223 5685 1824 5755">
     <span class='ocr_line' id='line_1_107' title="bbox 223 5685 1824 5755; baseline 0 -17"><span class='ocrx_word' id='word_1_734' title='bbox 223 5689 390 5752; x_wconf 74' lang='grc' dir='ltr'>ϐῆναι</span> <span class='ocrx_word' id='word_1_735' title='bbox 433 5685 618 5753; x_wconf 85' lang='lat' dir='ltr'><strong>impiis</strong></span> <span class='ocrx_word' id='word_1_736' title='bbox 669 5685 850 5752; x_wconf 81' lang='lat' dir='ltr'><strong>potius</strong></span> <span class='ocrx_word' id='word_1_737' title='bbox 890 5687 1172 5750; x_wconf 87' lang='lat' dir='ltr'><strong>convenit,</strong></span> <span class='ocrx_word' id='word_1_738' title='bbox 1208 5700 1370 5754; x_wconf 85' lang='lat' dir='ltr'><strong>quam</strong></span> <span class='ocrx_word' id='word_1_739' title='bbox 1421 5687 1549 5755; x_wconf 88' lang='lat' dir='ltr'><strong>piis,</strong></span> <span class='ocrx_word' id='word_1_740' title='bbox 1599 5686 1691 5754; x_wconf 89' lang='lat' dir='ltr'><strong>qui</strong></span> <span class='ocrx_word' id='word_1_741' title='bbox 1722 5688 1824 5739; x_wconf 88' lang='lat' dir='ltr'><strong>cli-</strong></span> 
     </span>
    </p>
   </div>
   <div class='ocr_carea' id='block_1_108' title="bbox 222 5757 1022 5824">
    <p class='ocr_par' dir='ltr' id='par_1_108' title="bbox 222 5757 1022 5824">
     <span class='ocr_line' id='line_1_108' title="bbox 222 5757 1022 5824; baseline -0.001 -13"><span class='ocrx_word' id='word_1_742' title='bbox 222 5758 432 5812; x_wconf 89' lang='lat' dir='ltr'><strong>dentur</strong></span> <span class='ocrx_word' id='word_1_743' title='bbox 460 5769 490 5807; x_wconf 90' lang='lat' dir='ltr'><strong>e</strong></span> <span class='ocrx_word' id='word_1_744' title='bbox 521 5771 753 5810; x_wconf 82' lang='lat' dir='ltr'><strong>numero</strong></span> <span class='ocrx_word' id='word_1_745' title='bbox 782 5757 1022 5824; x_wconf 88' lang='lat' dir='ltr'><strong>piorum.</strong></span> 
     </span>
    </p>
   </div>
   <div class='ocr_carea' id='block_1_109' title="bbox 299 5824 1820 5892">
    <p class='ocr_par' dir='ltr' id='par_1_109' title="bbox 299 5824 1820 5892">
     <span class='ocr_line' id='line_1_109' title="bbox 299 5824 1820 5892; baseline 0.001 -13"><span class='ocrx_word' id='word_1_746' title='bbox 299 5826 413 5892; x_wconf 71' lang='lat' dir='ltr'><strong>t3!)</strong></span> <span class='ocrx_word' id='word_1_747' title='bbox 455 5825 573 5878; x_wconf 71' lang='lat' dir='ltr'><strong>Dixi</strong></span> <span class='ocrx_word' id='word_1_748' title='bbox 614 5831 683 5879; x_wconf 80' lang='lat' dir='ltr'><strong>de</strong></span> <span class='ocrx_word' id='word_1_749' title='bbox 720 5827 822 5880; x_wconf 83' lang='lat' dir='ltr'><strong>hoc</strong></span> <span class='ocrx_word' id='word_1_750' title='bbox 870 5827 988 5881; x_wconf 91' lang='lat' dir='ltr'><strong>loco</strong></span> <span class='ocrx_word' id='word_1_751' title='bbox 1023 5828 1075 5880; x_wconf 93' lang='lat' dir='ltr'><strong>in</strong></span> <span class='ocrx_word' id='word_1_752' title='bbox 1110 5827 1351 5881; x_wconf 88' lang='lat' dir='ltr'><strong>editione</strong></span> <span class='ocrx_word' id='word_1_753' title='bbox 1384 5824 1448 5878; x_wconf 80' lang='grc' dir='ltr'><strong>Ν.</strong></span> <span class='ocrx_word' id='word_1_754' title='bbox 1498 5826 1820 5881; x_wconf 75' lang='lat' dir='ltr'><strong>festamenti</strong></span> 
     </span>
    </p>
   </div>
   <div class='ocr_carea' id='block_1_110' title="bbox 225 5896 1825 5958">
    <p class='ocr_par' dir='ltr' id='par_1_110' title="bbox 225 5896 1825 5958">
     <span class='ocr_line' id='line_1_110' title="bbox 225 5896 1825 5958; baseline 0 -4"><span class='ocrx_word' id='word_1_755' title='bbox 225 5901 295 5958; x_wconf 78' lang='lat' dir='ltr'><strong>ad</strong></span> <span class='ocrx_word' id='word_1_756' title='bbox 328 5896 464 5952; x_wconf 85' lang='lat' dir='ltr'><strong>Luc.</strong></span> <span class='ocrx_word' id='word_1_757' title='bbox 501 5912 611 5957; x_wconf 74' lang='lat' dir='ltr'><strong>xxi,</strong></span> <span class='ocrx_word' id='word_1_758' title='bbox 642 5898 732 5950; x_wconf 69' lang='grc'><strong>25.</strong></span> <span class='ocrx_word' id='word_1_759' title='bbox 772 5897 1072 5952; x_wconf 85' lang='lat' dir='ltr'><strong>llentcnius</strong></span> <span class='ocrx_word' id='word_1_760' title='bbox 1107 5903 1173 5951; x_wconf 86' lang='lat' dir='ltr'><strong>ad</strong></span> <span class='ocrx_word' id='word_1_761' title='bbox 1217 5900 1365 5952; x_wconf 83' lang='lat' dir='ltr'><strong>hunc</strong></span> <span class='ocrx_word' id='word_1_762' title='bbox 1395 5898 1573 5953; x_wconf 88' lang='lat' dir='ltr'><strong>locum</strong></span> <span class='ocrx_word' id='word_1_763' title='bbox 1607 5897 1678 5952; x_wconf 80' lang='lat' dir='ltr'><strong>ita</strong></span> <span class='ocrx_word' id='word_1_764' title='bbox 1722 5898 1825 5954; x_wconf 82' lang='lat' dir='ltr'><strong>ita-</strong></span> 
     </span>
    </p>
   </div>
   <div class='ocr_carea' id='block_1_111' title="bbox 554 5991 1302 6065">
    <p class='ocr_par' dir='ltr' id='par_1_111' title="bbox 554 5991 1302 6065">
     <span class='ocr_line' id='line_1_111' title="bbox 554 5991 1302 6065; baseline 0.003 -10"><span class='ocrx_word' id='word_1_765' title='bbox 554 5991 828 6057; x_wconf 74' lang='lat' dir='ltr'><strong>PATRGL.</strong></span> <span class='ocrx_word' id='word_1_766' title='bbox 871 5995 989 6065; x_wconf 73' lang='lat' dir='ltr'><strong>Gn.</strong></span> <span class='ocrx_word' id='word_1_767' title='bbox 1025 5993 1302 6057; x_wconf 76' lang='lat' dir='ltr'><strong>CXXIX.</strong></span> 
     </span>
    </p>
   </div>
   <div class='ocr_carea' id='block_1_112' title="bbox 1941 5467 3531 5539">
    <p class='ocr_par' dir='ltr' id='par_1_112' title="bbox 1941 5467 3531 5539">
     <span class='ocr_line' id='line_1_112' title="bbox 1941 5467 3531 5539; baseline -0.004 -12"><span class='ocrx_word' id='word_1_768' title='bbox 1941 5475 2033 5528; x_wconf 79' lang='lat' dir='ltr'><strong>bet</strong></span> <span class='ocrx_word' id='word_1_769' title='bbox 2070 5491 2081 5525; x_wconf 92' lang='lat'>:</span> <span class='ocrx_word' id='word_1_770' title='bbox 2118 5471 2251 5525; x_wconf 82' lang='lat' dir='ltr'><strong>Cum</strong></span> <span class='ocrx_word' id='word_1_771' title='bbox 2284 5469 2484 5532; x_wconf 81' lang='lat' dir='ltr'><strong>omnia,</strong></span> <span class='ocrx_word' id='word_1_772' title='bbox 2517 5469 2904 5539; x_wconf 72' lang='lat' dir='ltr'><strong>qurelmctenns</strong></span> <span class='ocrx_word' id='word_1_773' title='bbox 2930 5469 3147 5520; x_wconf 80' lang='lat' dir='ltr'><strong>viderim</strong></span> <span class='ocrx_word' id='word_1_774' title='bbox 3183 5467 3531 5537; x_wconf 73' lang='lat' dir='ltr'><strong>exemplaria,</strong></span> 
     </span>
    </p>
   </div>
   <div class='ocr_carea' id='block_1_113' title="bbox 1938 5540 3537 5610">
    <p class='ocr_par' dir='ltr' id='par_1_113' title="bbox 1938 5540 3537 5610">
     <span class='ocr_line' id='line_1_113' title="bbox 1938 5540 3537 5610; baseline 0 -16"><span class='ocrx_word' id='word_1_775' title='bbox 1938 5545 2166 5597; x_wconf 83' lang='lat' dir='ltr'><strong>habeant</strong></span> <span class='ocrx_word' id='word_1_776' title='bbox 2202 5545 2405 5610; x_wconf 67' lang='grc' dir='ltr'>ἀπορίᾳ</span> <span class='ocrx_word' id='word_1_777' title='bbox 2440 5543 2581 5606; x_wconf 83' lang='lat' dir='ltr'><strong>apud</strong></span> <span class='ocrx_word' id='word_1_778' title='bbox 2619 5540 2838 5596; x_wconf 82' lang='lat' dir='ltr'><strong>Lucam,</strong></span> <span class='ocrx_word' id='word_1_779' title='bbox 2889 5540 2982 5590; x_wconf 75' lang='lat' dir='ltr'><strong>hoc</strong></span> <span class='ocrx_word' id='word_1_780' title='bbox 3033 5549 3124 5599; x_wconf 71' lang='grc' dir='ltr'>νει,</span> <span class='ocrx_word' id='word_1_781' title='bbox 3173 5541 3537 5606; x_wconf 73' lang='grc' dir='ltr'>ὀρερυναιίοησ</span> 
     </span>
    </p>
   </div>
   <div class='ocr_carea' id='block_1_114' title="bbox 1937 5609 3527 5679">
    <p class='ocr_par' dir='ltr' id='par_1_114' title="bbox 1937 5609 3527 5679">
     <span class='ocr_line' id='line_1_114' title="bbox 1937 5609 3527 5679; baseline -0.003 -12"><span class='ocrx_word' id='word_1_782' title='bbox 1937 5625 2030 5667; x_wconf 85' lang='lat' dir='ltr'><strong>aut</strong></span> <span class='ocrx_word' id='word_1_783' title='bbox 2080 5613 2288 5667; x_wconf 79' lang='lat' dir='ltr'><strong>consiiii</strong></span> <span class='ocrx_word' id='word_1_784' title='bbox 2318 5609 2530 5679; x_wconf 83' lang='lat' dir='ltr'><strong>inopia,</strong></span> <span class='ocrx_word' id='word_1_785' title='bbox 2571 5621 2617 5664; x_wconf 80' lang='lat' dir='ltr'><strong>et</strong></span> <span class='ocrx_word' id='word_1_786' title='bbox 2662 5612 2737 5662; x_wconf 74' lang='lat' dir='ltr'><strong>sic</strong></span> <span class='ocrx_word' id='word_1_787' title='bbox 2759 5609 2918 5678; x_wconf 72' lang='lat' dir='ltr'><strong>jnnoi</strong></span> <span class='ocrx_word' id='word_1_788' title='bbox 2963 5609 3208 5662; x_wconf 80' lang='lat' dir='ltr'><strong>videatur</strong></span> <span class='ocrx_word' id='word_1_789' title='bbox 3229 5611 3527 5679; x_wconf 64' lang='lat' dir='ltr'><strong>prweederr</strong></span> 
     </span>
    </p>
   </div>
   <div class='ocr_carea' id='block_1_115' title="bbox 1937 5682 3529 5752">
    <p class='ocr_par' dir='ltr' id='par_1_115' title="bbox 1937 5682 3529 5752">
     <span class='ocr_line' id='line_1_115' title="bbox 1937 5682 3529 5752; baseline -0.003 -14"><span class='ocrx_word' id='word_1_790' title='bbox 1937 5689 2074 5738; x_wconf 75' lang='lat' dir='ltr'><strong>tibus</strong></span> <span class='ocrx_word' id='word_1_791' title='bbox 2103 5702 2119 5739; x_wconf 91' lang='lat'><strong><em>:</em></strong></span> <span class='ocrx_word' id='word_1_792' title='bbox 2152 5692 2342 5738; x_wconf 87' lang='lat' dir='ltr'><strong>auctor</strong></span> <span class='ocrx_word' id='word_1_793' title='bbox 2389 5683 2469 5736; x_wconf 85' lang='lat' dir='ltr'><strong>hic</strong></span> <span class='ocrx_word' id='word_1_794' title='bbox 2504 5682 2686 5752; x_wconf 75' lang='lat' dir='ltr'><strong>legisse</strong></span> <span class='ocrx_word' id='word_1_795' title='bbox 2716 5683 2948 5752; x_wconf 29' lang='lat' dir='ltr'><strong>rideturA</strong></span> <span class='ocrx_word' id='word_1_796' title='bbox 2968 5682 3260 5752; x_wconf 76' lang='grc' dir='ltr'>ἁπορῤοίᾳ,</span> <span class='ocrx_word' id='word_1_797' title='bbox 3295 5682 3388 5733; x_wconf 82' lang='lat' dir='ltr'><strong>hoc</strong></span> <span class='ocrx_word' id='word_1_798' title='bbox 3433 5693 3529 5742; x_wconf 78' lang='lat' dir='ltr'><strong>est.</strong></span> 
     </span>
    </p>
   </div>
   <div class='ocr_carea' id='block_1_116' title="bbox 1934 5729 3535 5824">
    <p class='ocr_par' dir='ltr' id='par_1_116' title="bbox 1934 5729 3535 5824">
     <span class='ocr_line' id='line_1_116' title="bbox 1934 5729 3535 5824; baseline -0.002 -15"><span class='ocrx_word' id='word_1_799' title='bbox 1934 5729 2467 5824; x_wconf 44' lang='lat' dir='ltr'><strong>nitentia-tua};</strong></span> <span class='ocrx_word' id='word_1_800' title='bbox 2499 5729 3535 5824; x_wconf 49' lang='grc' dir='ltr'><strong>ὲὲᾒξὲἷιιὲὸῖιξῖςοιὶὴῖΓίἰῖέτὶόιὶἶρεῖἕιὶ,</strong></span> 
     </span>
    </p>
   </div>
   <div class='ocr_carea' id='block_1_117' title="bbox 1933 5821 2932 5896">
    <p class='ocr_par' dir='ltr' id='par_1_117' title="bbox 1933 5821 2932 5896">
     <span class='ocr_line' id='line_1_117' title="bbox 1933 5821 2932 5896; baseline -0.006 -15"><span class='ocrx_word' id='word_1_801' title='bbox 1933 5821 2057 5896; x_wconf 67' lang='lat' dir='ltr'><strong>qua:</strong></span> <span class='ocrx_word' id='word_1_802' title='bbox 2084 5827 2246 5880; x_wconf 78' lang='lat' dir='ltr'><strong>habet</strong></span> <span class='ocrx_word' id='word_1_803' title='bbox 2269 5821 2467 5878; x_wconf 28' lang='lat' dir='ltr'><strong>Milli‘us</strong></span> <span class='ocrx_word' id='word_1_804' title='bbox 2495 5821 2574 5896; x_wconf 79' lang='lat' dir='ltr'><strong>ad</strong></span> <span class='ocrx_word' id='word_1_805' title='bbox 2598 5822 2798 5877; x_wconf 89' lang='lat' dir='ltr'><strong>Lucam</strong></span> <span class='ocrx_word' id='word_1_806' title='bbox 2830 5822 2864 5873; x_wconf 93' lang='lat' dir='ltr'><strong>I.</strong></span> <span class='ocrx_word' id='word_1_807' title='bbox 2897 5821 2932 5875; x_wconf 91' lang='lat' dir='ltr'><strong>l.</strong></span> 
     </span>
    </p>
   </div>
   <div class='ocr_carea' id='block_1_118' title="bbox 2012 5893 3540 5970">
    <p class='ocr_par' dir='ltr' id='par_1_118' title="bbox 2012 5893 3540 5970">
     <span class='ocr_line' id='line_1_118' title="bbox 2012 5893 3540 5970; baseline -0.002 -19"><span class='ocrx_word' id='word_1_808' title='bbox 2012 5897 2124 5970; x_wconf 56' lang='lat' dir='ltr'><strong>r32)</strong></span> <span class='ocrx_word' id='word_1_809' title='bbox 2161 5897 2332 5952; x_wconf 80' lang='lat' dir='ltr'><strong>Recte</strong></span> <span class='ocrx_word' id='word_1_810' title='bbox 2365 5896 2458 5953; x_wconf 83' lang='lat' dir='ltr'><strong>ita.</strong></span> <span class='ocrx_word' id='word_1_811' title='bbox 2484 5895 2618 5950; x_wconf 69' lang='lat' dir='ltr'><strong>Nam</strong></span> <span class='ocrx_word' id='word_1_812' title='bbox 2648 5908 2888 5948; x_wconf 75' lang='lat' dir='ltr'><strong>arescere</strong></span> <span class='ocrx_word' id='word_1_813' title='bbox 2919 5907 2983 5948; x_wconf 78' lang='lat' dir='ltr'><strong>ex</strong></span> <span class='ocrx_word' id='word_1_814' title='bbox 3007 5893 3191 5964; x_wconf 90' lang='lat' dir='ltr'><strong>aliquo</strong></span> <span class='ocrx_word' id='word_1_815' title='bbox 3218 5910 3330 5951; x_wconf 69' lang='lat' dir='ltr'><strong>sum</strong></span> <span class='ocrx_word' id='word_1_816' title='bbox 3359 5895 3540 5950; x_wconf 60' lang='lat' dir='ltr'><strong>atatis</strong></span> 
     </span>
    </p>
   </div>
   <div class='ocr_carea' id='block_1_119' title="bbox 3135 5988 3218 6046">
    <p class='ocr_par' dir='ltr' id='par_1_119' title="bbox 3135 5988 3218 6046">
     <span class='ocr_line' id='line_1_119' title="bbox 3135 5988 3218 6046; baseline 0 0"><span class='ocrx_word' id='word_1_817' title='bbox 3135 5988 3218 6046; x_wconf 68' lang='lat'><strong>20</strong></span> 
     </span>
    </p>
   </div>
  </div>
