4080 6392
231 393 343 456 (⁸25

1066 401 1462 467 COMMENT.
1507 404 1589 465 IN
1637 403 2110 470 MATTILEUM.
2153 438 2221 448 —
2263 413 2422 475 CAP.
2463 416 2676 481 XXIV.

3423 420 3526 486 026

226 510 356 571 τοὺς
390 509 682 576 πλουσίους
716 513 891 580 δηλοῖ,
938 515 1027 568 διὰ
1066 517 1123 569 δὲ
1153 519 1263 570 τῶν
1296 519 1619 581 ἀληθουσῶν
1648 520 1705 573 ἐν
1751 519 1829 588 τῷ

1935 527 2024 595 qui
2068 527 2120 581 in
2157 543 2287 599 agro
2314 536 2462 590 sunt.
2491 530 2690 586 divites
2722 530 3020 602 intelligit;
3065 547 3164 602 per
3198 548 3293 588 eas
3341 544 3522 590 autem

226 599 460 668 μυλῶνι,
492 604 617 668 τοὺς
668 605 927 675 πένητας.
972 609 1081 662 Καὶ
1108 609 1350 665 διδάσκει
1375 613 1458 666 ὅτι
1500 615 1596 666 καὶ
1626 613 1692 665 ὲκ
1722 613 1831 668 τῶν

223 694 500 748 πλουσίων
533 697 628 749 καὶ
651 699 715 750 ὲκ
762 698 871 752 τῶν
909 702 1159 773 πενήτων
1217 704 1360 767 τινὲς
1401 705 1504 775 μὲν
1537 705 1826 771 σώζονται,

223 788 377 846 τινὲς
407 789 462 842 δὲ
497 789 857 855 ἀπόλλυνται.
893 793 988 846 Διὸ
1030 793 1130 847 καὶ
1160 795 1254 848 ἐπὶ
1282 797 1382 866 μὲν
1406 798 1516 850 τῶν
1551 798 1826 852 πλουσίων

223 880 538 948 ἀρσενικῶς
567 881 660 933 τὸν
689 881 851 950 λόγον
875 888 1186 955 προήγαγε,
1225 888 1288 940 τὸ
1323 889 1526 960 ὑψηλὸν
1554 889 1646 943 καὶ
1677 891 1829 961 ίσχυ-

224 970 319 1039 ρδν
399 970 582 1022 αὐτῶν
659 973 1075 1045 ἐνδεικνύμενος
1146 979 1242 1030 ἐπὶ
1297 979 1355 1032 δὲ
1411 981 1520 1033 τῶν
1573 983 1827 1052 πενήτων

220 1059 504 1130 θηλυκῶς,
558 1063 618 1116 τὸ
647 1067 906 1119 ταπεινὸν
948 1068 1041 1120 καὶ
1081 1070 1308 1135 ἀσθενὲς
1355 1072 1565 1126 τούτων
1590 1075 1826 1142 ὑποφαί-

218 1171 346 1204 νων.
372 1155 481 1206 Καῖ
498 1156 605 1226 γὰρ
628 1156 743 1208 ὅσοι
796 1158 894 1227 μὲν
935 1159 966 1229 ἢ
999 1161 1089 1212 τὸν
1117 1162 1349 1218 πλοῦτον
1403 1166 1586 1230 καλῶς
1617 1168 1822 1239 διῴκη-

219 1247 400 1316 σαν,ῆ
435 1247 532 1318 τὴν
560 1250 754 1302 πενίαν
783 1252 966 1316 καλῶς
987 1254 1321 1319 ἐϐάστασαν,
1358 1260 1819 1330 παραλαμῦἀνον-

214 1354 308 1390 ται
329 1341 408 1402 είς
433 1342 740 1413 ἀπάντησιν
768 1344 864 1398 τοῦ
881 1347 1108 1416 Κυρίου,
1128 1348 1203 1413 ὡς
1231 1350 1500 1422 γνώριμοι
1524 1355 1672 1421 αὑτῷ
1692 1374 1822 1424 τυγ-

216 1429 480 1498 χάνοντες
511 1449 523 1461 ·
569 1434 686 1486 ὅσοι
713 1435 770 1488 δὲ
790 1438 1127 1507 τούναντίον,
1161 1443 1417 1510 ἀφίενται
1457 1445 1610 1498 κάτω
1628 1447 1702 1511 ὡς
1722 1449 1819 1502 ἀν-

217 1524 364 1587 άξιοι
395 1526 781 1595 περιμένοντες
818 1531 1052 1584 ἐνταῦθα
1079 1533 1169 1586 τὸν
1195 1534 1481 1607 δικαστήν.
1518 1539 1732 1603 Λουκᾶς
1766 1541 1820 1595 δὲ

218 1618 430 1685 ἑτέρως
491 1624 623 1688 φησὶ
667 1624 792 1692 περὶ
830 1624 1022 1678 τούτου
1078 1629 1135 1678 ἐν
1203 1628 1279 1698 τῷ
1311 1628 1597 1702 ἑξηκοστῴ
1649 1651 1819 1703 κειρα-

211 1707 353 1778 λαίῳ
375 1749 390 1770 ,
421 1711 502 1763 ὅτι
537 1715 828 1768 Ἔσονται
857 1719 968 1771 δύο
998 1721 1097 1774 ἐπὶ
1134 1723 1352 1789 κλίνης
1371 1723 1519 1791 μιᾶς
1541 1742 1553 1755 ·
1588 1726 1674 1792 εἷς
1705 1728 1816 1796 (37)

213 1803 787 1869 παραληφθήσεται,
831 1807 928 1860 καὶ
961 1811 994 1861 o'
1030 1809 1235 1878 ἕτερος
1276 1814 1668 1882 ἀφεθήσεται.
1701 1821 1817 1872 Δύο

211 1888 466 1944 ἔσονται
495 1894 837 1958 ἀλήθουσαι
865 1899 965 1952 ἐπὶ
995 1902 1061 1954 τὸ
1094 1906 1263 1957 αὑτό*
1287 1907 1394 1974 μία
1422 1910 1817 1978 παραληφθή-

212 2000 411 2047 σεται,
447 1986 542 2039 kal
581 1989 616 2057 ἡ
657 1989 828 2057 ἑτέρα
876 1993 1270 2062 ἀφεθήσεται,
1337 1999 1426 2052 διὰ
1461 2003 1560 2069 μὲν
1589 2003 1697 2054 τῶν
1725 2005 1816 2056 ἐπὶ

211 2075 317 2143 τῆς
355 2075 545 2147 κλίνης
589 2081 717 2160 τοὺς
780 2083 839 2135 ἐν
903 2084 1213 2139 ἀναπαύσει
1266 2089 1470 2160 δηλῶν,
1504 2092 1591 2145 διὰ
1620 2094 1676 2144 δὲ
1709 2095 1818 2146 τῶν

213 2168 275 2218 ὲν
310 2168 388 2237 τῷ
441 2171 646 2236 μυλῶνι
698 2176 824 2236 τοὺς
873 2177 931 2227 ἐν
990 2183 1359 2254 κακοπαθείᾳ.
1411 2186 1581 2254 Δῆλον
1605 2182 1698 2240 οὖν
1737 2188 1818 2240 ὅτι

210 2261 492 2330 διαφόρως
541 2264 664 2317 κατ’
702 2266 861 2320 ἄλλον
895 2270 989 2322 καὶ
1017 2271 1181 2327 ἄλλον
1234 2277 1430 2347 καιρδν
1476 2281 1816 2350 ἐρρήθησαν,

211 2355 282 2404 τὶ
316 2355 410 2406 τοῦ
447 2357 632 2411 Λουκᾶ
667 2359 768 2428 μὲν
796 2363 1096 2434 πρότερον,
1137 2369 1207 2421 τὰ
1258 2368 1317 2422 δὲ
1377 2370 1474 2423 τοῦ
1533 2373 1817 2427 Ματθαίου

217 2445 476 2515 ὕστερον.

287 2539 329 2609 οξ-
360 2541 400 2611 ’ῗ-
445 2543 638 2611 Ἀγρὸν
669 2545 928 2616 ὠνόμασε
953 2549 1046 2602 τὸν
1082 2552 1194 2621 (58)
1244 2554 1448 2623 κόσμον
1470 2572 1482 2587 ⁸
1521 2558 1819 2630 παραλαμ-

211 2633 443 2688 ϐάνεται
492 2634 584 2690 οὖν
647 2640 676 2690 6
732 2640 1078 2709 σωζόμενος·
1123 2647 1350 2713 ἀφίεται
1416 2652 1444 2704 6
1487 2653 1820 2722 κατακρινό-

216 2745 406 2797 μενος.
459 2732 552 2784 Ἐκ
581 2734 772 2786 τούτου
801 2737 984 2788 τοίνυν
1023 2738 1290 2810 μάθωμεν
1336 2743 1419 2796 ὅτι
1458 2745 1554 2798 καὶ
1585 2747 1818 2816 πένητες

217 2823 318 2874 καὶ
340 2823 607 2888 πλούσιοι,
645 2829 740 2880 καὶ
765 2828 940 2883 δοῦλοι
965 2832 1057 2884 καὶ
1081 2833 1260 2905 κύριοι
1290 2838 1818 2909 παραλαμϐάνονταί

210 2930 274 2964 τε
307 2917 404 2967 καὶ
461 2919 736 2986 ἀφίενται.
793 2925 1047 2976 Δείκνυσι
1115 2926 1171 2978 δὲ
1241 2929 1321 2981 ὅτι
1381 2929 1518 3001 μηδὲ
1567 2931 1816 2986 πλούσιοι

210 3006 421 3068 πάντες
453 3008 810 3076 ἀπόλλυνται,
842 3013 977 3082 μηδὲ
1002 3015 1239 3086 πένητες
1271 3020 1475 3082 πάντες
1524 3023 1812 3085 σώζονται.

211 3098 383 3149 Ὅθεν
416 3099 511 3153 καὶ
538 3102 762 3170 ἐπάγειο
795 3108 1151 3175 Γρηγορεῖτε
1197 3107 1333 3174 οὖν,
1354 3112 1446 3164 ὅτι
1474 3115 1586 3166 οὐκ
1612 3115 1815 3168 οἴδατε

1935 634 2056 689 qutn
2085 621 2296 675 molunt
2327 622 2381 675 in
2423 623 2587 684 mula.
2625 639 2898 694 pauperes
2929 642 2940 677 :
2977 640 3040 676 ac
3072 625 3233 679 docet
3282 627 3428 696 quod
3471 639 3525 680 et

1935 710 2003 766 de
2037 710 2318 776 divitibus,
2352 721 2405 767 et
2443 715 2511 768 de
2556 714 2896 784 pauperibus
2947 716 3170 785 quidam
3218 717 3524 781 salvantur,

1932 804 2155 874 quidam
2186 821 2318 861 vero
2355 817 2610 876 pereunt.
2647 808 2776 863 ideo
2809 808 2974 863 etiam
3003 807 3072 863 de
3119 808 3380 864 divitibus
3413 825 3530 864 ser-

1933 911 2156 951 monem
2190 897 2494 952 masculine
2546 899 2786 962 induxit,
2823 899 3104 954 excelsum
3141 916 3204 954 ac
3236 901 3375 955 forte
3423 901 3522 956 de-

1931 997 2248 1044 monstrans
2275 992 2418 1054 quod
2451 991 2504 1047 in
2553 991 2634 1046 eis
2679 1000 2764 1046 est
2797 1008 2809 1043 :
2851 992 2917 1047 de
2949 992 3284 1062 pauperibus
3339 1002 3524 1047 autem

1933 1079 2216 1146 feminine,
2281 1080 2638 1136 subindieans
2683 1081 2864 1136 debile
2889 1097 2952 1137 ac
2995 1083 3318 1152 depressum
3379 1084 3524 1151 quod

1929 1171 1985 1226 in
2017 1173 2124 1228 illis
2150 1181 2256 1228 est.
2293 1173 2582 1242 Siquidem
2640 1183 2912 1246 quotquot
2963 1176 3046 1230 vel
3099 1176 3324 1230 divitias
3386 1176 3526 1230 bene

1930 1275 2238 1330 sectantur,
2277 1266 2360 1321 vel
2399 1276 2780 1338 paupertatem
2818 1269 2960 1323 bene
3009 1269 3525 1331 ferunt,assumun-

1928 1370 2019 1413 tur
2053 1359 2108 1412 in
2143 1375 2433 1414 occursum
2469 1360 2707 1426 Domini,
2743 1371 3002 1431 tanquam
3043 1361 3120 1416 illi
3172 1360 3471 1414 familiares
3507 1377 3522 1413 :

1927 1460 2193 1520 quotquot
2227 1460 2410 1506 autem
2462 1453 2738 1508 contrario
2776 1455 2938 1507 modo
3000 1468 3058 1507 se
3109 1453 3332 1516 habent,
3368 1453 3529 1506 deor-

1925 1559 2046 1598 squ
2086 1552 2341 1612 tanquam
2377 1543 2583 1614 indigni
2626 1545 3038 1615 relinquuntur.
3083 1555 3146 1597 ut
3181 1545 3248 1598 ibi
3278 1544 3523 1614 judicent

1925 1645 2264 1705 exspectent.
2324 1634 2498 1690 Lucas
2538 1651 2668 1691 vero
2719 1636 2788 1691 de
2849 1637 2934 1691 liis
3000 1637 3109 1690 alio
3169 1636 3333 1690 modo
3387 1635 3526 1689 dicit

1925 1727 2104 1796 capite
2128 1728 2470 1796 sexagesimo
2502 1727 2716 1782 :Erunt
2741 1727 2962 1800 (inquit)
3003 1729 3106 1781 duo
3136 1729 3187 1781 in
3219 1729 3348 1781 lecto
3375 1744 3477 1780 uno
3510 1745 3523 1782 :

1927 1838 2062 1874 unus
2109 1832 2432 1887 assumatur,
2476 1833 2524 1876 et
2585 1825 2725 1876 alter
2759 1823 3139 1894 relinquetur:
3189 1825 3308 1876 dua:
3368 1833 3524 1901 erunt

1923 1913 2173 1966 molentes
2211 1913 2372 1967 simul
2406 1930 2424 1967 :
2468 1931 2573 1967 uua
2597 1924 2920 1978 assumetur,
2961 1923 3010 1967 et
3032 1914 3204 1967 altera
3256 1913 3523 1982 relinque-

1923 2016 2008 2058 tur
2039 2005 2107 2068 ⁸⁸,
2143 2021 2237 2074 per
2267 2021 2360 2060 eos
2392 2006 2482 2075 qui
2533 2006 2587 2059 iu
2631 2007 2771 2060 lecto
2827 2013 2956 2060 sunt
3027 2005 3344 2075 signiﬁcans
3402 2004 3525 2058 illns

1921 2099 2013 2168 qui
2050 2099 2104 2150 in
2159 2100 2349 2167 requie
2417 2099 2624 2168 degunt
2665 2115 2677 2151 :
2717 2115 2814 2168 per
2875 2113 2968 2151 eas
3045 2106 3227 2150 autem
3292 2112 3414 2162 qua:
3467 2097 3520 2148 in

1923 2192 2102 2258 mola,
2165 2205 2261 2245 eos
2339 2191 2432 2259 qui
2495 2190 2727 2244 adversa
2813 2190 3088 2244 tolerant.
3171 2188 3521 2242 Manifestum

1922 2291 2005 2336 est
2104 2297 2268 2352 ergo,
2345 2282 2490 2351 quod
2563 2282 2938 2336 diversimode
3007 2281 3116 2335 alio
3176 2290 3341 2350 atque
3409 2281 3518 2334 alio

1924 2384 2174 2444 tempore
2261 2375 2409 2430 dicta
2478 2375 2637 2430 sint:
2711 2377 2865 2446 prius
2936 2376 3156 2446 quidem
3245 2391 3309 2428 ea
3398 2389 3522 2443 qute

1924 2467 2065 2536 apud
2155 2465 2382 2532 Lucam,
2435 2467 2791 2536 postmodum
2838 2482 2970 2522 vero
3017 2483 3136 2537 quae
3185 2468 3329 2521 auud
3384 2465 3520 2520 Mat-

1926 2561 2150 2614 thaeum.

1994 2648 2033 2718 ’ξ-
2078 2651 2284 2718 Agrum
2325 2650 2542 2704 vocavit
2581 2653 2873 2707 mundum.
2903 2653 3216 2707 Assumitur
3255 2667 3386 2723 ergo
3420 2653 3516 2722 qui

1923 2753 2195 2804 servatur,
2257 2742 2590 2812 relinquitur
2657 2744 2744 2813 qui
2797 2745 3175 2799 eodetunalur.
3239 2744 3522 2800 Discamus

1923 2832 2086 2904 igitur
2118 2851 2185 2887 ex
2213 2834 2320 2889 hoc
2357 2835 2497 2900 loco,
2535 2837 2679 2906 quod
2722 2846 2777 2891 et
2807 2853 3084 2906 pauperes
3113 2847 3166 2891 et
3201 2839 3422 2903 divites,
3465 2850 3520 2892 et

1920 2925 2062 2980 servi
2087 2935 2142 2981 et
2164 2926 2370 2981 domini
2398 2938 2755 2982 assumuntur
2776 2945 2840 2983 ae
2869 2930 3279 2999 relinquuntur.
3313 2928 3516 2984 Osten-

1919 3019 1999 3074 dit
2029 3029 2216 3074 autem
2247 3021 2392 3090 quod
2425 3037 2529 3075 nec
2578 3037 2774 3077 omnes
2836 3022 3037 3077 divites
3095 3031 3348 3092 pereunt,
3415 3038 3519 3075 nec

1919 3124 2194 3179 pauperes
2243 3110 2530 3164 salvantur
2588 3127 2802 3166 omnes.
2865 3112 3024 3167 Unde
3064 3121 3121 3166 et
3169 3113 3516 3181 postmodum

208 3191 359 3281 ποίᾳ
390 3191 511 3281 tiin
544 3197 578 3247 ό
610 3197 830 3263 Κύριος
887 3199 1060 3266 ὑμῶν
1110 3202 1370 3270 ἔρχεται.
1431 3205 1543 3275 Τὴν
1596 3208 1820 3276 ἡμέραν

1924 3209 2019 3262 ait;
2069 3207 2297 3279 Vigilate
2336 3227 2458 3281 ergo
2488 3211 2615 3280 quia
2652 3211 2861 3264 nescitis
2916 3228 3021 3280 qua
3051 3211 3184 3264 hora
3247 3209 3511 3265 Dominus

206 3280 315 3329 03x
373 3277 540 3343 εἶπε,
610 3281 941 3355 βουλόμενος
1010 3290 1347 3360 ἐναγωνίους
1414 3289 1555 3348 εἶναι
1615 3298 1815 3362 αὐτοὺς

205 3370 509 3439 διηνεκῶς.

287 3466 724 3535 Γρηγορεῖτε-
762 3471 1020 3542 ἔρχεται.
1090 3478 1149 3530 Ὀ
1181 3477 1236 3531 δὲ
1267 3480 1498 3552 Μάρκος
1545 3483 1811 3555 ἔγραψεν,

222 3555 611 3623 Ἀγρυπνεῖτε
643 3562 741 3613 καὶ
797 3567 1248 3635 προσεύχεσθε·
1287 3575 1398 3624 οὐκ
1420 3573 1622 3628 οἴδατε
1668 3580 1816 3631 πότε

206 3652 242 3701 ό
278 3655 488 3718 καιρός
516 3652 709 3718 ἐστιν,
741 3657 768 3709 6
810 3659 908 3726 τῆς
971 3661 1235 3731 δευτέρας
1295 3663 1546 3731 δηλονότι
1601 3686 1810 3739 παρου-

208 3741 338 3804 σίας
375 3743 564 3797 αὐτοῦ.
637 3747 1006 3817 Ἐγρήγορσιν
1055 3752 1112 3804 δὲ
1167 3755 1263 3806 καὶ
1328 3758 1643 3826 ἀγρυπνίαν
1700 3763 1814 3814 νόει

211 3834 294 3903 ιὴ
352 3835 517 3904 μόνον
551 3839 651 3909 τὴν
726 3841 822 3894 τοῦ
879 3843 1050 3896 ὕπνου
1105 3847 1466 3917 ἐγκράτειαν.
1525 3853 1662 3906 ἀλλὰ
1717 3856 1814 3909 καὶ

204 3928 314 3998 τὴν
350 3931 615 3984 παντοίαν
648 3938 929 4007 προσοχὴν
955 3956 1011 3991 τε
1075 3941 1164 3993 καὶ
1215 3943 1486 4013 φυλακήν.
1530 3947 1668 4016 Φησί
1704 3953 1812 4020 γὰρ

209 4023 311 4071 καί
337 4023 364 4074 ὁ
391 4023 630 4086 Λουκᾶς·
661 4027 1002 4096 Προσέχετε
1038 4032 1300 4100 ἑαυτοῖς,
1336 4038 1580 4106 μήποτε
1620 4041 1814 4108 ,βαρη-

208 4114 409 4166 θῶσιν
438 4115 609 4183 ὑμῶν
641 4120 701 4171 al
725 4122 962 4188 καρδίαι
1019 4124 1090 4178 ἐν
1139 4129 1466 4196 κραιπάλῃ,
1499 4131 1601 4184 καὶ
1631 4131 1808 4201 μέθῃ,

206 4206 312 4258 καί
341 4209 662 4278 μερίμναις
691 4214 1023 4282 βιωτικαῖς,
1065 4220 1162 4271 καὶ
1188 4222 1494 4290 αίρνίὸιος
1524 4225 1620 4294 ἐφ’
1653 4226 1812 4296 ὑμᾶς

204 4299 435 4368 ἐπιστῇ
468 4301 505 4368 ἠ
538 4302 728 4372 ἡμέρα
755 4307 982 4376 ἐκείνη.
1037 4312 1130 4377 Ὠς
1165 4315 1349 4382 παγίς
1403 4319 1514 4383 γὰρ
1560 4318 1812 4374 ἐπελεύ-

206 4406 385 4444 σεται
409 4392 508 4445 ἐπὶ
525 4396 759 4463 πάντας
783 4401 923 4466 τοὺς
945 4419 1020 4455 κα
1032 4405 1324 4471 Ίημένους
1351 4410 1449 4461 ἐπὶ
1479 4413 1811 4478 πρόσωπον

203 4501 245 4535 .1
258 4483 416 4551 ,ὶσης
437 4487 549 4554 τῆς
568 4487 701 4557 γῆς.
749 4491 870 4561 [Ὡς
891 4495 1002 4563 (59)
1023 4497 1191 4565 παγὶς
1223 4497 1323 4566 μὲν
1350 4501 1439 4554 διὰ
1464 4502 1523 4554 τὸ
1548 4504 1806 4574 ἀσυμφα-

1922 3307 2085 3352 vester
2117 3300 2307 3351 veniet.
2351 3295 2470 3351 Non
2501 3298 2642 3352 dixit
2671 3298 2838 3365 diem,
2877 3299 3070 3354 volens
3112 3314 3208 3354 eos
3250 3299 3515 3355 continue.

1918 3389 1984 3443 ad
2019 3399 2297 3444 certamen
2329 3403 2453 3443 esse
2479 3398 2722 3459 paratos.

1990 3480 2146 3536 Vers.
2180 3482 2271 3536 62.
2310 3481 2533 3552 Vigilate
2569 3512 2626 3524 -—
2653 3493 2904 3537 venturus
2930 3487 3026 3538 sit.
3079 3483 3294 3538 Marcus
3325 3495 3506 3540 autem

1918 3573 2138 3644 scripsit
2183 3592 2195 3628 :
2249 3573 2476 3643 Vigilate
2513 3585 2561 3627 et
2610 3585 2759 3628 orate
2794 3590 2812 3627 :
2842 3576 3057 3628 nescitis
3096 3576 3238 3628 enim
3303 3577 3516 3646 quando

1920 3677 2124 3735 tempus
2150 3669 2216 3720 sit
2250 3668 2316 3732 ⁸⁷,
2375 3668 2603 3721 secundi
2641 3668 2898 3722 videlicet
2930 3669 3204 3722 adventus
3234 3669 3374 3738 ejus.
3415 3669 3516 3723 Per

1918 3756 2158 3825 vigiliam
2194 3765 2378 3810 autem
2418 3755 2533 3810 sive
2583 3756 2920 3827 vigilantiam
2973 3756 3213 3826 intellige
3250 3772 3361 3810 non
3424 3772 3514 3810 so-

1918 3846 2023 3900 lam
2060 3847 2240 3900 somni
2293 3848 2756 3916 temperantiam,
2799 3863 2992 3902 verum
3023 3848 3184 3903 etiam
3236 3849 3512 3904 omnimo-

1917 3940 2041 3992 dam
2078 3939 2437 3992 attentionem
2489 3949 2543 3993 et
2575 3941 2900 3994 custodiam.
2948 3939 3086 3995 Dicit
3116 3941 3265 3995 enim
3325 3951 3379 3995 et
3406 3940 3513 3994 Lu-

1916 4045 2008 4084 cas
2046 4048 2058 4083 :
2098 4029 2363 4084 Attendite
2399 4030 2542 4084 vobis
2577 4033 2703 4105 ipsis
2735 4033 3014 4102 nequando
3042 4042 3329 4103 graventur
3352 4036 3511 4085 corda

1921 4131 2090 4174 vestra
2128 4122 2377 4191 crapula,
2411 4133 2459 4177 et
2498 4123 2773 4187 ebrietate,
2824 4140 2886 4177 ac
2926 4127 3068 4176 curis
3094 4125 3254 4193 hujus
3288 4125 3428 4189 vita',
3461 4134 3510 4178 et

1915 4215 2221 4282 repentinus
2287 4217 2625 4282 superveniat
2706 4219 2848 4270 vobis
2895 4217 3006 4271 dies
3051 4217 3162 4270 ille.
3236 4222 3508 4286 Tanquam

1915 4305 2135 4372 laqueus
2177 4304 2315 4357 enim
2348 4307 2670 4375 superveniet
2715 4307 2769 4358 in
2801 4323 2978 4359 omnes
3011 4308 3100 4376 qui
3136 4305 3315 4359 sedent
3353 4324 3510 4375 super

1914 4398 2102 4467 faciem
2134 4397 2390 4451 universa:
2432 4408 2586 4452 terra!
2632 4398 2700 4452 ⁸⁸.
2747 4397 3031 4468 Tanquam
3087 4400 3316 4468 laqueus
3370 4416 3505 4454 sane

1914 4499 2136 4560 propter
2165 4506 2273 4545 non
2333 4493 2707 4562 apparentiam
2755 4502 2810 4545 et
2866 4493 3498 4562 imprazmcditationem.

207 4579 298 4638 νε,
330 4579 507 4649 αὐτῆς
537 4582 631 4633 καὶ
667 4583 1008 4652 ἀπρόοπτον
1043 4550 1334 4661 πρόσωπον
1365 4592 1422 4646 δὲ
1453 4598 1550 4665 τῆς
1611 4550 1738 4668 γέ.ςῖ
1771 4602 1803 4671 ἡ

1921 4583 2104 4637 Facies
2137 4592 2324 4637 autem
2360 4592 2519 4638 terrae
2552 4595 2637 4639 est
2665 4583 2989 4655 superficies
3019 4593 3076 4639 et
3130 4586 3400 4655 apparitio
3430 4589 3497 4641 il-

203 4669 509 4735 ézt'po'tvua
552 4673 744 4742 αὐτῆς·
780 4677 1084 4747 καθήμενοι
1140 4681 1196 4734 δὲ
1230 4685 1279 4735 ot
1333 4685 1639 4752 διάγοντες.
1669 4687 1804 4744 Εἶτα

203 4759 362 4825 λέγει
387 4762 483 4814 καὶ
514 4765 645 4836 περὶ
679 4769 777 4838 τῆς
807 4775 1140 4842 προσευχῆς,
1173 4778 1254 4829 ὅτι
1293 4779 1680 4847 Ἀγρυπνεῖτε
1731 4785 1803 4838 ἐν

203 4851 390 4903 παντί
447 4853 634 4920 καιρῷ
690 4859 984 4927 δεόμενοι,
1044 4866 1145 4918 ἵνα
1179 4871 1590 4941 καταξιωθῆτε
1619 4877 1803 4946 ἐκρυ-

376 4944 578 5039 πιίντα
633 4952 704 5003 τὰ
753 4952 1065 5020 μέλλοντα
1100 4961 1359 5026 γενέσθαι
1397 4967 1534 5037 (40),
1593 4942 1797 5039 δηλοδὴ

203 5033 356 5103 παρὰ
387 5036 499 5089 τῶν
528 5039 768 5108 πλάνων,
799 5048 891 5097 καὶ
939 5048 1041 5101 ὃσα
1090 5050 1260 5110 δεινά.

1907 4674 2034 4729 lius.
2079 4673 2348 4730 Sedentes
2386 4692 2517 4730 vero
2565 4686 2692 4731 sunt
2730 4677 2998 4742 viventes,
3050 4689 3143 4731 aut
3173 4680 3227 4731 in
3285 4681 3494 4732 mundo

1904 4765 2189 4835 degentes.
2228 4767 2438 4822 Deinde
2476 4767 2610 4822 dicit
2637 4767 2800 4822 etiam
2839 4771 2904 4822 de
2939 4769 3211 4824 oralione:
3260 4770 3494 4841 Vigilalc

1903 4859 2048 4910 omni
2092 4868 2345 4926 tempore,
2381 4869 2656 4928 precantes
2715 4871 2770 4912 ut
2808 4863 2955 4930 digni
3014 4861 3322 4914 habeamini
3361 4863 3498 4928 επη-

1902 4964 2020 5018 gere
2086 4951 2264 5004 omnia
2328 4953 2438 5005 Iure
2499 4969 2618 5023 qua:
2672 4963 2893 5007 ventura
2961 4964 3080 5008 sunt
3133 4954 3217 5018 ‘9,
3270 4970 3299 5008 a
3337 4956 3502 5008 sedu-

1907 5042 2154 5096 ctoribus
2189 5044 2462 5108 videlicet,
2525 5055 2579 5100 et
2637 5061 2976 5116 quiscunque
3017 5047 3118 5101 alia
3186 5057 3349 5102 erunt
3403 5063 3498 5116 pe-

1909 5136 2102 5190 rit-ula.

273 5289 320 5320 ⁶⁶
359 5288 496 5344 Luc.
531 5306 664 5359 xvn,
690 5295 782 5350 54.
896 5299 938 5330 ⁸⁷
969 5299 1137 5356 Marc.
1177 5319 1294 5372 XIII,
1320 5309 1435 5362 35..
1491 5311 1533 5344 ⁸⁸
1574 5313 1707 5370 Luc.
1743 5333 1830 5372 xm

1930 5317 1976 5383 ι,
1998 5317 2086 5371 :55.
2165 5320 2209 5350 σθ
2243 5320 2371 5374 una.
2413 5321 2501 5374 56.

1411 5493 1607 5556 Varias
1665 5496 1970 5564 lectiones
1999 5508 2059 5563 et
2094 5509 2286 5564 notae.

274 5667 391 5738 (37)
434 5671 520 5735 Ὀ,
547 5675 805 5753 anteAeic,
852 5689 907 5733 et
942 5681 996 5747 ἡ,
1047 5693 1172 5753 ante
1211 5685 1333 5753 μία,
1385 5685 1589 5743 omittit
1630 5692 1796 5747 etiam

198 5750 439 5807 uterque
471 5744 640 5797 codex
673 5745 726 5798 in
751 5744 1010 5804 contextu
1047 5744 1226 5807 Luem:

271 5809 388 5896 (οδ)
430 5811 558 5866 ll:rc
591 5828 785 5895 neuter
817 5835 1060 5896 meorum
1087 5826 1351 5892 agnoscit.
1381 5826 1536 5883 Uu-lc
1570 5834 1794 5896 repetita

201 5891 408 5944 essent,
435 5898 514 5954 rei
535 5891 678 5941 crirc
707 5903 812 5943 non
842 5892 1012 5961 potui.
1043 5891 1260 5949 Interim
1292 5915 1418 5968 ergo
1451 5899 1565 5969 ipse
1609 5891 1795 5961 (ζτίνες

1901 5694 2129 5748 reddidi.
2221 5745 2226 5751 .

1972 5765 2082 5829 (59)
2114 5767 2325 5822 Inclusa
2359 5769 2680 5826 exciderunt
2712 5772 2772 5826 A.

1978 5836 2089 5906 (40)
2122 5839 2279 5895 Auud
2318 5839 2518 5896 Lucam
2553 5843 2800 5910 γίνεσθαι
2832 5843 2992 5899 habet
3026 5852 3276 5914 uterque.
