4100 6430
634 382 737 442 (:27

636 581 834 636 dicitur
867 596 1054 652 quarta
1109 600 1233 654 pars
1264 587 1456 646 noctis,
1502 594 1659 654 prout
1708 585 1870 638 etiam
1916 583 2040 636 alibi
2073 582 2208 635 dixi-

635 689 779 726 mus.
813 675 1122 730 Parabolice
1151 685 1331 730 autem
1369 693 1516 730 nunc
1554 676 1705 739 dicit,
1741 676 1883 745 quod
1920 675 1963 728 si
2016 673 2206 727 scisset

644 764 806 818 homo
855 781 963 834 quo
1009 779 1254 836 tempore
1286 768 1407 822 ﬁnis
1449 770 1571 822 vitae
1631 784 1744 821 sua;
1779 767 1995 820 futurus
2037 774 2202 827 esset,

639 857 822 924 utique
849 857 990 910 circa
1023 858 1150 912 illud
1195 869 1409 929 tempus
1439 860 1729 930 vigilasset,
1770 868 1825 912 et
1860 869 2202 925 nequaquam

639 945 915 1014 periisset.
950 946 1054 1001 Sed
1090 958 1377 1018 propterea
1407 959 1461 1003 et
1501 963 1844 1002 communem
1865 946 2108 999 omnium
2137 944 2197 996 tl-

632 1051 783 1099 nem,
810 1046 866 1090 et
926 1051 1052 1091 eum
1092 1039 1182 1108 qui
1215 1040 1412 1108 cuique
1439 1039 1690 1109 preprius
1735 1047 1838 1098 est.
1881 1038 2005 1092 fecit
2064 1035 2205 1088 Deus

631 1136 690 1180 ut
737 1127 1067 1196 ignorarent,
1129 1145 1199 1183 ue
1252 1130 1318 1184 ad
1350 1129 1479 1183 illud
1511 1129 1685 1183 solum
1742 1139 1956 1198 tempus
2015 1129 2205 1199 vigila-

633 1228 774 1278 rent.
815 1220 960 1273 omni
1002 1221 1213 1290 reliquo
1245 1220 1382 1274 male
1411 1221 1653 1275 viventes
1686 1237 1700 1272 :
1733 1221 1827 1274 sed
1856 1232 1933 1284 ut,
1963 1236 2084 1275 cum
2117 1223 2203 1274 in-

632 1317 817 1361 eerttts
868 1310 939 1363 sit
965 1308 1110 1373 ﬁnis,
1143 1324 1358 1376 semper
1404 1308 1553 1362 illum
1600 1318 1939 1378 exSpectent,
1989 1324 2205 1378 semper

631 1400 738 1451 sint
770 1400 835 1452 ad
870 1409 1146 1453 certamen
1187 1401 1384 1469 parati.

701 1582 857 1638 Vers.
898 1585 988 1640 μ.
1047 1585 1171 1639 Ideo
1218 1615 1284 1625 —
1318 1596 1567 1640 venturus
1635 1597 1728 1642 est.
1777 1587 1921 1642 Ideo.
1978 1585 2207 1654 Quare?

631 1673 766 1740 Quia
801 1688 1013 1745 tempus
1039 1677 1317 1747 ignoratis.
1350 1676 1403 1730 In
1444 1679 1735 1732 universali
1798 1679 2063 1748 siquidem
2097 1679 2205 1736 line

635 1769 819 1821 mundi
879 1769 1222 1824 manifestum
1258 1777 1362 1833 est,
1414 1769 1559 1840 quod
1604 1769 1866 1824 Dominus
1895 1771 2096 1825 veniet.
2130 1770 2205 1826 De

1873 379 2255 442 EUTIIYMII
2293 378 2652 440 ZIGABENI

711 490 866 544 Vers.
919 493 1008 546 43.
1061 491 1504 546 Illud—suam.
1539 491 1729 563 Vigilia
1786 491 1902 545 sive
1956 488 2200 544 custodia
2235 497 2275 545 Α

2393 488 2623 543 Ἐκεῖνο
2659 519 2721 533 μ-
2746 488 2954 542 αὺτοῦ.
2992 488 3212 558 Φυλακὴ
3253 488 3504 541 καλεῖται
3571 485 3631 538 τὸ
3686 504 3894 553 τεταρ-

2308 581 2574 650 τημόριον
2627 583 2724 650 τῆς
2755 582 2974 644 νυκτὸς,
3006 581 3082 642 ὡς
3117 581 3215 633 καὶ
3251 580 3307 632 ιν
3340 579 3523 642 ἀλλοις
3552 579 3889 648 εἰρήκαμεν.

2313 671 2709 741 ῐΙαραδολικῶς
2758 671 2814 723 δέ
2871 688 3002 739 φησι
3030 671 3148 736 νῦν,
3181 672 3286 734 ὅτι,
3347 671 3443 724 ἑὰν
3500 670 3808 736 ἐγίνωσκεν
3865 671 3893 720 ό

2305 764 2590 835 ἄνθρωπος
2626 766 2680 817 ἐν
2716 764 2850 833 ποίῳ
2888 763 3064 832 καιρῷ
3126 764 3224 832 τῆς
3256 762 3402 829 ζωῆς
3442 761 3608 816 αὐτοῦ
3674 762 3736 812 τὲ
3798 761 3894 812 τέ-

2308 857 2396 919 λος
2430 857 2672 926 ἔρχεται,
2715 856 3092 924 ἐγρηγόρησεν
3122 855 3189 907 ἂν
3222 854 3342 907 κατ’
3379 855 3592 906 ἐκεῖνον
3626 853 3720 904 τὸν
3755 868 3891 903 και-

2311 950 2424 1020 ρὸν,
2451 953 2544 1000 καὶ
2574 949 2673 1000 οὐκ
2700 947 2763 1000 ἂν
2803 947 3069 1001 ἀπώλετο.
3124 943 3285 998 ’Δλλὲ
3339 945 3428 996 διὰ
3484 943 3642 997 τοῦτο
3686 945 3788 996 καὶ
3830 943 3893 994 τδ

2309 1039 2488 1090 κοινὸν
2523 1038 2743 1090 πάντων
2776 1036 2950 1098 τέλος,
2993 1035 3174 1088 καὶτὸ
3202 1035 3336 1088 ῐδιον
3381 1033 3615 1085 ἑκάστου
3673 1031 3888 1084 nano!-

2307 1147 2440 1193 ηκεν
2465 1127 2834 1197 ἀγνοούμενον
2857 1129 2886 1180 ό
2909 1125 3066 1190 Θεὸς,
3101 1125 3187 1178 ῐνα
3215 1126 3290 1196 μὴ
3314 1124 3436 1177 κατ’
3463 1126 3669 1176 ἐκεῖνον
3713 1124 3890 1192 μόνον

2307 1222 2398 1275 τὸν
2469 1221 2658 1292 καιρὸν
2711 1220 2966 1290 νήφωσι,
3028 1219 3118 1270 τὸν
3186 1217 3347 1272 ἄλλον
3403 1218 3621 1270 ἅπαντα
3689 1215 3892 1276 κακῶς

2307 1315 2574 1386 βιοῦντεςο
2619 1313 2734 1366 ἀλλ’
2773 1313 2880 1375 ἴνα,
2905 1311 3000 1365 τοῦ
3031 1311 3217 1372 τέλους
3267 1309 3462 1378 ἀδήλου
3480 1308 3889 1375 τυγχάνοντος.

2305 1407 2562 1459 ἑκάστοτε
2591 1403 2746 1457 τοῦτο
2776 1402 3204 1473 προσδοκῶντες,
3228 1400 3486 1453 ἑκάστοτε
3507 1390 3640 1450 ὦσιν
3673 1396 3891 1465 ἐναγῶν

2305 1515 2425 1548 νιοι.

2377 1589 2479 1641 Διά
2505 1587 2678 1642 τοῦτο
2709 1615 2777 1626 —-
2801 1587 3057 1654 ἔρχεται.
3090 1583 3189 1637 Διά
3221 1581 3399 1645 τοῦτο,
3451 1582 3637 1644 ποῖονς
3669 1580 3775 1632 Διὰ
3826 1578 3888 1630 es

2311 1679 2386 1750 μὴ
2416 1678 2618 1732 εἰδέναι
2646 1678 2738 1730 τὸν
2763 1676 2978 1748 καιρόν.
3041 1675 3132 1728 Ἑν
3170 1673 3268 1742 μὶν
3291 1672 3384 1726 οῦν
3416 1672 3495 1738 τῷ
3545 1670 3890 1739 παγκοσμίῳ

2307 1771 2450 1823 τέλει
2479 1772 2711 1840 φανερὸν
2761 1769 2842 1821 ὅτι
2915 1770 2943 1820 ό
2997 1767 3206 1837 Κύριος
3240 1766 3482 1836 ἔρχεταιο
3527 1765 3654 1833 περὶ
3701 1765 3756 1815 δὲ
3791 1762 3888 1814 τοῦ

639 1858 863 1929 proprio
913 1870 1096 1913 autem
1147 1859 1253 1912 ﬁne
1313 1837 1502 1914 dicunt
1551 1861 1796 1930 quidam,
1869 1863 2012 1928 quod
2072 1877 2204 1914 uno-

2316 1837 2664 1923 iazxoﬁrswt‘;
2712 1861 2811 1929 μέν
2872 1875 3036 1927 φασιν
3089 1860 3193 1924 ὅτι,
3242 1857 3472 1910 ἑκάστου
3549 1853 3888 1924 Χριστιανοῦ

632 1964 852 2020 quoque
883 1952 1198 2006 Christiano
1264 1952 1536 2007 moriente
1593 1952 1748 2007 adest
1786 1952 2047 2006 Dominus
2082 1966 2203 2005 cum

637 2043 840 2096 sanctis
898 2043 1105 2113 angelis
1148 2061 1160 2096 :
1201 2045 1421 2113 quando
1471 2045 1632 2099 etiam
1709 2045 1974 2099 rationem
2030 2044 2206 2099 reddit

636 2130 838 2183 anima.
889 2130 1117 2196 Quidam
1160 2146 1291 2186 vero
1353 2134 1646 2188 adventum
1696 2137 1977 2204 proprium
2042 2133 2203 2198 illius,

636 2222 826 2275 dicunt
878 2223 1167 2290 imperium
1223 2227 1344 2295 ejus
1389 2241 1497 2296 quo
1564 2225 1717 2293 jubet
1776 2235 1833 2279 ut
1883 2227 2062 2280 anima
2119 2240 2208 2279 se-

641 2320 906 2380 paretur.
972 2311 1110 2377 Quia
1158 2323 1339 2367 autem
1414 2315 1468 2366 in
1538 2313 1706 2367 futuri
1753 2314 1945 2383 judicii
1999 2328 2206 2367 memo-

637 2396 770 2445 riam
805 2391 1017 2455 incidit,
1073 2393 1140 2445 ad
1180 2401 1540 2462 prmeeptores
1566 2394 1842 2447 convertit
1871 2408 2205 2462 sermonem,

635 2491 691 2536 et
729 2483 858 2536 dicit
893 2501 906 2536 :

713 2572 846 2628 Vers
910 2575 998 2637 45,
1056 2573 1314 2640 Quisnam
1339 2603 1409 2614 —-
1451 2584 1698 2644 tempore.
1735 2573 2085 2631 Famulitium
2127 2580 2210 2633 di-

636 2663 709 2714 cit
749 2663 896 2733 ipsos
922 2664 1152 2720 famulos
1181 2680 1246 2721 ac
1287 2663 1381 2720 Dei
1422 2679 1645 2733 servos;
1673 2665 1855 2722 cibum
1891 2679 2096 2734 autem,
2123 2687 2208 2724 ra-

639 2757 891 2810 tionalem
925 2757 1254 2811 doctrinam.

723 2846 875 2902 Vers.
917 2848 1006 2902 46.
1063 2848 1351 2903 Beatus—
1383 2852 1459 2905 sic
1530 2851 1830 2919 facientem.
1883 2851 2008 2918 Sic,
2068 2855 2209 2909 sicut

632 2941 818 3006 jussit.

715 3031 871 3088 Vers.
906 3033 994 3087 47.
1031 3035 1286 3088 Amen—
1315 3051 1452 3088 eum.
1527 3037 1583 3090 ln
1631 3053 1883 3108 magnum
1939 3039 2203 3093 honorem

2305 1951 2687 2015 τελευτῶντος,
2717 1949 3078 2020 παραγίνεται
3102 1949 3240 2018 μετά
3275 1949 3383 2002 τῶν
3406 1949 3577 2016 ἁγίων
3605 1949 3887 2014 ἀγγέλων,

2308 2047 2394 2098 ὅτε
2437 2045 2530 2098 καὶ
2564 2043 2928 2110 λογοθετεῖται
2960 2044 2991 2112 ὴ
3027 2042 3193 2110 ψυχή’
3213 2040 3357 2102 τινὲς
3383 2040 3439 2093 δὲ
3468 2040 3682 2093 ἐλευσιν
3710 2040 3890 2106 ἱδικὴν

2308 2136 2472 2190 αὐτοῦ
2523 2137 2739 2202 λέγουσι
2814 2133 2911 2205 τὴν
2970 2134 3218 2187 κέλευσιν
3274 2133 3370 2184 τοῦ
3427 2129 3710 2201 χωρισμοῦ
3774 2132 3881 2199 τῆς

2307 2228 2507 2297 ψυχῆς.
2548 2227 2704 2280 Ἐπεὶ
2740 2226 2796 2278 δὲ
2820 2223 3011 2277 λοιπὸν
3058 2227 3140 2286 εἰς
3165 2224 3265 2294 τὴν
3285 2222 3387 2292 τῆς
3416 2221 3724 2293 μελλούσης
3763 2220 3890 2289 κρε-

2310 2338 2448 2382 σεως
2498 2319 2720 2372 ἑνέόαλε
2769 2319 3015 2388 μνήμην,
3049 2318 3181 2386 πρὸς
3210 2317 3337 2380 τοὺς
3364 2314 3724 2375 διδασκάλους
3754 2313 3892 2384 τρέ-

2310 2429 2400 2468 πει
2420 2415 2512 2466 τὶν
2536 2412 2717 2482 λόγον.
2743 2411 2839 2466 καί
2858 2425 3011 2481 gsner

2386 2580 2797 2650 Τίς-καιρῷ.
2827 2578 3138 2650 Θεραπείαν
3187 2577 3289 2648 μὶν
3334 2576 3486 2644 λέγει
3541 2577 3669 2637 τοὺς
3724 2573 3893 2642 Gepi-

2312 2693 2533 2740 ποντας,
2590 2675 2717 2735 τοὺς
2759 2671 2978 2733 δούλους
3049 2669 3144 2723 τοῦ
3189 2667 3347 2734 Θεοῦ,
3406 2668 3612 2737 τροφὴν
3672 2668 3726 2720 δὲ
3779 2667 3882 2736 τὴν

2318 2767 2569 2836 λογικὴν,
2603 2767 2702 2837 τὴν
2730 2761 3148 2832 διδασκαλικὴν.

2382 2859 2684 2928 Μακάριος
2717 2888 2785 2899 --
2808 2855 3096 2910 ποιοῦντα
3142 2853 3354 2920 οὕτως.
3380 2851 3589 2917 Οὕτως,
3619 2852 3693 2916 ὡς
3725 2869 3896 2920 προσο

2313 2954 2505 3023 ετάγη.

2397 3044 2674 3114 Ἀμήνσ-
2699 3044 2910 3098 αὐτόν.
2953 3042 3064 3113 (Η)
3093 3041 3188 3104 Εἰς
3225 3038 3470 3110 μεγάλην
3501 3037 3694 3090 τοῦτον
3723 3052 3896 3088 κατα-

637 3123 935 3177 constituet
965 3139 1112 3189 eum,
1148 3134 1207 3179 ut
1236 3127 1392 3179 bonis
1427 3128 1540 3180 suis
1568 3127 1791 3198 dignum
1829 3129 1991 3184 ducat
2036 3130 2206 3184 illum.

2316 3140 2504 3209 στήσει
2559 3137 2748 3206 τιμὴν,
2821 3137 2932 3188 τῶν
2992 3133 3217 3202 ἀγαθῶν
3287 3129 3483 3185 ἑαυτοῦ
3553 3126 3892 3192 καταξιώσει

638 3216 720 3269 Τιι
765 3229 894 3269 vero
945 3215 1256 3286 huiusmodi
1299 3233 1365 3270 ne
1391 3217 1618 3272 ulterius
1667 3219 1882 3274 curiose
1925 3221 2207 3276 scruteris.

639 3307 951 3362 Parnbolica
1003 3324 1234 3378 namque
1279 3310 1349 3363 ita
1384 3310 1663 3365 tractanda
1717 3320 1866 3376 sunt,
1929 3313 2084 3382 quasi
2142 3312 2214 3366 si-

637 3399 949 3466 gniﬁcantia
978 3401 1153 3454 solum
1185 3416 1248 3455 ea
1279 3417 1398 3470 quae
1429 3402 1734 3457 necessaria
1776 3411 1926 3457 sunt.

714 3489 845 3543 Vide
897 3499 1078 3543 autem
1114 3491 1258 3558 quod
1285 3492 1394 3546 duo
1441 3494 1558 3547 haec
1587 3491 1787 3547 habere
1813 3502 2065 3564 oporteat
2088 3510 2214 3548 eum

639 3579 731 3645 qui
796 3580 1123 3648 praepositus
1185 3590 1318 3634 est:
1363 3590 1492 3651 puta
1547 3582 1727 3648 ﬁdem,
1756 3598 1828 3636 ne
1878 3585 2114 3637 retineat
2151 3598 2215 3636 ea

644 3685 768 3737 quae
798 3677 930 3724 sunt
964 3685 1378 3734 conservorum,
1439 3682 1534 3726 aut
1563 3673 1832 3727 inutiliter
1881 3683 2169 3729 consumat
2198 3693 2211 3726 :

648 3771 704 3814 et
735 3761 1102 3830 prudentiam,
1148 3773 1206 3817 ut
1243 3763 1502 3820 decenter
1541 3779 1606 3819 ea
1639 3765 1874 3828 dividat,
1932 3781 2052 3833 quae
2107 3765 2214 3820 sibi

642 3851 840 3906 tradita
875 3860 1023 3917 sunt,
1059 3862 1115 3907 et
1144 3868 1268 3907 cum
1295 3855 1497 3924 judicio
1526 3864 1633 3909 tam
1665 3856 1720 3908 in
1743 3857 2022 3918 qualitate,
2051 3840 2216 3926 quam

640 3947 696 3997 in
768 3931 1091 4012 quantitate.
1167 3945 1438 4000 Convenit
1497 3955 1678 4001 autem
1746 3947 1835 4001 hic
1874 3962 2054 4000 sermo
2107 3963 2214 4000 non

643 4033 727 4086 his
759 4042 965 4087 tantum
1000 4033 1091 4102 qui
1119 4033 1319 4090 divites
1348 4046 1477 4089 sunt
1510 4035 1562 4088 in
1597 4050 1873 4098 sermone,
1909 4035 2002 4089 sed
2043 4045 2097 4089 et
2130 4035 2219 4088 his

639 4127 730 4194 qui
766 4126 1016 4194 pecuniis
1060 4140 1124 4179 ae
1169 4126 1607 4194 possessionibus
1641 4125 1838 4181 divites
1898 4137 2050 4181 sunt.
2086 4125 2216 4180 Om-

640 4231 740 4269 nes
794 4216 942 4270 enim
997 4216 1286 4272 constituit
1361 4216 1506 4271 Deus
1564 4217 1969 4286 dispensatores
2027 4232 2214 4271 eorum

639 4323 761 4374 qua:
795 4307 1095 4378 possident,
1141 4307 1327 4362 volens
1359 4316 1415 4360 ut
1468 4322 1660 4363 omnes
1711 4308 1944 4363 ﬁdeliter
1970 4323 2036 4362 ac
2083 4323 2218 4376 pru-

639 4398 834 4452 denter
882 4407 1079 4452 cuncta
1103 4398 1365 4452 dividant.
1423 4395 1694 4453 Praeterea
1725 4399 1829 4453 illis
1862 4414 2080 4469 quoque
2123 4415 2220 4468 ap-

2315 3232 2502 3284 αὐτόν.
2536 3231 2608 3282 Σὺ
2645 3229 2704 3283 δὲ
2756 3228 2926 3299 μηδὲν
2975 3228 3066 3280 ἐπὶ
3120 3227 3229 3278 τῶν
3277 3223 3538 3278 τοιούτων
3574 3220 3892 3291 περαιτέρω

2314 3322 2784 3392 πολυπραγμόνει.
2823 3321 2904 3374 Τὰ
2929 3317 3277 3388 παρασολικά
3311 3314 3441 3384 γὰρ,
3472 3314 3550 3376 ὡς
3574 3310 3891 3382 ἐμφαντικά

2319 3419 2496 3484 μόνων
2525 3416 2633 3464 τῶν
2661 3412 3006 3480 ἀναγκαίων,
3039 3406 3508 3479 μεταχειριστᾶον.

2392 3507 2530 3575 Ὀρα
2587 3505 2644 3557 δὲ
2713 3505 2794 3557 ὅτι
2840 3503 2935 3556 δύο
2974 3500 3151 3554 ταῦτα
3208 3497 3315 3569 χρὴ
3355 3497 3446 3550 τὸν
3487 3494 3894 3565 προϊστάμενον

2317 3599 2484 3668 ἔχειν,
2521 3597 2728 3662 πίστιν,
2760 3596 2902 3650 ὥστε
2949 3594 3022 3664 μὴ
3058 3591 3469 3664 παρακατέχειν
3518 3589 3588 3640 τὰ
3621 3588 3734 3639 τῶν
3769 3602 3896 3638 συν-

2314 3690 2540 3752 δούλων,
2595 3690 2628 3759 ἢ
2683 3691 2862 3757 μάτην
2913 3685 3371 3753 ’παραναλίσκειν⁹
3431 3683 3526 3732 καὶ
3601 3680 3892 3748 φρόνησιν,

2316 3787 2457 3840 ὥστε
2497 3784 2822 3855 πρεπόντως
2852 3780 3134 3848 διανέμειν
3162 3777 3232 3831 τὰ
3262 3774 3748 3844 ἐγκεχειρισμένα,
3798 3771 3895 3821 καὶ

2321 3878 2459 3947 μετά
2516 3877 2843 3941 διακρίσεως
2913 3871 2970 3925 εν
3018 3887 3078 3923 τε
3140 3869 3389 3937 ποιότητι
3445 3866 3542 3918 καὶ
3605 3863 3890 3931 ποσότητι.

2334 3969 2593 4039 Ἀρμόζει
2620 3967 2675 4020 δὲ
2701 3968 2729 4018 ό
2763 3965 2920 4032 λόγος
2960 3957 3117 4025 οὗτος
3139 3963 3201 4014 οὐ
3241 3961 3403 4029 μόνον
3454 3960 3570 4020 τοῖς
3617 3957 3896 4015 πλουσίοις

2320 4063 2403 4122 εἰς
2446 4059 2627 4126 λόγον,
2677 4056 2815 4110 ἀλλὰ
2861 4054 2957 4108 καὶ
3004 4056 3120 4116 τοῖς
3167 4052 3450 4113 πλουσίοις
3505 4051 3586 4112 εις
3611 4052 3893 4119 χρήματα.

2323 4153 2537 4212 Πάντας
2562 4150 2674 4219 (η)
2693 4150 2804 4219 γὰρ
2828 4147 3176 4215 οἰκονόμους,
3201 4140 3276 4198 ὧν
3322 4142 3676 4212 εὐποροῦσιν,
3709 4141 3736 4192 δ
3761 4139 3893 4199 Θεὸς

2321 4247 2645 4314 κατέστησε,
2675 4246 2768 4296 καὶ
2803 4241 3056 4312 βούλεται
3087 4239 3300 4302 πάντας
3337 4236 3546 4299 πιστῶς
3580 4237 3676 4288 καὶ
3715 4233 3898 4305 φρονι-

2326 4356 2443 4409 μως
2469 4338 2648 4391 πάντα
2683 4334 2984 4405 διανέμειν.
3022 4332 3183 4385 Ἀλλὰ
3214 4334 3310 4383 καὶ
3336 4333 3449 4391 τοῖς
3481 4327 3769 4397 ἡντιναοῦν
3801 4327 3894 4394 ἀρ’

2323 4432 2429 4502 χὴν
2461 4426 2969 4498 ἑγκεχειρισμένοις
2991 4427 3019 4478 ό
3046 4424 3207 4491 λόγος
3233 4423 3315 4475 ἔτι
3339 4423 3634 4492 προσήκει.
3674 4420 3761 4471 Δεῖ
3789 4419 3895 4485 γὰρ

643 4496 791 4540 tatur
843 4487 930 4542 hic
983 4503 1201 4549 sermo,
1254 4488 1345 4557 qui
1405 4489 1769 4558 principatum
1836 4504 2213 4558 quemcunque

2325 4487 2423 4573 ἷωίι
2453 4487 2699 4576 τούτόυξ
2727 4487 2802 4586 μή
2856 4515 2994 4584 πρὸς
3055 4487 3192 4566 ἰδίαν
3248 4487 3466 4564 εῦνοιαν
3509 4487 3555 4580 ἢῆ
3606 4509 3894 4578 ἀπέχθειαν

643 4587 999 4645 acceperunt;
1069 4585 1282 4646 oportet
1329 4577 1474 4631 enim
1550 4587 1606 4630 et
1655 4578 1800 4646 ipsos
1883 4593 1992 4632 non
2064 4580 2218 4649 juxta

645 4667 924 4737 propriam
990 4669 1428 4723 benevolentiam
1464 4678 1557 4723 aut
1607 4669 1947 4724 inimicitiam
1989 4670 2223 4724 admini-

644 4771 822 4814 strare
845 4759 1008 4829 (quod
1030 4759 1238 4815 fraudis
1263 4761 1416 4827 estlet
1445 4760 1827 4832 inﬁdelitatis),
1855 4776 2032 4832 neque
2057 4763 2222 4817 stulte

647 4861 702 4905 et
734 4851 1130 4920 imprudenter.

719 4943 985 4999 Vcrs.d8.
1048 4944 1245 5007 Quodsi
1272 4975 1339 4984 -——
1370 4945 1524 5001 Vers.
1575 4944 1663 5000 50.
1737 4946 1967 5016 ignorat.
2014 4945 2218 4999 Servus

648 5039 738 5091 ille
772 5037 970 5099 malus,
1011 5037 1103 5108 qui
1135 5037 1438 5092 videlicete
1460 5038 1678 5093 diverso
1736 5039 1972 5093 inﬁdelis
2002 5049 2059 5092 et
2108 5040 2213 5092 im-

648 5125 890 5192 prudens
929 5125 1126 5190 evasit,
1174 5126 1219 5180 si
1247 5134 1443 5192 putans
1471 5132 1719 5182 cunctari
1738 5128 2022 5182 dominum
2058 5144 2216 5182 suum

648 5229 715 5268 eo
750 5216 895 5284 quod
954 5217 1100 5270 diem
1135 5215 1351 5286 ignorat
1385 5226 1441 5270 et
1492 5217 1700 5283 horam,
1762 5229 1819 5272 ut
1862 5219 2066 5272 dictum
2112 5228 2216 5281 est,

2323 4614 2570 4676 διοικεῖν,
2613 4610 2751 4678 ὅπερ
2801 4607 2919 4659 ἐστὶ⁵
2966 4605 3274 4673 νοσφισμοῦ
3308 4603 3406 4656 καὶ⁸
3441 4602 3723 4663 ἀπιστίας,
3767 4597 3896 4668 μηδὲ

2325 4706 2577 4776 ἀφρόνως
2615 4702 2710 4754 καὶ
2745 4699 3042 4760 ἀσυνέτως.

2411 4945 2546 4998 Ἐὰν
2576 4941 2646 4994 δὲ
2678 4968 2737 4979 -ν-
2767 4937 3068 5007 γινώσκει.
3109 4933 3170 4984 '0
3211 4932 3381 4993 κακὸς
3429 4927 3617 4992 δοῦλος
3673 4928 3893 4985 ἐκεῖνος,

2328 5039 2355 5091 ὁ
2383 5032 2694 5090 τούναντίον
2727 5032 2958 5091 ἄπιστος
3005 5028 3100 5081 καὶ
3149 5025 3339 5094 ᾶςρρων
3374 5023 3612 5085 ἀποϐὰς,
3647 5023 3768 5080 ἐὰν,
3795 5015 3894 5068 οἱὸ-

2333 5143 2493 5195 μενος
2543 5122 2828 5194 βραδύνειν
2879 5120 2974 5172 τὸν
3019 5116 3228 5186 Κύριον
3258 5111 3452 5178 αὑτοῦ,
3488 5112 3576 5164 διὰ
3601 5112 3660 5163 τὸ
3689 5109 3896 5176 ἀγνοεῖν

2330 5217 2428 5286 τὴν
2467 5215 2705 5287 ἡμέραν,
2763 5212 2837 5274 ὡς
2869 5211 3110 5281 εἴρηται,
3158 5208 3250 5260 καὶ
3291 5205 3391 5274 τὴν
3451 5203 3626 5273 ὥραν,
3676 5201 3898 5270 ἄρξηται

1837 5373 2036 5433 Varius
2089 5374 2393 5435 lectiones
2437 5378 2497 5431 et
2527 5375 2719 5431 notua.

726 5536 836 5605 (41)
862 5535 978 5589 Huc
1009 5552 1074 5591 ex
1108 5540 1347 5606 margine
1375 5537 1457 5591 sui
1491 5536 1694 5593 codicis
1726 5537 2027 5590 Hentenius
2058 5536 2224 5589 refert

652 5607 770 5660 lucc
797 5625 810 5660 :
843 5606 1138 5660 Justissime
1170 5625 1297 5660 sane
1330 5619 1580 5674 tanquam
1609 5608 1914 5674 prudentem
1950 5617 1996 5658 et
2023 5607 2225 5658 studio-

654 5693 796 5730 sum.
827 5677 890 5730 Id
920 5688 1096 5730 autem
1129 5693 1230 5729 non
1272 5679 1331 5730 de
1361 5679 1488 5730 solis
1523 5678 1752 5744 pecuniis
1792 5693 1855 5728 ac
1884 5677 2226 5745 possessioni-

657 5747 754 5798 bus
783 5748 976 5799 dictum
1002 5757 1098 5809 est,
1125 5749 1214 5801 sed
1239 5757 1285 5798 et
1315 5751 1379 5800 de
1414 5762 1651 5800 sermone
1681 5762 1806 5814 erga
1849 5756 2092 5809 mentem,
2118 5763 2227 5798 om-

660 5817 816 5887 nique
844 5817 1252 5886 dispensatione,
1285 5833 1441 5884 quam
1475 5818 1689 5885 quisque
1722 5825 1904 5868 nactus
1937 5828 2029 5870 est.

2406 5535 2518 5602 (42)
2555 5536 2673 5588 Huc
2713 5533 2880 5587 refert
2932 5547 2998 5586 ex
3034 5531 3275 5600 margine
3320 5532 3401 5584 sui
3435 5528 3646 5585 codicis
3708 5526 3896 5580 Hente-

2337 5607 2458 5659 nius
2493 5604 2646 5659 hmc:
2683 5603 2965 5656 Dominum
2991 5602 3308 5654 constituens
3348 5613 3770 5666 unumquemque
3789 5609 3896 5660 ergo

2336 5693 2443 5735 eos,
2489 5677 2577 5743 qui
2623 5677 2856 5741 ipsorum
2909 5673 3142 5743 indigent
3183 5669 3896 5743 liberalitate.“Studeamus

2338 5728 2516 5813 itaque
2547 5728 2664 5796 cum
2696 5744 2836 5796 omni
2873 5728 3066 5813 gaudio
3119 5756 3183 5792 ac
3228 5741 3644 5808 promptituditte
3680 5754 3762 5801 ca,
3797 5746 3896 5802 qua:

2342 5812 2728 5885 acquisivimus,
2755 5829 2847 5881 δρα
2858 5827 3001 5882 rgerc
3021 5812 3073 5864 in
3104 5826 3380 5879 pauperes.
