4080 6390
220 341 337 404 ειὲῧ

1065 352 1456 418 (ὈΜΜΕΝΤ.
1500 355 1578 416 ΙΝ
1624 355 2094 417 ΜΑΤΤΗίΕυΜ.
2131 385 2199 423 -.
2240 359 2401 420 CAP.
2442 360 2620 421 XXV.

3401 355 3507 418 630

212 454 448 506 τύπτειν
499 455 628 520 τοὺς
689 457 1016 527 ὁμοδούλους
1068 463 1258 527 αὐτοῦ,
1303 466 1582 518 τουτέστιν
1639 468 1816 520 ὁπωσ-

1928 469 2151 536 cmperit
2200 470 2495 526 verberare
2547 484 2848 524 conservos
2899 483 3051 534 suos,
3083 468 3188 523 hoc
3211 476 3295 522 est
3316 468 3512 537 quovis

209 546 417 617 δήποτε
486 547 744 618 βλάπτειν
795 552 992 616 αὐτοὺς
1069 555 1182 609 εῐτε
1249 556 1496 627 ψυχικῶς
1548 557 1658 612 εἴτε
1713 577 1815 614 σωο

219 638 497 705 ματικῶςο
528 638 685 712 ἐσθίῃ
717 641 774 694 δι
807 643 900 696 καὶ
943 645 1080 715 πίνῃ
1130 649 1270 716 μετὰ
1309 648 1421 701 τῶν
1476 649 1810 720 μεθυόντων,

215 728 389 799 ἧγουν
423 733 938 804 συναναστρέφηται
1005 736 1231 804 φαύλοις
1259 740 1355 792 καὶ
1385 739 1815 811 διεφθαρμένοις

219 820 566 892 ἀνθρώποις,
625 825 958 896 ἁπροόπτως
1015 827 1491 901 ἐπικαταλήψεται
1551 831 1742 886 τοῦτον
1787 836 1815 887 ὁ

215 912 414 985 κύριος
439 914 608 968 αὐτοῦ
633 930 647 944 ⁶

289 1006 404 1060 Kal
443 1037 518 1047 —
541 1008 753 1064 αὐτόν.
800 1009 964 1078 Διέλη
995 1011 1108 1083 (45)
1153 1012 1420 1069 ἁπάύτοῦ
1445 1014 1510 1068 τὺ
1538 1017 1818 1091 οίκονομι-

216 1098 320 1150 κὸν
369 1099 614 1171 ἀξίωμα.

290 1189 390 1261 [Ἢ
424 1189 536 1261 (δέ)
570 1191 891 1263 διχοτομίαν
951 1193 1103 1264 λέγει
1154 1196 1255 1266 τὴν
1295 1199 1544 1272 παντελῆ
1576 1203 1672 1257 καὶ
1701 1203 1816 1274 διη-

215 1284 350 1352 νεκῆ
382 1284 677 1356 ἀφαίρεσιν
703 1287 804 1356 τῆς
845 1286 1072 1358 χάριτος
1112 1288 1210 1343 τοῦ
1244 1291 1404 1361 ἁγίου
1469 1294 1814 1367 Πνεύματος.

219 1375 286 1429 El
347 1378 460 1448 γὰρ
517 1379 642 1449 μηδ’
679 1378 920 1433 ἐνταῦθα
975 1382 1099 1445 ταῖς
1155 1382 1578 1454 βεδηλωσάσαις
1639 1389 1814 1460 αὐτὴν

216 1468 608 1539 ἀνακέκραται
667 1469 893 1540 ψυχαῖς,
934 1471 1053 1525 ἀλλ’
1084 1470 1179 1527 οὖν
1238 1473 1481 1544 πάρεστι
1521 1479 1634 1541 τοίς
1666 1478 1819 1544 ἅπαξ

219 1561 723 1632 ισφραγισμένοις,
781 1564 1138 1634 ἁναμένουσα
1184 1567 1284 1637 τὴν
1318 1569 1662 1642 ἐπιστροφὴν
1714 1573 1816 1626 αὺ-

213 1653 352 1716 τῶν,
389 1653 514 1706 τότε
563 1652 621 1706 δὲ
675 1653 963 1713 παντελῶς
999 1655 1096 1709 καὶ
1125 1655 1397 1725 διηνεκῶς
1443 1662 1625 1715 αὐτῶν
1656 1663 1816 1716 ἀλλο-

211 1744 638 1820 τριωθήσεται.]

287 1837 398 1890 Καὶ
440 1838 507 1890 τὸ
543 1806 726 1909 μέρος
758 1871 829 1882 -
855 1842 1147 1904 ὀδόντων.
1209 1847 1390 1918 Μέρος
1431 1849 1599 1903 αὑτοῦ
1658 1849 1812 1919 λέγει
1851 1806 1894 1862 Β

217 1929 392 1982 αὑτὸν
423 1931 657 1996 ἐκεῖνον,
685 1932 763 1998 ὠς
796 1935 896 2013 ᾔδη
942 1941 1361 2010 κεχωρισμένον
1397 1940 1505 1994 ἀπὸ
1542 1940 1637 1994 τοῦ
1670 1944 1816 1996 οἱκο-

213 2018 450 2088 νομικοῦ
483 2020 824 2090 ἀξιώματος.
882 2025 951 2079 Ἣ
981 2027 1132 2098 διέλη
1169 2028 1284 2100 (45)
1321 2031 1491 2082 αὐτὸν
1537 2033 1647 2085 ἀπὸ
1703 2033 1816 2088 τῶν

216 2109 583 2182 θεραπόντων
608 2115 800 2177 αὐτοῦ.
843 2120 937 2172 καὶ
964 2122 1055 2173 τὸν
1082 2122 1289 2193 κλῆρον
1314 2122 1482 2176 αὐτοῦ
1516 2123 1674 2195 θήσει
1712 2143 1815 2193 μευ

212 2204 284 2256 τὰ
333 2204 442 2258 τῶν
493 2205 828 2274 ὑποκριτῶν,
863 2208 938 2273 ὼς
971 2211 1408 2282 ὑποκρινομένου
1449 2214 1554 2284 μὲν
1607 2218 1818 2270 οἰκονο-

217 2296 346 2363 μεῖν
371 2299 467 2348 καὶ
495 2298 885 2366 προΐστασθαι,
920 2301 1257 2370 βλάπτοντος
1283 2303 1341 2358 δὲ
1396 2304 1617 2375 μᾶλλον.
1680 2307 1815 2378 Διχῆ

212 2387 405 2440 τοίνυν
465 2388 748 2461 διήγειρεν
805 2394 887 2455 εὶς
936 2393 996 2447 τὸ
1043 2397 1242 2465 νήφειν
1280 2397 1394 2462 ἀεὶ,
1431 2400 1527 2451 καὶ
1556 2398 1666 2452 ἀπὸ
1716 2399 1820 2468 τῆς

214 2477 606 2550 ἀποκειμένης
645 2481 722 2552 τῷ
751 2483 930 2553 πιστῷ
963 2485 1058 2538 καὶ
1087 2485 1342 2558 φρονίμῳ
1393 2488 1571 2561 δούλῳ
1623 2491 1816 2562 τιμῆς,

217 2572 317 2624 καὶ
356 2573 464 2624 ἀπὸ
490 2572 592 2642 τῆς
623 2575 894 2646 μενούσης
929 2577 1021 2629 τὸν
1072 2580 1242 2632 κακὸν
1293 2579 1486 2634 δοῦλον
1520 2583 1817 2654 τιμωρίας.

221 2663 449 2735 Ταύτην
479 2663 537 2717 δὲ
566 2666 666 2736 τὴν
721 2668 1045 2739 παραϐολὴν
1081 2672 1174 2724 καὶ
1202 2672 1232 2724 δ
1265 2672 1483 2736 Λουκᾶς
1510 2674 1820 2747 ἀνέγραψεν

217 2755 282 2808 ἐν
321 2756 401 2825 τῷ
448 2760 882 2829 τεσσαρακοστῷ
940 2760 1088 2832 ἕκτῳ
1133 2763 1442 2836 κεφαλαίῳ,
1499 2769 1556 2820 ὲν
1593 2760 1637 2834 ᾧ
1680 2785 1818 2839 φησι

219 2849 358 2917 περὶ
411 2849 504 2902 τοῦ
557 2850 734 2927 κακοῦ
787 2852 1002 2918 δούλου,
1045 2855 1130 2906 ὅτι
1181 2856 1290 2910 Kal
1319 2859 1387 2912 τὸ
1411 2858 1601 2927 μέρος
1626 2861 1818 2915 αὐτοῦ

213 2939 370 3009 μετὰ
391 2939 512 2994 τῶν
536 2941 811 2996 ἀπίστων
827 2939 1022 3010 θήσει.
1044 2946 1154 2999 Kal.
1176 2947 1226 2999 oi
1250 2947 1472 3002 ἄπιστοι
1495 2949 1552 3002 δὲ
1598 2950 1820 3015 πάντως

222 3030 556 3099 ὑπικριταί.
609 3033 1076 3101 Ἐπαγγέλλονται
1129 3037 1232 3106 μὲν
1261 3039 1371 3108 γὰρ
1405 3039 1610 3095 εἰδέναι
1655 3042 1818 3106 Θεὸν,

1917 560 2078 614 modo
2115 561 2218 616 illis
2250 578 2472 624 nocere.
2496 563 2614 617 sive
2643 562 3005 632 corporaliter
3038 561 3156 615 sive
3205 558 3511 630 spirituali-

1919 662 2022 708 ter.
2057 652 2194 707 Edat
2230 666 2413 709 autem
2445 664 2499 708 et
2524 655 2673 709 bibat
2709 670 2834 720 cum
2869 651 3062 714 ebriis,
3098 651 3202 706 hoc
3233 658 3340 714 est,
3387 665 3515 703 con-

1917 752 2166 797 versetur
2222 759 2348 798 cum
2405 743 2679 814 perversis
2733 753 2788 798 et
2835 742 3109 812 corruptis
3168 739 3514 801 hominibus.

1917 831 2216 904 improvise
2239 833 2613 904 deprehendet
2643 847 2781 905 eum
2798 830 3057 886 dominus
3083 845 3240 884 suns.

1992 1017 2152 1074 Vers.
2191 1019 2283 1076 5L
2337 1014 2406 1072 Et
2429 1025 2507 1058 '—
2534 1033 2695 1082 eum,
2727 1013 3019 1086 Separabit
3071 1013 3142 1068 ab
3168 1027 3236 1068 eo
3285 1011 3515 1081 dispen-

1918 1111 2076 1166 sandi
2113 1110 2456 1181 dignitatern.

1991 1202 2032 1272 -ι-
2055 1201 2389 1257 Divisionem
2419 1201 2540 1272 ejus
2558 1199 2694 1254 dicit
2715 1196 3092 1253 omnimodam
3115 1204 3172 1250 et
3191 1202 3513 1264 perpetuam

1922 1293 2109 1365 gratiae
2133 1291 2376 1363 Spiritus
2441 1291 2614 1347 sancti
2663 1289 3019 1344 ablutionem.
3056 1286 3216 1353 Quod
3248 1287 3292 1340 si
3337 1298 3516 1353 neque

1921 1401 2070 1441 nunc
2097 1385 2489 1440 commiscetur
2507 1382 2799 1437 animabus
2824 1396 2944 1436 eam
2971 1377 3478 1434 contaminautibus
3498 1417 3512 1439 ,

1920 1485 1976 1530 at
2010 1475 2205 1530 saltem
2231 1474 2393 1528 adest
2423 1473 2530 1533 his,
2565 1472 2658 1542 qui
2715 1471 2887 1526 semel
2922 1485 2986 1524 ea
3048 1479 3181 1524 sunt
3237 1465 3511 1538 insigniti,

1922 1577 2253 1638 exspectans
2294 1566 2717 1621 conversionem
2777 1565 3070 1634 ipsorum:
3124 1571 3258 1617 tunc
3326 1567 3515 1614 autem

1922 1661 2152 1716 omnino
2183 1668 2239 1715 et
2278 1668 2548 1730 perpetuo
2571 1656 2924 1713 alicnabitur.

1998 1843 2155 1900 Vers.
2205 1843 2296 1899 5i.
2359 1842 2682 1912 Parumque
2711 1840 3064 1895 -dentium.
3132 1836 3352 1892 Partem
3395 1836 3518 1906 ejus

1919 1938 2056 1993 dicit
2087 1952 2212 1991 eum
2246 1935 2449 2005 ipsum,
2472 1933 2797 2004 utpotejam
2833 1931 3070 1987 divisum
3104 1947 3133 1984 a
3159 1930 3517 1999 dispensato-

1918 2029 2001 2084 ria
2055 2027 2357 2098 dignitate:
2419 2032 2515 2078 aut
2565 2022 2776 2078 dividet
2806 2036 2982 2076 euma
3019 2019 3138 2074 suis
3181 2017 3514 2073 cultoribus.

1920 2122 2152 2193 ejusque
2202 2129 2406 2174 sortem
2467 2124 2638 2186 ponet
2686 2129 2815 2170 cum
2864 2110 3187 2183 hypocritis,
3250 2117 3513 2178 tanquam

1923 2215 2220 2284 ﬁngentem
2242 2227 2300 2267 se
2323 2212 2648 2280 dispensare
2674 2222 2740 2262 ac
2791 2205 3146 2276 praepositum
3190 2217 3334 2267 esse,
3392 2216 3518 2271 cum

1923 2309 2108 2378 potius
2159 2305 2390 2360 nocivus
2450 2302 2542 2357 sit.
2594 2300 2854 2355 Biiariam
2905 2298 3093 2366 itaque
3144 2293 3527 2356 excitavitad‘

1922 2415 2140 2468 semper
2164 2394 2501 2469 vigilandum
2535 2411 2548 2447 :
2576 2400 2631 2447 et
2674 2405 2743 2446 ex
2785 2389 2999 2443 honore
3030 2388 3124 2458 qui
3177 2400 3340 2441 servo
3367 2382 3517 2439 ﬁdeli

1920 2509 1987 2548 ac
2025 2490 2284 2563 prudenti
2313 2486 2619 2559 reponitur,
2650 2495 2710 2540 et
2742 2499 2809 2540 ex
2841 2481 3116 2553 supplicio
3138 2479 3289 2550 quod
3312 2479 3515 2532 malum

1923 2591 2204 2654 exspectat
2252 2593 2497 2635 servum.
2549 2575 2706 2631 Hanc
2754 2585 2939 2631 autem
2985 2571 3302 2643 paraholam
3338 2569 3515 2623 Lucas

1923 2690 2146 2746 quoque
2178 2672 2402 2743 scripsit
2425 2669 2853 2740 quadragesimo
2883 2674 3039 2721 sexto
3070 2664 3273 2734 capite,
3323 2663 3379 2715 in
3409 2676 3520 2730 quo

1923 2770 1992 2825 de
2020 2768 2164 2822 malo
2215 2779 2377 2821 servo
2428 2764 2526 2828 ait,
2553 2760 2885 2829 Partemque
2918 2758 3035 2828 ejus
3066 2773 3186 2809 cum
3213 2754 3518 2824 inﬁdelibus

1923 2860 2164 2931 ponet".
2217 2855 2472 2912 lniideles
2535 2837 2719 2908 autem
2754 2850 2944 2920 utique
2997 2848 3162 2902 etiam
3217 2844 3520 2917 hypocrita:

1925 2961 2094 3009 sunt:
2128 2949 2458 3020 promittunt
2486 2947 2634 3001 enim
2692 2959 2752 2999 se
2803 2956 2965 2997 nosse
2990 2940 3184 3001 Deum.
3238 2937 3336 2992 sed
3361 2952 3519 2991 men-

1926 3045 2161 3100 tiuntur.
2193 3043 2261 3096 Et
2285 3041 2357 3095 ita
2381 3045 2691 3095 consonant
2715 3049 2839 3106 qua:
2882 3033 3028 3088 dicta
3091 3041 3219 3086 sunt
3246 3045 3262 3094 ;
3296 3027 3444 3098 quod
3473 3030 3520 3082 si

216 3121 512 3191 ψεύδονται
540 3123 618 3178 δέ.
653 3125 763 3177 Καὶ
794 3124 938 3179 οὕτω
968 3128 1327 3196 συμφωνοῦσι
1360 3132 1430 3184 τὰ
1463 3133 1626 3203 ῥητά.
1665 3133 1727 3185 Εἰ
1754 3132 1812 3187 δὲ

1928 3137 2091 3193 etiam
2120 3136 2342 3190 dissona
2371 3139 2523 3196 sunt,
2562 3127 2696 3183 nihil
2732 3125 2933 3182 mirum
2961 3144 2977 3182 ;
3001 3123 3168 3178 variis
3194 3121 3342 3176 enim
3367 3119 3515 3174 dicta

217 3213 321 3266 καὶ
349 3214 738 3283 διαφωνοῦσιν,
796 3215 951 3268 οὐδὲν
1018 3221 1249 3270 καινόν’
1319 3220 1462 3272 κατὰ
1512 3219 1807 3292 διαφόρους

218 3307 335 3378 γὰρ
365 3309 594 3379 καιροὺς
616 3309 885 3382 εἴρηνται.

402 3424 562 3478 ΚΕΦ.
599 3424 728 3478 NG'.
782 3426 923 3494 Περὶ
962 3426 1084 3481 τῶν
1127 3429 1277 3484 δέκα
1305 3430 1620 3498 παρθένων

301 3515 883 3582 Τότε-παρθένοις.
920 3517 1217 3572 Βασιλείαν
1261 3519 1375 3574 τῶν
1413 3519 1665 3592 οὐρανῶν
1693 3521 1822 3574 ίδιο-

218 3607 449 3678 τρόπως
472 3606 626 3676 λέγει
659 3607 756 3663 νῦν
788 3608 930 3662 αὐτὰ
953 3610 1025 3662 τὰ
1069 3613 1212 3664 κατὰ
1251 3613 1351 3681 τὴν
1396 3611 1684 3682 βασιλείαν
1710 3613 1821 3667 τῶν

219 3700 478 3774 οὗρανῶν
506 3703 855 3773 γενησόμενα
883 3704 1030 3757 τότεο
1065 3705 1376 3776 παρθένους
1421 3707 1478 3761 δὲ
1528 3709 1656 3771 τοὺς
1679 3725 1822 3781 παρ-

223 3794 571 3860 θενεύοντας,
598 3796 710 3850 εἴτε
742 3797 937 3870 ἄνδρες
971 3793 1129 3866 ὦσιν,
1160 3799 1271 3853 εἴτε
1312 3803 1596 3868 γυναῖκες.
1619 3803 1746 3874 Χρὴ
1766 3803 1822 3857 δὲ

223 3885 524 3957 γινώσκειν
553 3890 636 3942 ὃτι
663 3891 721 3942 ὲν
746 3892 844 3960 μὲν
870 3893 937 3962 τῇ
968 3892 1075 3961 πρὸ
1099 3893 1307 3961 ταύτης
1334 3892 1626 3965 παραϐολῇ
1653 3896 1821 3949 καθο-

222 3979 529 4052 λικώτερον
551 3985 681 4053 περ)⁵
701 3983 885 4053 πάσης
913 3983 1187 4053 ὠφελείας
1204 3985 1304 4056 τῆς
1331 3988 1409 4050 εἰς
1446 3987 1574 4050 τοὺς
1597 3988 1826 4057 ὁμοδού-

222 4074 355 4136 λους
372 4074 732 4145 ὀφειλομένης
748 4076 1009 4142 ἐδίδαξεν·
1035 4080 1093 4130 ἐν
1109 4077 1285 4150 ταύτῃ
1300 4078 1355 4130 δὲ
1376 4078 1690 4151 ἰδικώτερον
1709 4081 1827 4134 δια-

221 4162 451 4232 λέγεται
479 4166 608 4234 περὶ
627 4164 800 4236 μόνης
816 4165 915 4237 τῆς
936 4167 996 4218 ἐν
1026 4166 1301 4237 χρήμασι.
1333 4168 1645 4239 Παρθένους
1667 4167 1724 4220 δὶ
1755 4169 1822 4238 τῇ

222 4255 520 4328 παραδολῇ
550 4255 646 4309 νῦν
681 4257 1004 4329 ὑποτίθησιν
1051 4259 1149 4329 οὐχ
1201 4258 1410 4324 ἁπλῶς,
1463 4258 1583 4323 ἀλλῗ
1636 4260 1826 4331 ἔπειδὴ

226 4350 376 4418 μέγα
401 4350 501 4416 τὴν
551 4351 856 4422 παρθενίαν
883 4351 1192 4417 ἀπέδειξεν,
1242 4354 1300 4405 ἐν
1357 4346 1440 4414 οἷς
1490 4347 1648 4405 εἶπεν
1673 4367 1689 4383 ⁸
1726 4356 1826 4406 El-

222 4444 335 4499 σίν
376 4443 489 4514 (ιο)
519 4444 825 4514 εὐνοῦχοι,
877 4446 1102 4512 οἵτινες
1132 4446 1510 4515 εὐνούχισαν
1571 4444 1828 4511 ἑαυτοὺς

223 4538 328 4592 διὰ
357 4537 476 4604 τὴν
498 4537 834 4602 ,ϐασιλείαν
867 4536 988 4590 τῶν
1011 4536 1310 4606 οὐρανῶν.
1357 4537 1469 4590 Καὶ
1508 4536 1619 4607 γὰρ
1652 4536 1823 4598 ὅντως

229 4629 383 4701 μέγα
426 4629 566 4684 ἐστι.
607 4630 700 4682 Διὸ
733 4630 843 4683 οὐδ’
885 4631 968 4690 εἰς
1027 4631 1280 4699 ἀνάγκην
1341 4632 1508 4694 νόμον
1559 4630 1823 4698 κατέστη,

225 4721 372 4774 ἀλλὰ
402 4725 469 4793 τῇ
524 4722 846 4793 προαιρέσει
882 4723 996 4775 τῶν
1034 4721 1346 4793 ἀνθρώπων
1398 4722 1823 4792 ἐπιτέτραπται.

250 4813 318 4867 '0
370 4813 712 4883 δυνάμενος
787 4813 920 4884 γὰρ,
1003 4815 1164 4886 φησι,
1232 4814 1449 4883 χωρεῖν
1535 4815 1822 4883 χωρείτω.

229 4906 420 4970 Δεῖξαι
463 4907 719 4976 βούλεται
748 4908 844 4960 νῦν
868 4908 952 4961 ὅτι
979 4908 1102 4961 οὐδὲ
1123 4907 1186 4961 τὺ
1215 4909 1362 4978 μέγα
1403 4907 1566 4960 τοῦτο
1627 4907 1829 4975 κατόρ-

231 4999 397 5069 θωμα
429 4998 524 5052 τὸν
557 4999 901 5070 κεκτημένον
935 4998 1141 5069 ὡφελεῖ
1206 4999 1379 5069 χωρὶς
1424 4998 1826 5069 ὲλεημοσύνης.

1507 5177 1550 5209 ⁷³
1585 5175 1721 5231 ibid.

308 5177 503 5234 "Luc.
539 5194 638 5244 xii,
664 5179 756 5234 46.
866 5179 910 5210 ⁷⁸
937 5177 1127 5233 Matth.
1162 5193 1274 5244 nx,
1303 5177 1392 5232 12.

1929 3238 2060 3286 sunt
2093 3224 2457 3296 temporibus.

2244 3427 2401 3485 CAP.
2435 3423 2574 3480 LIX.
2600 3423 2672 3478 De
2694 3422 2871 3478 decent
2894 3419 3207 3492 virginibus.

1999 3523 2154 3580 CAP.
2184 3519 2354 3577 XXV.
2393 3518 2545 3575 Vcrs.
2581 3516 2632 3571 1.
2669 3515 2903 3569 Tunc—
2929 3511 3244 3582 uirginibus.
3273 3508 3523 3581 Regnum

1932 3619 2196 3676 caelorum
2229 3629 2333 3668 suo
2380 3624 2534 3666 more
2563 3623 2714 3662 nunc
2744 3613 2990 3678 vocatca
3034 3618 3156 3672 qure
3201 3609 3336 3655 tunc
3377 3599 3526 3654 circa

1934 3724 2161 3783 regnum
2223 3706 2492 3762 cmlorum
2547 3700 2888 3768 contingent.
2917 3695 3168 3764 Virgines
3190 3703 3372 3748 autem
3411 3707 3529 3746 ser—

1933 3814 2127 3862 vantes
2145 3798 2538 3871 virginitatem,
2560 3793 2676 3849 sive
2699 3793 2800 3847 viri
2820 3792 2931 3845 sint
2949 3790 3064 3844 sive
3085 3787 3327 3842 feminae.
3373 3783 3529 3840 Scire
3619 3796 3623 3799 '

1934 3910 2066 3966 ergo
2083 3900 2323 3961 oportet,
2337 3888 2484 3959 quod
2503 3885 2922 3957 iiinrwccdeute
2942 3880 3199 3952 parabola
3215 3877 3530 3951 generaiius

1937 3988 2005 4042 de
2038 3985 2284 4042 omnium
2323 3980 2556 4036 utilitate
2582 3977 2770 4033 docuit
2799 3991 2961 4044 quam
2980 3971 3263 4028 conservis
3282 3969 3486 4023 debent
3513 3987 3525 4021 :

1937 4080 1991 4134 in
2024 4079 2126 4133 hac
2149 4085 2332 4132 autem
2363 4076 2432 4128 de
2456 4087 2519 4127 ea
2555 4071 2669 4126 sola
2706 4066 3100 4137 particularius
3135 4065 3380 4127 disserit,
3407 4078 3530 4132 qua:

1933 4169 2094 4224 estin
2124 4165 2375 4237 pecuniis
2400 4172 2454 4217 et
2481 4159 2957 4232 possessionibus.
3018 4156 3277 4226 Virgines
3334 4162 3523 4208 autem

1937 4261 2067 4317 huic
2088 4257 2361 4331 parabolis
2429 4255 2690 4326 supponit
2732 4269 2843 4307 non
2905 4260 3214 4319 utcunque,
3267 4247 3365 4302 sed
3399 4245 3529 4316 quia

1937 4368 2194 4425 magnum
2227 4349 2509 4420 quidpiam
2541 4363 2666 4403 esse
2729 4345 3105 4416 virginitatem
3141 4340 3352 4405 docuit,
3401 4354 3529 4397 cum

1937 4445 2074 4501 dixit
2099 4461 2113 4498 :
2145 4442 2280 4498 Sunt
2307 4443 2541 4496 eunuchi
2563 4441 2653 4511 qui
2673 4440 2871 4507 seipsos
2899 4443 3272 4490 crrslraverunt
3305 4442 3523 4500 propter

1935 4552 2155 4606 regnum
2184 4535 2436 4588 caelorum
2458 4535 2526 4586 ”.
2563 4530 2701 4586 Vere
2731 4529 2938 4585 etenim
2972 4541 3231 4598 magnum
3263 4534 3371 4586 est,
3406 4525 3530 4580 ideo

1934 4642 2120 4696 neque
2147 4628 2251 4682 sub
2275 4627 2411 4696 legis
2439 4625 2773 4680 necessitate
2796 4621 3166 4677 constitutum
3197 4628 3302 4679 est.
3339 4619 3436 4671 sed
3469 4619 3522 4670 in

1935 4722 2157 4790 propria
2194 4720 2478 4774 hominum
2539 4719 2822 4774 voluntate
2879 4715 3212 4785 permissum
3258 4721 3386 4767 est:
3427 4712 3530 4777 Qui

1933 4822 2128 4882 potest,
2153 4813 2348 4881 inquit,
2372 4827 2558 4880 capere
2588 4812 2766 4878 capiat
2789 4810 2856 4861 ".
2885 4806 3041 4861 Nunc
3078 4807 3192 4858 vult
3213 4804 3530 4862 ostendere.

1937 4907 2084 4976 quod
2118 4921 2299 4976 neque
2333 4905 2655 4974 praeclarum
2685 4902 2787 4958 lioc
2813 4901 3024 4956 facinus
3052 4898 3530 4967 sineclccmosyua

1941 5011 2257 5066 possessum
2288 4995 2552 5065 proderit.

1423 5360 1627 5423 Varia:
1671 5359 1980 5423 lectiones
2020 5361 2081 5420 et
2120 5365 2311 5420 notae.

316 5526 430 5596 (4⁸5)
465 5526 533 5581 Et
560 5529 652 5584 hic
675 5532 731 5596 et
763 5526 928 5594 paulo
952 5533 1078 5596 post
1125 5526 1179 5581 in
1216 5533 1452 5596 utroque
1479 5524 1666 5596 codice
1698 5524 1832 5594 lcgi-

242 5593 334 5652 tur
363 5596 540 5664 διέλη.
580 5593 730 5666 quod
770 5597 925 5666 nihili
957 5593 1077 5652 “est.
1109 5596 1248 5650 Puto
1297 5593 1646 5666 Entiiyuiium
1693 5593 1830 5647 scri-

242 5669 424 5737 psisse
455 5665 641 5737 διελεῖ.
669 5665 761 5720 Sic
790 5665 922 5720 an.
948 5683 1046 5728 xii,
1081 5667 1165 5728 18,
1199 5675 1283 5720 est
1312 5665 1544 5719 καθελῶ.
1581 5665 1830 5737 luschoo

243 5734 331 5791 liis
364 5735 617 5790 codicum
663 5737 1071 5806 Mosquensium
1098 5739 1162 5791 ad
1207 5739 1352 5791 hunc
1383 5735 1617 5790 Mattlimi
1643 5734 1826 5792 locum

244 5808 507 5880 praesenti
547 5815 793 5878 temporc.
826 5808 1024 5879 legitur
1057 5808 1364 5877 ἀποσχέζει,
1391 5809 1612 5878 διαιρεῖ.

2015 5521 2130 5589 ιιι)
2163 5521 2375 5592 Inclusa
2405 5521 2459 5575 in
2501 5521 2746 5592 margine
2775 5522 2940 5576 habet
2973 5519 3035 5573 A.

2013 5593 2128 5662 (45)
2162 5591 2361 5646 lterum
2400 5591 2774 5654 scribendum,
2804 5592 2990 5645 διελεῖ.

1965 5662 2132 5736 ..(46)-
2163 5662 2238 5717 Ex
2266 5663 2510 5736 margine
2537 5663 2618 5716 Siti
2639 5663 2841 5717 codicis
2868 5663 2974 5716 huc
2995 5663 3160 5717 refert
3184 5661 3531 5736 lleuteuins:

1942 5733 2215 5858 Sirlruidem
2265 5733 2451 5787 (ululat
2487 5733 2540 5785 id
2570 5745 2934 5798 exsequentem
2966 5749 2984 5786 :
3023 5751 3126 5786 non
3175 5745 3351 5788 autem
3396 5733 3529 5803 tegit

1942 5821 2003 5857 no
2028 5813 2215 5858 autem.

1939 5813 2215 5859 uolentem.
