4080 6416
242 383 351 446 633

1089 389 1478 456 COMMENT.
1522 395 1604 457 IN
1646 398 2122 462 MATTIMSUM.
2166 427 2236 439 —
2273 403 2434 466 CAP.
2475 405 2657 468 XXV.

3405 402 3512 467 634

321 494 766 591 ᾎπερχομείνωκ
794 527 864 539 -
885 501 1166 570 νυμφίος.
1204 504 1493 578 Ὥρμησαν
1527 509 1626 578 μὲν
1656 510 1820 564 ἀπελ-

2001 513 2151 569 Vers.
2179 515 2266 570 lO.
2290 516 2553 572 Euntibus
2575 548 2644 558 —
2676 533 2922 587 sponsus.
2957 517 3333 573 Tentaverunt
3385 522 3508 591 qui-

238 583 388 646 θεῖν.
414 585 514 639 οὐκ
563 587 915 661 ἠδυνήθησαν
958 591 1039 647 δέ.
1083 595 1337 650 Δείκνυσι
1365 597 1421 650 δὲ
1470 601 1566 653 καὶ
1598 593 1754 666 οὗτος
1791 604 1819 656 ὀ

235 677 395 746 λόγος
432 679 515 731 ὅτι
555 680 679 732 τότε
732 683 940 751 ματαία
967 685 1000 755 ἡ
1031 686 1168 756 πρὸς
1200 687 1404 761 ἀρετὴν
1443 693 1612 764 ὁρμή.

305 852 415 907 Kal
447 858 715 926 -θύρα,
770 860 944 928 Γάμοι
993 864 1134 918 εἰσὶν
1183 868 1509 937 ήκοινωνία
1561 871 1662 942 τῆς
1715 871 1820 944 βα-

234 944 574 1009 σιλείας⁹τῶν
597 951 868 1021 οὐρανῶν,
916 956 1012 1008 καὶ
1055 958 1088 1028 ἡ
1139 961 1236 1012 σὺν
1275 963 1504 1033 Χριστῷ
1541 963 1819 1036 διαγωγή.

306 1038 889 1112 ”Υστερον-ἡμῖν.
935 1048 1155 1104 υῖονται
1223 1054 1350 1123 γὰρ,
1418 1055 1494 1112 ὡς
1558 1054 1819 1126 παρθένοι

229 1129 523 1184 εἰσελθεῖν.

314 1221 380 1274 ⁸0
415 1222 485 1274 δὲ
511 1255 580 1262 -
609 1226 787 1292 ὑμᾶς.
827 1230 900 1282 Οὐ
940 1233 1215 1300 γνωρίζω,
1272 1235 1462 1303 φησὶν,
1517 1237 1683 1307 ὑμᾶς,
1741 1240 1819 1303 ὡς

228 1315 578 1383 ὲσόεςμένων
605 1321 711 1372 τῶν
737 1320 1035 1392 λαμπάδων
1066 1326 1240 1394 ὑμῶν.
1290 1330 1465 1382 Γνῶσι
1505 1332 1560 1384 δὲ
1596 1331 1692 1385 νῦν
1720 1333 1818 1403 τὴν

229 1406 289 1472 ἐξ
320 1404 659 1474 οἷκειώαεως
703 1413 914 1482 νόησον.
938 1417 1124 1480 Οὐδεὶς
1154 1421 1262 1488 γὰρ
1303 1422 1621 1492 ἀνελεήμων
1650 1427 1818 1478 οἰκει-

229 1499 393 1552 οὗται
441 1501 520 1570 τῷ
571 1505 827 1574 ἐλεήμονι
873 1509 1118 1579 Χριστῷ.
1161 1514 1357 1582 Οίμοιί
1420 1516 1560 1582 μετὰ
1618 1518 1814 1582 πόσους

227 1591 450 1654 πόνους,
493 1596 632 1663 μετὰ
663 1598 864 1662 πόσους
895 1601 1134 1668 ἀγῶνας,
1173 1607 1316 1672 μετὰ
1370 1606 1513 1660 πόσα
1550 1610 1813 1679 τρόπαια,

219 1684 258 1738 ἃ.
292 1688 436 1737 κατὰ
461 1688 562 1755 τῆς
603 1689 712 1759 (53)
746 1691 964 1759 φύσεως
994 1695 1275 1768 λυττώσης
1301 1700 1637 1771 ἀνέστησαν,
1677 1705 1816 1756 ἁπε-

223 1778 558 1847 ςτὲμφθησαν
590 1781 676 1833 διὰ
724 1782 824 1852 τὴν
867 1785 1335 1860 ἀνελεημοσύνην.
1370 1793 1542 1846 Ὅταν
1595 1794 1654 1847 δέ
1705 1813 1810 1860 τις,

222 1871 547 1940 ἁνελεήμων
577 1872 671 1936 ὢν,
704 1877 838 1945 μηδὲ
880 1879 1183 1948 παρθενίαν
1224 1883 1345 1954 ἔχῃ,
1381 1887 1543 1948 ποίας
1589 1888 1690 1941 οὐκ
1740 1891 1808 1943 ἂν

221 1962 309 2030 εἴη
344 1964 648 2034 καταδίκης
692 1967 877 2033 ἄξιο;;
938 1972 1013 2023 Οὐ
1077 1979 1512 2046 περιεργαστέον
1567 1979 1624 2032 δὲ
1669 1982 1810 2034 διατί

219 2052 356 2104 δέκα
412 2056 698 2124 παρθένοι,
745 2062 837 2113 καὶ
867 2062 987 2115 τίνα
1031 2065 1100 2116 τὰ
1125 2068 1324 2133 ἀγγεῖα
1365 2069 1568 2131 αὐτῶν,
1606 2074 1700 2125 καὶ
1725 2073 1810 2136 τίς

222 2145 252 2211 ἡ
289 2142 431 2213 οὐρα
466 2148 574 2197 τῶν
606 2149 824 2217 γάμων,
855 2152 950 2204 καὶ
982 2155 1049 2206 τὰ
1082 2155 1312 2211 τοιαῦτα
1338 2161 1439 2227 τῆς
1464 2162 1807 2234 παραϐολῆς,

221 2234 300 2297 ὡς
330 2236 592 2301 πολλάκις
622 2244 715 2293 καὶ
751 2243 843 2294 ἐπ’
865 2245 1041 2299 ἄλλων
1084 2251 1491 2318 παρήγγελται.

291 2493 358 2546 Εί
409 2493 464 2548 δὲ
522 2497 579 2548 ιν
639 2497 740 2567 μὲν
797 2505 873 2571 τῷ
927 2503 1206 2577 ἑξηκοστῷ
1265 2509 1468 2581 πρεὺτῳ
1521 2513 1804 2587 κεφαλαίῳ

216 2585 556 2656 γέγραπται,
613 2591 693 2643 ὅτι
751 2595 966 2662 πρῶτον
1037 2600 1373 2670 ἀπέρχονται
1448 2606 1496 2656 οξ
1551 2585 1810 2677 ἁμαρτω-

214 2677 304 2730 λοὶ
346 2681 424 2739 είς
478 2682 697 2735 κόλασιν
737 2687 986 2754 αίώνιονῗ,
1053 2684 1170 2743 εἶτα
1204 2693 1252 2745 οἱ
1294 2693 1496 2747 δίκαιοι
1543 2698 1625 2758 είς
1663 2696 1810 2766 ζωὴν

217 2771 463 2824 αἰώνιον·
529 2775 586 2826 ὲν
641 2775 697 2827 δὲ
751 2779 829 2847 τῷ
889 2784 1118 2850 παρόντι
1172 2785 1452 2856 κεφαλαίῳ
1500 2778 1811 2843 τούναντίον

218 2866 495 2932 φαίνεται,
527 2869 740 2936 πρῶτον
767 2872 1128 2927 είσελθουσῶν
1155 2877 1262 2928 τῶν
1287 2880 1808 2951 φρονίμωνμπαρθέ-

218 2975 352 3018 νων,
388 2953 507 3011 εἶτα
534 2962 996 3030 ἀποπεμφθεισὼν
1026 2967 1136 3018 τῶν
1163 2971 1386 3041 μωρῶνο
1420 2971 1496 3042 μὴ
1531 2973 1811 3045 ὑπολάὅῃς

215 3049 628 3118 ὲναντιολογίαν
691 3056 799 3108 τῶν
861 3059 1195 3125 κεφαλαίων.
1270 3063 1479 3117 Ἐκεῖνο
1541 3067 1640 3135 μὲν
1702 3073 1810 3139 γὰρ

215 3141 573 3209 ἀκριϐολογεῖ
597 3147 724 3215 περὶ
750 3147 847 3216 τῆς
869 3149 1097 3214 τάξεωςσ
1126 3153 1283 3208 τοῦτο
1311 3155 1366 3206 δὲ
1397 3157 1599 3210 σκοπὸν
1621 3157 1807 3228 ἕτερον

215 3231 368 3302 ἔχει,
406 3233 466 3284 τὸ
501 3234 709 3300 διδάξαι
749 3239 908 3306 μόνον
953 3243 1034 3293 ὅτι
1091 3243 1202 3295 οὐδ’
1237 3247 1268 3314 ή
1308 3246 1578 3315 παρθενία
1610 3249 1805 3314 σώζει,

215 3328 295 3395 μὴ
327 3328 786 3398 συγκεκραμένην
814 3331 930 3399 (54)
967 3334 1134 3404 ἑαυτῇ
1179 3337 1275 3388 καὶ
1308 3339 1404 3406 τὴν
1437 3338 1809 3410 ἐλεημοσύνην

213 3417 441 3484 ἔλουσα,
494 3422 586 3470 καὶ
615 3421 696 3474 ὅτι
726 3424 755 3491 ἡ
809 3424 998 3494 ἑτέρου
1041 3427 1212 3496 ἀρετὴ
1263 3429 1450 3498 ἕτερον
1479 3430 1578 3482 οὐκ
1607 3430 1811 3496 cii-{Alei

211 3507 366 3573 τότε,
393 3513 485 3563 καὶ
515 3512 595 3564 ὅτι
627 3515 657 3582 ἡ
687 3516 824 3584 πρὸς
841 3517 1044 3596 ἀρετὴν
1071 3520 1215 3590 ὁρμὴ
1248 3521 1547 3591 τηνικαῦτα
1575 3523 1803 3592 ματαία,

214 3603 313 3653 καὶ⁵
355 3604 438 3655 ὅτι
474 3604 644 3657 πολλὰ
680 3606 1131 3673 καθικετεύοντες
1161 3616 1210 3664 οι
1242 3616 1673 3685 κατακριθέντες
1706 3618 1807 3670 οὐκ

214 3696 651 3764 ὲττικάμπτουσι.
687 3698 869 3755 Τᾶλλα
893 3703 948 3756 δὲ
984 3705 1162 3759 πάντα
1199 3708 1564 3777 συνετέθησαν
1596 3711 1808 3780 ἀπαρα-

212 3790 498 3858 τηρήτως.
530 3791 616 3844 ἵνα
644 3794 844 3862 πιθανὴ
878 3797 1101 3865 γένηται
1135 3800 1167 3866 ἡ
1202 3801 1507 3866 παραδολή.
1557 3803 1668 3856 Καὶ
1696 3805 1805 3874 γὰρ

211 3882 328 3935 οὐδ’
358 3885 440 3936 ὅτι
475 3885 924 3954 ἀπεπέμφθησαν
971 3892 1049 3953 είς
1081 3892 1302 3946 κόλασιν
1332 3890 1476 3960 εἷπε,
1512 3896 1600 3949 διὰ
1633 3899 1691 3950 τὸ
1729 3899 1803 3968 μὴ

211 3978 316 4030 νῦν
360 3978 837 4046 ἀκριϐολογεῖσθαι
871 3984 997 4052 περὶ
1025 3985 1134 4036 τῶν
1165 3987 1446 4054 τοιούτω-ν.

287 4070 647 4136 Γρηγορεῖτε
667 4100 735 4109 —-
768 4073 1026 4142 ἔρχεται.
1052 4076 1316 4140 Πολλάκις
1348 4080 1592 4148 ἐπιλέγει
1622 4085 1800 4147 τοῦτο,

208 4160 455 4224 δεικνὺς,
501 4163 582 4216 ὅτι
615 4164 786 4235 πολλὴ
836 4169 993 4238 χρεία
1051 4171 1352 4243 προσοχῆς]
1373 4173 1462 4226 διὰ
1502 4158 1564 4228 τὸ
1605 4176 1800 4246 ἄδηλον

210 4249 314 4318 τῆς
344 4251 661 4316 τελευταίας
685 4257 898 4326 ἡμέρας
934 4260 1028 4313 καὶ
1061 4259 1235 4330 ὥρας.

348 4459 506 4511 ΚΕΦ.
537 4459 615 4512 Ξν.
647 4461 787 4528 Περὶ
813 4461 934 4516 τῶν
962 4467 1032 4517 τὰ
1067 4464 1335 4520 τάλαντα
1361 4469 1694 4525 λαϐόντων.

1927 605 2051 660 dem
2083 606 2258 672 abire,
2294 609 2390 664 sed
2429 624 2536 663 non
2568 619 2888 680 potuerunt.
2915 609 3174 666 Ostendit
3202 621 3388 666 autem
3453 622 3511 666 et

1927 696 2018 752 hic
2053 713 2258 765 sermo,
2278 700 2424 770 quod
2450 709 2582 756 tunc
2607 717 2780 756 vanus
2801 702 2909 757 erit
2939 703 3006 757 ad
3043 702 3302 756 virtutem
3336 717 3510 758 conao

1926 796 2038 841 tus.

1993 879 2151 935 Vers.
2186 882 2273 936 l0.
2303 880 2370 934 Et
2400 912 2471 927 -
2492 882 2688 951 janua.
2709 881 2922 952 Nuptiae
2952 895 3082 939 sunt
3136 884 3512 939 communica-

1926 970 2003 1026 tio
2041 974 2193 1043 regni
2229 974 2608 1039 cmiorum,.et
2636 975 2981 1030 conversatio
3002 991 3126 1031 cum
3159 976 3397 1032 Christo.

2001 1061 2152 1120 Vers.
2190 1066 2274 1118 Η.
2309 1065 2501 1120 Postea
2527 1099 2594 1108 —
2615 1067 2788 1120 nobis.
2811 1066 3018 1123 Putant
3040 1069 3187 1123 enim
3217 1069 3363 1139 quod
3390 1078 3511 1123 tan-

1921 1171 2084 1225 quam
2122 1158 2366 1226 virgines
2395 1159 2699 1213 intrabunt.

1997 1248 2153 1303 Vers.
2196 1250 2281 1303 12.
2318 1249 2380 1303 At
2405 1251 2522 1305 illos
2549 1251 2793 1307 vos;Non
2821 1268 3117 1324 cognosco,
3154 1253 3352 1322 inquit,
3385 1268 3506 1314 vos.

1921 1341 2214 1394 exstinctis
2253 1341 2509 1396 videlicet
2551 1343 2894 1412 lampadibus
2949 1345 3177 1398 vestris.
3223 1345 3509 1414 Cognitio-

1921 1446 2044 1484 netu
2077 1439 2260 1484 autem
2292 1447 2442 1485 nunc
2481 1446 2602 1486 eam
2646 1433 2908 1503 iutellige,
2929 1449 3051 1502 qua:
3072 1449 3100 1486 a
3132 1433 3505 1486 familiaritate

1919 1524 2185 1591 procedit.
2253 1523 2447 1577 Nullus
2487 1523 2635 1576 enim
2671 1517 3069 1578 immisericors
3089 1523 3374 1577 familiaris
3419 1532 3507 1577 est

1919 1611 2263 1667 misericordi
2295 1610 2538 1666 Christo.
2580 1611 2694 1666 lleu
2723 1622 2848 1681 post
2876 1620 3058 1666 tantos
3105 1612 3344 1676 labores,
3380 1620 3505 1679 post

1921 1712 2066 1759 tanta
2097 1705 2417 1766 certamina.
2455 1714 2577 1774 post
2609 1715 2757 1759 tanta
2784 1715 3139 1775 tropaza,qu:e
3178 1705 3279 1759 illae
3305 1706 3503 1760 adver-

1920 1811 2014 1849 sus
2036 1795 2402 1849 insanientem
2434 1806 2684 1849 naturam
2699 1805 3010 1854 erexerant,
3060 1794 3358 1862 repudiata:
3377 1802 3506 1846 sunt

1918 1894 2143 1956 propter
2179 1890 2606 1955 eleemosynam.
2647 1886 2746 1939 Ubi
2783 1900 2913 1955 ergo
2952 1886 3075 1954 quis
3110 1885 3504 1938 immisericors

1913 1976 2282 2047 virginitatem
2302 1976 2465 2030 etiam
2480 1993 2588 2030 non
2610 1975 2882 2040 habuerit,
2899 1992 3001 2045 qua
3029 1986 3156 2030 tunc
3170 1977 3506 2030 condemna-

1915 2066 2065 2119 tione
2095 2065 2292 2135 dignus
2309 2082 2418 2120 non
2447 2067 2595 2120 erit?
2624 2066 2742 2120 Non
2761 2077 2846 2122 est
2884 2076 3066 2122 autem
3107 2067 3321 2120 curiose
3349 2083 3506 2122 scru-

1917 2158 2141 2210 tandum
2178 2172 2347 2226 quare
2368 2159 2555 2212 decem
2598 2159 2707 2211 sint
2746 2158 3003 2228 virgines,
3023 2167 3214 2227 etque
3235 2159 3344 2211 sint
3374 2173 3500 2212 vasa

1915 2263 2128 2310 earum,
2211 2264 2400 2317 qurere
2451 2250 2522 2303 sit
2570 2249 2737 2318 janua
2791 2249 3132 2318 nuptiarttm,
3195 2257 3503 2316 ceteraque

1913 2339 2086 2408 ipsius
2111 2340 2382 2410 parabolae
2421 2340 2641 2406 similia,
2677 2349 2736 2394 ut
2758 2340 2893 2394 alias
2915 2353 3131 2410 quoque
3184 2339 3513 2408 frcquenler’

1913 2443 2243 2501 prmceptum
2286 2441 2386 2486 est.

1990 2521 2188 2574 Verum
2221 2523 2564 2592 sexagesimo
2632 2524 2816 2593 primo
2851 2524 3033 2593 capite
3100 2524 3364 2592 scriptum
3394 2533 3502 2583 est.

1913 2613 2058 2682 qttod
2093 2613 2330 2681 primum
2357 2614 2563 2667 abeunt
2613 2624 2935 2683 peccatores
2978 2615 3032 2668 in
3062 2614 3394 2683 supplicium
3425 2630 3503 2666 2e-

1915 2717 2153 2768 ternum,
2183 2705 2381 2759 deinde
2407 2706 2538 2773 justi
2568 2706 2624 2758 in
2660 2708 2824 2761 vitam
2855 2716 3118 2761 aeternam
3140 2707 3188 2738 ⁷⁸
3222 2725 3235 2761 :
3274 2708 3328 2760 in
3362 2722 3491 2777 pra:-

1914 2797 2054 2849 senti
2081 2811 2212 2850 vero
2242 2797 2422 2864 capite
2454 2796 2790 2853 contrarium
2818 2808 3065 2867 apparet,
3092 2814 3215 2851 cum
3243 2798 3503 2868 ingressis

1914 2890 2149 2960 primum
2187 2889 2550 2959 prudentibus
2581 2890 2905 2960 virginibus,
2930 2891 3279 2960 postmodum
3311 2905 3502 2959 repro-

1913 2982 2056 3036 bataa
2115 2982 2225 3035 sint
2309 2981 2490 3036 fatuae.
2550 2981 2628 3035 Ne
2705 2983 3006 3051 suspiceris
3049 2984 3500 3035 contrarietatem

1912 3075 2100 3129 inesse
2135 3075 2446 3144 capitibus:
2499 3076 2630 3129 illud
2683 3077 2954 3145 siquidem
2981 3086 3174 3130 exacte
3207 3085 3403 3130 tractat
3433 3077 3501 3130 de

1914 3166 2125 3228 ordine.
2161 3169 2262 3220 hoc
2288 3177 2471 3220 autem
2505 3166 2652 3220 aliud
2683 3167 2848 3221 habet
2878 3168 3178 3230 intentum,
3226 3167 3370 3236 quod
3423 3166 3505 3219 vi-

1913 3257 2116 3311 delicet
2147 3273 2325 3325 neque
2357 3258 2645 3327 virginitas
2693 3259 2945 3322 salvabit,
2980 3274 3093 3311 non
3151 3259 3361 3312 habens
3393 3259 3500 3312 sibi

1911 3350 2073 3404 etiam
2113 3350 2463 3416 conjunctam
2545 3351 2969 3420 eleemosynam,
3015 3358 3070 3404 et
3133 3352 3276 3419 quod
3338 3351 3501 3405 unius

1909 3441 2086 3494 virtus
2113 3440 2200 3493 alii
2233 3450 2364 3494 tunc
2399 3456 2510 3495 non
2541 3442 2788 3510 proderit
2816 3460 2829 3494 :
2865 3432 3121 3512 quodque
3151 3451 3282 3496 tunc
3313 3453 3498 3497 motus

1911 3534 1978 3588 ad
2018 3535 2274 3587 virtutem
2311 3548 2485 3586 vanus
2512 3534 2637 3588 crit.
2691 3534 2826 3588 Item
2859 3536 3002 3604 qttod
3037 3536 3164 3590 licet
3203 3536 3496 3606 plurimum

1911 3624 2276 3691 deprecentur
2306 3624 2399 3695 qui
2432 3625 2782 3679 condemnati
2819 3636 2969 3690 sunt,
3001 3643 3344 3696 nequaquam
3399 3627 3501 3681 ﬂe-

1910 3725 2066 3771 ctunt
2092 3717 2352 3786 judicem.
2378 3717 2587 3772 Caetera
2621 3733 2751 3772 vero
2778 3719 2962 3772 omnia
2995 3703 3146 3773 nullo
3173 3719 3386 3772 delectu
3417 3718 3493 3787 (ρ)

1909 3812 2216 3879 composita
2280 3819 2426 3874 sunt,
2494 3819 2553 3863 ut
2609 3810 2907 3880 probabilis
2940 3809 3032 3864 ﬁat
3055 3809 3336 3879 parabola.
3361 3810 3495 3862 Nam

1906 3915 2086 3970 neque
2119 3900 2259 3954 dixit
2289 3900 2434 3970 quod
2473 3900 2735 3970 ablegata:
2794 3910 2924 3954 sunt
2959 3901 3010 3953 in
3049 3900 3400 3970 supplicium,
3432 3915 3498 3954 eo

1907 3993 2052 4063 quod
2089 4007 2237 4046 nunc
2269 3992 2585 4063 hujusmodi
2621 4008 2729 4045 non
2763 4001 2956 4046 exacte
2989 3981 3275 4061 disquirat.

1980 4081 2134 4137 Vers.
2175 4083 2262 4135 I3.
2293 4082 2514 4153 Vigilate
2541 4113 2606 4123 —
2642 4083 2832 4138 veniet.
2865 4082 3278 4151 Frequenterid
3305 4080 3495 4135 subin-

1906 4177 2029 4242 fert,
2058 4177 2358 4231 ostendens
2384 4177 2531 4247 quod
2568 4179 2803 4232 maxima
2832 4177 2904 4231 sit
2942 4178 3170 4243 utilitas,
3205 4185 3265 4230 ut
3304 4176 3356 4228 in
3393 4175 3497 4227 hoc

1904 4269 2239 4336 attendatur,
2271 4280 2494 4340 propter
2543 4271 2723 4332 titulis
2746 4271 2855 4324 diei
2879 4279 2933 4324 et
2969 4271 3112 4324 bona
3144 4268 3497 4324 incertitudi-

1905 4376 2052 4415 nem.

2366 4472 2520 4528 CAP.
2557 4471 2669 4526 LX.
2697 4471 2776 4526 De
2810 4464 3045 4525 talentis.

290 4550 524 4618 Ὠσπερ
551 4581 618 4591 -
649 4552 929 4621 δύναμιν.
954 4556 1060 4608 Καὶ
1088 4557 1228 4628 αὕτη
1251 4561 1282 4625 ή
1314 4560 1601 4631 ςταραὸολὴ
1637 4563 1799 4630 ὁμοία
1826 4541 1831 4599 ἶ

1977 4561 2137 4619 Vers.
2181 4565 2265 4618 Η.
2295 4566 2445 4618 Sicut
2470 4592 2542 4603 ——
2577 4564 2732 4618 Vers.
2769 4565 2856 4618 l5.
2887 4563 3244 4634 falcultatem.
3309 4562 3486 4618 Etiam

212 4641 316 4709 μέν
363 4646 480 4695 ἐστι
528 4646 594 4712 τῇ
630 4644 717 4696 τοῦ
765 4647 954 4699 πιστοῦ
992 4648 1179 4701 δούλου
1222 4649 1314 4703 καὶ
1339 4652 1625 4722 φρονίμου,
1683 4652 1807 4704 καθ’

207 4737 401 4804 ἕτερον
445 4735 502 4787 δὲ
558 4736 762 4805 τρόπον
814 4741 1242 4810 ἐσχημάτισται,
1295 4744 1389 4794 καὶ
1442 4743 1804 4811 διαλαμϐάνει

212 4828 344 4894 περὶ
374 4826 483 4878 τῶν
511 4827 900 4897 λαμϐανόντων
928 4836 994 4885 ὲκ
1034 4834 1167 4885 Θεοῦ
1200 4835 1518 4905 χαρίσματα
1545 4836 1804 4890 διδασκα-

205 4916 361 4971 λικά·
398 4919 571 4971 ταῦτα
600 4920 707 4989 γὰρ
738 4920 832 4973 νῦν
859 4922 1088 4976 ἐκάλεσε
1141 4924 1380 4977 τάλαντα
1408 4925 1494 4977 διὰ
1525 4923 1585 4978 τὸ
1619 4925 1804 4994 τίμιον

206 5010 421 5074 αὐτῶν,
453 5013 546 5062 καὶ
576 5012 607 5080 ἢ
643 5013 944 5082 χρωμένων
975 5017 1160 5078 αὐτοῖς
1192 5018 1286 5069 καὶ
1319 5017 1737 5086 κερδαινόντων,
1769 5018 1802 5088 ἢ

206 5105 717 5170 κατακρυπτόντων
778 5105 870 5156 καὶ
931 5107 1097 5177 μηδὲν
1161 5109 1573 5178 κερδαινόντων.
1637 5111 1801 5176 Λέγει

215 5194 393 5246 τοίνυν
431 5193 510 5244 ὅτι
541 5193 766 5246 ἐκάλεσε
835 5197 958 5260 τοὺς
1003 5199 1223 5263 δούλους
1263 5199 1451 5266 αὐτοῦ,
1487 5203 1514 5253 ὁ
1543 5200 1669 5263 Υἱὸς
1700 5202 1797 5272 δη-

312 5350 360 5381 "
388 5350 726 5418 Mattlnxxv,
750 5352 838 5408 ιϐ.

1911 4657 2028 4712 haec
2055 4658 2306 4726 parabole
2336 4657 2532 4712 similis
2564 4664 2648 4710 est
2682 4657 2732 4710 ei
2761 4672 2882 4726 qua:
2927 4658 3180 4726 Superius
3232 4657 3300 4710 de
3349 4655 3493 4710 ﬁdeli

1911 4763 1974 4802 ac
2017 4749 2282 4817 prudente
2340 4763 2499 4801 servo
2528 4748 2702 4816 posita
2757 4757 2864 4810 est,
2924 4763 3119 4801 verum
3168 4747 3276 4801 alio
3329 4747 3495 4802 modo

1909 4838 2138 4909 ﬁgurata
2168 4848 2277 4893 est:
2313 4849 2367 4893 et
2397 4838 2464 4894 de
2494 4839 2576 4892 bis
2600 4839 2857 4905 disserit,
2903 4840 2995 4909 qui
3027 4855 3058 4894 a
3119 4838 3227 4892 Deo
3285 4840 3491 4910 gratias

1907 4937 2238 4998 acceperunt
2273 4929 2501 4983 docendi
2538 4925 2684 4999 (nam
2717 4929 2818 4983 bas
2876 4944 3026 4984 nunc
3075 4933 3277 4982 talenta
3333 4935 3492 4981 vocat

1905 5029 2129 5088 propter
2159 5020 2421 5073 honorem
2456 5018 2737 5088 illarum),
2783 5028 2840 5072 et
2868 5019 2950 5072 vel
2977 5033 3074 5088 per
3108 5033 3293 5071 earum
3329 5032 3489 5070 usum

1905 5111 2117 5165 lucrum
2149 5112 2469 5175 attulerunt,
2501 5111 2583 5165 vel
2614 5111 2941 5166 defodiendo
2966 5112 3102 5165 nihil
3128 5111 3267 5165 lucri
3331 5109 3483 5164 fece-

1909 5213 2057 5258 runt.
2098 5204 2238 5259 Dicit
2265 5219 2394 5277 ergo
2423 5205 2567 5275 quod
2596 5205 2810 5260 vocavit
2870 5219 3058 5259 servos
3097 5219 3248 5269 suos.
3311 5201 3487 5257 Filius

1372 5429 1575 5492 Varia
1619 5431 1924 5496 lectiones
1969 5437 2031 5494 et
2075 5438 2267 5498 notae.

283 5590 398 5666 (55)
432 5587 611 5666 Malim
647 5592 733 5646 vel
784 5591 1037 5666 omittere
1087 5592 1204 5666 τῆς,
1265 5593 1349 5648 vel
1397 5595 1640 5649 scribere
1691 5596 1794 5666 τῆς

205 5661 497 5730 λυττώσης
537 5662 775 5730 φύσεως.
832 5662 1096 5715 Λυττῶσα
1133 5664 1295 5731 φύσις
1332 5666 1655 5736 appellatur.
1693 5661 1793 5721 im-

1903 5606 2061 5666 petus
2095 5596 2304 5656 natura
2327 5601 2559 5656 incitans
2587 5602 2652 5655 ad
2682 5601 2986 5662 libidinem.

1977 5667 2090 5740 (54)
2116 5671 2628 5744 Συγκεκραμμένην
2669 5672 2728 5727 Β.

283 5822 356 5891 (ρ)
396 5819 554 5873 Nullo
583 5819 800 5874 defertu.
848 5820 922 5874 lta
962 5828 1019 5875 ut
1053 5837 1160 5877 non
1197 5839 1332 5894 npns
1364 5824 1430 5879 sit
1478 5823 1543 5877 ad
1587 5838 1648 5880 ea
1699 5827 2002 5882 attendere.
