  <div class='ocr_page' id='page_1' title='image "/cluster/home/n/w/nwhite01/storage/ocr_20150623/129/uva.x030341099/328.png"; bbox 0 0 4100 6406; ppageno 0'>
   <div class='ocr_carea' id='block_1_1' title="bbox 237 368 344 429">
    <p class='ocr_par' dir='ltr' id='par_1_1' title="bbox 237 368 344 429">
     <span class='ocr_line' id='line_1_1' title="bbox 237 368 344 429; baseline -0.019 -1"><span class='ocrx_word' id='word_1_1' title='bbox 237 368 344 429; x_wconf 58' lang='lat'><strong>637</strong></span> 
     </span>
    </p>
   </div>
   <div class='ocr_carea' id='block_1_2' title="bbox 1093 357 2653 423">
    <p class='ocr_par' dir='ltr' id='par_1_2' title="bbox 1093 357 2653 423">
     <span class='ocr_line' id='line_1_2' title="bbox 1093 357 2653 423; baseline -0.004 0"><span class='ocrx_word' id='word_1_2' title='bbox 1093 363 1486 423; x_wconf 76' lang='lat' dir='ltr'><strong>COMMENT.</strong></span> <span class='ocrx_word' id='word_1_3' title='bbox 1529 361 1612 420; x_wconf 84' lang='grc' dir='ltr'>ΙΝ</span> <span class='ocrx_word' id='word_1_4' title='bbox 1655 359 2128 420; x_wconf 67' lang='grc' dir='ltr'><strong>ΜΛΤΤΙΙἘΙΕΜ.</strong></span> <span class='ocrx_word' id='word_1_5' title='bbox 2172 385 2238 396; x_wconf 90' lang='grc'><strong><em>--</em></strong></span> <span class='ocrx_word' id='word_1_6' title='bbox 2280 357 2439 419; x_wconf 73' lang='lat' dir='ltr'><strong>CAP.</strong></span> <span class='ocrx_word' id='word_1_7' title='bbox 2473 358 2653 417; x_wconf 77' lang='lat' dir='ltr'><strong>XXV.</strong></span> 
     </span>
    </p>
   </div>
   <div class='ocr_carea' id='block_1_3' title="bbox 3397 349 3505 411">
    <p class='ocr_par' dir='ltr' id='par_1_3' title="bbox 3397 349 3505 411">
     <span class='ocr_line' id='line_1_3' title="bbox 3397 349 3505 411; baseline -0.009 0"><span class='ocrx_word' id='word_1_8' title='bbox 3397 349 3505 411; x_wconf 79' lang='lat'><strong>638</strong></span> 
     </span>
    </p>
   </div>
   <div class='ocr_carea' id='block_1_4' title="bbox 240 461 1860 545">
    <p class='ocr_par' dir='ltr' id='par_1_4' title="bbox 240 469 1860 545">
     <span class='ocr_line' id='line_1_4' title="bbox 240 469 1860 545; baseline -0.002 -20"><span class='ocrx_word' id='word_1_9' title='bbox 240 486 406 542; x_wconf 67' lang='grc' dir='ltr'>λογον</span> <span class='ocrx_word' id='word_1_10' title='bbox 454 471 903 545; x_wconf 73' lang='grc' dir='ltr'>ἀπολογήσασθαι</span> <span class='ocrx_word' id='word_1_11' title='bbox 934 471 1354 543; x_wconf 79' lang='grc' dir='ltr'>δυνηῦήσονται,</span> <span class='ocrx_word' id='word_1_12' title='bbox 1387 472 1479 525; x_wconf 72' lang='grc' dir='ltr'><strong>καὶ</strong></span> <span class='ocrx_word' id='word_1_13' title='bbox 1514 472 1598 524; x_wconf 83' lang='grc' dir='ltr'>ὅτι</span> <span class='ocrx_word' id='word_1_14' title='bbox 1635 471 1733 524; x_wconf 78' lang='grc' dir='ltr'>ὅσα</span> <span class='ocrx_word' id='word_1_15' title='bbox 1764 469 1860 530; x_wconf 81' lang='grc' dir='ltr'><strong>ἂν⁴</strong></span> 
     </span>
    </p>
   </div>
   <div class='ocr_carea' id='block_1_5' title="bbox 1944 461 3509 545">
    <p class='ocr_par' dir='ltr' id='par_1_5' title="bbox 1944 461 3509 538">
     <span class='ocr_line' id='line_1_5' title="bbox 1944 461 3509 538; baseline -0.004 -20"><span class='ocrx_word' id='word_1_16' title='bbox 1944 470 2252 524; x_wconf 70' lang='lat' dir='ltr'><strong>rationabile</strong></span> <span class='ocrx_word' id='word_1_17' title='bbox 2287 470 2618 538; x_wconf 85' lang='lat' dir='ltr'><strong>respondere</strong></span> <span class='ocrx_word' id='word_1_18' title='bbox 2641 471 2937 536; x_wconf 85' lang='lat' dir='ltr'><strong>poterunt:</strong></span> <span class='ocrx_word' id='word_1_19' title='bbox 2973 461 3193 532; x_wconf 78' lang='lat' dir='ltr'><strong>etquod</strong></span> <span class='ocrx_word' id='word_1_20' title='bbox 3229 475 3509 530; x_wconf 69' lang='lat' dir='ltr'><strong>quzecum-</strong></span> 
     </span>
    </p>
   </div>
   <div class='ocr_carea' id='block_1_6' title="bbox 237 564 1827 636">
    <p class='ocr_par' dir='ltr' id='par_1_6' title="bbox 237 564 1827 636">
     <span class='ocr_line' id='line_1_6' title="bbox 237 564 1827 636; baseline -0.003 -15"><span class='ocrx_word' id='word_1_21' title='bbox 237 571 726 636; x_wconf 72' lang='grc' dir='ltr'><strong>ἀπολογήσωνται,</strong></span> <span class='ocrx_word' id='word_1_22' title='bbox 776 566 899 619; x_wconf 79' lang='grc' dir='ltr'>κατ’</span> <span class='ocrx_word' id='word_1_23' title='bbox 934 565 1114 617; x_wconf 80' lang='grc' dir='ltr'>αὐτῶν</span> <span class='ocrx_word' id='word_1_24' title='bbox 1155 566 1334 619; x_wconf 81' lang='grc' dir='ltr'>πάντα</span> <span class='ocrx_word' id='word_1_25' title='bbox 1381 564 1827 634; x_wconf 75' lang='grc' dir='ltr'>περιτραπήσονο</span> 
     </span>
    </p>
   </div>
   <div class='ocr_carea' id='block_1_7' title="bbox 237 657 1025 726">
    <p class='ocr_par' dir='ltr' id='par_1_7' title="bbox 237 657 1025 726">
     <span class='ocr_line' id='line_1_7' title="bbox 237 657 1025 726; baseline -0.005 -13"><span class='ocrx_word' id='word_1_26' title='bbox 237 678 357 715; x_wconf 86' lang='grc' dir='ltr'>ται.</span> <span class='ocrx_word' id='word_1_27' title='bbox 393 660 506 713; x_wconf 74' lang='grc' dir='ltr'><strong>Καὶ</strong></span> <span class='ocrx_word' id='word_1_28' title='bbox 539 661 705 714; x_wconf 74' lang='grc' dir='ltr'>ἄκουε</span> <span class='ocrx_word' id='word_1_29' title='bbox 737 658 846 710; x_wconf 90' lang='grc' dir='ltr'><strong>τῶν</strong></span> <span class='ocrx_word' id='word_1_30' title='bbox 877 657 1025 726; x_wconf 75' lang='grc' dir='ltr'>ἑξῆς.</span> 
     </span>
    </p>
   </div>
   <div class='ocr_carea' id='block_1_8' title="bbox 321 743 1829 815">
    <p class='ocr_par' dir='ltr' id='par_1_8' title="bbox 321 743 1829 815">
     <span class='ocr_line' id='line_1_8' title="bbox 321 743 1829 815; baseline -0.004 -15"><span class='ocrx_word' id='word_1_31' title='bbox 321 749 689 814; x_wconf 74' lang='grc' dir='ltr'><strong>Ἀποκριθεὶς</strong></span> <span class='ocrx_word' id='word_1_32' title='bbox 741 776 812 785; x_wconf 90' lang='lat'><strong>-—</strong></span> <span class='ocrx_word' id='word_1_33' title='bbox 860 748 1034 809; x_wconf 80' lang='grc' dir='ltr'>τόκῳ.</span> <span class='ocrx_word' id='word_1_34' title='bbox 1121 747 1233 815; x_wconf 73' lang='grc' dir='ltr'><strong>Οὐχ</strong></span> <span class='ocrx_word' id='word_1_35' title='bbox 1292 745 1370 808; x_wconf 88' lang='grc' dir='ltr'><strong>ὡς</strong></span> <span class='ocrx_word' id='word_1_36' title='bbox 1423 743 1829 814; x_wconf 77' lang='grc' dir='ltr'>ἀληθεύσαντος</span> 
     </span>
    </p>
   </div>
   <div class='ocr_carea' id='block_1_9' title="bbox 238 830 1829 905">
    <p class='ocr_par' dir='ltr' id='par_1_9' title="bbox 238 830 1829 905">
     <span class='ocr_line' id='line_1_9' title="bbox 238 830 1829 905; baseline -0.003 -18"><span class='ocrx_word' id='word_1_37' title='bbox 238 835 482 900; x_wconf 72' lang='grc' dir='ltr'>ἐκείνου,</span> <span class='ocrx_word' id='word_1_38' title='bbox 513 835 687 890; x_wconf 73' lang='grc' dir='ltr'>ταῦτα</span> <span class='ocrx_word' id='word_1_39' title='bbox 717 831 869 888; x_wconf 78' lang='grc' dir='ltr'>εἶπεν</span> <span class='ocrx_word' id='word_1_40' title='bbox 899 837 926 887; x_wconf 78' lang='grc' dir='ltr'>ὁ</span> <span class='ocrx_word' id='word_1_41' title='bbox 954 835 1177 903; x_wconf 77' lang='grc' dir='ltr'>Κύριοςο</span> <span class='ocrx_word' id='word_1_42' title='bbox 1212 835 1364 887; x_wconf 72' lang='grc' dir='ltr'>οὐδὲν</span> <span class='ocrx_word' id='word_1_43' title='bbox 1392 834 1499 905; x_wconf 74' lang='grc' dir='ltr'><strong>γὰρ</strong></span> <span class='ocrx_word' id='word_1_44' title='bbox 1529 830 1829 903; x_wconf 79' lang='grc' dir='ltr'>κατορθοῦ-</span> 
     </span>
    </p>
   </div>
   <div class='ocr_carea' id='block_1_10' title="bbox 237 924 1830 998">
    <p class='ocr_par' dir='ltr' id='par_1_10' title="bbox 237 924 1830 998">
     <span class='ocr_line' id='line_1_10' title="bbox 237 924 1830 998; baseline -0.004 -18"><span class='ocrx_word' id='word_1_45' title='bbox 237 944 334 981; x_wconf 84' lang='grc' dir='ltr'><strong>ται</strong></span> <span class='ocrx_word' id='word_1_46' title='bbox 366 929 540 998; x_wconf 73' lang='grc' dir='ltr'>χωρὶς</span> <span class='ocrx_word' id='word_1_47' title='bbox 571 927 758 980; x_wconf 82' lang='grc' dir='ltr'>αὐτοῦ·</span> <span class='ocrx_word' id='word_1_48' title='bbox 788 926 904 978; x_wconf 82' lang='grc' dir='ltr'>ἀλλ’</span> <span class='ocrx_word' id='word_1_49' title='bbox 932 925 1269 988; x_wconf 73' lang='grc' dir='ltr'><strong>ὑποθετικῶς</strong></span> <span class='ocrx_word' id='word_1_50' title='bbox 1291 926 1382 978; x_wconf 78' lang='grc' dir='ltr'><strong>τὸν</strong></span> <span class='ocrx_word' id='word_1_51' title='bbox 1407 925 1563 991; x_wconf 80' lang='grc' dir='ltr'>λόγον</span> <span class='ocrx_word' id='word_1_52' title='bbox 1585 924 1830 993; x_wconf 76' lang='grc' dir='ltr'>προήγα-</span> 
     </span>
    </p>
   </div>
   <div class='ocr_carea' id='block_1_11' title="bbox 237 1017 1829 1088">
    <p class='ocr_par' dir='ltr' id='par_1_11' title="bbox 237 1017 1829 1088">
     <span class='ocr_line' id='line_1_11' title="bbox 237 1017 1829 1088; baseline -0.002 -18"><span class='ocrx_word' id='word_1_53' title='bbox 237 1035 364 1086; x_wconf 83' lang='grc' dir='ltr'>γεν,</span> <span class='ocrx_word' id='word_1_54' title='bbox 389 1020 474 1072; x_wconf 85' lang='grc' dir='ltr'>ὅτι</span> <span class='ocrx_word' id='word_1_55' title='bbox 496 1018 556 1071; x_wconf 77' lang='lat' dir='ltr'><strong>Ei</strong></span> <span class='ocrx_word' id='word_1_56' title='bbox 581 1018 677 1072; x_wconf 74' lang='grc' dir='ltr'>καὶ</span> <span class='ocrx_word' id='word_1_57' title='bbox 699 1017 939 1080; x_wconf 83' lang='grc' dir='ltr'>τοιοῦτος</span> <span class='ocrx_word' id='word_1_58' title='bbox 957 1019 1128 1088; x_wconf 76' lang='grc' dir='ltr'>ήμην,</span> <span class='ocrx_word' id='word_1_59' title='bbox 1151 1019 1288 1087; x_wconf 76' lang='grc' dir='ltr'>ὅπερ</span> <span class='ocrx_word' id='word_1_60' title='bbox 1315 1018 1414 1070; x_wconf 74' lang='grc' dir='ltr'>οὐκ</span> <span class='ocrx_word' id='word_1_61' title='bbox 1434 1017 1654 1086; x_wconf 74' lang='grc' dir='ltr'>ἀληθὲς,</span> <span class='ocrx_word' id='word_1_62' title='bbox 1680 1017 1829 1085; x_wconf 78' lang='grc' dir='ltr'>ὅμως</span> 
     </span>
    </p>
   </div>
   <div class='ocr_carea' id='block_1_12' title="bbox 239 1107 1829 1177">
    <p class='ocr_par' dir='ltr' id='par_1_12' title="bbox 239 1107 1829 1177">
     <span class='ocr_line' id='line_1_12' title="bbox 239 1107 1829 1177; baseline -0.002 -15"><span class='ocrx_word' id='word_1_63' title='bbox 239 1110 366 1162; x_wconf 68' lang='grc' dir='ltr'><strong>ἐπεὶ</strong></span> <span class='ocrx_word' id='word_1_64' title='bbox 401 1109 644 1162; x_wconf 78' lang='grc' dir='ltr'>τοιοῦτόν</span> <span class='ocrx_word' id='word_1_65' title='bbox 698 1126 764 1177; x_wconf 87' lang='grc' dir='ltr'><strong>με</strong></span> <span class='ocrx_word' id='word_1_66' title='bbox 798 1109 1118 1175; x_wconf 78' lang='grc' dir='ltr'><strong>ἐγίνωσκες,</strong></span> <span class='ocrx_word' id='word_1_67' title='bbox 1151 1108 1240 1161; x_wconf 72' lang='grc' dir='ltr'>διὰ</span> <span class='ocrx_word' id='word_1_68' title='bbox 1286 1107 1446 1161; x_wconf 84' lang='grc' dir='ltr'>τοῦτο</span> <span class='ocrx_word' id='word_1_69' title='bbox 1486 1108 1686 1177; x_wconf 81' lang='grc' dir='ltr'>μᾶλλον</span> <span class='ocrx_word' id='word_1_70' title='bbox 1721 1107 1829 1159; x_wconf 79' lang='grc' dir='ltr'>ἔδει</span> 
     </span>
    </p>
   </div>
   <div class='ocr_carea' id='block_1_13' title="bbox 240 1200 1829 1274">
    <p class='ocr_par' dir='ltr' id='par_1_13' title="bbox 240 1200 1829 1274">
     <span class='ocr_line' id='line_1_13' title="bbox 240 1200 1829 1274; baseline -0.001 -18"><span class='ocrx_word' id='word_1_71' title='bbox 240 1220 303 1256; x_wconf 89' lang='grc' dir='ltr'><strong>σε</strong></span> <span class='ocrx_word' id='word_1_72' title='bbox 336 1203 674 1257; x_wconf 80' lang='grc' dir='ltr'>καταϐαλεῖν</span> <span class='ocrx_word' id='word_1_73' title='bbox 697 1203 755 1255; x_wconf 72' lang='grc' dir='ltr'>τὸ</span> <span class='ocrx_word' id='word_1_74' title='bbox 780 1203 1028 1274; x_wconf 76' lang='grc' dir='ltr'>χάρισμα</span> <span class='ocrx_word' id='word_1_75' title='bbox 1059 1220 1161 1270; x_wconf 89' lang='grc' dir='ltr'><strong>μου</strong></span> <span class='ocrx_word' id='word_1_76' title='bbox 1193 1205 1304 1266; x_wconf 85' lang='grc' dir='ltr'>τοῖς</span> <span class='ocrx_word' id='word_1_77' title='bbox 1331 1200 1499 1257; x_wconf 79' lang='grc' dir='ltr'>εἰδόσι</span> <span class='ocrx_word' id='word_1_78' title='bbox 1524 1201 1829 1271; x_wconf 78' lang='grc' dir='ltr'>διακρίνειν</span> 
     </span>
    </p>
   </div>
   <div class='ocr_carea' id='block_1_14' title="bbox 242 1292 1829 1362">
    <p class='ocr_par' dir='ltr' id='par_1_14' title="bbox 242 1292 1829 1362">
     <span class='ocr_line' id='line_1_14' title="bbox 242 1292 1829 1362; baseline -0.004 -13"><span class='ocrx_word' id='word_1_79' title='bbox 242 1299 303 1350; x_wconf 73' lang='grc' dir='ltr'>τὸ</span> <span class='ocrx_word' id='word_1_80' title='bbox 334 1296 505 1349; x_wconf 73' lang='grc' dir='ltr'>καλὸν</span> <span class='ocrx_word' id='word_1_81' title='bbox 540 1295 649 1349; x_wconf 73' lang='grc' dir='ltr'>ἀπὸ</span> <span class='ocrx_word' id='word_1_82' title='bbox 681 1294 773 1347; x_wconf 78' lang='grc' dir='ltr'>τοῦ</span> <span class='ocrx_word' id='word_1_83' title='bbox 805 1293 998 1346; x_wconf 82' lang='grc' dir='ltr'>κακοῦ.</span> <span class='ocrx_word' id='word_1_84' title='bbox 1038 1293 1277 1355; x_wconf 79' lang='grc' dir='ltr'><strong>Τούτους</strong></span> <span class='ocrx_word' id='word_1_85' title='bbox 1303 1294 1412 1361; x_wconf 73' lang='grc' dir='ltr'>γὰρ</span> <span class='ocrx_word' id='word_1_86' title='bbox 1441 1292 1590 1360; x_wconf 78' lang='grc' dir='ltr'>λέγει</span> <span class='ocrx_word' id='word_1_87' title='bbox 1620 1303 1829 1362; x_wconf 85' lang='grc' dir='ltr'>τραπε-</span> 
     </span>
    </p>
   </div>
   <div class='ocr_carea' id='block_1_15' title="bbox 241 1384 1827 1455">
    <p class='ocr_par' dir='ltr' id='par_1_15' title="bbox 241 1384 1827 1455">
     <span class='ocr_line' id='line_1_15' title="bbox 241 1384 1827 1455; baseline -0.003 -15"><span class='ocrx_word' id='word_1_88' title='bbox 241 1389 424 1454; x_wconf 83' lang='grc' dir='ltr'>ζίτας.</span> <span class='ocrx_word' id='word_1_89' title='bbox 472 1387 619 1439; x_wconf 83' lang='grc' dir='ltr'><strong>Ἔδει</strong></span> <span class='ocrx_word' id='word_1_90' title='bbox 654 1404 712 1439; x_wconf 90' lang='grc' dir='ltr'><strong>σε</strong></span> <span class='ocrx_word' id='word_1_91' title='bbox 744 1386 990 1451; x_wconf 72' lang='grc' dir='ltr'>διδάξαι,</span> <span class='ocrx_word' id='word_1_92' title='bbox 1022 1385 1367 1453; x_wconf 80' lang='grc' dir='ltr'><strong>νουθετῆσαι,</strong></span> <span class='ocrx_word' id='word_1_93' title='bbox 1402 1384 1827 1455; x_wconf 78' lang='grc' dir='ltr'>συμϐουλεῦσαι,</span> 
     </span>
    </p>
   </div>
   <div class='ocr_carea' id='block_1_16' title="bbox 241 1477 1825 1548">
    <p class='ocr_par' dir='ltr' id='par_1_16' title="bbox 241 1477 1825 1548">
     <span class='ocr_line' id='line_1_16' title="bbox 241 1477 1825 1548; baseline -0.004 -14"><span class='ocrx_word' id='word_1_94' title='bbox 241 1484 355 1534; x_wconf 74' lang='grc' dir='ltr'>πᾶν</span> <span class='ocrx_word' id='word_1_95' title='bbox 407 1481 470 1533; x_wconf 73' lang='grc' dir='ltr'><strong>τὸ</strong></span> <span class='ocrx_word' id='word_1_96' title='bbox 520 1480 610 1532; x_wconf 80' lang='grc' dir='ltr'><strong>σὺν</strong></span> <span class='ocrx_word' id='word_1_97' title='bbox 642 1481 890 1547; x_wconf 77' lang='grc' dir='ltr'>ποιῆσαι,</span> <span class='ocrx_word' id='word_1_98' title='bbox 916 1478 976 1529; x_wconf 69' lang='grc' dir='ltr'>τὸ</span> <span class='ocrx_word' id='word_1_99' title='bbox 1023 1477 1079 1529; x_wconf 82' lang='grc' dir='ltr'>δὲ</span> <span class='ocrx_word' id='word_1_100' title='bbox 1109 1477 1297 1530; x_wconf 78' lang='grc' dir='ltr'>λοιπὸν</span> <span class='ocrx_word' id='word_1_101' title='bbox 1341 1477 1467 1546; x_wconf 74' lang='grc' dir='ltr'>ἐμοὶ</span> <span class='ocrx_word' id='word_1_102' title='bbox 1517 1477 1825 1548; x_wconf 51' lang='grc' dir='ltr'>ἐπιτρέψαι,</span> 
     </span>
    </p>
   </div>
   <div class='ocr_carea' id='block_1_17' title="bbox 239 1566 1832 1640">
    <p class='ocr_par' dir='ltr' id='par_1_17' title="bbox 239 1566 1832 1640">
     <span class='ocr_line' id='line_1_17' title="bbox 239 1566 1832 1640; baseline -0.003 -18"><span class='ocrx_word' id='word_1_103' title='bbox 239 1569 390 1639; x_wconf 80' lang='grc' dir='ltr'>λέγω</span> <span class='ocrx_word' id='word_1_104' title='bbox 421 1569 487 1640; x_wconf 80' lang='grc' dir='ltr'>δὴ</span> <span class='ocrx_word' id='word_1_105' title='bbox 512 1571 611 1640; x_wconf 80' lang='grc' dir='ltr'>τὴν</span> <span class='ocrx_word' id='word_1_106' title='bbox 653 1569 970 1638; x_wconf 82' lang='grc' dir='ltr'>ἀπαίτησιν.</span> <span class='ocrx_word' id='word_1_107' title='bbox 1027 1566 1175 1619; x_wconf 81' lang='grc' dir='ltr'>Ἔδει</span> <span class='ocrx_word' id='word_1_108' title='bbox 1239 1584 1297 1619; x_wconf 87' lang='grc' dir='ltr'><strong>σε</strong></span> <span class='ocrx_word' id='word_1_109' title='bbox 1333 1567 1394 1619; x_wconf 75' lang='grc' dir='ltr'><strong>τὸ</strong></span> <span class='ocrx_word' id='word_1_110' title='bbox 1441 1567 1832 1637; x_wconf 72' lang='grc' dir='ltr'><strong>εὐχερέστερον</strong></span> 
     </span>
    </p>
   </div>
   <div class='ocr_carea' id='block_1_18' title="bbox 241 1658 1832 1729">
    <p class='ocr_par' dir='ltr' id='par_1_18' title="bbox 241 1658 1832 1729">
     <span class='ocr_line' id='line_1_18' title="bbox 241 1658 1832 1729; baseline -0.004 -13"><span class='ocrx_word' id='word_1_111' title='bbox 241 1665 386 1725; x_wconf 78' lang='grc' dir='ltr'>τέως</span> <span class='ocrx_word' id='word_1_112' title='bbox 416 1660 846 1726; x_wconf 76' lang='grc' dir='ltr'>διαπράξασθαι·</span> <span class='ocrx_word' id='word_1_113' title='bbox 880 1660 948 1711; x_wconf 55' lang='grc' dir='ltr'><strong>τι</strong></span> <span class='ocrx_word' id='word_1_114' title='bbox 969 1659 1024 1712; x_wconf 79' lang='grc' dir='ltr'>δὲ</span> <span class='ocrx_word' id='word_1_115' title='bbox 1058 1658 1487 1729; x_wconf 79' lang='grc' dir='ltr'><strong>δυσχερέστερον</strong></span> <span class='ocrx_word' id='word_1_116' title='bbox 1513 1660 1639 1729; x_wconf 72' lang='grc' dir='ltr'>ἐμοὶ</span> <span class='ocrx_word' id='word_1_117' title='bbox 1664 1675 1832 1711; x_wconf 55' lang='grc' dir='ltr'>κατα-</span> 
     </span>
    </p>
   </div>
   <div class='ocr_carea' id='block_1_19' title="bbox 239 1749 1830 1819">
    <p class='ocr_par' dir='ltr' id='par_1_19' title="bbox 239 1749 1830 1819">
     <span class='ocr_line' id='line_1_19' title="bbox 239 1749 1830 1819; baseline -0.002 -14"><span class='ocrx_word' id='word_1_118' title='bbox 239 1755 449 1806; x_wconf 81' lang='grc' dir='ltr'>λιπεῖν.</span> <span class='ocrx_word' id='word_1_119' title='bbox 507 1752 729 1804; x_wconf 78' lang='grc' dir='ltr'>Δάνειον</span> <span class='ocrx_word' id='word_1_120' title='bbox 763 1751 861 1817; x_wconf 75' lang='grc' dir='ltr'>μὲν</span> <span class='ocrx_word' id='word_1_121' title='bbox 894 1749 986 1803; x_wconf 77' lang='grc' dir='ltr'>οὖν</span> <span class='ocrx_word' id='word_1_122' title='bbox 1015 1753 1046 1819; x_wconf 80' lang='grc' dir='ltr'>ἡ</span> <span class='ocrx_word' id='word_1_123' title='bbox 1084 1749 1429 1804; x_wconf 74' lang='grc' dir='ltr'>διδασκαλίαο</span> <span class='ocrx_word' id='word_1_124' title='bbox 1459 1751 1618 1811; x_wconf 79' lang='grc' dir='ltr'>τόκος</span> <span class='ocrx_word' id='word_1_125' title='bbox 1647 1749 1703 1802; x_wconf 79' lang='grc' dir='ltr'>δὲ</span> <span class='ocrx_word' id='word_1_126' title='bbox 1734 1749 1830 1804; x_wconf 82' lang='grc' dir='ltr'>τοῦ</span> 
     </span>
    </p>
   </div>
   <div class='ocr_carea' id='block_1_20' title="bbox 237 1842 1832 1913">
    <p class='ocr_par' dir='ltr' id='par_1_20' title="bbox 237 1842 1832 1913">
     <span class='ocr_line' id='line_1_20' title="bbox 237 1842 1832 1913; baseline -0.001 -15"><span class='ocrx_word' id='word_1_127' title='bbox 237 1847 493 1899; x_wconf 68' lang='grc' dir='ltr'>τοιούτου</span> <span class='ocrx_word' id='word_1_128' title='bbox 546 1843 760 1898; x_wconf 77' lang='grc' dir='ltr'>δανείου</span> <span class='ocrx_word' id='word_1_129' title='bbox 789 1846 820 1912; x_wconf 79' lang='grc' dir='ltr'>ἡ</span> <span class='ocrx_word' id='word_1_130' title='bbox 850 1842 1136 1913; x_wconf 75' lang='grc' dir='ltr'><strong>προσθήκη</strong></span> <span class='ocrx_word' id='word_1_131' title='bbox 1163 1843 1268 1896; x_wconf 89' lang='grc' dir='ltr'><strong>τῶν</strong></span> <span class='ocrx_word' id='word_1_132' title='bbox 1294 1842 1506 1903; x_wconf 80' lang='grc' dir='ltr'><strong>ἀρετῶν</strong></span> <span class='ocrx_word' id='word_1_133' title='bbox 1528 1859 1539 1873; x_wconf 87' lang='grc'><strong>·</strong></span> <span class='ocrx_word' id='word_1_134' title='bbox 1591 1842 1752 1895; x_wconf 72' lang='grc' dir='ltr'>τόκον</span> <span class='ocrx_word' id='word_1_135' title='bbox 1776 1843 1832 1896; x_wconf 71' lang='grc' dir='ltr'>δὲ</span> 
     </span>
    </p>
   </div>
   <div class='ocr_carea' id='block_1_21' title="bbox 237 1933 1834 2008">
    <p class='ocr_par' dir='ltr' id='par_1_21' title="bbox 237 1933 1834 2008">
     <span class='ocr_line' id='line_1_21' title="bbox 237 1933 1834 2008; baseline -0.004 -17"><span class='ocrx_word' id='word_1_136' title='bbox 237 1939 340 2008; x_wconf 74' lang='grc' dir='ltr'>τὴν</span> <span class='ocrx_word' id='word_1_137' title='bbox 372 1936 724 2008; x_wconf 68' lang='grc' dir='ltr'>ἑπικέρδειαν</span> <span class='ocrx_word' id='word_1_138' title='bbox 749 1934 936 1998; x_wconf 86' lang='grc' dir='ltr'>ἁπλῶς</span> <span class='ocrx_word' id='word_1_139' title='bbox 977 1933 1253 2005; x_wconf 83' lang='grc' dir='ltr'>ὠνόμασε,</span> <span class='ocrx_word' id='word_1_140' title='bbox 1297 1939 1366 2005; x_wconf 77' lang='grc' dir='ltr'><strong>τῇ</strong></span> <span class='ocrx_word' id='word_1_141' title='bbox 1398 1935 1658 2006; x_wconf 80' lang='grc' dir='ltr'><strong>συνηθείᾳ</strong></span> <span class='ocrx_word' id='word_1_142' title='bbox 1698 1953 1834 2006; x_wconf 79' lang='grc' dir='ltr'>χρη-</span> 
     </span>
    </p>
   </div>
   <div class='ocr_carea' id='block_1_22' title="bbox 243 2032 514 2099">
    <p class='ocr_par' dir='ltr' id='par_1_22' title="bbox 243 2032 514 2099">
     <span class='ocr_line' id='line_1_22' title="bbox 243 2032 514 2099; baseline 0 -15"><span class='ocrx_word' id='word_1_143' title='bbox 243 2032 390 2099; x_wconf 64' lang='grc' dir='ltr'>σαμε</span> <span class='ocrx_word' id='word_1_144' title='bbox 400 2047 514 2092; x_wconf 86' lang='grc' dir='ltr'>νος.</span> 
     </span>
    </p>
   </div>
   <div class='ocr_carea' id='block_1_23' title="bbox 316 2118 1833 2190">
    <p class='ocr_par' dir='ltr' id='par_1_23' title="bbox 316 2118 1833 2190">
     <span class='ocr_line' id='line_1_23' title="bbox 316 2118 1833 2190; baseline -0.001 -16"><span class='ocrx_word' id='word_1_145' title='bbox 316 2124 542 2189; x_wconf 80' lang='grc' dir='ltr'>Ἀρατε</span> <span class='ocrx_word' id='word_1_146' title='bbox 593 2148 664 2162; x_wconf 70' lang='grc' dir='ltr'><strong>ο-</strong></span> <span class='ocrx_word' id='word_1_147' title='bbox 711 2120 813 2174; x_wconf 68' lang='lat' dir='ltr'><strong>da‘</strong></span> <span class='ocrx_word' id='word_1_148' title='bbox 861 2119 1071 2175; x_wconf 82' lang='grc' dir='ltr'>αὐτοῦ.</span> <span class='ocrx_word' id='word_1_149' title='bbox 1132 2118 1419 2174; x_wconf 83' lang='grc' dir='ltr'>Ἐκὲλευσε</span> <span class='ocrx_word' id='word_1_150' title='bbox 1478 2119 1833 2190; x_wconf 63' lang='grc' dir='ltr'>γυμνωθῆναι</span> 
     </span>
    </p>
   </div>
   <div class='ocr_carea' id='block_1_24' title="bbox 239 2211 1834 2283">
    <p class='ocr_par' dir='ltr' id='par_1_24' title="bbox 239 2211 1834 2283">
     <span class='ocr_line' id='line_1_24' title="bbox 239 2211 1834 2283; baseline -0.002 -17"><span class='ocrx_word' id='word_1_151' title='bbox 239 2214 411 2266; x_wconf 80' lang='grc' dir='ltr'>αὑτὸν</span> <span class='ocrx_word' id='word_1_152' title='bbox 457 2211 551 2266; x_wconf 81' lang='grc' dir='ltr'>τοῦ</span> <span class='ocrx_word' id='word_1_153' title='bbox 587 2211 967 2265; x_wconf 82' lang='grc' dir='ltr'>διδασκαλικοῦ</span> <span class='ocrx_word' id='word_1_154' title='bbox 1007 2211 1340 2281; x_wconf 77' lang='grc' dir='ltr'>ἀξιώματοςο</span> <span class='ocrx_word' id='word_1_155' title='bbox 1372 2211 1533 2264; x_wconf 80' lang='grc' dir='ltr'>τοῦτο</span> <span class='ocrx_word' id='word_1_156' title='bbox 1568 2213 1676 2283; x_wconf 81' lang='grc' dir='ltr'>γὰρ</span> <span class='ocrx_word' id='word_1_157' title='bbox 1710 2211 1834 2265; x_wconf 76' lang='grc' dir='ltr'>εἷπε</span> 
     </span>
    </p>
   </div>
   <div class='ocr_carea' id='block_1_25' title="bbox 240 2303 1837 2374">
    <p class='ocr_par' dir='ltr' id='par_1_25' title="bbox 240 2303 1837 2374">
     <span class='ocr_line' id='line_1_25' title="bbox 240 2303 1837 2374; baseline -0.004 -15"><span class='ocrx_word' id='word_1_158' title='bbox 240 2307 529 2360; x_wconf 76' lang='grc' dir='ltr'>τάλαντον·</span> <span class='ocrx_word' id='word_1_159' title='bbox 561 2304 657 2358; x_wconf 71' lang='grc' dir='ltr'><strong>καὶ</strong></span> <span class='ocrx_word' id='word_1_160' title='bbox 685 2305 782 2372; x_wconf 82' lang='grc' dir='ltr'><strong>τὴν</strong></span> <span class='ocrx_word' id='word_1_161' title='bbox 811 2305 976 2374; x_wconf 80' lang='grc' dir='ltr'>τιμὴν</span> <span class='ocrx_word' id='word_1_162' title='bbox 1002 2304 1206 2372; x_wconf 84' lang='grc' dir='ltr'>ταύτην</span> <span class='ocrx_word' id='word_1_163' title='bbox 1229 2304 1308 2368; x_wconf 86' lang='grc' dir='ltr'><strong>είς</strong></span> <span class='ocrx_word' id='word_1_164' title='bbox 1339 2303 1658 2374; x_wconf 79' lang='grc' dir='ltr'>προσθήκην</span> <span class='ocrx_word' id='word_1_165' title='bbox 1680 2305 1837 2374; x_wconf 81' lang='grc' dir='ltr'>δοθῆ-</span> 
     </span>
    </p>
   </div>
   <div class='ocr_carea' id='block_1_26' title="bbox 241 2393 1836 2466">
    <p class='ocr_par' dir='ltr' id='par_1_26' title="bbox 241 2393 1836 2466">
     <span class='ocr_line' id='line_1_26' title="bbox 241 2393 1836 2466; baseline -0.003 -16"><span class='ocrx_word' id='word_1_166' title='bbox 241 2416 334 2450; x_wconf 90' lang='grc' dir='ltr'><strong>ναι</strong></span> <span class='ocrx_word' id='word_1_167' title='bbox 366 2396 446 2464; x_wconf 78' lang='grc' dir='ltr'>τῷ</span> <span class='ocrx_word' id='word_1_168' title='bbox 475 2396 654 2466; x_wconf 74' lang='grc' dir='ltr'>ἔχοντι</span> <span class='ocrx_word' id='word_1_169' title='bbox 676 2395 741 2448; x_wconf 68' lang='grc' dir='ltr'>τὰ</span> <span class='ocrx_word' id='word_1_170' title='bbox 774 2394 904 2446; x_wconf 77' lang='grc' dir='ltr'>δέκα</span> <span class='ocrx_word' id='word_1_171' title='bbox 933 2394 1192 2447; x_wconf 81' lang='grc' dir='ltr'>τάλαντα.</span> <span class='ocrx_word' id='word_1_172' title='bbox 1226 2393 1396 2445; x_wconf 71' lang='grc' dir='ltr'>Παντὶ</span> <span class='ocrx_word' id='word_1_173' title='bbox 1417 2395 1526 2462; x_wconf 70' lang='grc' dir='ltr'>γὰρ</span> <span class='ocrx_word' id='word_1_174' title='bbox 1551 2395 1628 2462; x_wconf 83' lang='grc' dir='ltr'>τῷ</span> <span class='ocrx_word' id='word_1_175' title='bbox 1658 2393 1836 2462; x_wconf 65' lang='grc' dir='ltr'>ἔχοντι</span> 
     </span>
    </p>
   </div>
   <div class='ocr_carea' id='block_1_27' title="bbox 243 2485 1838 2558">
    <p class='ocr_par' dir='ltr' id='par_1_27' title="bbox 243 2485 1838 2558">
     <span class='ocr_line' id='line_1_27' title="bbox 243 2485 1838 2558; baseline -0.003 -17"><span class='ocrx_word' id='word_1_176' title='bbox 243 2490 493 2558; x_wconf 79' lang='grc' dir='ltr'>σπουδήν</span> <span class='ocrx_word' id='word_1_177' title='bbox 528 2505 587 2541; x_wconf 83' lang='grc' dir='ltr'><strong>τε</strong></span> <span class='ocrx_word' id='word_1_178' title='bbox 618 2487 717 2540; x_wconf 58' lang='grc' dir='ltr'><strong>καὶ⁵</strong></span> <span class='ocrx_word' id='word_1_179' title='bbox 750 2487 1069 2556; x_wconf 78' lang='grc' dir='ltr'>ἱπιμέλειαν</span> <span class='ocrx_word' id='word_1_180' title='bbox 1121 2486 1411 2556; x_wconf 79' lang='grc' dir='ltr'>δοθήσεται</span> <span class='ocrx_word' id='word_1_181' title='bbox 1443 2485 1578 2556; x_wconf 78' lang='grc' dir='ltr'>τιμὴ</span> <span class='ocrx_word' id='word_1_182' title='bbox 1606 2487 1700 2538; x_wconf 78' lang='grc' dir='ltr'><strong>καὶ</strong></span> <span class='ocrx_word' id='word_1_183' title='bbox 1736 2502 1838 2537; x_wconf 62' lang='grc' dir='ltr'>περ</span> 
     </span>
    </p>
   </div>
   <div class='ocr_carea' id='block_1_28' title="bbox 245 2575 1835 2649">
    <p class='ocr_par' dir='ltr' id='par_1_28' title="bbox 245 2575 1835 2649">
     <span class='ocr_line' id='line_1_28' title="bbox 245 2575 1835 2649; baseline -0.001 -17"><span class='ocrx_word' id='word_1_184' title='bbox 245 2579 549 2649; x_wconf 80' lang='grc' dir='ltr'>ρισσοτέρα</span> <span class='ocrx_word' id='word_1_185' title='bbox 610 2581 709 2647; x_wconf 84' lang='grc' dir='ltr'>τῆς</span> <span class='ocrx_word' id='word_1_186' title='bbox 773 2577 1175 2646; x_wconf 75' lang='grc' dir='ltr'>ἐπιϐαλλούσης</span> <span class='ocrx_word' id='word_1_187' title='bbox 1235 2577 1406 2647; x_wconf 81' lang='grc' dir='ltr'><strong>αὐτῷ’</strong></span> <span class='ocrx_word' id='word_1_188' title='bbox 1473 2577 1581 2630; x_wconf 77' lang='grc' dir='ltr'>ἀπὸ</span> <span class='ocrx_word' id='word_1_189' title='bbox 1632 2577 1688 2630; x_wconf 78' lang='grc' dir='ltr'>δὲ</span> <span class='ocrx_word' id='word_1_190' title='bbox 1741 2575 1835 2630; x_wconf 79' lang='grc' dir='ltr'><strong>τοῦ</strong></span> 
     </span>
    </p>
   </div>
   <div class='ocr_carea' id='block_1_29' title="bbox 250 2669 1834 2742">
    <p class='ocr_par' dir='ltr' id='par_1_29' title="bbox 250 2669 1834 2742">
     <span class='ocr_line' id='line_1_29' title="bbox 250 2669 1834 2742; baseline -0.001 -19"><span class='ocrx_word' id='word_1_191' title='bbox 250 2672 330 2742; x_wconf 80' lang='grc' dir='ltr'>μὴ</span> <span class='ocrx_word' id='word_1_192' title='bbox 378 2671 594 2741; x_wconf 69' lang='grc' dir='ltr'>ἔχοντος</span> <span class='ocrx_word' id='word_1_193' title='bbox 641 2669 900 2739; x_wconf 76' lang='grc' dir='ltr'>σπουδὴν,</span> <span class='ocrx_word' id='word_1_194' title='bbox 947 2670 1022 2732; x_wconf 84' lang='grc' dir='ltr'><strong>ὡς</strong></span> <span class='ocrx_word' id='word_1_195' title='bbox 1065 2669 1304 2739; x_wconf 73' lang='grc' dir='ltr'>εἴρηται,</span> <span class='ocrx_word' id='word_1_196' title='bbox 1359 2669 1450 2722; x_wconf 78' lang='grc' dir='ltr'>καὶ</span> <span class='ocrx_word' id='word_1_197' title='bbox 1490 2670 1834 2739; x_wconf 64' lang='grc' dir='ltr'>ἐπιμέλειαν,</span> 
     </span>
    </p>
   </div>
   <div class='ocr_carea' id='block_1_30' title="bbox 244 2758 1838 2832">
    <p class='ocr_par' dir='ltr' id='par_1_30' title="bbox 244 2758 1838 2832">
     <span class='ocr_line' id='line_1_30' title="bbox 244 2758 1838 2832; baseline -0.002 -15"><span class='ocrx_word' id='word_1_198' title='bbox 244 2767 348 2817; x_wconf 73' lang='grc' dir='ltr'>καὶ</span> <span class='ocrx_word' id='word_1_199' title='bbox 379 2762 408 2816; x_wconf 84' lang='grc' dir='ltr'><strong>δ</strong></span> <span class='ocrx_word' id='word_1_200' title='bbox 441 2761 952 2832; x_wconf 76' lang='grc' dir='ltr'>ἑχειδιδασκαλικὺν</span> <span class='ocrx_word' id='word_1_201' title='bbox 984 2761 1222 2831; x_wconf 75' lang='grc' dir='ltr'>ἀξίωμα,</span> <span class='ocrx_word' id='word_1_202' title='bbox 1258 2760 1714 2832; x_wconf 72' lang='grc' dir='ltr'>ἀφαιρεθήσεται,</span> <span class='ocrx_word' id='word_1_203' title='bbox 1750 2758 1838 2815; x_wconf 75' lang='grc' dir='ltr'>οἷα</span> 
     </span>
    </p>
   </div>
   <div class='ocr_carea' id='block_1_31' title="bbox 253 2853 916 2929">
    <p class='ocr_par' dir='ltr' id='par_1_31' title="bbox 253 2853 916 2929">
     <span class='ocr_line' id='line_1_31' title="bbox 253 2853 916 2929; baseline -0.029 1"><span class='ocrx_word' id='word_1_204' title='bbox 253 2860 336 2929; x_wconf 71' lang='grc' dir='ltr'><strong>μὴ</strong></span> <span class='ocrx_word' id='word_1_205' title='bbox 370 2855 721 2926; x_wconf 77' lang='grc' dir='ltr'><strong>χρησαμένου</strong></span> <span class='ocrx_word' id='word_1_206' title='bbox 744 2853 916 2923; x_wconf 60' lang='grc' dir='ltr'>αὐτῷ.</span> 
     </span>
    </p>
   </div>
   <div class='ocr_carea' id='block_1_32' title="bbox 329 2945 1838 3016">
    <p class='ocr_par' dir='ltr' id='par_1_32' title="bbox 329 2945 1838 3016">
     <span class='ocr_line' id='line_1_32' title="bbox 329 2945 1838 3016; baseline -0.003 -12"><span class='ocrx_word' id='word_1_207' title='bbox 329 2950 442 3004; x_wconf 79' lang='grc' dir='ltr'><strong>Καὶ</strong></span> <span class='ocrx_word' id='word_1_208' title='bbox 484 2949 591 3001; x_wconf 85' lang='grc' dir='ltr'><strong>τὸν</strong></span> <span class='ocrx_word' id='word_1_209' title='bbox 617 2946 861 3016; x_wconf 70' lang='grc' dir='ltr'>ἀχρεῖοι·</span> <span class='ocrx_word' id='word_1_210' title='bbox 889 2945 1114 3000; x_wconf 75' lang='grc' dir='ltr'>δοῦλον</span> <span class='ocrx_word' id='word_1_211' title='bbox 1143 2976 1212 2988; x_wconf 92' lang='lat'><strong>——</strong></span> <span class='ocrx_word' id='word_1_212' title='bbox 1250 2947 1534 3001; x_wconf 75' lang='grc' dir='ltr'><strong>ὀδόντων.</strong></span> <span class='ocrx_word' id='word_1_213' title='bbox 1569 2945 1644 3000; x_wconf 77' lang='grc' dir='ltr'><strong>Οὐ</strong></span> <span class='ocrx_word' id='word_1_214' title='bbox 1680 2949 1838 3016; x_wconf 82' lang='grc' dir='ltr'>μέχρι</span> 
     </span>
    </p>
   </div>
   <div class='ocr_carea' id='block_1_33' title="bbox 247 3039 1841 3113">
    <p class='ocr_par' dir='ltr' id='par_1_33' title="bbox 247 3039 1841 3113">
     <span class='ocr_line' id='line_1_33' title="bbox 247 3039 1841 3113; baseline -0.003 -17"><span class='ocrx_word' id='word_1_215' title='bbox 247 3043 356 3113; x_wconf 78' lang='grc' dir='ltr'><strong>τῆς</strong></span> <span class='ocrx_word' id='word_1_216' title='bbox 416 3041 764 3110; x_wconf 79' lang='grc' dir='ltr'>ἀφαιρέσεως</span> <span class='ocrx_word' id='word_1_217' title='bbox 827 3039 1024 3109; x_wconf 75' lang='grc' dir='ltr'>ἔστησε</span> <span class='ocrx_word' id='word_1_218' title='bbox 1097 3039 1197 3110; x_wconf 81' lang='grc' dir='ltr'>τὴν</span> <span class='ocrx_word' id='word_1_219' title='bbox 1261 3040 1488 3109; x_wconf 77' lang='grc' dir='ltr'>ζημίαν,</span> <span class='ocrx_word' id='word_1_220' title='bbox 1551 3039 1688 3092; x_wconf 82' lang='grc' dir='ltr'>ἀλλὰ</span> <span class='ocrx_word' id='word_1_221' title='bbox 1744 3041 1841 3092; x_wconf 75' lang='grc' dir='ltr'>καὶ</span> 
     </span>
    </p>
   </div>
   <div class='ocr_carea' id='block_1_34' title="bbox 1934 553 3508 629">
    <p class='ocr_par' dir='ltr' id='par_1_34' title="bbox 1934 553 3508 629">
     <span class='ocr_line' id='line_1_34' title="bbox 1934 553 3508 629; baseline -0.004 -18"><span class='ocrx_word' id='word_1_222' title='bbox 1934 576 2037 629; x_wconf 88' lang='lat' dir='ltr'><strong>que</strong></span> <span class='ocrx_word' id='word_1_223' title='bbox 2066 560 2480 629; x_wconf 83' lang='lat' dir='ltr'><strong>respondebunt</strong></span> <span class='ocrx_word' id='word_1_224' title='bbox 2506 567 2693 613; x_wconf 87' lang='lat' dir='ltr'><strong>contra</strong></span> <span class='ocrx_word' id='word_1_225' title='bbox 2720 555 2928 624; x_wconf 89' lang='lat' dir='ltr'><strong>seipsos</strong></span> <span class='ocrx_word' id='word_1_226' title='bbox 2960 553 3144 606; x_wconf 83' lang='lat' dir='ltr'><strong>omnia</strong></span> <span class='ocrx_word' id='word_1_227' title='bbox 3182 562 3508 606; x_wconf 78' lang='lat' dir='ltr'><strong>converten-</strong></span> 
     </span>
    </p>
   </div>
   <div class='ocr_carea' id='block_1_35' title="bbox 1933 652 2908 720">
    <p class='ocr_par' dir='ltr' id='par_1_35' title="bbox 1933 652 2908 720">
     <span class='ocr_line' id='line_1_35' title="bbox 1933 652 2908 720; baseline -0.012 -13"><span class='ocrx_word' id='word_1_228' title='bbox 1933 662 2041 707; x_wconf 93' lang='lat' dir='ltr'><strong>tur.</strong></span> <span class='ocrx_word' id='word_1_229' title='bbox 2085 652 2220 704; x_wconf 71' lang='lat' dir='ltr'><strong>Audi</strong></span> <span class='ocrx_word' id='word_1_230' title='bbox 2258 665 2384 720; x_wconf 76' lang='lat' dir='ltr'><strong>ergo</strong></span> <span class='ocrx_word' id='word_1_231' title='bbox 2412 665 2531 718; x_wconf 71' lang='lat' dir='ltr'><strong>qua:</strong></span> <span class='ocrx_word' id='word_1_232' title='bbox 2575 654 2908 715; x_wconf 88' lang='lat' dir='ltr'><strong>sequuntur.</strong></span> 
     </span>
    </p>
   </div>
   <div class='ocr_carea' id='block_1_36' title="bbox 1999 730 3518 807">
    <p class='ocr_par' dir='ltr' id='par_1_36' title="bbox 1999 730 3518 807">
     <span class='ocr_line' id='line_1_36' title="bbox 1999 730 3518 807; baseline -0.012 -10"><span class='ocrx_word' id='word_1_233' title='bbox 1999 743 2259 799; x_wconf 54' lang='grc' dir='ltr'>νει-836.</span> <span class='ocrx_word' id='word_1_234' title='bbox 2284 742 2612 807; x_wconf 68' lang='lat' dir='ltr'><strong>Responderi:</strong></span> <span class='ocrx_word' id='word_1_235' title='bbox 2632 767 2697 780; x_wconf 91' lang='lat'><strong>-</strong></span> <span class='ocrx_word' id='word_1_236' title='bbox 2716 738 2876 791; x_wconf 85' lang='lat' dir='ltr'><strong>Vers.</strong></span> <span class='ocrx_word' id='word_1_237' title='bbox 2902 736 2992 789; x_wconf 71' lang='lat'><strong>27.</strong></span> <span class='ocrx_word' id='word_1_238' title='bbox 3034 749 3221 787; x_wconf 73' lang='lat' dir='ltr'><strong>usura.</strong></span> <span class='ocrx_word' id='word_1_239' title='bbox 3248 730 3363 784; x_wconf 80' lang='lat' dir='ltr'><strong>Non</strong></span> <span class='ocrx_word' id='word_1_240' title='bbox 3385 745 3518 798; x_wconf 85' lang='lat' dir='ltr'><strong>qua-</strong></span> 
     </span>
    </p>
   </div>
   <div class='ocr_carea' id='block_1_37' title="bbox 1930 821 3519 890">
    <p class='ocr_par' dir='ltr' id='par_1_37' title="bbox 1930 821 3519 890">
     <span class='ocr_line' id='line_1_37' title="bbox 1930 821 3519 890; baseline -0.012 0"><span class='ocrx_word' id='word_1_241' title='bbox 1930 835 1974 890; x_wconf 89' lang='lat' dir='ltr'><strong>si</strong></span> <span class='ocrx_word' id='word_1_242' title='bbox 2007 834 2094 887; x_wconf 87' lang='lat' dir='ltr'><strong>ille</strong></span> <span class='ocrx_word' id='word_1_243' title='bbox 2125 849 2248 887; x_wconf 80' lang='lat' dir='ltr'><strong>vera</strong></span> <span class='ocrx_word' id='word_1_244' title='bbox 2279 833 2476 886; x_wconf 78' lang='lat' dir='ltr'><strong>dixerit</strong></span> <span class='ocrx_word' id='word_1_245' title='bbox 2498 832 2611 885; x_wconf 66' lang='lat' dir='ltr'><strong>haec</strong></span> <span class='ocrx_word' id='word_1_246' title='bbox 2635 831 2707 884; x_wconf 92' lang='lat' dir='ltr'><strong>ait</strong></span> <span class='ocrx_word' id='word_1_247' title='bbox 2727 823 3174 890; x_wconf 80' lang='lat' dir='ltr'><strong>Dominus;nibil</strong></span> <span class='ocrx_word' id='word_1_248' title='bbox 3199 821 3343 876; x_wconf 89' lang='lat' dir='ltr'><strong>enim</strong></span> <span class='ocrx_word' id='word_1_249' title='bbox 3375 829 3519 873; x_wconf 78' lang='lat' dir='ltr'><strong>recte</strong></span> 
     </span>
    </p>
   </div>
   <div class='ocr_carea' id='block_1_38' title="bbox 1929 913 3519 995">
    <p class='ocr_par' dir='ltr' id='par_1_38' title="bbox 1929 913 3519 995">
     <span class='ocr_line' id='line_1_38' title="bbox 1929 913 3519 995; baseline -0.012 -14"><span class='ocrx_word' id='word_1_250' title='bbox 1929 927 2130 981; x_wconf 83' lang='lat' dir='ltr'><strong>lltsine</strong></span> <span class='ocrx_word' id='word_1_251' title='bbox 2162 927 2301 995; x_wconf 85' lang='lat' dir='ltr'><strong>ipso;</strong></span> <span class='ocrx_word' id='word_1_252' title='bbox 2329 926 2424 980; x_wconf 91' lang='lat' dir='ltr'><strong>sed</strong></span> <span class='ocrx_word' id='word_1_253' title='bbox 2456 925 2740 994; x_wconf 89' lang='lat' dir='ltr'><strong>supposito</strong></span> <span class='ocrx_word' id='word_1_254' title='bbox 2813 933 3066 974; x_wconf 82' lang='lat' dir='ltr'><strong>sermone</strong></span> <span class='ocrx_word' id='word_1_255' title='bbox 3123 913 3388 983; x_wconf 87' lang='lat' dir='ltr'><strong>procedit,</strong></span> <span class='ocrx_word' id='word_1_256' title='bbox 3455 925 3519 963; x_wconf 91' lang='lat' dir='ltr'><strong>ac</strong></span> 
     </span>
    </p>
   </div>
   <div class='ocr_carea' id='block_1_39' title="bbox 1933 1006 3514 1077">
    <p class='ocr_par' dir='ltr' id='par_1_39' title="bbox 1933 1006 3514 1077">
     <span class='ocr_line' id='line_1_39' title="bbox 1933 1006 3514 1077; baseline -0.015 -3"><span class='ocrx_word' id='word_1_257' title='bbox 1933 1021 1978 1074; x_wconf 91' lang='lat' dir='ltr'><strong>si</strong></span> <span class='ocrx_word' id='word_1_258' title='bbox 2011 1021 2258 1074; x_wconf 88' lang='lat' dir='ltr'><strong>diceret:</strong></span> <span class='ocrx_word' id='word_1_259' title='bbox 2289 1018 2346 1069; x_wconf 87' lang='lat' dir='ltr'><strong>Si</strong></span> <span class='ocrx_word' id='word_1_260' title='bbox 2386 1018 2549 1070; x_wconf 86' lang='lat' dir='ltr'><strong>etiam</strong></span> <span class='ocrx_word' id='word_1_261' title='bbox 2590 1014 2713 1068; x_wconf 84' lang='lat' dir='ltr'><strong>talis</strong></span> <span class='ocrx_word' id='word_1_262' title='bbox 2746 1026 2947 1072; x_wconf 84' lang='lat' dir='ltr'><strong>essem,</strong></span> <span class='ocrx_word' id='word_1_263' title='bbox 2977 1006 3122 1077; x_wconf 89' lang='lat' dir='ltr'><strong>quod</strong></span> <span class='ocrx_word' id='word_1_264' title='bbox 3150 1018 3337 1058; x_wconf 84' lang='lat' dir='ltr'><strong>verum</strong></span> <span class='ocrx_word' id='word_1_265' title='bbox 3402 1017 3514 1054; x_wconf 88' lang='lat' dir='ltr'><strong>non</strong></span> 
     </span>
    </p>
   </div>
   <div class='ocr_carea' id='block_1_40' title="bbox 1932 1094 3516 1177">
    <p class='ocr_par' dir='ltr' id='par_1_40' title="bbox 1932 1094 3516 1177">
     <span class='ocr_line' id='line_1_40' title="bbox 1932 1094 3516 1177; baseline -0.013 -13"><span class='ocrx_word' id='word_1_266' title='bbox 1932 1119 2035 1174; x_wconf 86' lang='lat' dir='ltr'><strong>est,</strong></span> <span class='ocrx_word' id='word_1_267' title='bbox 2068 1120 2248 1163; x_wconf 87' lang='lat' dir='ltr'><strong>tamen</strong></span> <span class='ocrx_word' id='word_1_268' title='bbox 2267 1109 2390 1177; x_wconf 90' lang='lat' dir='ltr'><strong>quia</strong></span> <span class='ocrx_word' id='word_1_269' title='bbox 2421 1107 2579 1160; x_wconf 87' lang='lat' dir='ltr'><strong>talem</strong></span> <span class='ocrx_word' id='word_1_270' title='bbox 2609 1119 2695 1158; x_wconf 91' lang='lat' dir='ltr'><strong>me</strong></span> <span class='ocrx_word' id='word_1_271' title='bbox 2712 1116 2968 1162; x_wconf 84' lang='lat' dir='ltr'><strong>noveras,</strong></span> <span class='ocrx_word' id='word_1_272' title='bbox 3000 1099 3122 1152; x_wconf 89' lang='lat' dir='ltr'><strong>ideo</strong></span> <span class='ocrx_word' id='word_1_273' title='bbox 3154 1094 3325 1164; x_wconf 82' lang='lat' dir='ltr'><strong>magis</strong></span> <span class='ocrx_word' id='word_1_274' title='bbox 3353 1108 3516 1160; x_wconf 89' lang='lat' dir='ltr'><strong>opor-</strong></span> 
     </span>
    </p>
   </div>
   <div class='ocr_carea' id='block_1_41' title="bbox 1935 1185 3517 1267">
    <p class='ocr_par' dir='ltr' id='par_1_41' title="bbox 1935 1185 3517 1267">
     <span class='ocr_line' id='line_1_41' title="bbox 1935 1185 3517 1267; baseline -0.013 -13"><span class='ocrx_word' id='word_1_275' title='bbox 1935 1201 2082 1256; x_wconf 89' lang='lat' dir='ltr'><strong>tebat</strong></span> <span class='ocrx_word' id='word_1_276' title='bbox 2115 1209 2166 1254; x_wconf 89' lang='lat' dir='ltr'><strong>te</strong></span> <span class='ocrx_word' id='word_1_277' title='bbox 2192 1197 2515 1267; x_wconf 74' lang='lat' dir='ltr'><strong>exposuisse</strong></span> <span class='ocrx_word' id='word_1_278' title='bbox 2547 1195 2750 1248; x_wconf 89' lang='lat' dir='ltr'><strong>donum</strong></span> <span class='ocrx_word' id='word_1_279' title='bbox 2782 1206 2985 1254; x_wconf 89' lang='lat' dir='ltr'><strong>meum,</strong></span> <span class='ocrx_word' id='word_1_280' title='bbox 3021 1189 3109 1240; x_wconf 85' lang='lat' dir='ltr'><strong>his</strong></span> <span class='ocrx_word' id='word_1_281' title='bbox 3149 1185 3239 1255; x_wconf 91' lang='lat' dir='ltr'><strong>qui</strong></span> <span class='ocrx_word' id='word_1_282' title='bbox 3289 1194 3517 1236; x_wconf 85' lang='lat' dir='ltr'><strong>nossent</strong></span> 
     </span>
    </p>
   </div>
   <div class='ocr_carea' id='block_1_42' title="bbox 1931 1270 3516 1356">
    <p class='ocr_par' dir='ltr' id='par_1_42' title="bbox 1931 1270 3516 1356">
     <span class='ocr_line' id='line_1_42' title="bbox 1931 1270 3516 1356; baseline -0.015 -13"><span class='ocrx_word' id='word_1_283' title='bbox 1931 1289 2136 1343; x_wconf 89' lang='lat' dir='ltr'><strong>bonum</strong></span> <span class='ocrx_word' id='word_1_284' title='bbox 2169 1303 2200 1341; x_wconf 88' lang='lat' dir='ltr'><strong>a</strong></span> <span class='ocrx_word' id='word_1_285' title='bbox 2237 1301 2404 1356; x_wconf 85' lang='lat' dir='ltr'><strong>pravo</strong></span> <span class='ocrx_word' id='word_1_286' title='bbox 2423 1282 2756 1352; x_wconf 88' lang='lat' dir='ltr'><strong>dijudieare:</strong></span> <span class='ocrx_word' id='word_1_287' title='bbox 2805 1279 2902 1332; x_wconf 85' lang='lat' dir='ltr'><strong>hos</strong></span> <span class='ocrx_word' id='word_1_288' title='bbox 2933 1275 3077 1328; x_wconf 90' lang='lat' dir='ltr'><strong>enim</strong></span> <span class='ocrx_word' id='word_1_289' title='bbox 3104 1270 3338 1340; x_wconf 81' lang='lat' dir='ltr'><strong>appellat</strong></span> <span class='ocrx_word' id='word_1_290' title='bbox 3363 1284 3516 1321; x_wconf 82' lang='lat' dir='ltr'><strong>meu-</strong></span> 
     </span>
    </p>
   </div>
   <div class='ocr_carea' id='block_1_43' title="bbox 1933 1363 3512 1446">
    <p class='ocr_par' dir='ltr' id='par_1_43' title="bbox 1933 1363 3512 1446">
     <span class='ocr_line' id='line_1_43' title="bbox 1933 1363 3512 1446; baseline -0.016 -11"><span class='ocrx_word' id='word_1_291' title='bbox 1933 1381 2139 1435; x_wconf 86' lang='lat' dir='ltr'><strong>sarios:</strong></span> <span class='ocrx_word' id='word_1_292' title='bbox 2179 1377 2420 1446; x_wconf 84' lang='lat' dir='ltr'><strong>Oportuit</strong></span> <span class='ocrx_word' id='word_1_293' title='bbox 2446 1384 2496 1428; x_wconf 88' lang='lat' dir='ltr'><strong>te</strong></span> <span class='ocrx_word' id='word_1_294' title='bbox 2535 1371 2809 1430; x_wconf 79' lang='lat' dir='ltr'><strong>docuisse,</strong></span> <span class='ocrx_word' id='word_1_295' title='bbox 2869 1363 3237 1424; x_wconf 79' lang='lat' dir='ltr'><strong>admonuisse,</strong></span> <span class='ocrx_word' id='word_1_296' title='bbox 3309 1374 3512 1412; x_wconf 89' lang='lat' dir='ltr'><strong>consu-</strong></span> 
     </span>
    </p>
   </div>
   <div class='ocr_carea' id='block_1_44' title="bbox 1933 1452 3518 1536">
    <p class='ocr_par' dir='ltr' id='par_1_44' title="bbox 1933 1452 3518 1536">
     <span class='ocr_line' id='line_1_44' title="bbox 1933 1452 3518 1536; baseline -0.016 -17"><span class='ocrx_word' id='word_1_297' title='bbox 1933 1467 2121 1532; x_wconf 89' lang='lat' dir='ltr'><strong>luisse,</strong></span> <span class='ocrx_word' id='word_1_298' title='bbox 2156 1465 2416 1536; x_wconf 80' lang='lat' dir='ltr'><strong>quidquid</strong></span> <span class='ocrx_word' id='word_1_299' title='bbox 2452 1463 2502 1515; x_wconf 90' lang='lat' dir='ltr'><strong>iu</strong></span> <span class='ocrx_word' id='word_1_300' title='bbox 2529 1470 2580 1515; x_wconf 91' lang='lat' dir='ltr'><strong>te</strong></span> <span class='ocrx_word' id='word_1_301' title='bbox 2603 1468 2720 1513; x_wconf 82' lang='lat' dir='ltr'><strong>erat</strong></span> <span class='ocrx_word' id='word_1_302' title='bbox 2753 1458 2968 1518; x_wconf 79' lang='lat' dir='ltr'><strong>fecisse,</strong></span> <span class='ocrx_word' id='word_1_303' title='bbox 3038 1452 3306 1519; x_wconf 86' lang='lat' dir='ltr'><strong>reliquum</strong></span> <span class='ocrx_word' id='word_1_304' title='bbox 3336 1457 3518 1501; x_wconf 88' lang='lat' dir='ltr'><strong>autem</strong></span> 
     </span>
    </p>
   </div>
   <div class='ocr_carea' id='block_1_45' title="bbox 1932 1541 3519 1626">
    <p class='ocr_par' dir='ltr' id='par_1_45' title="bbox 1932 1541 3519 1626">
     <span class='ocr_line' id='line_1_45' title="bbox 1932 1541 3519 1626; baseline -0.016 -13"><span class='ocrx_word' id='word_1_305' title='bbox 1932 1559 2067 1612; x_wconf 86' lang='lat' dir='ltr'><strong>mihi</strong></span> <span class='ocrx_word' id='word_1_306' title='bbox 2103 1557 2472 1626; x_wconf 82' lang='lat' dir='ltr'><strong>perntississe.</strong></span> <span class='ocrx_word' id='word_1_307' title='bbox 2509 1553 2630 1607; x_wconf 83' lang='lat' dir='ltr'><strong>dico</strong></span> <span class='ocrx_word' id='word_1_308' title='bbox 2659 1564 2790 1605; x_wconf 83' lang='lat' dir='ltr'><strong>sane</strong></span> <span class='ocrx_word' id='word_1_309' title='bbox 2814 1545 3197 1610; x_wconf 86' lang='lat' dir='ltr'><strong>repetitionem</strong></span> <span class='ocrx_word' id='word_1_310' title='bbox 3232 1560 3245 1593; x_wconf 93' lang='lat'>:</span> <span class='ocrx_word' id='word_1_311' title='bbox 3274 1541 3519 1608; x_wconf 86' lang='lat' dir='ltr'><strong>oportuit</strong></span> 
     </span>
    </p>
   </div>
   <div class='ocr_carea' id='block_1_46' title="bbox 1936 1633 3520 1720">
    <p class='ocr_par' dir='ltr' id='par_1_46' title="bbox 1936 1633 3520 1720">
     <span class='ocr_line' id='line_1_46' title="bbox 1936 1633 3520 1720; baseline -0.016 -15"><span class='ocrx_word' id='word_1_312' title='bbox 1936 1663 1988 1705; x_wconf 90' lang='lat' dir='ltr'><strong>te</strong></span> <span class='ocrx_word' id='word_1_313' title='bbox 2020 1650 2166 1720; x_wconf 88' lang='lat' dir='ltr'><strong>quod</strong></span> <span class='ocrx_word' id='word_1_314' title='bbox 2195 1649 2406 1705; x_wconf 77' lang='lat' dir='ltr'><strong>facilius</strong></span> <span class='ocrx_word' id='word_1_315' title='bbox 2444 1654 2525 1701; x_wconf 90' lang='lat' dir='ltr'><strong>est</strong></span> <span class='ocrx_word' id='word_1_316' title='bbox 2557 1645 2761 1698; x_wconf 84' lang='lat' dir='ltr'><strong>interea</strong></span> <span class='ocrx_word' id='word_1_317' title='bbox 2795 1637 3108 1710; x_wconf 80' lang='lat' dir='ltr'><strong>perfecisse,</strong></span> <span class='ocrx_word' id='word_1_318' title='bbox 3161 1633 3305 1702; x_wconf 87' lang='lat' dir='ltr'><strong>quod</strong></span> <span class='ocrx_word' id='word_1_319' title='bbox 3338 1639 3520 1682; x_wconf 86' lang='lat' dir='ltr'><strong>autem</strong></span> 
     </span>
    </p>
   </div>
   <div class='ocr_carea' id='block_1_47' title="bbox 1936 1725 3519 1805">
    <p class='ocr_par' dir='ltr' id='par_1_47' title="bbox 1936 1725 3519 1805">
     <span class='ocr_line' id='line_1_47' title="bbox 1936 1725 3519 1805; baseline -0.018 -5"><span class='ocrx_word' id='word_1_320' title='bbox 1936 1745 2208 1800; x_wconf 63' lang='lat' dir='ltr'><strong>dimteilius</strong></span> <span class='ocrx_word' id='word_1_321' title='bbox 2239 1752 2322 1796; x_wconf 77' lang='lat' dir='ltr'><strong>est</strong></span> <span class='ocrx_word' id='word_1_322' title='bbox 2351 1741 2482 1795; x_wconf 87' lang='lat' dir='ltr'><strong>mihi</strong></span> <span class='ocrx_word' id='word_1_323' title='bbox 2534 1736 2839 1805; x_wconf 81' lang='lat' dir='ltr'><strong>reliquisse.</strong></span> <span class='ocrx_word' id='word_1_324' title='bbox 2894 1731 2990 1785; x_wconf 68' lang='lat' dir='ltr'><strong>Ais</strong></span> <span class='ocrx_word' id='word_1_325' title='bbox 3043 1729 3224 1796; x_wconf 87' lang='lat' dir='ltr'><strong>itaque</strong></span> <span class='ocrx_word' id='word_1_326' title='bbox 3257 1725 3519 1782; x_wconf 81' lang='lat' dir='ltr'><strong>alienum,</strong></span> 
     </span>
    </p>
   </div>
   <div class='ocr_carea' id='block_1_48' title="bbox 1936 1818 3516 1896">
    <p class='ocr_par' dir='ltr' id='par_1_48' title="bbox 1936 1818 3516 1896">
     <span class='ocr_line' id='line_1_48' title="bbox 1936 1818 3516 1896; baseline -0.02 -2"><span class='ocrx_word' id='word_1_327' title='bbox 1936 1839 2183 1896; x_wconf 84' lang='lat' dir='ltr'><strong>doctrina</strong></span> <span class='ocrx_word' id='word_1_328' title='bbox 2204 1847 2316 1890; x_wconf 88' lang='lat' dir='ltr'><strong>est:</strong></span> <span class='ocrx_word' id='word_1_329' title='bbox 2335 1847 2498 1888; x_wconf 91' lang='lat' dir='ltr'><strong>usura</strong></span> <span class='ocrx_word' id='word_1_330' title='bbox 2533 1845 2661 1883; x_wconf 84' lang='lat' dir='ltr'><strong>vero</strong></span> <span class='ocrx_word' id='word_1_331' title='bbox 2688 1827 2810 1880; x_wconf 90' lang='lat' dir='ltr'><strong>talis</strong></span> <span class='ocrx_word' id='word_1_332' title='bbox 2832 1826 2977 1882; x_wconf 64' lang='lat' dir='ltr'><strong>reris,</strong></span> <span class='ocrx_word' id='word_1_333' title='bbox 3011 1818 3213 1872; x_wconf 87' lang='lat' dir='ltr'><strong>additio</strong></span> <span class='ocrx_word' id='word_1_334' title='bbox 3233 1818 3516 1868; x_wconf 75' lang='lat' dir='ltr'><strong>virtutum.</strong></span> 
     </span>
    </p>
   </div>
   <div class='ocr_carea' id='block_1_49' title="bbox 1938 1911 3519 1991">
    <p class='ocr_par' dir='ltr' id='par_1_49' title="bbox 1938 1911 3519 1991">
     <span class='ocr_line' id='line_1_49' title="bbox 1938 1911 3519 1991; baseline -0.022 -1"><span class='ocrx_word' id='word_1_335' title='bbox 1938 1935 2172 1990; x_wconf 85' lang='lat' dir='ltr'><strong>Usurant</strong></span> <span class='ocrx_word' id='word_1_336' title='bbox 2231 1928 2442 1983; x_wconf 79' lang='lat' dir='ltr'><strong>vocavit</strong></span> <span class='ocrx_word' id='word_1_337' title='bbox 2497 1920 2821 1991; x_wconf 86' lang='lat' dir='ltr'><strong>simpliciter</strong></span> <span class='ocrx_word' id='word_1_338' title='bbox 2872 1929 3034 1968; x_wconf 89' lang='lat' dir='ltr'><strong>omne</strong></span> <span class='ocrx_word' id='word_1_339' title='bbox 3087 1911 3324 1970; x_wconf 89' lang='lat' dir='ltr'><strong>lucrum,</strong></span> <span class='ocrx_word' id='word_1_340' title='bbox 3366 1921 3519 1960; x_wconf 85' lang='lat' dir='ltr'><strong>more</strong></span> 
     </span>
    </p>
   </div>
   <div class='ocr_carea' id='block_1_50' title="bbox 1939 2023 2422 2082">
    <p class='ocr_par' dir='ltr' id='par_1_50' title="bbox 1939 2023 2422 2082">
     <span class='ocr_line' id='line_1_50' title="bbox 1939 2023 2422 2082; baseline -0.023 0"><span class='ocrx_word' id='word_1_341' title='bbox 1939 2023 2216 2082; x_wconf 92' lang='lat' dir='ltr'><strong>communi</strong></span> <span class='ocrx_word' id='word_1_342' title='bbox 2244 2032 2422 2074; x_wconf 89' lang='lat' dir='ltr'><strong>utens.</strong></span> 
     </span>
    </p>
   </div>
   <div class='ocr_carea' id='block_1_51' title="bbox 2012 2094 3517 2172">
    <p class='ocr_par' dir='ltr' id='par_1_51' title="bbox 2012 2094 3517 2172">
     <span class='ocr_line' id='line_1_51' title="bbox 2012 2094 3517 2172; baseline -0.019 0"><span class='ocrx_word' id='word_1_343' title='bbox 2012 2120 2164 2172; x_wconf 82' lang='lat' dir='ltr'><strong>Vers.</strong></span> <span class='ocrx_word' id='word_1_344' title='bbox 2195 2116 2284 2170; x_wconf 74' lang='grc'><strong>28.</strong></span> <span class='ocrx_word' id='word_1_345' title='bbox 2317 2112 2500 2165; x_wconf 82' lang='lat' dir='ltr'><strong>Tollite</strong></span> <span class='ocrx_word' id='word_1_346' title='bbox 2522 2140 2586 2151; x_wconf 84' lang='lat'><strong>—-</strong></span> <span class='ocrx_word' id='word_1_347' title='bbox 2609 2108 2764 2162; x_wconf 75' lang='lat' dir='ltr'><strong>Vers.</strong></span> <span class='ocrx_word' id='word_1_348' title='bbox 2794 2106 2884 2163; x_wconf 73' lang='lat'><strong>29.</strong></span> <span class='ocrx_word' id='word_1_349' title='bbox 2929 2104 2993 2156; x_wconf 86' lang='lat' dir='ltr'><strong>ab</strong></span> <span class='ocrx_word' id='word_1_350' title='bbox 3025 2118 3105 2154; x_wconf 86' lang='lat' dir='ltr'><strong>eo.</strong></span> <span class='ocrx_word' id='word_1_351' title='bbox 3171 2094 3343 2151; x_wconf 80' lang='lat' dir='ltr'><strong>Jussit</strong></span> <span class='ocrx_word' id='word_1_352' title='bbox 3391 2108 3517 2145; x_wconf 84' lang='lat' dir='ltr'><strong>eum</strong></span> 
     </span>
    </p>
   </div>
   <div class='ocr_carea' id='block_1_52' title="bbox 1940 2192 3520 2268">
    <p class='ocr_par' dir='ltr' id='par_1_52' title="bbox 1940 2192 3520 2268">
     <span class='ocr_line' id='line_1_52' title="bbox 1940 2192 3520 2268; baseline -0.018 0"><span class='ocrx_word' id='word_1_353' title='bbox 1940 2212 2134 2268; x_wconf 87' lang='lat' dir='ltr'><strong>nudari</strong></span> <span class='ocrx_word' id='word_1_354' title='bbox 2165 2210 2428 2266; x_wconf 58' lang='lat' dir='ltr'><strong>doctrinae</strong></span> <span class='ocrx_word' id='word_1_355' title='bbox 2456 2205 2643 2268; x_wconf 87' lang='lat' dir='ltr'><strong>dono;</strong></span> <span class='ocrx_word' id='word_1_356' title='bbox 2702 2204 2805 2256; x_wconf 83' lang='lat' dir='ltr'><strong>hoc</strong></span> <span class='ocrx_word' id='word_1_357' title='bbox 2846 2201 2987 2253; x_wconf 83' lang='lat' dir='ltr'><strong>enim</strong></span> <span class='ocrx_word' id='word_1_358' title='bbox 3025 2195 3162 2251; x_wconf 78' lang='lat' dir='ltr'><strong>dixit</strong></span> <span class='ocrx_word' id='word_1_359' title='bbox 3216 2192 3520 2253; x_wconf 86' lang='lat' dir='ltr'><strong>talentum;</strong></span> 
     </span>
    </p>
   </div>
   <div class='ocr_carea' id='block_1_53' title="bbox 1943 2281 3522 2361">
    <p class='ocr_par' dir='ltr' id='par_1_53' title="bbox 1943 2281 3522 2361">
     <span class='ocr_line' id='line_1_53' title="bbox 1943 2281 3522 2361; baseline -0.018 0"><span class='ocrx_word' id='word_1_360' title='bbox 1943 2314 2001 2361; x_wconf 87' lang='lat' dir='ltr'><strong>et</strong></span> <span class='ocrx_word' id='word_1_361' title='bbox 2036 2306 2302 2359; x_wconf 84' lang='lat' dir='ltr'><strong>honorem</strong></span> <span class='ocrx_word' id='word_1_362' title='bbox 2338 2298 2482 2350; x_wconf 87' lang='lat' dir='ltr'><strong>hunc</strong></span> <span class='ocrx_word' id='word_1_363' title='bbox 2526 2296 2581 2348; x_wconf 86' lang='lat' dir='ltr'><strong>in</strong></span> <span class='ocrx_word' id='word_1_364' title='bbox 2628 2292 2960 2347; x_wconf 83' lang='lat' dir='ltr'><strong>additioneln</strong></span> <span class='ocrx_word' id='word_1_365' title='bbox 2999 2288 3112 2340; x_wconf 85' lang='lat' dir='ltr'><strong>dari</strong></span> <span class='ocrx_word' id='word_1_366' title='bbox 3145 2285 3192 2338; x_wconf 90' lang='lat' dir='ltr'><strong>ei</strong></span> <span class='ocrx_word' id='word_1_367' title='bbox 3224 2284 3317 2352; x_wconf 84' lang='lat' dir='ltr'><strong>qui</strong></span> <span class='ocrx_word' id='word_1_368' title='bbox 3355 2281 3522 2335; x_wconf 80' lang='lat' dir='ltr'><strong>liabe-</strong></span> 
     </span>
    </p>
   </div>
   <div class='ocr_carea' id='block_1_54' title="bbox 1941 2375 3524 2451">
    <p class='ocr_par' dir='ltr' id='par_1_54' title="bbox 1941 2375 3524 2451">
     <span class='ocr_line' id='line_1_54' title="bbox 1941 2375 3524 2451; baseline -0.016 0"><span class='ocrx_word' id='word_1_369' title='bbox 1941 2398 2034 2451; x_wconf 90' lang='lat' dir='ltr'><strong>bat</strong></span> <span class='ocrx_word' id='word_1_370' title='bbox 2082 2396 2274 2449; x_wconf 85' lang='lat' dir='ltr'><strong>decem</strong></span> <span class='ocrx_word' id='word_1_371' title='bbox 2306 2390 2512 2444; x_wconf 85' lang='lat' dir='ltr'><strong>talenta</strong></span> <span class='ocrx_word' id='word_1_372' title='bbox 2543 2403 2558 2449; x_wconf 84' lang='lat'><strong>;</strong></span> <span class='ocrx_word' id='word_1_373' title='bbox 2607 2384 2756 2437; x_wconf 90' lang='lat' dir='ltr'><strong>omni</strong></span> <span class='ocrx_word' id='word_1_374' title='bbox 2793 2382 2938 2436; x_wconf 89' lang='lat' dir='ltr'><strong>enim</strong></span> <span class='ocrx_word' id='word_1_375' title='bbox 2970 2379 3061 2448; x_wconf 89' lang='lat' dir='ltr'><strong>qui</strong></span> <span class='ocrx_word' id='word_1_376' title='bbox 3098 2375 3433 2446; x_wconf 74' lang='lat' dir='ltr'><strong>diligentiam</strong></span> <span class='ocrx_word' id='word_1_377' title='bbox 3468 2381 3524 2425; x_wconf 87' lang='lat' dir='ltr'><strong>et</strong></span> 
     </span>
    </p>
   </div>
   <div class='ocr_carea' id='block_1_55' title="bbox 1941 2463 3522 2543">
    <p class='ocr_par' dir='ltr' id='par_1_55' title="bbox 1941 2463 3522 2543">
     <span class='ocr_line' id='line_1_55' title="bbox 1941 2463 3522 2543; baseline -0.016 -2"><span class='ocrx_word' id='word_1_378' title='bbox 1941 2500 2127 2541; x_wconf 87' lang='lat' dir='ltr'><strong>curam</strong></span> <span class='ocrx_word' id='word_1_379' title='bbox 2152 2482 2334 2543; x_wconf 83' lang='lat' dir='ltr'><strong>habet,</strong></span> <span class='ocrx_word' id='word_1_380' title='bbox 2391 2477 2612 2531; x_wconf 85' lang='lat' dir='ltr'><strong>dabitur</strong></span> <span class='ocrx_word' id='word_1_381' title='bbox 2641 2475 2838 2529; x_wconf 87' lang='lat' dir='ltr'><strong>honor.</strong></span> <span class='ocrx_word' id='word_1_382' title='bbox 2866 2471 3028 2524; x_wconf 85' lang='lat' dir='ltr'><strong>etiam</strong></span> <span class='ocrx_word' id='word_1_383' title='bbox 3077 2483 3238 2536; x_wconf 84' lang='lat' dir='ltr'><strong>supra</strong></span> <span class='ocrx_word' id='word_1_384' title='bbox 3271 2480 3396 2518; x_wconf 90' lang='lat' dir='ltr'><strong>eum</strong></span> <span class='ocrx_word' id='word_1_385' title='bbox 3430 2463 3522 2527; x_wconf 87' lang='lat' dir='ltr'><strong>qui</strong></span> 
     </span>
    </p>
   </div>
   <div class='ocr_carea' id='block_1_56' title="bbox 1942 2558 3522 2647">
    <p class='ocr_par' dir='ltr' id='par_1_56' title="bbox 1942 2558 3522 2647">
     <span class='ocr_line' id='line_1_56' title="bbox 1942 2558 3522 2647; baseline -0.017 -15"><span class='ocrx_word' id='word_1_386' title='bbox 1942 2577 2043 2647; x_wconf 89' lang='lat' dir='ltr'><strong>ipsi</strong></span> <span class='ocrx_word' id='word_1_387' title='bbox 2083 2574 2331 2644; x_wconf 80' lang='lat' dir='ltr'><strong>adjectus</strong></span> <span class='ocrx_word' id='word_1_388' title='bbox 2369 2578 2488 2624; x_wconf 87' lang='lat' dir='ltr'><strong>erat</strong></span> <span class='ocrx_word' id='word_1_389' title='bbox 2521 2584 2537 2633; x_wconf 85' lang='lat'>;</span> <span class='ocrx_word' id='word_1_390' title='bbox 2581 2567 2649 2619; x_wconf 86' lang='lat' dir='ltr'><strong>ab</strong></span> <span class='ocrx_word' id='word_1_391' title='bbox 2679 2580 2744 2619; x_wconf 91' lang='lat' dir='ltr'><strong>eo</strong></span> <span class='ocrx_word' id='word_1_392' title='bbox 2768 2578 2897 2618; x_wconf 63' lang='lat' dir='ltr'><strong>vero</strong></span> <span class='ocrx_word' id='word_1_393' title='bbox 2921 2562 3015 2630; x_wconf 86' lang='lat' dir='ltr'><strong>qui</strong></span> <span class='ocrx_word' id='word_1_394' title='bbox 3039 2558 3378 2628; x_wconf 79' lang='lat' dir='ltr'><strong>diligentiam</strong></span> <span class='ocrx_word' id='word_1_395' title='bbox 3415 2571 3522 2607; x_wconf 82' lang='lat' dir='ltr'><strong>non</strong></span> 
     </span>
    </p>
   </div>
   <div class='ocr_carea' id='block_1_57' title="bbox 1943 2647 3525 2728">
    <p class='ocr_par' dir='ltr' id='par_1_57' title="bbox 1943 2647 3525 2728">
     <span class='ocr_line' id='line_1_57' title="bbox 1943 2647 3525 2728; baseline -0.016 -5"><span class='ocrx_word' id='word_1_396' title='bbox 1943 2668 2131 2728; x_wconf 87' lang='lat' dir='ltr'><strong>habet,</strong></span> <span class='ocrx_word' id='word_1_397' title='bbox 2189 2673 2250 2718; x_wconf 87' lang='lat' dir='ltr'><strong>ut</strong></span> <span class='ocrx_word' id='word_1_398' title='bbox 2311 2662 2516 2717; x_wconf 89' lang='lat' dir='ltr'><strong>dictum</strong></span> <span class='ocrx_word' id='word_1_399' title='bbox 2577 2667 2706 2723; x_wconf 89' lang='lat' dir='ltr'><strong>est,-</strong></span> <span class='ocrx_word' id='word_1_400' title='bbox 2744 2669 2924 2723; x_wconf 89' lang='lat' dir='ltr'><strong>neque</strong></span> <span class='ocrx_word' id='word_1_401' title='bbox 2979 2666 3187 2714; x_wconf 89' lang='lat' dir='ltr'><strong>curam,</strong></span> <span class='ocrx_word' id='word_1_402' title='bbox 3245 2647 3525 2700; x_wconf 85' lang='lat' dir='ltr'><strong>auferetur</strong></span> 
     </span>
    </p>
   </div>
   <div class='ocr_carea' id='block_1_58' title="bbox 1941 2736 3524 2824">
    <p class='ocr_par' dir='ltr' id='par_1_58' title="bbox 1941 2736 3524 2824">
     <span class='ocr_line' id='line_1_58' title="bbox 1941 2736 3524 2824; baseline -0.016 -9"><span class='ocrx_word' id='word_1_403' title='bbox 1941 2760 2105 2816; x_wconf 89' lang='lat' dir='ltr'><strong>etiam</strong></span> <span class='ocrx_word' id='word_1_404' title='bbox 2154 2757 2209 2810; x_wconf 87' lang='lat' dir='ltr'><strong>id</strong></span> <span class='ocrx_word' id='word_1_405' title='bbox 2244 2755 2388 2824; x_wconf 87' lang='lat' dir='ltr'><strong>quod</strong></span> <span class='ocrx_word' id='word_1_406' title='bbox 2422 2752 2584 2806; x_wconf 84' lang='lat' dir='ltr'><strong>habet</strong></span> <span class='ocrx_word' id='word_1_407' title='bbox 2617 2736 2878 2802; x_wconf 79' lang='lat' dir='ltr'><strong>doctrina:</strong></span> <span class='ocrx_word' id='word_1_408' title='bbox 2912 2745 3140 2806; x_wconf 82' lang='lat' dir='ltr'><strong>donum,</strong></span> <span class='ocrx_word' id='word_1_409' title='bbox 3171 2751 3430 2808; x_wconf 88' lang='lat' dir='ltr'><strong>tanquam</strong></span> <span class='ocrx_word' id='word_1_410' title='bbox 3456 2739 3524 2790; x_wconf 90' lang='lat' dir='ltr'><strong>ab</strong></span> 
     </span>
    </p>
   </div>
   <div class='ocr_carea' id='block_1_59' title="bbox 1941 2843 2581 2908">
    <p class='ocr_par' dir='ltr' id='par_1_59' title="bbox 1941 2843 2581 2908">
     <span class='ocr_line' id='line_1_59' title="bbox 1941 2843 2581 2908; baseline -0.023 1"><span class='ocrx_word' id='word_1_411' title='bbox 1941 2869 2007 2908; x_wconf 82' lang='lat' dir='ltr'><strong>eo</strong></span> <span class='ocrx_word' id='word_1_412' title='bbox 2038 2849 2129 2907; x_wconf 89' lang='lat' dir='ltr'><strong>cui</strong></span> <span class='ocrx_word' id='word_1_413' title='bbox 2159 2847 2290 2901; x_wconf 87' lang='lat' dir='ltr'><strong>nulli</strong></span> <span class='ocrx_word' id='word_1_414' title='bbox 2317 2853 2402 2898; x_wconf 81' lang='lat' dir='ltr'><strong>est</strong></span> <span class='ocrx_word' id='word_1_415' title='bbox 2439 2843 2581 2897; x_wconf 88' lang='lat' dir='ltr'><strong>usui.</strong></span> 
     </span>
    </p>
   </div>
   <div class='ocr_carea' id='block_1_60' title="bbox 2012 2922 3524 3002">
    <p class='ocr_par' dir='ltr' id='par_1_60' title="bbox 2012 2922 3524 3002">
     <span class='ocr_line' id='line_1_60' title="bbox 2012 2922 3524 3002; baseline -0.018 -3"><span class='ocrx_word' id='word_1_416' title='bbox 2012 2942 2170 2998; x_wconf 76' lang='lat' dir='ltr'><strong>Vers.</strong></span> <span class='ocrx_word' id='word_1_417' title='bbox 2207 2940 2294 2994; x_wconf 75' lang='grc'>50.</span> <span class='ocrx_word' id='word_1_418' title='bbox 2351 2936 2571 2990; x_wconf 76' lang='lat' dir='ltr'><strong>Servum</strong></span> <span class='ocrx_word' id='word_1_419' title='bbox 2623 2947 2822 3002; x_wconf 80' lang='lat' dir='ltr'><strong>quoque</strong></span> <span class='ocrx_word' id='word_1_420' title='bbox 2872 2926 3114 2981; x_wconf 76' lang='lat' dir='ltr'><strong>inutilem</strong></span> <span class='ocrx_word' id='word_1_421' title='bbox 3154 2954 3222 2964; x_wconf 85' lang='lat'><strong>-</strong></span> <span class='ocrx_word' id='word_1_422' title='bbox 3268 2922 3524 2975; x_wconf 79' lang='lat' dir='ltr'><strong>dentium.</strong></span> 
     </span>
    </p>
   </div>
   <div class='ocr_carea' id='block_1_61' title="bbox 1943 3017 3528 3097">
    <p class='ocr_par' dir='ltr' id='par_1_61' title="bbox 1943 3017 3528 3097">
     <span class='ocr_line' id='line_1_61' title="bbox 1943 3017 3528 3097; baseline -0.017 -5"><span class='ocrx_word' id='word_1_423' title='bbox 1943 3035 2062 3092; x_wconf 80' lang='lat' dir='ltr'><strong>Non</strong></span> <span class='ocrx_word' id='word_1_424' title='bbox 2098 3036 2154 3089; x_wconf 91' lang='lat' dir='ltr'><strong>in</strong></span> <span class='ocrx_word' id='word_1_425' title='bbox 2185 3032 2464 3088; x_wconf 85' lang='lat' dir='ltr'><strong>ablatione</strong></span> <span class='ocrx_word' id='word_1_426' title='bbox 2497 3029 2657 3083; x_wconf 68' lang='lat' dir='ltr'><strong>tinem</strong></span> <span class='ocrx_word' id='word_1_427' title='bbox 2690 3039 2863 3097; x_wconf 59' lang='lat' dir='ltr'><strong>poena:</strong></span> <span class='ocrx_word' id='word_1_428' title='bbox 2895 3022 3098 3092; x_wconf 86' lang='lat' dir='ltr'><strong>posuit,</strong></span> <span class='ocrx_word' id='word_1_429' title='bbox 3147 3017 3243 3072; x_wconf 86' lang='lat' dir='ltr'><strong>sed</strong></span> <span class='ocrx_word' id='word_1_430' title='bbox 3284 3017 3337 3070; x_wconf 91' lang='lat' dir='ltr'><strong>iu</strong></span> <span class='ocrx_word' id='word_1_431' title='bbox 3397 3028 3528 3081; x_wconf 83' lang='lat' dir='ltr'><strong>sup-</strong></span> 
     </span>
    </p>
   </div>
   <div class='ocr_carea' id='block_1_62' title="bbox 247 3106 1860 3204">
    <p class='ocr_par' dir='ltr' id='par_1_62' title="bbox 247 3106 1838 3204">
     <span class='ocr_line' id='line_1_62' title="bbox 247 3106 1838 3204; baseline -0.003 -15"><span class='ocrx_word' id='word_1_432' title='bbox 247 3106 338 3198; x_wconf 75' lang='grc' dir='ltr'><strong>είς</strong></span> <span class='ocrx_word' id='word_1_433' title='bbox 375 3106 652 3204; x_wconf 81' lang='grc' dir='ltr'>ἀφόρητον</span> <span class='ocrx_word' id='word_1_434' title='bbox 688 3106 984 3203; x_wconf 58' lang='grc' dir='ltr'>ἀπέπεμψε</span> <span class='ocrx_word' id='word_1_435' title='bbox 1026 3106 1271 3195; x_wconf 81' lang='grc' dir='ltr'>κόλασιν,</span> <span class='ocrx_word' id='word_1_436' title='bbox 1312 3106 1533 3202; x_wconf 60' lang='grc' dir='ltr'>ἀχρεῖον</span> <span class='ocrx_word' id='word_1_437' title='bbox 1563 3131 1727 3186; x_wconf 68' lang='grc' dir='ltr'>αὐτὸν</span> <span class='ocrx_word' id='word_1_438' title='bbox 1758 3133 1838 3184; x_wconf 69' lang='grc' dir='ltr'>είς</span> 
     </span>
    </p>
   </div>
   <div class='ocr_carea' id='block_1_63' title="bbox 1944 3106 3526 3204">
    <p class='ocr_par' dir='ltr' id='par_1_63' title="bbox 1950 3106 3526 3199">
     <span class='ocr_line' id='line_1_63' title="bbox 1950 3106 3526 3199; baseline -0.016 -16"><span class='ocrx_word' id='word_1_439' title='bbox 1950 3129 2172 3199; x_wconf 87' lang='lat' dir='ltr'><strong>plieium</strong></span> <span class='ocrx_word' id='word_1_440' title='bbox 2237 3137 2456 3194; x_wconf 88' lang='lat' dir='ltr'><strong>quoque</strong></span> <span class='ocrx_word' id='word_1_441' title='bbox 2519 3117 2859 3172; x_wconf 86' lang='lat' dir='ltr'><strong>intolerabile</strong></span> <span class='ocrx_word' id='word_1_442' title='bbox 2914 3111 3209 3182; x_wconf 76' lang='lat' dir='ltr'><strong>ablegavit.</strong></span> <span class='ocrx_word' id='word_1_443' title='bbox 3273 3106 3526 3160; x_wconf 81' lang='lat' dir='ltr'><strong>lnutileut</strong></span> 
     </span>
    </p>
   </div>
   <div class='ocr_carea' id='block_1_64' title="bbox 249 3221 1836 3292">
    <p class='ocr_par' dir='ltr' id='par_1_64' title="bbox 249 3221 1836 3292">
     <span class='ocr_line' id='line_1_64' title="bbox 249 3221 1836 3292; baseline -0.002 -15"><span class='ocrx_word' id='word_1_444' title='bbox 249 3224 404 3290; x_wconf 84' lang='grc' dir='ltr'>πὼν,</span> <span class='ocrx_word' id='word_1_445' title='bbox 425 3223 500 3286; x_wconf 82' lang='grc' dir='ltr'>ὡς</span> <span class='ocrx_word' id='word_1_446' title='bbox 528 3222 799 3292; x_wconf 74' lang='grc' dir='ltr'>ἄχρηστον</span> <span class='ocrx_word' id='word_1_447' title='bbox 827 3223 920 3275; x_wconf 72' lang='grc' dir='ltr'>καὶ</span> <span class='ocrx_word' id='word_1_448' title='bbox 950 3222 1202 3291; x_wconf 80' lang='grc' dir='ltr'>ὀκνηρόν.</span> <span class='ocrx_word' id='word_1_449' title='bbox 1233 3222 1378 3291; x_wconf 87' lang='grc' dir='ltr'>Ὅρα</span> <span class='ocrx_word' id='word_1_450' title='bbox 1408 3223 1643 3292; x_wconf 80' lang='grc' dir='ltr'>πρᾶγμα</span> <span class='ocrx_word' id='word_1_451' title='bbox 1673 3221 1836 3292; x_wconf 75' lang='grc' dir='ltr'>φοϐε-</span> 
     </span>
    </p>
   </div>
   <div class='ocr_carea' id='block_1_65' title="bbox 251 3288 1841 3386">
    <p class='ocr_par' dir='ltr' id='par_1_65' title="bbox 251 3288 1841 3386">
     <span class='ocr_line' id='line_1_65' title="bbox 251 3288 1841 3386; baseline -0.003 -17"><span class='ocrx_word' id='word_1_452' title='bbox 251 3317 376 3386; x_wconf 79' lang='grc' dir='ltr'>ρόν.</span> <span class='ocrx_word' id='word_1_453' title='bbox 414 3288 716 3376; x_wconf 66' lang='grc' dir='ltr'>Κολάξεται</span> <span class='ocrx_word' id='word_1_454' title='bbox 751 3313 876 3383; x_wconf 79' lang='grc' dir='ltr'>γὰρ,</span> <span class='ocrx_word' id='word_1_455' title='bbox 922 3312 1018 3378; x_wconf 77' lang='grc' dir='ltr'>οὐχ</span> <span class='ocrx_word' id='word_1_456' title='bbox 1049 3288 1130 3364; x_wconf 81' lang='grc' dir='ltr'><strong>ὅτι</strong></span> <span class='ocrx_word' id='word_1_457' title='bbox 1164 3288 1368 3381; x_wconf 63' lang='grc' dir='ltr'>ἔπραξε</span> <span class='ocrx_word' id='word_1_458' title='bbox 1404 3288 1576 3373; x_wconf 71' lang='grc' dir='ltr'>κακὰ,</span> <span class='ocrx_word' id='word_1_459' title='bbox 1606 3288 1725 3364; x_wconf 80' lang='grc' dir='ltr'>ἀλλ’</span> <span class='ocrx_word' id='word_1_460' title='bbox 1757 3288 1841 3366; x_wconf 73' lang='grc' dir='ltr'><strong>δτι</strong></span> 
     </span>
    </p>
   </div>
   <div class='ocr_carea' id='block_1_66' title="bbox 246 3403 1838 3475">
    <p class='ocr_par' dir='ltr' id='par_1_66' title="bbox 246 3403 1838 3475">
     <span class='ocr_line' id='line_1_66' title="bbox 246 3403 1838 3475; baseline -0.003 -16"><span class='ocrx_word' id='word_1_461' title='bbox 246 3408 361 3460; x_wconf 83' lang='grc' dir='ltr'>οὐκ</span> <span class='ocrx_word' id='word_1_462' title='bbox 389 3403 863 3475; x_wconf 75' lang='grc' dir='ltr'>ἑπραξεν’ἁγαθά.</span> <span class='ocrx_word' id='word_1_463' title='bbox 919 3404 1250 3456; x_wconf 66' lang='grc' dir='ltr'>Ἕλικλινον</span> <span class='ocrx_word' id='word_1_464' title='bbox 1305 3403 1438 3472; x_wconf 72' lang='grc' dir='ltr'>γὰρ,</span> <span class='ocrx_word' id='word_1_465' title='bbox 1494 3408 1683 3474; x_wconf 73' lang='grc' dir='ltr'>φησὶν,</span> <span class='ocrx_word' id='word_1_466' title='bbox 1719 3404 1838 3457; x_wconf 81' lang='grc' dir='ltr'><strong>ἀπὸ</strong></span> 
     </span>
    </p>
   </div>
   <div class='ocr_carea' id='block_1_67' title="bbox 249 3491 1844 3561">
    <p class='ocr_par' dir='ltr' id='par_1_67' title="bbox 249 3491 1844 3561">
     <span class='ocr_line' id='line_1_67' title="bbox 249 3491 1844 3561; baseline -0.004 -12"><span class='ocrx_word' id='word_1_467' title='bbox 249 3494 476 3557; x_wconf 75' lang='grc' dir='ltr'>κακοῦ,</span> <span class='ocrx_word' id='word_1_468' title='bbox 533 3493 630 3546; x_wconf 75' lang='grc' dir='ltr'>καὶ</span> <span class='ocrx_word' id='word_1_469' title='bbox 689 3493 954 3558; x_wconf 79' lang='grc' dir='ltr'>ποίησον</span> <span class='ocrx_word' id='word_1_470' title='bbox 1017 3492 1259 3560; x_wconf 74' lang='grc' dir='ltr'>ἀγαθόν.</span> <span class='ocrx_word' id='word_1_471' title='bbox 1339 3493 1401 3546; x_wconf 85' lang='grc' dir='ltr'><em>Ἦ</em></span> <span class='ocrx_word' id='word_1_472' title='bbox 1461 3495 1642 3561; x_wconf 79' lang='grc' dir='ltr'>μέντοι</span> <span class='ocrx_word' id='word_1_473' title='bbox 1693 3491 1844 3544; x_wconf 78' lang='grc' dir='ltr'>κατὰ</span> 
     </span>
    </p>
   </div>
   <div class='ocr_carea' id='block_1_68' title="bbox 248 3584 1846 3656">
    <p class='ocr_par' dir='ltr' id='par_1_68' title="bbox 248 3584 1846 3656">
     <span class='ocr_line' id='line_1_68' title="bbox 248 3584 1846 3656; baseline -0.004 -14"><span class='ocrx_word' id='word_1_474' title='bbox 248 3589 319 3642; x_wconf 74' lang='grc' dir='ltr'><strong>τὸ</strong></span> <span class='ocrx_word' id='word_1_475' title='bbox 374 3586 668 3656; x_wconf 76' lang='grc' dir='ltr'>ἑξηκοστὸν</span> <span class='ocrx_word' id='word_1_476' title='bbox 727 3585 956 3654; x_wconf 70' lang='grc' dir='ltr'>ἕϐδομον</span> <span class='ocrx_word' id='word_1_477' title='bbox 1017 3584 1312 3652; x_wconf 78' lang='grc' dir='ltr'>κεφάλαιον</span> <span class='ocrx_word' id='word_1_478' title='bbox 1374 3584 1469 3637; x_wconf 81' lang='grc' dir='ltr'>τοῦ</span> <span class='ocrx_word' id='word_1_479' title='bbox 1519 3586 1705 3638; x_wconf 86' lang='grc' dir='ltr'>Λουκᾶ</span> <span class='ocrx_word' id='word_1_480' title='bbox 1737 3584 1846 3637; x_wconf 90' lang='grc' dir='ltr'><strong>τῶν</strong></span> 
     </span>
    </p>
   </div>
   <div class='ocr_carea' id='block_1_69' title="bbox 248 3676 1844 3749">
    <p class='ocr_par' dir='ltr' id='par_1_69' title="bbox 248 3676 1844 3749">
     <span class='ocr_line' id='line_1_69' title="bbox 248 3676 1844 3749; baseline -0.004 -15"><span class='ocrx_word' id='word_1_481' title='bbox 248 3683 397 3734; x_wconf 77' lang='grc' dir='ltr'>δέκα</span> <span class='ocrx_word' id='word_1_482' title='bbox 454 3680 601 3749; x_wconf 89' lang='grc' dir='ltr'>μνῶν</span> <span class='ocrx_word' id='word_1_483' title='bbox 657 3678 942 3748; x_wconf 80' lang='grc' dir='ltr'>παραϐολὴ</span> <span class='ocrx_word' id='word_1_484' title='bbox 987 3677 1150 3746; x_wconf 78' lang='grc' dir='ltr'>ἑτέρα</span> <span class='ocrx_word' id='word_1_485' title='bbox 1198 3677 1350 3748; x_wconf 82' lang='grc' dir='ltr'>παρὰ</span> <span class='ocrx_word' id='word_1_486' title='bbox 1404 3676 1610 3746; x_wconf 83' lang='grc' dir='ltr'>ταύτην</span> <span class='ocrx_word' id='word_1_487' title='bbox 1672 3679 1844 3740; x_wconf 78' lang='grc' dir='ltr'>ἐστὶν,</span> 
     </span>
    </p>
   </div>
   <div class='ocr_carea' id='block_1_70' title="bbox 249 3768 1845 3840">
    <p class='ocr_par' dir='ltr' id='par_1_70' title="bbox 249 3768 1845 3840">
     <span class='ocr_line' id='line_1_70' title="bbox 249 3768 1845 3840; baseline -0.006 -11"><span class='ocrx_word' id='word_1_488' title='bbox 249 3777 306 3829; x_wconf 76' lang='grc' dir='ltr'>εἰ</span> <span class='ocrx_word' id='word_1_489' title='bbox 337 3774 437 3827; x_wconf 71' lang='grc' dir='ltr'>καὶ</span> <span class='ocrx_word' id='word_1_490' title='bbox 463 3776 530 3825; x_wconf 74' lang='grc' dir='ltr'>τὰ</span> <span class='ocrx_word' id='word_1_491' title='bbox 559 3771 726 3826; x_wconf 63' lang='grc' dir='ltr'>πολλὰ</span> <span class='ocrx_word' id='word_1_492' title='bbox 757 3771 954 3822; x_wconf 82' lang='grc' dir='ltr'>ἔοικεν.</span> <span class='ocrx_word' id='word_1_493' title='bbox 995 3770 1084 3820; x_wconf 86' lang='grc' dir='ltr'>Ἐν</span> <span class='ocrx_word' id='word_1_494' title='bbox 1112 3769 1299 3840; x_wconf 81' lang='grc' dir='ltr'>ἐκείνῃ</span> <span class='ocrx_word' id='word_1_495' title='bbox 1328 3770 1435 3839; x_wconf 81' lang='grc' dir='ltr'>γὰρ</span> <span class='ocrx_word' id='word_1_496' title='bbox 1467 3769 1525 3821; x_wconf 76' lang='lat' dir='ltr'><strong>at</strong></span> <span class='ocrx_word' id='word_1_497' title='bbox 1547 3768 1722 3831; x_wconf 81' lang='grc' dir='ltr'>δόσεις</span> <span class='ocrx_word' id='word_1_498' title='bbox 1747 3770 1845 3838; x_wconf 80' lang='grc' dir='ltr'>μὲν</span> 
     </span>
    </p>
   </div>
   <div class='ocr_carea' id='block_1_71' title="bbox 251 3861 1391 3933">
    <p class='ocr_par' dir='ltr' id='par_1_71' title="bbox 251 3861 1391 3933">
     <span class='ocr_line' id='line_1_71' title="bbox 251 3861 1391 3933; baseline -0.007 -12"><span class='ocrx_word' id='word_1_499' title='bbox 251 3869 402 3928; x_wconf 83' lang='grc' dir='ltr'>ῐσαι,</span> <span class='ocrx_word' id='word_1_500' title='bbox 444 3865 511 3916; x_wconf 84' lang='grc' dir='ltr'><strong>τὰ</strong></span> <span class='ocrx_word' id='word_1_501' title='bbox 543 3864 707 3933; x_wconf 81' lang='grc' dir='ltr'>κέρδη</span> <span class='ocrx_word' id='word_1_502' title='bbox 739 3863 793 3915; x_wconf 82' lang='grc' dir='ltr'>δὲ</span> <span class='ocrx_word' id='word_1_503' title='bbox 818 3863 978 3917; x_wconf 79' lang='grc' dir='ltr'>ἄνισα</span> <span class='ocrx_word' id='word_1_504' title='bbox 999 3862 1093 3914; x_wconf 72' lang='grc' dir='ltr'>καὶ</span> <span class='ocrx_word' id='word_1_505' title='bbox 1124 3861 1181 3912; x_wconf 77' lang='grc' dir='ltr'>αἱ</span> <span class='ocrx_word' id='word_1_506' title='bbox 1211 3861 1391 3929; x_wconf 84' lang='grc' dir='ltr'>τιμαί.</span> 
     </span>
    </p>
   </div>
   <div class='ocr_carea' id='block_1_72' title="bbox 338 3950 1849 4030">
    <p class='ocr_par' dir='ltr' id='par_1_72' title="bbox 338 3950 1849 4030">
     <span class='ocr_line' id='line_1_72' title="bbox 338 3950 1849 4030; baseline -0.003 -22"><span class='ocrx_word' id='word_1_507' title='bbox 338 3957 512 4030; x_wconf 78' lang='grc' dir='ltr'>[Διότι</span> <span class='ocrx_word' id='word_1_508' title='bbox 545 3954 655 4026; x_wconf 69' lang='lat'><strong>(62)</strong></span> <span class='ocrx_word' id='word_1_509' title='bbox 685 3953 822 4023; x_wconf 77' lang='grc' dir='ltr'>αὕτη</span> <span class='ocrx_word' id='word_1_510' title='bbox 861 3954 960 4022; x_wconf 75' lang='grc' dir='ltr'>μὶν</span> <span class='ocrx_word' id='word_1_511' title='bbox 993 3952 1118 4023; x_wconf 68' lang='grc' dir='ltr'>περὶ</span> <span class='ocrx_word' id='word_1_512' title='bbox 1145 3952 1420 4021; x_wconf 84' lang='grc' dir='ltr'>διαφόρων</span> <span class='ocrx_word' id='word_1_513' title='bbox 1450 3950 1849 4005; x_wconf 82' lang='grc' dir='ltr'>διδασκαλικῶν</span> 
     </span>
    </p>
   </div>
   <div class='ocr_carea' id='block_1_73' title="bbox 252 4039 1846 4121">
    <p class='ocr_par' dir='ltr' id='par_1_73' title="bbox 252 4039 1846 4121">
     <span class='ocr_line' id='line_1_73' title="bbox 252 4039 1846 4121; baseline -0.008 -19"><span class='ocrx_word' id='word_1_514' title='bbox 252 4047 629 4121; x_wconf 76' lang='grc' dir='ltr'>χαρισμάτων</span> <span class='ocrx_word' id='word_1_515' title='bbox 691 4039 1074 4113; x_wconf 72' lang='grc' dir='ltr'>διαλαμϐάνει,</span> <span class='ocrx_word' id='word_1_516' title='bbox 1140 4039 1216 4111; x_wconf 77' lang='grc' dir='ltr'>μὴ</span> <span class='ocrx_word' id='word_1_517' title='bbox 1281 4041 1574 4109; x_wconf 84' lang='grc' dir='ltr'>διδομένων</span> <span class='ocrx_word' id='word_1_518' title='bbox 1631 4040 1846 4110; x_wconf 76' lang='grc' dir='ltr'>ἐπίσης·</span> 
     </span>
    </p>
   </div>
   <div class='ocr_carea' id='block_1_74' title="bbox 254 4130 1604 4208">
    <p class='ocr_par' dir='ltr' id='par_1_74' title="bbox 254 4130 1604 4208">
     <span class='ocr_line' id='line_1_74' title="bbox 254 4130 1604 4208; baseline -0.004 -15"><span class='ocrx_word' id='word_1_519' title='bbox 254 4139 452 4208; x_wconf 68' lang='grc' dir='ltr'>ἐκείνη</span> <span class='ocrx_word' id='word_1_520' title='bbox 488 4136 544 4189; x_wconf 83' lang='grc' dir='ltr'>δὲ</span> <span class='ocrx_word' id='word_1_521' title='bbox 577 4136 705 4204; x_wconf 73' lang='grc' dir='ltr'>περὶ</span> <span class='ocrx_word' id='word_1_522' title='bbox 734 4135 1008 4203; x_wconf 77' lang='grc' dir='ltr'>διαφόρων</span> <span class='ocrx_word' id='word_1_523' title='bbox 1041 4131 1332 4202; x_wconf 67' lang='grc' dir='ltr'>διδομένων</span> <span class='ocrx_word' id='word_1_524' title='bbox 1357 4130 1604 4204; x_wconf 71' lang='grc' dir='ltr'>ιπισηςο]</span> 
     </span>
    </p>
   </div>
   <div class='ocr_carea' id='block_1_75' title="bbox 338 4244 1850 4315">
    <p class='ocr_par' dir='ltr' id='par_1_75' title="bbox 338 4244 1850 4315">
     <span class='ocr_line' id='line_1_75' title="bbox 338 4244 1850 4315; baseline -0.003 -10"><span class='ocrx_word' id='word_1_525' title='bbox 338 4251 500 4305; x_wconf 75' lang='grc' dir='ltr'>ΚΕΦ.</span> <span class='ocrx_word' id='word_1_526' title='bbox 535 4249 656 4303; x_wconf 71' lang='lat' dir='ltr'><strong>EA’.</strong></span> <span class='ocrx_word' id='word_1_527' title='bbox 700 4247 838 4315; x_wconf 74' lang='grc' dir='ltr'>Περὶ</span> <span class='ocrx_word' id='word_1_528' title='bbox 884 4246 994 4314; x_wconf 79' lang='grc' dir='ltr'>τῆς</span> <span class='ocrx_word' id='word_1_529' title='bbox 1040 4246 1338 4310; x_wconf 78' lang='grc' dir='ltr'>ἐλεύσεως</span> <span class='ocrx_word' id='word_1_530' title='bbox 1406 4244 1514 4299; x_wconf 87' lang='grc' dir='ltr'>τοῦ</span> <span class='ocrx_word' id='word_1_531' title='bbox 1569 4244 1850 4310; x_wconf 82' lang='grc' dir='ltr'>Χριστοῦ.</span> 
     </span>
    </p>
   </div>
   <div class='ocr_carea' id='block_1_76' title="bbox 345 4337 1853 4407">
    <p class='ocr_par' dir='ltr' id='par_1_76' title="bbox 345 4337 1853 4407">
     <span class='ocr_line' id='line_1_76' title="bbox 345 4337 1853 4407; baseline -0.004 -11"><span class='ocrx_word' id='word_1_532' title='bbox 345 4344 533 4396; x_wconf 79' lang='grc' dir='ltr'>Ὅταν</span> <span class='ocrx_word' id='word_1_533' title='bbox 556 4370 623 4378; x_wconf 92' lang='lat'><strong>—</strong></span> <span class='ocrx_word' id='word_1_534' title='bbox 651 4339 860 4397; x_wconf 82' lang='grc' dir='ltr'>αὑτοῦ.</span> <span class='ocrx_word' id='word_1_535' title='bbox 891 4338 1090 4392; x_wconf 79' lang='grc' dir='ltr'>Λοιπὸν</span> <span class='ocrx_word' id='word_1_536' title='bbox 1115 4337 1384 4407; x_wconf 84' lang='grc' dir='ltr'>διηγεῖται</span> <span class='ocrx_word' id='word_1_537' title='bbox 1414 4337 1596 4391; x_wconf 77' lang='grc' dir='ltr'>καὶτὰ</span> <span class='ocrx_word' id='word_1_538' title='bbox 1617 4338 1715 4406; x_wconf 83' lang='grc' dir='ltr'><strong>τῆς</strong></span> <span class='ocrx_word' id='word_1_539' title='bbox 1729 4337 1853 4390; x_wconf 84' lang='grc' dir='ltr'>δευ-</span> 
     </span>
    </p>
   </div>
   <div class='ocr_carea' id='block_1_77' title="bbox 1946 3197 3529 3284">
    <p class='ocr_par' dir='ltr' id='par_1_77' title="bbox 1946 3197 3529 3284">
     <span class='ocr_line' id='line_1_77' title="bbox 1946 3197 3529 3284; baseline -0.016 -9"><span class='ocrx_word' id='word_1_540' title='bbox 1946 3197 2129 3276; x_wconf 80' lang='lat' dir='ltr'><strong>autem</strong></span> <span class='ocrx_word' id='word_1_541' title='bbox 2163 3217 2300 3272; x_wconf 78' lang='lat' dir='ltr'><strong>dixit</strong></span> <span class='ocrx_word' id='word_1_542' title='bbox 2325 3217 2562 3284; x_wconf 80' lang='lat' dir='ltr'><strong>pigrum,</strong></span> <span class='ocrx_word' id='word_1_543' title='bbox 2629 3219 2684 3264; x_wconf 92' lang='lat' dir='ltr'><strong>et</strong></span> <span class='ocrx_word' id='word_1_544' title='bbox 2720 3207 2923 3262; x_wconf 88' lang='lat' dir='ltr'><strong>nullius</strong></span> <span class='ocrx_word' id='word_1_545' title='bbox 2948 3206 3106 3259; x_wconf 73' lang='lat' dir='ltr'><strong>bona:</strong></span> <span class='ocrx_word' id='word_1_546' title='bbox 3147 3201 3338 3271; x_wconf 87' lang='lat' dir='ltr'><strong>frugis.</strong></span> <span class='ocrx_word' id='word_1_547' title='bbox 3396 3197 3529 3251; x_wconf 80' lang='lat' dir='ltr'><strong>Vide</strong></span> 
     </span>
    </p>
   </div>
   <div class='ocr_carea' id='block_1_78' title="bbox 1946 3287 3529 3382">
    <p class='ocr_par' dir='ltr' id='par_1_78' title="bbox 1946 3287 3529 3382">
     <span class='ocr_line' id='line_1_78' title="bbox 1946 3287 3529 3382; baseline -0.017 -15"><span class='ocrx_word' id='word_1_548' title='bbox 1946 3329 2076 3382; x_wconf 88' lang='lat' dir='ltr'><strong>ergo</strong></span> <span class='ocrx_word' id='word_1_549' title='bbox 2108 3326 2225 3364; x_wconf 90' lang='lat' dir='ltr'><strong>rem</strong></span> <span class='ocrx_word' id='word_1_550' title='bbox 2261 3305 2621 3361; x_wconf 85' lang='lat' dir='ltr'><strong>tremendam.</strong></span> <span class='ocrx_word' id='word_1_551' title='bbox 2658 3300 2891 3354; x_wconf 88' lang='lat' dir='ltr'><strong>Punitur</strong></span> <span class='ocrx_word' id='word_1_552' title='bbox 2915 3296 3180 3366; x_wconf 87' lang='lat' dir='ltr'><strong>siquidem</strong></span> <span class='ocrx_word' id='word_1_553' title='bbox 3219 3307 3328 3346; x_wconf 92' lang='lat' dir='ltr'><strong>non</strong></span> <span class='ocrx_word' id='word_1_554' title='bbox 3383 3287 3529 3358; x_wconf 84' lang='lat' dir='ltr'><strong>quod</strong></span> 
     </span>
    </p>
   </div>
   <div class='ocr_carea' id='block_1_79' title="bbox 1946 3382 3527 3465">
    <p class='ocr_par' dir='ltr' id='par_1_79' title="bbox 1946 3382 3527 3465">
     <span class='ocr_line' id='line_1_79' title="bbox 1946 3382 3527 3465; baseline -0.018 -5"><span class='ocrx_word' id='word_1_555' title='bbox 1946 3406 2088 3461; x_wconf 86' lang='lat' dir='ltr'><strong>mala</strong></span> <span class='ocrx_word' id='word_1_556' title='bbox 2131 3402 2344 3464; x_wconf 84' lang='lat' dir='ltr'><strong>fecerit,</strong></span> <span class='ocrx_word' id='word_1_557' title='bbox 2399 3397 2493 3452; x_wconf 89' lang='lat' dir='ltr'><strong>sed</strong></span> <span class='ocrx_word' id='word_1_558' title='bbox 2524 3395 2668 3465; x_wconf 87' lang='lat' dir='ltr'><strong>quod</strong></span> <span class='ocrx_word' id='word_1_559' title='bbox 2706 3393 2848 3446; x_wconf 87' lang='lat' dir='ltr'><strong>bona</strong></span> <span class='ocrx_word' id='word_1_560' title='bbox 2887 3406 2998 3444; x_wconf 92' lang='lat' dir='ltr'><strong>non</strong></span> <span class='ocrx_word' id='word_1_561' title='bbox 3038 3386 3264 3440; x_wconf 85' lang='lat' dir='ltr'><strong>fecerit:</strong></span> <span class='ocrx_word' id='word_1_562' title='bbox 3310 3382 3527 3435; x_wconf 83' lang='lat' dir='ltr'><strong>Declina</strong></span> 
     </span>
    </p>
   </div>
   <div class='ocr_carea' id='block_1_80' title="bbox 1947 3475 3532 3562">
    <p class='ocr_par' dir='ltr' id='par_1_80' title="bbox 1947 3475 3532 3562">
     <span class='ocr_line' id='line_1_80' title="bbox 1947 3475 3532 3562; baseline -0.021 -9"><span class='ocrx_word' id='word_1_563' title='bbox 1947 3499 2118 3559; x_wconf 88' lang='lat' dir='ltr'><strong>enim,</strong></span> <span class='ocrx_word' id='word_1_564' title='bbox 2152 3492 2349 3562; x_wconf 85' lang='lat' dir='ltr'><strong>inquit,</strong></span> <span class='ocrx_word' id='word_1_565' title='bbox 2376 3508 2407 3542; x_wconf 90' lang='lat' dir='ltr'><strong>a</strong></span> <span class='ocrx_word' id='word_1_566' title='bbox 2438 3486 2576 3540; x_wconf 88' lang='lat' dir='ltr'><strong>malo</strong></span> <span class='ocrx_word' id='word_1_567' title='bbox 2603 3494 2649 3538; x_wconf 83' lang='lat' dir='ltr'><strong>et</strong></span> <span class='ocrx_word' id='word_1_568' title='bbox 2678 3486 2761 3553; x_wconf 75' lang='lat' dir='ltr'><strong>{ac</strong></span> <span class='ocrx_word' id='word_1_569' title='bbox 2791 3483 2983 3534; x_wconf 85' lang='lat' dir='ltr'><strong>bonum</strong></span> <span class='ocrx_word' id='word_1_570' title='bbox 3003 3481 3066 3530; x_wconf 73' lang='grc' dir='ltr'><strong>τ’.</strong></span> <span class='ocrx_word' id='word_1_571' title='bbox 3096 3475 3187 3529; x_wconf 88' lang='lat' dir='ltr'><strong>llla</strong></span> <span class='ocrx_word' id='word_1_572' title='bbox 3217 3487 3348 3527; x_wconf 73' lang='lat' dir='ltr'><strong>vero</strong></span> <span class='ocrx_word' id='word_1_573' title='bbox 3374 3485 3532 3540; x_wconf 90' lang='lat' dir='ltr'><strong>para-</strong></span> 
     </span>
    </p>
   </div>
   <div class='ocr_carea' id='block_1_81' title="bbox 1946 3563 3531 3657">
    <p class='ocr_par' dir='ltr' id='par_1_81' title="bbox 1946 3563 3531 3657">
     <span class='ocr_line' id='line_1_81' title="bbox 1946 3563 3531 3657; baseline -0.021 -11"><span class='ocrx_word' id='word_1_574' title='bbox 1946 3591 2092 3652; x_wconf 87' lang='lat' dir='ltr'><strong>bola,</strong></span> <span class='ocrx_word' id='word_1_575' title='bbox 2122 3602 2243 3657; x_wconf 72' lang='lat' dir='ltr'><strong>quae</strong></span> <span class='ocrx_word' id='word_1_576' title='bbox 2280 3582 2421 3653; x_wconf 84' lang='lat' dir='ltr'><strong>apud</strong></span> <span class='ocrx_word' id='word_1_577' title='bbox 2444 3579 2644 3634; x_wconf 87' lang='lat' dir='ltr'><strong>Lucam</strong></span> <span class='ocrx_word' id='word_1_578' title='bbox 2669 3576 2895 3646; x_wconf 88' lang='lat' dir='ltr'><strong>ponitur</strong></span> <span class='ocrx_word' id='word_1_579' title='bbox 2925 3569 3264 3639; x_wconf 76' lang='lat' dir='ltr'><strong>sexagesimo</strong></span> <span class='ocrx_word' id='word_1_580' title='bbox 3295 3563 3531 3632; x_wconf 86' lang='lat' dir='ltr'><strong>septimo</strong></span> 
     </span>
    </p>
   </div>
   <div class='ocr_carea' id='block_1_82' title="bbox 1949 3653 3530 3748">
    <p class='ocr_par' dir='ltr' id='par_1_82' title="bbox 1949 3653 3530 3748">
     <span class='ocr_line' id='line_1_82' title="bbox 1949 3653 3530 3748; baseline -0.019 -14"><span class='ocrx_word' id='word_1_581' title='bbox 1949 3680 2126 3748; x_wconf 89' lang='lat' dir='ltr'><strong>capite</strong></span> <span class='ocrx_word' id='word_1_582' title='bbox 2166 3681 2232 3730; x_wconf 85' lang='lat' dir='ltr'><strong>de</strong></span> <span class='ocrx_word' id='word_1_583' title='bbox 2266 3674 2455 3728; x_wconf 89' lang='lat' dir='ltr'><strong>decem</strong></span> <span class='ocrx_word' id='word_1_584' title='bbox 2491 3667 2744 3729; x_wconf 81' lang='lat' dir='ltr'><strong>minis&quot;,</strong></span> <span class='ocrx_word' id='word_1_585' title='bbox 2801 3664 2904 3717; x_wconf 88' lang='lat' dir='ltr'><strong>alia</strong></span> <span class='ocrx_word' id='word_1_586' title='bbox 2933 3670 3031 3715; x_wconf 93' lang='lat' dir='ltr'><strong>est.</strong></span> <span class='ocrx_word' id='word_1_587' title='bbox 3068 3661 3136 3713; x_wconf 90' lang='lat' dir='ltr'><strong>ab</strong></span> <span class='ocrx_word' id='word_1_588' title='bbox 3168 3659 3292 3721; x_wconf 88' lang='lat' dir='ltr'><strong>ista,</strong></span> <span class='ocrx_word' id='word_1_589' title='bbox 3333 3653 3437 3708; x_wconf 90' lang='lat' dir='ltr'><strong>etsi</strong></span> <span class='ocrx_word' id='word_1_590' title='bbox 3474 3653 3530 3704; x_wconf 93' lang='lat' dir='ltr'><strong>in</strong></span> 
     </span>
    </p>
   </div>
   <div class='ocr_carea' id='block_1_83' title="bbox 1949 3750 3535 3843">
    <p class='ocr_par' dir='ltr' id='par_1_83' title="bbox 1949 3750 3535 3843">
     <span class='ocr_line' id='line_1_83' title="bbox 1949 3750 3535 3843; baseline -0.018 -18"><span class='ocrx_word' id='word_1_591' title='bbox 1949 3771 2202 3843; x_wconf 87' lang='lat' dir='ltr'><strong>pluribus</strong></span> <span class='ocrx_word' id='word_1_592' title='bbox 2237 3767 2306 3821; x_wconf 90' lang='lat' dir='ltr'><strong>sit</strong></span> <span class='ocrx_word' id='word_1_593' title='bbox 2334 3762 2546 3819; x_wconf 90' lang='lat' dir='ltr'><strong>similis.</strong></span> <span class='ocrx_word' id='word_1_594' title='bbox 2572 3760 2631 3814; x_wconf 92' lang='lat' dir='ltr'><strong>ln</strong></span> <span class='ocrx_word' id='word_1_595' title='bbox 2665 3758 2752 3811; x_wconf 90' lang='lat' dir='ltr'><strong>illa</strong></span> <span class='ocrx_word' id='word_1_596' title='bbox 2777 3757 2920 3810; x_wconf 86' lang='lat' dir='ltr'><strong>enim</strong></span> <span class='ocrx_word' id='word_1_597' title='bbox 2953 3753 3075 3808; x_wconf 88' lang='lat' dir='ltr'><strong>data</strong></span> <span class='ocrx_word' id='word_1_598' title='bbox 3101 3750 3317 3819; x_wconf 87' lang='lat' dir='ltr'><strong>quidem</strong></span> <span class='ocrx_word' id='word_1_599' title='bbox 3351 3759 3535 3814; x_wconf 69' lang='lat' dir='ltr'><strong>arqua-</strong></span> 
     </span>
    </p>
   </div>
   <div class='ocr_carea' id='block_1_84' title="bbox 1951 3837 3395 3917">
    <p class='ocr_par' dir='ltr' id='par_1_84' title="bbox 1951 3837 3395 3917">
     <span class='ocr_line' id='line_1_84' title="bbox 1951 3837 3395 3917; baseline -0.021 0"><span class='ocrx_word' id='word_1_600' title='bbox 1951 3864 2022 3917; x_wconf 77' lang='lat' dir='ltr'><strong>lia</strong></span> <span class='ocrx_word' id='word_1_601' title='bbox 2064 3861 2286 3914; x_wconf 90' lang='lat' dir='ltr'><strong>fuerunt</strong></span> <span class='ocrx_word' id='word_1_602' title='bbox 2324 3874 2336 3910; x_wconf 90' lang='lat'><strong>:</strong></span> <span class='ocrx_word' id='word_1_603' title='bbox 2375 3855 2526 3908; x_wconf 89' lang='lat' dir='ltr'><strong>lucra</strong></span> <span class='ocrx_word' id='word_1_604' title='bbox 2553 3865 2685 3904; x_wconf 91' lang='lat' dir='ltr'><strong>vero</strong></span> <span class='ocrx_word' id='word_1_605' title='bbox 2717 3856 2771 3901; x_wconf 87' lang='lat' dir='ltr'><strong>et</strong></span> <span class='ocrx_word' id='word_1_606' title='bbox 2799 3847 3041 3898; x_wconf 84' lang='lat' dir='ltr'><strong>honores</strong></span> <span class='ocrx_word' id='word_1_607' title='bbox 3079 3837 3395 3906; x_wconf 71' lang='lat' dir='ltr'><strong>inmqualcs.</strong></span> 
     </span>
    </p>
   </div>
   <div class='ocr_carea' id='block_1_85' title="bbox 2021 3924 3538 4007">
    <p class='ocr_par' dir='ltr' id='par_1_85' title="bbox 2021 3924 3538 4007">
     <span class='ocr_line' id='line_1_85' title="bbox 2021 3924 3538 4007; baseline -0.02 0"><span class='ocrx_word' id='word_1_608' title='bbox 2021 3953 2156 4007; x_wconf 65' lang='lat' dir='ltr'><strong>Nam</strong></span> <span class='ocrx_word' id='word_1_609' title='bbox 2199 3952 2311 4004; x_wconf 80' lang='lat' dir='ltr'><strong>haec</strong></span> <span class='ocrx_word' id='word_1_610' title='bbox 2339 3948 2408 4001; x_wconf 90' lang='lat' dir='ltr'><strong>de</strong></span> <span class='ocrx_word' id='word_1_611' title='bbox 2425 3943 2655 3999; x_wconf 84' lang='lat' dir='ltr'><strong>diversis</strong></span> <span class='ocrx_word' id='word_1_612' title='bbox 2670 3938 2932 3995; x_wconf 75' lang='lat' dir='ltr'><strong>doctrinae</strong></span> <span class='ocrx_word' id='word_1_613' title='bbox 2960 3934 3147 4006; x_wconf 87' lang='lat' dir='ltr'><strong>gratiis</strong></span> <span class='ocrx_word' id='word_1_614' title='bbox 3177 3945 3285 3984; x_wconf 92' lang='lat' dir='ltr'><strong>nou</strong></span> <span class='ocrx_word' id='word_1_615' title='bbox 3317 3924 3538 3995; x_wconf 55' lang='lat' dir='ltr'><strong>aequali-</strong></span> 
     </span>
    </p>
   </div>
   <div class='ocr_carea' id='block_1_86' title="bbox 1953 4017 3537 4102">
    <p class='ocr_par' dir='ltr' id='par_1_86' title="bbox 1953 4017 3537 4102">
     <span class='ocr_line' id='line_1_86' title="bbox 1953 4017 3537 4102; baseline -0.02 -4"><span class='ocrx_word' id='word_1_616' title='bbox 1953 4055 2035 4102; x_wconf 90' lang='lat' dir='ltr'><strong>ter</strong></span> <span class='ocrx_word' id='word_1_617' title='bbox 2082 4042 2221 4098; x_wconf 87' lang='lat' dir='ltr'><strong>datis</strong></span> <span class='ocrx_word' id='word_1_618' title='bbox 2257 4039 2520 4096; x_wconf 78' lang='lat' dir='ltr'><strong>disserit:</strong></span> <span class='ocrx_word' id='word_1_619' title='bbox 2569 4033 2658 4086; x_wconf 87' lang='lat' dir='ltr'><strong>illa</strong></span> <span class='ocrx_word' id='word_1_620' title='bbox 2686 4045 2819 4085; x_wconf 89' lang='lat' dir='ltr'><strong>vero</strong></span> <span class='ocrx_word' id='word_1_621' title='bbox 2863 4028 2930 4083; x_wconf 90' lang='lat' dir='ltr'><strong>de</strong></span> <span class='ocrx_word' id='word_1_622' title='bbox 2979 4023 3214 4080; x_wconf 78' lang='lat' dir='ltr'><strong>diversis</strong></span> <span class='ocrx_word' id='word_1_623' title='bbox 3260 4017 3537 4089; x_wconf 69' lang='lat' dir='ltr'><strong>acqualiter</strong></span> 
     </span>
    </p>
   </div>
   <div class='ocr_carea' id='block_1_87' title="bbox 1953 4138 2117 4194">
    <p class='ocr_par' dir='ltr' id='par_1_87' title="bbox 1953 4138 2117 4194">
     <span class='ocr_line' id='line_1_87' title="bbox 1953 4138 2117 4194; baseline -0.024 0"><span class='ocrx_word' id='word_1_624' title='bbox 1953 4138 2117 4194; x_wconf 88' lang='lat' dir='ltr'><strong>datis.</strong></span> 
     </span>
    </p>
   </div>
   <div class='ocr_carea' id='block_1_88' title="bbox 2274 4226 3216 4299">
    <p class='ocr_par' dir='ltr' id='par_1_88' title="bbox 2274 4226 3216 4299">
     <span class='ocr_line' id='line_1_88' title="bbox 2274 4226 3216 4299; baseline -0.021 -1"><span class='ocrx_word' id='word_1_625' title='bbox 2274 4243 2431 4299; x_wconf 81' lang='lat' dir='ltr'><strong>CAP.</strong></span> <span class='ocrx_word' id='word_1_626' title='bbox 2461 4237 2599 4293; x_wconf 77' lang='lat' dir='ltr'><strong>LXI.</strong></span> <span class='ocrx_word' id='word_1_627' title='bbox 2643 4237 2714 4290; x_wconf 86' lang='lat' dir='ltr'><strong>De</strong></span> <span class='ocrx_word' id='word_1_628' title='bbox 2742 4232 2971 4287; x_wconf 84' lang='lat' dir='ltr'><strong>adventu</strong></span> <span class='ocrx_word' id='word_1_629' title='bbox 2998 4226 3216 4282; x_wconf 71' lang='lat' dir='ltr'><strong>Christi.</strong></span> 
     </span>
    </p>
   </div>
   <div class='ocr_carea' id='block_1_89' title="bbox 2027 4309 3540 4395">
    <p class='ocr_par' dir='ltr' id='par_1_89' title="bbox 2027 4309 3540 4395">
     <span class='ocr_line' id='line_1_89' title="bbox 2027 4309 3540 4395; baseline -0.022 0"><span class='ocrx_word' id='word_1_630' title='bbox 2027 4340 2182 4395; x_wconf 84' lang='lat' dir='ltr'><strong>Vers.</strong></span> <span class='ocrx_word' id='word_1_631' title='bbox 2211 4337 2300 4390; x_wconf 78' lang='lat' dir='ltr'><strong>3f.</strong></span> <span class='ocrx_word' id='word_1_632' title='bbox 2332 4335 2463 4388; x_wconf 86' lang='lat' dir='ltr'><strong>Cum</strong></span> <span class='ocrx_word' id='word_1_633' title='bbox 2495 4361 2567 4372; x_wconf 95' lang='lat'><strong><em>—</em></strong></span> <span class='ocrx_word' id='word_1_634' title='bbox 2592 4343 2722 4382; x_wconf 67' lang='lat' dir='ltr'><strong>suis.</strong></span> <span class='ocrx_word' id='word_1_635' title='bbox 2755 4324 2954 4378; x_wconf 83' lang='lat' dir='ltr'><strong>Narrat</strong></span> <span class='ocrx_word' id='word_1_636' title='bbox 2984 4321 3148 4374; x_wconf 90' lang='lat' dir='ltr'><strong>etiam</strong></span> <span class='ocrx_word' id='word_1_637' title='bbox 3180 4313 3447 4380; x_wconf 87' lang='lat' dir='ltr'><strong>deinceps</strong></span> <span class='ocrx_word' id='word_1_638' title='bbox 3472 4309 3540 4362; x_wconf 89' lang='lat' dir='ltr'><strong>de</strong></span> 
     </span>
    </p>
   </div>
   <div class='ocr_carea' id='block_1_90' title="bbox 253 4407 1860 4505">
    <p class='ocr_par' dir='ltr' id='par_1_90' title="bbox 253 4429 1853 4505">
     <span class='ocr_line' id='line_1_90' title="bbox 253 4429 1853 4505; baseline -0.004 -15"><span class='ocrx_word' id='word_1_639' title='bbox 253 4436 439 4505; x_wconf 70' lang='grc' dir='ltr'>τέρας</span> <span class='ocrx_word' id='word_1_640' title='bbox 496 4432 795 4503; x_wconf 85' lang='grc' dir='ltr'>παρουσίας</span> <span class='ocrx_word' id='word_1_641' title='bbox 843 4431 1005 4483; x_wconf 71' lang='grc' dir='ltr'>αὐτοῦ</span> <span class='ocrx_word' id='word_1_642' title='bbox 1039 4431 1175 4501; x_wconf 53' lang='grc' dir='ltr'>πρός</span> <span class='ocrx_word' id='word_1_643' title='bbox 1200 4430 1364 4498; x_wconf 72' lang='grc' dir='ltr'>φόϐον</span> <span class='ocrx_word' id='word_1_644' title='bbox 1421 4432 1516 4482; x_wconf 80' lang='grc' dir='ltr'>καὶ</span> <span class='ocrx_word' id='word_1_645' title='bbox 1565 4429 1853 4500; x_wconf 83' lang='grc' dir='ltr'>διόρθωσιν</span> 
     </span>
    </p>
   </div>
   <div class='ocr_carea' id='block_1_91' title="bbox 1944 4407 3538 4505">
    <p class='ocr_par' dir='ltr' id='par_1_91' title="bbox 1957 4407 3538 4488">
     <span class='ocr_line' id='line_1_91' title="bbox 1957 4407 3538 4488; baseline -0.022 1"><span class='ocrx_word' id='word_1_646' title='bbox 1957 4433 2204 4488; x_wconf 88' lang='lat' dir='ltr'><strong>secundo</strong></span> <span class='ocrx_word' id='word_1_647' title='bbox 2241 4430 2478 4483; x_wconf 87' lang='lat' dir='ltr'><strong>adventu</strong></span> <span class='ocrx_word' id='word_1_648' title='bbox 2511 4438 2632 4486; x_wconf 88' lang='lat' dir='ltr'><strong>suo,</strong></span> <span class='ocrx_word' id='word_1_649' title='bbox 2667 4419 2732 4474; x_wconf 90' lang='lat' dir='ltr'><strong>ad</strong></span> <span class='ocrx_word' id='word_1_650' title='bbox 2759 4429 3020 4471; x_wconf 84' lang='lat' dir='ltr'><strong>terrorem</strong></span> <span class='ocrx_word' id='word_1_651' title='bbox 3059 4421 3113 4464; x_wconf 90' lang='lat' dir='ltr'><strong>et</strong></span> <span class='ocrx_word' id='word_1_652' title='bbox 3142 4407 3538 4464; x_wconf 87' lang='lat' dir='ltr'><strong>correctionem</strong></span> 
     </span>
    </p>
   </div>
   <div class='ocr_carea' id='block_1_92' title="bbox 256 4523 1854 4597">
    <p class='ocr_par' dir='ltr' id='par_1_92' title="bbox 256 4523 1854 4597">
     <span class='ocr_line' id='line_1_92' title="bbox 256 4523 1854 4597; baseline -0.004 -13"><span class='ocrx_word' id='word_1_653' title='bbox 256 4531 382 4585; x_wconf 81' lang='grc' dir='ltr'><strong>τῶν</strong></span> <span class='ocrx_word' id='word_1_654' title='bbox 400 4527 787 4597; x_wconf 75' lang='grc' dir='ltr'>ἀκροωμένων.</span> <span class='ocrx_word' id='word_1_655' title='bbox 807 4525 972 4589; x_wconf 75' lang='grc' dir='ltr'>Δόξαν</span> <span class='ocrx_word' id='word_1_656' title='bbox 989 4525 1044 4577; x_wconf 76' lang='grc' dir='ltr'>δὲ</span> <span class='ocrx_word' id='word_1_657' title='bbox 1062 4524 1226 4577; x_wconf 81' lang='grc' dir='ltr'>αὑτοῦ</span> <span class='ocrx_word' id='word_1_658' title='bbox 1248 4524 1398 4592; x_wconf 81' lang='grc' dir='ltr'>λέγει</span> <span class='ocrx_word' id='word_1_659' title='bbox 1419 4523 1517 4592; x_wconf 82' lang='grc' dir='ltr'>τὴν</span> <span class='ocrx_word' id='word_1_660' title='bbox 1554 4524 1854 4594; x_wconf 78' lang='grc' dir='ltr'>Θεοπρεπι-</span> 
     </span>
    </p>
   </div>
   <div class='ocr_carea' id='block_1_93' title="bbox 260 4612 1855 4687">
    <p class='ocr_par' dir='ltr' id='par_1_93' title="bbox 260 4612 1855 4687">
     <span class='ocr_line' id='line_1_93' title="bbox 260 4612 1855 4687; baseline -0.009 -14"><span class='ocrx_word' id='word_1_661' title='bbox 260 4619 502 4687; x_wconf 84' lang='grc' dir='ltr'>στάτην.</span> <span class='ocrx_word' id='word_1_662' title='bbox 541 4617 602 4669; x_wconf 84' lang='grc' dir='ltr'><strong>Ἦ</strong></span> <span class='ocrx_word' id='word_1_663' title='bbox 636 4617 830 4686; x_wconf 84' lang='grc' dir='ltr'>πρώτη</span> <span class='ocrx_word' id='word_1_664' title='bbox 861 4617 968 4684; x_wconf 83' lang='grc' dir='ltr'>γὰρ</span> <span class='ocrx_word' id='word_1_665' title='bbox 994 4613 1160 4667; x_wconf 81' lang='grc' dir='ltr'>αὑτοῦ</span> <span class='ocrx_word' id='word_1_666' title='bbox 1186 4613 1397 4675; x_wconf 74' lang='grc' dir='ltr'>ἐλευσις</span> <span class='ocrx_word' id='word_1_667' title='bbox 1443 4614 1500 4665; x_wconf 76' lang='grc' dir='ltr'>ὲν</span> <span class='ocrx_word' id='word_1_668' title='bbox 1546 4613 1733 4682; x_wconf 77' lang='grc' dir='ltr'>ἀδοξία</span> <span class='ocrx_word' id='word_1_669' title='bbox 1759 4612 1855 4680; x_wconf 75' lang='grc' dir='ltr'><strong>γέ-</strong></span> 
     </span>
    </p>
   </div>
   <div class='ocr_carea' id='block_1_94' title="bbox 260 4704 1858 4782">
    <p class='ocr_par' dir='ltr' id='par_1_94' title="bbox 260 4704 1858 4782">
     <span class='ocr_line' id='line_1_94' title="bbox 260 4704 1858 4782; baseline -0.007 -16"><span class='ocrx_word' id='word_1_670' title='bbox 260 4729 422 4782; x_wconf 85' lang='grc' dir='ltr'>γονε.</span> <span class='ocrx_word' id='word_1_671' title='bbox 462 4710 686 4762; x_wconf 76' lang='grc' dir='ltr'>Καθίσει</span> <span class='ocrx_word' id='word_1_672' title='bbox 718 4707 801 4772; x_wconf 75' lang='grc' dir='ltr'>δὲ,</span> <span class='ocrx_word' id='word_1_673' title='bbox 835 4706 913 4769; x_wconf 83' lang='grc' dir='ltr'>ὡς</span> <span class='ocrx_word' id='word_1_674' title='bbox 971 4707 1183 4775; x_wconf 81' lang='grc' dir='ltr'>κριτής·</span> <span class='ocrx_word' id='word_1_675' title='bbox 1225 4704 1414 4776; x_wconf 85' lang='grc' dir='ltr'>Θρόνος</span> <span class='ocrx_word' id='word_1_676' title='bbox 1447 4704 1504 4757; x_wconf 62' lang='grc' dir='ltr'><strong>δι</strong></span> <span class='ocrx_word' id='word_1_677' title='bbox 1529 4705 1687 4773; x_wconf 80' lang='grc' dir='ltr'>δόξης</span> <span class='ocrx_word' id='word_1_678' title='bbox 1717 4705 1744 4756; x_wconf 87' lang='grc' dir='ltr'><strong>ό</strong></span> <span class='ocrx_word' id='word_1_679' title='bbox 1773 4704 1858 4756; x_wconf 75' lang='grc' dir='ltr'>εν-</span> 
     </span>
    </p>
   </div>
   <div class='ocr_carea' id='block_1_95' title="bbox 260 4799 849 4870">
    <p class='ocr_par' dir='ltr' id='par_1_95' title="bbox 260 4799 849 4870">
     <span class='ocr_line' id='line_1_95' title="bbox 260 4799 849 4870; baseline -0.014 -8"><span class='ocrx_word' id='word_1_680' title='bbox 260 4805 448 4870; x_wconf 80' lang='grc' dir='ltr'>δοξος,</span> <span class='ocrx_word' id='word_1_681' title='bbox 479 4804 507 4855; x_wconf 85' lang='grc' dir='ltr'>ὁ</span> <span class='ocrx_word' id='word_1_682' title='bbox 547 4799 849 4870; x_wconf 83' lang='grc' dir='ltr'>βασιλικός.</span> 
     </span>
    </p>
   </div>
   <div class='ocr_carea' id='block_1_96' title="bbox 349 4980 1853 5051">
    <p class='ocr_par' dir='ltr' id='par_1_96' title="bbox 349 4980 1853 5051">
     <span class='ocr_line' id='line_1_96' title="bbox 349 4980 1853 5051; baseline -0.006 -8"><span class='ocrx_word' id='word_1_683' title='bbox 349 4990 459 5044; x_wconf 81' lang='lat' dir='ltr'><strong>Kal</strong></span> <span class='ocrx_word' id='word_1_684' title='bbox 503 5018 572 5027; x_wconf 93' lang='lat'>—</span> <span class='ocrx_word' id='word_1_685' title='bbox 614 4987 781 5051; x_wconf 78' lang='grc' dir='ltr'>ἔθνη.</span> <span class='ocrx_word' id='word_1_686' title='bbox 855 4983 1191 5037; x_wconf 76' lang='grc' dir='ltr'>’Λναστάντα</span> <span class='ocrx_word' id='word_1_687' title='bbox 1257 4981 1458 5050; x_wconf 81' lang='grc' dir='ltr'>δηλαδὴ</span> <span class='ocrx_word' id='word_1_688' title='bbox 1513 4981 1576 5033; x_wconf 77' lang='grc' dir='ltr'>ὲκ</span> <span class='ocrx_word' id='word_1_689' title='bbox 1622 4980 1853 5050; x_wconf 85' lang='grc' dir='ltr'>νεκρῶν.</span> 
     </span>
    </p>
   </div>
   <div class='ocr_carea' id='block_1_97' title="bbox 267 5073 1862 5155">
    <p class='ocr_par' dir='ltr' id='par_1_97' title="bbox 267 5073 1862 5155">
     <span class='ocr_line' id='line_1_97' title="bbox 267 5073 1862 5155; baseline -0.008 -17"><span class='ocrx_word' id='word_1_690' title='bbox 267 5078 584 5155; x_wconf 80' lang='grc' dir='ltr'>Προείρηκε</span> <span class='ocrx_word' id='word_1_691' title='bbox 640 5080 750 5148; x_wconf 73' lang='grc' dir='ltr'><strong>γὰρ</strong></span> <span class='ocrx_word' id='word_1_692' title='bbox 827 5075 1100 5148; x_wconf 76' lang='grc' dir='ltr'>διαφόρως</span> <span class='ocrx_word' id='word_1_693' title='bbox 1173 5073 1306 5143; x_wconf 72' lang='grc' dir='ltr'>περὶ</span> <span class='ocrx_word' id='word_1_694' title='bbox 1347 5076 1444 5143; x_wconf 83' lang='grc' dir='ltr'>τῆς</span> <span class='ocrx_word' id='word_1_695' title='bbox 1507 5074 1862 5137; x_wconf 82' lang='grc' dir='ltr'>ἀναστάσεως</span> 
     </span>
    </p>
   </div>
   <div class='ocr_carea' id='block_1_98' title="bbox 265 5169 696 5241">
    <p class='ocr_par' dir='ltr' id='par_1_98' title="bbox 265 5169 696 5241">
     <span class='ocr_line' id='line_1_98' title="bbox 265 5169 696 5241; baseline -0.019 -12"><span class='ocrx_word' id='word_1_696' title='bbox 265 5176 344 5229; x_wconf 84' lang='grc' dir='ltr'>αὑ</span> <span class='ocrx_word' id='word_1_697' title='bbox 355 5171 442 5226; x_wconf 84' lang='grc' dir='ltr'>τοῦ</span> <span class='ocrx_word' id='word_1_698' title='bbox 465 5169 696 5241; x_wconf 82' lang='grc'><strong>(65-68).</strong></span> 
     </span>
    </p>
   </div>
   <div class='ocr_carea' id='block_1_99' title="bbox 347 5255 1854 5329">
    <p class='ocr_par' dir='ltr' id='par_1_99' title="bbox 347 5255 1854 5329">
     <span class='ocr_line' id='line_1_99' title="bbox 347 5255 1854 5329; baseline -0.009 -10"><span class='ocrx_word' id='word_1_699' title='bbox 347 5266 456 5320; x_wconf 76' lang='grc' dir='ltr'><strong>Καὶ</strong></span> <span class='ocrx_word' id='word_1_700' title='bbox 492 5293 565 5303; x_wconf 85' lang='grc'><strong>--</strong></span> <span class='ocrx_word' id='word_1_701' title='bbox 598 5262 838 5329; x_wconf 75' lang='grc' dir='ltr'>ἐρίφων.</span> <span class='ocrx_word' id='word_1_702' title='bbox 871 5256 986 5311; x_wconf 82' lang='grc' dir='ltr'><strong>Νῦν</strong></span> <span class='ocrx_word' id='word_1_703' title='bbox 1013 5257 1113 5328; x_wconf 70' lang='grc' dir='ltr'>μὲν</span> <span class='ocrx_word' id='word_1_704' title='bbox 1136 5257 1244 5328; x_wconf 80' lang='grc' dir='ltr'><strong>γὰρ</strong></span> <span class='ocrx_word' id='word_1_705' title='bbox 1272 5255 1476 5326; x_wconf 81' lang='grc' dir='ltr'>ἀναμίξ</span> <span class='ocrx_word' id='word_1_706' title='bbox 1499 5256 1606 5308; x_wconf 89' lang='grc' dir='ltr'>είσι</span> <span class='ocrx_word' id='word_1_707' title='bbox 1630 5256 1854 5318; x_wconf 78' lang='grc' dir='ltr'>πάντεςο</span> 
     </span>
    </p>
   </div>
   <div class='ocr_carea' id='block_1_100' title="bbox 351 5430 1490 5501">
    <p class='ocr_par' dir='ltr' id='par_1_100' title="bbox 351 5430 1490 5501">
     <span class='ocr_line' id='line_1_100' title="bbox 351 5430 1490 5501; baseline -0.009 -7"><span class='ocrx_word' id='word_1_708' title='bbox 351 5441 393 5473; x_wconf 81' lang='grc'><strong>⁷⁸</strong></span> <span class='ocrx_word' id='word_1_709' title='bbox 428 5439 575 5494; x_wconf 83' lang='lat' dir='ltr'><strong>Psal.</strong></span> <span class='ocrx_word' id='word_1_710' title='bbox 623 5449 818 5501; x_wconf 84' lang='grc' dir='ltr'>ιιιιιι,</span> <span class='ocrx_word' id='word_1_711' title='bbox 847 5433 938 5490; x_wconf 69' lang='grc'><strong>15.</strong></span> <span class='ocrx_word' id='word_1_712' title='bbox 1015 5432 1058 5465; x_wconf 79' lang='grc'><strong>⁷⁷</strong></span> <span class='ocrx_word' id='word_1_713' title='bbox 1088 5430 1225 5490; x_wconf 90' lang='lat' dir='ltr'><strong>Luc.</strong></span> <span class='ocrx_word' id='word_1_714' title='bbox 1258 5448 1373 5496; x_wconf 89' lang='grc' dir='ltr'>ιιι,</span> <span class='ocrx_word' id='word_1_715' title='bbox 1403 5431 1490 5485; x_wconf 75' lang='grc'><strong>15.</strong></span> 
     </span>
    </p>
   </div>
   <div class='ocr_carea' id='block_1_101' title="bbox 1959 4497 3543 4580">
    <p class='ocr_par' dir='ltr' id='par_1_101' title="bbox 1959 4497 3543 4580">
     <span class='ocr_line' id='line_1_101' title="bbox 1959 4497 3543 4580; baseline -0.021 0"><span class='ocrx_word' id='word_1_716' title='bbox 1959 4525 2291 4580; x_wconf 83' lang='lat' dir='ltr'><strong>auditorum.</strong></span> <span class='ocrx_word' id='word_1_717' title='bbox 2339 4519 2504 4573; x_wconf 89' lang='lat' dir='ltr'><strong>Suam</strong></span> <span class='ocrx_word' id='word_1_718' title='bbox 2547 4523 2728 4568; x_wconf 89' lang='lat' dir='ltr'><strong>autem</strong></span> <span class='ocrx_word' id='word_1_719' title='bbox 2783 4507 3009 4579; x_wconf 83' lang='lat' dir='ltr'><strong>gloriam</strong></span> <span class='ocrx_word' id='word_1_720' title='bbox 3049 4503 3208 4564; x_wconf 91' lang='lat' dir='ltr'><strong>dicit,</strong></span> <span class='ocrx_word' id='word_1_721' title='bbox 3250 4515 3371 4569; x_wconf 70' lang='lat' dir='ltr'><strong>quae</strong></span> <span class='ocrx_word' id='word_1_722' title='bbox 3432 4497 3543 4549; x_wconf 87' lang='lat' dir='ltr'><strong>Deo</strong></span> 
     </span>
    </p>
   </div>
   <div class='ocr_carea' id='block_1_102' title="bbox 1965 4588 3542 4685">
    <p class='ocr_par' dir='ltr' id='par_1_102' title="bbox 1965 4588 3542 4685">
     <span class='ocr_line' id='line_1_102' title="bbox 1965 4588 3542 4685; baseline -0.019 -16"><span class='ocrx_word' id='word_1_723' title='bbox 1965 4613 2181 4685; x_wconf 82' lang='lat' dir='ltr'><strong>prOpria</strong></span> <span class='ocrx_word' id='word_1_724' title='bbox 2215 4618 2320 4664; x_wconf 89' lang='lat' dir='ltr'><strong>est.</strong></span> <span class='ocrx_word' id='word_1_725' title='bbox 2356 4608 2597 4661; x_wconf 86' lang='lat' dir='ltr'><strong>Primum</strong></span> <span class='ocrx_word' id='word_1_726' title='bbox 2651 4601 2798 4656; x_wconf 88' lang='lat' dir='ltr'><strong>enim</strong></span> <span class='ocrx_word' id='word_1_727' title='bbox 2824 4599 3091 4652; x_wconf 81' lang='lat' dir='ltr'><strong>adventus</strong></span> <span class='ocrx_word' id='word_1_728' title='bbox 3125 4593 3244 4662; x_wconf 78' lang='lat' dir='ltr'><strong>ejus</strong></span> <span class='ocrx_word' id='word_1_729' title='bbox 3276 4588 3542 4658; x_wconf 81' lang='lat' dir='ltr'><strong>inglorius</strong></span> 
     </span>
    </p>
   </div>
   <div class='ocr_carea' id='block_1_103' title="bbox 1965 4679 3544 4761">
    <p class='ocr_par' dir='ltr' id='par_1_103' title="bbox 1965 4679 3544 4761">
     <span class='ocr_line' id='line_1_103' title="bbox 1965 4679 3544 4761; baseline -0.02 -1"><span class='ocrx_word' id='word_1_730' title='bbox 1965 4679 2140 4761; x_wconf 38' lang='lat' dir='ltr'><strong>fact—us</strong></span> <span class='ocrx_word' id='word_1_731' title='bbox 2165 4711 2268 4756; x_wconf 88' lang='lat' dir='ltr'><strong>est.</strong></span> <span class='ocrx_word' id='word_1_732' title='bbox 2299 4696 2524 4753; x_wconf 87' lang='lat' dir='ltr'><strong>Sedebit</strong></span> <span class='ocrx_word' id='word_1_733' title='bbox 2551 4707 2702 4754; x_wconf 86' lang='lat' dir='ltr'><strong>vero,</strong></span> <span class='ocrx_word' id='word_1_734' title='bbox 2737 4701 2991 4756; x_wconf 89' lang='lat' dir='ltr'><strong>tanquam</strong></span> <span class='ocrx_word' id='word_1_735' title='bbox 3012 4683 3178 4754; x_wconf 81' lang='lat' dir='ltr'><strong>judex</strong></span> <span class='ocrx_word' id='word_1_736' title='bbox 3214 4698 3227 4734; x_wconf 90' lang='lat'>:</span> <span class='ocrx_word' id='word_1_737' title='bbox 3270 4679 3428 4734; x_wconf 81' lang='lat' dir='ltr'><strong>sedes</strong></span> <span class='ocrx_word' id='word_1_738' title='bbox 3449 4694 3544 4729; x_wconf 82' lang='lat' dir='ltr'><strong>au—</strong></span> 
     </span>
    </p>
   </div>
   <div class='ocr_carea' id='block_1_104' title="bbox 1967 4771 3546 4852">
    <p class='ocr_par' dir='ltr' id='par_1_104' title="bbox 1967 4771 3546 4852">
     <span class='ocr_line' id='line_1_104' title="bbox 1967 4771 3546 4852; baseline -0.019 -2"><span class='ocrx_word' id='word_1_739' title='bbox 1967 4805 2074 4850; x_wconf 90' lang='lat' dir='ltr'><strong>tem</strong></span> <span class='ocrx_word' id='word_1_740' title='bbox 2114 4793 2231 4848; x_wconf 86' lang='lat' dir='ltr'><strong>sive</strong></span> <span class='ocrx_word' id='word_1_741' title='bbox 2265 4791 2498 4844; x_wconf 79' lang='lat' dir='ltr'><strong>thronus</strong></span> <span class='ocrx_word' id='word_1_742' title='bbox 2526 4785 2725 4840; x_wconf 89' lang='lat' dir='ltr'><strong>dicitur</strong></span> <span class='ocrx_word' id='word_1_743' title='bbox 2760 4781 2963 4852; x_wconf 69' lang='lat' dir='ltr'><strong>gloriae,</strong></span> <span class='ocrx_word' id='word_1_744' title='bbox 3025 4777 3130 4830; x_wconf 87' lang='lat' dir='ltr'><strong>hoc</strong></span> <span class='ocrx_word' id='word_1_745' title='bbox 3159 4781 3244 4828; x_wconf 92' lang='lat' dir='ltr'><strong>est</strong></span> <span class='ocrx_word' id='word_1_746' title='bbox 3277 4771 3546 4842; x_wconf 86' lang='lat' dir='ltr'><strong>gloriosus</strong></span> 
     </span>
    </p>
   </div>
   <div class='ocr_carea' id='block_1_105' title="bbox 1966 4885 2254 4944">
    <p class='ocr_par' dir='ltr' id='par_1_105' title="bbox 1966 4885 2254 4944">
     <span class='ocr_line' id='line_1_105' title="bbox 1966 4885 2254 4944; baseline -0.028 0"><span class='ocrx_word' id='word_1_747' title='bbox 1966 4897 2021 4944; x_wconf 88' lang='lat' dir='ltr'><strong>et</strong></span> <span class='ocrx_word' id='word_1_748' title='bbox 2051 4885 2254 4944; x_wconf 71' lang='lat' dir='ltr'><strong>regius.</strong></span> 
     </span>
    </p>
   </div>
   <div class='ocr_carea' id='block_1_106' title="bbox 2043 4903 3547 5039">
    <p class='ocr_par' dir='ltr' id='par_1_106' title="bbox 2043 4903 3547 5039">
     <span class='ocr_line' id='line_1_106' title="bbox 2051 4903 2254 4939; baseline -0.015 0"><span class='ocrx_word' id='word_1_749' title='bbox 2051 4903 2108 4939; x_wconf 84' lang='lat' dir='ltr'><strong>re</strong></span> <span class='ocrx_word' id='word_1_750' title='bbox 2148 4903 2254 4938; x_wconf 84' lang='lat' dir='ltr'><strong>ius.</strong></span> 
     </span>
     <span class='ocr_line' id='line_1_107' title="bbox 2043 4903 3547 5039; baseline -0.017 -11"><span class='ocrx_word' id='word_1_751' title='bbox 2043 4903 2200 5030; x_wconf 60' lang='grc' dir='ltr'>νέξ-ε.</span> <span class='ocrx_word' id='word_1_752' title='bbox 2243 4972 2331 5027; x_wconf 70' lang='grc'><strong>52.</strong></span> <span class='ocrx_word' id='word_1_753' title='bbox 2404 4971 2785 5039; x_wconf 67' lang='lat' dir='ltr'><strong>lit—gentes.</strong></span> <span class='ocrx_word' id='word_1_754' title='bbox 2853 4961 3149 5029; x_wconf 85' lang='lat' dir='ltr'><strong>Postquam</strong></span> <span class='ocrx_word' id='word_1_755' title='bbox 3202 4954 3461 5008; x_wconf 82' lang='lat' dir='ltr'><strong>videlicet</strong></span> <span class='ocrx_word' id='word_1_756' title='bbox 3518 4968 3547 5004; x_wconf 91' lang='lat' dir='ltr'><strong>a</strong></span> 
     </span>
    </p>
   </div>
   <div class='ocr_carea' id='block_1_107' title="bbox 1973 5045 3549 5125">
    <p class='ocr_par' dir='ltr' id='par_1_107' title="bbox 1973 5045 3549 5125">
     <span class='ocr_line' id='line_1_108' title="bbox 1973 5045 3549 5125; baseline -0.015 -6"><span class='ocrx_word' id='word_1_757' title='bbox 1973 5064 2205 5120; x_wconf 87' lang='lat' dir='ltr'><strong>mortuis</strong></span> <span class='ocrx_word' id='word_1_758' title='bbox 2235 5057 2675 5120; x_wconf 78' lang='lat' dir='ltr'><strong>resurrexerint;</strong></span> <span class='ocrx_word' id='word_1_759' title='bbox 2709 5052 2960 5125; x_wconf 62' lang='lat' dir='ltr'><strong>praedixit</strong></span> <span class='ocrx_word' id='word_1_760' title='bbox 2981 5051 3128 5105; x_wconf 89' lang='lat' dir='ltr'><strong>enim</strong></span> <span class='ocrx_word' id='word_1_761' title='bbox 3158 5046 3392 5101; x_wconf 85' lang='lat' dir='ltr'><strong>variisin</strong></span> <span class='ocrx_word' id='word_1_762' title='bbox 3415 5045 3549 5097; x_wconf 86' lang='lat' dir='ltr'><strong>locis</strong></span> 
     </span>
    </p>
   </div>
   <div class='ocr_carea' id='block_1_108' title="bbox 1968 5154 2703 5214">
    <p class='ocr_par' dir='ltr' id='par_1_108' title="bbox 1968 5154 2703 5214">
     <span class='ocr_line' id='line_1_109' title="bbox 1968 5154 2703 5214; baseline -0.014 0"><span class='ocrx_word' id='word_1_763' title='bbox 1968 5160 2036 5214; x_wconf 86' lang='lat' dir='ltr'><strong>de</strong></span> <span class='ocrx_word' id='word_1_764' title='bbox 2068 5154 2469 5210; x_wconf 84' lang='lat' dir='ltr'><strong>resurrectione</strong></span> <span class='ocrx_word' id='word_1_765' title='bbox 2493 5164 2703 5205; x_wconf 88' lang='lat' dir='ltr'><strong>earum.</strong></span> 
     </span>
    </p>
   </div>
   <div class='ocr_carea' id='block_1_109' title="bbox 2043 5233 3551 5303">
    <p class='ocr_par' dir='ltr' id='par_1_109' title="bbox 2043 5233 3551 5303">
     <span class='ocr_line' id='line_1_110' title="bbox 2043 5233 3551 5303; baseline -0.013 0"><span class='ocrx_word' id='word_1_766' title='bbox 2043 5245 2308 5303; x_wconf 72' lang='lat' dir='ltr'><strong>Vers.52.</strong></span> <span class='ocrx_word' id='word_1_767' title='bbox 2338 5245 2404 5300; x_wconf 83' lang='lat' dir='ltr'><strong>Et</strong></span> <span class='ocrx_word' id='word_1_768' title='bbox 2423 5243 2678 5297; x_wconf 75' lang='lat' dir='ltr'><strong>—-ha:dis.</strong></span> <span class='ocrx_word' id='word_1_769' title='bbox 2709 5239 2865 5295; x_wconf 82' lang='lat' dir='ltr'><strong>Nunc</strong></span> <span class='ocrx_word' id='word_1_770' title='bbox 2889 5238 3092 5295; x_wconf 86' lang='lat' dir='ltr'><strong>etenim</strong></span> <span class='ocrx_word' id='word_1_771' title='bbox 3117 5233 3386 5293; x_wconf 84' lang='lat' dir='ltr'><strong>commisti</strong></span> <span class='ocrx_word' id='word_1_772' title='bbox 3426 5242 3551 5288; x_wconf 87' lang='lat' dir='ltr'><strong>sunt</strong></span> 
     </span>
    </p>
   </div>
   <div class='ocr_carea' id='block_1_110' title="bbox 1489 5610 2359 5678">
    <p class='ocr_par' dir='ltr' id='par_1_110' title="bbox 1489 5610 2359 5678">
     <span class='ocr_line' id='line_1_111' title="bbox 1489 5610 2359 5678; baseline -0.01 -2"><span class='ocrx_word' id='word_1_773' title='bbox 1489 5615 1695 5678; x_wconf 67' lang='lat' dir='ltr'><strong>Varia)</strong></span> <span class='ocrx_word' id='word_1_774' title='bbox 1731 5610 2042 5676; x_wconf 83' lang='lat' dir='ltr'><strong>lectiones</strong></span> <span class='ocrx_word' id='word_1_775' title='bbox 2075 5616 2132 5669; x_wconf 88' lang='lat' dir='ltr'><strong>et</strong></span> <span class='ocrx_word' id='word_1_776' title='bbox 2171 5613 2359 5668; x_wconf 71' lang='lat' dir='ltr'><strong>noue.</strong></span> 
     </span>
    </p>
   </div>
   <div class='ocr_carea' id='block_1_111' title="bbox 349 5787 1379 5874">
    <p class='ocr_par' dir='ltr' id='par_1_111' title="bbox 349 5787 1379 5874">
     <span class='ocr_line' id='line_1_112' title="bbox 349 5787 1379 5874; baseline -0.012 -17"><span class='ocrx_word' id='word_1_777' title='bbox 349 5800 463 5874; x_wconf 70' lang='lat'><strong>(62)</strong></span> <span class='ocrx_word' id='word_1_778' title='bbox 502 5798 730 5854; x_wconf 82' lang='lat' dir='ltr'><strong>Inclusa</strong></span> <span class='ocrx_word' id='word_1_779' title='bbox 762 5793 816 5848; x_wconf 92' lang='lat' dir='ltr'><strong>in</strong></span> <span class='ocrx_word' id='word_1_780' title='bbox 849 5789 1092 5864; x_wconf 85' lang='lat' dir='ltr'><strong>margine</strong></span> <span class='ocrx_word' id='word_1_781' title='bbox 1121 5787 1286 5844; x_wconf 79' lang='lat' dir='ltr'><strong>habet</strong></span> <span class='ocrx_word' id='word_1_782' title='bbox 1314 5789 1379 5845; x_wconf 74' lang='grc' dir='ltr'>Α.</span> 
     </span>
    </p>
   </div>
   <div class='ocr_carea' id='block_1_112' title="bbox 1989 5765 3549 5852">
    <p class='ocr_par' dir='ltr' id='par_1_112' title="bbox 1989 5765 3549 5852">
     <span class='ocr_line' id='line_1_113' title="bbox 1989 5765 3549 5852; baseline -0.01 -16"><span class='ocrx_word' id='word_1_783' title='bbox 1989 5781 2079 5852; x_wconf 75' lang='lat'><strong>(63</strong></span> <span class='ocrx_word' id='word_1_784' title='bbox 2112 5781 2202 5850; x_wconf 87' lang='lat'><strong>68)</strong></span> <span class='ocrx_word' id='word_1_785' title='bbox 2222 5775 2615 5848; x_wconf 80' lang='lat' dir='ltr'><strong>Corrigendum</strong></span> <span class='ocrx_word' id='word_1_786' title='bbox 2656 5772 2856 5842; x_wconf 75' lang='grc' dir='ltr'>αὐτῶν,</span> <span class='ocrx_word' id='word_1_787' title='bbox 2877 5765 3549 5829; x_wconf 82' lang='lat' dir='ltr'><strong>sicutbabetllenteuius.</strong></span> 
     </span>
    </p>
   </div>
  </div>
