4100 6418
563 389 669 447 ϐ’ὶ9

1790 387 2169 448 EUTIIYMII
2242 385 2606 446 ZIGABENI

3707 383 3827 447 βω

564 517 757 556 omnes
788 517 802 555 :
840 512 968 558 tunc
999 519 1128 559 vero
1161 503 1451 572 diligenter
1481 504 1904 572 separaliuntur.
1933 506 2007 560 Dc
2029 506 2158 560 solis

2272 505 2382 558 τότε
2417 504 2474 557 δὲ
2503 500 2750 572 ἀκριϐῶς
2796 498 3344 570 διαχωρισθήσονται.
3398 498 3534 564 Περὶ
3565 501 3667 552 τῶν
3694 503 3838 566 Χρι-

563 605 750 648 autem
785 594 1112 650 Christianis
1153 595 1392 663 loquitur
1420 595 1510 650 hic
1537 610 1742 663 sermo,
1800 597 1969 652 veluti
2011 597 2148 651 infe-

565 687 679 740 rius
709 687 1171 741 manifestaliitur.

636 776 792 832 Vers.
823 779 908 832 53.
967 777 1034 830 Et
1071 805 1137 816 —
1170 778 1430 831 sinistris.
1485 776 1694 832 Ovibus
1759 784 2152 846 comparantur

561 865 711 936 justi,
744 877 963 935 propter
991 869 1495 933 mansuetudinem,
1542 869 1887 929 modestiam.
1916 882 1979 921 ac
2002 866 2151 920 fruc-

563 957 916 1011 tificationem
947 957 1000 1010 in
1032 958 1347 1022 virtutibus,
1383 960 1526 1013 sicut
1559 958 1734 1012 illatin
1766 959 1904 1013 lacte
1921 958 2150 1013 etlana:

566 1047 744 1102 haedis
782 1063 913 1102 vero
949 1061 1292 1118 peccatores.
1353 1059 1578 1119 propter
1618 1051 2049 1116 inclementiam,
2096 1062 2152 1105 et

566 1139 987 1202 immodestiam,
1019 1150 1075 1194 et
1111 1142 1641 1196 infructuositatem.
1680 1141 1893 1196 Poteris
1934 1158 2151 1212 quoque

564 1231 942 1299 addete,quod
977 1234 1142 1286 etiam
1171 1244 1391 1301 propter
1415 1247 1632 1302 gravem
1658 1234 1868 1302 peccati
1899 1234 2148 1297 odorem,

567 1325 619 1369 et
646 1315 789 1384 quod
820 1333 929 1370 non
963 1327 1110 1373 recta
1155 1320 1493 1388 gradiantur,
1527 1321 1621 1375 sed
1647 1337 1674 1374 a
1707 1331 1853 1376 recto
1869 1321 2152 1376 discedant

567 1407 786 1470 itinere.
836 1408 1092 1478 quodque
1143 1410 1446 1480 praecipitia
1497 1411 1770 1466 incedant.
1807 1411 2007 1466 Verum
2061 1412 2150 1465 illa

566 1514 697 1552 sane
742 1500 1020 1555 animalia.
1055 1517 1116 1555 ea
1146 1517 1266 1570 quae
1297 1502 1503 1557 habent
1533 1519 1562 1556 a
1587 1514 1779 1557 natura
1834 1503 2148 1572 possident;

570 1590 706 1658 justi
743 1605 874 1643 vero
910 1600 964 1644 et
993 1601 1313 1661 peccatores
1354 1609 1382 1646 a
1412 1594 1715 1647 voluntate.
1774 1593 1901 1647 ldeo
1935 1609 2152 1662 quoque

570 1680 646 1733 illi
694 1681 1058 1744 honorantur.
1091 1683 1176 1738 isti
1206 1693 1385 1736 autem
1412 1685 1732 1753 puniuntur.
1762 1686 1964 1740 Dividit
1988 1687 2150 1740 etiam

568 1782 664 1820 eos
694 1783 801 1823 non
832 1769 978 1837 quod
1017 1770 1245 1824 testibus
1281 1782 1460 1842 egeat,
1487 1773 1603 1843 ipse
1626 1775 1774 1828 enim
1808 1775 1963 1830 testis
1995 1785 2078 1830 est
2099 1784 2153 1830 et

570 1859 760 1929 iudex.

647 1949 799 2004 Vers.
835 1951 923 2005 54.
981 1953 1206 2006 Tunc—
1237 1955 1436 2009 mundi.
1483 1953 1527 2009 Ο
1579 1971 1769 2010 vocem
1806 1958 2104 2026 optabilem
2142 1976 2156 2010 :

573 2058 606 2092 o
656 2043 916 2095 honorem
961 2045 1323 2100 ineﬂ'abilcml
1369 2048 1658 2112 Benedicti,
1702 2050 1911 2118 inquit,
1977 2049 2158 2104 Patris

577 2134 680 2185 mei
716 2149 733 2186 :
787 2135 1013 2202 laudati,
1049 2137 1232 2191 eleCIi.
1281 2137 1396 2191 Non
1441 2138 1578 2193 dixit
1619 2149 1801 2194 autem
1839 2159 1852 2194 :
1893 2142 2159 2211 Accipite,

573 2225 691 2289 sed,
729 2225 1014 2294 Possidetc,
1072 2238 1330 2297 tanquam
1383 2240 1693 2300 paternum,
1735 2243 1990 2302 tanquam
2061 2234 2159 2288 de—

575 2318 769 2378 bitum,
831 2328 1086 2388 tanquam
1135 2330 1496 2389 prazparatum
1531 2324 1686 2377 vobis
1717 2327 2162 2381 aconstitutione

575 2410 789 2466 mundi.
823 2410 1141 2480 Priusquam
1189 2413 1334 2466 enim
1366 2414 1614 2468 homines
1653 2415 1868 2479 ﬂerent,
1911 2428 2159 2486 paratum

577 2512 693 2556 crat
733 2504 924 2574 justis,
965 2515 1334 2575 cognoscente
1390 2507 1498 2561 Deo
1550 2507 1697 2576 quod
1739 2509 1984 2563 futurum
2021 2520 2160 2565 erat.

580 2595 783 2649 Deinde
827 2597 956 2650 dicit
986 2607 1039 2651 et
1073 2613 1294 2652 causam
1355 2600 1489 2652 tanti
1525 2600 1778 2655 honoris.

654 2686 806 2744 Vers.
843 2690 931 2743 55.
962 2689 1175 2744 Esurivi
1197 2721 1264 2730 -—
1287 2689 1438 2746 Vers.
1468 2679 1557 2745 ὅθί
1594 2694 1662 2745 ad
1696 2709 1794 2746 mc.
1823 2692 1957 2747 Hinc
1981 2695 2160 2748 mani-

584 2785 781 2836 festum
815 2793 919 2846 est,
954 2787 1099 2853 quod
1139 2787 1204 2840 ad
1237 2786 1382 2840 solos
1424 2786 1771 2843 Christianos
1807 2789 1970 2844 verba
2013 2791 2160 2855 facit,

583 2875 648 2927 ad
687 2890 826 2944 quos
895 2874 1171 2945 Evangelii
1210 2877 1293 2930 sui
1348 2890 1615 2947 praecepta
1649 2878 1790 2932 facta
1837 2889 1984 2936 sunt.
2029 2881 2161 2935 Nam

579 2966 646 3020 ad
683 2966 930 3021 infideles
960 2968 1143 3022 nullus
1181 2978 1308 3024 tunc
1340 2970 1444 3023 erit
1470 2971 1518 3024 ei
1553 2986 1765 3036 sermo;
1803 2987 1994 3026 omnes
2019 2973 2162 3025 enim

579 3057 742 3110 simul
774 3074 870 3126 per
910 3072 968 3111 se
997 3060 1348 3114 condemnati
1386 3071 1566 3116 eruut.
1634 3063 1760 3117 Ideo
1791 3063 1937 3117 enim
1991 3063 2161 3116 dicit:

582 3150 700 3204 Non
731 3163 1004 3221 rcsurgent
1039 3153 1188 3219 impii
1207 3154 1260 3205 in
1279 3153 1485 3222 judicio
1515 3154 1580 3219 ’⁸,
1609 3155 1715 3208 hoc
1747 3163 1850 3219 est,
1911 3170 2019 3208 non
2072 3169 2158 3207 re—
2190 3177 2234 3241 ρ

584 3252 811 3316 surgent
854 3251 912 3299 ut
947 3244 1283 3317 iudicentur,
1322 3245 1416 3302 sed
1449 3255 1508 3302 ut
1536 3247 1854 3320 puniantur.
1884 3246 2166 3320 Siquidem

585 3337 935 3392 manifestum
986 3349 1071 3392 est
1116 3341 1282 3393 etiam
1331 3342 1592 3410 superius
1617 3343 1683 3407 ",
1759 3345 1903 3412 quod
1953 3343 2170 3413 quando

585 3431 872 3500 apparebit
900 3431 1116 3502 signum
1147 3432 1267 3486 Filii
1304 3432 1545 3488 hominis
1594 3435 1649 3487 in
1671 3435 1830 3496 ccelo,
1863 3445 1986 3488 tunc
2014 3436 2171 3504 piam

583 3529 901 3593 gentomnes
943 3523 1107 3575 tribus
1149 3533 1322 3585 terra,
1357 3524 1528 3578 solam
1574 3524 1840 3579 habentes
1907 3525 2173 3579 condem-

585 3621 803 3667 nantem
845 3614 1262 3667 conscientiam.
1311 3612 1468 3669 Nunc
1518 3631 1649 3685 ergo
1705 3615 1772 3670 ad
1802 3616 2171 3678 Christianos,

588 3705 933 3765 ntdiximus.
969 3720 1152 3758 sermo
1194 3713 1300 3759 cst.
1351 3705 1485 3760 Vide
1538 3715 1720 3761 autem
1780 3708 2055 3776 quomodo
2109 3707 2175 3761 de

587 3797 698 3850 sola
725 3796 1061 3849 humanitate
1091 3797 1206 3869 sive
1237 3811 1422 3851 amore
1446 3811 1575 3867 erga
1603 3798 1884 3867 proximos
1919 3799 2172 3863 disserat,

588 3897 645 3941 et
680 3889 746 3940 ab
780 3889 881 3941 hac
913 3888 1025 3942 sola
1065 3889 1241 3957 justos
1272 3889 1482 3943 honore
1510 3891 1950 3960 dignosjudicet,
1981 3905 2172 3960 pecca-

589 3989 736 4033 tores
769 3995 900 4032 vero
927 3980 1216 4048 supplicio.
1251 3978 1366 4033 Non
1393 3981 1537 4050 quod
1561 3990 1758 4035 caetera
1791 3982 1874 4035 vel
1895 3983 2176 4052 justorum

588 4071 727 4123 bona
751 4085 938 4139 opera,
968 4071 1050 4123 vel
1103 4080 1452 4139 peccatorum
1508 4072 1707 4126 delicta
1743 4073 1862 4126 sine
1891 4073 2176 4126 examina-

597 4160 742 4213 tione
805 4161 890 4214 vel
933 4161 1278 4215 discussione
1351 4163 1708 4231 relinquenda
1748 4164 1897 4219 sint:
1932 4166 2176 4218 omnium

590 4248 861 4316 siquidem
907 4261 1103 4303 cuncta
1163 4251 1398 4320 inquiret
1447 4262 1503 4305 et
1542 4268 1730 4322 opera,
1778 4262 1834 4308 et
1864 4256 2056 4314 verba.
2121 4264 2178 4309 et

592 4341 971 4408 cogitationes,
1043 4350 1103 4396 ut
1163 4343 1395 4412 ipsemet
1433 4344 1750 4413 frequenter
1807 4347 2173 4401 suadoctrina

593 4434 985 4498 inanil'estavit,
1029 4443 1083 4488 et
1122 4451 1152 4488 a
1196 4435 1379 4488 multis
1431 4436 1630 4490 divina:
1687 4438 1985 4508 Scriptum
2044 4439 2176 4492 locis

2259 594 2491 648 στιανῶν
2537 594 2594 646 δὲ
2628 591 2806 663 μόνων
2855 593 2883 646 6
2920 591 3078 660 λόγος
3130 590 3390 657 ἐνταῦθα,
3431 591 3510 654 ὡς
3543 598 3842 662 κατωτέρω

2256 685 2655 756 δηλωθήσεται.

2327 775 2435 828 Καὶ
2459 806 2526 816 --
2551 776 2893 844 εὐωνύμων.
2932 775 3231 845 Προὸάτοις
3264 775 3362 842 μὲν
3396 777 3445 828 οἱ
3471 777 3666 829 δίκαιοι
3695 793 3846 844 παρ·

2259 867 2566 929 εικάζονται
2615 866 2702 919 διά
2754 867 2816 919 τὸ
2881 867 3056 936 πρᾶον
3084 869 3179 919 καὶ
3207 865 3477 920 εὔτακτον
3507 869 3600 920 καὶ
3627 886 3844 937 καρποο

2259 958 2425 1025 φόρον
2463 958 2521 1010 ἐν
2567 958 2810 1027 ἀρεταῖς,
2845 957 2920 1016 ὡς
2963 959 3149 1010 ικεϊνα
3191 960 3249 1009 έν
3277 958 3513 1025 γάλακτι
3550 960 3644 1011 καὶ
3681 960 3842 1027 ἐρίῳ·

2259 1049 2468 1118 ἐρίφοις
2494 1049 2551 1102 δὲ
2585 1049 2632 1101 οι
2666 1049 2981 1119 ἁμαρτωλοὶ
3011 1049 3097 1103 διὰ
3128 1049 3188 1102 τὸ
3216 1050 3408 1118 ἄγριον
3461 1051 3556 1102 καὶ
3607 1050 3848 1102 ἄτακτον

2259 1141 2354 1192 καὶ
2389 1141 2660 1211 ἄκαρπον.
2705 1141 2892 1201 Elim:
2933 1141 2979 1193 δ’
3010 1141 3096 1205 ἀν,
3131 1141 3226 1193 καὶ
3249 1141 3336 1194 διὰ
3375 1141 3437 1192 τὸ
3479 1141 3711 1194 δυσῶδες
3737 1141 3850 1208 τῆς

2261 1232 2561 1302 ἁμαρτίας,
2595 1234 2687 1285 καὶ
2715 1232 2804 1285 διὰ
2849 1234 2910 1284 τὸ
2940 1233 3014 1303 μὴ
3058 1232 3404 1302 εὐθυπορεῐν,
3449 1232 3588 1286 ἀλλά
3638 1249 3851 1300 παρεγ-

2260 1322 2486 1387 κλίνειν,
2532 1323 2625 1374 καὶ
2652 1322 2739 1373 διά
2769 1321 2830 1373 τὸ
2856 1322 3281 1393 κρημνοὸατεῖν.
3339 1321 3484 1373 Ἀλλ’
3530 1323 3712 1374 ἐκεῖνα
3743 1324 3851 1391 μὲν

2259 1414 2324 1466 ὲκ
2367 1412 2580 1481 φύσεως
2623 1412 2860 1482 ἔχουσιν,
2896 1412 2932 1466 ἀ
2960 1413 3191 1481 ἔχουσιν·
3235 1411 3285 1464 oi
3329 1411 3384 1463 δὲ
3426 1412 3627 1464 δίκαιοι
3668 1413 3757 1468 καὶ
3795 1413 3851 1463 οἱ

2261 1503 2577 1572 ἁμαρτωλοὶ
2606 1504 2670 1554 έκ
2716 1503 3112 1572 προαιρέσεως.
3135 1501 3224 1554 Διδ
3245 1503 3338 1554 καὶ
3355 1502 3402 1554 οἱ
3433 1502 3532 1570 μὲν
3557 1503 3854 1571 τιμῶνται,

2260 1596 2309 1648 οἱ
2337 1595 2393 1648 δὲ
2432 1594 2825 1666 τιμωροῦνται.
2875 1597 3088 1665 Διαιρεί
3135 1595 3191 1647 δὲ
3237 1595 3457 1659 αὐτοὺς,
3501 1595 3563 1646 οὐ
3597 1594 3854 1664 δεόμενος

2265 1687 2585 1758 μαρτύρων,
2622 1687 2735 1740 ἀλλ’
2767 1687 2928 1750 αὐτὸς
2970 1689 3063 1741 καὶ
3106 1688 3316 1758 μάρτυς
3358 1687 3436 1740 ὢν
3486 1691 3584 1742 καὶ
3631 1691 3856 1760 κριτής.

2341 1954 2546 2006 Τότε-
2573 1953 2826 2022 κόσμου.
2854 1953 2919 2004 Ὦ
2947 1952 3129 2020 φωνῆς
3155 1951 3446 2013 εὐκταῑαςῐ
3480 1951 3524 2002 ὣ
3558 1951 3729 2020 τιμῆς
3753 1952 3859 2020 ap-

2265 2047 2465 2116 ρήτουι
2521 2049 2587 2098 οι
2625 2045 3042 2113 εὐλογημένοι,
3097 2044 3252 2114 φησὶ,
3305 2043 3412 2096 τοῦ
3455 2044 3684 2110 Πατρός
3713 2061 3858 2112 μου,

2263 2137 2312 2188 οἱ
2340 2136 2640 2195 ὲπαινετοὶ,
2664 2135 2712 2186 ol
2739 2133 3010 2186 ἐκλεκτοί.
3040 2135 3153 2186 Οὐκ
3176 2129 3295 2185 εἶπε
3323 2133 3401 2199 δὲ,
3429 2133 3662 2193 Λάϐετε,
3696 2133 3857 2194 ἀλλὰ,

2263 2225 2794 2295 κληρονομήσατε,
2833 2225 2908 2288 ὡς
2943 2225 3228 2298 πατρῴαν,
3259 2226 3333 2289 ὼς
3365 2228 3752 2297 ὀφειλομένην,
3783 2227 3863 2290 ὡς

2263 2321 2684 2388 έτοιμασθεῖσαν
2741 2320 2872 2390 ὑμῖν
2921 2320 3030 2373 ἀπὸ
3077 2321 3395 2383 συστάσεως
3449 2321 3683 2390 κόσμου.
3745 2321 3865 2390 Πρὸ

2265 2409 2359 2463 τοῦ
2395 2409 2650 2476 γενέσθαι
2687 2411 2796 2480 γάρ
2839 2411 2965 2474 τοὺς
3005 2410 3328 2475 ἀνθρώπους
3361 2410 3708 2480 ηὑτρεπίσθη
3748 2414 3864 2473 τοῖς

2264 2502 2518 2564 δικαξοις,
2563 2500 2927 2570 γινώσκοντος
2957 2503 3052 2554 τοῦ
3081 2501 3219 2554 Θεοῦ
3251 2502 3311 2554 τὸ
3345 2503 3563 2571 μέλλον.
3607 2499 3739 2554 Εἶτα
3771 2503 3866 2556 λέ-

2265 2611 2352 2662 γει
2383 2595 2479 2646 καὶ
2509 2595 2606 2663 τὴν
2632 2594 2810 2646 αἰτίαν
2839 2593 2940 2662 τῆς
2967 2595 3240 2665 τοσαύτης
3266 2595 3453 2665 τιμῆς.

2352 2689 2682 2742 Ἐπείνασα
2711 2717 2783 2728 —-
2837 2689 2991 2754 πρός
3038 2704 3136 2757 με.
3177 2687 3457 2740 Ἐντεῦθεν
3509 2689 3741 2758 φανερὶν
3783 2691 3873 2742 ὅτι

2271 2783 2409 2852 πρὸς
2436 2784 2562 2844 τοὺς
2591 2782 2954 2849 Χριστιανοὺς
2987 2782 3183 2850 μόνους
3221 2781 3554 2848 διαλέγεται,
3599 2784 3736 2851 πρὸς
3769 2781 3872 2845 οὓς

2264 2870 2446 2924 αἰτοῦ
2490 2869 2824 2938 Εὑαγγελεου
2879 2870 3044 2922 αὑτοῦ
3095 2870 3389 2937 γεγόνασιν
3448 2870 3684 2926 ἑντολαί.
3718 2872 3875 2941 [Ιρδς

2266 2967 2376 3035 γάρ
2416 2966 2542 3027 τοὺς
2592 2965 2858 3026 ἀπίστους
2909 2962 3087 3026 οὐδεὶς
3122 2961 3270 3032 αὐτῷ
3317 2963 3622 3032 τηνικαῦτα
3676 2963 3875 3031 λόγος·

2267 3059 2513 3119 ᾶπαντες
2593 3057 2702 3126 γὰρ
2759 3056 2951 3119 κοινῶς
2988 3056 3444 3126 αὑτοκατάκριτοι
3494 3056 3738 3110 ἔσονται.
3769 3056 3879 3109 Διὰ

2267 3147 2426 3202 τοῦτο
2450 3147 2579 3223 γὰρ,
2609 3151 2794 3221 φησιν,
2840 3148 2962 3204 Οὐκ
3017 3148 3471 3218 ἀναστήσονται
3527 3147 3772 3217 ἀσεϐεῖς
3797 3149 3881 3204 ἐν

2270 3254 2488 3312 κρίσει,
2507 3245 2782 3297 τουτέστιν
2821 3242 2921 3296 οὐκ
2952 3245 3348 3314 ἀναστήσονται
3373 3245 3464 3295 ἐπὶ
3486 3243 3562 3312 τῷ
3583 3243 3878 3314 κριθῆναι,

2271 3338 2387 3390 ἀλλ’
2419 3339 2512 3391 ἐπὶ
2539 3338 2616 3408 τῷ
2643 3337 3046 3407 τιμωρηθῆναι.
3081 3332 3190 3390 Καὶ
3225 3338 3333 3407 γὰρ
3361 3339 3457 3390 καὶ
3483 3337 3750 3404 ἀνωτέρω
3783 3336 3842 3388 δε
3863 3365 3879 3377 ο

2271 3432 2511 3498 δήλωκεν
2527 3431 2632 3492 ὅτι,
2657 3430 2745 3481 ὅτε
2773 3431 3078 3498 φανήσεται
3104 3429 3164 3481 τὸ
3199 3431 3425 3498 σημεῖον
3464 3430 3558 3481 τοῦ
3597 3429 3731 3481 Υἱοῦ
3767 3429 3872 3481 τοῦ

2273 3519 2563 3591 ἀνθρώπου
2598 3521 2654 3572 έν
2677 3520 2754 3588 τῷ
2798 3519 3036 3591 οὐρανῷ,
3065 3519 3200 3572 τότε
3245 3520 3540 3586 κόψονται
3589 3516 3783 3572 πᾶσαι
3813 3521 3887 3571 αἱ

2275 3610 2464 3679 φυλαὶ
2518 3609 2627 3676 τῆς
2680 3609 2817 3678 τῆς,
2878 3609 3042 3678 μόνον
3087 3609 3152 3661 τὸ
3211 3607 3449 3669 συνειδὸς
3505 3609 3887 3673 καταδικάςον

2277 3705 2510 3774 ἔχοντες.
2539 3702 2653 3753 Νῦν
2686 3701 2742 3755 δὲ
2776 3703 2911 3772 πρὸς
2933 3702 3060 3764 τοὺς
3094 3701 3486 3771 Χριστιανοὺς,
3528 3701 3603 3763 ὡς
3635 3701 3882 3770 ἔφημεν,

2276 3798 2304 3848 ὁ
2335 3795 2514 3861 λόγος.
2563 3794 2707 3864 ὐρα
2746 3793 2801 3845 δὲ
2827 3792 2943 3854 πῶς
2979 3792 3108 3864 περὶ
3130 3792 3297 3862 μόνης
3318 3791 3420 3860 τῆς
3458 3791 3884 3862 φιλανθρωπίας

2276 3886 2606 3952 διαλέγεται,
2641 3885 2738 3936 καὶ
2769 3884 2878 3936 ἀπὸ
2913 3883 3080 3952 μόνης
3111 3883 3317 3954 ταύτης
3352 3885 3480 3945 τοὺς
3504 3883 3603 3950 μὲν
3622 3882 3882 3946 δικαίους

2279 3975 2421 4039 ἀξιοί
2451 3975 2637 4046 τιμῆς,
2671 3974 2796 4036 τοὺς
2820 3973 2878 4026 δὲ
2905 3973 3267 4042 ἁμαρτωλοὺς
3321 3973 3592 4042 τιμωρίας
3620 3988 3634 4002 ·
3673 3975 3774 4042 οὐχ
3800 3975 3882 4036 ὡς

2277 4068 2346 4119 τά
2375 4067 2538 4120 λοιπά
2568 4067 2678 4120 τῶν
2696 4061 2935 4122 ’δικαίων
2973 4066 3073 4135 μὲν
3113 4064 3538 4136 κατορθώματα,
3563 4065 3671 4118 τῶν
3696 4067 3888 4136 ἀμαρ-

2277 4159 2464 4210 τωλῶν
2513 4158 2570 4211 δὲ
2624 4157 3111 4228 πλημμελήματα,
3162 4157 3284 4227 δίχα
3330 4157 3494 4224 λόγου
3550 4157 3886 4218 καταλιπεῖν

2282 4249 2489 4318 μέλλων
2513 4264 2526 4279 ·
2571 4249 2792 4300 πάντων
2815 4249 2923 4318 γάρ
2969 4248 3215 4313 ἐξετάσει
3247 4247 3448 4314 πάντα,
3478 4250 3570 4300 καὶ
3601 4247 3701 4310 τὰς
3733 4249 3885 4318 πρά-

2282 4342 2412 4406 ξεις,
2449 4339 2691 4403 καὶτοὺς
2721 4341 2933 4407 λόγους,
2959 4341 3052 4392 καὶ
3081 4339 3180 4402 τὰς
3221 4339 3572 4410 ἐνθυμήσεις,
3595 4340 3671 4403 ὡς
3709 4342 3884 4403 αὑτός

2279 4451 2337 4485 τε
2369 4432 2635 4502 πολλαχοῦ
2683 4434 2783 4502 τῆς
2836 4430 3030 4485 ἑαυτοῦ
3083 4430 3436 4494 διδασκαλίας
3499 4433 3751 4500 ἐνέφηνε,
3780 4435 3887 4485 καὶ

594 4524 877 4589 discimus,
908 4534 963 4578 et
1004 4525 1161 4578 bonis
1187 4526 1408 4593 quidem
1436 4528 1696 4595 operibus
1724 4529 1943 4596 prremia
1977 4544 2170 4597 repen-

2283 4524 2611 4594 πολλαχόθεν
2637 4526 2733 4593 τῆς
2781 4523 2934 4586 θείας
2966 4524 3191 4594 Γραφῆς
3221 4524 3573 4593 μανθάνομεν
3595 4539 3609 4553 ο
3637 4525 3734 4576 καὶ
3763 4526 3887 4576 τῶν

595 4617 710 4676 det,
761 4617 972 4675 delictis
1000 4624 1181 4671 autem
1213 4633 1425 4686 pinnas.
1482 4618 1589 4672 Sed
1619 4634 1766 4672 nunc
1793 4619 1860 4673 de
1898 4620 2010 4673 sola
2050 4623 2177 4686 liae,

596 4714 655 4758 ut
680 4707 888 4760 dictum
925 4723 1030 4772 ρει,
1064 4709 1268 4761 virtute
1302 4708 1544 4771 disserit,
1590 4710 1920 4762 confirmare
1968 4710 2178 4774 volens,

595 4800 742 4867 ψιοό
783 4800 922 4854 hanc
970 4803 1206 4853 maxime
1244 4801 1496 4868 requirit,
1523 4808 1578 4853 et
1615 4801 1754 4854 hanc
1790 4817 1900 4870 pne
1929 4802 2185 4855 omnibus

599 4893 826 4959 expetit,
885 4899 1070 4960 utpote
1126 4891 1458 4945 Christianis
1507 4892 1742 4945 maxime
1797 4894 2182 4947 necessztriam.

598 4985 874 5053 Cujusque
906 4985 1051 5037 enim
1089 4983 1389 5038 Christiani
1418 4986 1633 5055 insigne
1662 5001 1770 5055 quo
1807 4988 2051 5058 dignosci
2088 5003 2188 5057 po-

604 5083 734 5139 test,
783 5084 867 5128 est
896 5075 1136 5128 dilectio.
1184 5075 1247 5129 In
1270 5077 1386 5140 lioc,
1425 5077 1619 5145 inquit,
1671 5089 1974 5148 coynosrent
2015 5095 2190 5133 omnes

602 5167 743 5233 quod
777 5168 874 5218 mei
911 5168 1161 5234 discipuli
1219 5167 1359 5230 sitis,
1422 5169 1466 5221 si
1524 5168 1856 5224 dilectionem
1903 5171 2192 5224 habueritis

603 5255 740 5307 inter
763 5269 848 5305 vos
880 5261 1117 5305 mutuam
1154 5255 1222 5306 ⁸ο.
1262 5253 1434 5322 Hujus
1467 5265 1651 5308 autem
1700 5257 1906 5325 optima
1955 5273 2083 5326 pars
2108 5267 2193 5311 est

609 5360 910 5412 pauperum
947 5358 1125 5406 amor,
1166 5354 1214 5398 et
1250 5360 1376 5416 erga
1439 5347 1746 5414 proximum
1819 5348 2191 5402 misericordia

606 5452 671 5491 ac
701 5436 1028 5505 compassio,
1067 5439 1220 5504 juxta
1264 5437 1590 5508 Gregorium
1622 5439 1980 5506 'l'heolognm.
2034 5439 2192 5494 Nulla

685 5574 727 5605 ⁷⁸
748 5573 888 5628 Psal.
921 5595 955 5639 i,
991 5576 1045 5629 5.
1125 5578 1167 5608 "
1207 5577 1392 5631 Matth.
1425 5595 1568 5642 xxiv,
1596 5581 1684 5635 50.
1763 5582 1808 5613 ⁸⁰
1840 5580 2000 5634 Joan.
2024 5596 2142 5646 χιιι,
2168 5581 2255 5635 55.

2286 4621 2382 4689 μὲν
2413 4617 2858 4688 κατορθωμάτων
2890 4618 3058 4688 τιμὰς
3086 4616 3380 4680 ἀποδώσει,
3451 4619 3558 4669 τῶν
3598 4618 3651 4670 δὲ
3688 4617 3886 4687 πλημ-

2288 4709 2615 4779 μελημάτων
2644 4710 2948 4778 τιμωρίας’
2979 4708 3117 4761 ἀλλά
3148 4707 3244 4760 νῦν
3272 4710 3403 4779 περὶ⁵
3443 4709 3610 4776 μόνης
3643 4708 3883 4774 ταύτης,

2286 4801 2360 4862 ὡς
2392 4800 2628 4870 εἴρηται,
2676 4799 3010 4868 διαλέγεται,
3059 4799 3355 4869 βεὸαιῶσαι
3411 4799 3734 4870 βουλόμενος
3791 4802 3885 4854 ὅτι

2288 4891 2493 4962 ταύτην
2549 4892 2783 4960 μάλιστα
2854 4891 3030 4961 ζητεῖ,
3076 4893 3173 4943 καὶ
3233 4891 3441 4960 ταύτην
3481 4893 3703 4943 ἁπαιτεῖ
3768 4895 3888 4964 ττρὸ

2289 4984 2529 5050 πάντων,
2547 4983 2622 5046 ὡς
2644 4983 3087 5052 ἀναγκαιοτάτην
3122 4984 3491 5052 Χριστιανοῖς.
3514 4985 3848 5052 Χαρακτηρι
3867 5016 3885 5025 -

2290 5073 2472 5126 στικὸν
2533 5073 2632 5141 μὲν
2693 5075 2801 5142 γὰρ
2835 5072 3163 5142 Χριστιανοῦ
3218 5073 3419 5135 παντὲς
3453 5075 3484 5142 ὴ
3522 5075 3736 5142 ἀγάπηο
3773 5076 3886 5126 Ἐν

2289 5167 2478 5229 τούτῳ
2533 5165 2663 5234 γάρ,
2734 5165 2892 5234 φησὶ,
2931 5165 3268 5232 γνώσονται
3319 5164 3546 5230 πάντες
3597 5165 3687 5217 ὅτι
3745 5164 3886 5233 ἐμοὶ

2283 5258 2546 5326 μαθηταί
2572 5258 2736 5320 ἐστε,
2765 5257 2876 5310 ἐὰν
2913 5258 3160 5332 ἀχιὰιπῃν
3191 5258 3367 5326 ἔχητε
3419 5258 3530 5328 (69)
3580 5260 3650 5311 ἐν
3679 5259 3886 5324 ἀλλή-

2291 5355 2456 5415 .1οις’
2481 5350 2684 5419 ταύτης
2717 5350 2861 5403 δὲτὸ
2909 5351 3202 5422 κράτιστον
3247 5353 3278 5422 ή
3341 5349 3686 5420 φιλοπτωχέα
3723 5353 3818 5404 καὶ
3850 5354 3888 5421 ὴ

2295 5459 2359 5495 πε
2372 5444 2424 5512 ρ).
2453 5442 2512 5494 τὸ
2561 5441 2823 5509 συγγενὲς
2853 5425 3231 5512 εῦσττλαγχνῖα
3263 5443 3353 5495 καὶ
3386 5443 3706 5512 συμπάθεια
3736 5449 3890 5498 κατὰ

1810 5738 2014 5801 Variae
2057 5738 2363 5801 lectiones
2397 5747 2455 5801 ct
2497 5746 2685 5801 notm.

689 5812 795 5877 (εἶθ)
826 5813 1015 5878 Ἔχετε
1050 5817 1110 5866 Α.
