4080 6416
237 385 341 446 6.“

1103 387 1502 448 COMMENT.
1547 388 2092 450 IN‘MATTIEUM.
2135 412 2193 419 ’·-
2239 389 2400 451 CAP.
2445 391 2656 453 XXVI.

3441 392 3556 454 (42

241 497 340 545 τῦν
404 491 673 560 Θεολόγον
724 493 1047 566 Γρηγόριον.
1104 496 1298 549 Οὑδενὶ
1359 502 1489 568 γὰρ,
1541 499 1700 566 φησι,
1745 498 1855 552 τῶν

1960 498 2106 554 enim
2143 499 2246 552 alia
2284 516 2367 562 re,
2411 501 2608 571 inquit,
2645 501 2792 555 inter
2823 515 3019 556 omnes
3056 500 3131 556 ita
3162 500 3360 555 colitur
3384 501 3554 565 Deus.

243 585 494 642 πάντων,
524 585 600 645 ὡς
629 583 765 652 ἐλέῳ
798 584 932 645 Θεὸς
979 585 1367 654 θεραπεύεται,
1396 587 1518 640 οὐδὲ
1569 587 1714 656 ἄλλῳ
1748 583 1855 640 τίνὶ

245 677 456 743 μᾶλλον
486 675 518 741 ἢ
550 676 951 753 ¹φιλανθρωπίᾳ
982 678 1041 729 τὸ
1073 679 1462 750 φιλάνθρωπον
1497 679 1850 737 ἀντιδίδοται.

240 769 453 820 Λοιπὸν
483 768 903 839 οῦνιὲξαιρὲτως
935 769 1296 840 διαλαμδὰνει
1320 761 1458 840 ’περὶ
1489 773 1581 826 τοῦ
1637 771 1855 839 ἐξαιρέ-

241 876 340 911 του
385 862 738 930 Χριστιανοῖς
769 861 1224 928 κατορθώματος,
1252 864 1513 932 ἐκφοϐῶν
1560 864 1705 917 οὕτω
1759 864 1854 917 καὶ

244 953 574 1020 συμπείθων
609 954 779 1022 ἡμᾶς,
839 955 1163 1024 ἀνθρώπους
1199 956 1404 1022 ,δντας,
1433 955 1852 1025 φιλανθρώπους

245 1046 527 1111 γίνεσθαι,
547 1045 860 1116 χρῄζοντας
889 1048 988 1116 τῆς
1026 1049 1156 1118 παρ’
1193 1049 1360 1101 αὑτοῦ
1391 1050 1512 1102 τότε
1541 1048 1851 1118 φιλανθρω-

246 1135 405 1198 πίας.
464 1137 813 1199 Δικαιότατος
842 1139 896 1190 δὲ
933 1140 1125 1208 μισθὸς
1171 1143 1285 1202 τοίς
1343 1141 1440 1209 μὲν
1488 1141 1852 1210 ἁνελεήμοσῖν

244 1226 664 1297 ἀνελεημοτύνη
697 1268 712 1291 ,
747 1233 858 1291 τοῖς
890 1230 945 1282 δὲ
993 1231 1287 1301 ἐλεήμοσιν
1337 1231 1701 1301 ἐλεημοσύνη.
1743 1231 1852 1283 Καὶ

241 1318 358 1387 γὰρ
394 1319 564 1370 ἐλεῶν
624 1320 963 1372 ἁντιδίδωσιν
1003 1323 1217 1392 μικρῶν
1263 1322 1714 1391 κατορθωμάτων
1755 1339 1853 1386 με·-

238 1411 420 1476 γάλας
454 1412 709 1481 ἀμοιϐάς.
741 1413 806 1465 Τί
845 1415 953 1484 γὰρ
986 1415 1084 1484 τῆς
1119 1413 1398 1484 βασιλείας
1434 1417 1650 1484 ἐκείνης
1683 1416 1852 1467 ἀντα-

241 1503 390 1566 ξιον;
423 1502 594 1570 Δῆλον
652 1503 708 1554 δὲ
761 1504 844 1555 ὃτι
878 1505 940 1556 ὲκ
968 1503 1076 1556 τῶν
1122 1505 1443 1574 δυναμένων
1487 1506 1715 1557 ἀπαιτεῖ
1752 1507 1850 1575 τὴν

242 1595 704 1664 φιλανθρωπίανο
755 1600 869 1658 τοῖς
921 1597 1032 1668 γὰρ
1099 1597 1175 1668 μὴ
1228 1597 1552 1666 δυναμένοις
1602 1599 1766 1666 ἀρκεῖ
1794 1599 1852 1650 τὸ

242 1685 558 1755 βούλεσθαι.
613 1688 859 1758 Διάφορα
891 1689 946 1741 δὲ
981 1691 1126 1759 μέρη
1191 1689 1485 1755 καταλέγει
1521 1687 1619 1756 τῆς
1655 1689 1848 1756 φιλαν-

241 1779 520 1849 θρωπίας,
543 1780 718 1841 ἴνα,ει
749 1763 1125 1849 μένῖυνατδν,
1156 1782 1339 1834 πάντα
1366 1781 1810 1851 κατορθώσωμεν
1829 1797 1845 1813 ο

243 1877 292 1928 εἰ
325 1875 381 1928 δὲ
417 1878 516 1947 μὴ,
541 1877 640 1929 κᾶν
677 1894 740 1944 γε
774 1878 841 1928 τὰ
880 1877 1105 1930 δυνατά.

322 1969 462 2019 Τότε
495 1998 564 2008 -
601 1967 946 2034 ἐποιήσατε.
1000 1969 1238 2039 Βασιλέα
1318 1967 1512 2021 ἑαυτὸν
1561 1966 1844 2032 ἐκάλεσεν,

238 2055 318 2118 ὡς
355 2057 578 2109 πάντων
606 2059 792 2110 λοιπὸν
817 2059 1306 2127 ὑποτεταγμένων.
1340 2058 1570 2124 Ἑφόσον
1611 2057 1688 2122 δὲ,
1723 2057 1847 2110 ἀντὶ

238 2143 362 2207 τοῦ,
387 2147 655 2202 Καθόσον.
692 2147 984 2217 Ἀδελφοὺς
1015 2150 1071 2202 δὲ
1117 2154 1244 2211 τοὺς
1287 2148 1524 2217 πένητας
1554 2148 1669 2216 (70)
1704 2147 1846 2202 ὡνόο

241 2253 446 2306 ματεν,
471 2239 546 2300 ὡς
577 2240 774 2308 ὁμοίαν
799 2242 986 2304 αὐτοῖς
1040 2240 1332 2294 ἀναλαὸὼν
1372 2241 1537 2309 φύσιν
1577 2241 1682 2295 καὶ
1721 2241 1849 2292 ἐλα-

239 2329 611 2400 χιστότητα,ἢ
638 2335 731 2383 καὶ
754 2332 826 2395 ώς
847 2327 1138 2396 κᾶινωνοὺς
1167 2335 1268 2403 τῆς
1287 2332 1454 2385 αὐτοῦ
1481 2332 1674 2395 πενίας
1700 2332 1844 2403 (71).

325 2421 462 2472 Τότε
493 2449 564 2459 —
593 2420 805 2476 αὑτοῦ.
852 2421 1096 2494 Ὀρᾷς,ή
1131 2423 1386 2492 βασιλεία
1444 2424 1542 2493 μὲν
1585 2427 1698 2488 τοῖς
1749 2425 1847 2477 ἀν-

241 2511 490 2582 θρώποις
546 2514 897 2586 ὴτοιμάσθη,
951 2517 1012 2567 τὸ
1045 2516 1157 2586 πῦρ
1211 2517 1267 2568 δὲ
1326 2519 1438 2579 τοῖς
1472 2516 1746 2586 δαίμοσιν.
1784 2518 1848 2570 Ol

241 2609 640 2680 ἀφρονέστεροι
690 2609 746 2663 δὲ
795 2611 904 2662 τῶν
959 2609 1268 2681 ἀνθρώπων
1301 2610 1368 2663 τὰ
1418 2610 1518 2680 τῆς
1566 2609 1850 2680 βασιλείας

241 2699 375 2766 ἄξια
409 2702 822 2767 καταλιπόντες,
853 2704 922 2756 τὰ
955 2704 1050 2756 τοῦ
1078 2703 1250 2774 πυρὸς
1275 2703 1401 2768 ἄξια
1423 2703 1802 2774 προετίμησχν
1827 2720 1843 2735 ο

241 2794 331 2845 διὸ
382 2795 480 2848 καὶ
537 2796 755 2866 ἐκείνης
807 2797 1162 2864 ἐκπεσόντες,
1197 2796 1357 2849 τοῦτο
1417 2795 1848 2866 κατεκρίθησαν.

245 2885 382 2940 Εἶτα
415 2890 508 2940 και
547 2891 579 2959 ἡ
611 2891 764 2942 αἰτία
800 2889 963 2941 πάλιν
991 2889 1088 2959 τῆς
1125 2888 1420 2960 τιμωρίας.

351 3171 669 3225 East-rutra
697 3202 763 3212 -—
775 3187 872 3240 με.
899 3171 1014 3225 Οὐκ
1053 3166 1230 3238 εἶπεν,
1249 3170 1330 3224 ὅτι
1354 3169 1468 3224 Οῦκ
1498 3169 1845 3240 ἀπηλλάξατέ
1879 3188 1922 3247 c

247 3278 321 3334 με
347 3264 444 3333 τῆς
478 3261 666 3323 πενίας
696 3264 791 3315 καὶ
821 3263 919 3331 τῆς
949 3261 1238 3325 ἀσθενείας
1280 3264 1375 3317 καὶ
1412 3263 1512 3330 τῆς
1569 3261 1845 3331 φυλακῆς,

243 3353 366 3406 ἀλλ’
393 3355 477 3406 ὅτι
524 3356 604 3406 Τὰ
638 3356 916 3421 ἀναγκαῖα
962 3354 1063 3406 οὐκ
1097 3354 1455 3418 ἐνεδείξασθε,
1479 3354 1560 3406 ὄτι
1592 3353 1661 3406 τὰ
1689 3353 1849 3424 ῥᾴδια

243 3447 351 3498 οὐκ
384 3447 680 3516 ἐπράξατε.
736 3441 958 3517 Πρῶτον
1015 3445 1072 3498 δὲ
1101 3446 1229 3508 τοὺς
1287 3446 1594 3515 ἐλεήμονας
1631 3447 1845 3516 ἀνακη-

247 3539 459 3608 ρύττει,
480 3541 744 3592 δεικνύων
776 3539 835 3591 τὸ
867 3538 963 3591 τοῦ
997 3537 1427 3610 κατορθώματος
1469 3538 1720 3608 εὐχερὲς,
1760 3538 1848 3591 ἴνα

243 3632 346 3686 ἀπ’
378 3633 608 3685 ἐκείνων
632 3633 862 3692 τούτους
888 3631 1260 3705 καταδικάσῃ.

325 3727 464 3780 Τότε
489 3756 559 3766 -
585 3725 932 3791 ἐποιήσατε.
965 3725 1208 3787 Εἰκότως
1251 3726 1279 3777 6
1309 3723 1407 3793 μὲν
1439 3724 1689 3795 ἐλεήμων
1713 3724 1844 3795 κληι

247 3822 476 3889 ρονομεῖ
507 3820 604 3887 τὴν
638 3818 943 3887 βασιλείαν,
972 3818 1054 3870 ὅτι
1080 3818 1180 3888 τὴν
1212 3819 1433 3886 ἀγάπην
1483 3817 1845 3888 κατώρθωσε,

239 3912 360 3964 τῶν
417 3912 628 3982 ἀρετῶν
681 3909 740 3962 τὸ
795 3909 1125 3977 κεφάλαιον
1182 3908 1386 3979 ταύτης
1420 3909 1530 3978 γὰρ
1594 3908 1761 3980 μέρος
1813 3910 1848 3979 ὴ

241 4007 593 4078 ἐλεημοσύνη
620 4023 632 4035 ·
671 4009 696 4058 6
727 4006 769 4057 δ’
806 4007 1125 4076 ἀνελεήμων
1156 4008 1236 4068 είς
1260 4006 1318 4059 τὸ
1356 4006 1464 4076 πῦρ
1519 4007 1848 4076 ἀποπέμπε-

243 4116 342 4151 ται
381 4115 397 4130 ·
427 4098 562 4149 διότι
611 4097 673 4148 τὸ
709 4095 953 4149 ἐναντίον
1006 4099 1073 4166 τῇ
1130 4095 1319 4167 ἀγάπῃ
1356 4099 1515 4163 μῖσος
1556 4097 1848 4166 ἐκτήσατο,

241 4193 359 4244 τῶν
391 4190 602 4244 κακιῶν
635 4190 696 4241 τὸ
733 4189 1032 4257 κεφάλαιον
1056 4204 1070 4217 ·
1107 4189 1298 4241 τούτου
1328 4190 1437 4259 γὰρ
1457 4189 1656 4258 ὁμοίως
1683 4189 1850 4259 μέρος

243 4287 280 4355 ἠ
322 4283 754 4353 ἁνελεημοσύνη.
778 4283 883 4334 Καὶ
918 4285 945 4334 6
975 4281 1076 4352 μὲν
1105 4283 1194 4334 τὸν
1221 4282 1492 4352 ἐλεήμονα
1526 4283 1621 4334 καὶ
1650 4280 1846 4350 φιλάν-

243 4378 472 4446 θρωπον
531 4375 666 4427 Θεὸν
729 4376 1083 4443 ἐμιμήσατο,
1147 4374 1175 4425 6
1229 4373 1284 4426 δὲ
1343 4373 1687 4443 ἀνελεήμονα
1754 4372 1850 4424 καὶ

247 4468 645 4540 μισάνθρωπον
673 4466 946 4519 διαόολον.

323 4560 439 4614 Kal
461 4591 524 4600 —
551 4557 818 4612 αἰώνιον.
853 4558 993 4610 Οὐαὶ⁸
1014 4558 1153 4610 πᾶσι
1183 4556 1285 4624 μὲν
1315 4559 1427 4620 τοῖς
1459 4556 1845 4627 ἁμαρτωλοῖς,

249 4655 498 4726 μάλιστα
525 4652 580 4705 δὲ
612 4655 726 4714 τοῖς
757 4650 1112 4722 ἁνελεήμοσι.

322 4746 432 4801 Kal
450 4745 689 4815 ἐγένετο
714 4777 780 4786 -
798 4743 1245 4813 σταυρωθῆναι.
1262 4741 1370 4796 Τοῦ
1402 4741 1629 4812 νομικοῦ
1654 4743 1847 4812 Πασχα

247 4839 663 4910 συμπίπτοντος
727 4838 869 4890 κατὰ
918 4839 1017 4907 τὴν
1066 4833 1678 4905 τεσσαρεσκαιδεκάτην
1751 4835 1846 4888 τοῦ

249 4934 446 5005 μηνὸς,
475 4931 549 4994 ώς
583 4932 610 4984 ὁ
644 4934 773 5000 περὶ
800 4929 991 4982 τούτου
1029 4929 1192 4997 νόμος
1227 4929 1524 4999 ἐπέτρεπε,
1578 4926 1849 4998 πρόδηλον

245 5028 332 5079 ὅτι
369 5023 512 5077 κατὰ
546 5022 646 5092 τὴν
679 5022 990 5090 δωδεκάτην
1017 5021 1176 5074 τοῦτο
1229 5019 1364 5088 πρὸς
1417 5019 1545 5081 τοὺς
1596 5018 1849 5089 μαθητὰς

247 5122 468 5189 εἴρηκε.
503 5117 664 5170 Κατὰ
697 5117 906 5186 ταύτην
941 5116 1040 5186 μὲν
1069 5115 1179 5183 γὰρ
1216 5117 1316 5186 τὴν
1346 5113 1660 5184 δωδεκάτην
1692 5113 1847 5184 παρὰ

245 5216 317 5284 τῇ
347 5212 498 5283 οἰκία
527 5211 774 5281 Σίμωνος
811 5207 908 5261 τοῦ
943 5207 1150 5279 λεπροῦ
1176 5207 1290 5278 (72)
1313 5205 1632 5275 δεδείπνηκε
1656 5244 1674 5273 ,
1704 5206 1847 5260 κατὰ

1960 599 2018 645 ct
2059 591 2438 648 misericordia
2479 613 2491 648 :
2527 609 2706 663 neque
2733 593 2827 648 alii
2854 593 3114 662 cuiquam
3155 594 3327 663 magis
3351 608 3552 664 repon-

1958 682 2122 736 detur
2151 684 2470 739 humanitas
2504 701 2667 754 quam
2703 684 3052 739 humanitati.
3104 682 3384 753 Prmcipue
3430 699 3560 754 ergo

1957 773 2181 828 disserit
2235 775 2304 830 de
2382 781 2660 847 pra‘cipuo
2715 777 3156 832 Christianorum
3219 791 3408 845 opere,
3455 776 3558 830 hoc

1957 866 2123 919 modo
2153 881 2255 920 nos
2293 875 2349 922 et
2399 876 2687 922 exterrens
2721 877 2780 922 ct
2814 868 3124 931 attrahens,
3162 879 3215 918 ιιι
3249 867 3339 936 qui
3379 867 3558 920 homi-

1958 973 2058 1012 nes
2107 975 2324 1024 sumus,
2377 961 2607 1016 humani
2644 961 2977 1025 ciliciamur,
3033 971 3253 1015 utentes
3307 976 3392 1019 ea.
3451 975 3556 1029 qua

1960 1048 2080 1116 ipse
2117 1056 2248 1102 tunc
2301 1058 2488 1104 utetur
2523 1051 2888 1106 humanitate.
2925 1051 3242 1106 Justissima
3269 1059 3556 1104 estautem

1959 1155 2196 1204 merces,
2232 1151 2292 1196 ut
2325 1143 2643 1198 inhumanis
2675 1145 3154 1213 inhumanitas,“
3181 1140 3557 1194 misericordi-

1955 1237 2059 1292 hus
2093 1238 2469 1292 rriscricordia
2504 1220 2860 1307 rependatur.
2890 1235 3103 1289 Etenim
3135 1235 3252 1301 ipse
3275 1233 3366 1300 qui
3395 1230 3560 1285 mise-

1958 1332 2263 1397 ricorsest,
2305 1330 2486 1400 parvis
2519 1331 2780 1401 operibus
2815 1335 3074 1400 magnum
3109 1327 3368 1381 retribuit
3401 1341 3555 1394 prac-

1956 1422 2125 1477 inium
2157 1442 2168 1476 :
2195 1422 2326 1492 quid
2359 1423 2507 1476 enim
2567 1436 2737 1491 regno
2773 1421 2850 1473 illi
2887 1419 3097 1488 aequale
3132 1431 3253 1470 esse
3305 1412 3559 1484 poterit?

1957 1515 2308 1570 Manifestum
2342 1525 2426 1572 est
2452 1525 2633 1570 autem
2680 1514 2827 1584 quod
2867 1529 2934 1567 ex
2962 1514 3046 1566 his
3089 1526 3209 1580 quae
3240 1521 3558 1572 Ὡοδειιυιυεο

1954 1606 2356 1661 humanitatem
2387 1607 2619 1676 requirit
2650 1623 2664 1659 :
2703 1604 2790 1659 his
2835 1603 2984 1658 enim
3016 1601 3107 1672 qui
3144 1616 3250 1654 non
3309 1606 3558 1666 possvnt,

1954 1696 2156 1751 suﬂicit
2181 1697 2326 1766 quod
2363 1697 2556 1749 velint.
2597 1693 2783 1748 Varias
2803 1693 2950 1747 enim
2987 1687 3349 1744 humanitatis
3378 1697 3562 1754 partes

1956 1797 2257 1844 recenset:
2296 1799 2356 1842 ut
2387 1788 2660 1858 siquidem
2718 1799 3034 1856 possumus,
3073 1796 3281 1852 .omnes
3333 1779 3563 1846 implea-

1953 1895 2075 1932 mus
2110 1897 2124 1934 :
2163 1880 2245 1934 sin
2279 1881 2482 1943 minus,
2516 1889 2570 1933 at
2622 1879 2818 1932 saltem
2844 1892 2939 1931 eas
2967 1890 3105 1944 quas
3130 1886 3452 1942 possumus.

2024 1969 2176 2024 Vers.
2213 1968 2308 2023 57.
2341 1969 2480 2022 Tunc
2507 1999 2574 2008 —
2611 1967 2764 2022 Vers.
2824 1966 2914 2020 60.
2969 1965 3180 2035 fecistis.
3227 1960 3428 2030 Regem
3464 1974 3562 2010 νου

1951 2059 2098 2112 cavit
2151 2058 2422 2128 scipsum,
2472 2067 2736 2127 tanquam
2785 2055 3050 2111 omnibus
3108 2054 3219 2122 jam
3276 2050 3563 2121 subjectis.

1949 2149 2220 2216 Quatenus
2249 2161 2453 2215 autem,
2483 2152 2537 2206 id
2563 2161 2669 2214 est,
2699 2150 2757 2204 In
2790 2158 3087 2220 quantum.
3125 2147 3346 2201 Fratres
3375 2155 3565 2197 autem

1951 2245 2172 2300 vocarit
2211 2259 2512 2315 pauperes,
2561 2255 2620 2299 ut
2650 2244 2742 2314 qui
2777 2245 3008 2299 similem
3049 2258 3173 2297 cum
3204 2241 3282 2294 eis
3312 2252 3571 2306 8118ιίρο-

1952 2335 2028 2390 rit
2068 2344 2331 2391 naturam
2393 2345 2450 2391 et
2500 2336 2865 2407 abjectionem
2899 2354 2912 2389 :
2948 2333 3036 2390 vel
3083 2333 3248 2385 etiam
3302 2341 3566 2398 tanquam

1951 2444 2048 2483 eos
2079 2430 2172 2500 qui
2209 2431 2745 2486 communicaverint
2787 2427 3093 2499 paupertati
3128 2427 3329 2496 ipsius.

2024 2520 2185 2577 νει-ε.
2227 2523 2316 2577 41.
2355 2522 2497 2577 Tunc
2529 2551 2597 2562 —
2623 2522 2757 2593 ejus.
2793 2519 2997 2577 Vides?
3043 2518 3291 2592 Regnum
3337 2521 3568 2589 quidem

1953 2615 2276 2670 horninibus
2322 2623 2572 2685 paratum
2627 2623 2733 2679 est,
2787 2611 2934 2683 ignis
3003 2627 3135 2666 vero
3196 2613 3562 2669 daemonibus.

1953 2707 2410 2778 ln‘sipientissinii
2483 2715 2666 2762 autem
2725 2705 3000 2769 homines,
3045 2704 3249 2758 relictis
3289 2704 3375 2759 his
3441 2723 3560 2776 quin

1953 2813 2124 2869 regno
2155 2797 2317 2869 digna
2357 2806 2509 2861 sunt,
2543 2795 2848 2867 praeferunt
2871 2812 2935 2850 ea
2963 2812 3084 2866 quae
3111 2797 3291 2868 ignem
3334 2813 3561 2867 prome-

1952 2903 2189 2957 tentur;
2224 2892 2348 2947 ideo
2379 2893 2544 2946 etiam
2572 2891 2642 2945 ab
2673 2890 2762 2944 illo
2783 2890 3122 2955 excidentes,
3152 2891 3219 2945 ad
3254 2891 3400 2945 hunc
3427 2906 3567 2945 con-

1954 2983 2312 3038 deninantur.
2354 2980 2564 3036 Deinde
2597 2995 2792 3035 rursus
2822 2989 2985 3034 eausa
3018 2995 3180 3035 etiam
3216 2982 3435 3036 ultionis
3465 2997 3568 3051 po-

1959 3076 2134 3130 nitur.

2031 3165 2184 3222 νοτε.
2249 3166 2335 3223 ιε.
2388 3163 3002 3222 Euripi—Versu.
3041 3181 3146 3220 me.
3204 3163 3322 3220 Non
3404 3165 3562 3232 diuit,

1953 3256 2368 3315 Nonliherastis
2393 3271 2476 3312 inc
2507 3264 2850 3328 paupertate,
2886 3255 3203 3308 inﬁrmitate
3223 3271 3286 3310 ac
3315 3271 3563 3324 carcere,

1955 3355 2073 3419 scd,
2125 3352 2257 3418 Qua:
2289 3354 2599 3406 necessaria
2629 3359 2758 3404 sunt
2785 3363 2893 3402 non
2932 3347 3267 3417 praebuistis,
3336 3365 3456 3420 qua:
3485 3352 3568 3406 fa~

1955 3449 2082 3503 cilia
2115 3455 2246 3501 sunt
2275 3461 2386 3499 non
2420 3444 2652 3499 fecistis.
2685 3444 2930 3497 Primum
2962 3452 3144 3497 autem
3171 3443 3564 3498 misericordes

1952 3541 2235 3612 praedicat,
2266 3538 2572 3594 ostendens
2617 3537 2747 3591 boni
2785 3536 2972 3607 operis
3018 3536 3362 3602 tacilitatcm,
3404 3547 3467 3592 ut
3494 3538 3564 3592 ah

1953 3634 2045 3688 illo
2068 3632 2169 3687 hos
2198 3629 2554 3686 condemnet.

2024 3725 2185 3782 Vers.
2217 3726 2308 3781 44.
2343 3723 2486 3778 Tunc
2512 3751 2580 3763 —-
2613 3719 2771 3776 Vers.
2803 3721 2894 3776 65.
2946 3721 3170 3792 (acidis.
3234 3720 3427 3776 Merito
3468 3721 3562 3790 qui

1955 3819 2272 3875 misericors
2306 3818 2436 3882 fuit,
2472 3831 2700 3887 regnum
2752 3814 3017 3884 possidet,
3055 3813 3183 3882 quia
3235 3814 3562 3868 charitatcni

1954 3928 2077 3981 qua:
2138 3911 2402 3966 virtutum
2462 3916 2625 3978 caput
2664 3915 2770 3971 est,
2837 3920 3002 3976 opere
3049 3905 3386 3974 complevit,
3442 3908 3566 3974 ejus

1956 4006 2101 4064 enim
2135 4018 2262 4073 pars
2291 4011 2378 4057 est
2432 4001 2802 4070 elcemosyna.
2864 3997 2968 4064 Qui
3003 4012 3132 4052 vero
3170 3997 3272 4050 init
3310 3998 3560 4052 immise-

1954 4097 2149 4157 ricors.
2192 4094 2247 4149 in
2301 4095 2480 4164 ignem
2533 4093 2820 4164 ahlegatur
2852 4109 2865 4144 :
2899 4089 3028 4160 quia
3075 4089 3198 4143 loco
3247 4089 3574 4144 dilectionis

1954 4191 2141 4245 odium
2175 4188 2442 4258 possidet,
2491 4185 2638 4256 quod
2688 4184 2854 4254 caput
2889 4192 2973 4238 est
3014 4184 3294 4246 vitiosum,
3339 4191 3393 4236 et
3441 4183 3572 4249 ejus

1955 4281 2234 4352 praecipua
2281 4295 2408 4348 pars
2436 4286 2522 4332 est
2550 4275 2952 4331 inhumanitas.
2980 4272 3070 4328 llle
3099 4288 3315 4344 quoque
3351 4274 3573 4327 miscri-

1957 4375 2181 4429 cordem
2214 4373 2638 4439 humanumque
2683 4369 2856 4422 Deum
2903 4367 3146 4421 imitatus
3183 4376 3297 4431 est;
3343 4367 3430 4420 hic
3467 4382 3573 4420 au-

1958 4477 2067 4522 tem
2115 4465 2612 4520 immisericordeni
2653 4461 3138 4527 inhumanumque
3191 4459 3493 4512 diabolum.

1882 4538 1927 4593 θ
2033 4555 2188 4611 Vers.
2223 4555 2317 4611 46.
2352 4552 2425 4607 Et
2454 4567 2832 4607 —a:Iernam.
2879 4548 2970 4604 Va:
3020 4549 3281 4603 omnibus
3343 4549 3566 4617 quidem

1955 4648 2366 4722 peccatoribus,
2397 4645 2634 4700 maxime
2673 4653 2854 4698 tamen
2897 4642 3454 4697 immisericordibus.

2029 4745 2182 4800 CAP.
2215 4741 2406 4798 XXVI.
2452 4741 2610 4794 Vers.
2644 4740 2695 4793 l.
2733 4736 2798 4791 Et
2833 4738 3040 4808 factum
3093 4748 3192 4792 est.
3219 4767 3288 4778 -—
3315 4737 3476 4796 Veis.
3507 4743 3565 4797 2.

1959 4837 2333 4909 cruciﬁgatur.
2407 4833 2545 4887 Cum
2590 4831 2764 4901 legale
2826 4828 3037 4884 Pascha
3097 4829 3313 4884 decimo
3369 4845 3568 4903 quarto

1960 4932 2170 4988 mensis
2203 4927 2494 4990 incideret,
2531 4924 2673 4978 sicut
2704 4923 2790 4977 lex
2813 4938 2934 4992 quae
2970 4922 3039 4976 de
3073 4921 3166 4975 illo
3203 4929 3400 4980 Statuit
3452 4929 3568 4992 dis.-

1957 5023 2203 5096 ponebat
2238 5039 2252 5075 :
2298 5017 2654 5075 manifestum
2680 5025 2765 5069 est
2793 5013 2940 5081 quod
2973 5013 3090 5069 haec
3121 5013 3582 5090 duodBCinto,dte.

1956 5113 2168 5170 mensis
2194 5105 2724 5175 dixeritdiscipulis.
2771 5105 2889 5158 Hoc
2923 5105 3204 5176 siquidem
3236 5110 3568 5177 duodecimo

1956 5209 2044 5264 die
2062 5208 2115 5262 in
2137 5206 2302 5261 domo
2322 5202 2565 5258 Simonis
2594 5197 2824 5269 Leprosi
2855 5202 3096 5262 cmnarit
3118 5205 3376 5285 adeeimo
3404 5207 3568 5262 tertio

1467 5329 1679 5390 Varias
1715 5327 2030 5392 lectiones
2073 5333 2136 5388 et
2172 5331 2368 5386 noue.

327 5467 440 5538 (70)
474 5460 994 5538 Ahrodgproﬂroh;
1026 5459 1269 5538 πένητας

329 5529 443 5607 (ἿῙ)
477 5536 576 5588 llic
627 5529 780 5607 addit
834 5530 1138 5607 llentenius
1175 5529 1442 5583 scliolium
1485 5543 1549 5582 ex
1606 5529 1853 5607 margine

251 5601 345 5664 sui
370 5601 575 5662 codicis
609 5622 620 5656 :
655 5603 871 5657 Fratres
902 5601 1152 5668 minimos
1203 5609 1355 5652 vocat
1401 5615 1682 5669 pauperes,
1724 5603 1854 5668 quia

249 5678 502 5739 humiles,
537 5675 789 5735 mendici,
815 5681 863 5725 et
899 5671 1092 5740 altjecti
1115 5680 1238 5722 sunt
1269 5686 1288 5724 :
1321 5679 1371 5722 et
1401 5686 1489 5723 eos
1524 5671 1614 5739 qui
1640 5671 1764 5723 viles
1790 5687 1854 5723 ac

250 5746 602 5821 despicabiles
626 5745 890 5821 habentur
914 5757 946 5821 ,ε
982 5757 1085 5793 non
1119 5741 1235 5821 dico
1273 5741 1558 5794 monachos
1594 5741 1754 5821 solos2
1782 5751 1852 5821 net

251 5811 461 5890 sos'qui
503 5825 707 5890 montes
745 5813 1065 5890 inhaliitant,
1112 5813 1204 5865 sed
1250 5827 1675 5890 unumquemque
1719 5811 1851 5879 ﬁde-

251 5885 393 5945 lium
445 5887 788 5950 esurientem,
841 5885 950 5939 sive
1001 5885 1145 5953 fame
1193 5897 1452 5951 pressum,
1503 5887 1698 5939 nudum
1757 5891 1847 5937 aut

1958 5458 2295 5527 peregrinum
2323 5473 2340 5509 :
2369 5456 2482 5518 hos,
2517 5457 2768 5521 inquam,
2796 5461 2992 5525 [sortes
3013 5466 3187 5519 uacat,
3234 5467 3283 5510 et
3330 5459 3560 5526 primum

1954 5545 2042 5583 eos
2069 5528 2283 5588 laudat.
2302 5527 2393 5596 qui
2412 5528 2513 5594 piis
2544 5527 3006 5598 subveuerunt,ut
3037 5530 3311 5581 sententia:
3341 5532 3564 5598 sutrju-

1953 5599 2164 5652 stitiam
2211 5599 2580 5659 demonstret;
2618 5617 2636 5648 ι
2682 5597 2881 5656 Venite,
2921 5597 3117 5664 inquit,
3163 5599 3416 5665 benedicti
3449 5597 3564 5652 l‘a-

1957 5675 2052 5722 tris
2081 5670 2206 5731 mei,
2237 5677 2284 5720 et
2316 5681 2530 5728 cwlera.
2575 5667 2787 5739 Quanto
2817 5669 2950 5720 bono
2983 5670 3177 5739 poterit
3232 5686 3425 5736 nomen
3465 5675 3562 5724 hoc

1953 5739 2188 5809 pensari,
2216 5747 2271 5790 ut
2307 5738 2612 5800 benedictus
2636 5741 2727 5795 sis,
2759 5738 2914 5809 idque
2939 5754 2970 5789 a
3012 5738 3197 5794 Patre.

2032 5809 2144 5883 (79)
2175 5809 2310 5872 Cod.
2342 5810 2408 5871 Α,
2448 5811 2757 5883 ἐδείπνησε.
2785 5807 2902 5883 Mos
2941 5809 3082 5862 idem
3113 5823 3248 5883 ante
3281 5810 3380 5883 est
3405 5828 3561 5883 τρια.

1957 5875 2289 5954 magum»:
2317 5881 2520 5938 omittit
2556 5880 2637 5954 δέ,
2661 5875 2722 5935 ‘ct
2767 5881 2917 5943 addit
2951 5891 3080 5945 ante
3120 5882 3252 5956 παρ’
3284 5875 3348 5952 «Ii;
