4080 6434
271 425 377 488 697

1127 435 1517 498 COMMENT.
1558 435 1639 499 IN
1682 441 1943 500 MATTH
1971 442 2156 504 EUM.
2183 468 2253 483 -
2283 447 2446 508 CAP.
2487 444 2698 511 XXVI.

3449 448 3556 512 διε

345 541 454 596 Καὶ
511 543 760 597 πολλῶν⁹
789 573 856 585 -
890 539 1093 611 εὖρον.
1152 548 1402 600 Ἐναντία
1463 550 1571 619 γὰρ
1613 550 1864 619 ἀλλήλοις

2043 553 2200 610 Vers.
2233 557 2324 612 60.
2387 556 2621 628 Cumque
2674 555 2831 613 multi
2882 588 2952 595 —
3000 557 3357 617 inveniebant.
3419 559 3552 615 Nam

268 636 641 706 ἐμαρτύρουν.
670 639 808 708 Φησὶ
843 638 953 710 γὰρ
988 641 1015 692 6
1046 642 1273 711 Μάρκος
1322 644 1401 696 δτι
1447 645 1557 712 (86)
1593 647 1702 699 Kal
1735 643 1862 700 ἶσαι

267 733 328 783 al
348 734 668 799 μαρτυρίαι
701 737 812 787 οὐκ
831 729 1014 804 ἦσαν.
1061 736 1401 806 Ἐπληροῦτο
1432 740 1488 792 δὲ
1523 742 1615 793 καὶ
1648 743 1866 810 ἠΔαυῖ-

264 825 397 889 τικὴ
451 825 764 894 προφητεία
792 827 822 895 ή
854 826 1091 894 λέγουσα
1114 843 1127 857 ⁸
1168 830 1584 899 Ζητηϐήσεται
1616 832 1652 899 ἠ
1683 834 1866 901 ἀμαρ-

267 913 367 966 τία
402 917 615 982 αὐτοῦ,
647 918 742 971 καὶ
776 922 847 972 οὐ
873 919 958 987 μὴ
987 922 1227 989 εὑρεθῇ.

343 1007 633 1075 Ὕστερον
670 1013 985 1065 -ναύτόνκ
1033 1008 1224 1076 Εἶπεν,
1252 1013 1366 1066 ἀλλ’
1403 1016 1507 1067 οὐκ
1540 1012 1686 1081 εἷπε,
1713 1017 1861 1080 Λύω,

267 1097 430 1163 ἀλλὰ,
462 1100 720 1162 Λύσατε,
748 1102 870 1154 οὐδὲ
894 1105 1020 1173 περὶ
1047 1104 1141 1156 τοῦ
1171 1106 1302 1157 ναοῦ
1326 1107 1419 1158 τοῦ
1452 1112 1862 1178 χειροποιήτου,

264 1190 409 1243 ἀλλὰ
465 1195 591 1264 περὶ
635 1193 729 1246 τοῦ
787 1195 917 1248 ἰδίου
961 1196 1238 1264 σώματος.
1287 1201 1386 1252 Διά
1444 1200 1605 1254 τοῦτο
1638 1201 1730 1254 οὖν
1769 1204 1863 1255 καὶ

263 1279 496 1343 τούτους
561 1284 1019 1355 ψευδομάρτυρας
1061 1290 1090 1340 ὁ
1142 1289 1539 1360 εύαγγελιστὴς
1579 1293 1860 1360 ὠνόμασε.

262 1373 496 1442 Μάρκος
515 1377 570 1428 δέ
595 1391 750 1444 φησι·
773 1378 882 1431 Καί
904 1397 1062 1446 τινες
1079 1382 1474 1448 ἀναστάντες.
1490 1385 1864 1455 ἐψευδομαρ-

260 1467 491 1532 τύρουν
514 1470 643 1522 κατ’
665 1472 874 1534 αὐτοῦ,
903 1472 1182 1542 λέγοντες
1199 1515 1213 1535 ,
1243 1475 1330 1528 ὅτι
1378 1477 1862 1545 Ἡμεῖςὴκούσα-

255 1574 377 1625 μεν·
429 1560 615 1614 αὐτοῦ
664 1562 986 1630 λέγοντος,
1035 1566 1124 1618 ὅτι
1177 1567 1326 1635 Ἐγὼ
1379 1572 1703 1624 καταλύσω
1755 1574 1863 1625 τὸν

258 1653 418 1704 ναὸν
466 1655 686 1708 τοῦτον
740 1657 848 1708 τὸν
895 1659 1334 1726 χειροποίητον,
1391 1662 1491 1713 καὶ
1538 1662 1637 1716 διὰ
1685 1665 1862 1735 τριῶν

261 1744 502 1810 ἡμερῶν
548 1745 746 1800 ἄλλον
804 1748 1264 1817 ἀχειροποίητον
1294 1753 1693 1823 οἰκοδομήσω.
1750 1759 1859 1811 Καὶ

255 1836 405 1888 οὐδὲ
428 1838 617 1903 οὕτως
650 1839 755 1905 Ζσιη
784 1835 864 1908 ἦν
889 1842 926 1906 ἠ
949 1844 1250 1909 μαρτυρία
1277 1843 1496 1898 αὐτῶν.
1533 1847 1725 1900 Πολλοὶ
1760 1849 1859 1916 μὲν

255 1929 370 1994 γὰρ
405 1931 530 2000 περὶ
557 1932 660 2001 τῆς
710 1933 970 2003 τοιαύτης
1003 1935 1317 2000 ὑποθέσεως
1345 1939 1728 2008 ἐμαρτύρουν·
1761 1940 1856 1993 δύο

253 2022 314 2074 δὲ
344 2023 751 2095 ὼμοφὼνησαν,
779 2026 872 2090 οὓς
905 2025 1026 2080 εἷπε
1059 2031 1340 2092 Maenio;
1372 2048 1385 2060 ·
1415 2033 1464 2083 ot
1499 2033 1543 2084 δ’
1567 2032 1718 2086 ἄλλοι.
1748 2035 1856 2087 διε-

255 2116 498 2182 φώνουν,
532 2118 598 2170 δι’
627 2118 722 2181 οὓς
774 2122 998 2190 εἴρηκεν
1027 2123 1054 2172 ὁ
1096 2124 1344 2192 Μάρκος,
1381 2125 1464 2178 ὅτι
1503 2124 1626 2178 οὐδὲ
1679 2120 1856 2192 οὕτως

256 2209 348 2276 (an
379 2204 448 2276 ἦν
482 2211 513 2278 ἡ
550 2210 828 2280 μαρτυρξα
862 2213 1068 2264 αὐτῶν.

330 2301 440 2352 Καὶ
501 2303 772 2368 ἀναστὰς
813 2334 880 2342 ——
912 2303 1158 2358 ἐσιώπα.
1221 2305 1447 2360 Βλέπων
1504 2308 1604 2376 μὲν
1673 2310 1856 2363 καὶτὸ

252 2392 610 2464 δικαστήριον
650 2398 973 2464 παράνομον
997 2413 1010 2426 ο
1043 2397 1204 2467 ἐῴκει
1254 2399 1362 2467 γὰρ
1395 2399 1614 2471 λῃστῶν
1663 2418 1855 2471 κριτη-

256 2484 359 2556 pqu
423 2487 519 2538 καὶ
594 2488 902 2558 τυραννικῷ
980 2489 1229 2560 βήματι·
1287 2493 1445 2555 εἰδὼς
1520 2493 1576 2545 δὲ
1626 2496 1721 2546 καὶ
1773 2495 1855 2548 δτι

257 2579 440 2646 μάτην
476 2581 862 2649 ἀποκρινεῖται
895 2582 1047 2652 παρὰ
1081 2583 1372 2650 τοιούτοις,
1408 2584 1643 2639 ἐσιώπα.

328 2773 438 2827 Καὶ
461 2773 810 2841 ἀποκριθεὶς
836 2804 904 2814 -
930 2775 1034 2828 τοῦ
1073 2776 1242 2829 Θεοῦ.
1312 2777 1640 2846 Ἐξορκίζει,
1670 2779 1854 2849 βουλό-

257 2885 422 2938 μενος
455 2870 618 2922 αὐτὸν
649 2872 727 2933 εἰς
765 2871 1066 2938 ἀπολογίαν
1111 2872 1481 2938 καταστῆσαι,
1513 2873 1620 2939 ἵνα,
1647 2876 1856 2943 ταύτης

250 2960 614 3028 δραξάμενος,
645 2961 707 3012 ὲκ
735 2959 942 3030 ταύτης
989 2961 1182 3013 τοῦτον
1216 2962 1585 3033 καταδικασῃ.
1618 2963 1855 3032 Προστί-

253 3055 387 3121 θησι
418 3053 476 3106 δὲ
509 3055 592 3118 τὸ,
628 3053 685 3106 ’0
719 3054 845 3116 Υἱὸς
901 3053 997 3106 τοῦ
1046 3055 1206 3117 Θεοῦ,
1235 3056 1370 3108 διότι
1408 3058 1503 3108 καὶ
1533 3058 1580 3108 οἱ
1611 3056 1852 3126 βασιλεῖς

251 3146 350 3194 καὶ
385 3144 434 3194 οἱ
471 3144 751 3213 προφῆται
787 3144 1005 3212 χριστοὶ
1052 3146 1163 3196 ἀπὸ
1193 3144 1288 3196 τοῦ
1337 3144 1586 3214 χρίεσθαι
1635 3145 1854 3214 ὠνομά-

1888 1894 1936 1952 Β

1968 651 2242 704 contraria
2267 650 2369 704 sibi
2403 649 2984 704 mutuotestabantur.
3011 650 3098 703 Ait
3128 652 3274 704 enim
3299 652 3510 706 Marcus
3541 672 3555 706 :

1971 742 2037 796 Et
2063 744 2250 798 idonea
2293 743 2590 796 testimonia
2647 759 2748 794 non
2811 751 2964 795 erant
3020 743 3090 795 ⁸⁵.
3137 743 3418 812 Completa
3473 755 3560 799 es'.

1970 844 2153 889 autem
2182 845 2236 887 et
2267 834 2526 909 Davidica
2585 832 2873 901 prophetia
2907 849 3027 900 qua!
3051 833 3184 888 dicit
3215 851 3228 886 :
3278 834 3558 900 Quwretur

1965 938 2237 996 peccatum
2276 926 2420 978 illius
2453 936 2502 977 et
2537 941 2635 976 non
2667 925 2961 979 invenietur
2991 924 3060 978 ⁸⁸.

2037 1021 2191 1074 Vers.
2223 1020 2310 1073 60.
2348 1019 2688 1076 I’ostmodum
2718 1045 2787 1057 —-—
2824 1018 2980 1072 Vers.
3032 1016 3122 1069 61.
3184 1015 3343 1068 illud.
3388 1013 3556 1075 Dixit,

1966 1123 2020 1168 at
2078 1128 2188 1167 non
2253 1112 2411 1175 dixit,
2486 1110 2730 1174 Solvam,
2792 1110 2910 1173 sed,
2964 1107 3197 1172 Solvite;
3250 1122 3428 1175 neque
3487 1107 3555 1160 de

1966 1204 2167 1273 templo
2238 1200 2577 1265 manufacto,
2679 1200 2775 1253 sed
2833 1200 2902 1252 de
2984 1198 3211 1267 proprio
3296 1211 3551 1266 corpore.

1963 1299 2196 1366 Propter
2257 1295 2363 1352 hoc
2417 1293 2563 1356 enim
2625 1292 2807 1356 etiam,
2848 1291 2948 1345 bos
2997 1289 3329 1359 evangelista
3390 1288 3555 1340 falsos

1967 1400 2132 1445 testes
2165 1383 2708 1457 appellavit.Marcus
2727 1398 2858 1437 vero
2879 1384 2953 1436 ait
2988 1399 3000 1433 :
3037 1381 3101 1434 Et
3135 1382 3350 1450 quidam
3371 1395 3558 1431 assur-

1963 1483 2177 1552 gebant,
2213 1488 2261 1532 et
2323 1478 2518 1548 falsum
2553 1476 2915 1529 testimonium
2948 1474 3200 1526 adversus
3239 1470 3390 1523 illum
3424 1470 3555 1539 ferc-

1964 1578 2109 1636 bant,
2142 1573 2372 1625 dicentes
2418 1585 2436 1622 :
2488 1568 2599 1622 Nos
2669 1567 2970 1620 audivimus
3038 1565 3212 1630 ipsum
3274 1563 3553 1615 dicentem,

1968 1669 2077 1738 Ego
2126 1663 2411 1719 dissoluant
2471 1660 2720 1729 templum
2782 1659 2877 1711 hoc
2941 1656 3335 1724 manufactum,
3403 1662 3446 1702 et
3501 1650 3556 1700 iu

1964 1763 2140 1813 triduo
2227 1757 2375 1810 aliud
2457 1770 2558 1806 non
2655 1749 3020 1816 manufactum
3111 1743 3402 1812 wdiﬁcabo.
3488 1741 3553 1794 Et

1965 1870 2056 1906 nec
2084 1854 2157 1906 sic
2193 1852 2441 1905 idoneum
2479 1857 2593 1901 erat
2635 1844 2993 1899 testimonium
3058 1840 3271 1893 illorum
3305 1837 3371 1890 ⁸⁷.
3401 1835 3554 1889 Multi

1963 1947 2234 2015 siquidem
2287 1945 2355 1997 de
2406 1942 2496 1996 tali
2556 1938 2786 2013 materia
2841 1937 3206 1997 testabantur,
3258 1933 3367 1986 duo
3421 1945 3554 1983 vero

1960 2038 2312 2094 concorditer
2345 2035 2617 2096 ferebant,
2669 2047 2809 2100 quos
2878 2030 3018 2082 dixit
3055 2027 3342 2080 Mattbaeus
3380 2043 3393 2089 ;
3462 2024 3551 2075 alii

1959 2149 2091 2186 vero
2120 2132 2228 2185 duo
2254 2131 2471 2184 diversa
2493 2127 2575 2196 (ll)
2595 2125 2979 2194 loquebantur,
3003 2127 3225 2191 prepter
3244 2117 3386 2188 quod
3415 2116 3552 2170 dixit

1958 2223 2192 2282 Marcus,
2211 2221 2356 2291 quod
2374 2234 2482 2272 non
2495 2226 2614 2272 erat
2636 2215 2896 2269 idoneum
2919 2209 3292 2264 testimonium
3309 2208 3548 2260 illorum.

2030 2315 2188 2369 Vers.
2225 2313 2314 2367 62.
2345 2312 2411 2365 Et
2441 2324 2660 2378 surgens
2691 2336 2758 2346 —
2787 2304 2946 2358 Vers.
2989 2305 3044 2357 6.
3074 2306 3303 2355 tacebat.
3348 2298 3553 2353 Videns

1959 2407 2229 2475 etjudicii
2295 2405 2471 2458 forum
2530 2401 2780 2470 iniquum
2812 2419 2827 2463 ;
2858 2413 2982 2452 nam
3037 2397 3314 2450 latronum
3341 2391 3552 2462 judicio

1959 2501 2137 2555 simile
2204 2497 2516 2557 videbatur,
2575 2501 2629 2546 et
2667 2491 3013 2561 tyrannicum
3064 2486 3323 2540 tribunal.
3360 2483 3554 2538 Sciens

1959 2596 2127 2648 etiam
2178 2593 2324 2660 quod
2352 2589 2497 2660 apud
2555 2584 2875 2656 huiusmodi
2929 2583 3132 2635 frustra
3183 2592 3552 2648 responsurus

1958 2696 2124 2744 esset.
2164 2686 2396 2740 tacebat.

2032 2779 2190 2834 Vers.
2220 2778 2310 2832 G3.
2335 2775 2398 2828 Et
2435 2773 2754 2842 respondens
2785 2792 2856 2810 -ι-
2881 2766 2996 2820 Dei.
3029 2761 3338 2832 Adiuravit.
3363 2759 3554 2814 volens

1959 2887 2086 2925 eum
2145 2870 2209 2922 ad
2269 2866 2688 2935 responsionem
2743 2861 3047 2920 attrahere,
3104 2865 3164 2909 ut
3219 2854 3324 2907 hac
3385 2852 3550 2910 facta.

1961 2964 2108 3016 hunc
2136 2978 2201 3016 ex
2227 2976 2290 3014 ea
2320 2961 2737 3014 condemnaret.
2768 2951 2994 3006 Addidit
3023 2958 3207 3004 autem
3227 2946 3399 3000 Filius
3429 2943 3551 3005 Dei,

1960 3059 2083 3123 quia
2119 3054 2283 3106 etiam
2317 3066 2473 3119 reges
2504 3059 2560 3104 et
2603 3047 2886 3117 propheta;
2946 3041 3138 3098 ehristi
3172 3041 3554 3096 dicebantura

1962 3148 2237 3219 χρίεσθαι,
2287 3146 2388 3199 hoc
2452 3152 2539 3198 est
2599 3142 2752 3211 ungi.
2810 3140 3024 3194 Marcus
3056 3153 3189 3193 vero
3231 3137 3355 3190 ait:
3387 3133 3553 3188 Filius

251 3235 433 3298 ζοντο.
461 3236 683 3303 Μάρκος
714 3237 768 3287 δέ
811 3253 975 3304 φησιν
1026 3237 1109 3289 ὅτι
1139 3240 1171 3290 ό
1201 3239 1334 3303 Υἱὸς
1369 3239 1475 3292 τοῦ
1491 3241 1850 3309 εὐλογητοῦ,

1967 3241 2223 3294 benedicti
2257 3238 2324 3302 ⁸⁸,
2357 3237 2494 3299 sive,
2535 3235 2627 3290 Dei
2661 3233 2755 3304 qui
2800 3232 3122 3287 benedictus
3149 3237 3231 3283 est
3259 3237 3313 3282 et
3358 3225 3523 3279 lauda

252 3331 401 3396 ἦτοι,
421 3327 514 3379 τοῦ
545 3326 707 3391 Θεοῦ,
728 3328 822 3380 τοῦ
853 3328 1175 3399 εὐλογητοῦ,
1200 3330 1295 3381 τοῦ
1329 3331 1599 3400 ύμνητοῦ.

326 3419 498 3486 Λέγει
515 3449 585 3457 --
599 3419 798 3484 εἶπας.
821 3419 1138 3483 Κάνταῦθα,
1151 3423 1612 3491 περιαιρουμένου
1631 3424 1724 3476 τοῦ
1741 3425 1852 3495 (87)

250 3511 341 3571 Et,
396 3511 866 3581 ύπολιμπὰνεται,
893 3512 974 3565 σὺ
1025 3509 1083 3566 εἷ
1110 3516 1142 3565 ό
1191 3515 1474 3581 Χριστὸς.
1506 3518 1537 3567 ὀ
1564 3517 1697 3581 Υἱὸς
1746 3518 1853 3571 τοῦ

252 3606 430 3663 Θεοῦ.
464 3605 627 3674 Λέγει
658 3605 714 3656 δὲ
744 3606 972 3674 Μάρκος
1001 3607 1177 3657 εἰπεῖν
1206 3607 1370 3658 αὑτὸν
1414 3607 1498 3659 ὅτι
1543 3607 1692 3676 Ἐγώ
1712 3611 1848 3676 εἰμι.

250 3699 368 3751 Καὶ
401 3698 570 3766 ἄμφω
601 3697 709 3767 γὰρ
745 3693 889 3760 εἶπε,
923 3697 1005 3750 Σὺ
1036 3693 1211 3762 εἴπας
1253 3698 1343 3752 ὅτι
1377 3700 1492 3768 ἐγώ
1518 3703 1655 3767 εἰμι.
1687 3700 1856 3753 Γινώ-

250 3806 405 3842 σκων
438 3783 532 3840 οὖν
587 3788 669 3839 δτι
702 3788 760 3839 ού
793 3789 1246 3860 πιστευθήσεται,
1275 3793 1426 3860 ὅμως
1471 3794 1850 3856 κατατίθεται,

249 3880 343 3933 ἵνα
382 3880 454 3949 μὴ
486 3879 751 3932 δύνωνται
782 3880 964 3948 λέγειν
987 3880 1215 3946 ὕστερον
1255 3882 1338 3934 ὅτι
1371 3883 1436 3936 Et
1459 3885 1674 3950 μετὰτὸ
1701 3884 1856 3955 ἐξορ-

247 3973 516 4042 κισθῆδαι
551 3974 928 4044 ὡμολόγησεν,
988 3975 1402 4045 ιπιστεύσαμεν
1443 3976 1529 4030 ἄν.

327 4151 894 4221 Πλὴν-οὐρανοῦ.
945 4155 1213 4224 Ἀπάρτι,
1236 4157 1358 4210 ἀντὶ
1390 4157 1509 4224 τοῦ,
1554 4159 1709 4212 Μετὰ
1760 4178 1855 4229 μι-

250 4243 408 4313 κρόν.
436 4243 597 4310 Δηλοῖ
626 4244 681 4297 δὲ
713 4245 806 4297 τὸν
835 4247 998 4318 μέχρι
1024 4248 1127 4316 τῆς
1159 4249 1514 4313 ἀναστάσεως
1535 4249 1702 4302 αὑτοῦ
1735 4269 1858 4304 και-

254 4339 368 4406 ρόν.
395 4337 631 4406 Ὀψεσθέ
665 4357 754 4407 με,
806 4340 897 4392 τὸν
952 4341 1081 4410 παρ’
1105 4341 1261 4410 ὑμῶν
1308 4341 1728 4412 ἀναιρούμενον,
1753 4361 1855 4396 και

250 4429 493 4497 θήμενον
547 4431 611 4484 ἐκ
673 4431 867 4495 δεξιῶν
918 4433 1018 4501 τῆς
1074 4433 1359 4501 δυνάμεως
1416 4437 1515 4504 τῆς
1563 4436 1658 4487 τοῦ
1691 4436 1850 4499 Θεοῦ,

250 4520 449 4594 ξῆγουν
483 4521 617 4591 (88),
680 4524 972 4594 σύνθρονον
1007 4523 1085 4592 τῷ
1121 4525 1239 4594 Θεῷ
1276 4527 1370 4578 καὶ
1396 4527 1593 4596 Πατρε.
1643 4530 1763 4581 Ἔτι
1796 4529 1853 4581 δὲ

251 4616 348 4679 καὶ
379 4613 676 4682 ἐρχόμενον
705 4615 846 4667 κατὰ
877 4615 977 4686 τὴν
999 4616 1264 4686 δευτέραν
1297 4618 1606 4688 παρουσίαν
1627 4618 1850 4670 ἐπὶτῶν
1887 4593 1929 4645 D

250 4705 499 4772 ιεφελῶν
543 4705 638 4756 τοῦ
689 4705 948 4773 ούρανοῦ,
974 4707 1050 4770 ὼς
1086 4707 1239 4761 Θεὸν.
1284 4709 1554 4778 Ὀψεσθε
1579 4710 1634 4761 δὲ
1668 4710 1845 4772 εἶπεν,

249 4796 350 4864 οὐχ
397 4796 472 4857 ὡς
521 4797 839 4866 δυναμένων
873 4797 1048 4863 οὕτως
1098 4801 1225 4853 ἰδεῖν
1272 4803 1457 4867 αὑτὸν,
1483 4802 1598 4855 ἀλλ’
1631 4802 1706 4864 ὡς
1738 4804 1852 4855 δια-

261 4889 712 4959 μαρτυρόμενος·
745 4889 778 4960 ἢ
805 4892 898 4944 καὶ
929 4891 1067 4962 πρὸς
1101 4893 1228 4956 τοὺς
1264 4894 1560 4963 μέλλοντας
1585 4895 1643 4959 ἐξ
1669 4896 1852 4948 αὐτῶν

362 5066 410 5098 ⁸⁸
451 5065 617 5121 Marc.
663 5082 777 5131 xw,
818 5067 910 5123 56.
987 5068 1036 5102 "
1073 5069 1221 5130 Psal,
1252 5087 1327 5133 xl,
1375 5072 1464 5126 36.
1541 5073 1584 5104 "
1621 5073 1786 5128 Marc.
1845 5089 1877 5126 ι

1977 5074 2066 5140 57,
2125 5075 2214 5128 59.
2293 5075 2336 5107 ⁸³
2369 5073 2529 5128 Marc.
2563 5088 2672 5139 XIV,
2701 5072 2791 5126 6|.

1959 3340 2068 3387 tus.

2029 3424 2185 3478 Vers.
2222 3423 2313 3477 64.
2350 3422 2488 3475 Dicit
2519 3452 2591 3461 —
2615 3420 2819 3474 dixisti.
2887 3416 3068 3471 Etiam
3123 3413 3211 3468 hic
3243 3411 3420 3466 ablata
3466 3409 3554 3464 di-

1958 3513 2164 3572 ctione,
2221 3513 2328 3577 An,
2388 3511 2742 3580 relinquitur,
2779 3518 2832 3561 tu
2862 3525 2913 3560 es
2941 3505 3184 3560 Christus
3221 3503 3390 3560 Filius
3429 3499 3550 3553 Dei.

1958 3607 2048 3659 Ait
2076 3615 2257 3659 autem
2291 3604 2504 3657 Marcus
2520 3619 2646 3657 eum
2672 3601 2899 3664 dixisse,
2930 3599 3041 3667 Ego
3074 3614 3188 3651 sum
3220 3595 3302 3660 ⁸⁹;
3336 3603 3551 3648 utrum-

1959 3715 2065 3767 que
2097 3698 2242 3752 enim
2275 3697 2415 3751 dixit
2449 3712 2463 3747 :
2494 3695 2571 3748 Tu
2602 3694 2804 3758 dixisti,
2829 3691 2966 3762 quod
3031 3707 3124 3760 ego
3157 3705 3297 3741 sum.
3359 3685 3554 3739 Sciens

1959 3808 2088 3862 ergo
2119 3790 2399 3859 quodnon
2446 3788 2760 3842 crediturus
2806 3791 2972 3846 esset,
3025 3791 3207 3834 tamen
3261 3779 3553 3833 veritatem

1958 3883 2183 3952 deponit
2215 3882 2388 3951 (mm),
2414 3896 2483 3934 ne
2522 3879 2876 3948 postmodum
2937 3874 3121 3928 dicere
3179 3879 3406 3942 possent
3441 3885 3455 3923 :
3496 3869 3551 3922 Si

1960 3984 2315 4044 posteaquam
2349 3973 2633 4041 adjuratus
2659 3978 2743 4023 est
2773 3965 3063 4027 confessus
3085 3963 3302 4027 fuisset,
3367 3961 3556 4030 utique

1958 4067 2406 4120 credidissemus.

2031 4158 2186 4211 Vers.
2215 4157 2302 4210 64.
2350 4154 2728 4209 Verumtamen
2759 4186 2824 4195 —
2850 4154 2986 4215 caeli,
3024 4152 3068 4204 Α
3093 4151 3267 4211 modo,
3319 4150 3423 4202 hoc
3445 4156 3552 4208 est,

1959 4249 2080 4304 Non
2109 4251 2267 4320 longe
2302 4259 2425 4318 post
2487 4259 2752 4318 tempore.
2819 4246 3104 4318 Significat
3127 4256 3309 4297 autem
3343 4252 3558 4310 tempus

1960 4351 2084 4412 post
2141 4342 2627 4395 resurrectionem.
2694 4338 2972 4393 Videbitis
3047 4353 3134 4392 me
3194 4335 3285 4404 qui
3337 4350 3366 4387 a
3402 4334 3559 4392 vobis

1961 4435 2246 4489 interimor
2276 4435 2560 4488 sedentem
2592 4448 2623 4486 a
2654 4433 2895 4487 dexteris
2917 4430 3135 4484 virtutis
3168 4444 3289 4498 quae
3319 4438 3402 4482 est
3440 4427 3554 4486 Dei,

1964 4529 2022 4598 (δί-
2055 4529 2260 4584 Eodem
2291 4529 2550 4583 videlicet
2575 4529 2779 4580 throno
2802 4540 2925 4579 cum
2966 4524 3074 4576 Deo
3122 4532 3177 4576 et
3243 4522 3426 4573 Patre.
3469 4518 3557 4571 ln-

1961 4637 2130 4690 super
2159 4620 2473 4675 venientem
2503 4634 2724 4689 quoque
2776 4617 3023 4672 secundo
3067 4630 3168 4668 suo
3198 4612 3440 4667 adventu
3501 4611 3554 4663 in

1961 4713 2204 4766 nubibus
2235 4712 2358 4766 cmli
2396 4722 2654 4779 tanquam
2688 4711 2883 4764 Deum.
2925 4707 3175 4762 Videbitis
3239 4715 3422 4760 autem
3476 4705 3557 4758 di-

1962 4803 2059 4867 xit,
2094 4819 2203 4856 non
2246 4803 2390 4871 quod
2420 4803 2472 4855 lti
2503 4817 2628 4857 eum
2662 4808 2850 4856 essent
2878 4800 2948 4853 ita
2985 4799 3179 4860 visuri,
3207 4796 3304 4851 sed
3365 4805 3554 4865 prole--

1963 4905 2138 4950 status
2163 4905 2250 4950 est
2279 4896 2423 4966 quod
2456 4895 2530 4948 ita
2563 4903 2829 4948 venturus
2857 4901 3027 4956 esset,
3057 4902 3153 4945 aut
3185 4891 3251 4945 ad
3297 4905 3392 4945 eos
3423 4889 3558 4942 diri—

2870 5072 2916 5103 ⁸⁹
2945 5069 3085 5124 Ibid.
3127 5069 3218 5124 62.

1471 5239 1673 5302 νοτία)
1710 5243 2018 5307 lectiones
2050 5251 2112 5306 et
2135 5248 2328 5304 notua.

328 5383 439 5453 (8.6)
471 5383 596 5453 Ὅτι
624 5381 829 5436 omittit
851 5384 974 5438 cod.
1013 5381 1080 5438 A.

329 5452 443 5520 (87)
483 5452 740 5507 Refertur
771 5454 840 5508 ad
892 5455 1098 5524 priora,
1156 5453 1248 5508 ubi
1293 5454 1516 5525 legitur,
1566 5459 1616 5510 et
1653 5458 1717 5511 σὺ
1749 5453 1852 5513 εῐὸ

252 5523 511 5577 Χριστὸς.
542 5540 596 5577 κ.
633 5543 681 5576 τ.
705 5523 754 5577 λ.

307 5542 618 5663 {iii-if’oiis
639 5542 1121 5660 bieinclusiuius,
1176 5610 1238 5650 ea
1289 5594 1852 5656 llenteniusbabebat

324 5749 408 5820 (ιι)
450 5749 567 5802 Duo
597 5749 824 5803 diversa.
861 5750 976 5802 D'uo
1005 5767 1114 5805 non
1149 5759 1232 5806 est
1268 5753 1321 5806 in
1358 5753 1569 5808 Graeco.

320 5822 471 5887 (mm)
515 5820 795 5874 Veritatem
819 5822 1052 5888 deponit.
1085 5825 1418 5888 Assentilur,
1455 5825 1551 5888 ait,
1580 5824 1833 5880 aﬂirmat.

254 5890 662 5961 ῌατατξθεσθαι
704 5900 788 5946 est
821 5894 1089 5961 assentiri,
1129 5895 1491 5962 comprobare,
1546 5897 1835 5964 afﬁrmare.

1960 5393 2013 5475 in
2051 5393 2687 5475 θηεηροειγενή-σομαι,
2709 5401 2967 5475 tanquam
2997 5392 3266 5474 scholium
3298 5406 3362 5475 es
3400 5407 3552 5446 mar-

1961 5464 2088 5534 gine
2112 5462 2432 5522 sui'codicis
2473 5466 2581 5519 huc
2610 5464 2868 5520 relatum.
2904 5464 3066 5519 Forte
3103 5463 3305 5518 omissa
3336 5462 3553 5518 fuerant

1960 5537 2032 5590 ob
2065 5537 2265 5607 duplex
2292 5537 2387 5591 τοῦ
2413 5535 2572 5590 Θεοῦ.

1953 5753 2462 5821 Συγκατατῐθεσθαι
2499 5752 2664 5808 habet
2693 5751 2828 5809 Luc.
2852 5767 3015 5818 mu,
3049 5750 3139 5817 57,
3176 5758 3231 5806 et
3259 5749 3348 5804 hic
3378 5748 3546 5820 paulo

1955 5826 2192 5882 inferius
2225 5823 2574 5897 Euthymius.
3400 5829 3403 5835 '
