4080 6412
212 269 315 334 701

1074 279 1466 340 COMMENT.
1515 281 1590 339 IN
1640 283 2111 345 ll!.-\'I"I‘II.EUM.
2151 310 2220 320 -··
2259 287 2417 347 CAP.
2463 289 2663 348 XXVI.

3399 291 3506 353 73.2

206 392 307 447 της
369 378 612 446 ἐλέγετο,
647 380 927 446 διέπαιζον
984 383 1268 448 αὑτὸν,ὼς
1318 385 1802 456 ψευδοπροφήτην.

1912 407 1937 442 a
1965 391 2151 444 muleis
2179 396 2444 462 propheta
2478 397 2786 449 dicebatur.
2823 394 3185 449 verberabant
3216 410 3344 450 eum
3380 409 3502 452 tan-

209 471 701 542 Περικαλύψαντες
754 473 866 544 γὰρ
931 475 1135 543 ίματίῳ
1164 476 1224 528 τὸ
1277 477 1571 546 πρόσωπον
1615 478 1805 540 αὑτοῦ,

210 566 352 636 πρὸς
382 565 444 618 τὸ
476 566 552 637 μὴ
589 565 834 636 βλέπειν,
861 566 937 629 ὡς
954 567 1184 637 Μάρκος
1237 569 1332 622 καὶ
1369 570 1585 631 Λουκᾶς
1634 565 1807 634 εἷπον,

208 656 373 710 τοῦτο
417 655 518 724 μὲν
537 657 888 726 ἑκολάφιζόν,
907 659 1069 714 τοῦτο
1099 661 1157 716 δὲ
1185 661 1513 734 ἐρράπιζον,
1535 663 1806 731 λέγοντι-,ς’

210 745 650 814 Προφήτευσον
705 749 870 818 ἡμῖν,
897 751 1135 818 Χριστὲ,
1170 753 1264 816 τίς
1305 752 1478 806 ἐστιν
1514 757 1546 806 ό
1583 755 1812 821 παίσας

213 852 289 889 σε
311 853 332 901 ;
368 836 529 890 Ἐστι
557 838 613 892 δὲ
654 840 997 912 κολαφισμδς
1034 843 1133 911 μὲν
1184 843 1244 896 τὸ
1280 844 1466 896 παίειν
1523 846 1665 898 κατᾶ
1714 847 1808 899 τοῦ

210 929 490 1000 τραχήλου
528 930 686 1004 κοίλῃ
713 932 850 1003 ἀφῇ,
884 934 1025 1003 πρὸς
1072 935 1133 987 τὸ
1164 936 1340 988 ποιεῖν
1383 936 1558 1005 ψόφον
1586 953 1598 966 ·
1644 939 1812 1008 ραπι-

213 1022 354 1090 σμὸς
384 1022 440 1075 δὲ
487 1023 548 1076 τὸ
574 1023 757 1077 παίειν
788 1026 933 1078 κατά
960 1025 1056 1078 τοῦ
1092 1026 1411 1096 προσώπου.

281 1113 440 1166 Μετὰ
464 1113 573 1184 γὰρ
620 1113 720 1186 τὴν
773 1115 960 1170 ἄδικον
999 1115 1328 1188 καταδίκην,
1355 1119 1431 1182 ὠς
1464 1104 1661 1189 ἄτιμόν
1686 1137 1811 1173 τινα

211 1204 308 1255 καὶ
338 1201 451 1271 (9|)
483 1202 912 1273 τριωόολιμαῐον
931 1204 1194 1267 λαϐόντες
1225 1204 1393 1274 μέσον
1419 1206 1607 1270 αὑτὸν,
1630 1207 1678 1258 οἱ
1711 1207 1811 1276 μὲν

212 1297 398 1348 πᾶσαν
438 1296 519 1358 el;
549 1295 717 1348 αὐτον
748 1296 1123 1350 ἐνεδείκνυντο
1167 1298 1480 1368 παροινίαν,
1508 1297 1609 1351 οὐκ
1651 1298 1807 1350 ἐλεύα

211 1381 363 1450 Cogor.
405 1384 589 1451 μόνον,
621 1384 756 1437 ἀλλὰ
788 1387 884 1439 καὶ
921 1387 1118 1452 δοῦλοι,
1161 1393 1256 1442 καὶ
1293 1387 1556 1442 παντοίαν
1595 1388 1810 1441 ἐκίνουν

211 1474 530 1528 κατάὑτοῦ
578 1477 804 1546 μανίαν,
853 1480 949 1532 καὶ
995 1479 1174 1550 ἡδέως
1211 1480 1313 1550 τῆς
1369 1478 1570 1550 λύττης
1621 1482 1808 1547 ἐνεφοο

214 1565 407 1631 ροῦντο
429 1583 442 1596 ·
474 1568 503 1620 ό
525 1568 582 1621 δὲ
612 1570 793 1622 πάντα
820 1572 1218 1641 μεγαλοψύχως
1245 1573 1508 1642 ὑπέμενε,
1534 1571 1805 1626 διδάσκων

211 1659 526 1728 ἀνέχεσθαι.
558 1661 667 1714 Καὶ
700 1657 769 1734 ἦν
822 1661 959 1734 ’παρ’
990 1665 1225 1728 ἐκείνοις
1259 1663 1383 1734 μὲν,
1409 1665 1609 1728 κακίας
1643 1665 1806 1733 ὑπερο

212 1753 366 1822 ϐολὴ,
419 1753 573 1825 παρὰ
608 1755 784 1827 τούτῳ
814 1755 893 1820 δὲ,
932 1756 1310 1824 ἀνεξικακίας.

286 2036 473 2102 ’Ἄξιον
503 2037 560 2091 δὲ
600 2037 885 2108 θαυμάσαι
919 2042 1173 2106 καὶτοὺς
1214 2042 1639 2111 εὐαγγελιστάς,
1686 2044 1807 2107 πῶς

211 2129 305 2181 καὶ
361 2127 431 2180 τὰ
487 2130 754 2185 δοκοῦντα
790 2134 1131 2187 ἐπονείδιστα
1167 2133 1487 2204 φιλαληθῶς
1535 2136 1808 2203 ἐπαγγέλ-

210 2220 392 2287 λουσι,
429 2225 525 2274 καὶ
573 2223 698 2276 οὔτε
759 2225 851 2277 τὸν
926 2227 1126 2280 Ἰούδαν
1166 2228 1350 2296 ἢτοὺς
1394 2227 1680 2291 Ἰουδαίους
1731 2229 1807 2289 ὼς

211 2314 444 2384 ἐχθροὺς
475 2316 851 2387 διασύρουσιν,
872 2318 996 2372 οὔτε
1049 2320 1141 2375 τὸν
1189 2321 1528 2374 Διδάσκαλον
1554 2323 1630 2386 ὡς
1660 2322 1808 2374 διδά-

209 2403 415 2458 σκαλον
443 2403 704 2473 ὑψοῦσιν·
736 2408 852 2460 ἀλλ’
910 2409 1141 2473 ἀπαθῶς
1185 2411 1405 2464 ᾶπαντα
1465 2413 1805 2481 διηγοῦνται,

210 2494 311 2545 καὶ
346 2495 516 2563 μόνης
547 2497 647 2564 τῆς
685 2498 944 2568 ἀληθείας
980 2501 1353 2570 φροντίζουσι,
1380 2503 1475 2556 καὶ
1527 2505 1806 2572 πανταχοῦ

208 2585 458 2654 γίνονται
491 2590 589 2658 τῆς
619 2590 834 2660 χρείας.

321 2790 479 2846 ΚΕΦ.
496 2789 632 2859 EG’.
660 2793 797 2858 Περὶ
837 2793 950 2862 τῆς
973 2794 1289 2862 ἀρνήσεως
1313 2794 1422 2848 τοῦ
1446 2797 1699 2865 Πέτρου.

305 2887 350 2936 Ο
376 2882 446 2936 δὲ
476 2884 698 2952 Πέτρος
736 2913 806 2926 -
833 2887 888 2939 τί
908 2887 1127 2955 λέγεις.
1157 2888 1378 2955 Σκόπει,
1420 2889 1532 2952 πῶς
1576 2891 1667 2944 τὸν
1703 2891 1809 2960 πρὸ

213 2977 420 3047 μικροῦ
478 2976 785 3047 τηλικαῦτα
845 2980 1342 3050 μεγαλαυχήσαντα
1395 2981 1809 3051 θεραπαινίδιον

1913 499 2074 551 quam
2105 484 2299 539 falsum
2332 489 2680 556 prepbetatn,
2702 487 2842 541 facie
2872 488 2994 556 ejus
3023 498 3174 542 veste
3228 499 3504 550 contecta.

1915 592 1982 629 ne
2033 578 2266 640 videret,
2338 580 2498 635 sicuti
2555 580 2769 635 Marcus
2824 589 2880 633 et
2915 578 3091 635 Lucas
3147 582 3404 635 dixerunt
3436 585 3502 644 ",

1915 666 2072 721 Nunc
2104 680 2287 723 autem
2345 670 2643 735 cwdrbant,
2689 688 2837 725 nunc
2869 687 3002 725 vero
3061 673 3246 739 alapas
3302 673 3509 728 dabant

1913 757 2162 812 dicentes
2202 777 2213 810 :
2249 760 2562 827 Prop/teliza
2609 761 2775 819 nobis.
2828 760 3055 825 Christe,
3085 763 3202 831 quis
3225 775 3295 815 est
3329 765 3417 833 qui
3453 775 3504 818 te

1912 850 2214 917 percussit?
2248 851 2344 903 Est
2366 861 2560 905 autent
2604 852 2876 922 colapltus
2923 854 3236 908 verberatio
3290 870 3412 923 qme
3451 858 3505 909 in

1913 940 2057 994 collo
2088 941 2146 994 lit
2174 956 2341 996 vacua
2369 940 2488 1012 (nn)
2509 958 2674 998 manu
2706 953 2974 999 utsonum
2999 943 3126 999 edat
3155 961 3169 997 :
3197 945 3350 1014 alapa
3376 960 3508 1000 vero

1915 1033 1966 1088 in
2006 1034 2204 1089 Iaeiem
2234 1035 2419 1089 datur.

1993 1127 2122 1182 Post
2157 1128 2419 1197 injustam
2453 1129 2600 1184 enim
2655 1131 3180 1186 condemnationem
3245 1141 3506 1199 tanquam

1913 1216 2188 1285 abjectum
2239 1219 2558 1288 quempiam
2616 1231 2670 1274 et
2704 1221 3061 1276 triobolarem
3115 1223 3170 1276 in
3205 1223 3386 1276 medio
3417 1239 3480 1277 su

1914 1317 2147 1368 mentes.
2177 1309 2228 1361 bi
2281 1310 2502 1378 quidem
2571 1311 2835 1380 quidquid
2891 1314 2945 1366 in
2971 1312 3200 1367 buccam
3256 1313 3510 1366 veniebat

1915 1399 2402 1455 debaccbabantur
2464 1403 2519 1455 in
2547 1418 2697 1459 eum.
2743 1420 2850 1457 non
2889 1405 3046 1458 liberi
3082 1404 3284 1468 solum,
3317 1403 3413 1457 sed
3449 1413 3504 1458 et

1913 1492 2057 1546 servi
2088 1508 2102 1544 :
2130 1493 2222 1546 alii
2255 1509 2382 1547 vero
2417 1495 2791 1550 omnimodam
2845 1495 3112 1552 adversus
3145 1511 3272 1550 eum
3322 1512 3510 1550 move-

1917 1583 2046 1637 bant
2087 1584 2383 1645 insaniam,
2413 1588 2781 1657 gaudentique
2805 1590 2992 1642 animo
3046 1588 3252 1642 rabiem
3285 1603 3509 1642 evome-

1915 1672 2066 1726 bant.
2106 1674 2374 1729 Universa
2423 1687 2607 1731 autem
2670 1694 2869 1748 magno
2933 1680 3120 1733 animo
3171 1679 3507 1742 sustinebat,

1839 1741 1882 1796 Β
1912 1767 2117 1821 docens
2165 1782 2269 1822 nos
2324 1767 2556 1837 injurias
2619 1771 2877 1824 tolerare.
2920 1768 2986 1823 Et
3016 1777 3138 1824 erat
3176 1770 3320 1840 apud
3382 1769 3508 1822 illos

1909 1859 2216 1912 vehemens
2267 1859 2552 1928 pravitatis
2590 1861 2952 1926 abundantia,
3001 1862 3148 1930 apud
3203 1862 3352 1916 hunc
3376 1876 3507 1914 vero

1913 1950 2224 2003 tolerantia.

1983 2044 2078 2097 Est
2108 2053 2291 2098 autem
2318 2044 2684 2098 admiratione
2711 2043 2966 2115 dignum,
3026 2043 3306 2114 quomodo
3339 2058 3512 2098 evan-

1911 2136 2120 2207 gelista-3
2176 2146 2434 2205 tanquam
2488 2135 2741 2190 veritatis
2806 2143 3106 2200 amatores,
3176 2151 3296 2205 qua:
3343 2135 3508 2190 etiam

1912 2229 2151 2284 maxime
2213 2229 2480 2297 probrosa
2542 2227 2819 2291 videntur,
2880 2228 3154 2292 referunt,
3215 2236 3272 2282 et
3331 2242 3512 2289 neque

1909 2317 2102 2372 Judam
2136 2328 2225 2372 aut
2287 2317 2506 2372 .ludzeos
2537 2327 2795 2388 tanquam
2836 2319 3091 2373 inimicos
3130 2317 3396 2372 conviciis
3429 2318 3508 2370 la-

1911 2419 2168 2464 cessunt:
2200 2426 2377 2479 neque
2410 2409 2756 2481 Magistrum,
2790 2420 3052 2479 tanquam
3087 2416 3510 2478 pmeeptorem.

1911 2501 2208 2556 sublimem
2265 2501 2551 2564 ederunt"
2604 2502 2699 2556 sed
2758 2503 2916 2570 quasi
2953 2501 3105 2555 nullo
3141 2498 3506 2554 motiall'ectn

1912 2593 2096 2647 omnia
2124 2602 2376 2656 narrant,
2414 2608 2478 2646 ac
2508 2593 2684 2648 solius
2740 2607 2929 2648 curam
2982 2592 3188 2646 habent
3237 2591 3509 2655 veritatis,

1912 2692 1969 2738 et
1995 2683 2199 2754 ubique
2229 2684 2294 2738 ad
2330 2684 2382 2737 id
2417 2683 2563 2753 quod
2599 2699 2690 2737 res
2717 2684 2959 2753 postulat
2990 2697 3050 2737 se
3074 2680 3395 2736 conferunt.

2199 2796 2356 2852 CAP.
2390 2797 2579 2850 LXVI.
2613 2796 2691 2849 De
2729 2798 3008 2866 negatione
3047 2795 3218 2849 Petri.

1988 2890 2143 2946 Vers.
2178 2889 2267 2945 69.
2313 2888 2506 2944 Petrus
2532 2900 2708 2942 autem
2741 2919 2807 2928 --
2843 2886 3003 2942 Vers.
3035 2887 3126 2942 70.
3182 2888 3312 2958 quid
3339 2887 3509 2940 diras.

1916 2981 2053 3038 Vide
2089 2983 2367 3050 quomodo
2401 2997 2551 3045 eum,
2580 2983 2672 3052 qui
2699 2983 2859 3053 paulo
2900 2990 3028 3035 ante
3068 2979 3208 3034 adeo
3247 2995 3368 3033 sese
3429 2981 3517 3047 ja-

209 3067 440 3130 ἁσθενὲς
473 3067 760 3138 ἐπτόησεν,
783 3070 859 3135 ὡς
891 3072 999 3125 ὑπὸ
1024 3073 1122 3143 τῆς
1152 3075 1305 3137 θείας
1322 3075 1545 3146 χάριτος
1569 3079 1810 3145 ἔγκατα,

1913 3077 2115 3140 ctabat,
2147 3076 2362 3132 inﬁrma
2407 3077 2662 3130 ancillula
2687 3084 3078 3146 prweeptorcm
3109 3087 3312 3142 negare
3354 3072 3512 3133 fecit.

207 3160 526 3228 λειφθέντα.

296 3254 662 3317 Ἕξελθόντα
712 3255 781 3309 δὲ
812 3259 1003 3312 αὐτὸν
1027 3288 1093 3301 -—
1121 3260 1230 3313 τὸν
1277 3262 1616 3329 ἄνθρωπον.
1662 3264 1768 3317 Φεῦ
1794 3267 1807 3319 l

206 3341 295 3398 οἷα
321 3345 574 3412 διέθηκεν
603 3348 766 3401 αὑτὸν
805 3351 833 3401 ό
859 3351 1042 3418 φόῦος.
1064 3350 1140 3406 Οὐ
1180 3351 1342 3422 μόνον
1370 3355 1479 3424 γὰρ
1504 3356 1646 3425 ἡρνή
1659 3373 1810 3418 σατο,

208 3437 348 3490 ἀλλὰ
380 3441 474 3491 καὶ
511 3439 632 3509 μεθ’
654 3443 840 3512 ὅρκου.
876 3444 1100 3514 Ἐξῆλθε
1131 3446 1207 3511 δὲ,
1234 3446 1336 3501 οὐκ
1371 3447 1478 3514 ἔξω
1510 3449 1604 3502 τοῦ
1627 3450 1812 3502 πυλῶ-

205 3546 317 3592 νος,
379 3531 498 3584 ἀλλ’
552 3535 631 3594 εξς
686 3533 778 3586 τὸν
812 3536 1058 3600 πυλῶνα,
1107 3539 1412 3604 τουτέστιν,
1459 3542 1539 3602 είς
1569 3542 1630 3593 τὸ
1672 3561 1812 3613 προ-

203 3624 420 3688 αύλιον,
441 3624 517 3686 ὡς
543 3627 570 3677 ὁ
598 3627 824 3696 Μᾶρκος
856 3625 997 3682 εἷπε.

277 3801 448 3857 Μετὰ
499 3803 720 3870 μικρὸν
767 3831 838 3843 -—
872 3803 980 3857 τὸν
1019 3803 1360 3874 ἄνθρωπον.
1399 3806 1458 3860 ’0
1488 3808 1543 3861 δὲ
1583 3810 1812 3880 Μάρκος

203 3895 453 3965 ἔγραψεν
501 3893 585 3947 ὅτι
604 3895 710 3948 Καὶ
735 3894 847 3962 γὰρ
865 3895 1193 3962 Γαλιλαῖος
1211 3893 1284 3961 εἶ,
1310 3899 1410 3951 καὶ
1429 3901 1466 3967 ἠ
1482 3901 1670 3954 λαλιά
1692 3918 1812 3956 σου

204 3986 475 4057 ὁμοιάζει
501 4005 514 4017 ·
548 3982 696 4058 εἶχον
747 3989 858 4058 γάρ
896 4007 948 4041 τι
982 3991 1312 4060 παράσημον
1346 3992 1540 4062 στολῆς
1573 3995 1623 4045 οἱ
1652 3995 1689 4044 Γ
1692 3995 1811 4047 αλι-

203 4081 373 4142 λαῖοι,
410 4079 499 4132 ναὶ
526 4082 634 4150 μὴν
672 4080 767 4140 καὶ
820 4081 1088 4151 ἰδιώματά
1121 4100 1243 4137 τινα
1270 4083 1580 4138 διαλέκτου.
1621 4088 1812 4139 Κατα-

204 4171 535 4242 οεματίζειν
565 4173 678 4243 (95)
707 4173 764 4226 δέ
795 4175 913 4226 ἐστι
958 4174 1020 4227 τὸ
1050 4176 1492 4244 ἀναθεματίζειν.
1515 4177 1671 4231 Οὕτω
1703 4178 1812 4250 γὰρ

198 4265 228 4315 ὁ
275 4264 514 4332 Μάρκος
546 4259 689 4326 εἷπε,
721 4267 814 4316 καὶ
866 4264 1036 4334 ἄμφω
1069 4267 1125 4318 δὲ
1156 4269 1318 4320 ταυτὶ
1369 4269 1430 4320 τὸ
1464 4269 1810 4339 καταρᾶσθαι

202 4356 456 4427 δηλοῦσι.

279 4452 394 4505 Kal
430 4451 653 4516 εὐθέως
697 4469 890 4519 -ιιε,
939 4452 1170 4524 Μάρκος
1225 4452 1283 4506 δέ
1340 4471 1530 4524 φησιν,
1578 4455 1668 4508 ὅτε
1708 4456 1808 4526 μὲν

203 4544 360 4609 ἆπαξ
393 4547 421 4598 ό
453 4545 665 4615 Πέτρος
693 4545 996 4614 ἠρνήσατο,
1017 4546 1144 4598 τότε
1186 4545 1277 4598 τὸν
1308 4546 1582 4617 ἀλέκτορα
1621 4549 1808 4616 φωνῆ-

205 4654 298 4689 σαι
328 4637 392 4688 τδ
418 4636 640 4704 πρῶτον
661 4653 674 4667 °
699 4637 789 4688 ὅτε
817 4637 873 4690 δὲ
895 4639 1099 4707 τρίτον,
1121 4639 1244 4690 τότε
1267 4639 1328 4691 τὸ
1351 4638 1626 4708 δεύτερον.
1647 4639 1811 4710 Ἐση-

208 4731 497 4796 μειώσατο
526 4727 582 4780 δὲ
613 4727 791 4793 τοῦτο,
832 4729 1011 4798 δηλῶν
1071 4730 1154 4782 ὅτι
1192 4729 1316 4782 οὔτε
1355 4731 1388 4800 ἠ
1419 4731 1613 4800 πρώτη
1653 4731 1807 4797 φωνὴ

204 4819 299 4872 τοῦ
351 4819 656 4890 ἁλικτορος
702 4820 1011 4891 ἀνέμνησεν
1064 4822 1250 4875 αὐτόν.
1282 4823 1392 4874 Καὶ
1431 4840 1459 4874 ο
1501 4824 1720 4886 Λουκᾶς
1751 4824 1807 4876 δὲ

203 4913 354 4978 λέγει
409 4911 578 4963 πάλιν
623 4912 706 4964 ὅτι
765 4912 904 4982 μετά
963 4912 1023 4964 ct
1067 4913 1316 4982 φωνῆσαι
1367 4914 1459 4966 τὸν
1508 4913 1805 4984 ἀλέκτορα,

277 5052 323 5084 ⁹¹
364 5051 540 5106 Marc.
580 5068 693 5119 xw,
724 5051 988 5118 65;Luc.
1023 5054 1254 5119 unﬁt.

1335 5053 1378 5085 ”
1402 5053 1570 5108 Marc.
1615 5072 1729 5114 xw,
1766 5053 1856 5107 68.
1937 5054 1983 5085 ’⁵
2008 5053 2146 5107 Ibid.
2182 5053 2270 5107 70.
2351 5055 2395 5085 ⁸⁵
2435 5053 2569 5108 Ibid.
2605 5055 2693 5108 71.

1916 3175 2108 3237 utpote
2139 3168 2327 3222 divina
2360 3169 2690 3222 destitutum
2717 3168 2914 3238 gratia.

1986 3260 2137 3316 Vers.
2161 3261 2247 3315 71.
2265 3260 2392 3316 Cum
2411 3270 2586 3314 autem
2611 3261 2805 3315 exisset
2824 3289 2896 3299 —-
2911 3256 3066 3313 Vcrs.
3094 3258 3183 3312 72.
3208 3256 3252 3309 11
3262 3257 3514 3309 ominem.

1917 3351 2032 3406 lleu
2088 3353 2305 3422 qualem
2359 3352 2598 3408 reddidit
2627 3352 2733 3424 (oo)
2765 3366 2892 3405 eum
2925 3351 3128 3405 timori
3168 3349 3286 3402 Non
3334 3347 3512 3401 solum

1913 3445 2065 3499 enim
2107 3445 2350 3516 negavit,
2388 3445 2486 3499 sed
2517 3445 2686 3499 etiam
2745 3459 2871 3498 cum
2920 3443 3262 3513 iuramento.
3331 3438 3518 3492 Exivit

1915 3549 2100 3594 autem
2135 3554 2243 3592 non
2278 3549 2434 3593 extra
2493 3537 2855 3600 vestibulum,
2917 3534 3010 3589 sed
3043 3534 3100 3587 in
3146 3530 3512 3592 vestibulum,

1918 3632 2022 3686 hoc
2054 3643 2159 3693 est,
2200 3630 2440 3699 priorem
2461 3630 2585 3683 atrii
2612 3637 2850 3699 partem.
2877 3626 3011 3680 Nam
3044 3625 3260 3680 Marcus
3303 3623 3520 3694 προαύ-

1915 3726 2031 3778 λιον
2073 3724 2214 3778 dixit
2237 3725 2304 3776 ".

1989 3811 2148 3867 ναι-5.
2177 3814 2264 3866 73.
2294 3813 2360 3864 Et
2389 3821 2506 3879 post
2530 3810 2783 3880 pusillum
2811 3839 2880 3848 ——
2910 3807 3185 3862 Vers.'74.
3207 3805 3513 3860 Hominem.

1915 3905 2129 3960 Marcus
2152 3914 2334 3957 autem
2370 3903 2509 3958 dixit
2536 3919 2549 3955 :
2582 3903 2722 3955 Nam
2754 3911 2801 3955 et
2835 3899 3092 3956 Galila'us
3121 3915 3194 3964 es,
3224 3909 3272 3952 et
3306 3897 3513 3968 loquela

1916 4006 2007 4048 tua
2035 3995 2270 4048 convenit
2299 3994 2366 4044 ".
2411 3992 2700 4046 Ilabebant
2762 3991 2909 4045 enim
2973 3989 3256 4060 quidpiam
3299 3989 3515 4058 insigne

1915 4087 2124 4144 Galilmi
2176 4087 2230 4139 in
2288 4095 2464 4147 veste,
2518 4093 2573 4138 et
2631 4083 2895 4153 quasdam
2923 4090 3186 4150 praeterea
3234 4080 3517 4134 idiomatis

1915 4180 2307 4253 proprietates.
2367 4175 2660 4230 Exsecrari
2695 4184 2879 4229 autem
2904 4182 2986 4228 est
3013 4172 3306 4226 devovere.
3354 4171 3516 4227 Unde

1916 4273 2133 4326 Marcus
2163 4267 2386 4338 scripsit
2414 4266 2849 4335 ἀναθεματίζειν
2884 4264 2953 4317 θ’.
2995 4262 3170 4316 Ambo
3211 4278 3341 4315 vero
3377 4261 3515 4322 Iure,

1918 4361 2337 4417 maledictiones
2365 4359 2569 4411 inferre
2600 4357 2934 4426 signiﬁcant.

1989 4452 2147 4506 Vers.
2202 4453 2292 4506 74.
2352 4449 2750 4519 Statimque—
2791 4450 2946 4505 Vers.
2993 4450 3079 4503 75.
3138 4466 3239 4502 me.
3304 4447 3517 4498 Marcus

1918 4557 2102 4602 autem
2145 4544 2298 4609 dixit,
2335 4545 2478 4614 quod
2518 4559 2643 4598 cum
2673 4543 2868 4598 Petrus
2895 4543 3066 4598 semel
3102 4545 3342 4610 negavit,
3381 4550 3515 4592 tunc

1920 4639 2092 4710 gallus
2133 4639 2371 4708 primum
2405 4635 2604 4690 cecinit
2640 4655 2652 4689 :
2699 4634 2918 4705 quando
2957 4650 3088 4688 vero
3141 4633 3302 4687 tertio
3346 4647 3516 4700 nega-

1921 4730 2019 4792 vit,
2058 4738 2191 4784 tunc
2224 4729 2470 4783 secundo
2523 4728 2726 4782 cecinit
2777 4729 2845 4779 θ’.
2873 4725 3094 4780 Notavit
3150 4734 3332 4778 antem
3388 4723 3516 4784 IIOt‘,

1920 4822 2286 4878 manifestans
2319 4821 2464 4890 quod
2497 4821 2731 4890 primum
2793 4817 3125 4889 gallicinium
3160 4831 3268 4867 non
3325 4811 3521 4867 admo-

1916 4916 2040 4969 nuit
2069 4929 2218 4969 enm.
2248 4912 2486 4967 Rursum
2519 4923 2704 4966 autem
2744 4912 2918 4966 Lucas
2943 4909 3155 4973 scribit,
3189 4905 3336 4978 quod
3366 4913 3520 4974 post-

2772 5053 2816 5084 "
2856 5051 2987 5104 Ibid.
3026 5049 3114 5116 (58,
3139 5047 3231 5101 72.

1427 5211 1625 5272 Varia)
1657 5210 1966 5273 lectiones
2001 5218 2063 5272 et
2093 5218 2281 5271 notae.

285 5381 402 5449 (9H
434 5377 514 5434 Ita
535 5378 819 5451 Chrysost.
847 5377 939 5431 sed
975 5377 1042 5432 de
1075 5395 1132 5432 re
1165 5379 1292 5444 alia,
1337 5389 1469 5432 tom.
1524 5375 1635 5443 γιι,
1689 5394 1809 5448 pag.

209 5452 399 5594 ⁴Ξὼε)
450 5522 540 5582 Ὣς
569 5522 598 5574 ὁ
627 5518 975 5583 διδασκαλος.
1010 5519 1067 5575 Β,

282 5680 618 5746 ,πηγαί-ειη.
660 5678 776 5733 Imo
813 5696 964 5733 cara.
1002 5677 1164 5732 Forte
1197 5677 1324 5746 κενῇ
1369 5689 1468 5744 pro
1511 5675 1664 5747 κοίλῃ
1721 5675 1800 5728 in~

212 5762 463 5809 venerat.

1999 5375 2113 5445 (95)
2148 5375 2223 5429 Ita
2256 5385 2420 5430 etiam
2457 5389 2684 5443 uterque
2725 5377 2779 5428 in
2813 5385 3076 5430 contextu
3115 5372 3372 5445 Mattbaei.
3407 5373 3520 5445 Ile-

1927 5441 2033 5501 cte.
2069 5447 2523 5514 Alterum,-qu0d
2561 5441 2659 5501 nec
2688 5446 3100 5515 Complutensis
3131 5445 3298 5502 editio
3329 5441 3523 5507 habet,

1927 5533 1994 5572 ex
2023 5533 2124 5572 suo
2157 5517 2358 5570 chico
2391 5518 2736 5587 deprompsit
2767 5516 3045 5572 Erasmus.

1990 5677 2094 5741 (oo)
2137 5672 2354 5738 Qualem
2389 5673 2638 5727 reddidit.
2665 5672 2954 5740 Quomodo
2981 5673 3184 5728 aﬂceit.
