4080 6424
566 409 676 471 703

1812 394 2194 454 EUTHYMH
2239 393 2599 453 ZIGABENI

3733 388 3831 450 704

565 538 729 590 quam
764 522 938 592 gallus
973 518 1193 580 ceoinit,
1230 529 1530 570 conversus
1582 511 1845 565 Dominus
1907 511 2149 579 res‘pesit

2290 512 2516 579 τραφεὶς
2552 513 2577 562 ὀ
2610 509 2832 579 Κύριος,
2887 508 3143 576 ἐνέϐλεψε
3204 510 3283 578 τῷ
3342 511 3570 579 Πέτρῳ,
3604 511 3694 563 διὰ
3745 515 3834 567 τοῦ

570 610 814 674 Petrum,
859 626 953 679 per
977 617 1258 676 aspectum
1310 606 1375 658 ad
1437 603 1758 658 memoriam
1819 618 1944 656 eum
1990 601 2152 654 redu-

570 717 701 756 cens
728 703 792 754 ".
867 701 1015 755 Adeo
1082 700 1226 752 enim
1297 697 1447 750 illiilli
1510 695 1790 750 (Μενίππη.
1851 694 2034 753 timor.
2097 702 2156 746 ut

581 793 926 863 paulominus
953 791 1118 844 fuerit
1161 799 1444 843 emortuus
1484 805 1495 838 :
1546 801 1780 855 eumque
1821 785 1994 853 gallus
2043 799 2152 836 non

571 886 741 942 Semel
785 894 1020 948 tantum,
1061 883 1155 936 sed
1181 891 1234 935 et
1268 882 1352 934 bis
1391 881 1703 936 cecinisset.
1738 892 1919 945 neque
1973 880 2046 930 ita
2089 877 2155 930 ad

572 991 794 1030 sensum
839 975 1094 1032 redierat.
1128 973 1221 1027 sed
1258 987 1396 1039 Opus
1421 971 1585 1025 etiam
1640 967 1819 1020 fuerat
1857 967 2158 1020 Salvatoris

572 1074 822 1135 aspectu.
883 1064 1017 1119 Vide
1072 1079 1204 1133 ergo
1258 1061 1628 1116 infirmitatem
1673 1058 1726 1111 in
1785 1073 1948 1126 quam
2004 1057 2156 1111 brevi

576 1168 824 1226 tempore
864 1157 1026 1210 tertio
1065 1153 1362 1225 negaverit,
1389 1159 1445 1205 et
1475 1149 1786 1205 successive
1816 1158 1926 1201 tres
1967 1149 2163 1203 emise-

577 1251 649 1303 rit
682 1251 1022 1319 negationes,
1055 1265 1162 1303 non
1215 1244 1607 1317 quaestionibus
1653 1243 2016 1308 examinatus,
2065 1241 2156 1296 sed

579 1340 721 1394 forte
745 1340 963 1394 fortuna
992 1340 1047 1393 in
1082 1339 1315 1393 transitu
1356 1338 1672 1406 requisitus.

647 1431 805 1485 Vers.
864 1433 952 1487 75.
1019 1431 1084 1486 Et
1135 1448 1370 1502 egressus
1401 1459 1467 1472 -—-
1500 1445 1704 1482 amare.
1761 1425 2027 1498 Egressus
2080 1436 2165 1480 est

579 1522 747 1585 foras,
800 1539 868 1577 ne
929 1523 1070 1577 forte
1133 1523 1270 1576 ﬂens
1330 1531 1385 1576 et
1433 1521 1550 1589 ipse
1616 1517 2162 1589 apprehenderetur.

580 1615 753 1668 Flevit
786 1625 990 1678 autem,
1020 1630 1126 1668 non
1181 1624 1479 1679 utcunque.
1527 1609 1624 1664 sed
1677 1608 1896 1662 acerbe.
1951 1607 2165 1659 Marcus

583 1716 766 1761 autem
802 1706 934 1759 dicit
965 1706 1030 1768 ’⁸,
1059 1706 1201 1774 quod
1230 1704 1490 1773 adjiciens
1517 1701 1660 1756 ﬂevit
1696 1718 1710 1766 ;
1745 1700 2030 1766 adjieicns,
2065 1698 2167 1752 hoc

582 1807 667 1850 est
702 1797 988 1866 incipiens.
1019 1796 1261 1851 Joannes
1287 1812 1417 1851 vero
1450 1797 1578 1860 hoc,
1617 1803 1883 1861 tanquam
1931 1793 2000 1845 ab
2046 1792 2165 1844 aliis

582 1893 791 1947 dictum
822 1892 1195 1962 praetermisit.

657 1983 851 2037 Vidisti
881 1983 1210 2052 peccatum?
1237 1983 1359 2035 vide
1394 1991 1450 2035 et
1477 1979 1882 2050 paenitentiam.
1929 1978 2010 2032 Ob
2063 1979 2168 2031 hoc

586 2073 734 2127 enim
799 2084 1022 2140 peccata
1082 2082 1136 2126 et
1197 2072 1543 2140 pmnitentize
1607 2081 1920 2126 sanctorum
1971 2071 2168 2138 scripta

588 2174 738 2220 sunt.
801 2165 1108 2220 Permissus
1161 2175 1246 2220 est
1291 2174 1474 2220 autem
1538 2166 1735 2220 cadere
1787 2164 2002 2226 Petrus.
2061 2179 2171 2215 non

590 2264 813 2324 prepter
850 2255 1027 2310 dictas
1069 2264 1281 2309 tantum
1315 2270 1530 2315 causas.
1567 2255 1660 2308 sed
1707 2255 1873 2308 etiam
1918 2261 1977 2306 ut
2026 2253 2176 2323 igno-

592 2361 744 2399 scere
769 2347 947 2400 discat
1000 2348 1082 2400 his
1113 2361 1332 2415 quoque
1359 2347 1451 2414 qui
1492 2345 1773 2407 labuntur,
1816 2349 2012 2398 horum
2069 2347 2176 2398 im-

595 2439 950 2493 becillitatem
982 2454 1048 2491 ex
1079 2453 1175 2492 sua
1205 2452 1544 2506 cognoscens
1588 2456 1599 2489 ε
1649 2453 1774 2490 nam
1811 2447 1994 2506 pastor
2041 2453 2176 2490 con-

594 2530 907 2586 S'ituendus
941 2538 1060 2584 erat
1103 2539 1197 2585 :et
1250 2539 1308 2583 ut
1355 2545 1673 2599 magnorum
1709 2531 1882 2583 factus
1925 2540 2180 2598 operator

595 2623 1007 2684 miraculorum,
1059 2621 1340 2676 modestus
1377 2623 1466 2687 sit,
1509 2637 1570 2675 ae
1614 2621 1696 2673 sui
1729 2635 1889 2674 casus
1928 2622 2182 2673 recorda-

596 2725 704 2776 tus,
742 2715 850 2768 Deo
877 2729 991 2767 rem
1033 2728 1252 2767 omnem
1281 2713 1536 2767 ascribat.
1572 2710 1852 2780 Siquidem
1889 2722 1943 2766 et
1981 2713 2181 2766 Paulus

596 2820 718 2856 cum
755 2803 1146 2858 tentationibus
1178 2803 1480 2874 permissus
1520 2813 1603 2857 est
1629 2818 1890 2874 pugnare,
1919 2819 1988 2856 ne
2009 2803 2183 2856 extol-

596 2894 826 2957 leretur,
863 2904 922 2946 ut
957 2894 1072 2962 ipse
1096 2893 1172 2946 ait
1227 2895 1290 2946 ’³.
1321 2893 1671 2948 Potissimum
1724 2906 1929 2956 autem,
1962 2898 2021 2947 ut
2054 2909 2177 2960 pecv

596 2984 879 3039 caloribus
914 2984 1119 3038 clarum
1169 2990 1315 3037 esset
1373 2983 1704 3051 pte-nitentia:
1763 2983 2096 3051 exemplum.
2128 2983 2184 3038 Si

598 3077 746 3130 enim
798 3085 1120 3129 creterorum
1175 3075 1430 3144 princeps
1482 3075 1876 3144 apostolorum,
1913 3076 2006 3141 qui
2051 3077 2186 3129 tales

600 3169 830 3222 virtutes
866 3177 922 3222 et
957 3168 1168 3221 viderat
1196 3179 1249 3222 et
1279 3168 1506 3232 fecerat,
1552 3167 1771 3220 tandem
1829 3167 1880 3219 in
1942 3167 2187 3236 negatio-

601 3275 726 3314 nem
763 3261 945 3329 lapsus
971 3273 1056 3314 est
1100 3278 1112 3313 :
1147 3257 1343 3312 deinde
1387 3259 1571 3330 agnito
1603 3260 1798 3313 delicto
1826 3259 1974 3311 illum
2015 3259 2189 3328 pmni-

603 3351 728 3412 tuit,
773 3359 957 3403 etnon
989 3349 1162 3402 solum
1202 3349 1352 3401 brevi
1389 3359 1634 3418 tempore
1667 3347 1934 3400 maculam
1969 3363 2185 3403 omnem

601 3439 881 3500 abstersit,
935 3437 1027 3491 sed
1078 3446 1132 3490 et
1184 3445 1504 3490 cwterorum
1578 3446 1762 3506 pastor
1796 3437 2188 3506 discipulorum

603 3540 822 3586 CI’CﬂlUS
870 3539 975 3594 ρει,
1033 3539 1089 3583 et
1128 3530 1423 3582 ιηυὶιοτυηι
1455 3544 1518 3582 ac
1567 3544 1888 3599 magnorum
1937 3539 2190 3597 operator

607 3623 996 3676 miraculorum
1025 3621 1328 3691 appellatus
1370 3631 1453 3673 est
1488 3637 1502 3685 ;
1538 3620 1745 3672 nullum
1789 3620 1881 3687 qui
1931 3620 2191 3673 ceciderit

605 3715 900 3782 desperare
937 3714 1216 3777 convenit,
1247 3714 1341 3768 sed
1393 3712 1536 3764 illico
1591 3712 1967 3781 paenitentiam
2002 3727 2164 3780 agere

607 3821 731 3864 cum
785 3805 1003 3860 divitias
1053 3813 1346 3874 cognoscat
1399 3803 1838 3858 mansuetudinis
1873 3803 2110 3857 Domini.

682 4091 873 4147 Ethic
935 4105 1152 4160 quoque
1213 4090 1637 4155 observandum,
1697 4091 1841 4160 quod
1901 4091 2192 4146 Mattheus

609 4183 830 4254 quidem
868 4185 884 4213 ί
921 4192 978 4236 et
1013 4182 1223 4236 Marcus
1252 4185 1271 4213 ¹
1305 4184 1645 4250 scripserunt
1701 4183 1938 4252 primum
1991 4183 2190 4237 iactant

610 4291 731 4331 esse
756 4291 785 4328 a
818 4275 1065 4344 principe
1097 4275 1441 4328 sacerdotum
1504 4275 2009 4342 interrogationem,
2039 4278 2196 4332 dein-

610 4369 678 4424 de
705 4367 1024 4422 Judieorum
1061 4366 1312 4434 injurias.
1375 4375 1429 4419 et
1462 4366 1808 4434 postmodum
1851 4365 1994 4420 Petri
2030 4384 2194 4436 nega-

610 4458 808 4510 tiones.
839 4455 1012 4509 Lucas
1048 4469 1175 4506 vero
1210 4454 1443 4522 primum
1480 4452 1622 4506 Petri
1653 4455 1996 4524 negationes,
2038 4455 2194 4509 dein-

2257 602 2570 671 βλέμματος
2635 602 3074 670 ὑπομιμνήσκων
3142 602 3325 655 αὐτόν.
3373 603 3646 656 Τοσοῦτον
3733 607 3836 676 γὰρ

2255 692 2421 745 αὐτοῦ
2496 694 2909 761 κατεκράτησεν
2948 696 2973 745 ὁ
3011 693 3199 760 φόϐος,
3242 695 3317 756 ὠς
3404 696 3839 766 ἀποτεθνηκέναι

2259 786 2598 855 μικροῦ,καὶ
2653 787 2745 839 τοῦ
2803 787 3099 852 ἀλέκτορος
3148 789 3505 855 φωνήσαντος
3553 792 3616 841 οὗ
3685 793 3840 858 μόνον

2258 878 2424 941 ἁπαξ,
2447 876 2580 928 ἀλλά
2613 877 2705 928 καὶ
2735 877 2837 939 δὶς,
2870 877 2992 945 μηδ’
3041 877 3213 938 οὕτως
3245 880 3324 940 εἰς
3351 879 3609 948 αἴσθησιν
3642 881 3838 941 ἐλθεῖν,

2257 970 2391 1023 ἁλλά
2423 969 2680 1037 δεηθῆναι
2716 972 2809 1022 καί
2839 969 2933 1021 τοῦ
2975 969 3288 1038 βλέμματος
3317 969 3410 1021 τοῦ
3439 973 3716 1040 Σωτῆρος,
3743 974 3844 1026 Ἰῖε

2258 1062 2388 1130 γοῦν
2424 1062 2728 1120 ἀσθένειαν,
2762 1060 2895 1124 πῶς.
2917 1064 2972 1114 ἐν
3001 1061 3194 1130 βραχεῖ
3220 1062 3401 1132 καιρῷ
3460 1064 3647 1131 τρίτον
3679 1067 3845 1133 ἠρνή-

2261 1173 2412 1218 σατο,
2440 1157 2534 1208 καὶ
2564 1157 2625 1207 ἐκ
2659 1154 2911 1222 διαδοχῆς
2940 1154 3039 1216 τὰς
3062 1157 3211 1224 τρεῖς
3243 1158 3501 1226 ἀρνήσεις
3528 1158 3846 1226 ἐποιήσατο,

2261 1249 2354 1298 καὶ
2387 1246 2488 1299 οὐκ
2519 1246 2872 1315 ὲτιιζόμενος,
2908 1246 3046 1312 ἀλλ’,
3081 1247 3156 1309 ὡς
3197 1247 3380 1316 ἔτυχε,
3413 1251 3555 1300 κατά
3611 1251 3844 1318 πάροδον

2261 1339 2286 1389 ἑ
2295 1337 2449 1406 ρωτώ
2457 1355 2616 1406 μενος
2626 1377 2638 1390 .

2329 1429 2439 1482 Καὶ
2484 1429 2752 1492 ἐξελθὼν
2798 1459 2867 1467 -
2894 1428 3138 1497 πικρῶς.
3206 1430 3462 1498 Ἐξῆλθεν
3501 1431 3629 1494 ἔξω,
3660 1431 3852 1500 φοϐού-

2269 1538 2427 1588 μενος
2476 1522 2689 1590 μήποτε
2742 1521 2946 1574 κλαίων
3002 1522 3314 1590 κατασχεθῇ
3365 1524 3458 1575 καὶ
3507 1523 3697 1584 αὑτός.
3768 1524 3858 1575 Ἐ-

2265 1615 2467 1667 κλαυσε
2485 1615 2542 1667 δὲ
2564 1613 2661 1682 οὐχ
2680 1614 2888 1675 ἁπλῶς,
2903 1613 3039 1666 ἁλλά
3062 1612 3298 1681 πικρῶς.
3318 1613 3376 1664 '0
3389 1613 3443 1665 δὲ
3463 1614 3695 1681 Μάρκος
3713 1609 3859 1664 εἶπεν

2267 1709 2350 1761 ὅτι
2407 1707 2688 1760 ἐπιϐαλὼν
2746 1707 3000 1759 ἔκλαιενο
3047 1703 3498 1769 ὲπιὸαλὼν,ἀντὶ
3546 1705 3858 1774 τοῦ,ἀρξ.ὶ-

2273 1817 2454 1870 μενος.
2513 1800 2769 1867 Ἰωάννης
2797 1799 2853 1850 δὲ
2888 1799 2982 1850 καὶ
3022 1796 3182 1849 τοῦτο
3243 1796 3628 1866 παρέδραμεν,
3654 1796 3730 1858 ὡς
3756 1800 3862 1856 τοῖς

2199 1870 2242 1923 Β
2270 1891 2452 1952 ἄλλοις
2482 1890 2796 1960 εἰρημένον.

2333 1979 2486 2043 Εἶδες
2519 1983 2619 2050 τὴν
2651 1980 2952 2050 ἁμαρτίαν,
2991 1981 3067 2032 [Ba
3105 1980 3200 2032 καὶ
3250 1979 3348 2047 τὴν
3405 1979 3726 2048 μετάνοιαν.
3767 1978 3862 2028 Διὰ

2271 2074 2430 2126 τοῦτο
2463 2072 2571 2141 γάρ
2607 2073 2698 2124 καὶ
2739 2073 2795 2125 αί
2864 2071 3132 2140 ἁμαρτίαι
3189 2073 3282 2124 καὶ
3323 2073 3378 2124 ai
3437 2072 3719 2138 μετάνοιπι
3761 2072 3814 2120 τί
3840 2088 3865 2115 ν

2274 2166 2445 2232 ἁγίων
2478 2165 2824 2234 ἐγράφησαν,
2847 2163 2970 2229 ἵνα,
2996 2164 3123 2216 ὅταν
3157 2163 3519 2233 ἁμάρτωμεν,
3573 2161 3868 2232 μιμώμεθα

2276 2258 2374 2326 τὴν
2418 2257 2626 2308 τούτων
2690 2255 3000 2324 μετάνοιαν.
3063 2255 3440 2325 Παρεχωρήοη
3495 2254 3553 2306 δὲ
3614 2256 3798 2304 πεσεῖν
3847 2256 3869 2304 ὁ

2328 2349 2484 2418 ἐτρος
2517 2349 2577 2399 οὐ
2633 2348 2791 2415 μόνον
2821 2348 2908 2400 διὰ
2939 2347 3036 2410 τάς
3065 2348 3319 2413 ἀνωτέρω
3367 2347 3638 2414 ῥηθείσας
3672 2345 3868 2405 αἰτίας,

2279 2438 2415 2491 ἀλλά
2450 2440 2541 2489 καὶ
2567 2437 2656 2491 ἵνα
2686 2438 2834 2508 μάθῃ
2865 2439 3273 2506 συγγνωμονεῖν
3305 2438 3415 2496 τοῖς
3439 2437 3865 2495 ὀλισθαίνουτιν,

2281 2532 2344 2582 ὲκ
2386 2529 2485 2597 τῆς
2515 2530 2723 2592 οἰκείας
2758 2529 3046 2591 ἀσθενείας
3084 2529 3178 2581 καὶ
3231 2529 3331 2596 τὴν
3370 2527 3578 2579 τούτων
3615 2528 3871 2593 ἐπιγινώσ-

2284 2636 2459 2673 σκων·
2496 2620 2688 2689 ἔμελλε
2725 2619 2833 2687 γάρ
2864 2619 3068 2688 ποιμὴν
3112 2619 3488 2687 καταστῆναιο
3533 2620 3626 2670 καὶ
3664 2616 3754 2669 ἵνα
3783 2633 3870 2666 τε-

2283 2715 2601 2782 λεσιουργὸς
2650 2712 2903 2779 μεγάλων
2957 2712 3250 2780 θαυμάτων
3300 2711 3610 2778 γινόμενος,
3659 2726 3875 2778 μετριο-

2286 2808 2478 2875 φρονῇ,
2507 2806 2602 2858 καὶ
2647 2806 2741 2857 τοῦ
2804 2804 3097 2872 πτώματος
3154 2801 3538 2872 μνημονεύων,
3562 2802 3643 2871 τῷ
3673 2801 3787 2870 Θεῷ
3820 2800 3876 2851 τὸ

2287 2901 2395 2957 πᾶν
2429 2897 2832 2966 ἐπιγράφηται.
2856 2898 2964 2948 Καὶ
2996 2895 3209 2956 Παῦλος
3242 2895 3352 2964 γὰρ
3381 2896 3715 2964 πειρασμοῖς
3765 2892 3873 2960 (94)

2288 2992 2466 3059 ἀφὲθη
2524 2989 2798 3053 παλαίειν,
2826 2989 2911 3040 ἵνα
2955 2987 3145 3058 μὴ,ὼς
3200 2987 3363 3048 αὐτός
3406 3003 3597 3054 φησιν,
3653 2987 3880 3053 ὑπεραί-

2293 3101 2454 3155 ρηται
2480 3100 2494 3115 ο
2524 3084 2585 3135 τὸ
2611 3083 2668 3134 δὲ
2704 3080 2915 3152 μεῖζον,
2940 3083 3027 3134 ἵνα
3065 3084 3177 3143 τοῖς
3213 3081 3597 3150 ἁμαρτάνουσι
3628 3080 3878 3147 λαμπρὸν

2214 3199 2256 3257 c
2290 3179 2377 3247 είη
2409 3177 2762 3247 παράδειγμα
2797 3175 3106 3244 μετανοίας.
3145 3176 3207 3228 Ei
3236 3174 3347 3241 (95)
3379 3175 3490 3243 γὰρ
3521 3177 3549 3226 ὁ
3583 3177 3879 3241 κορυφαῖος

2294 3269 2402 3320 τῶν
2432 3265 2713 3336 μαθητῶν,
2740 3269 2766 3318 ὸ
2793 3265 3134 3335 τηλικούτων
3163 3264 3450 3333 δυνάμεων
3473 3265 3575 3320 τὰς
3610 3265 3708 3334 μὲν
3743 3265 3876 3325 ἰδὼν,

2294 3360 2392 3422 τὰς
2422 3359 2478 3410 δὲ
2512 3357 2762 3419 τελέσας,
2784 3355 3008 3425 ὕστερον
3039 3354 3342 3424 ὠλίσθησεν
3371 3357 3452 3417 είς
3491 3355 3746 3424 ἄρνησιν,
3766 3351 3881 3406 εἶτα

2297 3452 2356 3502 τ),
2390 3449 2934 3520 πεπλημμελημένοι]
2976 3447 3236 3514 ἐπιγνοὺς
3282 3448 3378 3498 καὶ
3437 3449 3801 3515 μετανοήσας.
3825 3449 3878 3496 οὐ

2301 3543 2460 3612 μόνον
2490 3541 2546 3593 ὲν
2578 3541 2743 3610 ὀλίγῳ
2786 3537 2964 3607 καιρῷ
2994 3538 3178 3590 τιλεον
3210 3537 3356 3591 ἁπαν
3404 3538 3718 3608 ἀπήλειψεν
3749 3538 3879 3607 (96}.

2301 3633 2434 3686 ἀλλά
2455 3633 2548 3684 καὶ
2581 3632 2784 3702 ποιμὴν
2809 3630 2915 3684 τῶν
2936 3631 3110 3684 ἄλλων
3137 3630 3403 3700 μαθητῶν
3428 3629 3766 3699 προεὸλήθη,
3792 3633 3881 3680 καὶ

2299 3723 2508 3776 πολλῶν
2547 3723 2642 3774 καὶ
2678 3721 2931 3792 μεγάλων
2963 3722 3270 3790 θαυμάτων
3303 3721 3608 3790 αὐτουργὸς
3643 3723 3882 3791 ἐχρημά-

2297 3833 2446 3868 τισεν
2470 3832 2484 3846 ο
2508 3815 2697 3867 οὐδένα
2732 3815 2975 3866 πεσόντα
3005 3813 3108 3882 χρὴ
3147 3816 3509 3873 καταπεσεῖν,
3536 3813 3653 3864 ἀλλ’
3687 3815 3884 3864 αὐτίκα

2303 3909 2605 3975 μετανοεῖν,
2637 3905 2926 3958 ἐννοοῦντα
2956 3905 3049 3957 τὸν
3089 3903 3320 3957 πλοῦτον
3358 3903 3460 3972 τῆς
3491 3903 3586 3956 τοῦ
3616 3906 3882 3955 Δεσπότου

2302 3999 2698 4069 χρηστότητος.

2372 4089 2669 4148 Κάνταῦθα,
2714 4091 2771 4144 δὲ
2829 4090 3252 4160 παρατηρητέον
3301 4090 3382 4142 ὅτι
3458 4090 3741 4152 Ἀῐατθαῖος
3795 4091 3886 4157 μὲν

2302 4181 2396 4234 καὶ
2453 4183 2681 4251 Μάρκος
2703 4182 2952 4252 ἔγραψαν
2980 4183 3196 4248 πρῶτον
3213 4182 3471 4249 γενέσθαι
3501 4182 3601 4252 τὴν
3633 4185 3783 4251 παρὰ
3801 4181 3886 4234 τοῦ

2300 4275 2598 4343 ἀρχιερέως
2657 4275 2949 4344 ἐρώτησιν,
3017 4271 3136 4326 εἷτα
3185 4277 3282 4336 τάς
3313 4275 3424 4326 ἀπὸ
3463 4274 3571 4325 τῶν
3615 4273 3886 4326 Ἰουδαίων

2303 4366 2547 4433 ἀτιμίας,
2598 4366 2788 4417 ἔπειτα
2840 4366 2938 4426 τάς
2971 4365 3230 4434 ἀρνήσεις
3261 4362 3354 4416 τοῦ
3396 4365 3641 4433 Πέτρου⁸
3677 4365 3887 4423 Λουκᾶς

2301 4457 2358 4509 δὲ
2395 4457 2609 4526 πρῶτον
2644 4457 2742 4519 τὰς
2792 4459 3072 4528 ἀρνήσεις·
3110 4452 3226 4508 εἶτα
3257 4459 3355 4517 τὰς
3387 4455 3637 4524 ἀτιμίας,
3674 4457 3882 4514 ἔπειτα,

609 4549 676 4604 de
706 4548 954 4616 injurias.
991 4544 1339 4614 postmodum
1373 4543 1515 4597 facto
1545 4544 1651 4613 iam
1701 4544 1787 4597 die
1820 4545 2176 4616 interrogatio

2308 4551 2604 4619 γενομένης
2633 4550 2848 4619 ἡμέρας
2877 4548 3084 4614 λοιπὸν,
3108 4550 3206 4618 τὴν
3231 4550 3527 4618 ἐρώτησιν.
3567 4550 3630 4602 Οί
3657 4549 3758 4618 μὲν
3783 4548 3884 4615 γάρ

610 4656 706 4694 nes
737 4641 776 4693 ³.
829 4637 904 4691 Illi
939 4637 1211 4705 siquidem
1256 4651 1364 4688 non
1420 4636 1594 4689 solum
1623 4652 1685 4688 ea
1740 4652 1860 4704 quae
1893 4639 2027 4690 facta
2065 4647 2196 4692 sunt

612 4734 939 4795 retulerunt,
978 4732 1074 4784 sed
1103 4739 1159 4784 et
1200 4729 1406 4783 ordinis
1439 4745 1620 4783 rerum
1674 4739 1949 4798 gestarum
2007 4746 2193 4786 curam

613 4827 921 4879 habuerunt
957 4840 971 4876 :
1003 4822 1090 4877 hic
1120 4831 1301 4877 autem
1333 4821 1473 4877 facta
1528 4829 1737 4875 tantum
1789 4823 2057 4876 relatione
2113 4838 2198 4875 rc-

614 4935 734 4973 rum
791 4921 1248 4986 perpetratarum,
1293 4915 1502 4969 ordinis
1546 4929 1731 4968 curam
1783 4928 1893 4966 non
1933 4914 2142 4966 habuit.

684 5008 818 5076 Cap.
851 5003 1063 5059 XXVII.
1115 5002 1270 5058 Vers.
1304 5005 1356 5058 1.
1393 5004 1549 5058 Mane
1575 5036 1644 5043 —-
1668 5003 1825 5058 V'ers.
1855 5004 1909 5056 2.
1946 5003 2190 5056 Pra'sidt'.

615 5105 876 5161 Similiter
914 5113 969 5157 et
1001 5101 1216 5156 Marcus
1254 5110 1309 5156 et
1351 5100 1528 5156 Lucas
1579 5101 1834 5155 dixerunt
1858 5104 1879 5130 ⁵
1905 5117 1918 5164 ;
1949 5099 2191 5153 Joannes

687 5286 734 5318 "
760 5285 889 5338 Luc.
923 5301 1055 5346 xm,
1078 5284 1166 5338 61.
1241 5283 1288 5315 ’⁸
1311 5281 1477 5335 Marc.
1509 5294 1619 5333 xtv.
1650 5277 1736 5331 72.

621 5355 710 5416 66.
774 5357 794 5388 ⁸
831 5357 958 5410 Luc.
990 5370 1121 5419 χιιι,
1154 5355 1243 5420 56,
1276 5353 1364 5416 63,
1395 5352 1485 5405 66.

2298 4643 2356 4694 οὐ
2384 4643 2544 4711 μόνον
2579 4641 2924 4710 ἀπήγγειλαν
2951 4643 3019 4694 τά
3052 4643 3447 4712 πεπραγμένα,
3481 4641 3622 4694 ἀλλὰ
3651 4644 3744 4693 καὶ
3786 4641 3881 4708 τῆς

2297 4734 2506 4798 τάξεως
2536 4734 2717 4786 αὐτῶν
2745 4734 3092 4802 ἐφρόντισαν·
3131 4735 3158 4785 ὁ
3189 4734 3269 4797 δὲ,
3321 4735 3493 4802 μόνης
3519 4734 3617 4799 τῆς
3645 4736 3886 4800 ἀπαγγεο

2300 4825 2420 4886 λίας
2448 4824 2558 4876 τῶν
2583 4825 2995 4894 πεπραγμένων
3017 4824 3332 4892 γενόμενος,
3362 4825 3461 4893 τῆς
3488 4824 3694 4890 τάξεως
3716 4822 3885 4875 αὐτῶν

2301 4917 2402 4968 οὐκ
2433 4914 2770 4984 ἐφρόντισεν.

2377 5005 2599 5072 ιΙρωτας
2631 5035 2701 5043 -
2758 5004 3029 5074 ἡγεμόνι.
3075 5005 3311 5074 Ὀμοίως
3373 5005 3467 5056 καὶ
3517 5005 3745 5073 Μάρκος
3797 5005 3886 5054 κεῖ

2301 5099 2515 5160 Λουκᾶς
2545 5093 2722 5152 εἷπον.
2756 5095 3012 5168 Ἰωάννης
3044 5096 3101 5147 δέ
3154 5113 3320 5164 φησιν
3376 5097 3459 5148 ὅτι
3519 5098 3763 5165 Ἀγουσι
3791 5096 3886 5147 τεν

1850 5278 1894 5307 θ’
1925 5273 1970 5328 ιι
1992 5272 2118 5328 Cor.
2146 5273 2328 5338 xn,'7.
2407 5273 2421 5303 ¹
2451 5272 2646 5328 Matth.
2683 5290 2829 5338 xxvi,
2871 5275 2959 5338 59,
2990 5273 3090 5339 67,
3116 5272 3206 5327 69.
3284 5275 3303 5303 ²
3331 5272 3500 5329 Marc.
3523 5290 3637 5339 xw,
3681 5276 3769 5337 55,
3804 5273 3882 5338 65,

1598 5351 1618 5377 ι
1651 5346 1818 5402 Marc.
1843 5361 1930 5409 xv,
1960 5345 1977 5395 Ι
2009 5361 2022 5406 ;
2058 5344 2192 5402 Luc.
2216 5336 2333 5402 itm.
2363 5345 2408 5396 l.
2820 5336 2823 5338 ’
2947 5336 2954 5338 “
3065 5336 3095 5355 ’⁸

1823 5511 2020 5571 Varim
2080 5507 2382 5580 lectiones
2416 5517 2476 5570 et
2506 5516 2697 5571 noue.

702 5681 814 5750 (94)
861 5678 1104 5748 Ἀφείθη,
1137 5679 1271 5734 Cod.
1308 5679 1369 5732 A.
1399 5680 1457 5733 ln
1495 5679 1597 5750 hoe
1623 5677 1942 5750 plerumque
1971 5674 2198 5728 variant.

707 5745 820 5819 (95')
857 5745 1037 5813 Εἰκὸς,
1062 5745 1160 5818 pro
1200 5752 1270 5809 εἱ,
1299 5751 1391 5804 dat
1423 5750 1544 5803 eod.
1573 5748 1635 5801 Α.
1670 5745 1827 5819 Male.

707 5815 818 5893 (υῦ)
853 5815 1201 5892 ’Λπήλείψεῃ
1232 5820 1290 5887 Β,
1320 5819 1636 5891 ἀπείληφεν,
1669 5818 1730 5871 Α.
1768 5816 1898 5871 Illud
1923 5816 2082 5871 etiam
2117 5815 2203 5870 in-

2313 5673 2465 5726 venit
2497 5671 2822 5726 Hentenitts.
2858 5675 2997 5742 Ergo
3047 5674 3222 5729 scriba
3283 5674 3410 5728 eod.
3442 5675 3485 5726 Α
3519 5673 3764 5729 confudit
3803 5689 3881 5726 vo-

2312 5744 2472 5799 cales.
2509 5752 2560 5796 ut
2625 5744 2775 5797 alibi.
2813 5745 2955 5798 Alias
3009 5744 3065 5798 iu
3119 5753 3359 5799 mentem
3401 5747 3660 5813 cuiquam
3708 5744 3880 5798 venire

2312 5814 2480 5882 possit
2517 5814 2841 5885 ἀπείληφεν.
