4100 6392
195 367 313 431 713

1064 369 1452 432 COMMENT.
1496 371 1577 432 IN
1617 373 2171 436 MATTIL‘EUM."'
2211 377 2366 437 CAP.
2412 379 2653 441 XXVII.

3371 386 3475 451 714

282 485 394 539 Kal
419 484 885 554 -ἀπεκρίνατα
925 486 1182 558 Σφοδρῶς
1220 488 1328 561 γὰρ
1350 489 1453 561 ήδη
1491 488 1791 561 λυττησάν-

1970 491 2127 546 Vers.
2163 492 2247 547 l2.
2286 494 2350 547 Et
2370 524 2438 534 -—
2461 497 2746 562 respondit.
2776 495 2912 553 Cum
2943 497 3088 553 enim
3120 500 3478 557 vehementer

199 592 320 629 των
369 580 450 641 εἰς
490 579 583 630 τὸν
623 578 783 646 φόνον
817 578 1010 645 αὐτοῦ,
1046 580 1141 634 καὶ
1173 581 1495 635 ἀκαθέκτων
1524 582 1664 645 ὅλως
1695 599 1789 651 γε-

197 670 469 735 γονῦτων,
525 668 668 739 ἔγνω
736 671 973 741 ματαίαν
1024 668 1164 728 εἶναι
1210 672 1305 726 τοῦ
1359 673 1546 726 λοιποῦ
1609 676 1791 728 πᾶσαν

198 762 239 815 ὁ
251 761 535 832 πολογίαν.

282 855 429 909 Τότε
452 884 515 895 -
549 859 1117 927 καταμαρτυροῦσις
1156 858 1329 913 Τοῦ-ιο
1385 860 1536 927 λέγει
1607 877 1789 931 πειρα-

200 946 378 999 κινῶν
409 948 575 1002 αὐτὸν
605 950 688 1015 εἰς
718 950 778 1002 τὸ
811 949 1263 1023 ἀπολογήσασθαι
1311 952 1405 1005 καὶ
1462 952 1790 1022 ἀπαλλαγῆ-

204 1056 298 1090 ναι
320 1056 336 1070 ·
382 1043 478 1093 καὶ
510 1042 621 1113 γὰρ
648 1043 949 1111 ἐγίνωσκεν
1000 1043 1083 1097 ὄτι
1126 1044 1258 1116 ῥᾷον
1292 1042 1536 1099 διαλύσει
1566 1046 1666 1109 τὰς
1692 1062 1789 1098 συί

202 1132 508 1197 κοραντίας
537 1133 734 1187 αὐτῶν.

279 1224 391 1277 Ea!
428 1256 495 1266 --
513 1224 697 1295 ῥῆμα.
734 1225 806 1279 Τὸ
840 1225 969 1294 ἑξῆς
996 1224 1104 1297 γὰρ
1137 1226 1402 1297 περιττὴν
1464 1229 1650 1297 ἡγεῖτο
1693 1227 1790 1280 καλ⁵

200 1313 304 1383 τὴν
338 1316 477 1383 πρὸς
516 1316 679 1370 αὐτὸν
710 1318 1031 1389 ἀπόκρισιν,
1053 1317 1130 1381 ὡς
1155 1318 1231 1388 μὴ
1252 1317 1556 1388 δυνάμενον
1589 1318 1786 1384 αὐτοὺς

201 1403 547 1458 ἀναστεῖλαι.
594 1406 705 1458 Καὶ
751 1406 859 1476 γὰρ
888 1402 957 1477 ἦν
1005 1408 1104 1476 μὲν
1159 1408 1527 1479 μισοπόνηρος
1555 1411 1582 1462 ὁ
1618 1408 1788 1463 Πιλὰ-

200 1511 315 1560 τος,
372 1499 468 1550 καὶ
516 1498 725 1569 σφόδρα
763 1498 1034 1571 ὴθέλησεν
1091 1500 1375 1566 ἐξελέσθαι
1408 1502 1502 1555 τὸν
1548 1505 1783 1573 Ἰησοῦν

204 1588 457 1652 μαλακὸς
483 1588 540 1642 δὲ
568 1587 666 1655 ὣν,
709 1590 949 1644 ἐνεδίδου
974 1592 1097 1655 ταῖς
1134 1592 1359 1646 ἐκείνων
1384 1594 1605 1665 ὁρμαῖς.

266 1767 454 1822 Ὥστε
477 1797 539 1806 -
571 1770 736 1825 λίαν.
768 1767 1109 1839 Θαυμάζειν,
1143 1772 1261 1836 πῶς
1299 1771 1638 1829 ἐνδείκνυται
1663 1792 1786 1828 τοσ-

201 1855 379 1927 αύτην
405 1857 735 1923 ἐπιείκειαν,
768 1858 913 1926 πῶς,
938 1859 1242 1930 δυνάμενος
1270 1862 1659 1932 ἀπολογεῖσθαι
1689 1868 1786 1919 καὶ
1825 1846 1864 1901 Β

194 1948 593 2020 καταισχύνειν
633 1950 854 2017 αὐτοὺς,
883 1948 1027 2004 ἑκὼν
1068 1953 1198 2025 σιγᾷ
1233 1953 1327 2006 καὶ
1361 1956 1637 2026 ἀνέχεται.

265 2126 432 2179 Κατὰ
474 2126 543 2180 δὲ
579 2127 800 2197 ἑορτὴν
825 2158 899 2170 —-
928 2132 1233 2200 Xpto'tdr;
1267 2135 1424 2189 Κατά
1451 2135 1507 2188 δὲ
1554 2136 1779 2209 ἑορτὴν,

189 2218 291 2286 τὴν
315 2220 412 2272 τοῦ
462 2220 656 2291 Πάσχα
690 2222 959 2293 δηλονότι.
1008 2227 1149 2296 Φησὶ
1182 2227 1293 2297 γὰρ
1350 2229 1379 2281 ὁ
1421 2228 1675 2300 Ἰωάννης
1704 2232 1785 2283 εί-

193 2312 318 2361 πεῖν
364 2312 456 2363 τὶν
507 2312 762 2367 Πιλάτοψ
800 2315 977 2369 Ἔστι
1020 2315 1090 2369 δὲ
1144 2320 1441 2385 συνήθεια
1475 2321 1589 2393 (14)
1615 2323 1778 2393 ὑμῖν,

188 2401 287 2453 ἵνα
320 2401 429 2455 ἕνα
478 2403 623 2473 ὑμῖν
666 2406 964 2461 ἀπολύσω
991 2408 1109 2480 (15)
1141 2410 1212 2463 ἐν
1248 2410 1330 2477 τῷ
1361 2412 1597 2483 Πάσχα.
1642 2416 1780 2485 Περὶ

186 2494 247 2545 δὲ
300 2496 399 2547 τοῦ
437 2497 702 2568 Βαραΰῆᾶ
733 2500 883 2569 λέγει
932 2504 1319 2575 φανερώτερον
1362 2508 1392 2558 ὁ
1437 2509 1657 2571 Λουκᾶς
1696 2511 1780 2563 ὅτι

189 2582 262 2657 ἦν
298 2587 388 2642 διὰ
417 2593 615 2643 στάσιν
663 2592 787 2644 τινὰ
833 2594 1143 2667 γενομένην
1176 2598 1234 2649 ὲν
1270 2602 1333 2667 τῇ
1364 2600 1518 2653 πόλει
1559 2604 1651 2654 καὶ
1680 2604 1780 2672 ιρό-

186 2697 281 2732 νον
334 2680 673 2752 βεδλημένος
717 2685 797 2745 είς
846 2687 1120 2758 φυλακήν.
1172 2687 1232 2742 ’0
1284 2690 1513 2756 Πιλᾶτος
1547 2690 1660 2761 οὖν,
1705 2696 1779 2767 μὴ

185 2773 444 2840 δυνηθεὶς
469 2777 544 2839 ὡς
576 2776 753 2831 ἀθῶον
798 2778 1081 2845 ἐξελέσθαι
1137 2781 1229 2835 τὸν
1265 2784 1524 2855 Χριστὸν,
1568 2789 1782 2861 ἐπεχεί-

188 2879 330 2932 ρησε
384 2865 484 2919 κᾶν
514 2866 648 2936 γοῦν
677 2867 755 2931 ὡς
790 2869 1085 2924 κατάδικον
1128 2871 1463 2944 χαρίσασθαι
1488 2875 1680 2931 τοῦτον
1709 2882 1775 2951 τῆ

186 2955 383 3027 ἑορτῇ.

266 3066 437 3137 ’ῌδει
468 3098 538 3107 —-
564 3073 775 3126 αὐτόν.
802 3074 1011 3142 Διέγνω
1060 3077 1242 3143 τοίτο,
1278 3079 1373 3133 καὶ
1412 3082 1663 3151 ἤλπιζεν,
1692 3086 1776 3139 ὅτι

1893 584 1962 639 ad
1992 585 2113 656 ejus
2148 587 2351 642 aedem
2402 588 2730 653 insanirent,
2802 605 2905 647 nec
2958 590 3187 646 omnino
3230 594 3475 651 revocari

1896 687 2140 749 possent,
2173 679 2377 735 sciebat
2409 681 2612 737 frustra
2651 682 2891 738 dandum
2938 683 3004 738 iri
3060 684 3320 757 deinceps
3363 703 3483 744 om-

1894 786 2019 825 nem
2055 774 2497 841 responsionem.

1963 863 2121 918 Vers.
2159 865 2241 919 {3.
2308 868 2448 919 Tum:
2476 868 2754 923 —dicunt
2808 870 3165 928 testimonia?
3234 870 3351 927 Hoc
3402 873 3483 927 ait

1893 956 2176 1011 concitans
2203 971 2330 1012 eum
2372 968 2433 1014 ut
2462 960 2842 1029 responderet,
2880 977 2944 1017 ac
2978 963 3057 1017 sic
3109 963 3476 1018 liberaretur:

1893 1049 2103 1104 sciebat
2130 1051 2277 1106 enim
2302 1054 2448 1123 quod
2491 1042 2647 1108 facile
2675 1065 2863 1123 posset
2891 1055 3107 1109 illorum
3136 1056 3345 1111 diluere
3383 1071 3479 1110 ca-

1894 1143 2151 1199 lumnias.
2724 1203 2730 1211 .

1970 1235 2125 1291 Vers.
2163 1236 2250 1290 14.
2282 1239 2659 1296 Et—verbum.
2686 1239 2955 1311 Deinceps
2979 1241 3124 1297 enim
3148 1246 3481 1315 superﬂuam

1894 1328 2011 1385 fore
2046 1330 2281 1386 ducebat
2314 1333 2737 1401 responsionem
2774 1348 2896 1403 qua:
2929 1332 3031 1403 ipsi
3063 1333 3310 1399 daretur.
3353 1353 3478 1393 cum

1892 1438 2002 1476 non
2026 1432 2210 1492 posset
2238 1423 2360 1478 illos
2390 1425 2779 1494 comprimere.
2815 1424 3097 1495 Siquidem
3117 1427 3319 1482 malum
3345 1430 3481 1485 ode—

1892 1528 1976 1571 rat
2008 1516 2235 1582 Pilatus,
2263 1529 2318 1573 et
2356 1518 2544 1573 Jesum
2609 1519 2844 1573 maxime
2895 1529 3141 1590 optasset
3191 1521 3425 1578 liberare
3461 1540 3479 1583 :

1894 1626 2085 1665 verum
2116 1627 2240 1666 cum
2266 1612 2445 1667 mollis
2501 1622 2669 1679 esset,
2712 1612 2928 1667 illorum
2970 1612 3202 1669 cedebat
3226 1614 3479 1671 aﬂ‘ectio-

1893 1703 2076 1759 nibus.

1965 1797 2116 1851 Vers.
2155 1798 2242 1852 14.
2278 1799 2419 1852 Adeo
2451 1809 2508 1851 ut
2536 1828 2607 1839 —-
2632 1813 2797 1868 supra
2817 1796 3054 1851 modum.
3093 1796 3481 1854 Admiraretur

1890 1888 2167 1957 quomodo
2208 1889 2614 1945 demonstraret
2670 1896 2877 1944 tantam
2945 1888 3476 1944 mansuetudinem:

1890 1978 2192 2046 quomodo,
2225 1995 2348 2033 eum
2380 1979 2712 2049 respondere
2746 1979 3189 2050 possetillosque
3244 1980 3483 2036 coniun-

1890 2071 2041 2134 dere,
2081 2060 2392 2126 voluntarie
2417 2072 2606 2126 sileret
2646 2087 2710 2126 ac
2737 2072 3059 2127 sustineret.

1963 2161 2118 2217 Vers.
2159 2165 2244 2217 15.
2283 2161 2345 2217 In
2378 2165 2507 2235 festo
2540 2172 2721 2218 autem
2750 2195 2820 2207 —
2848 2162 3005 2219 Vers.
3042 2164 3130 2219 17.
3167 2162 3414 2220 Christus
3452 2168 3476 2222 2

1889 2257 1948 2310 In
1984 2256 2122 2311 testo
2151 2254 2375 2310 Pascine
2412 2257 2689 2311 videlicet.
2725 2257 2975 2327 Aitcnim
2998 2256 3242 2313 Joannes
3271 2258 3480 2313 dixisse

1891 2346 2123 2401 Pilatum
2152 2367 2166 2402 :
2208 2346 2301 2400 Est
2336 2356 2512 2401 autem
2551 2349 2872 2403 consuetudo
2892 2349 3057 2412 vobis,
3088 2358 3142 2402 ut
3170 2366 3335 2403 unum
3376 2352 3476 2403 ab-

1890 2440 2092 2494 solvam
2122 2440 2263 2495 vobis
2296 2441 2349 2494 in
2372 2440 2583 2494 Pascha
2609 2441 2675 2494 ”.
2728 2439 2804 2495 De
2832 2440 3078 2495 Barabba
3116 2457 3247 2496 vero
3299 2442 3481 2496 mani-

1890 2534 2083 2589 festius
2109 2534 2242 2589 dicit
2273 2533 2449 2588 Lucas
2465 2534 2636 2604 quod,
2669 2544 2894 2605 propter
2918 2534 3247 2589 seditionem
3284 2551 3479 2605 quam-

1885 2630 2011 2684 dam
2040 2629 2237 2683 l’actam
2264 2632 2318 2682 in
2347 2628 2569 2684 civitate
2609 2638 2665 2684 et
2688 2628 2918 2693 caedem,
2949 2629 3240 2696 coniectus
3271 2638 3391 2684 erat
3421 2630 3478 2685 in

1883 2737 2160 2777 carcerem
2201 2722 2266 2776 “.
2292 2719 2503 2777 Pilatus
2532 2734 2666 2791 ergo
2695 2736 2821 2775 cum
2854 2734 2967 2775 non
2992 2730 3179 2791 posset
3213 2732 3476 2791 tanquam

1884 2815 2236 2870 innocentem
2264 2814 2501 2871 liberare
2525 2806 2827 2880 Cliristum,
2856 2813 3088 2869 tentavit
3128 2829 3255 2869 eum
3283 2816 3476 2870 saltem

1886 2918 1946 2963 ut
1990 2908 2202 2978 judicio
2234 2908 2554 2964 damnatum
2588 2907 2795 2963 donare
2830 2907 3010 2977 ipsum
3060 2906 3228 2963 testo.

1960 3088 2115 3142 Vers.
2185 3088 2273 3143 18.
2314 3085 2520 3142 Sciebat
2552 3104 2776 3143 —-eum.
2820 3087 3048 3143 Sciebat
3083 3088 3209 3154 hoc,
3261 3099 3316 3145 et
3348 3105 3478 3161 spe-

180 3155 382 3219 ο·ἷικ,ἂν
410 3163 794 3231 προτιμήσωσι
824 3166 916 3216 τὸν
944 3166 1275 3236 ἀνδροφόνον
1330 3169 1644 3241 Βαραϐϐᾶν.
1678 3178 1777 3228 Διὰ

1888 3179 2040 3233 rabat
2068 3179 2213 3249 quod
2246 3193 2594 3249 nequaquam
2630 3186 3022 3249 praeponerent
3048 3177 3097 3232 ei
3140 3155 3474 3233 homicidam

180 3250 349 3300 τοῦτο
384 3252 565 3303 τοίνυν
615 3252 905 3325 θαρρήσας
938 3259 1139 3330 ἐρωτᾷ,
1191 3262 1331 3315 Τίνα
1372 3262 1581 3318 θέλετε
1626 3268 1775 3321 ἀπο-

180 3343 368 3395 λύσω
396 3343 543 3411 ὑμῖν
570 3361 590 3408 ;
622 3345 711 3410 Ὠς
740 3348 795 3400 δὲ
830 3347 977 3415 λέγει
1010 3351 1263 3420 Μάρκος,
1292 3354 1399 3423 πρὸ
1424 3356 1526 3426 τῆς
1566 3359 1779 3429 ἐρωτή-

182 3449 327 3496 σεως
362 3434 675 3506 ἀναϐοήσας
718 3441 744 3492 ὁ
774 3439 952 3510 ὄχλος,
988 3441 1193 3511 ἤρξατο
1245 3446 1541 3514 αἰτεῖσθαι,
1596 3448 1781 3513 καθὼς

180 3530 273 3582 ἀεὶ
313 3530 492 3583 ἐποίει
528 3534 734 3596 αὐτοῖς,
790 3534 982 3605 ἤγουν,
1032 3537 1303 3591 αἰτεῖσθαι
1340 3539 1453 3609 (16)
1494 3542 1775 3609 γενέσθαι.

180 3616 298 3673 Ἠν
333 3622 389 3673 δὲ
434 3624 466 3692 ἡ
502 3624 723 3693 αἴτησις
774 3626 904 3695 περὶ
938 3626 1032 3678 τοῦ
1069 3628 1342 3682 ἀπολῦσαι
1385 3630 1480 3683 ἕνα
1508 3631 1587 3702 τῷ
1638 3632 1783 3704 ὄχλῳ

178 3714 433 3783 δέσμιον.
469 3714 634 3767 Ὅθεν
660 3715 1001 3787 δραξάμενος
1052 3720 1309 3793 ἀφορμῆς
1337 3724 1364 3775 ὁ
1398 3724 1652 3791 Πιλᾶτος,
1683 3728 1781 3779 ἐπ-

177 3812 499 3881 εχεῐρησεν,
530 3812 605 3875 ὡς
636 3816 876 3885 εἴρηται,
908 3817 1003 3868 καὶ
1038 3817 1313 3890 ἠρώτησε.

255 3992 617 4061 Καθημένου
648 4026 716 4035 --
751 3997 961 4051 αὐτόν.
1008 3998 1197 4063 Ἀὐτὸς
1243 4004 1341 4070 μὲν
1375 4004 1475 4057 οὐκ
1524 4007 1637 4077 (17)
1670 4005 1778 4062 εἶδε

175 4084 431 4139 τοιοῦτον
486 4087 643 4158 δναρ,
676 4089 707 4160 ἦ
740 4089 826 4153 ¹ὡς
860 4091 1104 4159 ἀνάξιος,
1146 4095 1178 4165 ἤ
1216 4097 1299 4149 ὅτι
1345 4097 1542 4169 ἔμελλε
1590 4105 1775 4174 σιγᾷν,

176 4176 257 4239 ὡς
286 4176 511 4246 κριτὴς,
563 4179 705 4248 ῆὸτι
741 4180 970 4250 ἔμελλεν
1006 4186 1383 4252 ἀπιστεῖσθαι,
1417 4190 1494 4253 ὡς
1546 4191 1779 4248 πλαττῶ

179 4286 357 4339 μενος
416 4270 579 4334 αὐτὸς
634 4274 776 4344 πρὸς
835 4274 897 4327 τὸ
953 4277 1158 4341 ἐξελεῖν
1220 4281 1406 4337 αὐτόν.
1454 4283 1518 4335 Ἡ
1550 4285 1685 4355 γυνὴ
1719 4286 1776 4339 δὲ

179 4360 381 4429 βλέπει
410 4362 635 4431 μᾶλλον,
663 4363 740 4428 ὡς
768 4366 896 4433 ἀξία
948 4370 1046 4421 καὶ
1098 4370 1175 4433 ὡς
1226 4374 1579 4448 πιθανωτέρα
1634 4381 1777 4450 πρδς

175 4453 312 4515 τοὺς
359 4453 675 4522 Ἰουδαίους,
738 4458 827 4513 ἴνα
879 4460 956 4524 ὡς
1000 4463 1302 4535 ὰνυπόπτῳ
1340 4467 1517 4541 ταύτῃ
1552 4471 1774 4523 πιστεύ-

178 4560 386 4607 σαντες
419 4548 898 4617 ἁναχαιτισθῶσιν.
942 4554 1055 4607 Καὶ
1082 4557 1141 4608 οὐ
1176 4556 1367 4624 βλέπει
1406 4561 1592 4629 μόνον,
1638 4561 1775 4617 ἀλλὰ

176 4643 274 4689 καὶ
310 4638 539 4709 πάσχει,
574 4643 876 4710 τουτέστιν,
907 4647 1183 4712 ἐτάζεται,
1221 4650 1305 4703 ἵνα
1359 4654 1425 4722 τῇ
1455 4653 1777 4726 συμπαθείᾳ

176 4732 279 4798 τῆς
319 4731 589 4797 γυναικὸς
619 4736 648 4785 ὁ
673 4734 816 4806 ἀνὴρ
844 4737 1041 4807 αὐτῆς,
1077 4742 1170 4793 καὶ
1203 4741 1279 4812 μὴ
1306 4742 1653 4813 πειθομένων
1679 4748 1777 4801 αὐ-

177 4823 315 4886 τῶν,
353 4822 574 4894 κωλύσῃ
613 4826 706 4878 τὸν
738 4829 919 4896 φόνον.
949 4832 1020 4883 Τὸ
1052 4831 1108 4883 δὲ
1163 4831 1371 4900 Μηδέν
1410 4849 1514 4889 σοι
1549 4836 1648 4890 καὶ
1696 4836 1777 4903 τῷ

177 4914 403 4978 δικαίῳ
461 4916 694 4987 ἐκείνῳ,
740 4922 862 4974 ἀντὶ
912 4923 1028 4990 τοῦ,
1082 4927 1269 4993 Μηδέν
1321 4945 1403 4981 σοι
1449 4931 1545 4983 καὶ
1579 4932 1773 5002 ἐκείνῳ

178 5007 703 5079 ἀμφισϐητήσιμον,
767 5014 973 5085 ἀπέχου
1038 5018 1227 5072 αὐτοῦ.
1291 5021 1634 5092 Σημειωτέον
1692 5026 1771 5089 δὲ,

176 5098 260 5152 ὅτι
297 5100 364 5153 τὸ
400 5102 670 5172 Σήμερον
718 5108 811 5161 καὶ
851 5110 944 5164 ἐπὶ
976 5112 1170 5177 νυκτός
1204 5112 1445 5183 λέγεται.

287 5246 337 5277 ³³
361 5244 520 5299 Joan.
549 5261 701 5313 xvm,
728 5249 816 5305 59.
933 5251 974 5283 "
1004 5252 1129 5310 Luc.
1158 5257 1423 5317 ΣΧ111,19.

1884 3271 2211 3326 Barabbam.
2241 3269 2470 3341 Propter
2499 3271 2606 3326 hoc
2633 3286 2762 3342 ergo
2791 3281 3011 3341 sumpta
3045 3270 3243 3326 ﬁducia
3296 3271 3474 3326 inter-

1885 3368 2075 3431 rogat:
2111 3359 2276 3426 Quem
2309 3361 2466 3416 vultis
2509 3359 2784 3415 absolvam
2808 3362 2950 3416 vobis
2986 3364 3013 3418 ?
3052 3360 3124 3417 Ut
3174 3372 3359 3417 autem
3391 3363 3478 3417 di-

1883 3453 1956 3507 cit
1993 3452 2229 3519 Marcus,
2259 3463 2387 3509 ante
2415 3453 2904 3521 interrogationem
2942 3468 3068 3509 cum
3118 3454 3480 3511 acclamasset

1883 3547 2040 3601 turba
2060 3548 2231 3618 erepit
2267 3558 2476 3618 petere,
2515 3549 2660 3604 sicut
2687 3563 2915 3620 semper
2951 3547 3191 3603 iaciebat
3226 3549 3308 3605 eis
3338 3567 3351 3605 :
3382 3565 3479 3619 pe-

1883 3648 2001 3693 tere
2028 3639 2281 3695 videlicct
2327 3650 2385 3695 ut
2417 3640 2573 3695 ﬁeret
2607 3640 2724 3711 (au)
2777 3642 2921 3696 sicut
2975 3656 3195 3712 semper
3243 3642 3479 3699 faciebat

1883 3731 1964 3785 eis
2006 3732 2068 3784 ³⁷.
2103 3732 2233 3786 Erat
2263 3740 2448 3788 autem
2480 3731 2703 3803 petitio,
2741 3742 2801 3788 ut
2843 3749 2987 3788 unus
3034 3749 3099 3787 ex
3136 3733 3339 3790 vinetis
3373 3735 3477 3789 ab-

1882 3825 2191 3878 solveretur
2223 3825 2413 3878 turbte.
2450 3823 2606 3879 Unde
2639 3833 2835 3879 nactus
2862 3823 3208 3879 occasionem
3243 3823 3473 3889 Pilatus,

1885 3919 2134 3979 tentavit,
2164 3927 2223 3973 ut
2264 3918 2472 3973 dictum
2497 3927 2603 3982 est,
2632 3924 2687 3975 et
2715 3917 3095 3988 interrogavit.

1960 4010 2111 4064 Vers.
2153 4010 2239 4063 l9.
2276 4010 2505 4065 Sedente
2539 4040 2610 4049 --
2644 4010 2841 4080 ipsum.
2876 4008 2994 4081 Ipse
3024 4011 3242 4080 quidem
3274 4014 3472 4086 hujus-

1882 4102 2025 4157 modi
2053 4103 2330 4157 somnium
2361 4118 2474 4157 non
2507 4103 2742 4167 viderat,
2777 4103 2866 4157 vel
2896 4113 3156 4173 tanquam
3194 4105 3474 4178 indignus,

1881 4196 1964 4249 vel
2008 4197 2137 4266 quia
2183 4196 2452 4251 taciturus
2487 4195 2706 4261 fuisset,
2753 4206 2943 4267 utpote
2992 4196 3291 4267 judex,vel
3343 4198 3479 4269 quia

1882 4290 2017 4344 tldes
2049 4290 2099 4344 ei
2129 4289 2373 4344 adhibita
2407 4303 2517 4342 non
2557 4289 2771 4352 fuisset,
2806 4289 2962 4359 quasi
3000 4289 3053 4344 id
3082 4291 3150 4345 ad
3178 4307 3303 4344 eum
3337 4292 3479 4349 libe-

1880 4384 2111 4437 randum
2136 4382 2433 4453 ellingenti.
2465 4381 2809 4449 Uxorautem
2831 4383 3011 4451 potius
3039 4383 3207 4447 videt,
3242 4386 3328 4440 vel
3350 4395 3475 4441 tan-

1880 4492 2043 4546 quam
2068 4475 2315 4539 melior,v
2330 4475 2380 4530 el
2404 4484 2659 4545 tanquam
2692 4477 2833 4545 apud
2864 4474 3084 4530 Iuda-os
3105 4476 3211 4532 ﬁde
3232 4477 3477 4549 dignior:

1884 4576 1940 4621 ut
1966 4566 2091 4621 lmic
2121 4567 2277 4636 quasi
2313 4581 2424 4620 non
2463 4576 2732 4636 suspectae
2784 4566 2946 4621 tidem
2982 4567 3270 4635 habentes,
3298 4571 3463 4625 retre-

1879 4670 2165 4713 narentur.
2196 4658 2308 4713 Nec
2326 4657 2475 4713 videt
2506 4660 2705 4725 solum,
2743 4659 2837 4714 sed
2872 4669 2927 4714 et
2962 4660 3190 4730 patitur,
3224 4662 3331 4717 hoc
3362 4673 3472 4729 est,

1878 4762 2152 4806 tormento
2180 4750 2433 4816 allicitur,
2468 4761 2526 4807 ut
2544 4752 2730 4807 uxoris
2746 4752 3154 4823 compassione,
3174 4753 3280 4809 illis
3305 4757 3470 4811 etiam

1877 4861 1987 4900 non
2010 4846 2507 4915 acquiescentibus,
2530 4846 2612 4901 vir
2629 4847 2751 4916 ejus
2770 4845 3084 4917 prohiberet
3100 4847 3305 4904 caedem
3332 4864 3346 4901 :
3368 4847 3470 4902 Ni-

1880 4938 1954 4991 hil
1995 4939 2089 4991 tibi
2132 4955 2251 4993 cum
2277 4940 2424 5009 justo
2458 4939 2569 5007 illo,
2613 4939 2721 4995 hoc
2748 4949 2854 5005 est,
2890 4939 3029 4994 nihil
3062 4940 3466 4996 contentiosum

1884 5029 1955 5082 sit
2001 5029 2144 5083 inter
2178 5038 2229 5084 te
2258 5039 2313 5084 et
2352 5030 2523 5096 illum,
2558 5031 2775 5086 abstine
2848 5031 2916 5085 ab
2974 5030 3086 5087 illo.
3156 5030 3468 5085 Notandum

1885 5131 1968 5175 est
2001 5132 2185 5175 autem
2232 5123 2397 5191 ,quod
2424 5125 2667 5194 σήμερον
2692 5123 2925 5195 (hodie),
2948 5124 3015 5181 de
3050 5133 3210 5181 nocte
3244 5123 3469 5180 dicitur.

1517 5260 1583 5326 ,η
1623 5259 1788 5317 Mare.
1822 5280 1913 5331 xv,
1947 5263 2001 5316 8.

1392 5414 1587 5477 Varia:
1619 5416 1923 5482 lectiones
1960 5428 2021 5482 et
2051 5428 2242 5482 notae.

252 5530 295 5597 (l
314 5529 372 5598 ι)
420 5533 602 5601 Ἡμῖν.
638 5532 696 5587 n.

252 5602 373 5665 (Ib)
415 5604 829 5673 Ἄπολύσωμεν.
858 5607 917 5660 Β.

249 5674 371 5743 (lli)
409 5672 517 5727 Pro
546 5677 806 5729 vocabulo
836 5676 1110 5744 γενέσθαι,
1143 5678 1210 5741 Α,
1242 5676 1440 5747 repetit
1474 5679 1587 5733 haec
1614 5698 1627 5735 :
1655 5680 1771 5734 Κα-

1886 5540 1992 5603 θὼς
2023 5543 2108 5595 ἀεὶ
2146 5545 2319 5596 ἐποίει
2348 5547 2549 5609 αὐτοῖς.

1956 5614 2068 5683 (t7)
2098 5610 2241 5667 Οἵδε.
2276 5617 2341 5667 Α.

249 5830 370 5901 (im)
412 5829 553 5899 Ergo
584 5830 887 5888 llentonius
934 5846 1055 5901 post
1080 5837 1337 5900 γενέσθαι
1373 5838 1568 5894 iterum
1610 5837 1808 5894 invenil

1892 5836 2038 5902 αθὼς
2073 5838 2161 5893 ἀεὶ
2192 5841 2362 5894 ἐποίει
2401 5842 2606 5907 αὐτοῖς.

511 5925 779 5985 Parnm”
823 5926 935 5987 Gn.
974 5927 1233 5991 CXXIX.
