4100 6390
183 356 292 423 7H

1045 357 1430 421 COMMENT.
1467 359 1550 420 IN
1593 347 2071 420 MATTHIEUM.
2113 372 2177 383 -
2217 346 2377 409 CAP.
2414 346 2663 410 XXVII:

3359 348 3466 410 “2

189 472 470 544 προτέραν
501 469 610 542 γὰρ
631 469 837 525 δειλίαν
868 473 936 543 τῇ
981 470 1214 542 ὕστερον
1257 471 1535 544 τολμηρίᾳ.
1559 472 1778 542 θαυμα-

1882 461 2127 517 Priorem
2167 460 2312 514 enim
2343 459 2596 514 timorem
2630 458 2884 530 sequenti
2918 457 3149 514 audacia
3199 458 3466 517 mirabili-

183 565 319 628 σίως
374 564 700 631 ἀπενίψατο,
729 562 826 616 καὶ
881 565 961 626 εἰς
991 562 1222 619 θάνατον
1276 561 1541 628 ἐξέδωκεν
1587 561 1778 616 ἑαυτὸν

181 657 251 725 τῇ
279 655 418 724 πρὸς
453 655 545 707 τὸν
580 654 903 708 διδάσκαλον
950 656 1161 726 εὐνοίᾳ,
1216 655 1316 725 τὴν
1372 657 1524 728 παρὰ
1556 655 1778 709 πάντων

186 744 301 797 τῶν
348 741 618 796 Ἰουδαίων
652 744 955 813 ἀπέχθειαν
985 745 1416 814 ἀναδεξάμενος.

260 834 473 888 Τότε-ι
499 831 695 901 σῶμα.
740 834 968 904 Μάρκος
1013 835 1074 887 δέ
1141 853 1305 904 φησιν
1375 837 1458 889 ὅτι
1516 836 1776 902 Πιλᾶτος

179 926 557 994 ἐθαύμασεν,
592 929 645 980 sl
677 924 794 993 ἤδη
827 925 1104 993 τέθνηκε,
1130 928 1227 981 καί
1272 927 1775 998 προσκαλεσάμε-

181 1033 296 1082 νος
326 1017 436 1069 τὸν
489 1019 881 1085 κεντυρίωνα,
914 1018 1305 1087 ἐπηρώτησεν
1325 1020 1543 1086 αὐτὸν,
1571 1025 1625 1076 el
1655 1020 1774 1076 srd-

177 1112 283 1163 ,παι
313 1109 574 1165 ἀπέθανε
602 1129 617 1142 ·
659 1113 758 1166 καὶ
800 1112 983 1181 γνοὺς
1023 1113 1142 1167 ἀπὸ
1190 1113 1297 1168 τοῦ
1354 1117 1771 1184 κεντυρίωνος,

177 1198 528 1268 ἐδωρήσατο
561 1200 628 1254 τὸ
677 1200 850 1270 σῶμα
878 1201 958 1268 τῷ
997 1201 1250 1272 Ἰωσήφ.
1296 1202 1611 1274 Προσεεόκα
1643 1207 1772 1275 γὰρ,

183 1290 428 1360 βραδέως
485 1293 780 1346 ἀποθανεῖν
830 1294 1016 1361 αὐτὸν,
1049 1295 1126 1359 ὡς
1174 1295 1322 1348 θεῖόν
1363 1313 1489 1350 τινα
1517 1301 1606 1350 καὶ
1632 1298 1775 1370 ὑπὲρ

179 1386 313 1446 τοὺς
337 1383 586 1448 πολλοὺς.
628 1386 800 1449 Αὐτὸς
828 1386 907 1450 δὲ,
935 1387 1011 1453 ὡς
1040 1388 1353 1458 ἄνθρωπος,
1381 1390 1533 1460 νόμῳ
1557 1391 1776 1460 φύσεως

178 1473 526 1541 ιτελεύτησε.

255 1565 369 1620 Καὶ
406 1565 612 1621 λαϐὼν
636 1598 707 1610 —
761 1565 1017 1638 καθαρᾷ.
1082 1567 1140 1624 ’0
1167 1569 1224 1623 δὲ
1270 1569 1523 1641 Ἰωάννης
1567 1571 1773 1625 πλατύ-

175 1674 235 1710 τε
246 1675 341 1722 ρον
372 1657 622 1729 ἱστόρησε
644 1660 842 1727 λέγων’
873 1658 1105 1716 711.1087-
1132 1656 1247 1717 οὖν
1265 1661 1366 1716 καί
1383 1658 1486 1733 ἦρε
1512 1663 1580 1716 τὸ
1601 1661 1775 1732 σῶμα

176 1749 293 1803 τοῦ
336 1750 567 1818 Ἰησοῦ.
597 1747 792 1824 [Ἦλθε
830 1754 944 1824 (67)
971 1755 1027 1808 δι
1060 1755 1155 1808 καὶ
1176 1755 1518 1826 Νικόδημος,
1547 1755 1575 1808 ό
1599 1755 1772 1808 ἐλθὼν

1883 561 1966 607 ter
1990 551 2182 616 abluit,
2214 558 2270 607 et
2300 551 2540 620 seipsum
2585 549 2640 604 in
2665 558 2893 604 mortem
2929 549 3175 611 tradidit.
3211 549 3280 605 ob
3304 548 3470 605 bene.

1887 641 2196 697 volentiam
2235 656 2396 710 quam
2431 640 2808 711 gerebatterga
2842 647 3258 710 praeceptorem,
3297 642 3471 697 susci-

1879 735 2040 805 piens
2078 733 2212 788 inse
2243 742 2568 787 cunctorum
2604 732 2952 788 inimicitiam
2976 730 3326 786 ludat-orum.

1961 823 2119 879 Vers.
2149 823 2239 880 58.
2265 823 2407 878 Tunc
2439 851 2512 864 —-
2540 839 2750 892 corpus.
2810 822 3024 879 Marcus
3073 833 3256 878 autem
3314 824 3469 890 dicit,

1879 915 2022 986 quod
2052 916 2264 972 Pilatus
2297 917 2669 971 admirabatur
2702 916 2750 969 si
2775 932 2898 984 jam
2935 925 3181 970 mortuus
3210 927 3341 971 esset
3369 935 3384 980 ;
3422 926 3473 972 et

1878 1009 2132 1063 accersito
2170 1009 2492 1071 centurione,
2547 1008 2895 1078 interrogauit
2947 1022 3086 1072 eum,
3142 1024 3213 1062 an
3244 1007 3470 1076 jamdu-

1877 1103 2000 1155 dum
2033 1109 2270 1154 mortuus
2298 1109 2428 1153 esset
2456 1115 2474 1153 :
2504 1109 2553 1153 et
2571 1114 2627 1152 re
2647 1114 2680 1152 α
2712 1099 3013 1152 centurione
3046 1101 3277 1170 cognitu,
3308 1101 3475 1153 dona-

1876 1192 1948 1246 vit
1987 1208 2174 1263 corpus
2203 1192 2300 1261 ipsi
2325 1191 2511 1260 Ioseph
2538 1191 2603 1245 ".
2641 1190 2910 1261 Sperabat
2940 1196 3089 1245 enim
3122 1193 3276 1245 tarde
3309 1193 3462 1245 illum

1879 1281 2229 1348 moriturum,
2261 1291 2523 1352 tanquam
2570 1280 2820 1336 divinum
2855 1281 3151 1350 quemdam
3185 1281 3469 1336 hominem

1875 1372 1969 1441 qui
1999 1379 2225 1426 ceteros
2248 1371 2561 1426 excederet.
2596 1372 2720 1441 Ipse
2761 1385 2892 1425 vero
2921 1371 3042 1441 lege
3090 1377 3302 1424 naturae
3325 1384 3473 1423 mor.

1877 1470 2005 1516 tuus
2030 1468 2116 1516 est
2154 1469 2414 1529 tanquam
2452 1475 2615 1520 verus
2651 1460 2836 1515 homo.

1949 1550 2106 1608 Vers.
2138 1551 2228 1606 59.
2251 1549 2724 1622 Sumptumque—
2747 1551 2969 1604 munda.
3018 1548 3263 1605 Joannes
3288 1558 3472 1605 autem

1877 1641 2044 1697 latius
2079 1642 2303 1714 scripsit
2337 1643 2572 1697 dicens:
2609 1642 2757 1695 Venit
2823 1657 2947 1712 ergo
2995 1650 3043 1694 et
3103 1640 3224 1694 tulit
3281 1657 3474 1711 corpus

1876 1731 2022 1786 Jesu.
2070 1729 2224 1785 Venit
2259 1740 2436 1785 autem
2470 1740 2519 1784 et
2557 1729 2880 1784 Nicodamus
2925 1732 2969 1782 is
3008 1729 3100 1798 qui
3160 1727 3472 1781 veneratad

179 1839 325 1908 πρὸς
367 1801 457 1893 τόν
501 1801 712 1911 Ἰησοῦν
746 1801 942 1907 misz
971 1843 1031 1897 τὸ
1075 1843 1316 1913 πρῶτον,

1884 1824 2064 1879 Iesum
2099 1833 2249 1879 nocte
2299 1825 2553 1890 primum,
2601 1823 2773 1893 ferens
2848 1822 3128 1874 misturam
3166 1820 3393 1890 myrrha
3423 1828 3474 1873 et

177 1933 434 2003 σμύρνης
488 1935 585 1988 κα)⁵
633 1936 821 2006 ἀλόης,
873 1935 1010 1988 ὡσεὶ
1047 1935 1233 2006 λίτρας
1273 1937 1492 1990 ἑκατόν.
1544 1938 1777 1992 Ἔλασον

174 2019 276 2077 οὖν
315 2024 371 2076 τὸ
425 2024 587 2094 σῶμα
628 2026 726 2079 τοῦ
774 2025 1005 2099 Ἰησοῦ,]
1044 2029 1139 2080 καὶ
1190 2027 1392 2099 ἔδησαν
1422 2027 1558 2081 αὐτὸ
1581 2031 1638 2083 εν
1665 2029 1780 2082 όθο·

175 2116 319 2179 νίοις
373 2118 513 2185 μετά
558 2118 670 2172 τῶν
718 2120 1053 2190 ἀρωμάτων,
1114 2119 1296 2183 καθὼς
1343 2119 1466 2184 εθος
1501 2123 1623 2175 ἐστὶ
1665 2127 1781 2186 τοῖς

191 2213 477 2277 Ἰουδαίοις
516 2216 888 2284 ενταφιάζειν.
951 2216 1261 2288 Ἐπίσημος
1305 2219 1407 2287 μὲν
1443 2216 1538 2272 οὖν
1561 2213 1630 2287 ἦν
1682 2220 1781 2274 καὶ

179 2303 457 2374 πρότερον
490 2306 519 2358 ό
553 2304 777 2376 Ἰωσήφ,
815 2308 1220 2377 ἐπισημότερος
1264 2307 1322 2361 δὲ
1354 2308 1578 2376 γέγονεν
1618 2309 1680 2362 εκ
1717 2326 1779 2364 τε

179 2393 279 2447 τοῦ
312 2395 579 2466 τολμῆσαι
605 2396 789 2452 λασεῐν
815 2399 874 2452 τὸ
898 2398 1084 2469 σῶμα,
1116 2400 1215 2453 κα)⁵
1247 2398 1342 2452 τοῦ
1363 2399 1599 2471 τιμῆσαι
1622 2401 1776 2456 αὑτό.

181 2489 302 2541 Καὶ
336 2489 449 2559 γὰρ
474 2490 536 2542 οὐ
568 2490 730 2559 μόνον
758 2486 914 2561 ἦρεν,
960 2490 1099 2544 ἀλλά
1129 2491 1225 2545 καὶ
1253 2490 1566 2554 πολυτελῶς
1591 2495 1780 2546 ἰνετα-

183 2581 352 2649 φίασε
406 2584 547 2652 μετά
596 2582 940 2653 Νικοδήμου.
1001 2584 1254 2652 Μίγματι
1294 2584 1352 2637 δὲ
1391 2583 1638 2655 σμύρνης
1685 2585 1782 2637 καὶ

183 2674 358 2743 ἀλόης
392 2673 553 2728 τοῦτο
607 2675 1001 2743 ἑνεταφίασαν,
1041 2673 1183 2728 ὥστε
1227 2675 1506 2743 διαμένειν
1535 2675 1782 2744 ἄσηπτον

183 2763 287 2815 καὶ
315 2763 519 2828 εὐῶδες
559 2781 573 2796 ο
612 2765 695 2818 ἱτι
741 2766 851 2836 γὰρ
883 2765 963 2828 ὡς’
1005 2763 1295 2834 ἄνθρωπον
1333 2763 1510 2833 ψιλὸν,
1573 2765 1782 2834 ἐτίμων

183 2855 376 2909 αὐτόν.
418 2856 530 2909 Καὶ
559 2856 716 2928 ὴμείς
759 2854 877 2920 οὖν,
901 2857 963 2908 τὸ
993 2856 1152 2926 σῶμα
1187 2854 1284 2908 τοῦ
1319 2857 1525 2926 Κυρίου
1570 2856 1660 2910 διὰ
1682 2856 1778 2924 τῆς

184 2948 555 3019 μεταλήψεως
615 2949 1010 3018 λαμϐάνοντες,
1068 2947 1395 3018 μυρίσωμεν
1445 2947 1606 3011 τοῦτο
1659 2949 1782 3010 ταῖς

183 3039 445 3104 εὐωδίαις
471 3039 578 3094 τῶν
606 3040 821 3112 ἀρετῶν
846 3039 946 3110 τῆς
979 3055 1038 3092 τε
1069 3038 1322 3110 πράξεως
1379 3039 1477 3092 καὶ
1504 3039 1602 3110 τῆς
1632 3037 1779 3092 θεω-

187 3149 338 3203 ρεας.

260 3225 371 3278 Καὶ
408 3253 483 3265 -
509 3220 807 3292 ἀπῆλθεν.
863 3205 1034 3285 οὗτος
1069 3219 1169 3290 μὲν
1198 3220 1228 3273 ό
1257 3217 1654 3289 εὐαγγελιστὴς
1679 3217 1776 3272 τοῦ

198 3313 404 3383 Ἰωσὴφ
454 3312 598 3368 εῐναι
645 3314 706 3367 τὸ
765 3315 1038 3384 μνημεῖον
1088 3309 1268 3377 εἶπεν,
1307 3312 1535 3366 οίάλλοι
1591 3311 1778 3365 διοὺκ

184 3409 637 3476 ἐσημειώσαντο,
690 3407 835 3469 τίνος
880 3402 971 3477 ἦν.
1026 3404 1167 3474 Φησὶ
1227 3406 1339 3474 γὰρ
1384 3405 1412 3457 δ
1477 3403 1774 3472 Ἰωάννης.

179 3496 311 3557 Ἦν
365 3499 436 3553 δὲ
477 3500 547 3553 ἐν
588 3498 667 3564 τῷ
702 3501 888 3564 τόπῳ,
943 3499 1097 3551 ὅπου
1134 3492 1509 3565 ἐσταυρώθη,
1556 3494 1776 3564 κῆπος,

179 3595 286 3648 καὶ
313 3593 382 3646 ἐν
413 3589 493 3658 τῷ
537 3593 710 3661 κήπῳ
755 3593 1052 3660 μνημεῖον
1103 3589 1306 3652 κενὸν,
1359 3588 1432 3642 ἐν
1474 3580 1780 3656 ᾧοὺδέπω

179 3682 393 3749 οὐδεὶς
420 3681 617 3750 ἐτέθη,
654 3681 749 3734 καὶ
777 3681 845 3734 τά
881 3679 1030 3749 ἑξῆς.
1068 3679 1232 3743 Εἰκὸς
1264 3672 1381 3744 οὖν,
1419 3675 1514 3732 τοῦ
1572 3677 1777 3748 Ἰωσὴφ

179 3777 461 3847 ὑπάρχειν
482 3776 575 3829 τὸν
607 3775 804 3846 κῆπον,
839 3775 900 3828 ὲν
929 3766 974 3843 ᾧ
1010 3767 1080 3845 ἦν
1112 3772 1174 3826 τδ
1223 3773 1513 3843 μνημεῖον.
1566 3770 1780 3842 ᾯκονο-

181 3871 344 3941 μήθη
385 3867 442 3921 δὲ
489 3867 649 3921 κενὸν
702 3863 845 3919 εἶναι
887 3861 1068 3925 τοῦτο,
1102 3862 1190 3916 ίνα
1220 3861 1316 3914 τοῦ
1348 3860 1603 3932 Σωτῆρος
1644 3861 1780 3914 ἀνα-

179 3963 418 4025 στάντος
457 3960 532 4031 μὴ
562 3958 791 4030 ωμισοῇ
821 3957 1011 4029 ἔτερος
1035 3953 1365 4025 ἀναστῆναι.
1396 3952 1771 4025 Προσεκύλισε

183 4057 382 4126 μέντοι
431 4052 580 4106 λίθον
622 4044 824 4122 μέγαν,
881 4047 1268 4119 συναραμένου
1325 4045 1477 4115 αὑτῷ
1539 4046 1637 4098 καὶ
1682 4044 1778 4097 τοῦ

176 4148 528 4216 Νικοδήμου.
584 4144 659 4197 Τὸ
709 4143 766 4196 δὲ
829 4143 1094 4214 μνημεῖον
1160 4136 1538 4209 σπηλαιοειδὲς
1582 4129 1654 4205 ἦν
1676 4133 1773 4188 ’λαο

177 4239 405 4307 ξευτόν.

253 4329 384 4388 Ἠν
405 4330 778 4399 δὲ-τάρου,
811 4327 1039 4396 Μάρκος
1063 4324 1122 4378 δέ
1150 4341 1317 4395 φησιν
1341 4339 1354 4352 ’
1394 4321 1468 4376 Ἠ
1492 4319 1560 4373 δὲ
1581 4322 1780 4387 Μαρια

175 4427 220 4493 ἦ
251 4423 628 4494 Μαγδαληνὴ
662 4421 758 4475 καὶ
793 4419 989 4487 Μαρία
1017 4419 1054 4484 ἡ
1083 4415 1191 4470 τοῦ
1245 4412 1412 4482 Ἰωσῆ
1456 4410 1775 4478 ἐθεώρουν,

174 4517 313 4571 ποῦ
362 4517 604 4568 τίθεται.
669 4513 886 4570 Λουκᾶς
942 4509 999 4562 δὲ
1058 4507 1243 4576 λέγει’
1311 4499 1776 4566 Κατακολουθήο

177 4623 381 4663 σασαι
441 4605 506 4659 δὲ
573 4604 873 4673 γυναῖκες,
932 4601 1157 4663 αἵτινες
1210 4593 1373 4666 ἦσαν
1429 4596 1778 4658 συνεληλυ-

176 4699 352 4754 θυῖαι
377 4695 538 4760 αὐτῷ
563 4697 630 4748 ἐκ
652 4695 758 4760 τῆς
791 4691 1142 4754 Γαλιλαίας,
1169 4687 1496 4741 ἐθεάσαντο
1531 4683 1598 4736 τὸ
1625 4699 1779 4751 μνη-

171 4790 382 4860 μεῖον,
433 4788 532 4841 καὶ
563 4788 642 4851 ὡς
670 4787 840 4852 ἐτέθη
872 4781 952 4848 τῷ
1001 4779 1176 4850 σῶμα
1210 4777 1421 4834 αὑτοῦ.
1479 4774 1780 4843 ’Υποστρέο

175 4884 364 4950 quam
419 4878 474 4930 δὲ
526 4877 830 4948 ἡτοίμασαν
887 4872 1161 4943 ἀρώματα
1216 4869 1310 4923 καὶ
1366 4868 1536 4940 μύρα,
1576 4867 1642 4918 Αἱ
1677 4867 1777 4934 ρη.

182 4974 380 5025 θεῖσαι
410 4973 540 5041 γὰρ,
588 4967 1132 5037 κατακολουθήσασαι
1165 4965 1278 5026 τοῖς
1309 4961 1630 5022 θάπτουσιν,
1658 4958 1784 5010 ὲκά-

177 5063 631 5119 θισανάπὲναντι
671 5060 766 5113 τοῦ
798 5061 993 5129 τάφου,
1058 5055 1365 5127 θεωροῦσαι
1418 5052 1522 5106 ποῦ
1573 5051 1784 5105 τίθεται

176 5161 244 5214 τδ
273 5159 460 5227 σῶμα,
499 5158 595 5210 καὶ
618 5156 732 5218 πῶς
749 5155 980 5218 τίθεται,
1014 5152 1124 5212 ίνα,
1170 5146 1504 5203 ἀπελθοῦσαι
1523 5145 1617 5198 καὶ
1641 5145 1785 5196 ἐτοι-

185 5255 448 5323 μάσασαι
475 5249 745 5319 ἀρώματα
777 5246 874 5301 καὶ
905 5241 1324 5316 μύρα,ὲλθωσιν
1342 5240 1400 5292 ἐν
1415 5240 1481 5309 τῇ
1502 5237 1784 5308 Κυριακῇ,

179 5342 291 5396 καὶ
326 5337 752 5409 ἀρωματίσωσιν
787 5337 882 5389 καί
923 5333 1225 5405 μυρισωσιν
1254 5328 1405 5382 αὑτό.

309 5457 550 5513 "Marc.
589 5457 675 5518 44,
708 5455 795 5510 15.
909 5453 956 5484 "
979 5451 1135 5507 Joan.
1168 5464 1278 5512 ιιι,
1313 5447 1404 5510 39,
1443 5444 1532 5498 40.

1650 5443 1691 5475 ’⁸
1721 5441 1854 5497 ibid.
1896 5441 1986 5494 41.

1879 1915 2023 1970 aloes
2039 1915 2108 1969 ad
2140 1915 2302 1970 libras
2334 1915 2497 1985 ferme
2526 1924 2752 1967 centum.
2793 1913 3115 1980 Acceperunt
3146 1912 3326 1982 itaque
3357 1926 3471 1964 cor-

1879 2024 1977 2076 pus
2008 2007 2156 2074 Jesu,
2199 2016 2248 2061 et
2279 2007 2634 2077 objunxerunt
2674 2005 2806 2058 illud
2831 2003 3005 2058 linteis
3037 2019 3155 2056 cum
3215 2003 3475 2056 aromati-

1883 2100 1999 2165 bus,
2025 2101 2160 2155 sicut
2201 2115 2312 2154 mos
2343 2107 2418 2153 est
2442 2096 2648 2152 luditis
2674 2096 2896 2166 sepelire
2920 2096 2987 2148 ".
3056 2093 3291 2165 Insignis
3341 2107 3474 2164 ergo

1881 2198 1999 2246 erat
2030 2199 2088 2246 et
2113 2199 2273 2245 antea
2324 2187 2550 2259 Ioseph,
2602 2188 2697 2243 sed
2731 2185 2998 2258 insignior
3034 2184 3212 2240 iactus
3254 2190 3349 2239 'cst
3403 2198 3473 2239 eo

1882 2281 2028 2351 quod
2065 2280 2267 2337 Christi
2294 2295 2500 2351 corpus
2529 2294 2700 2335 ausus
2724 2278 2890 2334 fuerit
2915 2278 3189 2347 accipere,
3227 2275 3473 2346 illudque

1884 2373 2182 2428 honorare.
2235 2372 2424 2440 Neque
2457 2370 2603 2426 enim
2643 2371 2821 2425 solum
2865 2369 3008 2432 tulit,
3035 2371 3130 2425 sed
3157 2376 3212 2423 et
3233 2367 3473 2438 pretiose

1885 2477 1949 2516 ac
1971 2461 2272 2517 honoriﬁce
2298 2477 2426 2517 cum
2458 2459 2754 2516 Nicodemo
2799 2458 3075 2529 sepelivit.
3138 2458 3198 2512 In
3235 2458 3467 2512 mistura

1884 2558 2068 2608 autem
2114 2549 2356 2624 myrrhae
2400 2560 2458 2607 et
2494 2551 2645 2606 aloes
2675 2550 2810 2605 illud
2842 2549 3202 2620 sepelierunt,
3256 2559 3320 2604 ut
3350 2549 3473 2604 sine

1884 2646 2242 2716 corruptione
2273 2653 2330 2700 et
2377 2645 2432 2699 in
2470 2644 2619 2700 bono
2643 2643 2814 2699 odore
2866 2650 3214 2712 permaneret
3247 2659 3262 2695 :
3296 2641 3477 2696 adhuc

1885 2737 2032 2793 enim
2073 2743 2136 2791 ut
2189 2735 2400 2791 nudum
2435 2729 2714 2791 hominem
2764 2735 2946 2806 ipsum
2997 2732 3360 2788 honorabant.
3406 2732 3476 2787 Et

1885 2843 1992 2885 nos
2044 2842 2177 2898 ergo
2241 2826 2456 2882 Domini
2500 2841 2700 2898 corpus
2760 2842 2857 2897 per
2907 2825 3381 2896 participationem
3420 2824 3475 2878 iu

1882 2921 2044 2975 altari
2107 2919 2206 2990 (m)
2271 2919 2635 2988 accipientes,
2693 2917 3068 2973 odoramentis
3121 2915 3255 2970 illud
3305 2930 3477 2986 unga-

1885 3026 2028 3074 mus,
2049 3009 2310 3066 suavibus
2336 3008 2590 3064 videlicet
2611 3009 2874 3065 virtutum
2904 3007 3190 3079 operibus,
3220 3021 3285 3062 ac
3308 3020 3477 3076 opere

1801 3131 1848 3187 ο
1881 3116 1940 3161 et
1971 3104 2465 3176 contemplatione.

1953 3215 2117 3271 Vers.
2158 3215 2251 3274 60.
2286 3211 2356 3267 Et
2382 3242 2452 3255 —
2477 3211 2625 3267 abiit.
2687 3210 2789 3266 Hie
2847 3208 3066 3280 quidem
3097 3208 3477 3280 ,ErangeIista

1883 3307 2060 3379 ipsius
2101 3306 2312 3377 Joseph
2374 3305 2510 3362 dicit
2562 3303 2735 3359 fuisse
2768 3311 3231 3368 munumentum;
3288 3302 3474 3358 caeteri

1879 3416 2019 3472 vero
2079 3414 2195 3454 non
2255 3398 2708 3469 signiﬁcaverunt
2755 3397 2914 3465 cujus
2958 3394 3120 3448 fuerit
3175 3411 3189 3448 :
3235 3392 3479 3449 Joannes

1881 3490 2030 3546 enim
2050 3490 2129 3544 ait
2149 3507 2163 3544 :
2185 3488 2321 3544 Erat
2335 3497 2510 3543 autem
2522 3491 2576 3542 in
2593 3487 2705 3541 loco
2721 3486 2808 3539 ubi
2824 3485 3109 3554 cruciﬁxus
3122 3495 3196 3539 est
3211 3486 3411 3542 hortus.
3429 3493 3479 3539 et

1878 3583 1937 3638 in
1948 3584 2098 3638 horto
2115 3592 2510 3636 monumentum
2535 3595 2744 3645 novum,
2765 3579 2821 3630 in
2842 3594 2942 3648 quo
2958 3577 3188 3631 nondum
3204 3577 3480 3648 quicquam

1882 3679 2082 3749 positus
2111 3677 2368 3747 fuerat",
2407 3682 2515 3728 etc.
2572 3667 2880 3727 Verisimile
2903 3684 3034 3740 ergo
3058 3676 3144 3723 est
3169 3668 3344 3739 ipsius
3382 3668 3479 3724 Jo-

1883 3767 2019 3838 seph
2061 3765 2230 3820 fuisse
2256 3764 2481 3819 hortum
2514 3758 2569 3816 in
2601 3774 2713 3831 quo
2740 3769 2862 3815 erat
2903 3769 3341 3813 monumentum.
3365 3758 3470 3813 0r-

1882 3862 2130 3916 dinatum
2160 3867 2248 3914 est
2266 3866 2448 3913 autem
2485 3864 2546 3909 ut
2579 3853 2714 3909 illud
2743 3852 2914 3908 fuerit
2947 3867 3170 3915 novum,
3205 3867 3277 3906 ne
3325 3865 3478 3922 post-

1882 3967 2044 4022 quam
2078 3947 2474 4004 resurrexisset
2506 3945 2782 4010 Salvator,
2802 3943 3046 4014 suSpicio
3077 3942 3267 3997 haberi
3291 3953 3480 4012 posset

1882 4043 2049 4097 alium
2084 4039 2472 4095 resurrexisse.
2521 4034 2780 4090 Advolvit
2817 4048 3039 4104 quoque
3079 4046 3270 4084 saxum
3327 4045 3481 4101 mag-

1886 4148 2043 4200 num,
2077 4131 2343 4186 auxilium
2376 4129 2478 4199 ipsi
2511 4133 2805 4198 praestante
2833 4135 2889 4179 et
2915 4123 3228 4178 Nicodemo.
3275 4120 3474 4176 Monn-

1881 4232 2132 4278 mentum
2159 4229 2340 4274 autem
2370 4219 2426 4271 in
2456 4217 2732 4287 speluncte
2762 4213 2986 4269 modum
3023 4221 3146 4266 erat
3170 4211 3440 4266 excisum.

1954 4314 2111 4368 Vers.
2150 4311 2238 4366 60.
2289 4309 2424 4363 Erat
2485 4317 2748 4362 autem—
2779 4305 3028 4374 sepulcri.
3091 4302 3303 4357 Marcus
3348 4317 3479 4356 vero

1884 4407 1961 4460 ait
2009 4423 2022 4460 :
2060 4403 2237 4457 Maria
2267 4411 2444 4455 autem
2476 4399 2810 4470 Magdalene,
2846 4407 2894 4450 et
2923 4395 3100 4449 Maria
3151 4393 3276 4448 Jose
3327 4395 3471 4457 aspi-

1884 4497 2090 4551 ciebant
2129 4496 2214 4548 ubi
2239 4502 2523 4562 poneretur
2552 4491 2599 4522 '"
2625 4507 2640 4554 ;
2700 4489 2876 4543 Lucas
2906 4495 3087 4540 autem
3127 4501 3142 4539 :
3174 4484 3476 4538 Subsecuit

1885 4595 2029 4649 sunt,
2058 4585 2259 4654 inquit,
2290 4583 2553 4646 mulieres,
2595 4597 2712 4651 qua:
2741 4596 2856 4632 cum
2877 4595 2933 4632 co
2964 4587 3208 4631 venerant
3238 4577 3300 4629 de
3322 4574 3444 4630 Gali
3465 4605 3478 4616 ς

1887 4679 1987 4733 lata
2022 4693 2039 4730 :
2081 4678 2331 4731 viderunt
2387 4681 2803 4732 monumentum,
2856 4679 2904 4722 et
2945 4668 3202 4738 quomodo
3252 4667 3476 4734 positum

1883 4779 1998 4824 erat
2029 4784 2216 4835 corpus
2246 4767 2397 4832 ejus;
2427 4780 2652 4818 reversa:
2681 4778 2801 4816 vero
2843 4769 3168 4829 paraverunt
3226 4768 3472 4811 aromata

1886 4870 1934 4915 et
1963 4872 2232 4931 unguenta
2254 4857 2322 4910 ".
2371 4856 2506 4911 Cum
2545 4855 2692 4910 enim
2729 4867 2832 4906 eos
2863 4851 2954 4919 qui
2986 4848 3323 4919 sepeliebaut
3349 4851 3478 4902 sub-

1884 4952 2039 5022 sequi
2069 4959 2124 5005 et
2160 4966 2285 5004 cum
2317 4949 2397 5003 eis
2447 4947 2649 5002 reverti
2696 4946 3072 5000 decrevissent
3122 4943 3475 4997 sedebaan

1889 5043 2122 5096 adverso
2171 5039 2432 5108 sepulcri,
2459 5037 2790 5105 aspicientes
2820 5037 2908 5090 ubi
2937 5044 3232 5104 poneretur
3255 5048 3478 5102 corpus,

1891 5142 1946 5188 et
1996 5132 2273 5204 quomodo
2307 5139 2605 5201 poneretur
2643 5146 2656 5182 :
2694 5145 2754 5182 ut
2798 5143 3054 5191 reversu',
3099 5126 3303 5194 paratis
3351 5140 3476 5178 aro-

1893 5228 2132 5282 matibus
2182 5241 2246 5280 ac
2301 5225 2617 5293 unguentis,
2671 5223 2925 5275 venirent
2956 5219 3046 5272 die
3084 5217 3371 5273 Dominico
3419 5227 3475 5271 et

1893 5317 2240 5376 aromatihus
2269 5325 2324 5370 et
2358 5324 2600 5384 ungento
2635 5312 2768 5366 illud
2799 5319 3089 5382 ungerent.

2097 5437 2142 5467 "
2173 5435 2336 5490 Mare.
2366 5451 2455 5499 xv,
2479 5434 2570 5487 47.
2645 5433 2692 5463 ⁷⁸
2734 5430 2866 5485 Luc.
2900 5444 3053 5494 χχιιι,
3084 5427 3173 5492 55,
3212 5426 3300 5481 56.

1417 5559 1620 5620 Variae
1664 5555 1970 5616 lectiones
2007 5561 2070 5615 et
2109 5560 2300 5614 notae.

263 5695 383 5764 (67)
422 5692 630 5748 Inclusa
660 5689 1014 5753 exciderunt,
1044 5686 1114 5741 ob
1149 5683 1438 5752 repetitum
1465 5677 1790 5734 vocabulum
1815 5676 2016 5745 Ἰησοῦ.
2048 5678 2114 5730 Α.

261 5812 368 5883 (nt)
405 5809 471 5865 ln
525 5807 709 5864 altari.
756 5806 815 5862 lu
867 5804 1053 5862 Graeco
1087 5818 1195 5856 non
1227 5800 1500 5871 leguntur.
1539 5793 1700 5850 Forte
1751 5791 2159 5864 perspicuitatis
2187 5805 2346 5846 causa
2380 5803 2493 5843 nunc
2523 5785 2730 5842 addidit
2763 5783 3054 5852 interpres.
