4054 6386
250 391 359 454 753

1053 389 1442 452 COMMENT.
1489 389 1570 449 IN
1610 387 2092 450 ΜΑΤΤΙΙΑΞΠΜ.
2123 413 2192 424 -
2229 388 2388 449 CAP.
2432 387 2712 450 XXVIII.

3423 380 3528 446 7M

337 504 497 558 Ἐπεὶ
531 503 641 573 γὰρ
673 503 701 554 6
748 501 853 568 ἔξω
887 501 1207 572 καθήμενος
1237 500 1474 568 ἄγγελος
1503 500 1842 571 παρεκελεύ-

2021 499 2159 564 Quia
2186 497 2334 553 enim
2379 497 2424 554 is
2449 498 2541 568 qui
2576 496 2710 552 foris
2740 497 2970 553 sedebat
2999 496 3223 566 angelus
3257 509 3530 565 przecepe-

255 613 390 648 σατο
419 593 626 656 ταύτας
655 594 942 661 εἰσελθεῖν,
973 593 1326 647 εἰσελθοῦσαι
1358 593 1439 656 είς
1463 591 1524 646 τδ
1550 595 1838 662 μνημεῖον,

249 683 398 742 εἶδον
432 687 623 754 ἕτερον
656 683 912 754 ἄγγελον,
951 687 1270 757 καθήμενον
1298 687 1355 740 ἐν
1380 689 1492 749 τοῖς
1518 685 1715 752 δεξιοῖς
1745 686 1840 737 σύ-

249 778 352 832 τοῦ
387 779 606 848 μέρεσι,
655 779 776 844 καὶ,
819 767 894 843 ὣς
928 781 1100 842 εἰκὸς,
1152 779 1642 851 ἐξεθαμϐήθησαν,
1693 777 1842 845 ἐξαί-

252 888 397 940 φνης
435 870 761 938 ἐντυχοῦσαι
792 870 1038 941 αὑτῷ.ὐ
1066 871 1121 925 δὲ
1143 870 1297 939 λέγει
1328 871 1547 934 αὑταῖς·
1584 869 1682 937 Μὴ
1744 870 1842 924 ἐκ·

249 957 597 1028 θαμόεἳσθε,
639 961 734 1012 καὶ
766 959 834 1013 τά
865 960 1015 1028 ἑξῆς.
1061 961 1297 1031 Ὁμοίως
1329 960 1384 1014 δὲ
1417 960 1496 1030 τῷ
1530 961 1688 1024 ἐκτὸς
1741 962 1842 1029 ἀγ-

257 1047 420 1117 γέλῳ,
445 1049 540 1100 καὶ
570 1049 598 1100 6
631 1049 804 1112 ἐντὸς,
855 1050 1075 1120 πρῶτον
1110 1049 1446 1104 ἀπαλλάττει
1496 1049 1704 1112 ταύτας
1749 1049 1842 1104 τοῦ

250 1137 523 1206 θάμϐουςο
558 1137 751 1192 ἔπειτα
805 1140 934 1209 περὶ
967 1141 1066 1211 τῆς
1100 1141 1466 1206 ἀναστάσεως
1502 1141 1839 1210 διαλέγεται.

250 1231 367 1283 Καὶ
404 1231 431 1283 6
459 1229 560 1300 μὲν
582 1232 758 1296 ἐκτὸς,
800 1232 1032 1302 φοϐερὸς
1072 1232 1164 1305 ἦν,
1201 1233 1292 1288 διά
1328 1235 1457 1298 τοὺς
1503 1235 1785 1303 φύλᾶκαςς
1815 1236 1844 1287 6

251 1321 299 1372 δ’
333 1321 509 1385 ἐντὸς,
543 1321 606 1372 οὐ
653 1323 923 1386 τοιοῦτος,
955 1324 1045 1377 διά
1090 1327 1191 1389 τὰς
1223 1327 1514 1394 γυναῖκας.
1559 1326 1654 1377 Διὸ
1694 1327 1845 1378 ὲκεί-

251 1429 346 1465 νον
381 1412 483 1481 μὲν
515 1413 748 1478 ἰδοῦσαι,
785 1415 1142 1488 ὲφοὸήθησαν
1173 1411 1361 1487 αὗταιο
1397 1420 1593 1472 τοῦτον
1620 1419 1676 1472 δὲ
1703 1418 1844 1472 ἰδοῦ-

253 1521 346 1556 σαι
384 1504 868 1577 ἐξεθαμϐήθησαν.
896 1509 969 1561 Τὸ
998 1510 1076 1573 δὲ,
1105 1509 1228 1565 Ἴδε
1259 1513 1292 1565 d
1319 1513 1522 1576 τόπος,
1567 1512 1692 1564 ἀντὶ
1722 1511 1840 1576 τοῦ,

263 1593 400 1646 Ἰδοὺ
423 1597 450 1647 ὁ
471 1595 660 1660 τόπος.
725 1597 1025 1669 Ὀνομαστὶ
1054 1601 1110 1654 δὲ
1145 1601 1460 1674 προσέθηκε
1493 1603 1584 1654 τὸν
1613 1603 1840 1672 Πέτρον,

253 1687 346 1740 ἵνα
379 1687 515 1757 γνῷ,
547 1690 631 1742 ὅτι
663 1691 1092 1762 συγκεχώρηται
1123 1694 1186 1746 τὸ
1217 1695 1447 1764 σφάλμα
1479 1699 1578 1766 τῆς
1604 1696 1842 1768 τριπλῆς

251 1779 542 1850 ἀρνήσεως
573 1781 661 1834 διὰ
697 1782 797 1852 τὴν
832 1785 1046 1856 θερμὴν
1090 1787 1405 1856 μετάνοιαν,
1438 1789 1531 1841 καὶ
1556 1789 1840 1843 ἀναπνεύο

1947 602 2029 644 rat
2061 591 2142 644 eis
2169 590 2409 660 ingredi,
2446 591 2707 660 ingressa:
2739 589 2793 643 in
2828 601 3247 644 monumentum
3273 587 3531 642 viderunt

1945 684 2178 738 alterum
2207 683 2461 753 angelum
2490 682 2772 737 sedentem
2795 698 2824 736 a
2880 681 3071 736 dextra
3105 680 3274 748 ipsius
3328 686 3480 750 parte
3510 694 3528 745 ;

1946 784 1998 827 et
2032 785 2091 828 ut
2122 773 2421 829 verisimile
2465 783 2569 838 est,
2601 773 2716 830 viso
2745 783 2970 843 repente
3005 787 3071 828 eo
3104 773 3527 841 obstupuerunt.

1946 868 2014 921 At
2069 867 2158 921 ille
2213 866 2348 921 dixit
2412 867 2492 920 eis
2531 866 2652 921 :Ne
2706 867 3098 936 obstupescalis,
3125 875 3232 922 etc.
3271 865 3338 920 Et
3388 863 3531 920 sicut

1948 959 2186 1015 exterior
2212 957 2571 1028 angelus,.ita
2631 967 2687 1012 et
2725 958 2976 1021 interior,
3009 957 3245 1028 primum
3309 956 3527 1026 quidem

1946 1059 2171 1117 stupore
2230 1064 2322 1102 eas
2377 1048 2612 1111 liberat;
2645 1041 2844 1104 deinde
2877 1064 2941 1104 ea
2999 1063 3119 1119 quae
3170 1047 3244 1103 de
3284 1061 3533 1102 resurre-

1946 1143 2131 1196 ctione
2160 1151 2318 1196 erant
2355 1141 2598 1196 disserit.
2653 1139 2720 1196 Et
2750 1151 2898 1196 certe
2953 1141 3195 1196 exterior
3255 1138 3533 1194 timendus

1946 1242 2063 1288 erat
2125 1240 2348 1302 propter
2410 1231 2698 1298 custodes;
2790 1232 3017 1286 interior
3070 1247 3198 1287 vero
3245 1231 3367 1285 talis
3425 1245 3531 1284 non

1947 1335 2084 1390 erat,
2111 1333 2341 1395 propter
2377 1324 2658 1380 mulieres.
2691 1325 2823 1380 Ideo
2876 1325 2969 1380 illo
2991 1325 3214 1395 quidem
3258 1323 3395 1386 viso,
3418 1322 3534 1377 ista:

1948 1420 2255 1473 timuerunt
2291 1433 2307 1485 ;
2342 1419 2445 1472 hoc
2475 1428 2658 1473 autem
2714 1419 2854 1480 viso,
2891 1419 3320 1487 obstupuerunt.
3345 1415 3534 1470 Nonii-

1944 1511 2116 1564 natim
2148 1519 2332 1564 autem
2394 1509 2617 1565 I‘etrum
2652 1510 2883 1573 addidit,
2924 1521 2984 1565 ut
3037 1509 3203 1564 sciret
3247 1510 3534 1562 remissum

1945 1603 2049 1657 sibi
2075 1617 2196 1658 esse
2224 1604 2385 1657 trime
2417 1588 2736 1674 negationis
2772 1604 3007 1670 lapsum,
3038 1610 3267 1672 propter
3321 1600 3538 1655 ferren-

1946 1705 2056 1748 tem
2117 1694 2524 1764 paenitentiam,
2559 1704 2614 1750 et
2651 1695 2950 1765 respiraret
2981 1712 2995 1747 :
3047 1694 3342 1762 absorptus
3375 1691 3539 1760 siqni-

1947 1784 2067 1838 dem
2095 1793 2214 1839 erat
2247 1785 2519 1840 immenso
2546 1801 2800 1842 maerore.
2831 1785 3054 1840 Addens
3098 1795 3280 1839 autem
3319 1798 3334 1834 :
3391 1779 3540 1836 Sicut

254 1886 349 1940 σῃ.
401 1871 510 1923 Καὶ
559 1871 669 1942 γὰρ
715 1872 1040 1927 ἐδεδύθιστο
1078 1879 1144 1946 τῇ
1186 1877 1412 1948 ἀμέτρῳ
1458 1877 1628 1949 λύπῃ.
1673 1878 1843 1933 Ἐπα-

1952 1879 2087 1934 dixit
2117 1879 2280 1944 vobis,
2314 1879 2532 1935 reduxit
2575 1879 2657 1937 eis
2687 1880 2754 1934 ad
2805 1879 3125 1933 memoriam
3170 1875 3223 1935 id
3285 1874 3431 1945 quod
3481 1872 3538 1927 in

250 1958 446 2026 γαγὼν
468 1961 545 2025 δὲ,
572 1963 652 2015 ὅτι
689 1961 899 2031 Καθὼς
923 1960 1094 2019 εἶπεν
1129 1967 1292 2036 ὑμῖν,
1311 1969 1623 2038 ἀνέμνησεν
1645 1969 1845 2032 αὐτοὺς

248 2046 317 2106 οὗ
349 2050 504 2108 εἶπεν
531 2055 589 2107 ὲν
621 2055 698 2126 τῷ
723 2056 842 2126 δρει
877 2058 984 2116 τῶν
1017 2059 1370 2123 Ἑλαιῶνβιι
1405 2062 1561 2115 Μετὰ
1592 2064 1658 2115 τὸ
1681 2063 1846 2130 ἐγερ-

252 2145 439 2212 θῆναί
480 2166 593 2217 με,
627 2149 866 2217 προάξω
893 2150 1048 2220 ὑμᾶς
1081 2154 1171 2218 εις
1211 2152 1324 2220 τὴν
1367 2155 1726 2221 Γαλιλαίαν,
1763 2156 1842 2218 ὡς

251 2239 447 2310 εἴρηκε
473 2238 750 2302 Ματθαϊος
767 2240 822 2290 ὲν
839 2239 917 2308 τῷ
937 2239 1216 2311 ἑξηκοστῷ
1237 2243 1483 2314 τετάρτῳ
1499 2243 1797 2314 κεφαλαίῳ.

344 2329 406 2385 Ὀ
452 2331 511 2383 δὲ
562 2333 781 2395 Λουκᾶς
837 2332 1104 2405 ἔγραψεν,
1138 2336 1222 2389 ὅτι
1280 2336 1395 2391 Καὶ
1433 2338 1848 2404 εἰσελθοῦσαι,

251 2425 371 2493 οὐχ
407 2418 590 2492 εὗρον
619 2425 682 2477 τὸ
710 2423 882 2493 σῶμα
908 2426 1012 2480 τοῦ
1039 2427 1263 2495 Κυρίου
1294 2429 1520 2495 Ἰησοῦ.
1561 2427 1672 2483 Καὶ
1727 2430 1849 2500 ἐγέο

253 2531 397 2568 νετο
425 2513 514 2567 ἐν’
545 2514 624 2579 τῷ
653 2514 1064 2584 διαπορεῖσθαι
1097 2519 1285 2585 αὑτὰς
1319 2519 1452 2587 περὶ
1481 2521 1718 2584 τούτου,
1747 2521 1846 2574 καί

259 2605 416 2668 ιδοὺ,
456 2605 674 2674 ἄνδρες
704 2606 814 2662 δύο
853 2609 1212 2677 ἐπέστησαν
1273 2613 1487 2678 αὐταῖς
1541 2613 1612 2667 ἐν
1667 2613 1846 2680 ἐσθή-

254 2713 442 2751 σεσιν
482 2698 996 2766 ἀστραπτούσαις.
1039 2702 1347 2772 Ἔμςρόϐων
1387 2704 1456 2757 δὲ
1510 2706 1849 2775 γενομένων

260 2787 485 2851 αὐτῶν,
542 2792 638 2843 καί
692 2792 1043 2846 κλινουσῶν
1084 2795 1152 2848 τὸ
1207 2797 1540 2863 πρόσωπον
1587 2801 1670 2864 είς
1735 2799 1851 2865 τὴν

259 2884 402 2952 γῆν,
435 2881 613 2938 εἶπον
654 2886 805 2954 πρὸς
849 2887 1059 2952 αὑτάς·
1117 2889 1177 2942 Τί
1225 2888 1447 2954 ζητεῖτε
1509 2891 1615 2944 τὸν
1663 2890 1849 2951 ζῶντα

255 2976 412 3043 μετὰ
445 2973 563 3027 τῶν
595 2975 850 3043 νεκρῶν;
902 2977 1164 3045 Ἠγέρθη,
1193 2978 1304 3048 (83)
1334 2982 1445 3033 οὐκ
1479 2981 1654 3034 ἔστιν
1706 2973 1843 3034 ὧδε.

1957 1980 2141 2024 monte
2172 1969 2454 2026 Olivarum
2487 1973 2744 2028 dixerat:
2780 1972 3070 2044 Postquam
3095 1977 3274 2025 autem
3306 1983 3542 2024 resurre-

1954 2081 2102 2131 aero,
2116 2068 2410 2133 praecedam
2429 2083 2516 2121 vos
2544 2067 2596 2120 in
2611 2066 2916 2131 Galilaeam,
2937 2065 3078 2119 sicut
3097 2062 3231 2119 dixit
3256 2060 3542 2116 Matthatus

1951 2157 2214 2213 vicesimo
2271 2167 2428 2214 sexto
2495 2158 2676 2227 capite
2701 2158 2770 2212 ⁸⁸.

2023 2345 2204 2401 Lucas
2241 2363 2372 2404 vero
2403 2349 2664 2419 scripsit:
2701 2346 2768 2401 Et
2804 2348 3054 2417 ingressa:
3079 2363 3182 2399 non
3233 2346 3541 2397 invenerunt

1951 2453 2140 2506 corpus
2191 2439 2407 2494 Domini
2463 2441 2609 2496 Jesu.
2655 2439 2724 2494 Et
2794 2442 2993 2512 factum
3053 2447 3129 2493 est
3182 2439 3306 2491 dum
3373 2445 3543 2489 mente

1953 2540 2300 2584 consternata:
2327 2545 2495 2586 essent
2532 2548 2690 2600 super
2741 2532 2860 2595 hoc,
2913 2541 2960 2586 et
2995 2546 3110 2584 ecce
3133 2529 3238 2581 duo
3260 2529 3360 2581 viri
3386 2536 3544 2581 stete-

1953 2633 2077 2674 runt
2100 2623 2260 2691 juxta
2297 2624 2420 2678 illas
2469 2626 2523 2679 in
2554 2625 2781 2679 vestibus
2832 2623 3247 2694 fulgur-antibus.
3310 2609 3546 2689 Cumque

1956 2715 2309 2784 expavissent,
2343 2723 2394 2768 et
2434 2715 2759 2769 declinarent
2814 2715 3016 2768 vultum
3042 2713 3094 2766 in
3154 2722 3374 2775 terram,
3399 2712 3543 2764 dixe—
3612 2782 3616 2787 η

1959 2816 2084 2860 runt
2111 2809 2182 2860 ad
2204 2807 2360 2861 illas:
2388 2806 2530 2872 Quid
2568 2806 2807 2876 quwi'itis
2836 2807 3088 2860 viventem
3118 2821 3233 2857 cum
3269 2803 3489 2857 mortuis
3521 2804 3545 2856 2

1956 2897 2074 2949 Non
2101 2905 2176 2950 est
2205 2898 2308 2959 hic,
2323 2896 2416 2950 sed
2443 2897 2692 2950 surrexit.
2725 2893 3041 2949 Mementote
3063 2893 3321 2964 quomodo
3338 2892 3544 2946 loculus

1954 2991 2021 3043 sit
2047 2989 2208 3050 vobis,
2244 3005 2362 3042 cum
2391 2989 2564 3042 adhuc
2599 2995 2729 3042 esset
2761 2988 2814 3040 in
2841 2986 3071 3042 Galilwa
3117 2987 3294 3039 dicens
3322 3002 3340 3040 :
3379 2983 3545 3055 Opor-

266 3067 381 3132 ι84)
409 3067 757 3135 Μνήσθητρ,
792 3071 872 3135 ὡς
899 3069 1212 3135 ἐλάλησεν
1238 3073 1402 3140 ὑμῖν,
1437 3073 1522 3126 ἔτι
1560 3072 1645 3125 ὢν
1690 3073 1848 3142 ὲντῇ

1957 3091 2026 3136 tet
2055 3081 2249 3135 Filium
2276 3081 2502 3135 hominis
2534 3080 2674 3133 tradi
2707 3080 2762 3132 in
2793 3096 2984 3133 manus
3009 3080 3282 3134 hominum
3303 3079 3566 3148 peccato;

261 3159 585 3224 Γαλιλαίᾳ,
606 3158 821 3227 λέγων,
845 3160 932 3213 ὅτι
958 3161 1059 3214 Δεῖ
1077 3162 1182 3214 τὸν
1232 3163 1371 3216 Υἱὸν
1395 3162 1499 3216 τοῦ
1529 3163 1848 3232 ἀνθρώπου

259 3247 675 3317 παραδοθῆναι
704 3252 792 3316 εις
825 3251 1031 3319 χεζοας
1071 3253 1405 3322 ἀνθρώπων
1456 3257 1846 3325 ἁμαρτωλῶν,

261 3340 362 3392 καὶ
391 3341 833 3409 σταυρωθῆναι,
857 3343 953 3395 καὶ
975 3343 1050 3412 τῇ
1073 3347 1240 3416 τρίτῃ
1263 3347 1454 3415 ἡμέρᾳ
1482 3349 1847 3418 ἀναστῆναι.

262 3431 370 3485 Καὶ
391 3432 794 3499 ἐμνήσθησαν
821 3434 938 3488 τῶν
951 3435 1239 3502 ῥημάτων
1284 3441 1493 3496 αὑτοῦ.

348 3522 407 3574 .0
443 3522 545 3591 μὲν
598 3525 705 3596 γὰρ
739 3525 1058 3594 καθήμενος
1090 3529 1148 3579 ὲν
1187 3531 1302 3592 τοῖς
1345 3530 1541 3596 δεξιοῖς
1596 3531 1848 3600 ἄγγελος.

260 3611 435 3666 είπὼν
463 3615 601 3683 πρὸς
638 3616 830 3678 αὐτὲις,
863 3617 968 3670 ὅσα
1007 3619 1236 3689 Μάρκος
1276 3620 1639 3690 ἀπήγῨειλεν,
1676 3625 1850 3689 time-

257 3709 450 3778 ἦλθεν,
482 3711 509 3762 δ
538 3713 632 3764 καὶ
664 3713 800 3765 αὐτὸ
864 3716 1306 3785 παρασιωπηθὲν
1332 3716 1408 3788 τῷ
1443 3719 1680 3790 Μάρκῳ,
1711 3722 1851 3792 μετά

262 3809 362 3858 καὶ
411 3805 522 3857 τῶν
585 3807 942 3876 δηλωθέντων
986 3808 1092 3860 ὑπὸ
1149 3809 1245 3863 τοῦ
1297 3812 1504 3876 Λουκᾶ,
1573 3814 1853 3884 παρέσχεν

257 3894 468 3962 ὁμοίιος
495 3895 753 3964 ἀπορίαν.
791 3898 950 3950 Ἐπεὶ
979 3898 1036 3951 δὲ
1075 3899 1173 3970 οὐχ
1216 3894 1378 3971 εὖρον
1400 3895 1563 3955 αὗται
1597 3903 1658 3954 τὸ
1691 3903 1850 3974 σῶμα

260 3983 361 4051 τοῦ
395 3985 601 4055 Κυρίου
645 3987 846 4056 Ἰησοῦ,
877 3989 1177 4060 διηπόρουν
1205 3993 1336 4062 περὶ
1373 3992 1567 4055 αὑτοῦ,
1599 3993 1654 4046 τί
1685 3994 1850 4062 γέγο-

262 4067 378 4128 νεν’
439 4075 595 4130 οῦπω
657 4079 766 4147 γὰρ
815 4078 1082 4148 ⁴ᾕδύναντο
1132 4082 1440 4146 πιστεύειν,
1487 4084 1569 4136 δτι
1625 4084 1849 4155 ἀνέστη·

263 4167 414 4220 οὕτω
439 4169 496 4221 δὲ
528 4169 993 4242 διαπορουμέναις
1027 4174 1344 4243 ἐπέστησαν
1366 4176 1562 4240 αὑταῖς
1600 4178 1648 4230 oi
1678 4180 1850 4250 προρο

264 4259 531 4327 ῥηθέντες
559 4261 653 4314 δύο
692 4263 944 4330 ἄγγελοι,
984 4265 1044 4318 ὃν
1081 4282 1140 4318 τε
1198 4261 1341 4320 εῐδον
1378 4267 1482 4332 ἔξω
1514 4268 1612 4322 τοῦ
1651 4270 1849 4339 τάφου,

266 4352 363 4405 καὶ
400 4352 459 4406 δν
487 4354 785 4409 ἓθεάσαντο
819 4356 968 4410 ἔνδον
1000 4357 1196 4423 αὐτοῦ,
1229 4362 1843 4430 μετασχηματισθέντες

1953 3191 2096 3236 rum,
2132 3183 2180 3228 et
2215 3173 2472 3243 cruci/Egi,
2503 3189 2568 3226 ac
2606 3172 2760 3226 tertio
2795 3173 2879 3227 die
2929 3189 3220 3244 resurgere.
3256 3172 3324 3226 Et
3365 3187 3542 3226 recor-

1952 3274 2094 3328 data?
2109 3281 2231 3328 sunt
2255 3273 2529 3328 verborum
2557 3272 2699 3327 illius
2725 3273 2795 3328 ’το

2027 3537 2266 3609 Angelus
2294 3535 2478 3606 itaque
2510 3535 2600 3606 qni
2622 3535 2848 3590 sedebat
2877 3549 2906 3588 a
2931 3535 3162 3598 dextris,
3214 3536 3418 3604 quique
3476 3535 3542 3588 ad

1953 3647 2050 3686 eas
2081 3631 2296 3688 dixerat
2324 3643 2387 3683 ea
2416 3644 2538 3698 quae
2577 3628 2765 3683 retulit
2798 3626 3042 3690 Marcus,
3065 3628 3357 3697 disparuit.
3385 3628 3542 3692 Quod

1955 3725 2145 3786 etiam,
2175 3722 2300 3792 quia
2335 3735 2364 3774 a
2403 3721 2587 3775 Marco
2624 3720 2847 3774 silentio
2875 3718 3215 3788 pra-teritum
3243 3724 3364 3779 'est.
3416 3733 3542 3772 curn

1956 3821 2042 3875 liis
2061 3834 2181 3889 quze
2204 3834 2233 3872 a
2268 3817 2410 3872 Luca
2442 3825 2658 3871 narrata
2681 3823 2833 3879 sunt,
2858 3815 3114 3870 similiter
3149 3814 3543 3869 obscuritatem

1955 3909 2189 3982 peperit.
2215 3907 2352 3964 Cum
2392 3917 2579 3962 autem
2614 3906 2747 3976 ipsa:
2773 3919 2976 3974 corpus
3011 3901 3222 3958 Domini
3271 3901 3400 3957 Jesu
3432 3917 3542 3954 non

1957 4002 2318 4067 invenissent,
2354 4007 2703 4070 expaverunt
2741 3997 3071 4068 cogitantes,
3093 3995 3225 4066 quid
3259 3995 3328 4049 de
3349 4008 3417 4048 eo
3459 3993 3542 4046 fa-

1955 4107 2103 4153 ctum
2135 4103 2302 4152 esset.
2336 4092 2588 4148 Nundum
2625 4090 2772 4145 enim
2811 4088 3040 4145 credere
3089 4095 3346 4157 poterant
3395 4085 3541 4154 quod

1955 4184 2394 4248 resurrexisset;
2447 4182 2522 4236 ita
2571 4174 2943 4236 consternatis
2995 4177 3130 4249 ipsis
3167 4187 3543 4247 apparuerunt

1956 4279 2065 4334 duo
2095 4275 2338 4348 praedicti
2363 4273 2560 4346 angeli,
2590 4273 2710 4328 etis
2748 4271 3004 4327 videlicet
3054 4285 3218 4340 quem
3249 4279 3404 4324 extra
3460 4284 3545 4321 sc.—

1959 4369 2208 4439 pulcrum
2249 4367 2526 4427 viderant,
2567 4371 2622 4419 et
2655 4379 2817 4434 quem
2859 4364 2913 4417 in
2966 4362 3084 4432 ipso
3121 4370 3542 4430 conspexerant,

263 4445 326 4497 ὲν
360 4445 652 4513 ἐσθήσεσιν
682 4448 1157 4518 ἀστραπτοῦσαις,
1188 4451 1275 4504 ἵνα
1307 4453 1402 4504 καὶ
1441 4429 1644 4521 μᾶλλον
1673 4455 1842 4523 ἀγγε-

1957 4429 2334 4530 transﬁgurati
2370 4459 2422 4512 in
2457 4429 2706 4512 vestibus
2735 4429 3162 4525 fulgurantibus,
3201 4429 3445 4506 utetiam
3473 4452 3543 4503 ob

261 4535 349 4587 λοι
377 4536 512 4590 Θεοῦ
554 4538 772 4606 δόξωσι,
803 4539 882 4611 τῷ
928 4541 1098 4614 ῥᾳδίῳ
1134 4541 1230 4597 τοῦ
1279 4549 1834 4617 μετασχηματισμοῦσ

264 4629 534 4698 ἐμφόϐων
585 4632 642 4684 δὲ
675 4634 990 4704 γενομένων
1039 4636 1247 4699 αὐτῶν,
1279 4637 1372 4689 ἐπὶ
1403 4639 1481 4708 τῷ
1525 4639 1700 4708 καινῷ
1749 4640 1850 4709 τῆς

258 4722 465 4791 ὅψεως,
521 4724 614 4776 καὶ
660 4725 737 4796 μὴ
771 4726 1091 4796 δυναμένων
1124 4727 1348 4798 βλέπειν
1392 4732 1473 4794 είς
1504 4731 1726 4794 αὐτοὺς,
1763 4732 1850 4786 διὰ

262 4813 330 4866 τὸ
385 4815 494 4867 τῶν
545 4816 797 4888 ἐσθήτων
845 4819 958 4891 (85)
1004 4822 1449 4894 ἀστραπηὸόλον,
1503 4819 1659 4876 εἷπον
1711 4825 1846 4896 πρὸς

262 4904 463 4969 αὑτὰς,
495 4909 684 4963 οὐκέτι
725 4912 941 4980 πράως,
997 4913 1074 4978 ὡς
1115 4917 1403 4986 πρότερον,
1440 4915 1558 4969 ἀλλ’
1611 4915 1850 4983 ἐπιπλη-

264 4997 489 5064 ιιτικῶς,
506 4998 594 5052 διά
616 5000 714 5072 τὴν
739 5003 997 5056 ἀπιστίαν
1021 5004 1222 5058 αὐτῶν·
1255 5008 1314 5060 Τί
1334 5005 1552 5073 ζητεῖτε
1582 5005 1688 5059 τὸν
1708 5003 1846 5065 ζῶνο

265 5103 341 5140 τα
373 5090 524 5156 μετὰ
567 5089 688 5145 τῶν
726 5093 976 5161 νεκρῶν,
1021 5094 1212 5166 ἤγουν,
1271 5096 1346 5160 ὡς
1405 5097 1599 5165 νεκρόν
1633 5115 1645 5160 ;
1680 5095 1853 5148 Τοῦτο

373 5228 418 5261 ⁸⁸
451 5227 642 5285 Matth.
675 5248 825 5289 τινι.
862 5233 952 5288 5ο.
1067 5235 1110 5266 ⁸⁷
1142 5233 1273 5289 Luc.
1306 5252 1452 5301 xxw,
1481 5235 1599 5290 5-8.

1958 4553 2308 4622 splendorem
2342 4550 2420 4620 (ιι)
2459 4548 2930 4605 tranl'ormationis
2971 4544 3216 4617 apertius
3249 4543 3422 4613 angeli
3449 4543 3540 4596 Dei

1960 4645 2298 4699 viderentur.
2334 4642 2471 4697 Cum
2504 4646 2706 4696 autem
2747 4655 2891 4694 novo
2946 4646 3172 4709 aspectu
3229 4637 3545 4691 conterrit:e

1960 4743 2165 4794 essent.
2190 4749 2290 4787 nec
2322 4741 2543 4801 possent
2593 4731 2664 4785 ob
2725 4731 2959 4784 vestium
3020 4715 3457 4783 cornscationem
3493 4726 3544 4777 in

1959 4842 2056 4881 eos
2096 4827 2409 4896 respicere,
2443 4825 2707 4878 dixerunt
2734 4823 2802 4878 ad
2831 4837 2924 4876 eas
2956 4836 3066 4875 non
3117 4819 3226 4890 jam
3261 4825 3546 4871 mansuete

1960 4929 2021 4974 nt
2074 4918 2246 4987 prius.
2307 4916 2402 4971 sed
2464 4914 2786 4984 objurgandi
2825 4912 2987 4968 modo
3031 4917 3255 4980 propter
3305 4908 3542 4976 ipsarum

1961 5008 2446 5063 incredulitatem:
2500 5008 2560 5063 Ut
2624 5007 2751 5076 quid
2811 5004 3048 5071 quwritis
3117 5002 3371 5054 viventem
3427 5011 3544 5048 cum

1963 5099 2184 5154 mortuis
2231 5100 2255 5152 ?
2313 5109 2572 5169 tanquam
2626 5097 2878 5152 videlicet
2950 5091 3275 5150 mortuum?
3315 5088 3446 5142 Nam
3493 5087 3544 5140 id

1459 5389 1656 5452 Varim
1709 5390 2008 5454 lectiones
2047 5398 2109 5453 et
2153 5397 2342 5454 noue.

342 5545 455 5618 (εὖ)
486 5545 749 5618 Ἦγέρθη.
783 5551 958 5615 abest,
989 5554 1052 5607 Δ.

339 5617 453 5686 (86)
486 5616 879 5690 Ἀλλίὴγέρθη,
910 5622 1081 5685 addit,
1119 5622 1186 5677 A.

2039 5555 2150 5626 (85)
2178 5555 2643 5630 Ἀστραπὴὅολον,
2675 5558 2739 5612 Α.

353 5773 420 5840 ιιι)
465 5772 537 5852 013
568 5773 914 5854 splendorem.
947 5773 1027 5831 Ob
1081 5775 1422 5843 facilitatem,
1459 5779 1820 5834 celeritatem.
1856 5777 2052 5837 Nescio
2083 5796 2216 5837 sane
2252 5780 2377 5852 quid
2437 5780 2627 5854 legerit
2666 5781 2957 5854 interpres.
3012 5780 3174 5838 Forte
3229 5780 3305 5851 τῷ
3333 5781 3540 5853 ᾠραεῳ,

271 5848 391 5898 ioco
471 5841 543 5912 τῷ
569 5845 757 5914 ραῌω.
