4054 6420
277 339 389 404 757

1095 342 1479 403 ΕΟΜΜΕΝΤ.
1524 343 1602 405 ΙΝ
1643 344 2116 407 MATTH/EUM.
2156 375 2214 385 -
2247 347 2406 408 CAP.
2438 346 2713 407 XXVIII.

3444 342 3552 409 7.58

280 451 436 521 κοῆς.
492 449 754 521 Ἐλάλησε
786 450 863 517 δὲ,
897 450 986 506 ἵνα
1021 453 1262 523 μάλιστα
1292 457 1640 528 γνωρίσωσιν
1677 455 1863 520 αὑτὸν,

1970 462 2035 516 ad
2062 462 2373 518 habendum
2398 478 2716 518 maerorem.
2753 459 2994 515 Locutus
3053 465 3138 512 est
3181 467 3388 519 autem,
3426 465 3484 510 ut
3517 469 3547 508 ιι

278 545 390 597 ἀπὸ
435 542 534 613 τῆς
570 543 778 613 φωνῆς,
825 546 917 599 κα).
945 545 980 615 ἡ
1026 547 1220 619 πρώτη
1270 550 1425 621 φωνὴ
1483 551 1646 604 αὐτοῦ
1688 552 1863 621 χαρᾶς

280 632 621 701 σύαγγῦιον.

340 727 411 780 Ai
443 755 517 764 —
538 725 719 792 αὐτῷ.
753 728 819 781 Ai
862 729 964 800 μὲν
993 731 1059 783 ἐκ
1096 731 1265 784 πόθου
1308 731 1401 784 καὶ
1441 733 1606 802 τιμῆς
1637 731 1864 795 τούτους

277 813 398 882 (96)
454 817 790 886 ὲκράτησανο
849 819 876 870 ὁ
935 819 993 872 δὲ
1051 820 1151 873 οὐκ
1202 819 1550 884 άπεκώλυσε,
1609 821 1864 889 παρέχων

277 906 768 982 πληροφορηθῆναι
793 909 883 964 διὰ
909 911 1009 982 τῆς
1039 912 1205 983 ἁφῆς,
1233 912 1318 965 δτι
1352 912 1453 966 οὐκ
1486 911 1604 965 ἔστι
1641 912 1860 981 φάσμα.

357 1089 495 1144 Τότε
543 1122 611 1135 ——
638 1090 938 1159 φοϐεῖσθε.
971 1091 1142 1146 Πάλιν
1174 1093 1271 1147 καὶ
1313 1093 1476 1156 αὐτὸς
1505 1094 1564 1148 τὸ
1609 1095 1727 1158 δέος
1762 1096 1862 1149 αύ-

277 1179 390 1232 τῶν
423 1179 535 1250 (97)
573 1180 828 1235 exeam;
868 1183 1123 1252 πρῶτον⁹
1166 1181 1285 1239 εἶτα
1320 1187 1695 1259 παραγγέλλει
1737 1189 1864 1258 περὶ

272 1272 386 1326 τῶν
417 1274 700 1345 μαθητῶν,
738 1274 998 1346 βεσαιῶν,
1032 1278 1115 1330 ὅτι
1144 1277 1372 1348 ἄγγελοι
1404 1278 1574 1333 αὑτοῦ
1604 1276 1746 1351 ἦσαν
1772 1321 1786 1344 ,
1816 1285 1863 1334 οἱ

265 1367 654 1435 προφανέντες
675 1369 768 1422 καὶ
794 1369 906 1438 (98)
930 1371 1542 1442 προπαραγγεῑλαντες.

361 1459 645 1528 ’Υπὰγετε
667 1490 734 1501 -——
763 1461 1032 1528 ὄψονται.
1091 1461 1224 1526 Ταῐς
1255 1464 1506 1531 γυναιξὶν
1541 1465 1864 1530 ἀποστόλοις

274 1551 556 1622 ιχρήσστο
586 1553 724 1622 πρὸς
749 1554 875 1616 τοὺς
909 1553 1267 1619 ἀποστόλους,
1301 1559 1542 1628 τιμήσας
1571 1557 1633 1611 τὸ
1658 1559 1864 1631 ἀτιμω-

273 1642 370 1696 θὲν
424 1643 592 1712 γένος
640 1645 705 1698 ἐκ
741 1645 841 1714 τῆς
892 1645 1115 1716 ἀπάτης
1159 1647 1256 1700 τοῦ
1289 1648 1488 1718 δφεως.
1526 1650 1636 1705 Καὶ
1673 1651 1862 1722 ἐπειδὴ

271 1735 449 1790 πάλαι
491 1737 629 1809 γυνὴ
668 1737 860 1806 γέγονε
913 1737 991 1807 τῷ
1023 1737 1182 1809 άνδρὶ
1223 1739 1473 1805 διάκονος
1515 1740 1714 1813 λύπης,
1766 1741 1864 1796 νῦν

269 1831 536 1896 γυναῖκες
591 1829 834 1898 γίνονται
891 1832 1003 1894 τοῖς
1064 1830 1298 1903 ἀνδράσι
1359 1833 1606 1887 διάκονοι
1658 1836 1858 1904 χαρᾶς.

283 1919 578 1990 Ἀδελφοῦς
600 1921 656 1974 δὲ
694 1922 822 1985 τοὺς
856 1923 1197 1989 ἀποστόλους
1230 1925 1708 1996 προσηγόρευσεν·
1743 1925 1860 1995 ἅμα

272 2013 374 2081 μὲν
407 2012 496 2066 διὰ
539 2012 642 2084 τὴν
689 2013 1126 2086 ἑνανθρῶπησινθ
1175 2016 1399 2085 ἀδελφοὶ
1446 2018 1556 2088 γὰρ
1612 2018 1861 2088 ἀλλήλων

269 2104 513 2169 ᾶπαντες
545 2105 845 2174 ἄνθρωποι·
876 2105 991 2177 ἄμα
1025 2107 1082 2162 δὲ
1133 2108 1227 2163 καὶ
1267 2108 1406 2180 πρὸς
1441 2109 1609 2182 τιμὴν
1657 2109 1857 2164 αὐτῶν.

343 2286 768 2356 Πορευομένων
794 2287 864 2342 δὲ
887 2289 1089 2344 αὐτῶν
1112 2321 1182 2332 -
1210 2291 1282 2346 τὰ
1311 2294 1625 2362 γενόμενα.
1660 2293 1724 2346 Οἱ
1747 2291 1860 2364 (99)

268 2380 738 2450 καταλειφθέντες
773 2383 904 2455 παρ’
937 2383 1013 2454 (1)
1047 2383 1202 2456 αύτῷ
1233 2384 1499 2454 φύλακες,
1524 2385 1557 2456 ἢ
1581 2385 1628 2438 οἱ
1658 2386 1858 2455 ὲπισηο

273 2473 502 2544 μότεροι
537 2473 767 2530 τούτων.

345 2566 455 2620 Kal
505 2596 574 2607 -—
629 2566 1037 2636 κοιμωμένων.
1104 2567 1383 2638 Πρότερον
1435 2571 1537 2639 μὲν
1577 2569 1861 2640 ὠνήσαντο

270 2659 367 2711 τὸν
395 2657 555 2728 φόνον
590 2659 760 2713 αὐτοῦ
783 2701 798 2726 ,
829 2659 926 2715 νῦν
964 2660 1020 2714 δὲ
1051 2661 1322 2718 ὠνοῦνται
1359 2663 1454 2716 κα).
1479 2663 1581 2734 τὴν
1607 2665 1862 2736 ἀλήθειαν

270 2753 375 2822 τῆς
393 2751 747 2815 ἀναστάσεως
771 2753 962 2818 αὐτοῦ,
993 2755 1089 2807 καὶ
1113 2753 1348 2809 πατοῦσι
1372 2755 1433 2808 τὸ
1459 2758 1661 2812 οἰκεῖον
1687 2775 1865 2814 συνει·

270 2845 382 2908 δδς,
411 2843 505 2898 καὶ
529 2844 648 2898 οὐδὲ
670 2844 796 2908 τοὺς
819 2845 1069 2914 φύλακας
1096 2846 1394 2915 αἰδοῦνται,
1423 2852 1863 2922 κακουργοῦντες

274 2936 372 2988 κα).
409 2935 894 3002 συγκαλύπτοντες
928 2937 1029 3006 μὲν
1068 2936 1168 3008 τὴν
1197 2937 1460 3009 ἀλήθειαν
1481 2980 1496 3003 ,
1531 2941 1863 3007 πλάττοντες

273 3026 332 3080 δὲ
378 3026 438 3078 τὸ
485 3025 713 3096 ψεῦδος,
763 3027 860 3081 κα),
905 3027 1188 3099 χρώμενοι
1234 3029 1426 3084 τούτου
1475 3031 1551 3103 (Ξ)
1595 3033 1865 3098 διακόνοις

274 3121 390 3182 τοῖς
410 3119 484 3189 (3)
512 3119 727 3191 ἐκείνης
755 3119 829 3190 (ι)
860 3120 1155 3192 μάρτυσιν.

352 3211 462 3266 Καὶ
499 3243 570 3253 -
602 3214 962 3282 ποιήσομεν.
999 3213 1232 3268 “eicere
1260 3215 1447 3280 αὑτὸν,
1485 3216 1561 3281 ὡς
1591 3218 1865 3286 εὐεξαπά-

275 3320 466 3373 τητον.
528 3303 588 3356 El
635 3303 744 3374 γὰρ
802 3305 1076 3375 σταθηρός
1135 3308 1306 3372 ἐστιν,
1360 3307 1460 3360 οὐκ
1503 3307 1571 3362 ἂν
1613 3310 1862 3380 πείσητε.

275 3394 491 3465 Σφόδρα
524 3395 634 3465 γὰρ
663 3394 927 3460 ἀπίθανος
957 3397 986 3448 ὁ
1010 3396 1176 3465 λόγος
1207 3398 1383 3468 ὑμῶν.
1416 3399 1484 3452 Τί
1517 3400 1628 3469 γὰρ
1661 3401 1865 3472 κερδᾶ-

275 3506 365 3541 ναι
407 3487 694 3558 μέλλοντες
734 3487 967 3557 ἔκλεψαν
1006 3488 1073 3542 ἂν
1115 3490 1319 3554 adadv;
1364 3491 1491 3554 Πῶς
1532 3491 1590 3544 δὲ
1632 3492 1710 3563 (5)
1748 3493 1866 3557 καὶ,

276 3581 539 3650 φυλάκων
580 3581 855 3636 τοσούτων
913 3582 1011 3636 καὶ
1064 3583 1330 3636 τοιούτων
1381 3585 1869 3655 παρακαθημένων

277 3669 466 3724 ἔλαθον
489 3669 589 3736 άν;
617 3670 739 3734 Πῶς
769 3671 825 3723 δὲ
862 3671 958 3724 κα).
984 3671 1312 3741 τηλικούτου
1338 3672 1587 3727 κινδύνου
1623 3676 1870 3728 κατετόλ-

279 3779 484 3833 μησαν,
505 3762 792 3832 εὐπτόητοι
828 3763 1042 3833 ἄνδρες,
1066 3755 1142 3816 ὧν
1171 3764 1201 3815 ὀ
1225 3763 1326 3834 μὲν
1355 3767 1656 3834 κορυφαῖος
1680 3782 1868 3834 γυναι-

277 3854 469 3918 κάριον
516 3853 794 3917 δειλιάσας
837 3854 1118 3925 ἠρνήσατο
1171 3853 1263 3906 τὸν
1307 3853 1666 3909 Διδάσκαλοψ
1723 3858 1772 3909 οἱ
1825 3858 1869 3910 δ’

276 3942 451 4009 ἄλλοι,
485 3942 852 4013 δεσμούμενον
894 3944 1060 3997 αὑτὸν
1121 3943 1342 4011 ἰδόντες,
1377 3945 1609 4015 ἐφυγον;
1650 3948 1767 4012 πῶς
1813 3951 1868 4003 δὲ

276 4034 394 4099 καὶ,
422 4034 710 4105 δυνάμενοι
744 4035 938 4106 κλέψαι
963 4035 1126 4089 αὐτὸν
1155 4036 1457 4102 ἀκινδύνως
1489 4042 1546 4092 ἑν
1577 4042 1641 4110 τῇ
1675 4041 1867 4111 πρώτῃ

276 4124 468 4187 νυκτὶ,
519 4126 607 4178 ὅτε
663 4125 838 4189 οὐδεὶς
895 4128 986 4178 τὸν
1033 4127 1204 4196 τάφον
1261 4127 1594 4198 ἐφύλαττεν,
1662 4131 1868 4185 εἴλοντο

278 4213 472 4283 κλέψαι
501 4215 664 4268 αὐτὸν
693 4202 1051 4280 ἐπικινδύνως
1099 4218 1157 4271 ἐν
1185 4220 1254 4288 τῇ
1282 4217 1516 4290 δευτέρα
1550 4221 1728 4282 νυκτὶ,
1779 4223 1867 4275 ὅτε

247 4307 538 4377 ’παρῆσαν
569 4308 619 4360 οἱ
672 4307 953 4378 φύλακεςς
996 4309 1140 4364 Ἀλλ’
1171 4310 1294 4380 ὅρα,
1329 4310 1449 4374 πῶς
1483 4312 1605 4365 καθ’
1653 4313 1867 4366 ἑαυτῶν

275 4398 618 4452 ἐσπούδασαν
647 4401 697 4453 οἱ
744 4401 1146 4472 ματαιόφρονες
1186 4403 1457 4469 Ἰουδαῖοι,
1507 4402 1693 4467 καθὼς
1721 4406 1866 4458 ἀνω-

1967 568 2100 608 voee
2133 553 2306 624 magis
2352 560 2751 624 cognoscerent
2780 567 2905 606 eum
2941 568 2956 616 ;
2987 558 3043 604 et
3081 549 3256 620 prima
3291 547 3412 619 ejus
3442 561 3549 600 vox

1967 645 2149 698 laatum
2194 644 2376 716 gaudii
2415 645 2670 700 nuntium
2698 643 2823 698 fuit.

2039 733 2192 790 Vers.
2221 736 2275 790 9.
2316 734 2435 788 Illa:
2463 765 2531 774 —
2565 751 2704 789 eunt.
2759 733 2867 787 Illa:
2902 731 3126 802 quidem
3172 745 3236 784 ex
3272 726 3552 782 desiderio

1965 835 2020 882 et
2051 827 2362 882 reverentia
2396 828 2497 882 hos
2531 833 2870 890 tenuerunt;
2917 825 3034 894 ipse
3081 838 3211 888 vero
3251 836 3360 874 non
3410 833 3544 887 pro-

1967 919 2163 986 hibuit,
2212 929 2476 990 pnestaus
2502 930 2561 975 ut
2589 936 2686 991 per
2705 929 2909 975 tactum
2945 917 3208 973 certiores
3264 912 3548 968 efficeren-

1968 1020 2077 1079 tur,
2101 1013 2246 1082 quod
2285 1014 2612 1083 phantasma
2635 1030 2747 1067 non
2775 1021 2941 1069 esset.

2041 1104 2198 1160 Vers.
2225 1104 2307 1159 l0.
2330 1105 2471 1160 Tunc
2503 1136 2572 1145 —
2594 1107 2792 1160 timete.
2827 1105 3064 1158 Rursum
3097 1111 3151 1156 et
3178 1101 3294 1169 ipse
3326 1110 3548 1168 quoque

1969 1197 2183 1266 repellit
2210 1197 2387 1267 primo
2419 1197 2668 1252 timorem
2688 1211 2900 1258 earum,
2936 1193 3132 1247 deinde
3167 1191 3235 1245 de
3258 1188 3546 1258 discipulis

1968 1286 2215 1358 praecipit
2250 1285 2622 1340 :confirmans
2665 1300 2820 1349 suos,
2856 1276 3028 1338 fuisse
3065 1280 3289 1353 angelos
3339 1293 3432 1334 eos
3458 1276 3550 1345 qui

1968 1378 2120 1448 prius
2149 1380 2540 1447 apparuerant,
2573 1385 2630 1431 et
2659 1378 2851 1433 eadem
2891 1381 3289 1445 praeceperant.

2042 1470 2196 1525 Vers.
2228 1469 2315 1524 lO.
2353 1470 2430 1524 Ile
2455 1499 2523 1510 --
2544 1471 2812 1524 videbunt.
2858 1467 3174 1522 Mulieribus
3201 1481 3300 1534 pro
3330 1471 3553 1532 aposto-

1970 1562 2036 1617 lis
2068 1578 2196 1617 usus
2220 1572 2315 1618 est
2343 1562 2411 1618 ad
2439 1561 2736 1633 apostolos,
2766 1561 3043 1615 honorans
3069 1573 3242 1630 genus
3292 1554 3440 1625 quod
3486 1569 3551 1607 ex

1968 1654 2236 1723 serpentis
2266 1652 2587 1708 seductione
2620 1652 2826 1706 infame
2853 1649 3055 1704 factum
3092 1650 3287 1702 fuerat.
3332 1644 3395 1700 Et
3415 1643 3544 1714 quia

1970 1744 2096 1799 olim
2129 1743 2326 1797 mulier
2348 1742 2464 1797 viro
2507 1741 2648 1797 facta
2680 1749 2767 1795 est
2809 1741 3060 1796 ministra
3103 1736 3376 1801 maeroris,
3401 1750 3552 1788 nunc

1967 1835 2226 1890 mulieres
2259 1833 2396 1888 fiunt
2429 1833 2560 1890 viris
2611 1831 2875 1887 ministrae
2905 1829 3110 1902 gaudii.
3145 1826 3364 1880 Fratres
3426 1839 3554 1877 vero

1965 1926 2260 1996 appellavit
2292 1925 2590 1995 apostolos,
2630 1922 2794 1978 simul
2852 1921 3074 1991 quidem
3107 1927 3331 1989 propter
3374 1916 3554 1969 incar-

1966 2021 2285 2076 nationem:
2321 2021 2520 2075 fratres
2545 2019 2816 2090 siquidem
2892 2024 3023 2072 sunt
3071 2015 3215 2068 inter
3265 2027 3323 2068 se
3362 2019 3552 2066 mutuo

1966 2129 2160 2169 omnes
2197 2113 2489 2180 homines;
2529 2112 2690 2166 simul
2725 2109 2892 2165 etiam
2952 2107 3018 2163 ad
3073 2105 3340 2160 honorem
3404 2101 3553 2170 ipso-

1967 2221 2108 2259 rum.

2035 2296 2191 2351 Vers.
2217 2295 2274 2350 H
2290 2335 2303 2349 .
2325 2294 2443 2349 Illis
2466 2302 2640 2348 autem
2668 2293 2978 2346 abeuuwus
2997 2321 3066 2330 —
3093 2290 3550 2360 quit-acciderant.

1964 2389 2214 2456 Quidam,
2239 2388 2275 2443 ii
2292 2387 2566 2450 videlicet,
2592 2386 2683 2456 qui
2713 2386 2780 2440 ab
2799 2385 2881 2443 eis
2906 2384 3160 2439 custodes
3179 2382 3352 2438 relicti
3375 2390 3553 2444 erant;

1965 2483 2071 2547 vel,
2095 2481 2186 2552 qui
2218 2496 2284 2535 es
2312 2483 2394 2534 eis
2427 2477 2762 2549 insigniores
2798 2485 2978 2531 erant.

2038 2575 2194 2630 Vers.
2233 2573 2318 2628 l2.
2358 2569 2678 2627 Et—Vers.
2719 2569 2805 2624 15.
2828 2567 3230 2623 dormientibus.
3259 2564 3556 2635 Priusqui-

1966 2666 2088 2720 dem
2123 2659 2378 2719 emerunt
2410 2661 2616 2716 eredem
2641 2660 2781 2730 ejus,
2811 2674 2958 2714 nunc
2981 2673 3111 2713 vero
3140 2657 3303 2712 etiam
3359 2654 3558 2710 verita-

1960 2768 2076 2813 tem
2114 2764 2306 2811 emunt
2359 2750 2783 2819 resurrectionis
2815 2751 2981 2812 illius,
3023 2757 3078 2805 et
3113 2747 3390 2819 propriam
3417 2761 3555 2801 con-

1965 2851 2186 2906 culcant
2217 2846 2624 2904 conscientiam
2663 2861 2678 2897 :
2720 2858 2823 2897 nec
2857 2842 3024 2912 pudet
3053 2841 3202 2912 ipsos
3252 2839 3554 2908 depravare

1967 2944 2245 3009 custodes,
2264 2941 2354 2996 sed
2385 2938 2564 2994 emoto
2599 2935 2885 2993 mendacio
2940 2933 3101 2991 simul
3134 2949 3259 2987 cum
3290 2932 3368 2985 eis
3413 2929 3558 2984 veri-

1970 3043 2136 3089 tatem
2190 3032 2489 3096 oceultant,
2546 3039 2767 3084 utentes
2823 3028 2889 3081 iis
2927 3027 3020 3097 qui
3082 3023 3328 3080 veritatis
3391 3029 3558 3078 testes

1887 3149 1933 3211 ς
1968 3135 2144 3190 erant;
2179 3134 2239 3179 ut
2269 3123 2548 3179 mendacii
2585 3124 2780 3178 ﬁerent
2802 3119 3062 3175 ministri.

2045 3220 2203 3275 Vers.
2266 3218 2355 3272 Η.
2419 3216 2489 3270 Et
2529 3244 2598 3256 —
2646 3212 2922 3283 faciemus.
2967 3208 3364 3266 Persuadebitis
3403 3207 3469 3271 ei,
3505 3217 3560 3260 ut

1972 3313 2063 3382 qui
2095 3310 2253 3366 facile
2297 3316 2476 3378 potest
2504 3306 2639 3362 falli.
2687 3304 2824 3360 Nam
2853 3303 2900 3358 Si
2930 3302 3140 3358 stabilis
3159 3310 3328 3361 esset,
3362 3315 3559 3368 nequa-

1971 3416 2136 3469 quam
2188 3399 2236 3453 ei
2270 3395 2696 3468 persuaderitis;
2731 3392 2890 3448 valde
2935 3393 3082 3446 enim
3145 3387 3415 3444 absurdus
3477 3397 3560 3440 est

1973 3507 2152 3549 sermo
2177 3501 2380 3546 vester.
2422 3489 2544 3555 Quo
2577 3487 2781 3542 etenim
2806 3485 2960 3539 lucro
2983 3492 3141 3538 erant
3187 3482 3368 3552 ipsqu
3416 3479 3561 3533 furto

1973 3583 2239 3639 sublaturi
2262 3582 2284 3635 ?
2307 3579 2592 3646 Quomodo
2620 3579 2673 3631 in
2711 3586 2861 3632 tanto
2889 3575 3136 3645 periculo
3165 3573 3285 3627 ausi
3321 3570 3558 3625 fuissent

1973 3677 2110 3732 adeo
2172 3673 2386 3729 timidi?
2423 3687 2657 3742 quorum
2724 3670 2771 3724 is
2799 3668 2894 3738 qui
2961 3667 3268 3737 praecipuus
3302 3663 3374 3734 (ο)
3417 3673 3559 3727 erat,

1976 3766 2310 3822 mulierculae
2334 3771 2481 3834 metu
2505 3763 2901 3831 Prmeeptorem
2930 3757 3180 3830 negavit;
3225 3755 3409 3810 caeteri
3457 3768 3560 3807 au-

1976 3869 2106 3918 tem.
2138 3871 2262 3911 cum
2293 3854 2563 3909 vidissent
2593 3851 2737 3921 quod
2775 3849 2971 3921 ligatus
2992 3855 3162 3906 esset.
3186 3844 3560 3915 aufugerunt?

1973 3949 2258 4014 Quomodo
2294 3947 2481 4010 etiam,
2514 3959 2640 4000 cum
2684 3941 2855 4012 prima
2888 3948 3048 3996 nocte
3087 3940 3293 4012 absque
3318 3935 3561 4006 periculo

1975 4038 2142 4093 furari
2182 4052 2306 4091 eum
2345 4032 2670 4105 potuissent.
2702 4029 2923 4100 quando
2972 4027 3158 4082 nullus
3183 4025 3438 4080 servabat
3468 4039 3559 4076 se-

1974 4130 2248 4203 pulcrum,
2306 4127 2594 4191 elcgerunt
2635 4125 2815 4192 potius
2877 4118 3118 4175 secunda
3152 4126 3315 4172 nocte
3364 4130 3560 4184 magno

1972 4237 2095 4277 cum
2136 4217 2379 4290 periculo
2410 4217 2586 4286 ipsum
2616 4211 2807 4275 furari,
2850 4209 3210 4282 praesentibus
3237 4207 3347 4278 jam
3376 4213 3558 4261 custo-

1971 4311 2181 4368 dibus?
2233 4308 2343 4363 Sed
2372 4307 2494 4362 vide
2526 4305 2802 4375 quomodo
2867 4303 3133 4359 adversus
3181 4300 3393 4370 seipsos
3439 4298 3560 4351 dili-

1972 4404 2210 4476 gentiam
2259 4402 2632 4456 adhibuerunt
2664 4412 2800 4452 vane
2833 4395 3115 4466 sapientes
3145 4390 3339 4454 Jud-xi,
3388 4387 3560 4444 veluti

273 4492 419 4561 τὲρω
452 4491 526 4562 (6)
556 4491 968 4563 δεδηλώκαμεν.
1004 4493 1064 4546 ΕΞ
1096 4496 1206 4564 γὰρ
1230 4496 1288 4547 ού
1323 4495 1705 4565 παρεκάθισαν
1735 4499 1862 4562 τοὺς

1969 4497 2134 4552 etiam
2173 4493 2427 4564 superius
2458 4491 2908 4560 significavimus.
2966 4487 3079 4542 Nisi
3107 4485 3254 4541 enim
3295 4481 3560 4538 custodes

273 4582 544 4652 φύλακας,
573 4582 828 4638 ὲδύναντό
847 4602 899 4638 τι
931 4585 1112 4653 λέγειν
1139 4585 1272 4657 περ).
1305 4587 1515 4656 κλοπῆς
1536 4603 1550 4618 ο
1585 4587 1679 4640 νῦν
1709 4587 1767 4640 δὲ
1798 4589 1861 4641 ού

272 4673 531 4730 δύνανται
554 4676 706 4746 παρὰ
743 4677 1027 4740 δικασταῖς
1054 4677 1254 4744 εύθέσι,
1281 4677 1616 4749 πολλαχόθεν
1649 4681 1866 4733 ἐπιστο-

277 4768 587 4836 μιξάμενοι.

349 4862 412 4914 οι
446 4858 514 4914 δὲ
546 4891 613 4901 -—-
639 4862 931 4931 σήμερον.
967 4863 1031 4916 Ei
1059 4863 1153 4917 τοῦ
1190 4865 1438 4936 μαθητοῦ
1478 4867 1865 4936 περιεγένοντο

1970 4588 2205 4659 appositi
2229 4587 2483 4649 fuissent,
2508 4585 2710 4654 aliquid
2742 4585 2810 4639 de
2829 4582 2975 4637 furto
2994 4581 3179 4635 dicere
3213 4576 3555 4648 potuissent;

1971 4697 2119 4737 nunc
2139 4690 2322 4736 autem
2341 4680 2482 4749 apud
2501 4693 2684 4748 aequos
2700 4677 2916 4747 iudices
2930 4672 3064 4729 nihil
3091 4669 3288 4726 mutire
3307 4676 3558 4740 possunt.

1973 4773 2217 4843 undique
2250 4771 2510 4842 imposito
2528 4771 2610 4825 eis
2633 4767 2876 4823 silentio.

2049 4865 2206 4921 Vers.
2255 4865 2340 4920 15.
2375 4864 2465 4918 Illi
2491 4872 2666 4916 autent
2693 4891 2759 4903 —-
2788 4859 3096 4912 hodiernum
3127 4854 3284 4911 diem.
3306 4851 3366 4906 Si
3395 4850 3562 4910 disci-

1479 5067 1678 5130 Varite
1725 5066 2032 5131 lectiones
2072 5071 2130 5128 et
2167 5073 2357 5129 notm.

349 5239 459 5310 (96)
497 5241 701 5294 Τούτου
757 5243 820 5296 Α.
864 5243 1112 5306 τούτους.
1144 5241 1182 5295 i.
1215 5257 1266 5296 e.
1298 5239 1646 5310 tobginééaq.
1711 5238 1862 5310 Hen-

276 5313 460 5370 tenius
498 5311 684 5366 addito
713 5315 870 5383 signo
906 5313 1087 5368 crucis
1115 5312 1287 5383 habet
1321 5328 1398 5366 os.
1433 5309 1598 5364 Forte
1621 5325 1751 5381 ergo
1770 5309 1862 5363 hic

273 5393 566 5452 corruptus
593 5392 711 5453 erat
734 5382 902 5438 cedes
939 5384 1079 5452 ejus.
1111 5382 1253 5453 Lege
1286 5398 1393 5436 eos.

350 5453 463 5520 (97)
495 5452 704 5515 Αὐτῶν,
733 5453 925 5516 abest,
953 5458 1018 5508 Α.

349 5523 461 5590 (98)
497 5525 1067 5592 Προαπαγγείλαντες,
1119 5526 1183 5577 Α.

283 5666 319 5716 Δ
354 5593 481 5715 (ἐξ).
507 5590 648 5647 Ante
702 5590 786 5656 ot,
830 5591 1139 5657 llcntenius
1181 5594 1395 5649 videtur
1449 5593 1665 5666 legisse,
1695 5590 1857 5654 τινές.

328 5682 357 5716 η
428 5681 558 5716 νοτι.

328 5679 558 5733 ηΑονοτι.

356 5821 428 5888 (ο)
473 5821 796 5890 Pratciptms.
831 5821 964 5887 lmo,
1008 5820 1137 5888 dux,
1169 5818 1445 5890 princeps.

2046 5238 2126 5308 (ί)
2156 5238 2294 5310 Παρ’
2323 5238 2506 5310 ανύτῶμν
2551 5233 2835 5310 A._A_t_que
2864 5232 2937 5310 i_ta
2961 5227 3284 5286 llentenius.
3326 5225 3514 5280 Αὐτῶν
3539 5238 3558 5258 λ

1967 5305 2294 5378 ἀρχιερέων.
2336 5306 2532 5378 Δύτῷο
2577 5305 2656 5376 τῷ
2685 5305 2927 5375 Χριστῷ.

2040 5377 2119 5446 (2)
2137 5377 2143 5378 ⁷
2161 5377 2268 5430 Τοῦ
2299 5377 2555 5447 ψεύδους.

2041 5443 2120 5514 (5)
2154 5449 2293 5512 Τοὺς
2315 5443 2380 5502 ἐι
2409 5463 2536 5502 mox
2565 5447 2848 5518 μάρτυρας
2873 5443 2934 5501 Β.

2043 5519 2120 5588 (Α)
2151 5518 2267 5587 Τῆς
2297 5518 2575 5588 ἀληθείας.

2042 5589 2120 5655 (5)
2151 5589 2240 5654 Ae,
2269 5591 2473 5645 omittit
2531 5593 2596 5643 A.

2050 5659 2126 5730 (6)
2160 5659 2543 5732 Ἀνωτέρωθεν
2594 5659 2662 5716 Δ.
