4078 6396
161 382 258 444 701
995 381 1383 441 COMMENT.
1429 381 1505 439 IN
1550 380 2019 445 murreum.
2062 413 2128 423 -—
2166 390 2320 452 CAP.
2367 396 2648 462 xxvru.
3340 406 3444 466 702

159 501 228 550 ὲκ
275 496 524 568 νεκρῶν,
582 493 739 563 ὤφθη
809 493 1037 558 αὐτοῖς,
1090 489 1240 547 οὖσιν
1301 493 1380 545 ἔτι
1434 496 1492 547 ὲν
1552 493 1741 563 Ἰερου-

1860 504 2158 557 resurrexit
2216 522 2243 560 a
2287 513 2518 566 mortuis
2569 513 2718 568 visus
2779 526 2862 570 est
2914 517 3014 578 eis,
3074 533 3197 571 cum
3258 533 3444 574 essent

161 589 378 659 σαλήμ.
436 589 544 642 Καὶ
609 586 769 640 τοῦτο
821 587 1149 656 ἐμφαίνουσι
1217 586 1318 654 μὲν
1377 586 1474 639 καὶ
1531 587 1741 657 Μάρκοέ

1861 592 2041 646 adhuc
2074 594 2477 671 Hierosolymis.
2521 605 2587 657 Et
2618 605 2716 658 hoc
2752 622 2883 661 sane
2928 607 3142 662 Marcus
3174 619 3222 663 ct
3270 608 3445 662 Lucas

152 683 255 733 καὶ
312 683 552 745 Λουκᾶς.
615 680 1000 751 Φανερώτερον
1053 681 1110 734 δὲ
1194 681 1401 735 τούτων
1461 684 1741 752 ῖστόρησε·.

1859 685 2258 751 ostendunt”;
2302 691 2648 747 manifestius
2702 705 2878 749 tamen
2934 697 3018 751 his
3079 698 3298 766 scripsit
3346 698 3444 752 Jo-

169 773 457 842 Ἰωάννης.
515 775 671 826 Μετὰ
727 772 834 844 γὰρ
889 774 950 826 τὸ
992 773 1330 842 ὑποστρέψαι
1379 773 1514 845 πρὸς
1556 775 1741 838 αὐτοὺς

1860 786 2054 829 annos.
2091 775 2384 848 Postquam
2417 784 2565 835 enim
2601 786 2664 838 ad
2686 787 2992 855 discipulus
3025 805 3241 843 reversa
3296 798 3444 844 esset

157 864 391 935 Μαρίαν
421 866 519 932 τὴν
557 865 947 935 Μαγδαληνὴν,
981 867 1146 935 φησὶν
1185 867 1266 919 ὃτι
1329 867 1533 935 Οὔσης
1571 867 1741 934 ὀψίας

1859 863 2027 919 Maria
2063 865 2399 935 Magdalene,
2424 874 2498 926 ait
2532 892 2542 926 :
2576 872 2708 929 Cum
2736 888 2866 930 esset
2937 895 3056 932 sero
3115 879 3200 931 die
3228 879 3320 932 illo
3353 881 3443 947 qui

153 954 234 1023 τῇ
276 956 468 1025 ἡμέρᾳ
494 958 720 1023 ἐκείνῃ,
754 955 827 1024 τῇ
843 955 951 1026 μιᾷ
973 956 1090 1010 τῶν
1119 960 1471 1023 Σαϐϐάτων,
1502 958 1602 1012 καὶ
1636 960 1741 1014 τῶν

1858 968 1970 1022 erat
1998 974 2132 1012 unus
2157 958 2600 1029 Sabbatorum,et
2659 971 2794 1037 fores
2855 981 3022 1024 essent
3092 971 3308 1033 clausw.
3353 973 3441 1024 ubi

154 1046 364 1116 θυρῶν
425 1047 894 1117 κεκλεισμένων,
962 1048 1116 1103 ὅπου
1157 1045 1320 1119 ἦσαν
1398 1053 1452 1103 οἱ
1488 1050 1741 1118 μαθηταί

1853 1061 2006 1105 erant
2042 1053 2290 1121 discipuli
2356 1061 2679 1128 congregati,
2741 1072 2957 1132 propter
3008 1073 3202 1118 metum
3228 1063 3435 1117 ludam-

152 1140 700 1211 UvrndporcpérOt_
723 1140 833 1210 (13)
884 1141 981 1213 διὰ
1037 1144 1144 1195 τὸν
1193 1145 1385 1212 φόϐον
1425 1142 1546 1196 τῶν
1607 1145 1754 1198 Ἰου-
1851 1158 1968 1196 rum
2001 1161 2020 1199 .'
2044 1148 2178 1198 venit
2201 1146 2380 1214 Iesus,
2413 1152 2655 1221 stetitque
2674 1154 2726 1206 in
2757 1156 2948 1219 medio,
2978 1166 3026 1209 ct
3055 1156 3256 1209 aitillis
3280 1171 3297 1209 :
3322 1153 3442 1208 Pax

149 1231 376 1295 δαίων,
409 1231 602 1300 ἦλθεν
646 1233 673 1284 ὁ
720 1232 957 1301 Ἰησοῦς
1003 1234 1099 1288 καί
1129 1234 1278 1300 ἔστη
1322 1236 1409 1300 είς
1443 1234 1508 1287 τὸ
1533 1233 1741 1302 μέσον,

1853 1236 2016 1290 vobis.
2041 1237 2276 1307 Cumque
2306 1244 2401 1292 hoc
2426 1243 2661 1307 dixisset,
2685 1247 2908 1298 ostendit
2940 1248 3012 1300 eis
3043 1263 3232 1300 manus
3256 1262 3319 1298 ac
3359 1247 3440 1298 la-

151 1321 252 1370 κα)
289 1320 453 1390 λέγει
487 1321 715 1387 αὐτοῖς,
739 1323 962 1390 Εἰρήνη
1003 1323 1166 1392 ὑμῖν.
1198 1323 1306 1376 Καὶ
1343 1324 1517 1378 τοῦτο
1545 1323 1741 1389 statim,

1855 1335 1937 1380 tus
1961 1345 2139 1381 suum.
2169 1328 2347 1385 Gavisi
2381 1343 2501 1386 sunt
2550 1350 2672 1404 ergo
2715 1336 2962 1406 disripuli
3005 1339 3113 1391 viso
3146 1338 3371 1392 Domino
3398 1342 3436 1392 ‘.

148 1412 382 1476 ἔδειξεν
447 1414 654 1479 αὐτοῖς
695 1414 802 1480 τὰς
835 1414 1034 1483 χεῖρας
1092 1416 1190 1469 καὶ
1241 1417 1357 1485 τὴν
1426 1417 1702 1484 πλευρὰν
1772 1421 1981 1474 αὐτοῦ.
2064 1405 2401 1492 Ἐχᾶρησιιν
2461 1422 2573 1480 οὖν
2629 1433 2680 1482 οἱ
2732 1405 2991 1498 μαθηταί
3050 1431 3281 1496 ἰδόντες
3335 1432 3441 1484 τὸν

148 1511 399 1576 Κύριον,
433 1512 528 1563 καὶ
563 1513 630 1563 τὰ
663 1511 812 1580 ἑξῆς.

226 1600 399 1669 Δῆλον
429 1598 543 1666 οὖν,
569 1603 647 1656 ὅτι
682 1602 914 1674 ὕστερον
942 1603 1321 1675 ἐπορεύθησαν
1355 1605 1434 1667 είς
1463 1604 1561 1676 τὴν
1588 1603 1741 1658 Γαλι-

1926 1605 2275 1663 Manifestum
2317 1620 2402 1664 est
2460 1611 2667 1681 itaque,
2701 1615 2846 1682 quod
2897 1616 3248 1683 postmodum
3277 1600 3438 1671 abie-

145 1690 337 1746 λαίαν.
404 1697 518 1746 Οὐκ
579 1694 854 1764 ἐψεύσατο
901 1697 978 1762 δὲ,
1038 1697 1220 1759 καθὼς
1271 1698 1517 1768 ἀνοήτως
1561 1698 1741 1765 ἔλεγεν

1856 1701 1981 1745 runt
2008 1694 2063 1747 in
2091 1694 2390 1750 Galilzeam.
2420 1697 2535 1751 Non
2567 1709 2747 1753 autent
2767 1704 3030 1757 mentitus
3052 1713 3132 1757 est
3163 1703 3436 1768 Christus,

147 1790 178 1839 ὁ
218 1789 552 1857 παραϐάτης
597 1789 905 1850 Ἰουλιανδζ,
945 1792 1002 1842 ὲν
1039 1793 1106 1861 τῇ
1140 1790 1402 1860 Γαλιλαίᾳ
1441 1792 1540 1862 μὶν
1575 1793 1741 1862 ὀφθῆ-

1854 1785 2000 1853 quod
2026 1785 2188 1839 stulte
2239 1785 2376 1840 dixit
2402 1787 2661 1856 Apostata
2694 1789 2968 1856 Julianus,
3003 1792 3158 1860 quasi
3216 1795 3436 1862 promi-

145 1897 241 1932 ναι
278 1881 390 1940 τοῖς
430 1880 704 1950 μαθηταῖς
733 1881 1222 1950 ἐπαγγειλάμενος,
1255 1884 1312 1935 ὲν
1350 1883 1741 1954 Ἰεροσολύμοις

1854 1876 1988 1929 serit
2016 1891 2075 1930 se
2103 1876 2158 1929 in
2189 1875 2408 1931 Galilzea
2442 1877 2741 1934 videndum
2778 1896 2920 1947 esse,
2953 1893 3009 1936 et
3037 1881 3430 1953 Hierosolymis

147 1971 209 2022 δὲ
265 1972 482 2034 τούτοις
536 1971 760 2040 ὀφθείς·
817 1971 936 2024 ἀλλ’
976 1972 1283 2042 ἐπλήρωσε
1336 1974 1436 2041 μὲν
1493 1977 1590 2028 καὶ
1646 1977 1741 2044 τὴν

1854 1980 1912 2020 se
1939 1966 2020 2022 eis
2059 1967 2354 2023 videndum
2401 1970 2717 2039 praebuerit.
2751 1972 2856 2025 Sed
2888 1982 2944 2026 et
2978 1974 3081 2052 hoc
3133 1974 3429 2043 complevit

146 2065 414 2131 τοιαύτην
456 2063 834 2132 ἐπαγγελίαν,
874 2063 1060 2132 ὀφθεὶς
1099 2067 1286 2128 αὐτοῖς
1320 2065 1547 2137 ὕστερον
1588 2069 1645 2121 ὲν
1676 2071 1740 2139 τῇ

144 2156 414 2227 Γαλιλαία
431 2175 443 2187 ·
479 2158 797 2226 ἐδωρήσατο
826 2157 880 2210 δὲ
905 2158 1001 2211 καὶ
1027 2159 1221 2229 ἑτέραν
1241 2160 1422 2228 χάριν,
1450 2177 1738 2229 προεμφα-

144 2247 359 2310 mea;
389 2247 576 2310 αὐτοῖς
617 2248 675 2298 ιν
717 2245 1118 2317 Ἱεροσολύμοις
1139 2287 1153 2308 ,
1185 2248 1272 2299 ἵνα
1305 2249 1400 2301 κα)¹
1432 2249 1532 2318 τὴν
1565 2248 1745 2315 λύπην

145 2333 334 2386 αὐτῶν
363 2335 502 2406 λύσῃ
526 2375 543 2399 ,
580 2335 676 2390 καὶ
708 2335 988 2407 βεϐαιώσῃ
1017 2337 1143 2399 τοὺς
1178 2337 1372 2404 λόγους
1405 2338 1512 2391 τῶν
1552 2356 1742 2407 γυναισ

145 2429 288 2493 κῶν,
311 2431 408 2482 καὶ
428 2432 538 2482 τῶν
556 2430 733 2482 ἄλλων
761 2429 869 2481 τῶν
903 2430 1119 2482 [δόντων
1152 2430 1312 2483 αὑτὸν
1346 2434 1743 2502 ἐγηγερμένον.

233 2521 295 2574 '0
327 2522 429 2590 μὲν
451 2519 546 2574 οὖν
576 2522 857 2583 Matinio;
885 2523 1102 2590 παρῆκε
1128 2523 1197 2575 τὰ
1231 2524 1393 2593 μέχρι
1423 2525 1516 2575 τοῦ
1547 2541 1745 2594 πορευ-

145 2613 315 2683 θῆναι
345 2615 473 2676 τοὺς
509 2614 760 2684 μαθητὰς
807 2613 887 2676 εις
927 2615 1024 2684 τὴν
1059 2615 1384 2668 Γαλιλαίαν·
1424 2617 1471 2668 οἱ
1505 2616 1550 2668 δ’
1593 2617 1744 2670 ἄλλοι

147 2706 548 2775 εὐαγγελισταὶ
587 2707 680 2761 καὶ
724 2705 897 2759 ταῦτα
948 2709 1293 2779 συνέγραψαν
1342 2711 1744 2781 (14)·Μάρκος

151 2795 254 2866 μὲν
285 2799 682 2869 ἑπιτομότερον
703 2815 716 2828 ·
770 2799 990 2860 Λουκᾶς
1023 2798 1101 2860 δὲ,
1141 2799 1479 2871 πλατύτερον
1501 2819 1515 2831 '
1561 2803 1739 2856 Ἰωάν-

147 2907 251 2962 νης
280 2890 360 2953 δὲ,
391 2891 847 2962 διεξοδικώτερον.

223 2984 327 3048 Εἰς
362 3015 432 3027 --
474 2985 730 3053 Ἰησοῦς.
767 2982 849 3042 Οὗ
874 2989 1127 3053 ἐτάξατο
1166 2985 1370 3051 αὐτοῖς
1393 3029 1407 3053 ,
1460 2988 1581 3040 ἀντὶ
1610 2986 1740 3052 τοῦ,

148 3073 332 3127 Ὅπου
396 3077 702 3130 ἐνετείλατο
752 3078 936 3141 αὐτοῖς
997 3079 1084 3132 διὰ
1137 3079 1244 3132 τῶν
1299 3079 1602 3147 γυναικῶν,
1666 3079 1742 3143 ὡς

146 3166 525 3237 προείρηται,
560 3170 896 3239 πορευθῆναι
922 3187 936 3203 ⁸
975 3172 1006 3241 ἢ
1049 3174 1182 3224 ὅπου
1219 3171 1487 3242 {mi-exsto
1519 3172 1739 3234 αὐτοῖς,

1854 2057 2212 2124 promissum,
2245 2059 2395 2114 visus
2426 2061 2493 2114 ab
2519 2061 2601 2115 eis
2653 2063 3003 2131 postmodum
3058 2063 3110 2116 in
3169 2063 3388 2119 Galilaza
3419 2082 3433 2127 ;

1854 2146 2076 2201 donavit
2107 2157 2290 2203 autem
2321 2159 2376 2204 et
2397 2151 2622 2204 alteram
2654 2153 2904 2218 gratiam,
2945 2155 3097 2223 prius
3131 2154 3214 2208 eis
3262 2169 3434 2223 appa-

1855 2254 1981 2293 rens
2004 2239 2419 2313 Hierosolymis,
2468 2250 2529 2296 ut
2557 2253 2610 2298 et
2638 2259 2930 2298 maerorem
2952 2259 3144 2299 eorum
3171 2247 3434 2312 solveret,

1853 2343 1906 2388 et
1947 2334 2235 2388 mulierum
2282 2335 2446 2390 verba
2496 2337 2868 2400 confirmaret,
2909 2336 3271 2406 aliorumque,
3341 2338 3436 2407 qui

1853 2443 1976 2481 eum
2018 2426 2265 2482 viderant
2291 2439 2581 2498 postquam
2613 2439 3009 2484 resurrexerat.

1923 2515 2209 2571 Matthaeus
2232 2534 2360 2588 ergo
2383 2519 2650 2588 praeteriit
2679 2535 2741 2573 ea
2766 2534 2886 2588 quae
2906 2519 3226 2574 acciderunt
3259 2521 3435 2577 donec

1851 2610 2069 2665 abirent
2115 2609 2371 2680 discipuli
2401 2612 2457 2665 in
2492 2610 2769 2665 Galilaeam
2800 2630 2814 2678 ;
2856 2612 3039 2667 cmteri
3103 2627 3230 2666 vero
3263 2628 3436 2667 evan-

1851 2701 2055 2773 gelista:
2095 2701 2258 2756 etiam
2293 2701 2382 2757 illa
2415 2703 2865 2773 conscripserunt
2893 2722 2908 2769 ;
2940 2703 3155 2758 Marcus
3212 2706 3434 2774 quidem

1851 2793 2111 2859 brevius;
2146 2792 2322 2848 Lucas
2346 2803 2528 2848 autem
2565 2795 2731 2848 latius
2761 2795 3043 2860 ;Joannes
3070 2811 3200 2850 vero
3252 2796 3437 2850 adhuc

1851 2883 2048 2939 fusius.

1923 2977 2075 3032 Vers.
2111 2978 2196 3033 16.
2231 2977 2294 3032 1η
2324 3008 2390 3017 —
2418 2978 2589 3034 Jesus.
2629 2979 2693 3032 In
2721 2995 2823 3049 quo
2875 2980 3152 3033 constituit
3195 2980 3292 3045 eis,
3329 2980 3438 3036 hoc

1849 3078 1951 3137 est,
1984 3071 2082 3126 llbi
2117 3086 2213 3140 per
2257 3071 2519 3126 mulieres
2580 3072 2842 3142 praecepit
2895 3073 2973 3125 cis
3007 3081 3066 3126 ut
3112 3072 3436 3137 proﬁcisce-

1850 3171 2063 3232 rentur,
2092 3162 2233 3216 sicut
2264 3162 2582 3230 praedictum
2607 3172 2725 3227 est;
2761 3163 2846 3217 vel
2916 3161 3006 3216 ubi
3057 3161 3309 3231 promisit
3353 3161 3437 3218 eis

145 3259 243 3310 ὅτε
303 3253 446 3320 εἷπε,
503 3261 618 3328 (15)
670 3259 830 3315 Μετὰ
885 3264 951 3315 τὸ
1007 3263 1325 3331 ἐγερθῆναί
1376 3278 1454 3330 με
1502 3262 1741 3327 προάξω

1848 3255 2066 3326 quando
2099 3255 2276 3309 dixit:
2324 3255 2609 3324 Postquam
2652 3265 2828 3308 autem
2878 3270 3237 3318 resurrexero,
3292 3271 3434 3323 pra:-

144 3347 314 3416 ὑμᾶς
333 3352 418 3414 εις
437 3349 552 3418 τὴν
575 3353 931 3409 Γαλιλαίαν.
958 3355 1066 3407 Καὶ
1099 3354 1205 3424 μὴν
1226 3355 1306 3416 είς
1331 3356 1431 3421 τὴν
1454 3353 1743 3406 Γαλιλαίαν

147 3437 270 3506 (I6)
309 3439 539 3503 ἐτάξατο
571 3443 757 3506 αὐτοῖς
790 3443 1146 3513 πορευθῆναι,
1193 3444 1323 3514 περὶ
1360 3445 1417 3498 δὲ
1450 3445 1544 3497 τοῦ
1580 3444 1743 3514 ὅρους

145 3530 310 3583 οὐδὲν
354 3533 791 3602 ἀναγέγραπται.
843 3535 989 3606 Πλὴν
1031 3536 1178 3600 εἰκὸς
1232 3538 1265 3606 ἢ
1309 3539 1483 3592 είπεῖν
1521 3538 1740 3603 αὐτοῖς,

148 3621 187 3688 ἦ
224 3622 464 3690 μηνῦσαι
497 3625 588 3675 καὶ
613 3624 742 3692 περὶ
767 3625 958 3677 τούτου
987 3624 1076 3678 διὰ
1101 3625 1209 3678 τῶν
1239 3627 1536 3694 γυναικῶν,
1571 3629 1619 3680 εί
1648 3626 1744 3680 καὶ

157 3715 239 3783 μὴ
270 3714 712 3784 ἀναγέγραπται.
748 3716 958 3780 Ἄλλως
983 3734 1042 3770 τε
1089 3717 1144 3769 δὲ
1181 3718 1274 3770 καὶ
1305 3717 1534 3789 σύνηθες
1558 3719 1743 3783 αὐτοῖς

147 3801 225 3874 ἦν
275 3806 452 3859 ἐκεῖνο
503 3807 562 3858 τὸ
623 3806 767 3877 ὅρος.
839 3807 986 3861 Ἐκεῖ
1041 3809 1151 3880 γὰρ
1214 3809 1451 3880 μάλιστα
1500 3810 1587 3864 διὰ
1642 3811 1744 3882 τὴν

147 3896 392 3966 ἡσυχίαν
413 3897 720 3967 ηὐλίζοντο.

227 3988 339 4041 Καὶ
395 3989 626 4056 ἰδόντες
657 4019 728 4030 -
781 3989 962 4056 αὐτῷ.

151 4079 432 4148 προέλαϐε
457 4081 586 4152 γάρ.

221 4174 290 4224 Ol
321 4170 390 4224 δὲ
419 4172 770 4228 ἐδίστασαν.
807 4173 965 4238 Τινὲς
988 4175 1045 4228 δὲ
1079 4176 1268 4230 αὐτῶν
1298 4177 1585 4231 ἐδίστασαν
1614 4180 1742 4250 περὶ

146 4264 348 4326 αὐτοῦ,
390 4264 716 4334 φοϐούμενοι
767 4269 867 4336 τὴν
919 4267 1148 4341 πλάνην.
1175 4270 1295 4342 Χρὴ
1324 4272 1380 4324 δὲ
1425 4271 1500 4344 μὴ
1535 4275 1738 4344 ζητεῖν,

147 4359 302 4418 τίνες
329 4351 482 4427 ἦσαν
511 4351 658 4410 οὗτοι
677 4375 691 4388 ο
724 4359 1096 4428 σεσιώπηνται
1123 4361 1235 4432 γάρ
1256 4378 1270 4395 ⁸
1297 4363 1461 4432 μόνον
1483 4365 1541 4417 δὲ
1583 4367 1745 4434 γινώ-

149 4464 336 4510 σκειν,
369 4449 451 4500 ὅτι
477 4449 572 4501 καὶ
602 4441 750 4501 οὗτοι
801 4450 1192 4519 προσελθόντος
1237 4452 1350 4524 (17)
1381 4455 1563 4519 αὐτοῖς
1619 4456 1742 4509 ἐϐε-

152 4538 498 4608 ὁαιὼθησαν.

1040 3992 1264 4056 Ἰδόντες
1330 3993 1516 4058 αὑτὸν,
1581 3996 1700 4049 ἐκεῖ
1722 4010 1740 4027 ο

230 4719 341 4774 Kal
375 4719 474 4773 ἐπὶ
506 4721 640 4790 γῆς.
701 4721 890 4792 Ἐδόθη
942 4739 1052 4793 μοι,
1093 4725 1281 4795 φησὶν,
1327 4725 1403 4789 ὡς
1447 4727 1743 4801 ἀνθρώπῳ,

149 4815 227 4883 ἣν
255 4811 424 4881 εἶχον,
459 4812 533 4874 ὡς
564 4812 715 4875 Θεός.

232 4996 631 5062 Πορευθέντες
681 5027 752 5036 —
807 5000 985 5065 ἔθνη.
1032 4999 1112 5069 Τῇ
1163 4999 1381 5073 δοθείσῃ
1441 5017 1532 5070 μοι
1591 5003 1744 5070 ἐξου-

148 5089 246 5159 σίᾳ
284 5088 955 5159 θαρροῦντες.[1ἀντα(18)
988 5091 1042 5142 δὲ
1073 5091 1141 5144 τὰ
1166 5091 1294 5163 ἔθνη
1329 5094 1524 5156 εἰπὼν,
1558 5097 1652 5148 καὶ
1681 5096 1742 5149 τὸ

147 5181 266 5234 τῶν
315 5181 582 5251 Ἐϐραίων
612 5182 766 5248 γένος
794 5182 1052 5252 ἐδήλωσε.
1091 5183 1198 5236 Καὶ
1225 5183 1377 5254 παρὰ
1411 5185 1489 5252 τῷ
1523 5187 1738 5258 Μάρκῳ

273 5317 320 5348 θ’
351 5314 516 5369 Marc.
553 5331 662 5380 ut,
694 5315 758 5369 H
783 5332 798 5382 ;
826 5314 961 5370 Luc.
994 5331 1140 5380 xxxv,
1190 5316 1279 5371 36.
1360 5316 1377 5347 ⁸
1409 5315 1569 5371 Joan.
1629 5335 1720 5385 xx,
1761 5323 1847 5385 19,
1913 5323 2004 5377 20.

1847 3349 2028 3400 cedam
2052 3363 2138 3400 vos
2161 3347 2217 3399 in
2243 3345 2525 3408 Galilwam
2546 3345 2585 3395 ¹.
2613 3345 2778 3413 Atqui
2819 3345 2872 3397 in
2901 3343 3178 3398 Galilazam
3210 3343 3433 3411 quidem

1845 3436 2256 3491 constituitillis
2279 3445 2340 3489 ut
2362 3435 2622 3496 abirent‘;
2659 3434 2726 3487 de
2753 3442 2941 3488 monte
2976 3448 3107 3486 vero
3134 3431 3270 3484 nihil
3297 3431 3436 3486 scri-

1846 3536 1997 3597 ptum
2023 3538 2124 3582 est.
2157 3525 2461 3581 Verisimile
2486 3535 2570 3580 cst
2601 3536 2781 3579 tamen
2804 3525 2944 3579 etde
2987 3524 3091 3578 hoc
3125 3523 3205 3576 vel
3231 3514 3435 3576 dixisse

1844 3619 1973 3682 illis,
1996 3618 2079 3673 vel
2104 3633 2249 3672 nunc
2280 3633 2377 3688 per
2407 3618 2671 3671 mulieres
2711 3616 3077 3685 significasse,
3113 3630 3431 3683 quanquam

1846 3711 2108 3778 scriptum
2143 3725 2255 3761 non
2287 3709 2375 3762 sit.
2434 3707 2706 3762 Praeterea
2762 3707 3047 3760 familiaris
3091 3706 3261 3758 etiam
3328 3704 3434 3758 illis

1843 3812 1962 3857 erat
1995 3817 2151 3857 mons
2192 3801 2340 3867 iSte;
2400 3800 2476 3855 ibi
2529 3801 2677 3856 enim
2745 3807 2972 3870 prepter
3023 3797 3262 3867 quietem
3321 3812 3435 3854 ma-

1846 3895 1991 3948 xime
2021 3893 2405 3948 versabantur.

1921 3985 2071 4039 Vers.
2127 3985 2213 4039 16.
2266 3985 2501 4054 Cumque
2539 3984 2792 4037 vidissent
2852 4011 2922 4021 —
2977 3999 3118 4036 eum.
3181 3980 3320 4035 Cum
3355 3980 3434 4035 vi-

1844 4075 2056 4131 dissent
2093 4075 2247 4130 illum
2281 4075 2354 4130 ibi
2395 4093 2410 4138 ;
2446 4089 2544 4129 eos
2565 4076 2714 4128 enim
2739 4074 2940 4129 ibidem
2980 4083 3359 4144 praecesserat.

1915 4169 2071 4226 Vers.
2099 4171 2185 4223 l7.
2212 4169 2444 4236 Quidam
2480 4184 2600 4222 vero
2624 4169 3017 4222 dubitaverunt.
3047 4166 3281 4233 Quidam
3301 4180 3431 4221 vero

1843 4277 2033 4316 eorum
2093 4261 2482 4315 dubitaverunt
2543 4259 2614 4313 de
2675 4259 2814 4327 ipso,
2879 4260 3136 4313 timentes
3159 4273 3430 4312 errorem.

1845 4352 1962 4406 Non
2007 4363 2186 4406 autem
2233 4365 2479 4420 quaerere
2519 4357 2734 4418 oportet
2789 4351 3012 4419 quinam
3067 4349 3120 4402 lii
3173 4347 3433 4413 fuerint;

1846 4460 1970 4500 nam
2024 4444 2244 4499 silentio
2293 4442 2556 4512 prmteriti
2636 4451 2787 4494 sunt.
2841 4441 2947 4495 Sed
3008 4441 3151 4494 scire
3214 4449 3426 4493 tantum

1848 4549 2084 4610 oportet,
2113 4539 2260 4609 quod
2286 4547 2341 4592 et
2365 4537 2443 4602 hi,
2470 4552 2595 4590 cum
2622 4535 2949 4591 accessisset
2974 4535 3040 4588 ad
3072 4535 3217 4604 ipsos
3245 4533 3427 4594 Jesus.

1771 4601 1824 4660 Β
1849 4601 2156 4686 confirmati
2189 4637 2337 4684 sunt.

1921 4725 2080 4779 Vers.
2128 4725 2214 4780 18.
2247 4723 2316 4778 Et
2345 4752 2415 4766 —
2448 4723 2504 4776 in
2538 4729 2704 4775 terra.
2740 4718 2874 4773 Data
2919 4728 3008 4774 est
3043 4718 3197 4781 mihi,
3229 4719 3429 4788 inquit,

1849 4831 2103 4888 tanquam
2157 4816 2388 4882 homini,
2438 4823 2686 4886 potestas
2742 4829 2908 4884 quam
2976 4812 3245 4866 habebam
3310 4820 3434 4866 tan-

1850 4928 2013 4984 quam
2073 4910 2236 4975 Deus,

1923 5003 2077 5060 Vers.
2109 5001 2196 5056 19.
2221 5000 2417 5054 Euntes
2440 5030 2512 5039 —
2546 5008 2744 5070 gentes.
2771 4999 2829 5051 In
2863 4997 2987 5051 data
3009 4995 3141 5049 mihi
3162 5002 3435 5065 potestate

1851 5096 2103 5150 fiduciam
2163 5093 2451 5148 habentes.
2494 5092 2693 5146 Dicens
2735 5101 2917 5145 autem
2950 5107 2964 5143 :
2997 5088 3188 5144 Omnes
3231 5094 3431 5158 genus,

1850 5190 2014 5246 etiam
2075 5187 2429 5245 Hebraeorum
2504 5201 2677 5254 genus
2735 5181 3083 5256 signiﬁcavit.
3149 5179 3432 5252 Siquidem

2120 5319 2338 5376 llMatth.
2380 5336 2527 5385 τινι,
2564 5320 2654 5374 '52.

1363 5478 1560 5540 Variae
1607 5479 1914 5541 lectiones
1945 5485 2009 5541 et
2040 5484 2233 5541 notae.

376 5639 735 5711 ξυνηγμένοι,
770 5654 879 5711 pro
929 5641 1402 5710 συνηθροισμένοι.
1469 5645 1529 5708 Α,
1565 5652 1732 5698 recte.

229 5708 346 5778 (Η)
380 5708 582 5762 Horum
607 5711 732 5764 loca
761 5710 921 5763 modo
951 5708 1137 5763 notata
1171 5708 1316 5765 sum.

229 5779 346 5848 (l5)
381 5780 501 5830 Ὀτι
539 5779 840 5846 interponit
894 5783 948 5832 ﬁ.

232 5848 345 5920 (16)
377 5849 513 5915 Ms»),
547 5849 842 5919 interponit
871 5850 936 5902 A.

1855 5719 1863 5726 _
1921 5643 2038 5736 £17)
2100 5644 2522 5736 βροσεζθόντες.
2559 5647 2625 5714 Α,
2663 5643 2827 5701 male.
2866 5643 3289 5716 Προσελθόντος,
3339 5645 3434 5718 δη-

1850 5715 2001 5781 λαδὴ.
2032 5715 2126 5767 τοῦ
2153 5715 2332 5781 Ἰησοῦ
2364 5717 2571 5769 αὐτοῖς.

1925 5784 2038 5855 (18)
2125 5785 2213 5851 As,
2243 5785 2446 5839 omittit
2477 5783 2541 5839 Α.
