4054 6398
664 380 776 446 707
1913 381 2298 442 EUTHYMII
2342 382 2512 440 2on
2525 383 2703 444 BENI
3841 386 3932 448 755

666 493 773 564 κγ·
817 495 959 564 Περὶ
989 494 1098 548 τοῦ
1126 490 1378 562 τυφλοῦ.
1413 488 1572 562 (VIII,
1601 489 1718 560 22.)
2275 493 2324 552 Α
2351 489 2448 555 λζ’.
2492 491 2630 560 Περὶ
2689 491 2808 545 τῶν
2839 492 3347 562 ἐπερωτησάντων
3406 494 3504 548 διὰ
3542 495 3652 549 τὸν
3681 495 3931 564 κῆνσον.

669 586 767 642 κδ’.
805 587 950 657 Περὶ
979 585 1090 654 τῆς
1137 584 1206 637 ἐν
1230 582 1550 650 Καισαρείᾳ
1597 581 2050 651 ἐπερωτήσεως.
2086 584 2248 654 (VIII,

1828 581 2050 651 ήσεως.
2086 584 2248 654 (VIII,
2532 584 2665 654 (xu,
2706 584 2818 654 ts.)
2851 588 2960 639 uo.
2985 587 3097 650 νβ’.
3144 591 3286 640 Am).
3320 587 3428 642 oa'.

852 681 968 742 27.)
1014 681 1127 732 M0.
1173 673 1464 744 λτ’.·Λου.
1491 673 1597 730 κθ’.
2355 673 2453 744 λη’.

2355 673 2456 744 λη’.
2501 677 2640 744 Περὶ
2673 676 2794 731 τῶν
2826 677 3273 734 Σαδδουκαίων.
3309 678 3477 748 (XIII,
3517 679 3630 749 18.)
3669 679 3802 734 M0’.
3833 690 3929 750 νγ.

667 771 764 825 κε’.
804 769 942 837 Περὶ
976 766 1082 835 τῆς
1115 763 1646 849 μεταμορφώσεως.
1687 766 1802 838 (IX,
1856 767 1934 837 2.)
1979 768 2090 822 M0.
2136 765 2247 820 λδ’.

2538 777 2684 825 Λου.
2719 769 2832 833 οβ’.
3883 804 3889 808 .

840 865 988 915 Λου.
1007 859 1086 914 λ’.
2352 863 2449 915 λθ’.
2490 862 2626 931 Περὶ
2683 861 2790 915 τοῦ
2842 860 3258 930 Γραμματέως.
3292 860 3432 931 (XII,
3484 863 3603 934 28.)
3658 865 3789 918 λῖθ’.
3825 863 3928 918 νδ.

664 959 778 1018 κς’.
811 952 954 1021 Περὶ
981 951 1088 1006 τοῦ
1127 949 1657 1022 σεληνιαζομένου.
1693 949 1964 1022 (1Χ,“14.)
2000 951 2114 1006 M0.
2140 949 2247 1004 λε’.
2527 958 2676 1009 Λου.
2707 951 2813 1007 λε’.

837 1047 985 1099 Λου.
1014 1042 1132 1099 λα’.
2382 1052 2455 1115 μ’.
2494 1046 2634 1112 Περὶ
2684 1043 2792 1110 τῆς
2849 1043 2957 1099 τοῦ
3011 1045 3234 1112 Κυρίου
3287 1045 3746 1116 ἐπερωτήσεως.
3798 1046 3930 1117 (XII,

662 1135 766 1199 κζ’.
805 1135 948 1204 Περὶ
974 1135 1096 1190 τῶν
1140 1137 1658 1210 διαλογιζομένων,
1710 1135 1803 1202 τίς
1844 1135 2082 1205 μείζων.
2132 1135 2246 1207 (IX,
2529 1134 2641 1204 55.)
2682 1137 2794 1188 M0.
2829 1131 2931 1188 νε’.
2965 1138 3108 1187 Λου.
3134 1132 3239 1202 στ’.

842 1225 956 1294 55.)
990 1229 1102 1282 M0.
1132 1225 1252 1286 λζ’.
1280 1232 1427 1281 Λου.
1455 1225 1574 1291 λβ.
2354 1233 2464 1297 μα’.
2495 1227 2631 1296 Περὶ
2656 1226 2763 1294 τῆς
2801 1225 2872 1280 τὰ
2897 1226 3008 1280 δύο
3034 1226 3230 1282 λεπτὰ
3249 1227 3603 1297 βαλούσης.
3642 1228 3786 1299 (XII,
3822 1229 3927 1295 41.)

660 1315 769 1388 κη’.
808 1318 945 1387 Περὶ
973 1316 1094 1371 τῶν
1119 1319 1656 1388 ἐπερωτησάντων,
1674 1319 1727 1372 εί
1751 1318 1996 1382 ἔξεστιν
2021 1317 2244 1372 άπολῦ·
2529 1328 2671 1376 Λου.
2700 1318 2806 1374 οδ’.

839 1424 944 1462 σαι
976 1409 1094 1476 τὴν
1117 1411 1404 1478 γυναῖκα.
1438 1411 1528 1479 (X,
1567 1411 1639 1479 I.)
1675 1413 1788 1466 M0.
1821 1411 1904 1480 μ’.
2353 1410 2440 1480 μβ⁹

2353 1410 2461 1480 μβ’.
2504 1411 2643 1478 Περὶ
2689 1411 3067 1478 συντελείας.
3121 1409 3304 1483 (XIII,
3341 1411 3438 1482 5.)
3483 1413 3600 1467 M0.
3643 1411 3754 1472 r0.
3790 1417 3924 1468 Acr.

658 1500 764 1556 παῦ’.
801 1499 948 1567 Περι
979 1500 1087 1555 τοῦ
1111 1486 1612 1570 ἐπερωτήσαντος
1647 1503 1952 1556 πλουσίου
1984 1501 2092 1554 τὸν
2131 1500 2246 1570 ’1ης
2526 1501 2627 1556 σε’.
3447 1569 3479 1583 κ
3767 1509 3775 1515 ’

835 1595 1014 1649 σοῦν.
1043 1594 1134 1664 (X,
1173 1594 1283 1663 I7.)
1312 1598 1426 1649 M0.
1460 1596 1582 1662 μα’.
1617 1600 1762 1658 Λου,
1792 1593 1902 1662 εἶτ’.
2353 1601 2436 1664 μγ¹

2353 1601 2463 1664 μγ.
2497 1593 2639 1662 Περὶ
2676 1591 2784 1661 τῆς
2816 1591 3043 1663 ἠμέρας
3081 1593 3180 1648 καί
3224 1592 3400 1663 ὥρας.
3438 1593 3594 1663 (XIII,
3645 1594 3766 1660 52.)
3821 1597 3923 1648 M0.

686 1683 756 1740 λ’.
801 1687 939 1754 Περὶ
971 1685 1092 1739 τῶν
1117 1684 1263 1740 υιῶν
1296 1685 1616 1740 Ζεϐεδαίου
1651 1685 1743 1755 (X.
1774 1685 1889 1754 55.)
1920 1687 2033 1740 M0.
2057 1683 2173 1754 μγ’.
2521 1686 2636 1754 νη’.

655 1775 761 1882 λα’.
795 1780 936 1882 Περ)
967 1777 1449 1848 Βαρτιμαίου.(Χ,
1481 1779 1591 1841 46.)
1615 1781 1727 1834 M0.
1755 1777 1871 1848 μδ’.
1905 1785 2050 1834 Λου.
2083 1779 2190 1843 ξδ’.
2277 1829 2322 1882 Β
2355 1781 2456 1851 μδ.
2493 1781 2632 1848 Περὶ
2665 1779 2769 1847 τῆς
2798 1780 3149 1849 άλειψάσης
3177 1779 3287 1833 τὸν
3325 1779 3548 1847 Κύριον
3570 1781 3742 1849 μύρῳ
3773 1778 3924 1844 (ΧΠ,

657 1867 760 1938 λβ’.
794 1867 934 1936 Περὶ
970 1869 1077 1946 τοῦ
1104 1869 1332 1924 πώλου.
1386 1869 1500 1941 (XI,
1541 1872 1614 1938 I.)
1654 1873 1765 1925 M0.
1811 1868 1916 1933 με’.
1947 1875 2090 1924 Λου.
2131 1868 2220 1938 ξη¹

1947 1875 2090 1924 Λου.
2131 1868 2220 1938 Er"
2281 1867 2322 1882 "
2528 1872 2606 1938 5.)
2653 1874 2765 1924 M0.
2807 1871 2923 1935 ξβ.
2955 1876 3099 1925 Λου.
3133 1870 3245 1924 κα’.
3287 1868 3528 1935 ’1ω.ιβ¹.

845 1959 951 2014 ’1ω.
980 1960 1073 2013 ιδ’.
2354 1962 2446 2034 με’.

2354 1962 2456 2034 με’.
2499 1964 2636 2032 Περὶ
2669 1964 2776 2018 τοῦ
2813 1962 3049 2031 Πάσχα.
3096 1961 3266 2033 (XIV,
3311 1962 3422 2032 I2.)
3468 1965 3583 2017 M0.
3637 1962 3751 2032 εγ.
3787 1965 3921 2016 Λου.

656 2053 762 2122 λγ’.
798 2052 941 2122 Περὶ
971 2052 1083 2120 τῆς
1129 2052 1538 2122 ξηρανθείσης
1583 2051 1786 2120 συκῆς
1837 2051 1953 2117 (XI,
1992 2054 2099 2122 I2.)
2129 2055 2241 2109 M0.

1129 2052 1538 2122 ξηρανθείσης
1583 2051 1786 2120 συκῆς
1837 2051 1953 2117 (XI,
1992 2054 2241 2122 12.)Μθ.
2525 2062 2640 2120 ος·ὀ

829 2145 957 2215 μεό
2353 2165 2430 2216 μς

2353 2154 2471 2216 μςθ.
2503 2147 2638 2216 Περὶ
2674 2148 2784 2216 τῆς
2813 2146 3202 2217 παραδόσεως
3228 2148 3586 2217 προφητεία.
3609 2145 3776 2220 (XIV,
3817 2148 3917 2215 I7.)

655 2236 756 2293 λδ.
791 2236 934 2306 Περὶ
961 2237 1410 2306 ἁμνησικακίας
1439 2277 1452 2290 .
1481 2237 1597 2307 (XI,
1628 2237 1752 2305 25.)

1194 2239 1410 2302 κακίας
1439 2277 1452 2290 .
1481 2237 1597 2307 (XI,
1628 2237 1752 2305 25.)
2524 2245 2650 2295 M0'.
2689 2242 2795 2306 ξδ’.

654 2329 754 2386 λε’.
792 2329 936 2398 Περὶ
965 2327 1086 2383 τῶν
1109 2327 1619 2396 ἐπερωτησάντων
1653 2328 1762 2382 τὸν
1799 2327 2018 2396 Κύριον
2045 2327 2247 2395 άρχὼ-
2347 2331 2453 2400 μζν,
2496 2332 2636 2400 Περὶ
2693 2331 2802 2400 τῆς
2857 2331 3191 2400 ἀρνήσεως,
3230 2330 3408 2402 (XIV,
3462 2333 3577 2402 66.)
3637 2334 3751 2387 M0.
3809 2330 3922 2395 ξςθ.

826 2420 987 2488 ρέων
1023 2419 1124 2474 και
1153 2417 1593 2487 πρεσϐυτέρων.
1628 2417 1742 2488 (XI,
1790 2417 1909 2487 27.)
1958 2421 2073 2474 M0.
2113 2417 2244 2487 μη’.

1206 2417 1593 2486 ρεσόυτέρων.
1628 2417 1742 2488 (XI,
1790 2417 1909 2487 27.)
1958 2421 2073 2474 M0.
2113 2417 2244 2487 μη’.
2522 2426 2667 2476 Λου.
2698 2419 2807 2488 οη’.

835 2516 981 2566 Δου.
1012 2514 1124 2565 κθ’.
2347 2511 2458 2585 inf.
2503 2513 2643 2581 Περὶ
2685 2511 2796 2578 τῆς
2834 2512 3128 2579 αἰτήσεως
3171 2513 3278 2567 τοῦ
3324 2514 3604 2582 σώματος
3657 2517 3764 2571 τοῦ
3808 2520 3919 2570 Ku-

655 2602 770 2670 λς’.
811 2605 952 2672 Περὶ
1002 2603 1112 2658 τοῦ
1171 2600 1553 2674 ἀμπελῶνος.
1611 2603 1769 2672 (XII,
1834 2603 1929 2673 I.)
1990 2604 2104 2660 M0.
2171 2607 2242 2658 ν.

2511 2607 2676 2674 ρίου.
2700 2605 2838 2674 (XV,
2876 2605 2990 2676 42.)
3021 2607 3133 2660 M0.
3165 2606 3276 2674 ξη’.
3313 2611 3462 2662 Λου.
3518 2606 3647 2673 πβ.
3690 2609 3801 2663 ἰω.
3834 2606 3919 2676 ιη’.

832 2701 979 2752 Λου.
1015 2702 1084 2751 o'.

723 2881 817 2936 25.
855 2882 931 2936 De
956 2898 1111 2938 caeco.
2347 2883 2462 2934 haec
2491 2877 2628 2948 facis
2649 2879 2675 2932 7

729 2972 822 3028 24.
861 2973 938 3027 De
964 2973 1377 3044 interrogatione
1399 2973 1454 3025 in
1487 2969 1755 3027 Caesarea.
2416 2970 2506 3026 56.
2548 2970 2624 3024 De
2642 2971 2816 3025 vinea.

720 3063 814 3118 25.
865 3063 940 3118 De
968 3065 1441 3134 transformatione
1476 3061 1711 3116 Domini.
2266 3091 2309 3146 ο
2414 3061 2505 3117 57.
2545 3061 2620 3115 De
2651 3063 2729 3117 his
2760 3061 2850 3133 qui
2873 3061 3266 3132 interrogabant
3297 3064 3580 3119 occasione
3623 3081 3827 3122 census.

725 3154 820 3210 26.
863 3155 940 3210 Dc
973 3155 1210 3210 Iunatico
1241 3155 1462 3208 habente
1483 3154 1729 3223 spiritum
1761 3162 1990 3208 mutum.
2414 3153 2502 3210 58.
2548 3153 2622 3208 De
2643 3151 2978 3208 Sadduca'is.‘

722 3247 814 3302 27.
850 3247 929 3303 De
955 3247 1367 3319 disputantibus,
1397 3247 1514 3317 quis
1567 3255 1698 3302 esset
1752 3248 1947 3317 major.
2416 3245 2505 3300 59.
2550 3245 2624 3299 De
2657 3245 2854 3298 scriba.

722 3341 815 3396 28.
858 3340 931 3395 De
955 3341 1036 3395 Itis
1069 3342 1158 3410 qai
1187 3343 1580 3413 interroyabant
1605 3339 1924 3394 Dominum:
1950 3338 2029 3392 An
2063 3339 2242 3394 liceret
2416 3335 2510 3391 40.
2545 3335 2620 3389 De
2639 3337 3052 3407 interrogatione
3071 3338 3304 3395 Domini.

653 3450 776 3488 sunt
805 3449 966 3486 uxore
989 3434 1269 3486 divortium
1298 3435 1494 3504 facere.
2418 3427 2508 3485 41.
2551 3428 2626 3482 De
2656 3429 2813 3483 vidua
2847 3446 2963 3500 qua?
2991 3432 3094 3484 duo
3120 3433 3326 3486 minuta
3362 3433 3579 3487 obtulit.

721 3524 814 3578 29.
854 3523 933 3578 De
959 3525 1118 3578 divite
1151 3528 1240 3594 qui
1298 3525 1581 3579 Dominum
1616 3525 1996 3594 interrogabat.
2419 3521 2509 3576 42.
2551 3520 2624 3575 De
2655 3523 3127 3578 consummatione.

726 3616 819 3671 50.
858 3616 934 3670 De
961 3616 1088 3685 ﬁliis
1127 3615 1389 3673 Zebedtei.
2420 3613 2511 3668 45.
2548 3612 2624 3667 De
2646 3614 2732 3666 die
2759 3613 2850 3667 illo
2875 3624 2922 3666 et
2952 3615 3104 3669 liora.

726 3705 820 3759 51.
858 3703 937 3759 De
968 3705 1280 3760 Bartimaro.
2420 3705 2508 3760 44.
2551 3703 2626 3758 De
2657 3721 2718 3759 ea
2737 3721 2852 3775 qua’
2873 3707 3025 3759 unxit
3057 3705 3338 3760 Dominum
3361 3718 3660 3778 unguento.

728 3796 822 3852 52.
862 3795 940 3850 De
969 3797 1138 3868 pullo.

2420 3797 2509 3852 45.
2555 3796 2631 3850 De
2646 3795 2873 3851 Pascha.

721 3889 817 3944 55.
863 3887 938 3942 De
955 3887 1062 3956 ﬁcu
1090 3905 1206 3959 qua:
1227 3888 1465 3945 isaruit.
2420 3888 2514 3943 46.
2555 3887 2631 3942 De
2645 3889 2938 3956 proditione
2963 3889 3290 3958 prophetica.

723 3979 818 4034 54.
859 3979 939 4034 De
966 3981 1223 4035 oblivione
1251 3982 1600 4051 injuriarum.
2419 3981 2508 4037 47.
2550 3979 2627 4033 De
2651 3981 2928 4051 negatione
2947 3979 3114 4036 Petri.

722 4071 818 4126 55.
854 4071 932 4127 De
960 4073 1405 4144 interrogantibus
1427 4074 1728 4140 Dominum,
1756 4075 1816 4130 In
1847 4091 1950 4145 qua
1980 4080 2239 4144 potestate
2419 4071 2510 4126 48.
2544 4069 2624 4124 De
2654 4071 2904 4126 octitionc
2932 4066 3160 4140 conoris
3185 4071 3402 4128 Christi.

765 4408 1353 4468 INTERPRETATIO
1402 4408 1806 4466 EVANGELH
1862 4409 2108 4466 MARCI.
2272 4411 2366 4468 οε

2339 4411 2722 4467 EPMHNEIA
2776 4414 2915 4468 ἸὈΥ
2975 4413 3220 4537 KAJgr
3241 4414 3563 4470 ΜΑΡΚΟΝ
3612 4419 3917 4474 ΕΥΑΓΙἚ·

726 4571 940 4627 Marcus
974 4570 1117 4627 Illius
1149 4569 1250 4625 fuit
1275 4570 1475 4632 Mai-ise.
1500 4586 1619 4641 quae
1651 4571 1704 4624 in
1756 4571 1920 4627 domo
1977 4588 2075 4628 sua
2142 4572 2238 4628 beo

2418 4575 2642 4644 Μάρκος
2676 4577 2704 4630 ὁ
2733 4575 3152 4646 εὐαγγελιιττὴς,
3172 4577 3289 4640 υἱὸς
3321 4578 3423 4646 μὲν
3453 4580 3662 4648 γέγονε
3697 4585 3911 4657 Μαρίας,

657 4666 820 4736 nigne
869 4664 1145 4734 apostolos
1195 4662 1520 4730 excipiebat.
1573 4663 1879 4717 Vocabatur
1943 4675 2125 4717 autem
2184 4673 2241 4718 et

2350 4666 2448 4736 τῆς
2489 4666 2898 4742 δεξιωσαμένης
2932 4672 2990 4724 ὲν
3022 4675 3089 4744 τῇ
3120 4673 3326 4746 ἑαυτῆς
3355 4678 3515 4748 οἰκίᾳ
3541 4683 3677 4746 τοὺς
3706 4684 3913 4737 ἀποστό-

656 4755 916 4816 Joannes.
948 4752 1406 4822 quemadmodum
1439 4754 1492 4805 in
1534 4754 1683 4807 Actis
1733 4756 2105 4824 apostolorum
2158 4754 2241 4808 in~

2346 4759 2471 4822 λους
2498 4775 2513 4791 ·
2545 4761 2794 4814 ἐκαλεῖτο
2819 4762 2877 4815 δὲ
2917 4763 3011 4817 καὶ
3062 4765 3336 4839 Ἰωάννης,
3376 4769 3454 4834 ὡς
3510 4774 3572 4839 ὲν
3631 4778 3756 4838 ταῖς
3787 4777 3912 4845 Πράε

659 4848 913 4902 venimus
947 4864 962 4902 :
991 4846 1203 4910 Petrus,
1233 4845 1434 4915 inquit,
1463 4847 1728 4915 recognita
1759 4849 1896 4900 venit
1928 4849 1998 4900 ad
2027 4850 2237 4901 domum

2344 4851 2456 4915 ξεσι
2496 4852 2605 4906 τῶν
2637 4853 2953 4909 ἀποστόλων
2985 4857 3335 4930 εὑρίσκομεν.
3366 4863 3645 4919 Συνιδὼν
3673 4869 3800 4939 γὰρ,
3827 4887 3910 4936 φη-

659 4941 847 4994 matris
893 4937 1138 5002 Joannis,
1197 4938 1288 5007 qui
1337 4937 1810 5006 cognominabatur
1865 4943 2114 5003 Marcus,
2155 4939 2242 4992 ubi

2344 4943 2449 5007 σὶν,
2482 4947 2516 4997 ό
2569 4944 2793 5013 Πέτρος
2844 4943 3036 5018 ἦλθεν
3082 4951 3182 5004 ἐπὶ
3238 4953 3356 5020 τὴν
3416 4958 3625 5012 οὶκίαν
3687 4937 3794 5030 τῆς
3818 4979 3909 5030 μη-

657 5043 810 5085 erant
835 5029 988 5084 multi
1018 5030 1320 5098 congregati
1350 5039 1398 5082 et
1449 5041 1658 5082 orantes
1686 5031 1723 5081 ¹.
1772 5031 1834 5083 Et
1891 5030 2032 5085 circa
2087 5031 2241 5101 prin-

2344 5035 2480 5120 τρός
2507 5035 2778 5092 Ἰωάννου
2831 5039 2938 5094 τοῦ
2989 5040 3481 5113 ἐπικαλουμένου
3532 5029 3907 5120 Μάρκου,ίοῦ

658 5124 802 5194 cipia
836 5124 1054 5193 quidem
1080 5124 1406 5194 conjunctus
1435 5134 1522 5179 est
1559 5123 1817 5179 Barnabm
1841 5125 2112 5178 avunculo
2142 5140 2241 5176 suo

2345 5119 2506 5193 ἦσαν
2535 5127 2729 5182 ἱκανοὶ
2754 5133 3255 5202 συνηθροισμένοι
3306 5137 3407 5192 καὶ
3432 5144 3908 5212 προσευχόμενοι.

659 5226 716 5269 et
751 5215 939 5280 Paulo,
973 5215 1130 5270 sicuti
1174 5215 1311 5269 liber
1343 5213 1603 5270 Actorum
1632 5225 1855 5270 testatur
1888 5216 1928 5278 ⁸,
1960 5224 2016 5269 et
2045 5214 2245 5269 Paulus

2353 5217 2462 5270 Καὶ
2513 5219 2796 5290 καταρχὰς
2833 5221 2932 5292 μὲν
2995 5226 3284 5280 συνείπετο
3324 5229 3620 5303 Βαρνάϐᾳ,
3679 5235 3757 5305 τῷ
3803 5234 3908 5303 θείῳ

662 5307 718 5360 in
750 5305 1008 5376 Epistolis
1042 5306 1374 5362 mentionem
1399 5307 1519 5377 ejus
1554 5307 1780 5369 faciens,
1812 5316 1871 5362 ut
1908 5308 1961 5362 in
1999 5306 2240 5376 Epistola

2347 5307 2534 5370 αὑτοῦ,
2560 5310 2655 5361 καὶ
2686 5309 2904 5380 Παύλῳ,
2932 5313 3116 5378 καθὼς
3143 5315 3178 5386 ᾖ
3212 5333 3271 5369 τε
3307 5317 3503 5388 βίϐλος
3535 5325 3654 5378 τῶν
3685 5327 3911 5398 Πρὰξεων

661 5400 727 5457 ad
761 5393 1119 5455 Colossenses
1159 5401 1200 5465 ',
1241 5408 1295 5455 ct
1326 5401 1380 5454 in
1417 5402 1657 5455 secunda
1696 5401 1760 5456 ad
1813 5401 2160 5455 Timotheum
2188 5402 2232 5454 ⁸.

2344 5403 2609 5473 παριστᾷ,
2627 5404 2720 5456 καὶ
2753 5404 2987 5472 Παῦλος,
3020 5407 3078 5460 ἐν
3117 5405 3474 5482 Ἐπιστολαῖς
3505 5393 3747 5494 μνήμην
3780 5417 3911 5478 αὐτοῦ

666 5541 678 5570 ⁸
726 5539 842 5594 Aet.
877 5555 978 5602 ιιι,
1011 5539 1100 5592 12.
1213 5543 1232 5572 ²
1266 5542 1385 5594 Act.
1439 5556 1539 5605 xu,
1569 5540 1677 5607 25;
1717 5555 1804 5604 xv,
1838 5539 1926 5605 '57,
1961 5538 2050 5594 59.
2126 5539 2145 5570 ³
2175 5537 2384 5595 Coloss.
2421 5554 2496 5605 Iv,
2531 5539 2616 5593 10.
2695 5541 2716 5572 ⁵
2753 5539 2795 5596 II
2828 5541 2973 5602 Tim.
3001 5528 3186 5613 tv,II.

1871 5677 2068 5740 Varia;
2128 5676 2434 5741 lectiones
2475 5687 2534 5741 et
2566 5687 2757 5743 nolte.

739 5803 813 5870 (l)
857 5803 913 5855 Ὀ
945 5805 1145 5860 omittit
1184 5805 1240 5860 Β.
1288 5805 1431 5861 Idem
1485 5821 1631 5873 mox,
1693 5819 1811 5878 post
1862 5807 2059 5875 οἰκίαν,
2121 5805 2340 5864 inseruit

1288 5805 1431 5861 Idem
1485 5821 1631 5873 mox,
1693 5819 1811 5878 post
1862 5807 2059 5875 οἰκίαν,
2121 5805 2386 5864 insertum
2421 5809 2845 5882 habctMapiac.
