4078 6400
63 373 199 436 769
1105 389 1497 454 COMMENT.
1542 390 1620 452 IN
1663 391 1711 450 M

1814 391 2010 454 LCUM.
2052 419 2117 430 -
2159 393 2316 455 CAP.
2354 395 2407 457 Ῑ.
3288 395 3397 456 ’ΠΟ

65 495 476 568 ποιούμενος,
535 505 599 573 τῇ
656 521 712 555 τε
761 504 896 575 πρὸς
946 505 1288 570 Κολασσαεῖς
1315 509 1410 560 καὶ
1461 509 1528 579 τῇ
1576 507 1711 576 πρὸς

1820 508 2025 564 Deinde
2059 525 2183 564 cum
2237 509 2402 565 Petro
2450 508 2635 566 Romae
2666 526 3020 569 conversatus
3045 523 3149 576 est.
3201 529 3396 583 quem-

66 586 386 656 Τιμόθεον
420 595 676 667 δευτέρᾳ·
712 593 829 650 εἶτα
859 597 937 667 τῷ
968 599 1160 668 Πέτρῳ
1196 601 1363 669 συνῆν
1398 603 1455 650 ὲν
1499 599 1710 669 Ῥώμῃ,

1815 601 2106 654 admodum
2169 603 2317 670 prior
2379 603 2498 673 ejus
2576 604 2809 674 Epistula
2875 607 3237 668 demonstrat,
3290 623 3398 676 qua

67 677 158 740 ὡς
205 682 246 749 ἡ
295 682 496 752 πρώτη
539 687 706 740 αὐτοῦ
753 686 1045 758 Ἐπιστολὴ
1084 689 1381 754 δείκνυσιν,
1435 692 1496 742 ὲν
1620 692 1715 742 καὶ

69 769 215 823 υἱὸν
251 773 436 827 αὐτοῦ
476 779 617 830 κατὰ
639 779 858 847 πνεῦμα
885 779 975 831 τὸν
997 773 1407 848 Μάρκονοῦτος
1435 780 1712 849 ὠνόμασε,

1815 693 1980 745 etiam
2009 692 2104 746 hic
2140 693 2308 746 lilium
2333 709 2491 748 suum
2523 694 2677 763 juxta
2710 695 2959 763 spiritum
2995 696 3239 752 Marcum
3294 713 3402 766 ap-

1817 780 2035 860 pellavit
2065 782 2086 812 ⁸
2122 797 2136 833 :
2166 797 2196 835 a
2234 797 2343 850 quo
2383 782 2609 851 insuper
2647 793 2821 837 totum
2869 786 3147 856 Evangelii
3190 802 3400 842 sermo-

74 863 237 930 παρ’
273 856 346 915 οὗ
378 868 474 918 καὶ
514 868 636 920 ὅλον
669 870 761 922 τὸν
784 871 880 922 τοῦ
923 869 1266 938 Εὑαγγελίου
1297 872 1456 940 λόγον
1483 874 1511 925 ὁ
1551 873 1713 942 Μάρ-

74 967 187 1014 κος
229 958 575 1028 μεμάθηκεν
613 960 709 1028 (2).
758 962 990 1014 Ἔπειτα
1026 963 1412 1032 συνεγράψστο
1437 962 1499 1016 τὸ
1530 963 1712 1031 Εὐαγ-

75 1037 299 1106 γέλιον
325 1088 343 1112 ,
375 1049 452 1112 ὠς
496 1053 593 1120 μὲν
627 1055 832 1122 ἱστορεῖ
859 1057 952 1108 καὶ
995 1055 1230 1124 Κλήμης
1261 1057 1289 1107 ὁ
1321 1055 1723 1124 Στρωματεὺς,

75 1137 144 1186 ἐν
173 1138 342 1210 αὐτῇ
376 1144 445 1212 τῇ
490 1143 701 1216 Ῥώμῃ,
730 1147 872 1198 κατὰ
898 1147 953 1200 δὲ
986 1147 1077 1200 τὸν
1109 1148 1500 1216 Χρυσόστομον
1528 1147 1624 1218 (5),
1653 1149 1712 1198 ἐν

78 1229 407 1301 Αἰγύπτῳ,
448 1238 831 1306 παρακληθεὶς
861 1240 966 1292 ὑπ)
995 1239 1101 1291 τῶν
1151 1241 1267 1291 ἐκεῖ
1296 1239 1532 1304 πιστῶν,
1570 1241 1711 1308 μετὰ

78 1319 188 1388 ἔτη
233 1322 386 1376 δέκα
409 1325 510 1393 τῆς
539 1327 633 1379 τοῦ
663 1330 916 1399 Σωτῆρος
948 1330 1300 1399 ἀναλήψεως.
1340 1333 1636 1402 Συμφωνεῖ
1653 1332 1710 1384 δὲ

81 1413 166 1480 τῷ
202 1416 498 1488 Ματθαίῳ
525 1419 665 1481 λίαν,
700 1422 843 1492 πλὴν
871 1425 999 1475 ὅσον
1039 1426 1253 1488 ἐκεῖνός
1280 1429 1399 1478 ἐστι
1438 1425 1710 1478 πλατύτε-

85 1521 215 1571 ρος.
267 1509 401 1580 Χρὴ
429 1509 495 1580 δὴ
523 1511 754 1564 καθόλου
789 1513 1106 1581 γινώσκειν,
1136 1515 1211 1577 ὡς
1245 1516 1296 1568 οἱ
1321 1516 1711 1583 εὑαγγελισταὶ

87 1598 239 1651 ποτὲ
277 1601 385 1668 μὲν
411 1604 554 1655 κατὰ
586 1605 742 1670 τάξιν
772 1607 1183 1676 ἀπαγγέλλουσι
1208 1611 1307 1673 τὰς
1360 1607 1712 1671 διδασκαλίας

85 1688 193 1738 καὶ
232 1691 316 1742 τὰ
352 1689 614 1761 Θαύματα
646 1695 740 1747 τοῦ
781 1695 1050 1765 Χρστοῦ,
1112 1700 1263 1767 νόμῳ
1304 1697 1568 1764 inopia:
1608 1713 1709 1748 πο·

87 1779 148 1829 τὲ
188 1780 281 1842 δὲ,
333 1783 395 1834 οὐ
451 1786 683 1854 τηροῦσι
738 1788 915 1855 τάξιν,
955 1788 1284 1852 σπεύδοντες
1344 1789 1507 1858 μόνον
1540 1790 1622 1851 εἰς
1652 1788 1712 1840 τὸ

1816 882 1940 920 nem
1974 867 2192 922 Marcus
2249 870 2460 931 didicit,
2519 881 2574 924 et
2622 876 2968 940 postmodum
3043 876 3400 946 Evangelium

1815 959 2165 1026 conscripsit,
2234 961 2537 1014 secundum
2600 961 2936 1017 Clementem
2989 963 3401 1032 Stromaticum,

1817 1048 1921 1103 hoc
1973 1059 2078 1112 est,
2120 1053 2212 1120 qui
2271 1048 2418 1104 varia
2477 1053 2531 1105 in
2576 1070 2757 1106 .unum
2809 1056 3115 1120 eontexuit,
3171 1057 3223 1110 in
3284 1058 3401 1126 ipsa

1814 1137 1984 1192 Poma
2023 1156 2036 1191 :
2063 1141 2215 1208 juxta
2242 1142 2685 1212 Chrysostomum
2715 1157 2896 1198 autem
2929 1146 2983 1199 in
3023 1147 3280 1218 .423pr0,
3313 1165 3404 1204 ro-

1814 1239 1972 1299 gntus
2010 1247 2038 1284 a
2070 1231 2328 1288 fratribus
2361 1236 2450 1302 qui
2486 1236 2685 1290 ibidem
2735 1239 3113 1305 morabantur,
3149 1251 3270 1310 post
3308 1242 3404 1294 de-

1816 1323 2020 1375 cimum
2075 1340 2103 1376 a
2151 1324 2450 1380 Salvaluris
2499 1330 2891 1399 Assumptione
2941 1348 3168 1385 annum.
3220 1332 3404 1387 Pluri-

1816 1429 1963 1467 mum
1997 1425 2180 1468 autetn
2213 1433 2338 1469 eum
2371 1416 2625 1473 Matthceo
2658 1419 2955 1486 consentit,
3002 1422 3101 1476 nisi
3140 1425 3284 1492 quod
3324 1427 3404 1478 la-

1819 1511 1927 1562 tius
1970 1508 2059 1561 illc
2121 1522 2316 1563 cuneta
2373 1510 2658 1564 describit.
2733 1513 2945 1582 Ubique
2994 1526 3178 1569 autem
3263 1523 3409 1571 scire

1816 1612 2053 1672 Oportet,
2080 1605 2223 1672 quod
2253 1606 2602 1675 evangelista:
2635 1607 2908 1662 interdum
2939 1611 3162 1678 quidem
3198 1609 3405 1665 Christi

1818 1692 2121 1746 doctrinam
2157 1709 2220 1747 ac
2254 1696 2517 1749 miracula
2579 1697 2773 1751 ordine
2827 1698 3149 1753 describunt
3181 1700 3237 1752 in
3286 1716 3404 1754 mo-

1818 1783 1946 1837 dum
1981 1783 2248 1848 historioe,
2289 1787 2620 1856 quandoque
2677 1804 2809 1843 vero
2840 1791 3086 1843 ordinem
3123 1806 3234 1844 non
3287 1807 3405 1845 scr-

1748 1852 1788 1909 B
1819 1882 1949 1929 vant
1993 1893 2007 1930 :
2055 1875 2107 1930 id
2151 1852 2328 1931 solum
2371 1852 2676 1944 studentes,
2720 1888 2803 1947 ut,
2864 1883 3010 1950 quod
3050 1883 3252 1936 dictum
3311 1891 3408 1936 aut

1817 1966 2023 2021 factum
2073 1977 2178 2034 est,
2231 1972 2583 2024 annuntient.

1887 2059 2042 2114 CAP.
2087 2063 2128 2114 l.
2180 2059 2318 2115 Vers
2369 2066 2420 2116 1.
2467 2062 2691 2116 Initium
2721 2093 2766 2101 —
2825 2063 2982 2118 Vers.
3010 2063 3066 2116 2.
3113 2065 3405 2132 prophetis.

1818 2151 2174 2221 Evangelium
2209 2168 2359 2206 nunc
2384 2151 2602 2207 Marcus
2636 2154 2929 2223 appellavit
2965 2154 3175 2208 Novum
3200 2157 3407 2210 Tl'esta-

1818 2254 2089 2306 mentum,
2131 2259 2332 2298 novam
2382 2243 2585 2298 Christi
2621 2244 3040 2315 legislationem.
3076 2246 3187 2300 Cur
3221 2258 3406 2302 autem

88 1872 489 1939 ἀπαγγέλλειν
521 1876 681 1931 αὐτὰ.

183 2058 389 2126 Ἀρχὴ
420 2058 523 2112 τοῦ
559 2089 628 2100 -
658 2061 786 2127 τοῖς
823 2060 1182 2130 προφήταις.
1244 2060 1586 2130 Εὑαγγέλιον
1619 2059 1715 2114 νῦν

91 2151 119 2199 ὁ
155 2149 432 2220 Μάρκος,
456 2152 555 2221 τὴν
586 2153 796 2222 Καινὴν
845 2153 1152 2223 Διαοήκην,
1183 2154 1284 2223 τὴν
1318 2154 1447 2206 νέαν
1483 2153 1716 2222 νομοθε-

96 2241 236 2294 σίαν
268 2244 370 2295 τοῦ
415 2243 658 2314 Χριστοῦ
708 2246 973 2316 κέκληκε.
1022 2246 1177 2299 Διατί
1229 2246 1287 2298 δὲ
1338 2245 1514 2308 οὕτως
1541 2245 1715 2315 αὐτὴν

93 2332 431 2402 ὠνόμασεν,
460 2335 677 2405 εἴρηται
705 2337 763 2390 ὲν
813 2337 891 2407 τῷ
933 2338 1213 2407 προοιμίῳ
1260 2340 1360 2407 τῆς
1395 2338 1714 2407 ἐξηγήσεως

96 2423 201 2475 τοῦ
242 2426 398 2477 κατὰ
424 2427 706 2480 Μιτθαίον
739 2427 1110 2495 Εὐαγγελίου,
1142 2427 1274 2480 ἔνθα
1301 2431 1432 2498 περὶ
1458 2428 1558 2497 τῆς
1588 2428 1714 2478 ἐπι-

96 2517 340 2586 γραφῆς
358 2517 464 2570 τῶν
485 2520 840 2586 Εὑαγγελίων
865 2519 1306 2590 προδιείληπται.
1323 2519 1463 2588 Φησὶ
1479 2519 1534 2572 δὲ
1560 2522 1585 2572 ὁ
1606 2537 1714 2570 πα-

100 2626 221 2675 ρων
257 2611 677 2681 εὐαγγελιστὴς,
708 2613 790 2664 ὅτι
821 2612 964 2682 ἀρχὴ
999 2612 1099 2681 τῆς
1131 2612 1257 2674 νέας
1279 2611 1356 2681 (4)
1381 2610 1712 2679 νομοθεσίας

101 2701 362 2769 Χριστοῦ
397 2703 539 2755 οὕτω
583 2705 830 2771 γέγονεν,
859 2703 936 2765 ὡς
967 2704 1289 2774 γέγραπται
1330 2704 1387 2755 ὲν
1420 2705 1532 2764 τοῖς
1577 2720 1712 2773 προ-

103 2796 322 2859 φήταις
355 2808 370 2820 ·
403 2793 552 2859 λέγει
580 2794 635 2846 δὲ
677 2794 968 2864 Μαλαχίαν
1021 2796 1116 2846 καὶ
1169 2793 1422 2847 Ἡσαΐαν.
1463 2787 1595 2844 Εἶτα
1627 2791 1712 2844 τί-

103 2881 241 2949 θησι
278 2883 377 2935 καὶ
409 2884 478 2934 τὰ
512 2885 654 2954 ῥητὰ
704 2885 816 2935 τῶν
868 2884 1194 2956 προφητῶν,
1229 2884 1316 2936 ἵνα
1370 2883 1570 2953 μάθῃς,
1629 2883 1713 2935 ὅτι

105 2972 349 3042 τοιαύτη
390 2975 533 3044 ἁρχὴ
563 2976 658 3026 τοῦ
690 2975 1026 3043 Εὐαγγελίου
1067 2963 1323 3043 γέγονεν,
1367 2974 1488 3025 οἵαν
1533 2971 1713 3044 ταῦτά

105 3081 313 3127 φασιν.
357 3065 545 3117 Ταῦτα
578 3065 633 3118 δέ
692 3082 882 3134 φασιν,
944 3066 1122 3133 ἀρχὴν
1170 3063 1339 3116 αὑτοῦ
1373 3061 1710 3130 γενήσεσθαι

105 3155 203 3205 τὸν
252 3157 536 3226 Ἰωάννην,
577 3157 652 3220 ὡς
691 3157 1160 3223 ἀναπτυσσόμενα
1217 3155 1506 3221 δείξουσιν.
1556 3153 1712 3206 Ἐπεὶ

105 3254 222 3318 γὰρ
255 3253 460 3313 πάντες
495 3253 543 3304 oi
574 3253 858 3323 προφῆται
898 3252 993 3304 καὶ
1027 3251 1054 3303 ὁ
1097 3253 1260 3318 νόμος
1299 3251 1404 3310 ἓως
1458 3249 1707 3301 Ἰωάννου

114 3346 572 3412 προεφήτευσαν,
629 3344 771 3397 κατὰ
823 3344 911 3396 τὸν
972 3341 1069 3394 τοῦ
1131 3342 1338 3409 Κυρίου
1388 3340 1569 3407 λόγον,
1602 3340 1710 3392 ἔδει

113 3436 338 3499 τοῦτον,
397 3438 552 3500 τέλος
582 3437 714 3490 ὄντα
749 3437 850 3506 τῆς
904 3436 1176 3499 Παλαιᾶς,
1230 3433 1406 3502 ἀρχὴν
1453 3433 1708 3498 γενέσθαι

113 3527 217 3596 τῆς
254 3529 429 3592 Νέας.
468 3527 631 3581 Ἀλλὰ
659 3529 967 3598 διαιρετέον
1006 3526 1114 3598 ἰδία
1153 3526 1261 3578 τῶν
1287 3524 1380 3577 δύο
1414 3524 1710 3594 προφητῶν

115 3623 184 3674 τὰ
223 3625 397 3692 ῥητά.

198 3712 380 3775 Ἰδοὺ,
413 3711 529 3781 ἐγὼ
550 3740 609 3755 -
640 3711 987 3781 ἔμπροσθέν
1015 3727 1158 3764 σου.
1195 3710 1485 3780 Μαλαχίου
1525 3709 1623 3779 μὲν
1651 3708 1711 3760 τδ

120 3804 309 3875 ῥητόν·
349 3805 572 3874 εἴρηται
600 3804 655 3856 δὲ
695 3805 825 3872 περὶ
853 3803 1050 3855 τούτου
1086 3803 1274 3870 σαφῶς
1309 3804 1368 3855 ὲν
1402 3803 1466 3871 τῇ
1507 3801 1710 3870 ἐξηγή-

118 3912 201 3946 σει
237 3895 337 3948 τοῦ
367 3895 616 3948 εἰκοστοῦ
635 3896 934 3964 κεφαλαίου
951 3893 1044 3946 τοῦ
1069 3894 1211 3947 κατὰ
1235 3894 1511 3947 Ματθαῶν
1536 3894 1712 3958 Εὐαγ-

119 3988 332 4054 γελίου.
376 3988 489 4040 Καὶ
553 3987 813 4057 περιττὸν
861 3987 930 4039 τὰ
979 3986 1126 4040 αὑτὰ
1187 3986 1352 4040 πάλιν
1407 3987 1487 4048 εἰς
1545 3985 1712 4054 μέσον

119 4083 302 4150 ἄγειν.

192 4172 374 4240 Φωνὴ
415 4198 483 4212 —-—
518 4171 760 4240 τρίϐους
808 4169 1018 4225 αὑτοῦ.
1079 4168 1432 4240 [Ἐτοιμάζει
1474 4170 1552 4239 (5)
1612 4169 1713 4239 μὲν

125 4267 221 4335 τὴν
247 4268 372 4320 ὁδὸν
402 4265 628 4334 Κυρίου,
656 4267 684 4317 ὁ
703 4264 802 4332 τὴν
823 4262 1024 4333 ἀρετὴν
1057 4262 1452 4334 ἐργαζόμενον
1483 4262 1585 4314 οὐκ
1618 4263 1711 4314 εὑ-

129 4359 282 4421 Θείας
315 4357 376 4409 δὲ
425 4357 572 4409 ποιεῖ
603 4357 706 4417 τὰς
740 4354 964 4424 τρίϐους
995 4353 1182 4418 αὑτοῦ,
1214 4355 1242 4406 ὁ
1291 4354 1367 4423 μὴ
1415 4353 1552 4422 πρὸς
1587 4353 1707 4404 εὐα-

129 4451 394 4519 ρέστησιν
430 4449 593 4510 Θεοῦ,
627 4448 767 4500 ἀλλὰ
802 4447 873 4500 δι’
904 4446 1468 4516 ἁνθρωπαρέσκειαν,
1507 4447 1541 4516 ἦ
1590 4462 1714 4497 τινα

1817 2336 1891 2389 ita
1922 2336 2312 2402 nominaverit,
2358 2336 2564 2391 dictum
2600 2347 2685 2391 est
2752 2338 2804 2389 in
2857 2336 3132 2392 Prommio
3181 2354 3405 2394 enarra-

1817 2427 1983 2481 tionis
2030 2428 2306 2498 Evangelii
2339 2428 2495 2498 juxta
2541 2428 2879 2492 Matthaaum,
2923 2430 3011 2484 ubi
3052 2431 3119 2484 de
3173 2448 3410 2501 evange-

1816 2516 2013 2568 liorum
2047 2516 2409 2586 inscriptione
2441 2526 2730 2572 tractatum
2759 2529 2865 2572 est.
2894 2520 2986 2573 Ait
3011 2536 3141 2589 ergo
3166 2537 3408 2589 prmsons

1814 2607 2172 2676 evangelista,
2201 2610 2347 2676 quod
2388 2610 2716 2681 principium
2753 2626 2906 2665 nova:
2940 2611 3137 2666 Christi
3193 2614 3409 2683 legisla-

1817 2696 1978 2752 tionis
2011 2699 2084 2752 ita
2117 2699 2240 2760 fuit.
2306 2701 2447 2754 sicut
2495 2701 2546 2753 in
2608 2702 2892 2770 prophetis
2946 2704 3210 2770 scriptum
3266 2714 3399 2758 est:

1812 2789 1944 2842 dicit
1972 2801 2153 2841 autem
2190 2787 2378 2842 Isaiam
2412 2799 2466 2842 et
2495 2788 2834 2866 hlalachiam.
2868 2791 3070 2845 Deinde
3094 2806 3154 2845 ea
3186 2808 3408 2862 quoque

1815 2878 1994 2948 ponit,
2023 2893 2143 2943 qua:
2196 2895 2234 2955 al
2282 2880 2563 2951 prophetis
2614 2880 2758 2934 dicta
2781 2867 2950 2940 'sunt.
2999 2891 3055 2935 ut
3081 2882 3266 2936 videas
3298 2885 3406 2938 tale

1814 2968 1985 3024 fuisse
2025 2970 2307 3041 Evangelii
2354 2971 2711 3041 principium,
2745 2973 2906 3043 quale
2943 2973 3134 3026 dicunt
3169 2976 3408 3042 prophe-

1816 3072 1899 3116 tae.
1931 3064 2104 3117 Aiunt
2155 3075 2337 3118 autem
2371 3065 2425 3118 hi
2491 3064 2759 3119 Joannem
2823 3065 2988 3120 fuisse
3050 3066 3406 3134 principium,

1820 3156 1991 3209 veluti
2042 3156 2186 3210 dicta
2220 3170 2412 3208 eorum
2446 3155 2713 3224 explicata
2744 3155 3222 3210 de‘monstrabunt.
3262 3156 3406 3219 Quia

1817 3248 1964 3301 enim
1998 3263 2175 3300 omnes
2206 3247 2472 3315 propheta:
2507 3255 2555 3300 et
2587 3245 2676 3299 lex
2703 3263 2865 3316 usque
2898 3233 2968 3300 ad
2993 3245 3253 3300 Joannem
3277 3262 3406 3314 pro-

1800 3339 2176 3407 iphelaverunt,
2243 3340 2397 3408 juxta
2454 3339 2668 3393 Domini
2735 3340 2960 3393 verbum
3019 3340 3061 3404 °,
3120 3341 3408 3407 oportebat

1815 3431 1980 3496 hunc,
2019 3431 2110 3499 qui
2144 3431 2269 3484 ﬁnis
2295 3440 2412 3485 erat
2440 3430 2652 3484 Veteris
2687 3431 3046 3493 Testamenti,
3089 3430 3226 3484 Novi
3255 3446 3407 3498 quo-

1813 3534 1918 3589 que
1948 3535 2068 3574 esse
2093 3518 2442 3589 principium.
2477 3519 2674 3574 Verum
2703 3518 3083 3589 distinguenda
3116 3530 3242 3572 sunt
3275 3534 3405 3588 pro-

1813 3614 1933 3682 pria
1956 3611 2192 3666 duorum
2234 3612 2629 3682 prophetarum
2665 3613 2903 3666 oracula.

1892 3702 2042 3758 νει-ε.
2084 3703 2136 3755 2.
2175 3704 2312 3758 Ecce
2365 3719 2456 3772 ego
2489 3732 2556 3741 —
2587 3719 2767 3756 coram
2823 3714 2894 3757 te.
2967 3703 3244 3759 Malscbiae
3310 3723 3406 3760 va-

1816 3797 2065 3849 licinium
2123 3807 2225 3849 est.
2286 3794 2363 3848 De
2437 3794 2541 3848 hoc
2598 3803 2778 3848 autem
2848 3796 3135 3850 manifeste
3194 3797 3411 3850 dictum

1813 3897 1898 3941 est
1948 3887 2206 3940 vicvsimo
2261 3887 2439 3954 capite
2511 3884 2784 3955 Evangelii
2839 3887 2994 3955 juxta
3063 3887 3406 3952 Matthacum,

1817 3980 1960 4032 unde
2001 3975 2338 4047 superﬂuum
2381 3986 2526 4030 esset
2553 3977 2744 4030 eadem
2784 3992 3001 4031 rursum
3059 3979 3112 4031 in
3162 3979 3406 4032 medium

1813 4071 2105 4125 adducere.

1889 4163 2045 4217 Vers.
2088 4163 2142 4216 3.
2197 4159 2311 4214 Vox
2344 4190 2414 4200 —
2440 4161 2658 4214 semitas
2709 4160 2846 4228 ejus.
2895 4157 2934 4228 ἰ’
2975 4159 3248 4229 Praeparat
3279 4163 3404 4230 qui-

1816 4256 1939 4310 dem
1974 4253 2206 4309 Domino
2236 4253 2401 4318 viam,
2433 4253 2524 4321 qui
2563 4253 2820 4306 virtutem
2876 4261 3155 4320 Operatur.
3207 4251 3242 4304 γ
3287 4269 3407 4306 rum

1818 4364 1928 4403 non
1961 4357 2139 4402 rectas
2169 4346 2299 4400 facit
2334 4347 2560 4400 semitas
2587 4346 2727 4414 ejus,
2769 4345 2859 4412 qui
2898 4359 3006 4397 non
3042 4345 3108 4398 ad
3165 4345 3258 4398 Dei
3317 4347 3410 4398 he-

1818 4438 2176 4508 neplacitum,
2237 4438 2331 4492 sed
2367 4436 2434 4490 ad
2474 4437 2716 4491 studium
2773 4436 3092 4489 hominibus
3131 4435 3405 4502 placendi.

133 4545 360 4607 σκοπὺν,
403 4541 504 4594 οὑκ
553 4541 784 4610 ἀγαθὸν,
832 4539 1042 4608 ταύτην
1097 4536 1492 4608 ἐργαςόμενος.
1545 4533 1711 4601 Οὗτος

1821 4541 1914 4587 aut
1942 4533 2183 4600 aliquem
2212 4530 2379 4584 alium
2415 4529 2576 4584 ﬁnem
2613 4544 2722 4582 nun
2780 4529 3006 4593 bonum,
3042 4527 3182 4581 hanc
3215 4543 3410 4595 opera-

127 4637 216 4688 τὸν
273 4635 378 4705 μὲν
435 4634 597 4686 πόνον
650 4634 749 4702 τῆς
804 4631 1130 4699 ἐτοιμασίας
1171 4629 1489 4696 ὑφίσταται,
1523 4629 1613 4681 τὸν
1658 4628 1711 4681 δὲ

1820 4637 1930 4678 tur.
1977 4625 2075 4678 llic
2117 4623 2264 4677 enim
2300 4623 2538 4675 laborem
2575 4621 2792 4688 quidem
2846 4619 3257 4689 praaparationis
3290 4635 3414 4672 sus-

130 4729 258 4782 Θεὸν
281 4731 389 4782 οὐκ
414 4728 525 4798 ἔχει
549 4729 664 4790 ταῖς
691 4724 978 4786 τοιαύταις
1009 4722 1220 4792 τρίϐοις
1270 4720 1716 4791 ὲμπεριπατοῦν-

129 4819 242 4893 τα.]

198 4914 377 4967 Τοῦτο
404 4911 500 4964 τοῦ
534 4909 760 4964 Ἦσαῖου
793 4908 968 4962 ἐστίν’
998 4907 1346 4993 ἡρμήνευται
1372 4903 1430 4956 δὲ
1467 4903 1562 4956 καὶ
1590 4902 1718 4956 τοῦ·

133 5025 190 5061 το
220 5008 386 5061 πάλιν
426 5009 483 5057 ὲν
505 5006 576 5074 τῇ
611 5004 874 5072 ἐξηγήσει
907 5000 1004 5054 τοῦ
1035 5000 1223 5070 τρίτου
1254 4995 1555 5066 κεφαλαίου
1587 4994 1680 5048 τοῦ

136 5100 270 5151 κατὰ
291 5097 578 5151 Ματθαῖον
610 5093 973 5161 Εὑαγγελίου,
1007 5092 1102 5143 καὶ
1128 5091 1280 5159 ζήτει
1318 5089 1455 5141 ἐκεῖ.
1482 5089 1564 5140 Τὰ
1609 5086 1709 5156 μὲν

136 5187 222 5244 οὖν
253 5189 578 5262 προφητικὰ
607 5188 779 5241 ταῦτα
813 5187 956 5259 ῥητὰ
991 5184 1301 5254 συμφώνως
1352 5181 1716 5250 κεκράγασιν,

137 5286 255 5338 ὅτιὸ
298 5283 559 5350 Ἰωάννης
606 5279 928 5350 προοδεύσει
962 5277 1058 5330 τοῦ
1087 5274 1352 5346 Χριστοῦ,
1395 5276 1488 5327 καὶ
1521 5272 1712 5340 εὑτρε-

135 5471 197 5526 ⁸1
230 5471 378 5524 Pctr.
408 5485 460 5529 v,
499 5467 582 5520 15.
699 5468 716 5495 ⁸
751 5463 943 5516 Matth.
982 5477 1058 5523 ιι,
1110 5459 1196 5512 15.

1822 4720 1977 4780 tinet,
2013 4717 2179 4770 Deum
2211 4725 2392 4768 autem
2445 4729 2556 4767 non
2610 4713 2775 4766 habet
2822 4711 3133 4782 hujusmodi
3185 4712 3413 4765 semitas

1820 4804 2316 4874 perambulantem.

1896 4896 2049 4951 Isaiae
2087 4893 2459 4948 testimonium
2509 4903 2610 4957 est,
2649 4893 2791 4962 quod
2836 4893 2999 4946 etiam
3056 4894 3408 4962 explanatum

1819 5001 1901 5046 est
1936 4991 1990 5044 in
2040 4988 2392 5043 enarratione
2449 4986 2598 5042 tertii
2661 4986 2858 5054 capitis
2922 4984 3196 5056 Evangelii
3250 4986 3408 5056 juxta

1816 5083 2151 5146 Matthaaum,
2184 5079 2257 5134 ibi
2288 5094 2416 5150 ergo
2443 5078 2691 5148 quaerito.
2729 5077 2852 5133 Harc
2877 5079 3057 5148 itaque
3085 5079 3408 5147 prophetica

1818 5177 1957 5231 dicta
1987 5174 2330 5228 concorditer
2368 5173 2622 5232 clamant.
2655 5172 2800 5241 quod
2825 5171 3064 5226 Joannes
3106 5186 3405 5240 praecessit-

1823 5282 1920 5320 rus
1987 5274 2106 5319 erat
2184 5263 2489 5330 Christum,
2576 5262 2830 5332 viamque
2891 5262 2942 5317 ei
2999 5272 3407 5333 praeparaturus

1359 5527 1556 5586 Varia:
1590 5525 1895 5586 lectiones
1943 5531 2002 5583 et
2035 5527 2222 5583 noue.

211 5715 284 5783 (Ξ)
322 5712 396 5765 Ut
425 5725 492 5763 ex
519 5705 815 5783 §0phronii
855 5704 907 5758 in
947 5701 1180 5756 Marcum
1214 5694 1540 5752 Prazfatione
1601 5692 1715 5747 col-

143 5778 259 5858 tigri,
298 5783 394 5858 lib.
431 5797 482 5834 vr
514 5778 781 5858 ﬂgpotyp.

207 5859 278 5929 κδ)
323 5856 483 5910 Tom.
514 5852 623 5914 vn,
669 5863 720 5916 ι).
753 5850 808 5901 9.

1901 5692 1975 5761 (ι)
2043 5690 2210 5754 Νέας.
2237 5691 2412 5744 abest.
2447 5690 2512 5746 Α.

1903 5755 1976 5833 (5)
2009 5763 2134 5817 llaec
2165 5771 2394 5829 uterque
2421 5763 2474 5813 in
2511 5760 2755 5832 margine
2795 5755 3033 5812 exhibet.
