4054 6388
168 410 272 476 7st

1155 406 1542 468 COMMENT.
1588 404 1671 463 ΙΝ
1711 400 2062 463 MARCUM.
2127 424 2170 432 -
2205 399 2371 460 CAP.
2411 400 2459 457 I.

3346 399 3447 460 7:32

169 523 305 594 περὶ
346 521 536 575 τούτου
573 521 629 572 ὲν
665 519 736 590 τῷ
782 518 958 588 ἐνάτῳ
988 519 1270 587 κεφαλαίῳ
1303 517 1398 569 τοῦ
1441 515 1580 568 κατὰ
1613 515 1766 567 Ματ-

1895 528 2057 564 tuam.
2083 511 2296 565 Dictum
2332 519 2414 564 est
2450 509 2598 564 etde
2638 509 2721 562 his
2751 509 2930 580 capite
2959 523 3107 562 nono
3134 507 3285 578 juxta
3311 511 3451 564 Mat-

169 617 347 668 Θαῐον.

240 705 353 758 Καὶ
377 704 752 770 ἐθεράπευσε
781 732 844 742 -—-
879 701 1151 764 ἐξέϐαλε.
1197 702 1252 752 Ὀ
1292 702 1390 769 μὲν
1436 698 1663 767 Μάρκος
1687 691 1767 748 εἷο

1872 604 2094 656 lhmttm.

1941 694 2096 749 Vers.
2123 694 2513 748 36.Etcuravit
2530 725 2594 734 -—
2616 695 2789 762 ejecit.
2819 693 3034 749 Marcus
3052 695 3274 764 quidem
3299 696 3460 759 dixit,

169 814 294 860 πεν,
327 799 411 849 ὅτι
459 796 798 865 ἐθεράπευσε
851 793 1110 855 πολλοὺς·
1149 793 1177 843 6
1225 792 1280 844 δὲ
1333 791 1643 852 Ματθαῖος,
1683 789 1766 840 ὅτι

1895 786 2011 853 ιυοᾱ
2043 785 2245 841 multos
2264 788 2560 840 curaverit.
2588 786 2872 840 Matthmus
2887 803 3016 840 vero
3034 787 3177 856 quod
3197 786 3461 842 omnes".

167 893 405 948 πάντας.
447 887 680 955 Ὁμοίως
707 886 762 939 δὲ
821 884 918 938 καὶ
962 885 1094 954 περὶ
1127 882 1236 935 τῶν
1264 882 1584 950 δαιμονίων,
1617 882 1645 932 6
1671 879 1768 948 μὲν

167 980 426 1052 Μάρκος,
461 980 545 1032 δτι
589 979 846 1046 δαιμόνια
895 975 1069 1028 πολλὰ
1112 974 1403 1038 ὲξέῦαλεν’
1455 974 1483 1024 6
1532 971 1587 1023 δὲ
1620 972 1771 1023 Ματ-

171 1074 345 1139 θαίος,
377 1074 458 1127 ὅτι
495 1073 714 1138 ἐξέόαλε
743 1072 810 1124 τὰ
847 1070 1139 1141 πνεύματα
1164 1111 1179 1135 ,
1216 1069 1486 1138 δηλονότι,
1524 1067 1723 1118 πάντα.

242 1167 307 1219 Τί
336 1166 430 1219 οὖν
461 1168 682 1236 φαμέν;
717 1165 790 1218 Τὸ
834 1165 1111 1230 πολλοὺς
1141 1163 1375 1216 ἐνταῦθα
1408 1163 1502 1214 καὶ
1530 1162 1591 1213 τὸ
1624 1162 1772 1213 Πελ-

172 1259 255 1310 λὰ
306 1258 647 1328 προσέθηκεν
699 1260 727 1311 6
757 1257 1174 1326 εὐαγγελιστὴς,
1218 1255 1316 1322 οὐχ
1363 1255 1445 1306 ὅτι
1500 1252 1770 1320 παρέλιπέ

174 1368 327 1412 τινας
362 1349 795 1420 ἀθεραπεύτους,
832 1349 859 1400 6
895 1348 1099 1414 Κύριος
1131 1347 1239 1400 οὐδ’
1261 1349 1342 1398 ὅτι
1366 1346 1620 1415 δαιμόνιά
1653 1361 1771 1395 τινα

173 1443 416 1512 ἀφῆκεν,
451 1441 590 1506 ἀλλ’,
623 1443 710 1493 ἵνα
734 1441 886 1511 δείξῃ
915 1440 1076 1510 μόνον
1100 1441 1127 1492 6
1159 1439 1410 1508 Μάρκος,
1446 1439 1529 1490 ὅτι
1564 1436 1773 1504 πλῆθος

170 1513 316 1605 ἦσαν
339 1536 386 1587 οἱ
417 1533 870 1602 θεραπευθέντες,
906 1532 1001 1585 καὶ
1043 1533 1125 1585 ὅτι
1176 1529 1349 1583 πολλὰ
1374 1525 1443 1600 ἦν
1475 1529 1542 1581 τὰ
1575 1527 1774 1593 axem-

173 1631 338 1682 θέντα
369 1628 647 1696 δαιμόνια.
691 1627 896 1680 Σκόπει
929 1625 1009 1692 δὲ,
1045 1624 1162 1686 πῶς
1188 1626 1246 1676 τὸ
1264 1622 1528 1692 δαιμονᾷν
1555 1620 1615 1673 οὺ
1648 1637 1773 1670 σνν-

173 1723 512 1783 τάττειταῖς
551 1719 742 1782 ἄλλαις
791 1719 969 1782 νόσοις
1024 1718 1140 1774 ἀλλ’
1176 1716 1320 1779 ἰδίως
1373 1715 1505 1768 aii-.6
1535 1713 1771 1781 τίθησιν,

172 1817 248 1877 ὡς
281 1814 697 1886 χαλεπώτατον.

251 1989 361 2044 Kal
400 1992 512 2042 οὐκ
553 2020 622 2029 --
663 1991 873 2043 αὐτόν.
923 1988 1198 2042 Ἐκώλυεν
1232 1987 1344 2057 (20)
1380 1986 1523 2040 αὐτὰ
1563 1987 1768 2048 λαλεῖν,

175 2081 305 2150 περὶ
351 2079 548 2133 ἑαυτοῦ
587 2077 862 2149 κράζοντα
887 2117 901 2138 .
945 2079 1090 2132 καθὰ
1116 2077 1228 2147 (ἳί)
1263 2078 1552 2146 ἱστόρησεν
1583 2079 1610 2128 6
1639 2077 1776 2126 Λου-

177 2175 303 2236 κᾶς,
336 2173 432 2226 καὶ
459 2171 714 2239 λέγοντα,
743 2170 824 2222 ὅτι
857 2169 938 2222 Σὺ
971 2165 1027 2222 εἷ
1056 2170 1087 2222 ό
1117 2169 1393 2236 Χριστὸς,
1442 2172 1473 2220 ό
1507 2166 1644 2231 Υἱὸς
1671 2164 1776 2218 τοῦ

182 2267 353 2320 Θεοῦ.
393 2266 646 2318 Ἐλάλουν
669 2265 722 2317 δὲ
750 2263 882 2334 περὶ
909 2261 1075 2314 αὑτοῦ
1111 2262 1245 2331 (22),
1275 2262 1355 2314 ὅτι
1382 2261 1583 2331 ᾔδεσαν
1613 2259 1778 2310 αὺτὶν

180 2361 310 2412 ὅντα
359 2358 450 2412 τὸν
508 2357 770 2425 Χριστὸν,
833 2355 909 2420 ὡς
960 2355 988 2405 6
1049 2355 1272 2416 Λουκᾶς
1324 2353 1487 2406 πάλιν
1531 2352 1774 2421 εἴρηκεν.

189 2453 524 2519 Ἐγίνωσκον
573 2450 627 2502 δὲ
687 2451 868 2514 αὐτὸν,
934 2449 1359 2520 προσδαλούσης
1413 2445 1599 2508 αὐτοῖς
1645 2460 1775 2510 σιρο-

178 2541 323 2614 δρῶς
354 2541 454 2610 τῆς
488 2543 707 2602 ἀκτῖνος
740 2544 837 2610 τῆς
885 2539 1172 2610 θεότητος,
1234 2538 1406 2608 πυρὸς
1453 2536 1645 2604 δίκην*
1677 2534 1778 2586 οὐκ

178 2637 266 2688 εῐα
295 2636 352 2688 δὲ
386 2636 526 2687 αὑτά
562 2635 766 2697 λαλεῖν,
803 2635 893 2688 διὰ
945 2635 1043 2702 τὴν
1081 2634 1283 2696 αἰτίαν,
1329 2633 1395 2703 ἦν
1429 2631 1781 2684 ἀποδεδώκα-

182 2745 282 2798 μεν
318 2728 602 2797 ἀνωτέρω,
639 2726 768 2778 ἕνθα
804 2725 1052 2795 ἐφίμωσε
1081 2725 1142 2777 τδ
1187 2724 1510 2793 ἀκάθαρτον
1556 2722 1778 2790 πνεῦμα

178 2821 271 2873 τοῦ
303 2823 360 2872 ὲν
393 2823 456 2889 τῇ
488 2822 780 2889 συναγωγῇ
813 2818 967 2880 ὄντος
997 2815 1310 2888 ἀνθρώπου.

251 2913 364 2966 Καὶ
395 2911 548 2981 πρωϊ
576 2912 843 2979 ἔννυχον
888 2941 953 2952 -
999 2911 1406 2978 προσηύχετο.
1446 2911 1778 2976 Ἕννυχον,

182 3007 310 3059 ἀντὶ
361 3005 478 3068 τοῦ,
529 3003 744 3065 Νυκτὸς
794 3002 874 3055 ἔτι
926 3002 1116 3072 οὖσης.
1167 3001 1240 3055 Τὸ
1288 3003 1398 3072 γὰρ
1442 3000 1563 3054 λίαν
1610 3000 1776 3070 πρωῒ,

181 3100 406 3168 ἔννυχόν
451 3100 621 3161 ἐστιν,
651 3098 851 3161 εῐτουν,
903 3095 1180 3148 ἐνσκοτον.
1236 3094 1395 3148 Οὖτω
1445 3096 1554 3164 γὰρ
1610 3094 1702 3146 καὶ
1752 3095 1780 3143 6

1872 875 2134 932 Similiter
2157 887 2339 932 autem
2360 887 2414 932 et
2445 878 2513 932 de
2537 877 2822 932 daemoniis
2869 879 3008 932 dixit
3047 878 3282 944 Marcus,
3315 879 3463 948 quod

1870 968 2138 1022 dmmonia
2174 970 2346 1022 multa
2368 970 2573 1039 ejecit;
2610 967 2898 1024 Matthmus
2922 985 3054 1025 vero
3073 971 3217 1040 quod
3241 971 3466 1040 spiritus

1871 1059 2031 1128 ejecit
2057 1060 2123 1124 ’⁸,
2148 1070 2280 1130 puta
2313 1075 2527 1115 omnes.

1942 1153 2087 1219 Quid
2135 1169 2265 1223 ergo
2321 1153 2606 1207 dicimus?
2673 1151 2829 1218 Quod
2902 1152 3212 1214 Mullosct
3268 1153 3463 1214 Multa,

1873 1245 2079 1299 addidit
2110 1243 2202 1297 hic
2234 1243 2602 1314 Evangelista,
2637 1259 2746 1296 non
2780 1243 2924 1312 quod
2983 1243 3194 1312 aliquos
3244 1254 3467 1311 prmter—

1875 1336 2093 1391 miserit
2121 1336 2410 1399 Dominus,
2438 1335 2568 1404 quin
2599 1335 2896 1399 curaverit,
2942 1342 3036 1388 aut
3071 1336 3336 1389 daemonia
3367 1335 3468 1388 ali-

1874 1446 1978 1499 qua
2010 1428 2316 1498 reliquerit,
2378 1428 2474 1482 sed
2537 1437 2772 1493 tantum,
2824 1435 2885 1480 ut
2943 1427 3196 1481 ostendat
3229 1426 3466 1490 Marcus,

1874 1522 2018 1592 quod
2054 1521 2213 1575 multi
2243 1519 2465 1574 fuerunt
2490 1521 2582 1590 qui
2617 1520 2794 1574 sanati
2827 1531 2976 1584 sunt,
3001 1520 3278 1586 multaque
3353 1519 3467 1587 eje—

1876 1625 1961 1668 cta
1996 1614 2291 1668 daemonia.
2325 1611 2632 1668 Considera
2694 1620 2879 1666 autem
2931 1611 3209 1678 quomodo
3263 1610 3472 1664 daemo-

1878 1706 2095 1758 niacutn
2128 1719 2273 1769 esse,
2326 1718 2437 1757 non
2498 1704 2798 1772 conjungat
2859 1702 2980 1754 aliis
3032 1701 3468 1759 infirmitatibus.

1880 1798 1973 1850 sed
2005 1799 2108 1851 hoc
2130 1813 2227 1866 per
2252 1810 2312 1851 se
2339 1806 2505 1865 ponat
2552 1803 2813 1864 tanquam
2851 1795 2902 1848 id
2925 1795 3070 1863 quod
3099 1795 3471 1848 miserrimum

1879 1900 1985 1944 cst.

1953 1983 2112 2037 \‘ers.
2146 1982 2237 2037 54.
2273 1982 2343 2040 Et
2366 1983 2762 2055 non—ipsam.
2791 1978 3124 2033 Prohibebat
3155 1979 3269 2052 ipsa
3296 1979 3362 2032 de
3413 1993 3473 2033 se

1884 2075 2070 2145 loqui,
2105 2075 2399 2134 clamantia
2446 2079 2588 2133 sicut
2647 2080 2784 2134 dixit
2822 2072 3016 2148 Lucas,
3076 2079 3132 2126 et
3183 2069 3427 2134 dicentia
3455 2088 3477 2113 ‘

1887 2167 1964 2221 Tu
1996 2184 2049 2223 es
2074 2169 2312 2226 Christus
2354 2170 2524 2225 Filius
2562 2172 2660 2226 Dei
2687 2175 2752 2225 ".
2784 2173 3171 2243 anuebantur
3222 2190 3353 2230 vero
3411 2175 3479 2230 de

1883 2275 1951 2313 eo
1989 2262 2244 2331 quoniam
2271 2264 2736 2333 noverantipsum
2792 2279 2917 2320 esse
2965 2264 3268 2332 Christum,
3333 2267 3479 2322 sicut

1885 2368 2106 2407 rursum
2147 2353 2506 2408 dixitLucas.
2545 2353 2970 2422 Cognoscebant
2996 2371 3180 2412 autem
3233 2374 3334 2428 per
3391 2374 3481 2412 ra-

1885 2447 2036 2499 dium
2063 2447 2390 2509 divinitatis,
2417 2448 2508 2516 qui
2547 2447 2600 2501 in
2646 2464 2740 2503 eos
2773 2449 2839 2503 ad
2870 2455 3092 2505 modum
3123 2452 3262 2521 ignis
3307 2451 3482 2521 jacie-

1884 2539 2066 2593 batur.
2114 2537 2236 2592 Non
2289 2539 2510 2594 sinebat
2565 2540 2732 2595 etiam
2788 2543 3014 2612 ealoqui
3063 2555 3289 2614 propter
3345 2560 3478 2599 cau-

1891 2647 2009 2686 sam
2045 2648 2211 2701 quam
2261 2633 2519 2702 superius
2567 2633 2928 2697 reddidimus,
2989 2636 3080 2690 ubi
3100 2637 3483 2691 obmutescere

1884 2724 2014 2779 fecit
2051 2725 2306 2794 spiritqu
2340 2725 2685 2779 immundum
2709 2725 2954 2781 hominis
2982 2731 3034 2781 in
3071 2729 3350 2799 Synagoga
3383 2744 3480 2783 vc-

1885 2818 2015 2871 xati.

1960 2911 2118 2964 Vers.
2155 2909 2245 2964 55.
2271 2910 2340 2962 Et
2371 2926 2580 2963 suntmo
2629 2927 2786 2963 mane
2817 2939 2885 2949 —-
2925 2913 3134 2965 orabat.
3186 2914 3244 2967 In
3290 2930 3486 2984 crepu-

1885 3002 2061 3065 sculo,
2094 3001 2199 3057 hoc
2227 3011 2330 3067 est,
2357 3017 2481 3055 cum
2507 3001 2688 3056 adhuc
2720 3017 2826 3055 nox
2850 3013 2993 3058 esset
3018 3022 3031 3063 ;
3059 3021 3333 3060 summum
3369 3025 3486 3062 ma-

1888 3112 1956 3148 ne
1989 3095 2135 3148 enim
2171 3096 2560 3163 crepusculum
2588 3107 2673 3150 est
2705 3098 2821 3150 sive
2853 3096 3180 3151 diluculum.
3222 3099 3312 3153 hic
3336 3101 3484 3155 enim

194 3194 456 3263 Ἰωάννης
488 3194 711 3262 εἴρηκεν
746 3194 803 3243 ὲν
841 3189 1056 3254 ἄλλοις,
1105 3191 1188 3242 ὅτι
1228 3190 1424 3257 Μαρία
1465 3189 1502 3255 ὴ
1537 3185 1774 3256 Μαγδα-

1895 3188 2019 3242 alibi
2052 3202 2275 3257 quoque
2313 3186 2451 3241 dixit
2485 3185 2747 3249 Joannes.
2775 3190 2921 3257 quod
2954 3188 3135 3242 Maria
3172 3191 3487 3260 Magdaleue

179 3287 346 3354 ληνὶι
387 3286 623 3354 ἔρχεται
670 3283 840 3352 πρωῒ,
879 3284 1134 3347 σκοτίας
1178 3283 1264 3336 ἔτι
1311 3282 1527 3348 οὔσης,
1576 3283 1662 3346 είς
1713 3281 1781 3333 τό

176 3375 480 3447 μνημεῖον
518 3389 533 3405 ⁸
562 3374 698 3428 ἀλλά
757 3375 870 3443 (25)
919 3375 1015 3426 καὶ
1057 3376 1283 3445 Μάρκος
1315 3373 1436 3442 μὲν,
1479 3375 1783 3442 Ἕννυχον

183 3470 310 3522 εἰπε
333 3485 346 3498 ·
382 3469 598 3532 Λουκᾶς
641 3467 720 3527 δὲ,
758 3466 1103 3537 γενομένης
1140 3465 1392 3534 ἡμέρας.
1429 3465 1546 3518 Οὐκ
1579 3465 1780 3518 ἔστιδὲ

182 3561 604 3629 ἑναντιοφωνία.
665 3561 738 3612 Τὸ
794 3561 904 3629 γὰρ
982 3559 1104 3612 λίαν
1169 3558 1351 3628 πρωῒ,
1413 3557 1670 3611 ἐνσκοτόν
1722 3577 1781 3611 τε

184 3656 325 3717 ἐστὶ,
357 3654 453 3707 καὶ
484 3653 747 3723 ἀρχὴτῆς
773 3654 1015 3721 ἡμέρας.

266 3747 512 3816 ’Λπῆλθε
538 3747 596 3798 δὲ
645 3747 726 3808 εἰς
759 3745 1019 3816 ἐρημίαν,
1048 3742 1323 3796 διδάσκων
1368 3744 1543 3813 ἡμᾶς,
1587 3742 1684 3796 ὲάν
1729 3743 1782 3794 τί

183 3853 320 3892 ποτε
375 3839 695 3906 ποιήσωμεν
756 3835 1222 3906 ἀξιοθαύμαστον,
1278 3835 1504 3903 φεύγειν
1545 3834 1637 3888 τὸν
1674 3833 1785 3888 ἀπὸ

180 3930 294 3982 τῶν
336 3929 640 3999 ἀνθρώπων
683 3929 925 3991 ῐπαινον,
978 3931 1075 3980 καὶ
1124 3929 1267 3980 κατὰ
1316 3927 1514 3996 μόνους
1559 3929 1779 3998 γινομέ-

183 4041 310 4085 νους
351 4023 706 4092 εὐχαριστεῖν
750 4038 808 4074 τε
841 4020 917 4092 τῷ
950 4021 1092 4090 Θεῷ,
1125 4021 1206 4090 τῷ
1238 4021 1381 4072 δόντι
1431 4019 1592 4092 χάριν
1625 4014 1780 4091 ἡμῖν,

185 4117 284 4170 καὶ
343 4115 751 4186 προσεύχεσθαι
816 4113 1393 4183 ἐνδυναμωθῆναιὲτι.
1469 4113 1784 4182 Ἐπιτηδεία

181 4211 239 4263 δὲ
267 4211 346 4271 εἰς
377 4207 693 4278 προσευχὴν
723 4209 756 4274 ἡ
790 4207 1019 4278 ἐρημία,
1057 4206 1146 4260 διὰ
1179 4206 1240 4258 τὸ
1266 4207 1704 4277 ἀπερίσπαστον.

258 4303 364 4355 Καὶ
399 4300 772 4364 κατεδίωξαν
806 4326 874 4339 -
912 4297 1178 4367 ζητοῦσι.
1207 4301 1438 4371 Μάρκος
1484 4300 1584 4370 μὲν
1606 4300 1777 4367 λέγει,

182 4397 266 4446 ὅτι
306 4394 365 4446 ’0
397 4394 594 4463 Σᾲιων
644 4395 743 4447 καὶ
793 4395 848 4446 οι
880 4392 1013 4462 μετ’
1055 4391 1248 4447 αὑτοῦ
1288 4394 1553 4463 μαθηταὶ
1602 4409 1784 4447 κατα-

181 4487 515 4554 διώξαντες
545 4483 729 4557 εὖρον
760 4490 952 4543 αὐτόν
977 4505 990 4518 ⁸
1019 4491 1047 4542 ό
1077 4489 1136 4541 δὲ
1168 4491 1385 4554 Λουκᾶς
1413 4490 1498 4543 ὅτι
1525 4491 1575 4543 οἱ
1606 4491 1776 4560 δχλοι.

190 4584 355 4644 Εἰκὸς
380 4583 457 4643 δὲ,
502 4583 599 4636 καὶ
659 4583 832 4653 ἄμφω
878 4581 1057 4636 ταῦτα
1096 4583 1379 4652 γενέσθαι,
1416 4587 1511 4638 καὶ
1561 4584 1781 4654 πρῶτον

188 4673 314 4744 μὲν,
339 4675 465 4735 τοὺς
497 4674 749 4744 μαθητὰς
778 4673 937 4729 τοῦτο
967 4674 1200 4745 ποιῆσαι
1221 4694 1234 4708 ο
1264 4671 1384 4730 εἶτα
1413 4679 1539 4740 τοὺς
1565 4676 1779 4747 ὄχλους.

186 4767 300 4820 Καὶ
331 4769 445 4837 γὰρ
484 4767 852 4837 προλαϐόντες
897 4770 949 4822 ot
986 4770 1251 4838 μαθηταὶ,
1297 4764 1386 4822 οἷα
1443 4769 1782 4842 θερμότερον

186 4860 354 4913 αὑτὸν
389 4861 738 4928 ἀγαπῶντες,
790 4859 943 4916 εἷπον
989 4864 1119 4937 περὶ
1145 4866 1252 4918 τῶν
1276 4865 1472 4936 ὄχλων,
1506 4866 1589 4918 ὅτι
1621 4866 1780 4919 Πάν-

187 4970 287 5019 τες
322 4969 397 5007 σε
428 4953 735 5021 ζητοῦσιν.
777 4958 917 5027 Ὀρα
947 4956 1004 5009 δὲ
1034 4958 1182 5022 ὅπως
1211 4960 1244 5028 ἡ
1287 4958 1640 5030 ἀναχώρησις
1683 4976 1781 5012 πο-

189 5047 502 5119 θεινότερον
530 5050 694 5103 αὐτὸν
727 5050 979 5106 ἐποίησε.

260 5227 367 5281 Καὶ
395 5227 580 5295 λέγει.
623 5259 692 5268 —
737 5228 1104 5297 ἐξελήλυθα.
1160 5230 1327 5295 Πόλις
1384 5231 1487 5302 μέν
1540 5235 1711 5301 ἐστιν,
1747 5237 1780 5303 ἡ

185 5319 594 5391 τετειχισμένη·
633 5317 798 5392 κώμη
829 5322 909 5388 δὲ,
935 5322 968 5392 ἡ
993 5322 1328 5393 ἀτείχιστος·
1356 5324 1675 5394 κωμόπο).ις
1701 5325 1780 5388 δὲ,

261 5490 305 5520 ’⁷
342 5487 538 5544 Matth.
582 5505 694 5555 un,
724 5489 808 5543 l6.
889 5489 933 5521 "
977 5488 1120 5547 Ibid.
1239 5493 1284 5523 "
1331 5492 1462 5549 Luc.
1497 5510 1576 5558 tv,
1617 5495 1707 5548 Η.

1821 5495 1866 5525 ⁸⁸
1897 5492 2058 5548 Joan.
2087 5507 2178 5554 xx,
2222 5490 2271 5544 1.

1890 3284 2026 3335 ι’ρηὶε
2063 3298 2271 3335 summa
2295 3297 2451 3334 mane
2477 3297 2593 3334 cum
2617 3281 2792 3333 adhuc
2817 3281 3040 3335 tenebrte
3066 3295 3231 3337 essent
3260 3285 3327 3340 '°.
3382 3286 3488 3340 Ve-

1890 3391 2009 3429 rum
2036 3374 2250 3428 Marcus
2276 3373 2498 3442 quidem
2531 3373 2636 3427 hoc
2659 3374 2778 3426 loco
2805 3372 2962 3437 dixit,
3016 3375 3072 3428 In
3117 3377 3442 3446 crepusculo
3471 3395 3485 3443 ;

1890 3467 2066 3522 Lucas
2106 3482 2280 3521 vero:
2322 3465 2488 3519 Facto
2519 3468 2604 3520 die
2632 3467 2697 3520 ³¹.
2733 3466 2950 3522 Noncst
2974 3478 3157 3523 autem
3213 3473 3491 3526 contradi-

1888 3562 2039 3626 ctio;
2079 3576 2206 3613 nam
2244 3559 2402 3614 valde
2434 3575 2596 3613 mane
2628 3566 2682 3613 ct
2715 3560 3103 3628 crepusculum
3163 3573 3267 3628 est,
3309 3565 3488 3619 ctdici

1889 3651 2240 3720 principium.

1957 3743 2103 3796 Abiit
2130 3751 2314 3797 autem
2347 3743 2398 3796 in
2436 3741 2716 3798 desertum
2740 3745 2944 3810 locum,
2979 3754 3038 3799 ut
3074 3761 3178 3800 nos
3237 3746 3488 3810 doceret.

1887 3837 2031 3907 quod
2061 3837 2103 3891 si
2127 3836 2349 3906 quando
2383 3837 2750 3891 admiratione
2783 3838 2949 3908 digna
2995 3839 3313 3903 fecerimus,
3371 3840 3491 3893 lau-

1889 3931 2012 3985 dem
2048 3929 2116 3983 ab
2144 3928 2460 3984 hominibus
2490 3928 2798 3999 fugiamus:
2836 3939 2890 3984 et
2923 3931 2991 3984 ab
3018 3931 3137 3985 aliis
3195 3934 3488 4004 segregati,

1891 4021 2002 4076 Deo
2032 4022 2123 4091 qui
2150 4022 2308 4076 nobis
2337 4021 2673 4076 beneﬁcium
2703 4023 2938 4078 contulit
2990 4024 3192 4095 gratias
3241 4042 3488 4095 agamus,

1889 4129 1952 4168 ac
2003 4114 2374 4184 deprecemur
2433 4122 2493 4166 ut
2541 4112 2685 4166 illud
2730 4112 2785 4166 in
2847 4121 3130 4182 posterum
3186 4114 3491 4169 confirmet.

1889 4205 2043 4259 Unde
2064 4205 2218 4259 locus
2251 4204 2500 4259 desertus
2518 4203 2754 4257 orationi
2781 4205 3116 4258 conveniens
3141 4214 3245 4268 est,
3269 4205 3493 4276 ecquod

1888 4298 2303 4352 distractionem
2338 4313 2444 4350 non
2470 4297 2686 4351 aﬂ'erat.

1961 4391 2118 4445 Vers.
2166 4390 2256 4445 36.
2293 4389 2361 4444 Et
2393 4391 2658 4458 prosecuti
2698 4399 2819 4442 sunt
2878 4419 2948 4431 -—
2993 4387 3150 4444 Vers.
3202 4391 3294 4445 57.
3347 4408 3494 4460 qucr-

1893 4490 2037 4538 runt.
2067 4482 2286 4537 Marcus
2321 4483 2548 4553 quidem
2575 4483 2685 4536 ait:
2727 4480 2936 4547 Simon,
2992 4491 3040 4535 et
3087 4483 3177 4552 qui
3226 4499 3343 4535 cum
3401 4485 3494 4536 illo

1893 4589 2048 4633 erant
2121 4579 2385 4647 prosecuti
2455 4577 2768 4630 invenerunt
2837 4593 2978 4632 eum.
3039 4574 3216 4630 Lucas
3284 4584 3494 4642 autem,

1895 4675 2040 4745 quod
2073 4673 2248 4728 turbat
2285 4672 2351 4726 ".
2379 4670 2695 4726 Verisimile
2751 4685 2880 4740 ergo
2907 4677 3015 4736 est,
3053 4678 3350 4739 utrumque
3411 4673 3495 4725 fa-

1891 4774 2043 4820 ctum
2079 4777 2220 4828 esse,
2250 4771 2301 4816 ct
2335 4761 2573 4832 primum
2617 4759 2838 4830 quidem
2866 4761 3164 4831 discipulos
3189 4761 3290 4816 hoc
3332 4762 3494 4818 feris-

1894 4872 1975 4922 se,
2002 4857 2204 4912 deinde
2241 4871 2372 4910 vero
2397 4855 2606 4909 turbas.
2637 4853 2856 4908 Etenim
2909 4854 3222 4924 discipulis,
3291 4866 3349 4910 ut
3399 4857 3491 4926 qui

1893 4952 2197 5010 ferventius
2221 4966 2344 5005 eum
2374 4951 2632 5006 amabant
2659 4950 3122 5019 anticipavcrunt,
3155 4950 3402 5006 dicentes
3423 4950 3494 5004 de

1892 5049 2103 5104 turbis:
2141 5043 2332 5100 Omnes
2357 5053 2600 5114 quierunt
2625 5051 2696 5097 te.
2727 5041 2859 5096 Vide
2895 5051 3080 5096 autem
3109 5041 3385 5110 quomodo
3407 5055 3495 5096 se-

1893 5142 2075 5199 cessio
2098 5137 2611 5195 desiderabiliorem
2639 5151 2768 5190 eum
2796 5134 3136 5189 reddiderat.

1964 5232 2216 5288 νει-358.
2253 5231 2322 5284 Et
2364 5231 2440 5284 ait
2497 5257 2566 5269 —
2601 5244 2839 5299 egressus
2898 5243 3038 5282 sum.
3073 5226 3348 5298 Oppidum
3406 5229 3491 5283 vel

1893 5329 2088 5383 civitas
2133 5339 2236 5388 est,
2277 5337 2398 5394 quae
2424 5338 2611 5378 muros
2665 5322 2871 5385 habet;
2918 5337 3091 5394 pagus
3141 5332 3322 5376 autem
3375 5323 3491 5378 sivo

2386 5489 2426 5520 "
2463 5488 2599 5542 Luc.
2644 5503 2717 5550 ιν,
2752 5486 2842 5541 43.
2890 5487 2934 5518 ⁸³
2973 5485 3107 5541 Luc.
3138 5500 3210 5549 tv,
3255 5483 3344 5538 η.

1394 5655 1597 5717 Varia:
1621 5653 1935 5720 lectiones
1979 5657 2041 5714 et
2074 5657 2266 5714 noue.

262 5817 376 5888 (ΞΟ)
424 5816 757 5888 Ἐκὼλυσεν.
807 5820 871 5873 Λ.

262 5888 346 5956 (ει
358 5886 377 5955 )
436 5886 660 5951 Καθὼς.
696 5889 754 5943 Β.

1969 5819 2083 5881 (Ἡ)
2111 5818 2284 5873 Aviti.
2320 5817 2377 5870 Β.

1974 5890 2088 5959 (‘25)
2143 5888 2482 5945 Kaiomittit
2533 5886 2592 5940 Β.
