  <div class='ocr_page' id='page_1' title='image "/cluster/home/n/w/nwhite01/storage/ocr_20150623/129/uva.x030341099/411.png"; bbox 0 0 4078 6406; ppageno 0'>
   <div class='ocr_carea' id='block_1_1' title="bbox 655 390 762 456">
    <p class='ocr_par' dir='ltr' id='par_1_1' title="bbox 655 390 762 456">
     <span class='ocr_line' id='line_1_1' title="bbox 655 390 762 456; baseline -0.009 -3"><span class='ocrx_word' id='word_1_1' title='bbox 655 390 762 456; x_wconf 78' lang='lat'><strong>803</strong></span> 
     </span>
    </p>
   </div>
   <div class='ocr_carea' id='block_1_2' title="bbox 1856 386 2642 449">
    <p class='ocr_par' dir='ltr' id='par_1_2' title="bbox 1856 386 2642 449">
     <span class='ocr_line' id='line_1_2' title="bbox 1856 386 2642 449; baseline 0.004 -3"><span class='ocrx_word' id='word_1_2' title='bbox 1856 386 2241 447; x_wconf 75' lang='lat' dir='ltr'><strong>EUTHYMII</strong></span> <span class='ocrx_word' id='word_1_3' title='bbox 2281 388 2642 449; x_wconf 80' lang='lat' dir='ltr'><strong>ZIGABENI</strong></span> 
     </span>
    </p>
   </div>
   <div class='ocr_carea' id='block_1_3' title="bbox 3827 384 3923 447">
    <p class='ocr_par' dir='ltr' id='par_1_3' title="bbox 3827 384 3923 447">
     <span class='ocr_line' id='line_1_3' title="bbox 3827 384 3923 447; baseline -0.031 0"><span class='ocrx_word' id='word_1_4' title='bbox 3827 384 3923 447; x_wconf 70' lang='lat'><strong>80$</strong></span> 
     </span>
    </p>
   </div>
   <div class='ocr_carea' id='block_1_4' title="bbox 645 491 2215 573">
    <p class='ocr_par' dir='ltr' id='par_1_4' title="bbox 645 499 2215 573">
     <span class='ocr_line' id='line_1_4' title="bbox 645 499 2215 573; baseline -0.003 -17"><span class='ocrx_word' id='word_1_5' title='bbox 645 519 754 556; x_wconf 90' lang='lat' dir='ltr'><strong>non</strong></span> <span class='ocrx_word' id='word_1_6' title='bbox 789 511 992 573; x_wconf 91' lang='lat' dir='ltr'><strong>posset.</strong></span> <span class='ocrx_word' id='word_1_7' title='bbox 1017 503 1261 557; x_wconf 75' lang='lat' dir='ltr'><strong>Nondum</strong></span> <span class='ocrx_word' id='word_1_8' title='bbox 1287 503 1432 557; x_wconf 89' lang='lat' dir='ltr'><strong>enim</strong></span> <span class='ocrx_word' id='word_1_9' title='bbox 1468 500 1671 556; x_wconf 87' lang='lat' dir='ltr'><strong>factum</strong></span> <span class='ocrx_word' id='word_1_10' title='bbox 1708 515 1774 553; x_wconf 87' lang='lat' dir='ltr'><strong>an</strong></span> <span class='ocrx_word' id='word_1_11' title='bbox 1806 515 1871 553; x_wconf 90' lang='lat' dir='ltr'><strong>eo</strong></span> <span class='ocrx_word' id='word_1_12' title='bbox 1904 499 2215 568; x_wconf 71' lang='lat' dir='ltr'><strong>huiusmodi</strong></span> 
     </span>
    </p>
   </div>
   <div class='ocr_carea' id='block_1_5' title="bbox 2326 491 3921 573">
    <p class='ocr_par' dir='ltr' id='par_1_5' title="bbox 2329 491 3921 570">
     <span class='ocr_line' id='line_1_5' title="bbox 2329 491 3921 570; baseline -0.001 -18"><span class='ocrx_word' id='word_1_13' title='bbox 2329 501 2525 570; x_wconf 73' lang='grc' dir='ltr'>νεκρὸν</span> <span class='ocrx_word' id='word_1_14' title='bbox 2573 501 2634 552; x_wconf 80' lang='grc' dir='ltr'><strong>ού</strong></span> <span class='ocrx_word' id='word_1_15' title='bbox 2673 498 2920 552; x_wconf 87' lang='grc' dir='ltr'>δύναται.</span> <span class='ocrx_word' id='word_1_16' title='bbox 2977 498 3147 551; x_wconf 72' lang='grc' dir='ltr'>Οὔπω</span> <span class='ocrx_word' id='word_1_17' title='bbox 3186 495 3296 566; x_wconf 74' lang='grc' dir='ltr'><strong>γὰρ</strong></span> <span class='ocrx_word' id='word_1_18' title='bbox 3356 491 3500 548; x_wconf 71' lang='grc' dir='ltr'>εἶδον</span> <span class='ocrx_word' id='word_1_19' title='bbox 3557 497 3802 550; x_wconf 76' lang='grc' dir='ltr'>τοιοῦτον</span> <span class='ocrx_word' id='word_1_20' title='bbox 3836 499 3921 550; x_wconf 75' lang='grc' dir='ltr'><strong>ὑπ’</strong></span> 
     </span>
    </p>
   </div>
   <div class='ocr_carea' id='block_1_6' title="bbox 644 588 2224 661">
    <p class='ocr_par' dir='ltr' id='par_1_6' title="bbox 644 588 2224 661">
     <span class='ocr_line' id='line_1_6' title="bbox 644 588 2224 661; baseline -0.006 -14"><span class='ocrx_word' id='word_1_21' title='bbox 644 594 964 648; x_wconf 81' lang='lat' dir='ltr'><strong>miraculum</strong></span> <span class='ocrx_word' id='word_1_22' title='bbox 1000 594 1262 646; x_wconf 69' lang='lat' dir='ltr'><strong>viderant.</strong></span> <span class='ocrx_word' id='word_1_23' title='bbox 1324 593 1558 661; x_wconf 83' lang='lat' dir='ltr'><strong>Ideoque</strong></span> <span class='ocrx_word' id='word_1_24' title='bbox 1591 591 1851 644; x_wconf 82' lang='lat' dir='ltr'><strong>dicebam</strong></span> <span class='ocrx_word' id='word_1_25' title='bbox 1887 608 1898 640; x_wconf 88' lang='lat'><strong>:</strong></span> <span class='ocrx_word' id='word_1_26' title='bbox 1943 588 2076 641; x_wconf 80' lang='lat' dir='ltr'><strong>Filia</strong></span> <span class='ocrx_word' id='word_1_27' title='bbox 2134 598 2224 639; x_wconf 87' lang='lat' dir='ltr'><strong>tua</strong></span> 
     </span>
    </p>
   </div>
   <div class='ocr_carea' id='block_1_7' title="bbox 643 680 2222 751">
    <p class='ocr_par' dir='ltr' id='par_1_7' title="bbox 643 680 2222 751">
     <span class='ocr_line' id='line_1_7' title="bbox 643 680 2222 751; baseline -0.005 -13"><span class='ocrx_word' id='word_1_28' title='bbox 643 697 853 738; x_wconf 85' lang='lat' dir='ltr'><strong>mortua</strong></span> <span class='ocrx_word' id='word_1_29' title='bbox 883 695 983 746; x_wconf 76' lang='lat' dir='ltr'><strong>est,</strong></span> <span class='ocrx_word' id='word_1_30' title='bbox 1015 687 1141 751; x_wconf 83' lang='lat' dir='ltr'><strong>quid</strong></span> <span class='ocrx_word' id='word_1_31' title='bbox 1172 685 1345 736; x_wconf 79' lang='lat' dir='ltr'><strong>adhuc</strong></span> <span class='ocrx_word' id='word_1_32' title='bbox 1377 700 1530 736; x_wconf 69' lang='lat' dir='ltr'><strong>vexas</strong></span> <span class='ocrx_word' id='word_1_33' title='bbox 1580 680 1917 751; x_wconf 70' lang='lat' dir='ltr'><strong>Magistrum,</strong></span> <span class='ocrx_word' id='word_1_34' title='bbox 1944 694 2066 732; x_wconf 88' lang='lat' dir='ltr'><strong>cum</strong></span> <span class='ocrx_word' id='word_1_35' title='bbox 2103 693 2222 731; x_wconf 89' lang='lat' dir='ltr'><strong>eam</strong></span> 
     </span>
    </p>
   </div>
   <div class='ocr_carea' id='block_1_8' title="bbox 646 776 1407 845">
    <p class='ocr_par' dir='ltr' id='par_1_8' title="bbox 646 776 1407 845">
     <span class='ocr_line' id='line_1_8' title="bbox 646 776 1407 845; baseline -0.008 -15"><span class='ocrx_word' id='word_1_36' title='bbox 646 793 756 830; x_wconf 90' lang='lat' dir='ltr'><strong>non</strong></span> <span class='ocrx_word' id='word_1_37' title='bbox 835 779 1004 845; x_wconf 88' lang='lat' dir='ltr'><strong>possit</strong></span> <span class='ocrx_word' id='word_1_38' title='bbox 1066 777 1331 829; x_wconf 54' lang='lat' dir='ltr'><strong>suscitare</strong></span> <span class='ocrx_word' id='word_1_39' title='bbox 1386 776 1407 824; x_wconf 70' lang='grc' dir='ltr'><strong>τ’</strong></span> 
     </span>
    </p>
   </div>
   <div class='ocr_carea' id='block_1_9' title="bbox 709 857 2224 928">
    <p class='ocr_par' dir='ltr' id='par_1_9' title="bbox 709 857 2224 928">
     <span class='ocr_line' id='line_1_9' title="bbox 709 857 2224 928; baseline -0.007 -8"><span class='ocrx_word' id='word_1_40' title='bbox 709 867 865 921; x_wconf 80' lang='lat' dir='ltr'><strong>Vers.</strong></span> <span class='ocrx_word' id='word_1_41' title='bbox 902 867 988 920; x_wconf 65' lang='lat' dir='ltr'><strong>se.</strong></span> <span class='ocrx_word' id='word_1_42' title='bbox 1062 867 1210 919; x_wconf 80' lang='lat' dir='ltr'><strong>Jesus</strong></span> <span class='ocrx_word' id='word_1_43' title='bbox 1240 876 1418 917; x_wconf 80' lang='lat' dir='ltr'><strong>autem</strong></span> <span class='ocrx_word' id='word_1_44' title='bbox 1446 894 1513 905; x_wconf 87' lang='lat'><strong><em>—</em></strong></span> <span class='ocrx_word' id='word_1_45' title='bbox 1547 864 1714 914; x_wconf 76' lang='lat' dir='ltr'><strong>crede.</strong></span> <span class='ocrx_word' id='word_1_46' title='bbox 1770 859 2020 928; x_wconf 78' lang='lat' dir='ltr'><strong>Cognito,</strong></span> <span class='ocrx_word' id='word_1_47' title='bbox 2076 857 2224 926; x_wconf 91' lang='lat' dir='ltr'><strong>quod</strong></span> 
     </span>
    </p>
   </div>
   <div class='ocr_carea' id='block_1_10' title="bbox 634 956 2224 1028">
    <p class='ocr_par' dir='ltr' id='par_1_10' title="bbox 634 956 2224 1028">
     <span class='ocr_line' id='line_1_10' title="bbox 634 956 2224 1028; baseline -0.009 -13"><span class='ocrx_word' id='word_1_48' title='bbox 634 961 1093 1028; x_wconf 76' lang='lat' dir='ltr'><strong>arcliisynagogus</strong></span> <span class='ocrx_word' id='word_1_49' title='bbox 1147 959 1292 1010; x_wconf 83' lang='lat' dir='ltr'><strong>circa</strong></span> <span class='ocrx_word' id='word_1_50' title='bbox 1333 959 1490 1009; x_wconf 82' lang='lat' dir='ltr'><strong>ﬁdem</strong></span> <span class='ocrx_word' id='word_1_51' title='bbox 1529 956 1826 1013; x_wconf 89' lang='lat' dir='ltr'><strong>dubitaret,</strong></span> <span class='ocrx_word' id='word_1_52' title='bbox 1862 959 2052 1019; x_wconf 90' lang='lat' dir='ltr'><strong>utpote</strong></span> <span class='ocrx_word' id='word_1_53' title='bbox 2108 964 2224 1002; x_wconf 88' lang='lat' dir='ltr'><strong>ser-</strong></span> 
     </span>
    </p>
   </div>
   <div class='ocr_carea' id='block_1_11' title="bbox 635 1044 2224 1109">
    <p class='ocr_par' dir='ltr' id='par_1_11' title="bbox 635 1044 2224 1109">
     <span class='ocr_line' id='line_1_11' title="bbox 635 1044 2224 1109; baseline -0.008 -5"><span class='ocrx_word' id='word_1_54' title='bbox 635 1050 891 1104; x_wconf 85' lang='lat' dir='ltr'><strong>monibus</strong></span> <span class='ocrx_word' id='word_1_55' title='bbox 937 1050 1148 1101; x_wconf 88' lang='lat' dir='ltr'><strong>illorum</strong></span> <span class='ocrx_word' id='word_1_56' title='bbox 1181 1049 1459 1109; x_wconf 86' lang='lat' dir='ltr'><strong>seductus,</strong></span> <span class='ocrx_word' id='word_1_57' title='bbox 1523 1044 1788 1097; x_wconf 75' lang='lat' dir='ltr'><strong>confortal</strong></span> <span class='ocrx_word' id='word_1_58' title='bbox 1856 1055 2004 1102; x_wconf 92' lang='lat' dir='ltr'><strong>eum,</strong></span> <span class='ocrx_word' id='word_1_59' title='bbox 2034 1056 2096 1093; x_wconf 88' lang='lat' dir='ltr'><strong>ac</strong></span> <span class='ocrx_word' id='word_1_60' title='bbox 2138 1054 2224 1092; x_wconf 89' lang='lat' dir='ltr'><strong>re-</strong></span> 
     </span>
    </p>
   </div>
   <div class='ocr_carea' id='block_1_12' title="bbox 637 1138 1618 1194">
    <p class='ocr_par' dir='ltr' id='par_1_12' title="bbox 637 1138 1618 1194">
     <span class='ocr_line' id='line_1_12' title="bbox 637 1138 1618 1194; baseline -0.008 0"><span class='ocrx_word' id='word_1_61' title='bbox 637 1141 783 1194; x_wconf 84' lang='lat' dir='ltr'><strong>fovet</strong></span> <span class='ocrx_word' id='word_1_62' title='bbox 815 1141 936 1192; x_wconf 86' lang='lat' dir='ltr'><strong>tidei</strong></span> <span class='ocrx_word' id='word_1_63' title='bbox 976 1140 1124 1192; x_wconf 90' lang='lat' dir='ltr'><strong>illius</strong></span> <span class='ocrx_word' id='word_1_64' title='bbox 1165 1138 1618 1191; x_wconf 77' lang='lat' dir='ltr'><strong>imbecillitatem.</strong></span> 
     </span>
    </p>
   </div>
   <div class='ocr_carea' id='block_1_13' title="bbox 703 1224 2220 1285">
    <p class='ocr_par' dir='ltr' id='par_1_13' title="bbox 703 1224 2220 1285">
     <span class='ocr_line' id='line_1_13' title="bbox 703 1224 2220 1285; baseline -0.006 0"><span class='ocrx_word' id='word_1_65' title='bbox 703 1233 859 1285; x_wconf 76' lang='lat' dir='ltr'><strong>V&#39;ers.</strong></span> <span class='ocrx_word' id='word_1_66' title='bbox 896 1233 981 1283; x_wconf 76' lang='lat'><strong>37.</strong></span> <span class='ocrx_word' id='word_1_67' title='bbox 1011 1231 1078 1284; x_wconf 80' lang='lat' dir='ltr'><strong>Et</strong></span> <span class='ocrx_word' id='word_1_68' title='bbox 1107 1248 1211 1282; x_wconf 85' lang='lat' dir='ltr'><strong>non</strong></span> <span class='ocrx_word' id='word_1_69' title='bbox 1235 1259 1306 1268; x_wconf 89' lang='lat'><strong>—-</strong></span> <span class='ocrx_word' id='word_1_70' title='bbox 1342 1229 1552 1281; x_wconf 76' lang='lat' dir='ltr'><strong>Jacobi.</strong></span> <span class='ocrx_word' id='word_1_71' title='bbox 1596 1226 1751 1279; x_wconf 78' lang='lat' dir='ltr'><strong>Solos</strong></span> <span class='ocrx_word' id='word_1_72' title='bbox 1778 1227 1874 1279; x_wconf 87' lang='lat' dir='ltr'><strong>hos</strong></span> <span class='ocrx_word' id='word_1_73' title='bbox 1909 1225 2053 1277; x_wconf 91' lang='lat' dir='ltr'><strong>inter</strong></span> <span class='ocrx_word' id='word_1_74' title='bbox 2084 1224 2220 1277; x_wconf 88' lang='lat' dir='ltr'><strong>alios</strong></span> 
     </span>
    </p>
   </div>
   <div class='ocr_carea' id='block_1_14' title="bbox 629 1317 2216 1391">
    <p class='ocr_par' dir='ltr' id='par_1_14' title="bbox 629 1317 2216 1391">
     <span class='ocr_line' id='line_1_14' title="bbox 629 1317 2216 1391; baseline -0.008 -15"><span class='ocrx_word' id='word_1_75' title='bbox 629 1324 930 1391; x_wconf 80' lang='lat' dir='ltr'><strong>discipulos</strong></span> <span class='ocrx_word' id='word_1_76' title='bbox 958 1323 1348 1389; x_wconf 77' lang='lat' dir='ltr'><strong>eoassumpsit,</strong></span> <span class='ocrx_word' id='word_1_77' title='bbox 1371 1322 1523 1388; x_wconf 71' lang='lat' dir='ltr'><strong>quasi</strong></span> <span class='ocrx_word' id='word_1_78' title='bbox 1557 1319 1773 1371; x_wconf 67' lang='lat' dir='ltr'><strong>(tueris</strong></span> <span class='ocrx_word' id='word_1_79' title='bbox 1793 1317 2216 1383; x_wconf 63' lang='lat' dir='ltr'><strong>prmstantiores.</strong></span> 
     </span>
    </p>
   </div>
   <div class='ocr_carea' id='block_1_15' title="bbox 630 1411 2220 1482">
    <p class='ocr_par' dir='ltr' id='par_1_15' title="bbox 630 1411 2220 1482">
     <span class='ocr_line' id='line_1_15' title="bbox 630 1411 2220 1482; baseline -0.004 -15"><span class='ocrx_word' id='word_1_80' title='bbox 630 1415 762 1468; x_wconf 74' lang='lat' dir='ltr'><strong>Nam</strong></span> <span class='ocrx_word' id='word_1_81' title='bbox 793 1425 843 1467; x_wconf 89' lang='lat' dir='ltr'><strong>et</strong></span> <span class='ocrx_word' id='word_1_82' title='bbox 881 1417 932 1466; x_wconf 92' lang='lat' dir='ltr'><strong>in</strong></span> <span class='ocrx_word' id='word_1_83' title='bbox 967 1431 1061 1466; x_wconf 91' lang='lat' dir='ltr'><strong>sua</strong></span> <span class='ocrx_word' id='word_1_84' title='bbox 1123 1413 1601 1482; x_wconf 75' lang='lat' dir='ltr'><strong>transfigurationc</strong></span> <span class='ocrx_word' id='word_1_85' title='bbox 1631 1411 1776 1461; x_wconf 72' lang='lat' dir='ltr'><strong>solos</strong></span> <span class='ocrx_word' id='word_1_86' title='bbox 1811 1411 1909 1462; x_wconf 87' lang='lat' dir='ltr'><strong>lIOS</strong></span> <span class='ocrx_word' id='word_1_87' title='bbox 1943 1416 2220 1477; x_wconf 82' lang='lat' dir='ltr'><strong>spectato-</strong></span> 
     </span>
    </p>
   </div>
   <div class='ocr_carea' id='block_1_16' title="bbox 631 1507 1279 1573">
    <p class='ocr_par' dir='ltr' id='par_1_16' title="bbox 631 1507 1279 1573">
     <span class='ocr_line' id='line_1_16' title="bbox 631 1507 1279 1573; baseline -0.005 -13"><span class='ocrx_word' id='word_1_88' title='bbox 631 1525 718 1561; x_wconf 85' lang='lat' dir='ltr'><strong>tes</strong></span> <span class='ocrx_word' id='word_1_89' title='bbox 734 1524 918 1561; x_wconf 85' lang='lat' dir='ltr'><strong>secum</strong></span> <span class='ocrx_word' id='word_1_90' title='bbox 961 1507 1279 1573; x_wconf 72' lang='lat' dir='ltr'><strong>assumpsit.</strong></span> 
     </span>
    </p>
   </div>
   <div class='ocr_carea' id='block_1_17' title="bbox 698 1592 2215 1664">
    <p class='ocr_par' dir='ltr' id='par_1_17' title="bbox 698 1592 2215 1664">
     <span class='ocr_line' id='line_1_17' title="bbox 698 1592 2215 1664; baseline -0.003 -14"><span class='ocrx_word' id='word_1_91' title='bbox 698 1603 891 1664; x_wconf 64' lang='lat' dir='ltr'><strong>Quaere</strong></span> <span class='ocrx_word' id='word_1_92' title='bbox 938 1601 1101 1651; x_wconf 91' lang='lat' dir='ltr'><strong>etiam</strong></span> <span class='ocrx_word' id='word_1_93' title='bbox 1143 1600 1427 1651; x_wconf 88' lang='lat' dir='ltr'><strong>tricesimo</strong></span> <span class='ocrx_word' id='word_1_94' title='bbox 1495 1604 1690 1662; x_wconf 85' lang='lat' dir='ltr'><strong>quarto</strong></span> <span class='ocrx_word' id='word_1_95' title='bbox 1724 1592 1902 1660; x_wconf 83' lang='lat' dir='ltr'><strong>capite</strong></span> <span class='ocrx_word' id='word_1_96' title='bbox 1931 1592 2215 1660; x_wconf 75' lang='lat' dir='ltr'><strong>Evangelii</strong></span> 
     </span>
    </p>
   </div>
   <div class='ocr_carea' id='block_1_18' title="bbox 622 1680 2213 1760">
    <p class='ocr_par' dir='ltr' id='par_1_18' title="bbox 622 1680 2213 1760">
     <span class='ocr_line' id='line_1_18' title="bbox 622 1680 2213 1760; baseline -0.003 -16"><span class='ocrx_word' id='word_1_97' title='bbox 622 1694 778 1760; x_wconf 81' lang='lat' dir='ltr'><strong>juxta</strong></span> <span class='ocrx_word' id='word_1_98' title='bbox 804 1690 1118 1743; x_wconf 72' lang='lat' dir='ltr'><strong>Matthaeum</strong></span> <span class='ocrx_word' id='word_1_99' title='bbox 1140 1705 1360 1752; x_wconf 81' lang='lat' dir='ltr'><strong>causas,</strong></span> <span class='ocrx_word' id='word_1_100' title='bbox 1393 1688 1462 1740; x_wconf 88' lang='lat' dir='ltr'><strong>ob</strong></span> <span class='ocrx_word' id='word_1_101' title='bbox 1498 1702 1635 1755; x_wconf 87' lang='lat' dir='ltr'><strong>quas</strong></span> <span class='ocrx_word' id='word_1_102' title='bbox 1660 1680 1800 1738; x_wconf 56' lang='lat' dir='ltr'><strong>istos&#39;</strong></span> <span class='ocrx_word' id='word_1_103' title='bbox 1826 1695 2169 1754; x_wconf 67' lang='lat' dir='ltr'><strong>pracponeret</strong></span> <span class='ocrx_word' id='word_1_104' title='bbox 2200 1701 2213 1739; x_wconf 92' lang='lat'>:</span> 
     </span>
    </p>
   </div>
   <div class='ocr_carea' id='block_1_19' title="bbox 625 1777 2213 1851">
    <p class='ocr_par' dir='ltr' id='par_1_19' title="bbox 625 1777 2213 1851">
     <span class='ocr_line' id='line_1_19' title="bbox 625 1777 2213 1851; baseline -0.004 -15"><span class='ocrx_word' id='word_1_105' title='bbox 625 1794 678 1836; x_wconf 90' lang='lat' dir='ltr'><strong>et</strong></span> <span class='ocrx_word' id='word_1_106' title='bbox 711 1795 906 1851; x_wconf 68' lang='lat' dir='ltr'><strong>praeter</strong></span> <span class='ocrx_word' id='word_1_107' title='bbox 935 1784 1052 1836; x_wconf 85' lang='lat' dir='ltr'><strong>illas</strong></span> <span class='ocrx_word' id='word_1_108' title='bbox 1081 1785 1246 1835; x_wconf 86' lang='lat' dir='ltr'><strong>etiam</strong></span> <span class='ocrx_word' id='word_1_109' title='bbox 1275 1780 1601 1850; x_wconf 74' lang='lat' dir='ltr'><strong>prteferebat</strong></span> <span class='ocrx_word' id='word_1_110' title='bbox 1637 1795 1753 1840; x_wconf 69' lang='lat' dir='ltr'><strong>cas,</strong></span> <span class='ocrx_word' id='word_1_111' title='bbox 1813 1787 1872 1830; x_wconf 93' lang='lat' dir='ltr'><strong>ut</strong></span> <span class='ocrx_word' id='word_1_112' title='bbox 1926 1787 1974 1831; x_wconf 88' lang='lat' dir='ltr'><strong>et</strong></span> <span class='ocrx_word' id='word_1_113' title='bbox 2031 1777 2213 1830; x_wconf 64' lang='lat' dir='ltr'><strong>caeteri</strong></span> 
     </span>
    </p>
   </div>
   <div class='ocr_carea' id='block_1_20' title="bbox 626 1875 1302 1928">
    <p class='ocr_par' dir='ltr' id='par_1_20' title="bbox 626 1875 1302 1928">
     <span class='ocr_line' id='line_1_20' title="bbox 626 1875 1302 1928; baseline 0 0"><span class='ocrx_word' id='word_1_114' title='bbox 626 1876 762 1928; x_wconf 90' lang='lat' dir='ltr'><strong>tales</strong></span> <span class='ocrx_word' id='word_1_115' title='bbox 779 1875 916 1928; x_wconf 83' lang='lat' dir='ltr'><strong>ellici</strong></span> <span class='ocrx_word' id='word_1_116' title='bbox 942 1886 1302 1928; x_wconf 76' lang='lat' dir='ltr'><strong>conarentur.</strong></span> 
     </span>
    </p>
   </div>
   <div class='ocr_carea' id='block_1_21' title="bbox 697 1963 2218 2033">
    <p class='ocr_par' dir='ltr' id='par_1_21' title="bbox 697 1963 2218 2033">
     <span class='ocr_line' id='line_1_21' title="bbox 697 1963 2218 2033; baseline -0.003 -13"><span class='ocrx_word' id='word_1_117' title='bbox 697 1967 854 2020; x_wconf 83' lang='lat' dir='ltr'><strong>Vers.</strong></span> <span class='ocrx_word' id='word_1_118' title='bbox 889 1967 981 2020; x_wconf 80' lang='grc'>58.</span> <span class='ocrx_word' id='word_1_119' title='bbox 1017 1966 1084 2018; x_wconf 84' lang='lat' dir='ltr'><strong>Et</strong></span> <span class='ocrx_word' id='word_1_120' title='bbox 1118 1968 1256 2018; x_wconf 75' lang='lat' dir='ltr'><strong>venit</strong></span> <span class='ocrx_word' id='word_1_121' title='bbox 1291 1997 1348 2009; x_wconf 74' lang='grc' dir='ltr'><strong>-ι</strong></span> <span class='ocrx_word' id='word_1_122' title='bbox 1395 1966 1721 2033; x_wconf 85' lang='lat' dir='ltr'><strong>multumque</strong></span> <span class='ocrx_word' id='word_1_123' title='bbox 1750 1965 2033 2032; x_wconf 72' lang='lat' dir='ltr'><strong>ejttlantcs.</strong></span> <span class='ocrx_word' id='word_1_124' title='bbox 2066 1963 2218 2016; x_wconf 62' lang='lat' dir='ltr'><strong>Tilli—</strong></span> 
     </span>
    </p>
   </div>
   <div class='ocr_carea' id='block_1_22' title="bbox 622 2057 2220 2127">
    <p class='ocr_par' dir='ltr' id='par_1_22' title="bbox 622 2057 2220 2127">
     <span class='ocr_line' id='line_1_22' title="bbox 622 2057 2220 2127; baseline -0.002 -16"><span class='ocrx_word' id='word_1_125' title='bbox 622 2058 773 2111; x_wconf 76' lang='lat' dir='ltr'><strong>cines</strong></span> <span class='ocrx_word' id='word_1_126' title='bbox 806 2063 1113 2111; x_wconf 88' lang='lat' dir='ltr'><strong>luctuosum</strong></span> <span class='ocrx_word' id='word_1_127' title='bbox 1143 2069 1360 2112; x_wconf 88' lang='lat' dir='ltr'><strong>cantum</strong></span> <span class='ocrx_word' id='word_1_128' title='bbox 1395 2060 1683 2127; x_wconf 71' lang='lat' dir='ltr'><strong>pulsabant</strong></span> <span class='ocrx_word' id='word_1_129' title='bbox 1750 2057 1861 2126; x_wconf 90' lang='lat' dir='ltr'><strong>(qui</strong></span> <span class='ocrx_word' id='word_1_130' title='bbox 1897 2059 1983 2110; x_wconf 87' lang='lat' dir='ltr'><strong>his</strong></span> <span class='ocrx_word' id='word_1_131' title='bbox 2018 2058 2220 2109; x_wconf 88' lang='lat' dir='ltr'><strong>dicitur</strong></span> 
     </span>
    </p>
   </div>
   <div class='ocr_carea' id='block_1_23' title="bbox 622 2148 2213 2219">
    <p class='ocr_par' dir='ltr' id='par_1_23' title="bbox 622 2148 2213 2219">
     <span class='ocr_line' id='line_1_23' title="bbox 622 2148 2213 2219; baseline -0.001 -19"><span class='ocrx_word' id='word_1_132' title='bbox 622 2152 887 2216; x_wconf 65' lang='lat' dir='ltr'><strong>eiulatus,</strong></span> <span class='ocrx_word' id='word_1_133' title='bbox 926 2167 1240 2219; x_wconf 81' lang='lat' dir='ltr'><strong>quanquam</strong></span> <span class='ocrx_word' id='word_1_134' title='bbox 1280 2151 1502 2218; x_wconf 74' lang='lat' dir='ltr'><strong>proprie</strong></span> <span class='ocrx_word' id='word_1_135' title='bbox 1534 2148 1851 2209; x_wconf 74' lang='grc' dir='ltr'>ἀλαλάζειν,</span> <span class='ocrx_word' id='word_1_136' title='bbox 1903 2159 1987 2200; x_wconf 84' lang='lat' dir='ltr'><strong>est</strong></span> <span class='ocrx_word' id='word_1_137' title='bbox 2015 2162 2213 2215; x_wconf 84' lang='lat' dir='ltr'><strong>perpe-</strong></span> 
     </span>
    </p>
   </div>
   <div class='ocr_carea' id='block_1_24' title="bbox 625 2242 1686 2308">
    <p class='ocr_par' dir='ltr' id='par_1_24' title="bbox 625 2242 1686 2308">
     <span class='ocr_line' id='line_1_24' title="bbox 625 2242 1686 2308; baseline 0 -14"><span class='ocrx_word' id='word_1_138' title='bbox 625 2252 720 2294; x_wconf 92' lang='lat' dir='ltr'><strong>tuo</strong></span> <span class='ocrx_word' id='word_1_139' title='bbox 780 2244 965 2294; x_wconf 86' lang='lat' dir='ltr'><strong>sonitu</strong></span> <span class='ocrx_word' id='word_1_140' title='bbox 1034 2253 1280 2308; x_wconf 85' lang='lat' dir='ltr'><strong>strepere</strong></span> <span class='ocrx_word' id='word_1_141' title='bbox 1335 2257 1398 2294; x_wconf 87' lang='lat' dir='ltr'><strong>ac</strong></span> <span class='ocrx_word' id='word_1_142' title='bbox 1434 2242 1686 2294; x_wconf 91' lang='lat' dir='ltr'><strong>tinnire:</strong></span> 
     </span>
    </p>
   </div>
   <div class='ocr_carea' id='block_1_25' title="bbox 626 2337 2069 2406">
    <p class='ocr_par' dir='ltr' id='par_1_25' title="bbox 626 2337 2069 2406">
     <span class='ocr_line' id='line_1_25' title="bbox 626 2337 2069 2406; baseline -0.006 -9"><span class='ocrx_word' id='word_1_143' title='bbox 626 2342 870 2396; x_wconf 75' lang='lat' dir='ltr'><strong>diximus</strong></span> <span class='ocrx_word' id='word_1_144' title='bbox 901 2341 1117 2393; x_wconf 82' lang='lat' dir='ltr'><strong>decimo</strong></span> <span class='ocrx_word' id='word_1_145' title='bbox 1140 2349 1296 2393; x_wconf 89' lang='lat' dir='ltr'><strong>sexto</strong></span> <span class='ocrx_word' id='word_1_146' title='bbox 1323 2340 1482 2406; x_wconf 90' lang='lat' dir='ltr'><strong>juxta</strong></span> <span class='ocrx_word' id='word_1_147' title='bbox 1517 2337 1831 2390; x_wconf 73' lang='lat' dir='ltr'><strong>Manlia-um</strong></span> <span class='ocrx_word' id='word_1_148' title='bbox 1869 2337 2069 2405; x_wconf 87' lang='lat' dir='ltr'><strong>capite.</strong></span> 
     </span>
    </p>
   </div>
   <div class='ocr_carea' id='block_1_26' title="bbox 697 2430 2224 2502">
    <p class='ocr_par' dir='ltr' id='par_1_26' title="bbox 697 2430 2224 2502">
     <span class='ocr_line' id='line_1_26' title="bbox 697 2430 2224 2502; baseline -0.005 -11"><span class='ocrx_word' id='word_1_149' title='bbox 697 2438 850 2491; x_wconf 82' lang='lat' dir='ltr'><strong>Vers.</strong></span> <span class='ocrx_word' id='word_1_150' title='bbox 891 2436 979 2489; x_wconf 80' lang='lat'><strong>39.</strong></span> <span class='ocrx_word' id='word_1_151' title='bbox 1005 2435 1070 2488; x_wconf 85' lang='lat' dir='ltr'><strong>Et</strong></span> <span class='ocrx_word' id='word_1_152' title='bbox 1102 2436 1366 2502; x_wconf 75' lang='lat' dir='ltr'><strong>ingressus</strong></span> <span class='ocrx_word' id='word_1_153' title='bbox 1407 2462 1465 2473; x_wconf 89' lang='lat'><strong><em>—</em></strong></span> <span class='ocrx_word' id='word_1_154' title='bbox 1486 2434 1698 2486; x_wconf 88' lang='lat' dir='ltr'><strong>dormit.</strong></span> <span class='ocrx_word' id='word_1_155' title='bbox 1734 2432 1976 2485; x_wconf 82' lang='lat' dir='ltr'><strong>Primum</strong></span> <span class='ocrx_word' id='word_1_156' title='bbox 2001 2430 2224 2500; x_wconf 87' lang='lat' dir='ltr'><strong>quidem</strong></span> 
     </span>
    </p>
   </div>
   <div class='ocr_carea' id='block_1_27' title="bbox 624 2525 2228 2594">
    <p class='ocr_par' dir='ltr' id='par_1_27' title="bbox 624 2525 2228 2594">
     <span class='ocr_line' id='line_1_27' title="bbox 624 2525 2228 2594; baseline -0.003 -8"><span class='ocrx_word' id='word_1_157' title='bbox 624 2536 728 2586; x_wconf 84' lang='lat' dir='ltr'><strong>line</strong></span> <span class='ocrx_word' id='word_1_158' title='bbox 796 2532 952 2594; x_wconf 82' lang='lat' dir='ltr'><strong>dixit,</strong></span> <span class='ocrx_word' id='word_1_159' title='bbox 1015 2531 1294 2582; x_wconf 78' lang='lat' dir='ltr'><strong>tristitiam</strong></span> <span class='ocrx_word' id='word_1_160' title='bbox 1364 2542 1554 2580; x_wconf 89' lang='lat' dir='ltr'><strong>eorum</strong></span> <span class='ocrx_word' id='word_1_161' title='bbox 1617 2527 1972 2579; x_wconf 80' lang='lat' dir='ltr'><strong>consolando.</strong></span> <span class='ocrx_word' id='word_1_162' title='bbox 2023 2525 2228 2581; x_wconf 84' lang='lat' dir='ltr'><strong>Deinde</strong></span> 
     </span>
    </p>
   </div>
   <div class='ocr_carea' id='block_1_28' title="bbox 621 2617 2222 2691">
    <p class='ocr_par' dir='ltr' id='par_1_28' title="bbox 621 2617 2222 2691">
     <span class='ocr_line' id='line_1_28' title="bbox 621 2617 2222 2691; baseline -0.006 -13"><span class='ocrx_word' id='word_1_163' title='bbox 621 2626 814 2682; x_wconf 86' lang='lat' dir='ltr'><strong>etiam.</strong></span> <span class='ocrx_word' id='word_1_164' title='bbox 874 2623 1020 2691; x_wconf 88' lang='lat' dir='ltr'><strong>quod</strong></span> <span class='ocrx_word' id='word_1_165' title='bbox 1069 2622 1172 2673; x_wconf 85' lang='lat' dir='ltr'><strong>illis</strong></span> <span class='ocrx_word' id='word_1_166' title='bbox 1202 2621 1422 2687; x_wconf 83' lang='lat' dir='ltr'><strong>quidem</strong></span> <span class='ocrx_word' id='word_1_167' title='bbox 1458 2627 1672 2671; x_wconf 89' lang='lat' dir='ltr'><strong>mortua</strong></span> <span class='ocrx_word' id='word_1_168' title='bbox 1705 2627 1845 2680; x_wconf 89' lang='lat' dir='ltr'><strong>erat,</strong></span> <span class='ocrx_word' id='word_1_169' title='bbox 1875 2617 1976 2669; x_wconf 87' lang='lat' dir='ltr'><strong>sibi</strong></span> <span class='ocrx_word' id='word_1_170' title='bbox 2033 2626 2222 2669; x_wconf 89' lang='lat' dir='ltr'><strong>autem</strong></span> 
     </span>
    </p>
   </div>
   <div class='ocr_carea' id='block_1_29' title="bbox 620 2710 2222 2778">
    <p class='ocr_par' dir='ltr' id='par_1_29' title="bbox 620 2710 2222 2778">
     <span class='ocr_line' id='line_1_29' title="bbox 620 2710 2222 2778; baseline -0.005 -10"><span class='ocrx_word' id='word_1_171' title='bbox 620 2713 1069 2769; x_wconf 76' lang='lat' dir='ltr'><strong>dormiebatzilli</strong></span> <span class='ocrx_word' id='word_1_172' title='bbox 1109 2725 1344 2778; x_wconf 85' lang='lat' dir='ltr'><strong>namque</strong></span> <span class='ocrx_word' id='word_1_173' title='bbox 1410 2710 1678 2763; x_wconf 80' lang='lat' dir='ltr'><strong>suscitare</strong></span> <span class='ocrx_word' id='word_1_174' title='bbox 1732 2723 1854 2761; x_wconf 87' lang='lat' dir='ltr'><strong>eam</strong></span> <span class='ocrx_word' id='word_1_175' title='bbox 1902 2722 2011 2761; x_wconf 89' lang='lat' dir='ltr'><strong>non</strong></span> <span class='ocrx_word' id='word_1_176' title='bbox 2065 2716 2222 2777; x_wconf 87' lang='lat' dir='ltr'><strong>pote-</strong></span> 
     </span>
    </p>
   </div>
   <div class='ocr_carea' id='block_1_30' title="bbox 625 2802 2217 2874">
    <p class='ocr_par' dir='ltr' id='par_1_30' title="bbox 625 2802 2217 2874">
     <span class='ocr_line' id='line_1_30' title="bbox 625 2802 2217 2874; baseline -0.005 -14"><span class='ocrx_word' id='word_1_177' title='bbox 625 2817 767 2868; x_wconf 87' lang='lat' dir='ltr'><strong>rant.</strong></span> <span class='ocrx_word' id='word_1_178' title='bbox 802 2808 916 2874; x_wconf 89' lang='lat' dir='ltr'><strong>ipse</strong></span> <span class='ocrx_word' id='word_1_179' title='bbox 940 2822 1069 2858; x_wconf 83' lang='lat' dir='ltr'><strong>vero</strong></span> <span class='ocrx_word' id='word_1_180' title='bbox 1097 2803 1352 2872; x_wconf 80' lang='lat' dir='ltr'><strong>perfacile</strong></span> <span class='ocrx_word' id='word_1_181' title='bbox 1387 2818 1400 2854; x_wconf 91' lang='lat'><strong>:</strong></span> <span class='ocrx_word' id='word_1_182' title='bbox 1439 2802 1688 2854; x_wconf 84' lang='lat' dir='ltr'><strong>tribuens</strong></span> <span class='ocrx_word' id='word_1_183' title='bbox 1748 2810 2013 2869; x_wconf 60' lang='lat' dir='ltr'><strong>pra&#39;tet&#39;ea</strong></span> <span class='ocrx_word' id='word_1_184' title='bbox 2081 2815 2217 2853; x_wconf 84' lang='lat' dir='ltr'><strong>con-</strong></span> 
     </span>
    </p>
   </div>
   <div class='ocr_carea' id='block_1_31' title="bbox 621 2892 2216 2965">
    <p class='ocr_par' dir='ltr' id='par_1_31' title="bbox 621 2892 2216 2965">
     <span class='ocr_line' id='line_1_31' title="bbox 621 2892 2216 2965; baseline -0.006 -11"><span class='ocrx_word' id='word_1_185' title='bbox 621 2898 1094 2965; x_wconf 85' lang='lat' dir='ltr'><strong>fidentiam,quod</strong></span> <span class='ocrx_word' id='word_1_186' title='bbox 1131 2903 1358 2947; x_wconf 88' lang='lat' dir='ltr'><strong>mortem</strong></span> <span class='ocrx_word' id='word_1_187' title='bbox 1413 2893 1569 2962; x_wconf 87' lang='lat' dir='ltr'><strong>quasi</strong></span> <span class='ocrx_word' id='word_1_188' title='bbox 1629 2907 1884 2946; x_wconf 88' lang='lat' dir='ltr'><strong>somnum</strong></span> <span class='ocrx_word' id='word_1_189' title='bbox 1948 2892 2216 2961; x_wconf 78' lang='lat' dir='ltr'><strong>abigeret,</strong></span> 
     </span>
    </p>
   </div>
   <div class='ocr_carea' id='block_1_32' title="bbox 621 2983 1567 3059">
    <p class='ocr_par' dir='ltr' id='par_1_32' title="bbox 621 2983 1567 3059">
     <span class='ocr_line' id='line_1_32' title="bbox 621 2983 1567 3059; baseline -0.008 -15"><span class='ocrx_word' id='word_1_190' title='bbox 621 3000 812 3059; x_wconf 78' lang='lat' dir='ltr'><strong>utpote</strong></span> <span class='ocrx_word' id='word_1_191' title='bbox 830 2989 1020 3041; x_wconf 89' lang='lat' dir='ltr'><strong>mortis</strong></span> <span class='ocrx_word' id='word_1_192' title='bbox 1053 3001 1116 3038; x_wconf 85' lang='lat' dir='ltr'><strong>ac</strong></span> <span class='ocrx_word' id='word_1_193' title='bbox 1149 2985 1271 3037; x_wconf 66' lang='lat' dir='ltr'><strong>vita:</strong></span> <span class='ocrx_word' id='word_1_194' title='bbox 1287 2983 1567 3036; x_wconf 86' lang='lat' dir='ltr'><strong>Dominus.</strong></span> 
     </span>
    </p>
   </div>
   <div class='ocr_carea' id='block_1_33' title="bbox 2331 579 3923 659">
    <p class='ocr_par' dir='ltr' id='par_1_33' title="bbox 2331 579 3923 659">
     <span class='ocr_line' id='line_1_33' title="bbox 2331 579 3923 659; baseline -0.004 -14"><span class='ocrx_word' id='word_1_195' title='bbox 2331 592 2497 645; x_wconf 79' lang='grc' dir='ltr'>αὑτοῦ</span> <span class='ocrx_word' id='word_1_196' title='bbox 2531 590 2718 659; x_wconf 81' lang='grc' dir='ltr'>Θαῦμα</span> <span class='ocrx_word' id='word_1_197' title='bbox 2746 589 3140 658; x_wconf 81' lang='grc' dir='ltr'>γεγενημένον.</span> <span class='ocrx_word' id='word_1_198' title='bbox 3180 588 3274 640; x_wconf 70' lang='grc' dir='ltr'>Διὸ</span> <span class='ocrx_word' id='word_1_199' title='bbox 3301 587 3398 639; x_wconf 79' lang='grc' dir='ltr'>καὶ</span> <span class='ocrx_word' id='word_1_200' title='bbox 3421 579 3602 639; x_wconf 73' lang='grc' dir='ltr'>εἵπονο</span> <span class='ocrx_word' id='word_1_201' title='bbox 3661 586 3722 640; x_wconf 82' lang='grc' dir='ltr'><em>Ἠ</em></span> <span class='ocrx_word' id='word_1_202' title='bbox 3749 587 3923 654; x_wconf 68' lang='grc' dir='ltr'>θυγά-</span> 
     </span>
    </p>
   </div>
   <div class='ocr_carea' id='block_1_34' title="bbox 2330 677 3923 750">
    <p class='ocr_par' dir='ltr' id='par_1_34' title="bbox 2330 677 3923 750">
     <span class='ocr_line' id='line_1_34' title="bbox 2330 677 3923 750; baseline -0.002 -16"><span class='ocrx_word' id='word_1_203' title='bbox 2330 700 2438 750; x_wconf 81' lang='grc' dir='ltr'><strong>τηρ</strong></span> <span class='ocrx_word' id='word_1_204' title='bbox 2465 698 2587 735; x_wconf 85' lang='grc' dir='ltr'><strong>σου</strong></span> <span class='ocrx_word' id='word_1_205' title='bbox 2615 683 2900 746; x_wconf 82' lang='grc' dir='ltr'><strong>ἀπέθανε,</strong></span> <span class='ocrx_word' id='word_1_206' title='bbox 2933 681 2989 732; x_wconf 77' lang='grc' dir='ltr'><strong>τί</strong></span> <span class='ocrx_word' id='word_1_207' title='bbox 3019 680 3102 732; x_wconf 76' lang='grc' dir='ltr'>ἔτι</span> <span class='ocrx_word' id='word_1_208' title='bbox 3141 680 3438 744; x_wconf 75' lang='grc' dir='ltr'><strong>σκύλλεις</strong></span> <span class='ocrx_word' id='word_1_209' title='bbox 3496 678 3604 731; x_wconf 77' lang='grc' dir='ltr'><strong>τὸν</strong></span> <span class='ocrx_word' id='word_1_210' title='bbox 3634 677 3923 732; x_wconf 72' lang='grc' dir='ltr'>διδάσκει·</span> 
     </span>
    </p>
   </div>
   <div class='ocr_carea' id='block_1_35' title="bbox 2327 771 3497 842">
    <p class='ocr_par' dir='ltr' id='par_1_35' title="bbox 2327 771 3497 842">
     <span class='ocr_line' id='line_1_35' title="bbox 2327 771 3497 842; baseline -0.003 -15"><span class='ocrx_word' id='word_1_211' title='bbox 2327 777 2462 836; x_wconf 69' lang='grc' dir='ltr'>λον,</span> <span class='ocrx_word' id='word_1_212' title='bbox 2500 773 2575 842; x_wconf 80' lang='grc' dir='ltr'>μὴ</span> <span class='ocrx_word' id='word_1_213' title='bbox 2607 773 2910 840; x_wconf 76' lang='grc' dir='ltr'>δυνάμενον</span> <span class='ocrx_word' id='word_1_214' title='bbox 2946 771 3115 838; x_wconf 77' lang='grc' dir='ltr'>αὐτὴν</span> <span class='ocrx_word' id='word_1_215' title='bbox 3146 771 3454 841; x_wconf 77' lang='grc' dir='ltr'>ἀναστῆσαι</span> <span class='ocrx_word' id='word_1_216' title='bbox 3483 787 3497 836; x_wconf 89' lang='grc'><strong>;</strong></span> 
     </span>
    </p>
   </div>
   <div class='ocr_carea' id='block_1_36' title="bbox 2408 863 3917 932">
    <p class='ocr_par' dir='ltr' id='par_1_36' title="bbox 2408 863 3917 932">
     <span class='ocr_line' id='line_1_36' title="bbox 2408 863 3917 932; baseline -0.003 -15"><span class='ocrx_word' id='word_1_217' title='bbox 2408 865 2473 917; x_wconf 92' lang='lat'><strong>&#39;0</strong></span> <span class='ocrx_word' id='word_1_218' title='bbox 2504 865 2570 916; x_wconf 82' lang='grc' dir='ltr'>δὲ</span> <span class='ocrx_word' id='word_1_219' title='bbox 2611 864 2853 930; x_wconf 80' lang='grc' dir='ltr'>Ἰησοῦς</span> <span class='ocrx_word' id='word_1_220' title='bbox 2883 893 2952 902; x_wconf 93' lang='lat'><strong><em>—</em></strong></span> <span class='ocrx_word' id='word_1_221' title='bbox 2993 866 3266 916; x_wconf 80' lang='grc' dir='ltr'>πίστευε.</span> <span class='ocrx_word' id='word_1_222' title='bbox 3314 864 3487 926; x_wconf 75' lang='grc' dir='ltr'>Γνοὺς</span> <span class='ocrx_word' id='word_1_223' title='bbox 3523 864 3615 915; x_wconf 77' lang='grc' dir='ltr'>τὸν</span> <span class='ocrx_word' id='word_1_224' title='bbox 3656 863 3917 932; x_wconf 81' lang='grc' dir='ltr'>ἀρχισυν-</span> 
     </span>
    </p>
   </div>
   <div class='ocr_carea' id='block_1_37' title="bbox 2328 950 3927 1025">
    <p class='ocr_par' dir='ltr' id='par_1_37' title="bbox 2328 950 3927 1025">
     <span class='ocr_line' id='line_1_37' title="bbox 2328 950 3927 1025; baseline -0.003 -15"><span class='ocrx_word' id='word_1_225' title='bbox 2328 957 2548 1023; x_wconf 85' lang='grc' dir='ltr'>άγωγον</span> <span class='ocrx_word' id='word_1_226' title='bbox 2613 956 2999 1025; x_wconf 80' lang='grc' dir='ltr'>ἀμϐλυνθέντα</span> <span class='ocrx_word' id='word_1_227' title='bbox 3059 957 3190 1025; x_wconf 78' lang='grc' dir='ltr'>περὶ</span> <span class='ocrx_word' id='word_1_228' title='bbox 3221 955 3320 1025; x_wconf 74' lang='grc' dir='ltr'>τὴν</span> <span class='ocrx_word' id='word_1_229' title='bbox 3380 956 3588 1019; x_wconf 79' lang='grc' dir='ltr'>πίστιν,</span> <span class='ocrx_word' id='word_1_230' title='bbox 3651 950 3741 1008; x_wconf 73' lang='grc' dir='ltr'>οἶα</span> <span class='ocrx_word' id='word_1_231' title='bbox 3803 973 3927 1007; x_wconf 81' lang='grc' dir='ltr'>συν-</span> 
     </span>
    </p>
   </div>
   <div class='ocr_carea' id='block_1_38' title="bbox 2328 1046 3928 1116">
    <p class='ocr_par' dir='ltr' id='par_1_38' title="bbox 2328 1046 3928 1116">
     <span class='ocr_line' id='line_1_38' title="bbox 2328 1046 3928 1116; baseline -0.001 -17"><span class='ocrx_word' id='word_1_232' title='bbox 2328 1049 2649 1115; x_wconf 77' lang='grc' dir='ltr'>απαχθέντα</span> <span class='ocrx_word' id='word_1_233' title='bbox 2702 1052 2814 1109; x_wconf 83' lang='grc' dir='ltr'>τοῖς</span> <span class='ocrx_word' id='word_1_234' title='bbox 2877 1049 3057 1115; x_wconf 83' lang='grc' dir='ltr'>λόγοις</span> <span class='ocrx_word' id='word_1_235' title='bbox 3131 1046 3338 1109; x_wconf 82' lang='grc' dir='ltr'>αὐτῶν,</span> <span class='ocrx_word' id='word_1_236' title='bbox 3404 1047 3762 1116; x_wconf 76' lang='grc' dir='ltr'>ὲπιθαρῤύνει</span> <span class='ocrx_word' id='word_1_237' title='bbox 3839 1048 3928 1099; x_wconf 80' lang='grc' dir='ltr'><strong>καί</strong></span> 
     </span>
    </p>
   </div>
   <div class='ocr_carea' id='block_1_39' title="bbox 2326 1137 3728 1208">
    <p class='ocr_par' dir='ltr' id='par_1_39' title="bbox 2326 1137 3728 1208">
     <span class='ocr_line' id='line_1_39' title="bbox 2326 1137 3728 1208; baseline 0.001 -17"><span class='ocrx_word' id='word_1_238' title='bbox 2326 1141 2632 1192; x_wconf 76' lang='grc' dir='ltr'>ἁνακτᾶται</span> <span class='ocrx_word' id='word_1_239' title='bbox 2675 1139 2772 1208; x_wconf 79' lang='grc' dir='ltr'>τὴν</span> <span class='ocrx_word' id='word_1_240' title='bbox 2811 1138 3102 1191; x_wconf 78' lang='grc' dir='ltr'>ἀσθένειαν</span> <span class='ocrx_word' id='word_1_241' title='bbox 3133 1137 3232 1207; x_wconf 81' lang='grc' dir='ltr'>τῆς</span> <span class='ocrx_word' id='word_1_242' title='bbox 3264 1138 3431 1190; x_wconf 71' lang='grc' dir='ltr'>αὑτοῦ</span> <span class='ocrx_word' id='word_1_243' title='bbox 3465 1140 3728 1200; x_wconf 86' lang='grc' dir='ltr'>πίστεως.</span> 
     </span>
    </p>
   </div>
   <div class='ocr_carea' id='block_1_40' title="bbox 2398 1227 3927 1291">
    <p class='ocr_par' dir='ltr' id='par_1_40' title="bbox 2398 1227 3927 1291">
     <span class='ocr_line' id='line_1_40' title="bbox 2398 1227 3927 1291; baseline -0.003 -8"><span class='ocrx_word' id='word_1_244' title='bbox 2398 1232 2502 1283; x_wconf 82' lang='lat' dir='ltr'><strong>Kul</strong></span> <span class='ocrx_word' id='word_1_245' title='bbox 2541 1234 2651 1283; x_wconf 70' lang='grc' dir='ltr'>οὐκ</span> <span class='ocrx_word' id='word_1_246' title='bbox 2685 1259 2752 1269; x_wconf 90' lang='grc'><strong><em>-</em></strong></span> <span class='ocrx_word' id='word_1_247' title='bbox 2804 1231 3107 1284; x_wconf 79' lang='grc' dir='ltr'>Ἰακώϐου.</span> <span class='ocrx_word' id='word_1_248' title='bbox 3154 1229 3366 1291; x_wconf 77' lang='grc' dir='ltr'>Μόνους</span> <span class='ocrx_word' id='word_1_249' title='bbox 3403 1227 3625 1291; x_wconf 80' lang='grc' dir='ltr'><strong>τούτους</strong></span> <span class='ocrx_word' id='word_1_250' title='bbox 3674 1230 3783 1280; x_wconf 73' lang='grc' dir='ltr'><strong>ἀπὸ</strong></span> <span class='ocrx_word' id='word_1_251' title='bbox 3822 1229 3927 1280; x_wconf 80' lang='grc' dir='ltr'><strong>τῶν</strong></span> 
     </span>
    </p>
   </div>
   <div class='ocr_carea' id='block_1_41' title="bbox 2326 1320 3927 1392">
    <p class='ocr_par' dir='ltr' id='par_1_41' title="bbox 2326 1320 3927 1392">
     <span class='ocr_line' id='line_1_41' title="bbox 2326 1320 3927 1392; baseline -0.003 -18"><span class='ocrx_word' id='word_1_252' title='bbox 2326 1323 2506 1374; x_wconf 83' lang='grc' dir='ltr'>ἄλλων</span> <span class='ocrx_word' id='word_1_253' title='bbox 2560 1322 2826 1392; x_wconf 78' lang='grc' dir='ltr'>μαθητῶν</span> <span class='ocrx_word' id='word_1_254' title='bbox 2877 1320 3329 1391; x_wconf 78' lang='grc' dir='ltr'>συμπαρέλαϐεν,</span> <span class='ocrx_word' id='word_1_255' title='bbox 3361 1321 3436 1382; x_wconf 84' lang='grc' dir='ltr'>ὡς</span> <span class='ocrx_word' id='word_1_256' title='bbox 3485 1321 3927 1389; x_wconf 64' lang='grc' dir='ltr'>διαφορωτὲρους</span> 
     </span>
    </p>
   </div>
   <div class='ocr_carea' id='block_1_42' title="bbox 2328 1411 3927 1482">
    <p class='ocr_par' dir='ltr' id='par_1_42' title="bbox 2328 1411 3927 1482">
     <span class='ocr_line' id='line_1_42' title="bbox 2328 1411 3927 1482; baseline -0.001 -19"><span class='ocrx_word' id='word_1_257' title='bbox 2328 1415 2437 1465; x_wconf 79' lang='grc' dir='ltr'>τῶν</span> <span class='ocrx_word' id='word_1_258' title='bbox 2475 1414 2676 1466; x_wconf 77' lang='grc' dir='ltr'>ἄλλων.</span> <span class='ocrx_word' id='word_1_259' title='bbox 2734 1415 2841 1465; x_wconf 69' lang='grc' dir='ltr'><strong>Καὶ</strong></span> <span class='ocrx_word' id='word_1_260' title='bbox 2886 1416 2993 1482; x_wconf 78' lang='grc' dir='ltr'>γὰρ</span> <span class='ocrx_word' id='word_1_261' title='bbox 3030 1414 3125 1465; x_wconf 80' lang='grc' dir='ltr'>καὶ</span> <span class='ocrx_word' id='word_1_262' title='bbox 3155 1414 3247 1464; x_wconf 76' lang='grc' dir='ltr'><strong>ἐπὶ</strong></span> <span class='ocrx_word' id='word_1_263' title='bbox 3294 1412 3397 1480; x_wconf 71' lang='grc' dir='ltr'>τῆς</span> <span class='ocrx_word' id='word_1_264' title='bbox 3443 1411 3927 1480; x_wconf 67' lang='grc' dir='ltr'><strong>μεταμορφώσεως</strong></span> 
     </span>
    </p>
   </div>
   <div class='ocr_carea' id='block_1_43' title="bbox 2331 1505 3565 1574">
    <p class='ocr_par' dir='ltr' id='par_1_43' title="bbox 2331 1505 3565 1574">
     <span class='ocr_line' id='line_1_43' title="bbox 2331 1505 3565 1574; baseline -0.002 -16"><span class='ocrx_word' id='word_1_265' title='bbox 2331 1507 2520 1570; x_wconf 74' lang='grc' dir='ltr'>αὑτοῦ,</span> <span class='ocrx_word' id='word_1_266' title='bbox 2551 1507 2749 1574; x_wconf 82' lang='grc' dir='ltr'>μόνους</span> <span class='ocrx_word' id='word_1_267' title='bbox 2780 1507 3000 1570; x_wconf 78' lang='grc' dir='ltr'>τούτους</span> <span class='ocrx_word' id='word_1_268' title='bbox 3028 1505 3306 1574; x_wconf 84' lang='grc' dir='ltr'>παρέλαϐε</span> <span class='ocrx_word' id='word_1_269' title='bbox 3341 1505 3565 1566; x_wconf 78' lang='grc' dir='ltr'>θεατὰς.</span> 
     </span>
    </p>
   </div>
   <div class='ocr_carea' id='block_1_44' title="bbox 2397 1596 3925 1669">
    <p class='ocr_par' dir='ltr' id='par_1_44' title="bbox 2397 1596 3925 1669">
     <span class='ocr_line' id='line_1_44' title="bbox 2397 1596 3925 1669; baseline -0.002 -19"><span class='ocrx_word' id='word_1_270' title='bbox 2397 1600 2506 1650; x_wconf 78' lang='grc' dir='ltr'><strong>Καὶ</strong></span> <span class='ocrx_word' id='word_1_271' title='bbox 2531 1598 2766 1668; x_wconf 75' lang='grc' dir='ltr'>ζήτησον</span> <span class='ocrx_word' id='word_1_272' title='bbox 2807 1600 2863 1650; x_wconf 81' lang='grc' dir='ltr'>ἐν</span> <span class='ocrx_word' id='word_1_273' title='bbox 2893 1599 2971 1667; x_wconf 78' lang='grc' dir='ltr'>τῷ</span> <span class='ocrx_word' id='word_1_274' title='bbox 3012 1597 3328 1669; x_wconf 87' lang='grc' dir='ltr'>τριακοστῷ</span> <span class='ocrx_word' id='word_1_275' title='bbox 3357 1598 3608 1667; x_wconf 73' lang='grc' dir='ltr'>τετάρτῳ</span> <span class='ocrx_word' id='word_1_276' title='bbox 3634 1596 3925 1665; x_wconf 69' lang='grc' dir='ltr'>κεφαλαίῳ</span> 
     </span>
    </p>
   </div>
   <div class='ocr_carea' id='block_1_45' title="bbox 2326 1690 3926 1759">
    <p class='ocr_par' dir='ltr' id='par_1_45' title="bbox 2326 1690 3926 1759">
     <span class='ocr_line' id='line_1_45' title="bbox 2326 1690 3926 1759; baseline -0.001 -18"><span class='ocrx_word' id='word_1_277' title='bbox 2326 1692 2416 1742; x_wconf 73' lang='grc' dir='ltr'>τοῦ</span> <span class='ocrx_word' id='word_1_278' title='bbox 2447 1691 2587 1744; x_wconf 81' lang='grc' dir='ltr'>κατὰ</span> <span class='ocrx_word' id='word_1_279' title='bbox 2645 1691 2929 1744; x_wconf 86' lang='grc' dir='ltr'>Ματθαίον</span> <span class='ocrx_word' id='word_1_280' title='bbox 2991 1692 3091 1752; x_wconf 75' lang='grc' dir='ltr'>τὰς</span> <span class='ocrx_word' id='word_1_281' title='bbox 3144 1690 3326 1752; x_wconf 86' lang='grc' dir='ltr'>αἰτίας</span> <span class='ocrx_word' id='word_1_282' title='bbox 3364 1690 3466 1759; x_wconf 70' lang='grc' dir='ltr'>τῆς</span> <span class='ocrx_word' id='word_1_283' title='bbox 3525 1691 3926 1758; x_wconf 74' lang='grc' dir='ltr'>προτιμήσεως</span> 
     </span>
    </p>
   </div>
   <div class='ocr_carea' id='block_1_46' title="bbox 2323 1782 3926 1853">
    <p class='ocr_par' dir='ltr' id='par_1_46' title="bbox 2323 1782 3926 1853">
     <span class='ocr_line' id='line_1_46' title="bbox 2323 1782 3926 1853; baseline -0.001 -19"><span class='ocrx_word' id='word_1_284' title='bbox 2323 1785 2524 1835; x_wconf 74' lang='grc' dir='ltr'>αὐτῶν.</span> <span class='ocrx_word' id='word_1_285' title='bbox 2560 1783 2844 1853; x_wconf 79' lang='grc' dir='ltr'>ΙΙροετίμα</span> <span class='ocrx_word' id='word_1_286' title='bbox 2878 1783 2934 1835; x_wconf 84' lang='grc' dir='ltr'>δὲ</span> <span class='ocrx_word' id='word_1_287' title='bbox 2964 1784 3208 1846; x_wconf 76' lang='grc' dir='ltr'>τούτους,</span> <span class='ocrx_word' id='word_1_288' title='bbox 3252 1785 3340 1836; x_wconf 83' lang='grc' dir='ltr'>ἵνα</span> <span class='ocrx_word' id='word_1_289' title='bbox 3371 1784 3466 1835; x_wconf 76' lang='grc' dir='ltr'>καὶ</span> <span class='ocrx_word' id='word_1_290' title='bbox 3488 1785 3536 1836; x_wconf 87' lang='grc' dir='ltr'><strong>οἰ</strong></span> <span class='ocrx_word' id='word_1_291' title='bbox 3577 1782 3926 1837; x_wconf 68' lang='grc' dir='ltr'>ἑλλοιτοιοῦ-</span> 
     </span>
    </p>
   </div>
   <div class='ocr_carea' id='block_1_47' title="bbox 2247 1852 2731 1941">
    <p class='ocr_par' dir='ltr' id='par_1_47' title="bbox 2247 1852 2731 1941">
     <span class='ocr_line' id='line_1_47' title="bbox 2247 1852 2731 1941; baseline 0.004 -14"><span class='ocrx_word' id='word_1_292' title='bbox 2247 1852 2290 1912; x_wconf 70' lang='grc' dir='ltr'><strong>Β</strong></span> <span class='ocrx_word' id='word_1_293' title='bbox 2323 1892 2404 1927; x_wconf 82' lang='grc' dir='ltr'><strong>τοι</strong></span> <span class='ocrx_word' id='word_1_294' title='bbox 2444 1878 2731 1941; x_wconf 75' lang='grc' dir='ltr'>γένωνται.</span> 
     </span>
    </p>
   </div>
   <div class='ocr_carea' id='block_1_48' title="bbox 2401 1965 3925 2034">
    <p class='ocr_par' dir='ltr' id='par_1_48' title="bbox 2401 1965 3925 2034">
     <span class='ocr_line' id='line_1_48' title="bbox 2401 1965 3925 2034; baseline -0.002 -15"><span class='ocrx_word' id='word_1_295' title='bbox 2401 1969 2508 2019; x_wconf 86' lang='lat' dir='ltr'><strong>Kal</strong></span> <span class='ocrx_word' id='word_1_296' title='bbox 2551 1967 2785 2034; x_wconf 73' lang='grc' dir='ltr'>ἔρχεται</span> <span class='ocrx_word' id='word_1_297' title='bbox 2813 1997 2880 2007; x_wconf 90' lang='lat'><strong>-—-</strong></span> <span class='ocrx_word' id='word_1_298' title='bbox 2905 1967 3002 2020; x_wconf 82' lang='grc' dir='ltr'><strong>καί</strong></span> <span class='ocrx_word' id='word_1_299' title='bbox 3043 1965 3462 2032; x_wconf 66' lang='grc' dir='ltr'><strong>ἀλαλάζοντας</strong></span> <span class='ocrx_word' id='word_1_300' title='bbox 3491 1966 3719 2020; x_wconf 67' lang='grc' dir='ltr'><strong>πολλά.</strong></span> <span class='ocrx_word' id='word_1_301' title='bbox 3760 1966 3925 2018; x_wconf 74' lang='grc' dir='ltr'><strong>Ἦλὰο</strong></span> 
     </span>
    </p>
   </div>
   <div class='ocr_carea' id='block_1_49' title="bbox 2330 2055 3925 2130">
    <p class='ocr_par' dir='ltr' id='par_1_49' title="bbox 2330 2055 3925 2130">
     <span class='ocr_line' id='line_1_49' title="bbox 2330 2055 3925 2130; baseline -0.001 -20"><span class='ocrx_word' id='word_1_302' title='bbox 2330 2058 2492 2122; x_wconf 70' lang='grc' dir='ltr'>λαξον</span> <span class='ocrx_word' id='word_1_303' title='bbox 2535 2061 2584 2110; x_wconf 94' lang='grc' dir='ltr'><strong>οἰ</strong></span> <span class='ocrx_word' id='word_1_304' title='bbox 2620 2060 2878 2127; x_wconf 74' lang='grc' dir='ltr'>αὐληταὶ,</span> <span class='ocrx_word' id='word_1_305' title='bbox 2911 2062 3040 2130; x_wconf 70' lang='grc' dir='ltr'>περὶ</span> <span class='ocrx_word' id='word_1_306' title='bbox 3073 2055 3148 2113; x_wconf 80' lang='grc' dir='ltr'>ὧν</span> <span class='ocrx_word' id='word_1_307' title='bbox 3187 2063 3497 2130; x_wconf 76' lang='grc' dir='ltr'>εἰρήκαμεν</span> <span class='ocrx_word' id='word_1_308' title='bbox 3532 2062 3590 2112; x_wconf 79' lang='grc' dir='ltr'>ὲν</span> <span class='ocrx_word' id='word_1_309' title='bbox 3631 2060 3707 2130; x_wconf 83' lang='grc' dir='ltr'>τῷ</span> <span class='ocrx_word' id='word_1_310' title='bbox 3739 2057 3925 2123; x_wconf 76' lang='grc' dir='ltr'>ἑξκαι-</span> 
     </span>
    </p>
   </div>
   <div class='ocr_carea' id='block_1_50' title="bbox 2331 2150 3497 2217">
    <p class='ocr_par' dir='ltr' id='par_1_50' title="bbox 2331 2150 3497 2217">
     <span class='ocr_line' id='line_1_50' title="bbox 2331 2150 3497 2217; baseline 0.007 -18"><span class='ocrx_word' id='word_1_311' title='bbox 2331 2150 2542 2215; x_wconf 83' lang='grc' dir='ltr'>δεκὰτῳ</span> <span class='ocrx_word' id='word_1_312' title='bbox 2575 2151 2857 2217; x_wconf 76' lang='grc' dir='ltr'><strong>κεφαλαίῳ</strong></span> <span class='ocrx_word' id='word_1_313' title='bbox 2891 2152 2984 2203; x_wconf 81' lang='grc' dir='ltr'>τοῦ</span> <span class='ocrx_word' id='word_1_314' title='bbox 3017 2153 3160 2205; x_wconf 76' lang='grc' dir='ltr'>κατὰ</span> <span class='ocrx_word' id='word_1_315' title='bbox 3195 2153 3497 2207; x_wconf 83' lang='grc' dir='ltr'>Ματθαιον.</span> 
     </span>
    </p>
   </div>
   <div class='ocr_carea' id='block_1_51' title="bbox 1758 2242 3921 2315">
    <p class='ocr_par' dir='ltr' id='par_1_51' title="bbox 1758 2242 3921 2315">
     <span class='ocr_line' id='line_1_51' title="bbox 1758 2242 3921 2315; baseline 0.002 -23"><span class='ocrx_word' id='word_1_316' title='bbox 1758 2255 1896 2292; x_wconf 89' lang='lat' dir='ltr'><strong>sono</strong></span> <span class='ocrx_word' id='word_1_317' title='bbox 1965 2255 2167 2292; x_wconf 88' lang='lat' dir='ltr'><strong>sonum</strong></span> <span class='ocrx_word' id='word_1_318' title='bbox 2235 2242 2568 2310; x_wconf 79' lang='lat' dir='ltr'><strong>excipiente,</strong></span> <span class='ocrx_word' id='word_1_319' title='bbox 2605 2246 3066 2311; x_wconf 85' lang='lat' dir='ltr'><strong>quemadmodum</strong></span> <span class='ocrx_word' id='word_1_320' title='bbox 3130 2247 3188 2300; x_wconf 83' lang='lat' dir='ltr'><strong>fit</strong></span> <span class='ocrx_word' id='word_1_321' title='bbox 3251 2248 3304 2301; x_wconf 90' lang='lat' dir='ltr'><strong>in</strong></span> <span class='ocrx_word' id='word_1_322' title='bbox 3357 2246 3652 2315; x_wconf 80' lang='lat' dir='ltr'><strong>lebetibus)</strong></span> <span class='ocrx_word' id='word_1_323' title='bbox 3709 2246 3777 2299; x_wconf 84' lang='lat' dir='ltr'><strong>de</strong></span> <span class='ocrx_word' id='word_1_324' title='bbox 3841 2245 3921 2299; x_wconf 76' lang='lat' dir='ltr'><strong>his</strong></span> 
     </span>
    </p>
   </div>
   <div class='ocr_carea' id='block_1_52' title="bbox 2400 2425 3921 2504">
    <p class='ocr_par' dir='ltr' id='par_1_52' title="bbox 2400 2425 3921 2504">
     <span class='ocr_line' id='line_1_52' title="bbox 2400 2425 3921 2504; baseline 0.001 -19"><span class='ocrx_word' id='word_1_325' title='bbox 2400 2429 2507 2485; x_wconf 85' lang='lat' dir='ltr'><strong>Kal</strong></span> <span class='ocrx_word' id='word_1_326' title='bbox 2549 2428 2847 2483; x_wconf 80' lang='grc' dir='ltr'>εἰσελθὼν</span> <span class='ocrx_word' id='word_1_327' title='bbox 2884 2461 2949 2470; x_wconf 91' lang='grc'><strong>-</strong></span> <span class='ocrx_word' id='word_1_328' title='bbox 2992 2429 3294 2483; x_wconf 83' lang='grc' dir='ltr'>καθεύδει.</span> <span class='ocrx_word' id='word_1_329' title='bbox 3333 2425 3467 2483; x_wconf 83' lang='grc' dir='ltr'>Εῐπε</span> <span class='ocrx_word' id='word_1_330' title='bbox 3509 2431 3690 2495; x_wconf 83' lang='grc' dir='ltr'>τοῦτο,</span> <span class='ocrx_word' id='word_1_331' title='bbox 3730 2434 3921 2504; x_wconf 82' lang='grc' dir='ltr'>πρῶτα</span> 
     </span>
    </p>
   </div>
   <div class='ocr_carea' id='block_1_53' title="bbox 2331 2521 3924 2591">
    <p class='ocr_par' dir='ltr' id='par_1_53' title="bbox 2331 2521 3924 2591">
     <span class='ocr_line' id='line_1_53' title="bbox 2331 2521 3924 2591; baseline 0.004 -19"><span class='ocrx_word' id='word_1_332' title='bbox 2331 2521 2451 2591; x_wconf 71' lang='grc' dir='ltr'>μὲν,</span> <span class='ocrx_word' id='word_1_333' title='bbox 2485 2522 2586 2590; x_wconf 81' lang='grc' dir='ltr'>τὴν</span> <span class='ocrx_word' id='word_1_334' title='bbox 2638 2521 2816 2590; x_wconf 81' lang='grc' dir='ltr'>λύπην</span> <span class='ocrx_word' id='word_1_335' title='bbox 2876 2521 3060 2574; x_wconf 72' lang='grc' dir='ltr'>αὐτῶν</span> <span class='ocrx_word' id='word_1_336' title='bbox 3131 2522 3674 2591; x_wconf 81' lang='grc' dir='ltr'>παραμυθούμενυς’</span> <span class='ocrx_word' id='word_1_337' title='bbox 3735 2526 3924 2578; x_wconf 73' lang='grc' dir='ltr'>ἔπειτα</span> 
     </span>
    </p>
   </div>
   <div class='ocr_carea' id='block_1_54' title="bbox 2326 2613 3920 2686">
    <p class='ocr_par' dir='ltr' id='par_1_54' title="bbox 2326 2613 3920 2686">
     <span class='ocr_line' id='line_1_54' title="bbox 2326 2613 3920 2686; baseline 0.003 -21"><span class='ocrx_word' id='word_1_338' title='bbox 2326 2616 2421 2665; x_wconf 79' lang='grc' dir='ltr'>καὶ</span> <span class='ocrx_word' id='word_1_339' title='bbox 2455 2613 2747 2674; x_wconf 73' lang='grc' dir='ltr'>διδάσκων,</span> <span class='ocrx_word' id='word_1_340' title='bbox 2805 2614 2886 2665; x_wconf 83' lang='grc' dir='ltr'>ὅτι</span> <span class='ocrx_word' id='word_1_341' title='bbox 2939 2615 3072 2683; x_wconf 77' lang='grc' dir='ltr'>παρ’</span> <span class='ocrx_word' id='word_1_342' title='bbox 3100 2614 3332 2676; x_wconf 79' lang='grc' dir='ltr'>ἐκείνοις</span> <span class='ocrx_word' id='word_1_343' title='bbox 3384 2615 3482 2682; x_wconf 81' lang='grc' dir='ltr'>μὲν</span> <span class='ocrx_word' id='word_1_344' title='bbox 3508 2614 3764 2684; x_wconf 84' lang='grc' dir='ltr'>τέθνηκε,</span> <span class='ocrx_word' id='word_1_345' title='bbox 3794 2618 3920 2686; x_wconf 81' lang='grc' dir='ltr'>παρ’</span> 
     </span>
    </p>
   </div>
   <div class='ocr_carea' id='block_1_55' title="bbox 2325 2704 3918 2776">
    <p class='ocr_par' dir='ltr' id='par_1_55' title="bbox 2325 2704 3918 2776">
     <span class='ocr_line' id='line_1_55' title="bbox 2325 2704 3918 2776; baseline 0.001 -19"><span class='ocrx_word' id='word_1_346' title='bbox 2325 2705 2475 2773; x_wconf 81' lang='grc' dir='ltr'>αύτῷ</span> <span class='ocrx_word' id='word_1_347' title='bbox 2526 2705 2584 2757; x_wconf 79' lang='grc' dir='ltr'>δὲ</span> <span class='ocrx_word' id='word_1_348' title='bbox 2618 2707 2909 2773; x_wconf 82' lang='grc' dir='ltr'>κοιμᾶται·</span> <span class='ocrx_word' id='word_1_349' title='bbox 2968 2706 3062 2756; x_wconf 73' lang='grc' dir='ltr'>καὶ</span> <span class='ocrx_word' id='word_1_350' title='bbox 3095 2704 3207 2774; x_wconf 80' lang='grc' dir='ltr'><strong>γὰρ</strong></span> <span class='ocrx_word' id='word_1_351' title='bbox 3249 2707 3449 2757; x_wconf 77' lang='grc' dir='ltr'>ἐκεῖνοι</span> <span class='ocrx_word' id='word_1_352' title='bbox 3491 2706 3612 2773; x_wconf 86' lang='grc' dir='ltr'>μὲν,</span> <span class='ocrx_word' id='word_1_353' title='bbox 3649 2708 3753 2758; x_wconf 72' lang='grc' dir='ltr'>οὐκ</span> <span class='ocrx_word' id='word_1_354' title='bbox 3786 2707 3918 2776; x_wconf 76' lang='grc' dir='ltr'>ἠδύ-</span> 
     </span>
    </p>
   </div>
   <div class='ocr_carea' id='block_1_56' title="bbox 2329 2796 3918 2867">
    <p class='ocr_par' dir='ltr' id='par_1_56' title="bbox 2329 2796 3918 2867">
     <span class='ocr_line' id='line_1_56' title="bbox 2329 2796 3918 2867; baseline 0.002 -18"><span class='ocrx_word' id='word_1_355' title='bbox 2329 2813 2492 2849; x_wconf 90' lang='grc' dir='ltr'>ναντο</span> <span class='ocrx_word' id='word_1_356' title='bbox 2547 2798 2854 2864; x_wconf 77' lang='grc' dir='ltr'>ἀναστῆσαι</span> <span class='ocrx_word' id='word_1_357' title='bbox 2915 2796 3158 2865; x_wconf 86' lang='grc' dir='ltr'>ταύτην·</span> <span class='ocrx_word' id='word_1_358' title='bbox 3197 2798 3362 2858; x_wconf 76' lang='grc' dir='ltr'>αὐτὸς</span> <span class='ocrx_word' id='word_1_359' title='bbox 3402 2797 3588 2850; x_wconf 75' lang='grc' dir='ltr'>δὲκαὶ</span> <span class='ocrx_word' id='word_1_360' title='bbox 3639 2799 3918 2867; x_wconf 75' lang='grc' dir='ltr'>μάλιστα’</span> 
     </span>
    </p>
   </div>
   <div class='ocr_carea' id='block_1_57' title="bbox 2329 2883 3923 2959">
    <p class='ocr_par' dir='ltr' id='par_1_57' title="bbox 2329 2883 3923 2959">
     <span class='ocr_line' id='line_1_57' title="bbox 2329 2883 3923 2959; baseline 0.002 -21"><span class='ocrx_word' id='word_1_361' title='bbox 2329 2883 2449 2939; x_wconf 74' lang='grc' dir='ltr'>εἶτα</span> <span class='ocrx_word' id='word_1_362' title='bbox 2511 2890 2607 2940; x_wconf 69' lang='grc' dir='ltr'><strong>καὶ</strong></span> <span class='ocrx_word' id='word_1_363' title='bbox 2662 2888 2837 2951; x_wconf 80' lang='grc' dir='ltr'>διδοὺς</span> <span class='ocrx_word' id='word_1_364' title='bbox 2901 2887 3129 2958; x_wconf 80' lang='grc' dir='ltr'>Θαρῤεῐν</span> <span class='ocrx_word' id='word_1_365' title='bbox 3186 2887 3299 2956; x_wconf 67' lang='grc'><strong>(46)</strong></span> <span class='ocrx_word' id='word_1_366' title='bbox 3343 2889 3426 2940; x_wconf 81' lang='grc' dir='ltr'>ὅτι</span> <span class='ocrx_word' id='word_1_367' title='bbox 3472 2890 3725 2959; x_wconf 75' lang='grc' dir='ltr'>καθάπερ</span> <span class='ocrx_word' id='word_1_368' title='bbox 3755 2890 3923 2941; x_wconf 76' lang='grc' dir='ltr'>ὕπνον</span> 
     </span>
    </p>
   </div>
   <div class='ocr_carea' id='block_1_58' title="bbox 2326 2977 3917 3051">
    <p class='ocr_par' dir='ltr' id='par_1_58' title="bbox 2326 2977 3917 3051">
     <span class='ocr_line' id='line_1_58' title="bbox 2326 2977 3917 3051; baseline 0.003 -21"><span class='ocrx_word' id='word_1_369' title='bbox 2326 2977 2598 3031; x_wconf 82' lang='grc' dir='ltr'>ἀπελάσει</span> <span class='ocrx_word' id='word_1_370' title='bbox 2629 2979 2720 3030; x_wconf 83' lang='grc' dir='ltr'>τὸν</span> <span class='ocrx_word' id='word_1_371' title='bbox 2752 2980 3012 3043; x_wconf 81' lang='grc' dir='ltr'>θάνατον,</span> <span class='ocrx_word' id='word_1_372' title='bbox 3045 2980 3120 3042; x_wconf 85' lang='grc' dir='ltr'>ὠς</span> <span class='ocrx_word' id='word_1_373' title='bbox 3167 2980 3374 3051; x_wconf 79' lang='grc' dir='ltr'>Κύριος</span> <span class='ocrx_word' id='word_1_374' title='bbox 3429 2980 3689 3045; x_wconf 74' lang='grc' dir='ltr'>θανάτου,</span> <span class='ocrx_word' id='word_1_375' title='bbox 3725 2984 3821 3034; x_wconf 83' lang='grc' dir='ltr'>καὶ</span> <span class='ocrx_word' id='word_1_376' title='bbox 3845 2982 3917 3043; x_wconf 80' lang='grc' dir='ltr'><strong>ὡς</strong></span> 
     </span>
    </p>
   </div>
   <div class='ocr_carea' id='block_1_59' title="bbox 2322 3071 2462 3140">
    <p class='ocr_par' dir='ltr' id='par_1_59' title="bbox 2322 3071 2462 3140">
     <span class='ocr_line' id='line_1_59' title="bbox 2322 3071 2462 3140; baseline 0.043 -6"><span class='ocrx_word' id='word_1_377' title='bbox 2322 3071 2436 3140; x_wconf 75' lang='grc' dir='ltr'>ζωή</span> <span class='ocrx_word' id='word_1_378' title='bbox 2449 3111 2462 3124; x_wconf 88' lang='lat'><strong>-</strong></span> 
     </span>
    </p>
   </div>
   <div class='ocr_carea' id='block_1_60' title="bbox 691 3158 2215 3230">
    <p class='ocr_par' dir='ltr' id='par_1_60' title="bbox 691 3158 2211 3228">
     <span class='ocr_line' id='line_1_60' title="bbox 691 3158 2211 3228; baseline -0.006 -6"><span class='ocrx_word' id='word_1_379' title='bbox 691 3167 961 3223; x_wconf 63' lang='lat' dir='ltr'><strong>VersJO.</strong></span> <span class='ocrx_word' id='word_1_380' title='bbox 993 3165 1372 3219; x_wconf 81' lang='lat' dir='ltr'><strong>Etirridebant</strong></span> <span class='ocrx_word' id='word_1_381' title='bbox 1421 3177 1561 3215; x_wconf 82' lang='lat' dir='ltr'><strong>cum.</strong></span> <span class='ocrx_word' id='word_1_382' title='bbox 1597 3160 1765 3228; x_wconf 85' lang='lat' dir='ltr'><strong>Quasi</strong></span> <span class='ocrx_word' id='word_1_383' title='bbox 1827 3160 2071 3215; x_wconf 88' lang='lat' dir='ltr'><strong>dormire</strong></span> <span class='ocrx_word' id='word_1_384' title='bbox 2125 3158 2211 3214; x_wconf 92' lang='lat' dir='ltr'><strong>di-</strong></span> 
     </span>
    </p>
   </div>
   <div class='ocr_carea' id='block_1_61' title="bbox 2326 3158 3917 3230">
    <p class='ocr_par' dir='ltr' id='par_1_61' title="bbox 2392 3158 3917 3230">
     <span class='ocr_line' id='line_1_61' title="bbox 2392 3158 3917 3230; baseline 0.002 -18"><span class='ocrx_word' id='word_1_385' title='bbox 2392 3158 2504 3212; x_wconf 86' lang='lat' dir='ltr'><strong>Kal</strong></span> <span class='ocrx_word' id='word_1_386' title='bbox 2545 3159 2897 3228; x_wconf 73' lang='grc' dir='ltr'>κατεγέλων</span> <span class='ocrx_word' id='word_1_387' title='bbox 2945 3161 3156 3216; x_wconf 85' lang='grc' dir='ltr'>σὺτοῦ.</span> <span class='ocrx_word' id='word_1_388' title='bbox 3204 3161 3290 3224; x_wconf 81' lang='grc' dir='ltr'>Ὠς</span> <span class='ocrx_word' id='word_1_389' title='bbox 3322 3160 3576 3230; x_wconf 84' lang='grc' dir='ltr'>λέγοντος</span> <span class='ocrx_word' id='word_1_390' title='bbox 3631 3165 3917 3218; x_wconf 81' lang='grc' dir='ltr'>καθεύδειν</span> 
     </span>
    </p>
   </div>
   <div class='ocr_carea' id='block_1_62' title="bbox 616 3245 2215 3325">
    <p class='ocr_par' dir='ltr' id='par_1_62' title="bbox 616 3245 2215 3325">
     <span class='ocr_line' id='line_1_62' title="bbox 616 3245 2215 3325; baseline -0.006 -12"><span class='ocrx_word' id='word_1_391' title='bbox 616 3271 830 3313; x_wconf 85' lang='lat' dir='ltr'><strong>ceutem</strong></span> <span class='ocrx_word' id='word_1_392' title='bbox 859 3259 1005 3311; x_wconf 90' lang='lat' dir='ltr'><strong>illam</strong></span> <span class='ocrx_word' id='word_1_393' title='bbox 1038 3273 1158 3325; x_wconf 56' lang='lat' dir='ltr'><strong>quae</strong></span> <span class='ocrx_word' id='word_1_394' title='bbox 1192 3264 1406 3308; x_wconf 91' lang='lat' dir='ltr'><strong>mortua</strong></span> <span class='ocrx_word' id='word_1_395' title='bbox 1438 3264 1585 3316; x_wconf 84' lang='lat' dir='ltr'><strong>erat,</strong></span> <span class='ocrx_word' id='word_1_396' title='bbox 1634 3253 1875 3306; x_wconf 88' lang='lat' dir='ltr'><strong>scientes</strong></span> <span class='ocrx_word' id='word_1_397' title='bbox 1896 3252 2040 3322; x_wconf 88' lang='lat' dir='ltr'><strong>quod</strong></span> <span class='ocrx_word' id='word_1_398' title='bbox 2071 3245 2215 3305; x_wconf 88' lang='lat' dir='ltr'><strong>mor-</strong></span> 
     </span>
    </p>
   </div>
   <div class='ocr_carea' id='block_1_63' title="bbox 622 3343 2214 3412">
    <p class='ocr_par' dir='ltr' id='par_1_63' title="bbox 622 3343 2214 3412">
     <span class='ocr_line' id='line_1_63' title="bbox 622 3343 2214 3412; baseline -0.004 -8"><span class='ocrx_word' id='word_1_399' title='bbox 622 3361 715 3404; x_wconf 88' lang='lat' dir='ltr'><strong>tua</strong></span> <span class='ocrx_word' id='word_1_400' title='bbox 753 3360 858 3412; x_wconf 87' lang='lat' dir='ltr'><strong>est,</strong></span> <span class='ocrx_word' id='word_1_401' title='bbox 894 3350 1036 3403; x_wconf 65' lang='grc' dir='ltr'>εἰναι</span> <span class='ocrx_word' id='word_1_402' title='bbox 1081 3350 1213 3400; x_wconf 89' lang='lat' dir='ltr'><strong>dicit</strong></span> <span class='ocrx_word' id='word_1_403' title='bbox 1241 3345 1416 3400; x_wconf 86' lang='lat' dir='ltr'><strong>Lucas</strong></span> <span class='ocrx_word' id='word_1_404' title='bbox 1437 3346 1503 3399; x_wconf 80' lang='lat'><strong>&quot;.</strong></span> <span class='ocrx_word' id='word_1_405' title='bbox 1559 3344 1739 3399; x_wconf 83' lang='lat' dir='ltr'><strong>Voluit</strong></span> <span class='ocrx_word' id='word_1_406' title='bbox 1769 3354 1951 3398; x_wconf 89' lang='lat' dir='ltr'><strong>autem</strong></span> <span class='ocrx_word' id='word_1_407' title='bbox 1981 3352 2036 3397; x_wconf 90' lang='lat' dir='ltr'><strong>et</strong></span> <span class='ocrx_word' id='word_1_408' title='bbox 2098 3343 2214 3412; x_wconf 89' lang='lat' dir='ltr'><strong>ipse</strong></span> 
     </span>
    </p>
   </div>
   <div class='ocr_carea' id='block_1_64' title="bbox 617 3436 2213 3507">
    <p class='ocr_par' dir='ltr' id='par_1_64' title="bbox 617 3436 2213 3507">
     <span class='ocr_line' id='line_1_64' title="bbox 617 3436 2213 3507; baseline -0.004 -10"><span class='ocrx_word' id='word_1_409' title='bbox 617 3442 863 3504; x_wconf 74' lang='lat' dir='ltr'><strong>irrideri,</strong></span> <span class='ocrx_word' id='word_1_410' title='bbox 899 3451 957 3494; x_wconf 94' lang='lat' dir='ltr'><strong>ut</strong></span> <span class='ocrx_word' id='word_1_411' title='bbox 987 3451 1042 3494; x_wconf 92' lang='lat' dir='ltr'><strong>et</strong></span> <span class='ocrx_word' id='word_1_412' title='bbox 1078 3440 1332 3494; x_wconf 88' lang='lat' dir='ltr'><strong>tibicines</strong></span> <span class='ocrx_word' id='word_1_413' title='bbox 1383 3448 1437 3492; x_wconf 88' lang='lat' dir='ltr'><strong>et</strong></span> <span class='ocrx_word' id='word_1_414' title='bbox 1476 3438 1569 3507; x_wconf 93' lang='lat' dir='ltr'><strong>qui</strong></span> <span class='ocrx_word' id='word_1_415' title='bbox 1627 3436 1952 3501; x_wconf 88' lang='lat' dir='ltr'><strong>irrisissent,</strong></span> <span class='ocrx_word' id='word_1_416' title='bbox 1995 3436 2213 3505; x_wconf 89' lang='lat' dir='ltr'><strong>aliaque</strong></span> 
     </span>
    </p>
   </div>
   <div class='ocr_carea' id='block_1_65' title="bbox 619 3525 2214 3596">
    <p class='ocr_par' dir='ltr' id='par_1_65' title="bbox 619 3525 2214 3596">
     <span class='ocr_line' id='line_1_65' title="bbox 619 3525 2214 3596; baseline -0.004 -10"><span class='ocrx_word' id='word_1_417' title='bbox 619 3535 842 3593; x_wconf 82' lang='lat' dir='ltr'><strong>similia,</strong></span> <span class='ocrx_word' id='word_1_418' title='bbox 867 3531 1266 3585; x_wconf 87' lang='lat' dir='ltr'><strong>demonstratio</strong></span> <span class='ocrx_word' id='word_1_419' title='bbox 1295 3530 1490 3583; x_wconf 86' lang='lat' dir='ltr'><strong>fierent</strong></span> <span class='ocrx_word' id='word_1_420' title='bbox 1520 3526 1831 3590; x_wconf 89' lang='lat' dir='ltr'><strong>manifesta,</strong></span> <span class='ocrx_word' id='word_1_421' title='bbox 1862 3525 2009 3596; x_wconf 88' lang='lat' dir='ltr'><strong>quod</strong></span> <span class='ocrx_word' id='word_1_422' title='bbox 2067 3541 2214 3580; x_wconf 81' lang='lat' dir='ltr'><strong>mor-</strong></span> 
     </span>
    </p>
   </div>
   <div class='ocr_carea' id='block_1_66' title="bbox 617 3621 2212 3695">
    <p class='ocr_par' dir='ltr' id='par_1_66' title="bbox 617 3621 2212 3695">
     <span class='ocr_line' id='line_1_66' title="bbox 617 3621 2212 3695; baseline -0.004 -14"><span class='ocrx_word' id='word_1_423' title='bbox 617 3637 710 3682; x_wconf 89' lang='lat' dir='ltr'><strong>tua</strong></span> <span class='ocrx_word' id='word_1_424' title='bbox 779 3628 972 3680; x_wconf 82' lang='lat' dir='ltr'><strong>fuisset</strong></span> <span class='ocrx_word' id='word_1_425' title='bbox 1034 3626 1233 3695; x_wconf 79' lang='lat' dir='ltr'><strong>puella,</strong></span> <span class='ocrx_word' id='word_1_426' title='bbox 1290 3638 1391 3677; x_wconf 89' lang='lat' dir='ltr'><strong>nec</strong></span> <span class='ocrx_word' id='word_1_427' title='bbox 1439 3631 1626 3692; x_wconf 70' lang='lat' dir='ltr'><strong>posset</strong></span> <span class='ocrx_word' id='word_1_428' title='bbox 1679 3622 1867 3675; x_wconf 88' lang='lat' dir='ltr'><strong>dicere</strong></span> <span class='ocrx_word' id='word_1_429' title='bbox 1923 3621 2212 3692; x_wconf 85' lang='lat' dir='ltr'><strong>quisquam</strong></span> 
     </span>
    </p>
   </div>
   <div class='ocr_carea' id='block_1_67' title="bbox 616 3711 2213 3790">
    <p class='ocr_par' dir='ltr' id='par_1_67' title="bbox 616 3711 2213 3790">
     <span class='ocr_line' id='line_1_67' title="bbox 616 3711 2213 3790; baseline -0.004 -18"><span class='ocrx_word' id='word_1_430' title='bbox 616 3721 994 3790; x_wconf 85' lang='lat' dir='ltr'><strong>postmodum,</strong></span> <span class='ocrx_word' id='word_1_431' title='bbox 1022 3720 1164 3786; x_wconf 88' lang='lat' dir='ltr'><strong>quod</strong></span> <span class='ocrx_word' id='word_1_432' title='bbox 1203 3726 1414 3770; x_wconf 80' lang='lat' dir='ltr'><strong>mortua</strong></span> <span class='ocrx_word' id='word_1_433' title='bbox 1438 3729 1546 3768; x_wconf 88' lang='lat' dir='ltr'><strong>non</strong></span> <span class='ocrx_word' id='word_1_434' title='bbox 1586 3713 1772 3767; x_wconf 89' lang='lat' dir='ltr'><strong>fuerit.</strong></span> <span class='ocrx_word' id='word_1_435' title='bbox 1812 3711 1944 3766; x_wconf 84' lang='lat' dir='ltr'><strong>Nam</strong></span> <span class='ocrx_word' id='word_1_436' title='bbox 1985 3723 2213 3781; x_wconf 88' lang='lat' dir='ltr'><strong>propter</strong></span> 
     </span>
    </p>
   </div>
   <div class='ocr_carea' id='block_1_68' title="bbox 618 3795 2210 3871">
    <p class='ocr_par' dir='ltr' id='par_1_68' title="bbox 618 3795 2210 3871">
     <span class='ocr_line' id='line_1_68' title="bbox 618 3795 2210 3871; baseline -0.004 -14"><span class='ocrx_word' id='word_1_437' title='bbox 618 3806 720 3857; x_wconf 74' lang='lat' dir='ltr'><strong>huc</strong></span> <span class='ocrx_word' id='word_1_438' title='bbox 749 3818 969 3871; x_wconf 89' lang='lat' dir='ltr'><strong>quoque</strong></span> <span class='ocrx_word' id='word_1_439' title='bbox 1002 3804 1327 3855; x_wconf 79' lang='lat' dir='ltr'><strong>immoratus</strong></span> <span class='ocrx_word' id='word_1_440' title='bbox 1355 3808 1439 3852; x_wconf 91' lang='lat' dir='ltr'><strong>est</strong></span> <span class='ocrx_word' id='word_1_441' title='bbox 1463 3798 1609 3852; x_wconf 86' lang='lat' dir='ltr'><strong>circa</strong></span> <span class='ocrx_word' id='word_1_442' title='bbox 1650 3797 1975 3851; x_wconf 87' lang='lat' dir='ltr'><strong>miraculum</strong></span> <span class='ocrx_word' id='word_1_443' title='bbox 2005 3795 2210 3852; x_wconf 90' lang='lat' dir='ltr'><strong>factum</strong></span> 
     </span>
    </p>
   </div>
   <div class='ocr_carea' id='block_1_69' title="bbox 618 3890 2210 3962">
    <p class='ocr_par' dir='ltr' id='par_1_69' title="bbox 618 3890 2210 3962">
     <span class='ocr_line' id='line_1_69' title="bbox 618 3890 2210 3962; baseline -0.002 -15"><span class='ocrx_word' id='word_1_444' title='bbox 618 3898 670 3947; x_wconf 90' lang='lat' dir='ltr'><strong>in</strong></span> <span class='ocrx_word' id='word_1_445' title='bbox 703 3896 951 3957; x_wconf 89' lang='lat' dir='ltr'><strong>muliere,</strong></span> <span class='ocrx_word' id='word_1_446' title='bbox 993 3909 1114 3961; x_wconf 73' lang='lat' dir='ltr'><strong>qua:</strong></span> <span class='ocrx_word' id='word_1_447' title='bbox 1145 3892 1429 3962; x_wconf 77' lang='lat' dir='ltr'><strong>sanguinis</strong></span> <span class='ocrx_word' id='word_1_448' title='bbox 1460 3890 1666 3945; x_wconf 82' lang='lat' dir='ltr'><strong>ﬂuxum</strong></span> <span class='ocrx_word' id='word_1_449' title='bbox 1705 3890 2020 3960; x_wconf 81' lang='lat' dir='ltr'><strong>patiebatur</strong></span> <span class='ocrx_word' id='word_1_450' title='bbox 2077 3906 2093 3946; x_wconf 89' lang='lat'><strong>:</strong></span> <span class='ocrx_word' id='word_1_451' title='bbox 2151 3899 2210 3944; x_wconf 91' lang='lat' dir='ltr'><strong>ut</strong></span> 
     </span>
    </p>
   </div>
   <div class='ocr_carea' id='block_1_70' title="bbox 618 3981 2206 4054">
    <p class='ocr_par' dir='ltr' id='par_1_70' title="bbox 618 3981 2206 4054">
     <span class='ocr_line' id='line_1_70' title="bbox 618 3981 2206 4054; baseline -0.001 -18"><span class='ocrx_word' id='word_1_452' title='bbox 618 3988 912 4038; x_wconf 80' lang='lat' dir='ltr'><strong>manifeste</strong></span> <span class='ocrx_word' id='word_1_453' title='bbox 930 3985 1107 4054; x_wconf 84' lang='lat' dir='ltr'><strong>puella</strong></span> <span class='ocrx_word' id='word_1_454' title='bbox 1141 3992 1470 4048; x_wconf 90' lang='lat' dir='ltr'><strong>moreretur,</strong></span> <span class='ocrx_word' id='word_1_455' title='bbox 1497 3991 1552 4036; x_wconf 89' lang='lat' dir='ltr'><strong>et</strong></span> <span class='ocrx_word' id='word_1_456' title='bbox 1571 3982 1821 4036; x_wconf 86' lang='lat' dir='ltr'><strong>tibicines</strong></span> <span class='ocrx_word' id='word_1_457' title='bbox 1839 3981 2206 4047; x_wconf 79' lang='lat' dir='ltr'><strong>inferrentur,</strong></span> 
     </span>
    </p>
   </div>
   <div class='ocr_carea' id='block_1_71' title="bbox 612 4075 1484 4146">
    <p class='ocr_par' dir='ltr' id='par_1_71' title="bbox 612 4075 1484 4146">
     <span class='ocr_line' id='line_1_71' title="bbox 612 4075 1484 4146; baseline 0.002 -18"><span class='ocrx_word' id='word_1_458' title='bbox 612 4087 918 4146; x_wconf 59' lang='lat' dir='ltr'><strong>(va-teraque</strong></span> <span class='ocrx_word' id='word_1_459' title='bbox 939 4092 1038 4129; x_wconf 89' lang='lat' dir='ltr'><strong>suo</strong></span> <span class='ocrx_word' id='word_1_460' title='bbox 1053 4075 1244 4129; x_wconf 81' lang='lat' dir='ltr'><strong>tierent</strong></span> <span class='ocrx_word' id='word_1_461' title='bbox 1270 4077 1484 4130; x_wconf 89' lang='lat' dir='ltr'><strong>ordine.</strong></span> 
     </span>
    </p>
   </div>
   <div class='ocr_carea' id='block_1_72' title="bbox 684 4167 2207 4237">
    <p class='ocr_par' dir='ltr' id='par_1_72' title="bbox 684 4167 2207 4237">
     <span class='ocr_line' id='line_1_72' title="bbox 684 4167 2207 4237; baseline -0.001 -16"><span class='ocrx_word' id='word_1_462' title='bbox 684 4170 837 4221; x_wconf 79' lang='lat' dir='ltr'><strong>Vers.</strong></span> <span class='ocrx_word' id='word_1_463' title='bbox 869 4170 958 4222; x_wconf 76' lang='grc'><strong>40.</strong></span> <span class='ocrx_word' id='word_1_464' title='bbox 995 4168 1064 4221; x_wconf 88' lang='lat' dir='ltr'><strong>Et</strong></span> <span class='ocrx_word' id='word_1_465' title='bbox 1102 4168 1282 4236; x_wconf 80' lang='lat' dir='ltr'><strong>ejectis</strong></span> <span class='ocrx_word' id='word_1_466' title='bbox 1303 4169 1544 4221; x_wconf 69' lang='lat' dir='ltr'><strong>omnibus</strong></span> <span class='ocrx_word' id='word_1_467' title='bbox 1573 4199 1641 4208; x_wconf 88' lang='lat'><strong>-</strong></span> <span class='ocrx_word' id='word_1_468' title='bbox 1683 4184 1874 4237; x_wconf 77' lang='lat' dir='ltr'><strong>eosque</strong></span> <span class='ocrx_word' id='word_1_469' title='bbox 1912 4167 2004 4236; x_wconf 85' lang='lat' dir='ltr'><strong>qui</strong></span> <span class='ocrx_word' id='word_1_470' title='bbox 2029 4184 2207 4220; x_wconf 77' lang='lat' dir='ltr'><strong>secum</strong></span> 
     </span>
    </p>
   </div>
   <div class='ocr_carea' id='block_1_73' title="bbox 611 4259 2206 4328">
    <p class='ocr_par' dir='ltr' id='par_1_73' title="bbox 611 4259 2206 4328">
     <span class='ocr_line' id='line_1_73' title="bbox 611 4259 2206 4328; baseline -0.001 -13"><span class='ocrx_word' id='word_1_471' title='bbox 611 4271 784 4315; x_wconf 82' lang='lat' dir='ltr'><strong>erant.</strong></span> <span class='ocrx_word' id='word_1_472' title='bbox 830 4262 936 4314; x_wconf 80' lang='lat' dir='ltr'><strong>Eos</strong></span> <span class='ocrx_word' id='word_1_473' title='bbox 1003 4261 1095 4328; x_wconf 91' lang='lat' dir='ltr'><strong>qui</strong></span> <span class='ocrx_word' id='word_1_474' title='bbox 1137 4275 1323 4313; x_wconf 87' lang='lat' dir='ltr'><strong>secum</strong></span> <span class='ocrx_word' id='word_1_475' title='bbox 1349 4260 1782 4328; x_wconf 74' lang='lat' dir='ltr'><strong>ingressicrant.</strong></span> <span class='ocrx_word' id='word_1_476' title='bbox 1827 4259 1969 4312; x_wconf 90' lang='lat' dir='ltr'><strong>Dicit</strong></span> <span class='ocrx_word' id='word_1_477' title='bbox 2020 4270 2206 4313; x_wconf 82' lang='lat' dir='ltr'><strong>autem</strong></span> 
     </span>
    </p>
   </div>
   <div class='ocr_carea' id='block_1_74' title="bbox 618 4351 2207 4421">
    <p class='ocr_par' dir='ltr' id='par_1_74' title="bbox 618 4351 2207 4421">
     <span class='ocr_line' id='line_1_74' title="bbox 618 4351 2207 4421; baseline 0 -15"><span class='ocrx_word' id='word_1_478' title='bbox 618 4351 1160 4416; x_wconf 74' lang='lat' dir='ltr'><strong>l’etrtttti,.|ac0bttm</strong></span> <span class='ocrx_word' id='word_1_479' title='bbox 1219 4363 1274 4404; x_wconf 92' lang='lat' dir='ltr'><strong>et</strong></span> <span class='ocrx_word' id='word_1_480' title='bbox 1303 4351 1594 4404; x_wconf 79' lang='lat' dir='ltr'><strong>Joannem.</strong></span> <span class='ocrx_word' id='word_1_481' title='bbox 1657 4352 1875 4406; x_wconf 80' lang='lat' dir='ltr'><strong>Patrem</strong></span> <span class='ocrx_word' id='word_1_482' title='bbox 1937 4351 2207 4421; x_wconf 87' lang='lat' dir='ltr'><strong>siquidem</strong></span> 
     </span>
    </p>
   </div>
   <div class='ocr_carea' id='block_1_75' title="bbox 619 4443 2202 4514">
    <p class='ocr_par' dir='ltr' id='par_1_75' title="bbox 619 4443 2202 4514">
     <span class='ocr_line' id='line_1_75' title="bbox 619 4443 2202 4514; baseline 0.001 -19"><span class='ocrx_word' id='word_1_483' title='bbox 619 4453 962 4512; x_wconf 67' lang='grc' dir='ltr'>ιιικιτιοιιιιιυε</span> <span class='ocrx_word' id='word_1_484' title='bbox 995 4443 1212 4511; x_wconf 72' lang='grc' dir='ltr'>ρυεΙΙ.ε,</span> <span class='ocrx_word' id='word_1_485' title='bbox 1234 4443 1486 4497; x_wconf 88' lang='lat' dir='ltr'><strong>miraculi</strong></span> <span class='ocrx_word' id='word_1_486' title='bbox 1525 4452 1865 4513; x_wconf 88' lang='lat' dir='ltr'><strong>spectatores</strong></span> <span class='ocrx_word' id='word_1_487' title='bbox 1887 4445 2202 4514; x_wconf 86' lang='lat' dir='ltr'><strong>assumpsit,</strong></span> 
     </span>
    </p>
   </div>
   <div class='ocr_carea' id='block_1_76' title="bbox 613 4523 2278 4604">
    <p class='ocr_par' dir='ltr' id='par_1_76' title="bbox 613 4523 2278 4604">
     <span class='ocr_line' id='line_1_76' title="bbox 613 4523 2278 4604; baseline 0.002 -17"><span class='ocrx_word' id='word_1_488' title='bbox 613 4547 874 4602; x_wconf 81' lang='lat' dir='ltr'><strong>tauquam</strong></span> <span class='ocrx_word' id='word_1_489' title='bbox 913 4533 1109 4602; x_wconf 66' lang='lat' dir='ltr'><strong>puellae</strong></span> <span class='ocrx_word' id='word_1_490' title='bbox 1142 4534 1314 4602; x_wconf 80' lang='lat' dir='ltr'><strong>magis</strong></span> <span class='ocrx_word' id='word_1_491' title='bbox 1342 4533 1710 4599; x_wconf 88' lang='lat' dir='ltr'><strong>domesticos;</strong></span> <span class='ocrx_word' id='word_1_492' title='bbox 1738 4534 2041 4604; x_wconf 87' lang='lat' dir='ltr'><strong>discipulos</strong></span> <span class='ocrx_word' id='word_1_493' title='bbox 2070 4549 2202 4590; x_wconf 85' lang='lat' dir='ltr'><strong>vero</strong></span> <span class='ocrx_word' id='word_1_494' title='bbox 2237 4523 2278 4574; x_wconf 67' lang='grc' dir='ltr'><strong>ι)</strong></span> 
     </span>
    </p>
   </div>
   <div class='ocr_carea' id='block_1_77' title="bbox 612 4625 2196 4694">
    <p class='ocr_par' dir='ltr' id='par_1_77' title="bbox 612 4625 2196 4694">
     <span class='ocr_line' id='line_1_77' title="bbox 612 4625 2196 4694; baseline 0 -14"><span class='ocrx_word' id='word_1_495' title='bbox 612 4639 872 4694; x_wconf 84' lang='lat' dir='ltr'><strong>tanquam</strong></span> <span class='ocrx_word' id='word_1_496' title='bbox 907 4626 1009 4679; x_wconf 89' lang='lat' dir='ltr'><strong>sibi</strong></span> <span class='ocrx_word' id='word_1_497' title='bbox 1049 4625 1155 4694; x_wconf 90' lang='lat' dir='ltr'><strong>ipsi</strong></span> <span class='ocrx_word' id='word_1_498' title='bbox 1189 4625 1356 4694; x_wconf 76' lang='lat' dir='ltr'><strong>magis</strong></span> <span class='ocrx_word' id='word_1_499' title='bbox 1381 4625 1701 4680; x_wconf 84' lang='lat' dir='ltr'><strong>familiares.</strong></span> <span class='ocrx_word' id='word_1_500' title='bbox 1744 4625 1985 4680; x_wconf 66' lang='lat' dir='ltr'><strong>Caeteros</strong></span> <span class='ocrx_word' id='word_1_501' title='bbox 2013 4637 2196 4682; x_wconf 89' lang='lat' dir='ltr'><strong>autem</strong></span> 
     </span>
    </p>
   </div>
   <div class='ocr_carea' id='block_1_78' title="bbox 610 4714 2206 4785">
    <p class='ocr_par' dir='ltr' id='par_1_78' title="bbox 610 4714 2206 4785">
     <span class='ocr_line' id='line_1_78' title="bbox 610 4714 2206 4785; baseline 0.003 -17"><span class='ocrx_word' id='word_1_502' title='bbox 610 4731 806 4769; x_wconf 87' lang='lat' dir='ltr'><strong>omnes</strong></span> <span class='ocrx_word' id='word_1_503' title='bbox 853 4715 1038 4785; x_wconf 71' lang='lat' dir='ltr'><strong>eiecit,</strong></span> <span class='ocrx_word' id='word_1_504' title='bbox 1084 4714 1299 4784; x_wconf 74' lang='lat' dir='ltr'><strong>fugiens</strong></span> <span class='ocrx_word' id='word_1_505' title='bbox 1323 4730 1512 4770; x_wconf 89' lang='lat' dir='ltr'><strong>eorum</strong></span> <span class='ocrx_word' id='word_1_506' title='bbox 1563 4717 1803 4771; x_wconf 86' lang='lat' dir='ltr'><strong>laudem.</strong></span> <span class='ocrx_word' id='word_1_507' title='bbox 1858 4719 1993 4773; x_wconf 83' lang='lat' dir='ltr'><strong>Cum</strong></span> <span class='ocrx_word' id='word_1_508' title='bbox 2056 4720 2206 4772; x_wconf 89' lang='lat' dir='ltr'><strong>enim</strong></span> 
     </span>
    </p>
   </div>
   <div class='ocr_carea' id='block_1_79' title="bbox 2325 3250 3920 3322">
    <p class='ocr_par' dir='ltr' id='par_1_79' title="bbox 2325 3250 3920 3322">
     <span class='ocr_line' id='line_1_79' title="bbox 2325 3250 3920 3322; baseline 0.005 -20"><span class='ocrx_word' id='word_1_509' title='bbox 2325 3250 2426 3322; x_wconf 81' lang='grc' dir='ltr'>τὴν</span> <span class='ocrx_word' id='word_1_510' title='bbox 2451 3252 2800 3320; x_wconf 74' lang='grc' dir='ltr'>τεθνηκυῖαν,</span> <span class='ocrx_word' id='word_1_511' title='bbox 2846 3253 3051 3316; x_wconf 78' lang='grc' dir='ltr'>εἰδότος</span> <span class='ocrx_word' id='word_1_512' title='bbox 3093 3253 3174 3306; x_wconf 79' lang='grc' dir='ltr'>ὅτι</span> <span class='ocrx_word' id='word_1_513' title='bbox 3210 3254 3507 3319; x_wconf 80' lang='grc' dir='ltr'>ἀπέθανεν,</span> <span class='ocrx_word' id='word_1_514' title='bbox 3540 3256 3615 3317; x_wconf 83' lang='grc' dir='ltr'><strong>ὡς</strong></span> <span class='ocrx_word' id='word_1_515' title='bbox 3654 3259 3920 3317; x_wconf 76' lang='grc' dir='ltr'>ὀΛουκᾶς</span> 
     </span>
    </p>
   </div>
   <div class='ocr_carea' id='block_1_80' title="bbox 2325 3340 3919 3422">
    <p class='ocr_par' dir='ltr' id='par_1_80' title="bbox 2325 3340 3919 3422">
     <span class='ocr_line' id='line_1_80' title="bbox 2325 3340 3919 3422; baseline 0.006 -27"><span class='ocrx_word' id='word_1_516' title='bbox 2325 3340 2502 3396; x_wconf 78' lang='grc' dir='ltr'>εἶπεν.</span> <span class='ocrx_word' id='word_1_517' title='bbox 2545 3343 2830 3397; x_wconf 78' lang='grc' dir='ltr'>Ἐϐούλετο</span> <span class='ocrx_word' id='word_1_518' title='bbox 2857 3345 2912 3398; x_wconf 74' lang='grc' dir='ltr'>δὲ</span> <span class='ocrx_word' id='word_1_519' title='bbox 2947 3346 3042 3399; x_wconf 79' lang='grc' dir='ltr'><strong>καί</strong></span> <span class='ocrx_word' id='word_1_520' title='bbox 3073 3347 3236 3408; x_wconf 78' lang='grc' dir='ltr'>αὐτὸς</span> <span class='ocrx_word' id='word_1_521' title='bbox 3289 3349 3799 3422; x_wconf 78' lang='grc' dir='ltr'>καταγελασθῆναι,</span> <span class='ocrx_word' id='word_1_522' title='bbox 3836 3357 3919 3405; x_wconf 72' lang='grc' dir='ltr'>ἵνα</span> 
     </span>
    </p>
   </div>
   <div class='ocr_carea' id='block_1_81' title="bbox 2325 3437 3916 3510">
    <p class='ocr_par' dir='ltr' id='par_1_81' title="bbox 2325 3437 3916 3510">
     <span class='ocr_line' id='line_1_81' title="bbox 2325 3437 3916 3510; baseline 0.006 -21"><span class='ocrx_word' id='word_1_523' title='bbox 2325 3439 2419 3490; x_wconf 76' lang='grc' dir='ltr'><strong>καί</strong></span> <span class='ocrx_word' id='word_1_524' title='bbox 2451 3439 2501 3490; x_wconf 93' lang='grc' dir='ltr'><strong>οἰ</strong></span> <span class='ocrx_word' id='word_1_525' title='bbox 2533 3437 2767 3508; x_wconf 75' lang='grc' dir='ltr'>αὐληταὶ</span> <span class='ocrx_word' id='word_1_526' title='bbox 2821 3441 2966 3493; x_wconf 72' lang='grc' dir='ltr'>καὶὸ</span> <span class='ocrx_word' id='word_1_527' title='bbox 2998 3441 3341 3508; x_wconf 81' lang='grc' dir='ltr'>κατάγελως,</span> <span class='ocrx_word' id='word_1_528' title='bbox 3400 3444 3498 3497; x_wconf 82' lang='grc' dir='ltr'>καὶ</span> <span class='ocrx_word' id='word_1_529' title='bbox 3551 3446 3620 3498; x_wconf 84' lang='grc' dir='ltr'>τὰ</span> <span class='ocrx_word' id='word_1_530' title='bbox 3669 3447 3916 3510; x_wconf 80' lang='grc' dir='ltr'>τοιαῦτα,</span> 
     </span>
    </p>
   </div>
   <div class='ocr_carea' id='block_1_82' title="bbox 2326 3527 3917 3608">
    <p class='ocr_par' dir='ltr' id='par_1_82' title="bbox 2326 3527 3917 3608">
     <span class='ocr_line' id='line_1_82' title="bbox 2326 3527 3917 3608; baseline 0.007 -26"><span class='ocrx_word' id='word_1_531' title='bbox 2326 3530 2506 3600; x_wconf 80' lang='grc' dir='ltr'>σαφὴς</span> <span class='ocrx_word' id='word_1_532' title='bbox 2537 3527 2647 3584; x_wconf 84' lang='grc' dir='ltr'>εἷεν</span> <span class='ocrx_word' id='word_1_533' title='bbox 2701 3533 2982 3597; x_wconf 61' lang='grc' dir='ltr'>ἀπύδειξις</span> <span class='ocrx_word' id='word_1_534' title='bbox 3039 3533 3133 3586; x_wconf 83' lang='grc' dir='ltr'>τοῦ</span> <span class='ocrx_word' id='word_1_535' title='bbox 3170 3534 3494 3606; x_wconf 79' lang='grc' dir='ltr'>τεθνηκέναι</span> <span class='ocrx_word' id='word_1_536' title='bbox 3544 3539 3604 3590; x_wconf 82' lang='grc' dir='ltr'>τὸ</span> <span class='ocrx_word' id='word_1_537' title='bbox 3630 3542 3917 3608; x_wconf 78' lang='grc' dir='ltr'>κοράσιον,</span> 
     </span>
    </p>
   </div>
   <div class='ocr_carea' id='block_1_83' title="bbox 2323 3623 3914 3703">
    <p class='ocr_par' dir='ltr' id='par_1_83' title="bbox 2323 3623 3914 3703">
     <span class='ocr_line' id='line_1_83' title="bbox 2323 3623 3914 3703; baseline 0.008 -29"><span class='ocrx_word' id='word_1_538' title='bbox 2323 3624 2419 3674; x_wconf 74' lang='grc' dir='ltr'>καὶ</span> <span class='ocrx_word' id='word_1_539' title='bbox 2459 3623 2649 3691; x_wconf 71' lang='grc' dir='ltr'>μηδεὶς</span> <span class='ocrx_word' id='word_1_540' title='bbox 2674 3623 2903 3695; x_wconf 69' lang='grc' dir='ltr'>ὕστερον</span> <span class='ocrx_word' id='word_1_541' title='bbox 2931 3626 3192 3697; x_wconf 77' lang='grc' dir='ltr'>δυνηθείη</span> <span class='ocrx_word' id='word_1_542' title='bbox 3222 3627 3426 3696; x_wconf 85' lang='grc' dir='ltr'>λέγειν,</span> <span class='ocrx_word' id='word_1_543' title='bbox 3457 3630 3542 3682; x_wconf 82' lang='grc' dir='ltr'>ὅτι</span> <span class='ocrx_word' id='word_1_544' title='bbox 3568 3632 3629 3683; x_wconf 78' lang='grc' dir='ltr'><strong>ού</strong></span> <span class='ocrx_word' id='word_1_545' title='bbox 3658 3632 3914 3703; x_wconf 81' lang='grc' dir='ltr'>τέθνηκε·</span> 
     </span>
    </p>
   </div>
   <div class='ocr_carea' id='block_1_84' title="bbox 2322 3715 3917 3794">
    <p class='ocr_par' dir='ltr' id='par_1_84' title="bbox 2322 3715 3917 3794">
     <span class='ocr_line' id='line_1_84' title="bbox 2322 3715 3917 3794; baseline 0.006 -26"><span class='ocrx_word' id='word_1_546' title='bbox 2322 3715 2412 3768; x_wconf 78' lang='grc' dir='ltr'>διὰ</span> <span class='ocrx_word' id='word_1_547' title='bbox 2439 3715 2598 3768; x_wconf 78' lang='grc' dir='ltr'>τοῦτο</span> <span class='ocrx_word' id='word_1_548' title='bbox 2636 3717 2746 3787; x_wconf 82' lang='grc' dir='ltr'>γὰρ</span> <span class='ocrx_word' id='word_1_549' title='bbox 2777 3717 2870 3768; x_wconf 81' lang='grc' dir='ltr'>καὶ</span> <span class='ocrx_word' id='word_1_550' title='bbox 2896 3718 2976 3788; x_wconf 84' lang='grc' dir='ltr'>τῷ</span> <span class='ocrx_word' id='word_1_551' title='bbox 3012 3719 3151 3771; x_wconf 84' lang='grc' dir='ltr'>κατά</span> <span class='ocrx_word' id='word_1_552' title='bbox 3184 3721 3284 3791; x_wconf 82' lang='grc' dir='ltr'>τὴν</span> <span class='ocrx_word' id='word_1_553' title='bbox 3312 3721 3622 3793; x_wconf 76' lang='grc' dir='ltr'>αἰμορῤόυν</span> <span class='ocrx_word' id='word_1_554' title='bbox 3673 3725 3917 3794; x_wconf 84' lang='grc' dir='ltr'>θαύματι</span> 
     </span>
    </p>
   </div>
   <div class='ocr_carea' id='block_1_85' title="bbox 2321 3806 3914 3891">
    <p class='ocr_par' dir='ltr' id='par_1_85' title="bbox 2321 3806 3914 3891">
     <span class='ocr_line' id='line_1_85' title="bbox 2321 3806 3914 3891; baseline 0.01 -35"><span class='ocrx_word' id='word_1_555' title='bbox 2321 3806 2708 3874; x_wconf 73' lang='grc' dir='ltr'>ἑνεϐράδυνεν·</span> <span class='ocrx_word' id='word_1_556' title='bbox 2779 3807 2864 3860; x_wconf 82' lang='grc' dir='ltr'>ῐνα</span> <span class='ocrx_word' id='word_1_557' title='bbox 2907 3809 3191 3880; x_wconf 78' lang='grc' dir='ltr'>προδήλως</span> <span class='ocrx_word' id='word_1_558' title='bbox 3253 3811 3314 3865; x_wconf 84' lang='grc' dir='ltr'><strong>τὺ</strong></span> <span class='ocrx_word' id='word_1_559' title='bbox 3371 3815 3590 3868; x_wconf 83' lang='grc' dir='ltr'>παιδίον</span> <span class='ocrx_word' id='word_1_560' title='bbox 3641 3817 3914 3891; x_wconf 71' lang='grc' dir='ltr'>ἀποθάνῃ,</span> 
     </span>
    </p>
   </div>
   <div class='ocr_carea' id='block_1_86' title="bbox 2320 3896 3916 3974">
    <p class='ocr_par' dir='ltr' id='par_1_86' title="bbox 2320 3896 3916 3974">
     <span class='ocr_line' id='line_1_86' title="bbox 2320 3896 3916 3974; baseline 0.01 -26"><span class='ocrx_word' id='word_1_561' title='bbox 2320 3896 2420 3948; x_wconf 76' lang='grc' dir='ltr'>καὶ</span> <span class='ocrx_word' id='word_1_562' title='bbox 2440 3897 2796 3968; x_wconf 79' lang='grc' dir='ltr'>εἰσενεχθῶσι</span> <span class='ocrx_word' id='word_1_563' title='bbox 2830 3899 2932 3969; x_wconf 72' lang='grc' dir='ltr'>μὲν</span> <span class='ocrx_word' id='word_1_564' title='bbox 2955 3902 3005 3953; x_wconf 91' lang='grc' dir='ltr'><strong>οἰ</strong></span> <span class='ocrx_word' id='word_1_565' title='bbox 3039 3901 3292 3974; x_wconf 71' lang='grc' dir='ltr'>αὐληταὶ,</span> <span class='ocrx_word' id='word_1_566' title='bbox 3332 3904 3603 3972; x_wconf 82' lang='grc' dir='ltr'>γένωνται</span> <span class='ocrx_word' id='word_1_567' title='bbox 3632 3909 3688 3962; x_wconf 82' lang='grc' dir='ltr'>δὲ</span> <span class='ocrx_word' id='word_1_568' title='bbox 3722 3910 3820 3963; x_wconf 83' lang='grc' dir='ltr'>καὶ</span> <span class='ocrx_word' id='word_1_569' title='bbox 3852 3912 3916 3964; x_wconf 77' lang='grc' dir='ltr'><strong>τὰ</strong></span> 
     </span>
    </p>
   </div>
   <div class='ocr_carea' id='block_1_87' title="bbox 2318 3989 2473 4059">
    <p class='ocr_par' dir='ltr' id='par_1_87' title="bbox 2318 3989 2473 4059">
     <span class='ocr_line' id='line_1_87' title="bbox 2318 3989 2473 4059; baseline -0.019 -2"><span class='ocrx_word' id='word_1_570' title='bbox 2318 3989 2473 4059; x_wconf 69' lang='grc' dir='ltr'><strong>ἑξῆς.</strong></span> 
     </span>
    </p>
   </div>
   <div class='ocr_carea' id='block_1_88' title="bbox 2397 4173 3911 4254">
    <p class='ocr_par' dir='ltr' id='par_1_88' title="bbox 2397 4173 3911 4254">
     <span class='ocr_line' id='line_1_88' title="bbox 2397 4173 3911 4254; baseline 0.011 -26"><span class='ocrx_word' id='word_1_571' title='bbox 2397 4173 2453 4228; x_wconf 84' lang='lat'><strong>&#39;0</strong></span> <span class='ocrx_word' id='word_1_572' title='bbox 2489 4176 2557 4230; x_wconf 73' lang='grc' dir='ltr'>δὲ</span> <span class='ocrx_word' id='word_1_573' title='bbox 2581 4177 2856 4232; x_wconf 74' lang='grc' dir='ltr'>ἐκϐαλὼν</span> <span class='ocrx_word' id='word_1_574' title='bbox 2889 4179 3123 4246; x_wconf 68' lang='grc' dir='ltr'>πάντας</span> <span class='ocrx_word' id='word_1_575' title='bbox 3160 4211 3224 4221; x_wconf 92' lang='grc'><strong>-</strong></span> <span class='ocrx_word' id='word_1_576' title='bbox 3256 4183 3353 4236; x_wconf 81' lang='grc' dir='ltr'><strong>καί</strong></span> <span class='ocrx_word' id='word_1_577' title='bbox 3382 4183 3522 4250; x_wconf 80' lang='grc' dir='ltr'>τοὺς</span> <span class='ocrx_word' id='word_1_578' title='bbox 3545 4187 3676 4254; x_wconf 80' lang='grc' dir='ltr'>μετ’</span> <span class='ocrx_word' id='word_1_579' title='bbox 3700 4189 3911 4245; x_wconf 81' lang='grc' dir='ltr'>αὐτοῦ.</span> 
     </span>
    </p>
   </div>
   <div class='ocr_carea' id='block_1_89' title="bbox 2317 4267 3916 4347">
    <p class='ocr_par' dir='ltr' id='par_1_89' title="bbox 2317 4267 3916 4347">
     <span class='ocr_line' id='line_1_89' title="bbox 2317 4267 3916 4347; baseline 0.009 -29"><span class='ocrx_word' id='word_1_580' title='bbox 2317 4267 2455 4328; x_wconf 82' lang='grc' dir='ltr'>Τοὺς</span> <span class='ocrx_word' id='word_1_581' title='bbox 2487 4269 2604 4337; x_wconf 85' lang='grc' dir='ltr'>μετ’</span> <span class='ocrx_word' id='word_1_582' title='bbox 2631 4271 2797 4323; x_wconf 65' lang='grc' dir='ltr'>αὑτοῦ</span> <span class='ocrx_word' id='word_1_583' title='bbox 2831 4272 3299 4339; x_wconf 86' lang='grc' dir='ltr'>συνεισελθόντας,</span> <span class='ocrx_word' id='word_1_584' title='bbox 3326 4274 3476 4343; x_wconf 84' lang='grc' dir='ltr'>λέγει</span> <span class='ocrx_word' id='word_1_585' title='bbox 3498 4276 3553 4328; x_wconf 82' lang='grc' dir='ltr'>δὲ</span> <span class='ocrx_word' id='word_1_586' title='bbox 3583 4278 3790 4347; x_wconf 77' lang='grc' dir='ltr'>Πέτρον</span> <span class='ocrx_word' id='word_1_587' title='bbox 3823 4282 3916 4333; x_wconf 78' lang='grc' dir='ltr'>καὶ</span> 
     </span>
    </p>
   </div>
   <div class='ocr_carea' id='block_1_90' title="bbox 2328 4359 3914 4437">
    <p class='ocr_par' dir='ltr' id='par_1_90' title="bbox 2328 4359 3914 4437">
     <span class='ocr_line' id='line_1_90' title="bbox 2328 4359 3914 4437; baseline 0.008 -26"><span class='ocrx_word' id='word_1_588' title='bbox 2328 4359 2587 4412; x_wconf 80' lang='grc' dir='ltr'>Ἰάκωϐον</span> <span class='ocrx_word' id='word_1_589' title='bbox 2621 4362 2716 4414; x_wconf 80' lang='grc' dir='ltr'><strong>καί</strong></span> <span class='ocrx_word' id='word_1_590' title='bbox 2783 4361 3058 4432; x_wconf 77' lang='grc' dir='ltr'>Ἰωάννην.</span> <span class='ocrx_word' id='word_1_591' title='bbox 3124 4365 3229 4418; x_wconf 85' lang='grc' dir='ltr'>Τὸν</span> <span class='ocrx_word' id='word_1_592' title='bbox 3262 4364 3363 4434; x_wconf 81' lang='grc' dir='ltr'>μὲν</span> <span class='ocrx_word' id='word_1_593' title='bbox 3395 4366 3490 4420; x_wconf 81' lang='grc' dir='ltr'>οὖν</span> <span class='ocrx_word' id='word_1_594' title='bbox 3534 4369 3753 4437; x_wconf 68' lang='grc' dir='ltr'>πατέρα</span> <span class='ocrx_word' id='word_1_595' title='bbox 3818 4375 3914 4424; x_wconf 73' lang='grc' dir='ltr'>καὶ</span> 
     </span>
    </p>
   </div>
   <div class='ocr_carea' id='block_1_91' title="bbox 2315 4452 3913 4528">
    <p class='ocr_par' dir='ltr' id='par_1_91' title="bbox 2315 4452 3913 4528">
     <span class='ocr_line' id='line_1_91' title="bbox 2315 4452 3913 4528; baseline 0.009 -25"><span class='ocrx_word' id='word_1_596' title='bbox 2315 4452 2415 4522; x_wconf 80' lang='grc' dir='ltr'>τὴν</span> <span class='ocrx_word' id='word_1_597' title='bbox 2466 4453 2684 4523; x_wconf 76' lang='grc' dir='ltr'>μητέρα</span> <span class='ocrx_word' id='word_1_598' title='bbox 2718 4458 2818 4526; x_wconf 80' lang='grc' dir='ltr'>τῆς</span> <span class='ocrx_word' id='word_1_599' title='bbox 2861 4456 3034 4528; x_wconf 85' lang='grc' dir='ltr'>κόρης</span> <span class='ocrx_word' id='word_1_600' title='bbox 3077 4457 3356 4528; x_wconf 70' lang='grc' dir='ltr'>παρέλαϐε</span> <span class='ocrx_word' id='word_1_601' title='bbox 3395 4459 3602 4524; x_wconf 76' lang='grc' dir='ltr'>θεατὰς</span> <span class='ocrx_word' id='word_1_602' title='bbox 3647 4461 3741 4518; x_wconf 83' lang='grc' dir='ltr'>τοῦ</span> <span class='ocrx_word' id='word_1_603' title='bbox 3777 4463 3913 4516; x_wconf 73' lang='grc' dir='ltr'>θαύο</span> 
     </span>
    </p>
   </div>
   <div class='ocr_carea' id='block_1_92' title="bbox 2312 4546 3914 4624">
    <p class='ocr_par' dir='ltr' id='par_1_92' title="bbox 2312 4546 3914 4624">
     <span class='ocr_line' id='line_1_92' title="bbox 2312 4546 3914 4624; baseline 0.009 -29"><span class='ocrx_word' id='word_1_604' title='bbox 2312 4558 2485 4612; x_wconf 84' lang='grc' dir='ltr'>ματος</span> <span class='ocrx_word' id='word_1_605' title='bbox 2543 4546 2618 4609; x_wconf 82' lang='grc' dir='ltr'>ὡς</span> <span class='ocrx_word' id='word_1_606' title='bbox 2671 4548 2907 4610; x_wconf 81' lang='grc' dir='ltr'>οἰκείους</span> <span class='ocrx_word' id='word_1_607' title='bbox 2942 4548 3165 4620; x_wconf 72' lang='grc' dir='ltr'>ἐκείνῃο</span> <span class='ocrx_word' id='word_1_608' title='bbox 3208 4550 3335 4614; x_wconf 83' lang='grc' dir='ltr'>τοὺς</span> <span class='ocrx_word' id='word_1_609' title='bbox 3381 4552 3438 4605; x_wconf 78' lang='grc' dir='ltr'>δὲ</span> <span class='ocrx_word' id='word_1_610' title='bbox 3492 4553 3770 4624; x_wconf 74' lang='grc' dir='ltr'>μαθητὰς,</span> <span class='ocrx_word' id='word_1_611' title='bbox 3835 4558 3914 4619; x_wconf 81' lang='grc' dir='ltr'><strong>ὡς</strong></span> 
     </span>
    </p>
   </div>
   <div class='ocr_carea' id='block_1_93' title="bbox 2309 4635 3911 4711">
    <p class='ocr_par' dir='ltr' id='par_1_93' title="bbox 2309 4635 3911 4711">
     <span class='ocr_line' id='line_1_93' title="bbox 2309 4635 3911 4711; baseline 0.009 -25"><span class='ocrx_word' id='word_1_612' title='bbox 2309 4635 2548 4699; x_wconf 85' lang='grc' dir='ltr'>οἰκείους</span> <span class='ocrx_word' id='word_1_613' title='bbox 2609 4637 2826 4706; x_wconf 81' lang='grc' dir='ltr'>ἐαυτῷ·</span> <span class='ocrx_word' id='word_1_614' title='bbox 2869 4639 2997 4700; x_wconf 79' lang='grc' dir='ltr'>τοὺς</span> <span class='ocrx_word' id='word_1_615' title='bbox 3038 4639 3231 4704; x_wconf 78' lang='grc' dir='ltr'>ἄλλους</span> <span class='ocrx_word' id='word_1_616' title='bbox 3288 4640 3344 4693; x_wconf 72' lang='grc' dir='ltr'>δὲ</span> <span class='ocrx_word' id='word_1_617' title='bbox 3383 4643 3596 4706; x_wconf 81' lang='grc' dir='ltr'>πάντας</span> <span class='ocrx_word' id='word_1_618' title='bbox 3658 4644 3911 4711; x_wconf 68' lang='grc' dir='ltr'>ἐξέϐαλε,</span> 
     </span>
    </p>
   </div>
   <div class='ocr_carea' id='block_1_94' title="bbox 2308 4726 3914 4806">
    <p class='ocr_par' dir='ltr' id='par_1_94' title="bbox 2308 4726 3914 4806">
     <span class='ocr_line' id='line_1_94' title="bbox 2308 4726 3914 4806; baseline 0.007 -28"><span class='ocrx_word' id='word_1_619' title='bbox 2308 4726 2530 4796; x_wconf 87' lang='grc' dir='ltr'>φεύγων</span> <span class='ocrx_word' id='word_1_620' title='bbox 2589 4727 2680 4781; x_wconf 75' lang='grc' dir='ltr'>τὸν</span> <span class='ocrx_word' id='word_1_621' title='bbox 2737 4728 2866 4798; x_wconf 83' lang='grc' dir='ltr'>παρ’</span> <span class='ocrx_word' id='word_1_622' title='bbox 2903 4730 3087 4784; x_wconf 79' lang='grc' dir='ltr'>αὐτῶν</span> <span class='ocrx_word' id='word_1_623' title='bbox 3145 4730 3394 4786; x_wconf 76' lang='grc' dir='ltr'>ἔπαινον.</span> <span class='ocrx_word' id='word_1_624' title='bbox 3457 4735 3743 4788; x_wconf 66' lang='grc' dir='ltr'>Οὐδέποτε</span> <span class='ocrx_word' id='word_1_625' title='bbox 3798 4737 3914 4806; x_wconf 76' lang='grc' dir='ltr'>γὰρ</span> 
     </span>
    </p>
   </div>
   <div class='ocr_carea' id='block_1_95' title="bbox 612 4804 2215 4898">
    <p class='ocr_par' dir='ltr' id='par_1_95' title="bbox 612 4804 2207 4879">
     <span class='ocr_line' id='line_1_95' title="bbox 612 4804 2207 4879; baseline 0.004 -21"><span class='ocrx_word' id='word_1_626' title='bbox 612 4819 902 4873; x_wconf 88' lang='lat' dir='ltr'><strong>nunquam</strong></span> <span class='ocrx_word' id='word_1_627' title='bbox 966 4804 1076 4858; x_wconf 88' lang='lat' dir='ltr'><strong>tale</strong></span> <span class='ocrx_word' id='word_1_628' title='bbox 1110 4805 1394 4874; x_wconf 86' lang='lat' dir='ltr'><strong>quidpiam</strong></span> <span class='ocrx_word' id='word_1_629' title='bbox 1453 4807 1518 4877; x_wconf 81' lang='grc' dir='ltr'>(ι)</span> <span class='ocrx_word' id='word_1_630' title='bbox 1556 4808 1847 4875; x_wconf 84' lang='lat' dir='ltr'><strong>vidissent,</strong></span> <span class='ocrx_word' id='word_1_631' title='bbox 1885 4809 2207 4879; x_wconf 90' lang='lat' dir='ltr'><strong>applausuri</strong></span> 
     </span>
    </p>
   </div>
   <div class='ocr_carea' id='block_1_96' title="bbox 2326 4804 3915 4898">
    <p class='ocr_par' dir='ltr' id='par_1_96' title="bbox 2326 4817 3915 4898">
     <span class='ocr_line' id='line_1_96' title="bbox 2326 4817 3915 4898; baseline 0.008 -30"><span class='ocrx_word' id='word_1_632' title='bbox 2326 4817 2554 4870; x_wconf 75' lang='grc' dir='ltr'>ςοιοῦτον</span> <span class='ocrx_word' id='word_1_633' title='bbox 2584 4818 2809 4885; x_wconf 86' lang='grc' dir='ltr'>ἰδόντες,</span> <span class='ocrx_word' id='word_1_634' title='bbox 2841 4820 3071 4890; x_wconf 77' lang='grc' dir='ltr'>ἔμελλον</span> <span class='ocrx_word' id='word_1_635' title='bbox 3097 4822 3262 4876; x_wconf 73' lang='grc' dir='ltr'>αὑτὸν</span> <span class='ocrx_word' id='word_1_636' title='bbox 3293 4825 3566 4893; x_wconf 73' lang='grc' dir='ltr'>κροτῆσαι</span> <span class='ocrx_word' id='word_1_637' title='bbox 3617 4827 3716 4880; x_wconf 73' lang='grc' dir='ltr'>καὶ</span> <span class='ocrx_word' id='word_1_638' title='bbox 3741 4828 3915 4898; x_wconf 82' lang='grc' dir='ltr'>ὑπερ-</span> 
     </span>
    </p>
   </div>
   <div class='ocr_carea' id='block_1_97' title="bbox 623 4899 1663 4966">
    <p class='ocr_par' dir='ltr' id='par_1_97' title="bbox 623 4899 1663 4966">
     <span class='ocr_line' id='line_1_97' title="bbox 623 4899 1663 4966; baseline 0.003 -15"><span class='ocrx_word' id='word_1_639' title='bbox 623 4906 808 4959; x_wconf 85' lang='lat' dir='ltr'><strong>erant.</strong></span> <span class='ocrx_word' id='word_1_640' title='bbox 836 4905 892 4950; x_wconf 90' lang='lat' dir='ltr'><strong>et</strong></span> <span class='ocrx_word' id='word_1_641' title='bbox 926 4911 1094 4966; x_wconf 89' lang='lat' dir='ltr'><strong>supra</strong></span> <span class='ocrx_word' id='word_1_642' title='bbox 1125 4899 1346 4950; x_wconf 84' lang='lat' dir='ltr'><strong>modum</strong></span> <span class='ocrx_word' id='word_1_643' title='bbox 1371 4899 1663 4954; x_wconf 88' lang='lat' dir='ltr'><strong>laudaturi.</strong></span> 
     </span>
    </p>
   </div>
   <div class='ocr_carea' id='block_1_98' title="bbox 683 4981 2196 5063">
    <p class='ocr_par' dir='ltr' id='par_1_98' title="bbox 683 4981 2196 5063">
     <span class='ocr_line' id='line_1_98' title="bbox 683 4981 2196 5063; baseline 0.004 -23"><span class='ocrx_word' id='word_1_644' title='bbox 683 4985 840 5040; x_wconf 82' lang='lat' dir='ltr'><strong>Vers.</strong></span> <span class='ocrx_word' id='word_1_645' title='bbox 870 4984 954 5039; x_wconf 71' lang='grc'>40.</span> <span class='ocrx_word' id='word_1_646' title='bbox 982 4981 1052 5037; x_wconf 77' lang='lat' dir='ltr'><strong>Et</strong></span> <span class='ocrx_word' id='word_1_647' title='bbox 1071 4985 1596 5054; x_wconf 67' lang='lat' dir='ltr'><strong>ingreditur—Ven.</strong></span> <span class='ocrx_word' id='word_1_648' title='bbox 1618 4991 1707 5046; x_wconf 71' lang='grc'>42..</span> <span class='ocrx_word' id='word_1_649' title='bbox 1729 4991 2058 5049; x_wconf 80' lang='lat' dir='ltr'><strong>ambulabat.</strong></span> <span class='ocrx_word' id='word_1_650' title='bbox 2084 4991 2196 5063; x_wconf 85' lang='lat' dir='ltr'><strong>Ap-</strong></span> 
     </span>
    </p>
   </div>
   <div class='ocr_carea' id='block_1_99' title="bbox 720 5121 1216 5192">
    <p class='ocr_par' dir='ltr' id='par_1_99' title="bbox 720 5121 1216 5192">
     <span class='ocr_line' id='line_1_99' title="bbox 720 5121 1216 5192; baseline 0.008 -17"><span class='ocrx_word' id='word_1_651' title='bbox 720 5124 768 5156; x_wconf 84' lang='grc'><strong>³³</strong></span> <span class='ocrx_word' id='word_1_652' title='bbox 803 5121 937 5178; x_wconf 88' lang='lat' dir='ltr'><strong>Luc.</strong></span> <span class='ocrx_word' id='word_1_653' title='bbox 979 5141 1096 5192; x_wconf 70' lang='lat' dir='ltr'><strong>th,</strong></span> <span class='ocrx_word' id='word_1_654' title='bbox 1127 5126 1216 5179; x_wconf 79' lang='grc'><strong>53.</strong></span> 
     </span>
    </p>
   </div>
   <div class='ocr_carea' id='block_1_100' title="bbox 2309 4911 2653 4981">
    <p class='ocr_par' dir='ltr' id='par_1_100' title="bbox 2309 4911 2653 4981">
     <span class='ocr_line' id='line_1_100' title="bbox 2309 4911 2653 4981; baseline 0.009 -19"><span class='ocrx_word' id='word_1_655' title='bbox 2309 4911 2653 4981; x_wconf 59' lang='grc' dir='ltr'>ευφημῆσαα</span> 
     </span>
    </p>
   </div>
   <div class='ocr_carea' id='block_1_101' title="bbox 2379 5003 3911 5083">
    <p class='ocr_par' dir='ltr' id='par_1_101' title="bbox 2379 5003 3911 5083">
     <span class='ocr_line' id='line_1_101' title="bbox 2379 5003 3911 5083; baseline 0.007 -29"><span class='ocrx_word' id='word_1_656' title='bbox 2379 5003 2489 5055; x_wconf 85' lang='lat' dir='ltr'><strong>Kal</strong></span> <span class='ocrx_word' id='word_1_657' title='bbox 2522 5003 2939 5072; x_wconf 82' lang='grc' dir='ltr'>εἰσπορεύεται</span> <span class='ocrx_word' id='word_1_658' title='bbox 2969 5007 3168 5078; x_wconf 75' lang='grc' dir='ltr'>-μη</span> <span class='ocrx_word' id='word_1_659' title='bbox 3187 5009 3548 5078; x_wconf 77' lang='grc' dir='ltr'>περιεπάτει.</span> <span class='ocrx_word' id='word_1_660' title='bbox 3599 5010 3911 5083; x_wconf 78' lang='grc' dir='ltr'>Ἐκράτησε</span> 
     </span>
    </p>
   </div>
   <div class='ocr_carea' id='block_1_102' title="bbox 1803 5200 2681 5268">
    <p class='ocr_par' dir='ltr' id='par_1_102' title="bbox 1803 5200 2681 5268">
     <span class='ocr_line' id='line_1_102' title="bbox 1803 5200 2681 5268; baseline 0.008 -7"><span class='ocrx_word' id='word_1_661' title='bbox 1803 5200 2003 5262; x_wconf 63' lang='lat' dir='ltr'><strong>Varias</strong></span> <span class='ocrx_word' id='word_1_662' title='bbox 2045 5200 2350 5264; x_wconf 91' lang='lat' dir='ltr'><strong>lectiones</strong></span> <span class='ocrx_word' id='word_1_663' title='bbox 2390 5211 2452 5264; x_wconf 90' lang='lat' dir='ltr'><strong>et</strong></span> <span class='ocrx_word' id='word_1_664' title='bbox 2490 5211 2681 5268; x_wconf 58' lang='lat' dir='ltr'><strong>notat.</strong></span> 
     </span>
    </p>
   </div>
   <div class='ocr_carea' id='block_1_103' title="bbox 686 5363 1412 5434">
    <p class='ocr_par' dir='ltr' id='par_1_103' title="bbox 686 5363 1412 5434">
     <span class='ocr_line' id='line_1_103' title="bbox 686 5363 1412 5434; baseline 0.007 -19"><span class='ocrx_word' id='word_1_665' title='bbox 686 5363 800 5434; x_wconf 69' lang='grc'><strong>(46)</strong></span> <span class='ocrx_word' id='word_1_666' title='bbox 841 5363 1095 5434; x_wconf 77' lang='grc' dir='ltr'>Θαρῤεῖν,</span> <span class='ocrx_word' id='word_1_667' title='bbox 1134 5364 1307 5422; x_wconf 89' lang='lat' dir='ltr'><strong>abest.</strong></span> <span class='ocrx_word' id='word_1_668' title='bbox 1346 5367 1412 5420; x_wconf 79' lang='grc' dir='ltr'>Α.</span> 
     </span>
    </p>
   </div>
   <div class='ocr_carea' id='block_1_104' title="bbox 684 5433 2192 5503">
    <p class='ocr_par' dir='ltr' id='par_1_104' title="bbox 684 5433 2192 5503">
     <span class='ocr_line' id='line_1_104' title="bbox 684 5433 2192 5503; baseline 0.008 -16"><span class='ocrx_word' id='word_1_669' title='bbox 684 5435 797 5503; x_wconf 71' lang='grc'><strong>(47)</strong></span> <span class='ocrx_word' id='word_1_670' title='bbox 830 5433 1133 5489; x_wconf 88' lang='lat' dir='ltr'><strong>lleuteuius</strong></span> <span class='ocrx_word' id='word_1_671' title='bbox 1172 5439 1238 5488; x_wconf 76' lang='lat' dir='ltr'><strong>ad</strong></span> <span class='ocrx_word' id='word_1_672' title='bbox 1292 5453 1438 5492; x_wconf 87' lang='lat' dir='ltr'><strong>vers.</strong></span> <span class='ocrx_word' id='word_1_673' title='bbox 1473 5438 1532 5492; x_wconf 76' lang='grc'><strong>41</strong></span> <span class='ocrx_word' id='word_1_674' title='bbox 1614 5452 1802 5498; x_wconf 90' lang='lat' dir='ltr'><strong>monet</strong></span> <span class='ocrx_word' id='word_1_675' title='bbox 1841 5443 2192 5499; x_wconf 89' lang='lat' dir='ltr'><strong>scribendum</strong></span> 
     </span>
    </p>
   </div>
   <div class='ocr_carea' id='block_1_105' title="bbox 607 5505 2194 5584">
    <p class='ocr_par' dir='ltr' id='par_1_105' title="bbox 607 5505 2194 5584">
     <span class='ocr_line' id='line_1_105' title="bbox 607 5505 2194 5584; baseline 0.003 -25"><span class='ocrx_word' id='word_1_676' title='bbox 607 5519 736 5584; x_wconf 37' lang='lat' dir='ltr'><strong>esse.</strong></span> <span class='ocrx_word' id='word_1_677' title='bbox 771 5505 1019 5584; x_wconf 75' lang='lat' dir='ltr'><strong>taliatlia,</strong></span> <span class='ocrx_word' id='word_1_678' title='bbox 1053 5507 1297 5584; x_wconf 75' lang='lat' dir='ltr'><strong>addens:</strong></span> <span class='ocrx_word' id='word_1_679' title='bbox 1337 5511 1626 5584; x_wconf 60' lang='lat' dir='ltr'><strong>Atque/ioc</strong></span> <span class='ocrx_word' id='word_1_680' title='bbox 1651 5515 2089 5584; x_wconf 77' lang='grc' dir='ltr'>ηιοάοεενὶριιιηι</span> <span class='ocrx_word' id='word_1_681' title='bbox 2114 5517 2194 5564; x_wconf 84' lang='lat' dir='ltr'><strong>in-</strong></span> 
     </span>
    </p>
   </div>
   <div class='ocr_carea' id='block_1_106' title="bbox 613 5576 2202 5652">
    <p class='ocr_par' dir='ltr' id='par_1_106' title="bbox 613 5576 2202 5652">
     <span class='ocr_line' id='line_1_106' title="bbox 613 5576 2202 5652; baseline 0.003 -22"><span class='ocrx_word' id='word_1_682' title='bbox 613 5576 827 5630; x_wconf 77' lang='lat' dir='ltr'><strong>venitur</strong></span> <span class='ocrx_word' id='word_1_683' title='bbox 889 5579 944 5631; x_wconf 84' lang='lat' dir='ltr'><strong>in</strong></span> <span class='ocrx_word' id='word_1_684' title='bbox 1014 5578 1282 5631; x_wconf 72' lang='lat' dir='ltr'><strong>nonnullis</strong></span> <span class='ocrx_word' id='word_1_685' title='bbox 1336 5576 1554 5634; x_wconf 70' lang='lat' dir='ltr'><strong>vetustis</strong></span> <span class='ocrx_word' id='word_1_686' title='bbox 1615 5576 2030 5652; x_wconf 53' lang='lat' dir='ltr'><strong>exemplarib&#39;us,</strong></span> <span class='ocrx_word' id='word_1_687' title='bbox 2095 5598 2202 5637; x_wconf 86' lang='lat' dir='ltr'><strong>tam</strong></span> 
     </span>
    </p>
   </div>
   <div class='ocr_carea' id='block_1_107' title="bbox 2308 5371 3901 5445">
    <p class='ocr_par' dir='ltr' id='par_1_107' title="bbox 2308 5371 3901 5445">
     <span class='ocr_line' id='line_1_107' title="bbox 2308 5371 3901 5445; baseline 0.008 -18"><span class='ocrx_word' id='word_1_688' title='bbox 2308 5371 2526 5437; x_wconf 61' lang='lat' dir='ltr'><strong>Gracia,</strong></span> <span class='ocrx_word' id='word_1_689' title='bbox 2562 5392 2724 5445; x_wconf 84' lang='lat' dir='ltr'><strong>quam</strong></span> <span class='ocrx_word' id='word_1_690' title='bbox 2757 5373 2982 5430; x_wconf 79' lang='lat' dir='ltr'><strong>Latinis.</strong></span> <span class='ocrx_word' id='word_1_691' title='bbox 3036 5376 3168 5444; x_wconf 61' lang='lat' dir='ltr'><strong>Quae</strong></span> <span class='ocrx_word' id='word_1_692' title='bbox 3201 5397 3334 5436; x_wconf 79' lang='lat' dir='ltr'><strong>vero</strong></span> <span class='ocrx_word' id='word_1_693' title='bbox 3365 5390 3496 5437; x_wconf 87' lang='lat' dir='ltr'><strong>sunt</strong></span> <span class='ocrx_word' id='word_1_694' title='bbox 3528 5381 3632 5439; x_wconf 85' lang='lat' dir='ltr'><strong>ista</strong></span> <span class='ocrx_word' id='word_1_695' title='bbox 3681 5393 3901 5440; x_wconf 81' lang='lat' dir='ltr'><strong>vetusta</strong></span> 
     </span>
    </p>
   </div>
   <div class='ocr_carea' id='block_1_108' title="bbox 2307 5446 3908 5523">
    <p class='ocr_par' dir='ltr' id='par_1_108' title="bbox 2307 5446 3908 5523">
     <span class='ocr_line' id='line_1_108' title="bbox 2307 5446 3908 5523; baseline 0.011 -29"><span class='ocrx_word' id='word_1_696' title='bbox 2307 5446 2688 5523; x_wconf 69' lang='lat' dir='ltr'><strong>exemplaria?</strong></span> <span class='ocrx_word' id='word_1_697' title='bbox 2715 5448 2857 5502; x_wconf 82' lang='lat' dir='ltr'><strong>Alibi</strong></span> <span class='ocrx_word' id='word_1_698' title='bbox 2884 5460 3151 5505; x_wconf 87' lang='lat' dir='ltr'><strong>memorat</strong></span> <span class='ocrx_word' id='word_1_699' title='bbox 3172 5450 3622 5523; x_wconf 88' lang='lat' dir='ltr'><strong>Complutensem</strong></span> <span class='ocrx_word' id='word_1_700' title='bbox 3654 5465 3710 5510; x_wconf 90' lang='lat' dir='ltr'><strong>et</strong></span> <span class='ocrx_word' id='word_1_701' title='bbox 3740 5455 3908 5511; x_wconf 76' lang='lat' dir='ltr'><strong>Eras-</strong></span> 
     </span>
    </p>
   </div>
   <div class='ocr_carea' id='block_1_109' title="bbox 2305 5513 2848 5572">
    <p class='ocr_par' dir='ltr' id='par_1_109' title="bbox 2305 5513 2848 5572">
     <span class='ocr_line' id='line_1_109' title="bbox 2305 5513 2848 5572; baseline 0.015 -8"><span class='ocrx_word' id='word_1_702' title='bbox 2305 5513 2501 5569; x_wconf 87' lang='lat' dir='ltr'><strong>micam</strong></span> <span class='ocrx_word' id='word_1_703' title='bbox 2526 5517 2848 5572; x_wconf 88' lang='lat' dir='ltr'><strong>editionem.</strong></span> 
     </span>
    </p>
   </div>
   <div class='ocr_carea' id='block_1_110' title="bbox 684 5731 3896 5828">
    <p class='ocr_par' dir='ltr' id='par_1_110' title="bbox 684 5731 3896 5828">
     <span class='ocr_line' id='line_1_110' title="bbox 684 5731 3896 5828; baseline 0.01 -41"><span class='ocrx_word' id='word_1_704' title='bbox 684 5735 767 5828; x_wconf 42' lang='grc' dir='ltr'><strong>(ζ)⁸</strong></span> <span class='ocrx_word' id='word_1_705' title='bbox 788 5735 1271 5828; x_wconf 45' lang='lat' dir='ltr'><strong>Tallemqaidpiam.</strong></span> <span class='ocrx_word' id='word_1_706' title='bbox 1300 5741 1561 5828; x_wconf 49' lang='lat' dir='ltr'><strong>-Videntur</strong></span> <span class='ocrx_word' id='word_1_707' title='bbox 1605 5755 1734 5811; x_wconf 77' lang='lat' dir='ltr'><strong>ergo</strong></span> <span class='ocrx_word' id='word_1_708' title='bbox 1766 5741 1963 5816; x_wconf 76' lang='lat' dir='ltr'><strong>legisse</strong></span> <span class='ocrx_word' id='word_1_709' title='bbox 2022 5744 2267 5799; x_wconf 76' lang='grc' dir='ltr'>τοιοῦτόν</span> <span class='ocrx_word' id='word_1_710' title='bbox 2313 5762 2387 5814; x_wconf 89' lang='grc' dir='ltr'><strong>τι,</strong></span> <span class='ocrx_word' id='word_1_711' title='bbox 2436 5746 2582 5817; x_wconf 81' lang='lat' dir='ltr'><strong>quod</strong></span> <span class='ocrx_word' id='word_1_712' title='bbox 2629 5763 2733 5804; x_wconf 87' lang='lat' dir='ltr'><strong>nec</strong></span> <span class='ocrx_word' id='word_1_713' title='bbox 2783 5731 2920 5806; x_wconf 84' lang='lat' dir='ltr'><strong>mihi</strong></span> <span class='ocrx_word' id='word_1_714' title='bbox 2977 5749 3263 5822; x_wconf 88' lang='lat' dir='ltr'><strong>displicet.</strong></span> <span class='ocrx_word' id='word_1_715' title='bbox 3317 5751 3498 5828; x_wconf 89' lang='lat' dir='ltr'><strong>Supra</strong></span> <span class='ocrx_word' id='word_1_716' title='bbox 3545 5755 3771 5817; x_wconf 76' lang='lat' dir='ltr'><strong>advers.</strong></span> <span class='ocrx_word' id='word_1_717' title='bbox 3823 5762 3896 5819; x_wconf 75' lang='lat'><strong>35</strong></span> 
     </span>
    </p>
   </div>
   <div class='ocr_carea' id='block_1_111' title="bbox 611 5803 1658 5877">
    <p class='ocr_par' dir='ltr' id='par_1_111' title="bbox 611 5803 1658 5877">
     <span class='ocr_line' id='line_1_111' title="bbox 611 5803 1658 5877; baseline 0.004 -17"><span class='ocrx_word' id='word_1_718' title='bbox 611 5803 770 5862; x_wconf 10' lang='lat' dir='ltr'><strong>deire</strong></span> <span class='ocrx_word' id='word_1_719' title='bbox 795 5803 993 5862; x_wconf 83' lang='lat' dir='ltr'><strong>eadem</strong></span> <span class='ocrx_word' id='word_1_720' title='bbox 1014 5803 1118 5874; x_wconf 76' lang='lat' dir='ltr'><strong>est,</strong></span> <span class='ocrx_word' id='word_1_721' title='bbox 1177 5811 1420 5865; x_wconf 83' lang='grc' dir='ltr'>τοιοῦτον</span> <span class='ocrx_word' id='word_1_722' title='bbox 1454 5811 1658 5877; x_wconf 83' lang='grc' dir='ltr'>θαῦμα.</span> 
     </span>
    </p>
   </div>
  </div>
