4078 6394
164 391 285 453 805

1145 393 1537 454 COMMENT.
1580 391 1659 450 ΙΝ
1701 377 2053 448 ΜΑΒΕΗΜ.
2083 411 2153 422 --
2192 387 2350 448 CAP.
2397 388 2506 450 VI.

3367 397 3474 460 806

161 502 269 569 τῆς
304 501 487 571 χειρὸς
535 502 710 572 αὐτῆς
765 502 860 554 καὶ
919 502 1224 571 ἐφώνησεν,
1267 505 1353 556 ἵνα
1389 505 1420 570 ἡ
1464 503 1616 572 φωνὴ
1676 501 1774 568 μὲν

1891 495 2174 566 prehendit
2211 512 2432 550 manum
2469 499 2587 568 ejus
2615 507 2668 552 et
2691 501 2931 566 vocavit,
2980 512 3040 557 ut
3071 519 3173 558 τοι
3233 508 3476 569 animam

163 595 478 664 ἐπιστρέψῃ
511 598 609 665 τὴν
640 596 932 664 οἰχομένην
960 595 1166 664 ψυχὴν,
1215 598 1248 665 ἡ
1291 595 1345 647 δὲ
1381 597 1499 664 χεὶρ
1558 595 1780 664 συμπή-

165 683 239 752 ξῃ
273 685 336 736 τὸ
373 687 554 756 σῶμα.

245 779 314 829 Ἠ
354 781 446 830 καὶ
474 780 697 844 ἑτέρως,
737 778 1009 846 ἐκράτησε
1065 778 1164 845 τῆς
1201 777 1384 846 χειρὸς
1415 777 1619 846 αὐτῆς,
1665 778 1776 829 δει-

161 873 304 932 κνὺς
354 874 436 925 ὅτι
471 878 564 924 καὶ
603 873 636 941 ἡ
674 871 919 938 παναγία
953 870 1088 939 σὰρξ
1123 869 1290 922 αὐτοῦ
1342 869 1604 933 ζωοποιεῖ
1649 872 1778 932 τοὺς

167 963 439 1030 νεκρούς.

240 1048 355 1106 Ἦν
389 1057 500 1121 γὰρ
527 1084 594 1093 —-
617 1052 869 1106 δώδεκα.
915 1053 1136 1120 Ἐπειδὴ
1172 1053 1384 1106 παιδίον
1418 1052 1533 1105 ἄνω
1568 1051 1776 1122 ταύτην

161 1145 351 1211 ἔλεγε,
381 1147 477 1198 νῦν
507 1146 795 1214 σαφηνίζει
833 1147 928 1198 καὶ
972 1146 1071 1216 τὴν
1110 1145 1332 1213 ἡλικίαν
1370 1146 1561 1214 αὐτῆς.

249 1326 357 1380 Καὶ
398 1328 747 1393 ἐξέστησαν
775 1357 846 1366 -
879 1327 1000 1395 γνῷ
1031 1327 1228 1380 τοῦτο.
1263 1357 1332 1366 -
1363 1328 1773 1391 Διεστείλατο,

162 1419 292 1470 ἀντὶ
323 1419 442 1479 τοῦ,
484 1420 886 1489 Παρήγγειλεν.
923 1419 1080 1471 Οὕτω
1127 1420 1234 1486 γὰρ
1268 1415 1420 1470 εἶπεν
1461 1422 1488 1471 ὁ
1537 1421 1773 1481 Λουκᾶς.

163 1515 270 1562 Διὰ
321 1513 479 1563 τοῦτο
543 1515 652 1583 γὰρ
712 1517 807 1566 καὶ
859 1514 986 1576 τοὺς
1039 1513 1234 1574 ἄλλους
1277 1514 1487 1574 πάντας
1527 1512 1773 1576 ἐξέϐαλε.

168 1603 468 1656 Γινώσκων
504 1605 559 1656 δὲ
615 1607 695 1656 ὅτι
727 1604 1008 1673 πανταχοῦ
1040 1605 1332 1675 δραμεῖται
1361 1604 1456 1656 τοῦ
1495 1605 1777 1672 θαύματος

162 1695 193 1746 ὁ
220 1696 418 1762 λόγος·
457 1700 551 1748 καὶ
579 1700 686 1766 γὰρ
712 1699 738 1750 ὁ
786 1697 1067 1760 Ματθαῐος
1121 1694 1300 1760 εἶπεν,
1354 1699 1436 1748 ὅτι
1480 1697 1707 1765 ἐξῆλθεν
1743 1700 1775 1769 ἡ

166 1791 336 1856 φήμη
369 1787 507 1856 αῦτη
542 1793 621 1851 είς
672 1789 800 1858 ὅλην
827 1790 925 1859 τὴν
963 1789 1069 1858 γῆν
1106 1789 1326 1858 εκείνην
1354 1805 1367 1818 ·
1404 1789 1555 1858 ὅμως
1605 1789 1666 1841 τὸ
1698 1792 1777 1841 οί-

167 1882 326 1930 κεῖον
360 1880 471 1945 (48)
508 1881 788 1949 πανταχοῦ
821 1884 988 1935 ποιεῖ.

242 1970 506 2026 Καὶεῖπε
539 2003 603 2012 —-
635 1973 869 2041 φαγεῖν.
915 1973 1087 2026 Τοῦτο
1147 1973 1502 2042 προσέταξεν,
1558 1974 1646 2026 ἵνα
1702 1972 1776 2042 μὴ

165 2066 368 2134 φάσμα
393 2066 519 2137 δόξῃ
546 2064 759 2126 τούτοις
792 2067 824 2135 ὴ
859 2067 1168 2120 ἀναστᾶσα.
1198 2066 1294 2117 Διὰ
1346 2065 1506 2117 τοῦτο
1533 2065 1641 2134 γὰρ
1665 2063 1776 2116 οὐδ’

167 2156 339 2217 αὐτὸς
369 2157 585 2207 δίδωσιν
624 2156 761 2224 αὐτῇ
801 2159 1019 2223 φαγεῖν,
1056 2156 1194 2208 ἀλλὰ
1223 2160 1336 2219 τοῖς
1368 2155 1620 2223 γονεῦσιν
1656 2156 1778 2205 ὲπι-

163 2249 370 2316 τρέπει
403 2248 562 2300 τοῦτο
594 2247 842 2315 ποιῆσαι.

243 2432 356 2483 Καὶ
379 2430 644 2498 ἐξῆλθεν
665 2461 738 2470 -
757 2431 850 2483 ἐπ’
878 2429 1060 2495 αὐτῷ.
1107 2430 1412 2485 Ἐπιδαίνει
1446 2431 1549 2500 τῆς
1579 2430 1772 2502 πατρίς

167 2524 284 2585 δος,
323 2525 426 2575 οὐκ
481 2522 718 2591 ἀγνοῶν,
766 2525 847 2575 ὅτι
883 2525 1396 2592 καταφρονήσουσιν
1435 2523 1624 2586 αὑτοῦ,
1662 2524 1776 2575 ἀλλ’

171 2617 263 2676 ινα
311 2616 386 2684 μὴ
413 2616 682 2667 δύνωνται
733 2616 915 2681 λέγειν
950 2615 1200 2686 ὕστερον,
1262 2617 1343 2668 ὅτι
1401 2617 1500 2669 οὐκ
1536 2615 1778 2681 ἐδίδαξεν

169 2709 400 2770 αὐτοὺς,
454 2709 568 2776 ἅμα
625 2711 681 2762 δὲ
713 2710 807 2760 καὶ
838 2709 928 2760 τὸν
959 2707 1157 2776 φθόνον
1205 2706 1389 2759 αὐτῶν
1446 2707 1775 2777 ἐξελέγχων.

172 2799 307 2852 Δέον
341 2803 449 2870 γὰρ
475 2801 688 2869 χαίρειν
722 2801 807 2852 ἐπ’
854 2801 1028 2867 αὐτῷ,
1060 2799 1360 2867 κοσμοῦντι
1409 2799 1508 2868 τὴν
1540 2799 1778 2868 πατρίδα

171 2893 366 2946 αὐτῶν
402 2893 780 2954 διδασκαλίαις
818 2892 911 2943 καὶ
958 2891 1268 2959 Θαύμασιν,
1329 2891 1780 2954 ἐσκανδαλίζοντο

177 2983 389 3051 μᾶλλον
442 2984 529 3034 ἐπ’
562 2981 710 3051 αὐτῷ
761 2982 849 3034 διὰ
881 2981 982 3052 τὴν
1026 2981 1118 3034 τοῦ
1169 2984 1362 3044 γένους
1419 2981 1587 3036 αὑτοῦ
1630 2983 1781 3034 εὑτέο

174 3093 354 3128 Λειαν.

253 3167 328 3220 Τὸ
361 3169 436 3225 δὲ.
467 3166 573 3221 Kal
603 3165 891 3231 δυνάμεις
922 3165 1189 3218 τοιαῦται
1230 3165 1342 3233 (49)
1375 3165 1473 3218 διὰ
1499 3165 1617 3218 τῶν
1662 3182 1780 3233 χει-
1806 3198 1851 3257 c

170 3258 301 3327 ρῶν
329 3259 516 3310 αὐτοῦ
557 3258 844 3324 γίνονται,
895 3257 1238 3308 ὲλ).ειπτικόν
1272 3257 1442 3308 ἐστιν.
1509 3257 1779 3308 Ἐλλείπει

178 3353 292 3418 τὰρ
315 3351 397 3408 τὸ.
418 3350 628 3400 Πόθεν·
670 3342 803 3412 οἷον,
838 3349 948 3399 Καὶ
977 3348 1142 3399 πόθεν
1175 3347 1434 3415 δυνάμεις
1463 3348 1576 3417 (50)
1606 3349 1782 3399 τοιαῦο

175 3460 272 3495 ται
303 3442 391 3493 διὰ
419 3440 527 3492 τῶν
566 3440 768 3510 χειρῶν
797 3439 962 3493 αὑτοῦ
995 3440 1239 3506 γίνονται
1265 3455 1283 3504 ;

256 3535 486 3602 Εἴρηται
539 3533 595 3584 δὲ
625 3534 750 3599 περὶ
805 3530 1010 3582 τούτων
1045 3533 1102 3582 ὲν
1137 3530 1213 3598 τῷ
1266 3530 1501 3600 είκοστῷ
1535 3531 1782 3601 τετάρτῳ

178 3626 470 3694 κεφαλαίῳ
514 3623 602 3674 τοῦ
627 3626 768 3675 κατὰ
808 3623 1112 3684 Ματθαῖον,
1160 3624 1298 3693 πρὸς
1329 3625 1407 3692 τῷ
1437 3624 1603 3690 τέλει,
1644 3625 1786 3693 μετὰ

177 3720 282 3789 τὴν
317 3721 717 3788 συμπλήρωσιν
754 3717 860 3769 τῶν
887 3717 1233 3783 παραὸολῶν.

259 3813 479 3878 Ἔλεγε
509 3811 575 3863 δὲ
598 3840 664 3849 -
690 3809 900 3863 αὑτοῦ.
955 3812 1063 3862 Καὶ
1100 3809 1232 3879 περὶ
1263 3808 1471 3864 τούτων
1497 3812 1558 3864 ὲν
1588 3810 1786 3880 ἐκείνῳ

179 3903 264 3970 τῷ
300 3901 585 3969 κεφαλαίῳ
620 3901 952 3970 διείληπται.

259 3993 371 4047 Kal
398 3994 508 4046 οὐκ
550 4021 619 4032 -—
645 3990 865 4046 αὐτῶν.
907 3991 1016 4044 Καὶ
1045 3989 1175 4058 περὶ
1219 3987 1427 4043 τούτων
1454 3990 1642 4058 σαφῶς
1670 3992 1786 4042 ἐκεῖ

179 4088 607 4155 διηρμήνευται.
640 4085 859 4136 Νοεῑται
888 4083 943 4136 δὲ
964 4083 1045 4146 τὸ,
1076 4083 1197 4136 Οὐκ
1225 4081 1515 4151 ἠδύνατο,
1549 4082 1642 4134 καὶ
1663 4081 1786 4136 ἀντὶ

184 4177 308 4238 τοῦ,
339 4178 453 4229 Οὐκ
483 4177 832 4246 ἑνδεχόμενον
865 4175 1107 4242 ἐνόμιζε.

262 4271 403 4338 Φησὶ
429 4270 538 4338 γὰρ
562 4273 587 4320 ὁ
619 4267 881 4334 Θεολόγος
917 4266 1030 4335 (Si)
1059 4266 1380 4335 Γρηγόριος,
1407 4266 1510 4329 ὅτι,
1545 4263 1669 4316 ἐπεὶ
1690 4262 1785 4316 τοῦ

188 4364 611 4430 συναμφοτέρου
647 4360 807 4430 χρεία
839 4358 976 4430 πρὸς
1031 4358 1133 4419 τὰς
1169 4359 1361 4420 ἰάσεις,
1417 4357 1512 4411 καὶ
1549 4358 1646 4426 τῆς
1677 4356 1786 4410 τῶν

187 4457 656 4526 Θεραπευομένων
713 4452 975 4513 πίστεως,
1011 4451 1107 4502 κα)⁵
1161 4450 1259 4519 τῆς
1300 4451 1394 4526 τοῦ
1443 4447 1785 4518 θεραπευτοῦ

1885 611 2008 664 quas
2044 595 2384 658 discedebat,
2441 603 2747 656 revocaret,
2801 610 2999 650 manus
3041 608 3226 653 autem
3276 617 3478 672 corpus

1884 687 2224 756 disponeret.

1956 781 2052 835 Vel
2079 783 2242 835 etiam
2269 781 2427 833 aliter
2461 797 2473 831 :
2508 778 2714 832 Tenuit
2751 794 2972 834 manum
3003 780 3147 849 ejus,
3193 791 3252 837 ut
3281 793 3480 839 osten-

1883 873 2062 934 deret,
2099 872 2241 941 quod
2288 871 2633 924 sanctissima
2663 885 2881 939 quoque
2903 885 3034 928 caro
3078 872 3199 942 ejus
3230 885 3478 932 mortuos

1881 963 2208 1018 vivificaret.

1951 1053 2106 1107 V'ers.
2135 1053 2220 1105 42.
2253 1052 2385 1105 Erat
2414 1052 2635 1104 enim——-
2665 1051 2962 1106 duodecim.
2988 1052 3124 1118 Quia
3158 1069 3278 1108 eam
3314 1071 3481 1126 supc-

1882 1142 1996 1195 rius
2030 1140 2194 1193 modo
2218 1141 2455 1209 puellam
2471 1141 2789 1209 appellavit,
2823 1145 2985 1196 modo
3015 1145 3307 1212 puellulam
3343 1148 3426 1218 (ιι)
3456 1165 3474 1204 ε

1884 1250 2033 1287 nunc
2058 1235 2222 1287 etiam
2261 1244 2476 1287 :etatcm
2517 1238 2634 1304 ejus
2673 1235 3011 1289 manifestat.

1953 1326 2109 1378 Vers.
2141 1325 2226 1377 42.
2248 1324 2878 1392 Etobstupuenml—hoc
2909 1329 3090 1381 sciret.
3125 1357 3194 1367 —
3217 1327 3474 1396 Prwcepit

1881 1416 1985 1468 hoc
2018 1426 2122 1481 est,
2153 1417 2493 1479 Admonuit;
2536 1419 2614 1469 sic
2650 1419 2795 1470 enim
2852 1419 3014 1472 habet
3067 1418 3246 1472 Lucas
3283 1422 3349 1473 ".
3393 1421 3475 1475 Ob

1881 1507 1986 1560 hoc
2017 1508 2166 1559 enim
2195 1509 2359 1560 etiam
2390 1508 2526 1562 alios
2580 1524 2772 1561 omnes
2822 1510 3004 1576 ejecit.
3074 1510 3137 1562 Et
3163 1527 3475 1580 quanquam

1881 1599 2045 1651 sciret
2074 1598 2322 1652 futurum
2359 1614 2503 1661 esse,
2536 1608 2593 1652 ut
2627 1599 2876 1652 miraculi
2915 1616 3098 1654 sermo
3133 1602 3334 1670 ubique
3381 1603 3468 1656 di-

1881 1688 2197 1756 VnIgaretur
2231 1705 2245 1743 :
2276 1704 2399 1741 nam
2438 1697 2493 1741 et
2564 1687 2852 1741 Mattha-us
2889 1690 3026 1743 dixit
3053 1692 3121 1753 ⁸⁵,
3177 1693 3323 1760 quod
3363 1694 3475 1746 exi-

1883 1779 1957 1830 \‘it
1985 1777 2126 1830 fama
2161 1780 2272 1830 hinc
2299 1780 2351 1829 in
2383 1780 2698 1830 universam
2721 1780 3005 1848 regionem
3033 1781 3182 1834 illam
3213 1798 3227 1844 ;
3287 1792 3475 1838 tamen

1813 1863 1852 1918 Β
1883 1871 2026 1938 quod
2059 1885 2219 1922 suum
2253 1879 2339 1923 est
2374 1870 2574 1937 ubique
2604 1869 2754 1923 facit.

1954 1961 2109 2016 V'ers.
2155 1963 2243 2015 45.
2301 1960 2552 2029 Dixitque
2597 1991 2668 2000 —
2717 1962 2787 2014 ad
2842 1963 3300 2019 manducandum.
3361 1963 3478 2019 Hoc

1875 2052 2058 2122 jussit,
2095 2070 2162 2106 nc
2194 2053 2275 2106 eis
2304 2052 2646 2122 phantastice
2679 2055 2944 2109 suscitata
2969 2055 3272 2110 videretur.
3310 2055 3470 2110 Unde

1882 2151 2104 2210 propter
2143 2147 2279 2195 lianc
2326 2156 2544 2192 causam
2588 2158 2767 2210 neque
2818 2143 2940 2210 ipse
2970 2146 3062 2195 dat
3099 2143 3174 2196 illi
3209 2147 3274 2196 ad
3316 2160 3476 2197 man-

1881 2234 2218 2297 ducandum,
2267 2234 2360 2287 sed
2430 2234 2752 2302 parentibus
2819 2245 2883 2289 ut
2915 2235 3021 2290 hoc
3070 2236 3274 2290 faciant
3356 2253 3483 2308 per-

1883 2326 2074 2379 mittit.

1951 2419 2108 2475 CAP.
2149 2418 2236 2474 Vi.
2271 2418 2425 2473 Vers.
2462 2421 2510 2474 i.
2543 2419 2609 2472 Et
2638 2420 2798 2472 exivit
2826 2417 3068 2494 -—|Vers.
3095 2421 3146 2475 3.
3187 2439 3280 2489 per
3302 2422 3476 2476 illum.

1881 2509 2147 2563 Ascendit
2180 2511 2233 2561 in
2261 2510 2494 2578 patriam
2545 2524 2722 2573 suam,
2762 2525 2874 2563 non
2923 2510 3186 2582 ignorans
3229 2511 3476 2566 futurum

1885 2610 2012 2655 utse
2040 2602 2410 2669 despicerent,
2443 2602 2536 2655 sed
2572 2617 2639 2654 ne
2659 2601 3009 2670 postmodum
3034 2603 3218 2656 dicere
3250 2613 3481 2671 possent

1880 2693 2025 2760 quod
2051 2709 2158 2746 non
2187 2693 2470 2745 docuisset
2487 2707 2605 2746 eos.
2648 2691 2824 2746 Simul
2852 2696 3019 2747 etiam
3057 2695 3322 2748 invidiam
3369 2711 3473 2749 eo-

1881 2796 2002 2834 rum
2035 2783 2411 2845 convincens;
2442 2799 2564 2835 cum
2597 2783 2742 2836 enim
2768 2785 2835 2837 de
2865 2799 2932 2838 eo
2951 2786 3130 2853 potius
3161 2785 3297 2853 ipsis
3328 2794 3479 2839 esset

1883 2873 2259 2942 gaudendum,
2287 2874 2379 2941 qui
2436 2875 2668 2942 patriam
2697 2889 2852 2926 suam
2915 2862 3164 2928 dolctrina
3197 2886 3251 2927 et
3312 2877 3478 2929 mira-

1882 2965 2022 3018 culis
2052 2972 2275 3018 ornaret
2312 2981 2326 3016 :
2359 2966 2528 3032 magis
2571 2965 2996 3019 otiendebantur
3056 2982 3158 3034 per
3214 2981 3340 3020 eum
3408 2967 3480 3020 ob

1883 3055 2102 3122 generis
2139 3056 2310 3122 ipsius
2335 3053 2755 3123 ign-Ibllilaletii.

1957 3145 2115 3211 Quod
2147 3157 2330 3200 autem
2373 3146 2592 3199 additur
2625 3165 2637 3198 :
2671 3145 2739 3197 Et
2772 3145 2994 3199 virtutes
3032 3145 3161 3199 tales
3218 3163 3336 3216 qua:
3385 3163 3480 3214 per

1886 3256 2075 3290 manus
2097 3241 2210 3303 ejus
2238 3238 2394 3306 ﬁunt,
2423 3238 2692 3291 defectiva
2724 3243 2904 3290 oratio
2930 3245 3040 3290 est.
3084 3237 3278 3291 Deficit
3305 3253 3478 3301 enim,

1887 3331 2061 3394 Unde,
2091 3332 2386 3385 utdicatur
2421 3349 2432 3382 :
2477 3331 2546 3384 Et
2579 3333 2725 3384 unde
2752 3329 2989 3384 virtutes
3032 3329 3173 3383 tales
3202 3345 3324 3399 qua:
3379 3345 3477 3399 per

1885 3439 2082 3478 manus
2111 3425 2230 3492 ejus
2259 3424 2418 3475 ﬁunt.

1961 3515 2176 3568 Dictum
2210 3527 2294 3568 est
2325 3527 2506 3567 autem
2540 3513 2608 3567 de
2639 3513 2726 3566 his
2773 3512 3037 3567 vicesimo
3065 3522 3263 3580 quarto
3303 3511 3484 3581 capite

1889 3607 2164 3676 Evangelii
2187 3607 2492 3658 secundum
2513 3603 2832 3658 Mattiiamtn
2863 3604 3013 3658 circa
3041 3607 3202 3657 linem
3234 3613 3356 3672 post
3384 3618 3485 3657 ex-

1886 3699 2066 3764 pietas
2100 3697 2409 3764 parabolas.

1960 3787 2118 3841 Vers.
2147 3788 2209 3848 Δ.
2247 3785 2464 3838 Dicebat
2490 3796 2666 3839 autem
2694 3803 2905 3840 —sua.
2967 3786 3144 3840 Etiam
3174 3786 3242 3839 de
3272 3786 3357 3840 liis
3391 3800 3485 3840 eo—

1893 3880 2018 3932 dem
2045 3881 2224 3946 capite
2247 3879 2586 3946 disputatum
2615 3887 2722 3930 est.

1959 3970 2115 4026 Vers.
2137 3971 2191 4023 5.
2227 3967 2342 4021 Nec
2369 3998 2435 4008 —-
2465 3969 2614 4021 Vers.
2662 3968 2713 4020 6.
2769 3967 3006 4021 illorum.
3061 3968 3234 4022 Etiam
3274 3969 3340 4023 de
3405 3970 3488 4025 liis

1890 4064 2182 4117 manifeste
2210 4071 2503 4114 tractatum
2554 4070 2660 4114 est.
2707 4060 3034 4128 intelligitur
3071 4070 3252 4113 autem
3292 4081 3302 4112 :
3362 4060 3488 4114 Non

1890 4165 2120 4224 poterat,
2146 4155 2252 4207 hoc
2282 4162 2387 4216 est,
2418 4163 2676 4220 tanquam
2714 4152 3054 4221 impossibile
3090 4153 3352 4206 ducebat.

1965 4246 2056 4299 Ait
2084 4245 2229 4298 enim
2255 4243 2551 4314 Gregorius
2575 4242 2907 4312 Theologus.
2927 4243 3067 4311 quod
3087 4242 3250 4296 simul
3272 4252 3488 4294 utrum-

1895 4350 2003 4404 que
2030 4333 2406 4390 necessarium
2451 4341 2535 4386 est
2565 4332 2628 4385 ad
2686 4333 3051 4401 perliciendas
3110 4336 3399 4394 sanitates,
3431 4343 3491 4387 et

1891 4438 1948 4481 et
1979 4427 2113 4480 fides
2137 4441 2329 4479 eorum
2359 4426 2449 4494 qui
2477 4426 2703 4480 curandi
2727 4434 2878 4486 sunt,
2943 4435 2997 4479 et
3051 4428 3297 4494 potentia
3363 4426 3488 4494 ejus

185 4517 504 4616 δυνάμεως,
539 4543 640 4595 οὐκ
671 4542 948 4611 ἐνεδέχετο
976 4541 1034 4592 τὸ
1068 4517 1277 4609 ἕτερον,
1309 4520 1403 4591 τοῦ
1436 4517 1675 4606 συζύγου
1701 4537 1781 4589 et.

1893 4519 1987 4588 qui
2011 4533 2210 4572 curare
2239 4518 2404 4572 debet
2435 4533 2449 4570 :
2487 4532 2590 4571 nec
2619 4518 2843 4587 prodest
2875 4532 3043 4570 unum
3077 4518 3122 4571 si
3159 4517 3377 4571 deﬁciat
3407 4518 3488 4570 al-

187 4640 502 4700 λείποντος.
539 4638 656 4689 Οὐκ
685 4636 798 4706 (52)
831 4631 950 4688 οἶδα
975 4633 1056 4699 δὲ,
1091 4635 1140 4684 εί
1173 4632 1252 4702 μὴ
1283 4631 1561 4684 καὶτοῦτο
1587 4631 1663 4700 τῷ
1696 4630 1790 4683 εὑ-

189 4735 342 4802 λόγῳ
372 4729 721 4801 προσθετέον.
770 4729 844 4781 Οὐ
873 4727 985 4797 γὰρ
1011 4725 1234 4794 εῦλογος
1270 4725 1418 4788 ίασις
1444 4725 1560 4786 τοῖς
1592 4722 1794 4792 βλαστη-

193 4824 451 4895 σομένοις
483 4821 545 4884 ἐξ
575 4820 863 4883 ἀπιστίας.

268 5159 319 5194 ⁸³
344 5158 478 5213 Luc.
511 5170 608 5210 vni
637 5196 652 5222 ,
688 5151 779 5208 56.
855 5152 903 5184 "
936 5149 1130 5208 Matth.
1161 5167 1240 5218 ix,
1261 5149 1356 5205 26.

1896 4621 2097 4673 terum,
2129 4611 2277 4680 quod
2316 4609 2392 4664 illi
2425 4609 2779 4679 conjunctum
2820 4624 2942 4662 esse
2984 4609 3167 4663 debet.
3220 4610 3334 4664 imo
3381 4624 3489 4662 nec

1897 4705 2038 4769 scio,
2076 4703 2219 4757 sitne
2246 4703 2411 4756 etiam
2435 4701 2541 4756 hoc
2571 4702 2910 4766 addendum,
2940 4711 3000 4754 ut
3027 4701 3171 4771 justa
3229 4710 3283 4754 et
3308 4702 3474 4753 ratio-

1895 4793 2098 4848 nabilis
2131 4792 2203 4847 sit
2231 4793 2462 4848 sanitas.
2499 4793 2692 4860 Neque
2713 4792 2863 4846 enim
2919 4793 3066 4860 justa
3131 4793 3341 4846 sanitas
3401 4799 3490 4845 est

1894 4901 2018 4956 quae
2040 4885 2130 4940 his
2149 4884 2459 4949 confertur,
2493 4885 2694 4954 quibus
2721 4883 3281 4955 perincredulitatem
3316 4899 3491 4937 nocu-

1900 4986 2150 5032 mentum
2165 4984 2252 5032 est
2271 4976 2522 5030 allatura.

1398 5218 1601 5283 Variis
1624 5218 1935 5284 lectiones
1964 5225 2027 5282 et
2056 5226 2249 5281 nota.

274 5395 390 5468 (ιε)
407 5393 684 5468 intellige,
712 5389 905 5468 φεύγει
929 5388 1021 5468 τὸν
1043 5388 1291 5443 ἔπαινον.

274 5398 369 5468 (ιε
407 5398 684 5464 intelligo.
712 5398 905 5459 φεύγει
929 5398 982 5441 τι

273 5398 392 5538 (69)
449 5468 553 5519 Καὶ
571 5461 901 5538 interponit
918 5461 982 5538 A_.

275 5529 396 5613 (50)
428 5537 693 5592 Τοιαῦται
725 5529 930 5588 omittit
958 5529 1018 5586 Β.

277 5697 358 5769 (u)
401 5695 560 5751 Modo
608 5690 927 5769 puellulam.
990 5689 1154 5769 Forte
1191 5703 1324 5761 ergo
1356 5689 1510 5760 legit,
1572 5688 1799 5762 Ἐπειδὴ

202 5761 303 5826 καὶ
329 5761 543 5821 παιδίου
575 5761 670 5817 καὶ
701 5763 958 5830 κοράσιον
987 5761 1218 5827 ταύτην.

279 5841 348 5913 (υ)
379 5839 495 5894 lmo
524 5867 594 5878 --
622 5844 698 5889 est
730 5827 986 5886 allatura.
1034 5830 1200 5886 Multa
1234 5831 1323 5886 hic
1351 5827 1657 5886 Hentenius
1708 5830 1800 5886 vel

2002 5382 2092 5524 5i;
2120 5398 2242 5508 ἕλε.
2276 5381 2405 5437 215.
2837 5453 2849 5464 .

2003 5455 2070 5507 52
2168 5464 2298 5509 tiam
2321 5453 2436 5507 haec
2464 5459 2596 5507 sunt
2626 5451 2849 5524 Gregori

2003 5451 2092 5524 52)
2121 5451 2298 5509 Etiam
2321 5453 2436 5507 haec
2464 5459 2596 5507 sunt
2626 5451 2895 5524 Gregorii.

1910 5705 1979 5746 ex
2015 5688 2204 5744 codice
2237 5701 2362 5753 suo,
2398 5690 2484 5744 vel
2519 5683 2831 5759 explicandi
2878 5702 3044 5744 causa
3087 5691 3154 5746 de
3197 5706 3300 5746 suo
3337 5691 3497 5748 addi-

1909 5761 2011 5835 dit,
2068 5775 2190 5829 quae
2221 5761 2490 5835 nec__apud
2517 5759 2865 5832 Gregorium,
2893 5775 2998 5815 nec
3028 5761 3083 5816 in
3140 5763 3279 5819 meis
3337 5777 3497 5835 repe-

1910 5828 2130 5886 riuntur
2154 5828 2459 5887 codicibus.
