4078 6396
239 387 350 452 833

1191 377 1586 440 COMMENT.
1635 377 1716 438 IN
1761 375 2111 439 MARCUM.
2148 401 2219 416 -
2258 379 2420 440 CAP.
2459 380 2602 441 XII.

3419 385 3524 449 834

311 503 422 558 Καὶ
462 502 789 559 ἀπέστειλε
823 528 888 538 -
930 497 1310 568 ἀμπελῶνος.
1379 496 1467 550 Ἐν
1516 494 1710 566 ἐκείνῳ
1741 496 1836 550 καὶ

2013 493 2170 550 Vers.
2203 495 2256 549 2.
2285 495 2354 549 Et
2402 497 2573 550 emisit
2598 526 2669 538 —-
2725 497 2910 552 vineae.
2947 495 3006 551 In
3032 497 3120 551 illo
3144 497 3308 552 etiam
3340 500 3408 555 dc
3435 501 3526 558 bis

232 599 370 666 περὶ
401 594 610 650 τούτων
639 594 917 664 εὑρήσεις.
952 593 1095 661 Ὅρα
1121 591 1199 658 δὲ,
1232 590 1350 653 πῶς
1366 590 1416 641 οί
1444 590 1685 656 γεωργοὶ
1707 589 1834 650 τοὺς

234 689 492 758 καρποὺς
535 683 915 747 ἀπαιτοῦνται,
971 684 1047 745 dt;
1085 680 1422 750 ἐπιμεληταὶ
1451 678 1550 732 καὶ
1592 677 1836 746 φύλακες

231 772 335 824 τοῦ
370 771 716 842 ἀμπελῶνος.

314 867 384 917 Ol
419 862 488 916 δὲ
513 891 582 902 -
611 861 1000 917 ἀπέκτειναν.
1026 860 1134 915 Καὶ
1170 857 1346 913 ταῦτα
1377 857 1561 912 πάντα
1588 859 1836 932 διηρμη-

238 957 521 1028 νεύθησαν
551 955 757 1026 ὁμοίως
797 956 935 1009 ἐκεῖ.

315 1047 451 1100 ¹Ἔτι
501 1073 569 1085 -
617 1042 996 1114 ἀμπελῶνος.
1042 1045 1154 1098 Καὶ
1199 1044 1374 1101 ταῦτα
1432 1045 1838 1120 παραπλησίως

238 1132 343 1200 τῆς
371 1136 762 1205 προσηκούσης
790 1137 908 1188 ἐκεῖ
933 1139 1300 1204 τετυγήκασιν
1322 1138 1659 1212 ἐξηγήσεως·

320 1318 384 1371 Τί
412 1312 531 1373 οὖν
560 1347 629 1357 -
657 1317 891 1384 ἄλλοις.
923 1320 1047 1372 Ἔτι
1075 1321 1172 1373 καὶ
1210 1318 1409 1374 ταῦτα.

319 1409 477 1464 Οὐδὲ
502 1439 568 1449 -
597 1410 930 1480 ὀφθαλμοῖς
959 1409 1151 1480 ἡμῶν.
1199 1411 1435 1481 Ὁμοίως
1469 1411 1564 1466 καὶ
1591 1410 1786 1467 ταῦτα.

313 1593 426 1647 Kal
476 1592 728 1659 ἐζήτουν
753 1625 823 1636 ——
861 1591 1014 1650 εἷπε.
1065 1596 1227 1665 Πρὸς
1253 1595 1499 1662 αὐτοὺς,
1560 1598 1684 1651 ἀντὶ
1721 1599 1840 1665 τοῦ,

241 1684 380 1755 περὶ
405 1685 588 1739 αὐτῶν
625 1727 638 1740 .
687 1686 847 1741 Οὕτω
885 1687 994 1757 γὰρ
1045 1683 1201 1741 εἶπεν
1242 1690 1269 1742 ὁ
1301 1689 1607 1756 Ματθαῖος,
1640 1690 1771 1762 παρ’
1797 1684 1841 1758 ᾧ

239 1776 344 1829 καὶ
365 1775 436 1830 τὰ
472 1776 710 1849 ρηθέντα
740 1779 921 1833 πάντα
961 1779 1388 1850 διασετάφηται.

1941 584 2211 639 invenies.
2239 585 2370 640 Vide
2399 594 2582 640 autem
2605 585 2884 656 quomodo
2919 586 2989 641 ab
3022 586 3275 657 agricolis
3318 589 3530 644 fruetus

1945 684 2232 746 repetunt,
2270 685 2530 747 tanquam
2566 691 2594 730 a
2628 676 3080 746 procuratoribus
3112 691 3177 731 ac
3211 677 3539 731 custodibus.

1949 782 2138 822 γηιθω.

2016 855 2176 912 Vers.
2210 859 2266 913 5.
2307 860 2376 912 At
2407 857 2488 912 illi
2515 888 2584 898 ——
2617 857 2769 913 Vers.
2799 858 2851 912 5.
2882 861 3203 913 occiderunt.
3247 861 3373 914 Haec
3398 874 3535 929 quo-

1941 963 2047 1018 que
2078 947 2263 1002 omnia
2294 947 2548 1002 similiter
2582 947 2656 1001 ibi
2689 947 2966 1002 declarata
2996 958 3143 1000 sunt.

2005 1040 2160 1096 Vers.
2194 1041 2247 1095 6.
2287 1040 2472 1094 Adhuc
2498 1068 2569 1077 —
2593 1040 2750 1094 νει-ε.
2782 1040 2835 1094 8.
2872 1040 3103 1092 vineam.
3137 1037 3202 1092 Et
3240 1039 3354 1092 lizrc
3378 1036 3533 1092 simi-

1939 1129 2066 1185 liter
2093 1132 2342 1201 proxime
2375 1131 2648 1186 accedunt
2674 1129 2741 1186 ad
2773 1145 2916 1196 eam,
2947 1145 3068 1200 qua:
3130 1130 3201 1184 ibi
3237 1130 3364 1183 data
3423 1139 3531 1196 est,

1945 1223 2380 1278 enarrationem.

2015 1314 2173 1370 Vers.
2213 1315 2269 1370 9.
2326 1314 2465 1380 Quid
2513 1330 2724 1386 ergo—-
2747 1313 2886 1368 aliis.
2922 1309 3192 1367 Prteterea
3226 1320 3282 1366 et
3314 1311 3450 1366 hmc.

2007 1408 2164 1462 Vers.
2190 1407 2276 1460 l0.
2345 1410 2424 1461 An
2450 1425 2541 1461 nec
2570 1437 2641 1446 —
2669 1406 2827 1462 Vers.
2871 1406 2963 1461 11.
2985 1406 3153 1460 oculis
3189 1405 3408 1459 nostris.
3442 1403 3530 1458 Si-

1947 1498 2157 1552 militer
2198 1508 2250 1553 ct
2284 1501 2424 1555 haec.

2017 1589 2173 1643 Vers.
2206 1589 2290 1642 12.
2324 1590 2393 1642 Et
2422 1591 2726 1658 qua'rebant
2749 1620 2816 1629 —
2841 1588 3152 1642 dixerat.—-
3175 1588 3258 1640 Ad
3295 1603 3401 1651 eos,
3433 1585 3539 1640 hoc

1948 1681 2139 1746 est,de
2167 1680 2341 1751 ipsis;
2375 1683 2448 1735 ita
2466 1682 2614 1736 enim
2646 1681 2783 1735 dixit
2825 1681 3135 1745 Matth-ams,
3179 1683 3321 1750 apud
3374 1695 3535 1748 quem

1949 1773 2208 1844 praedicta
2243 1773 2427 1827 omnia
2459 1772 2806 1828 manifestata
2836 1783 2959 1827 sunt
2986 1772 3052 1826 “.

314 1869 432 1924 Kal
457 1870 719 1939 ἀφέντες
746 1872 934 1925 αὑτὸν
972 1859 1276 1939 ἀπῆλθόν.
1300 1872 1418 1926 Ἱνα
1458 1872 1534 1945 μὴ
1566 1874 1663 1927 καὶ
1709 1874 1844 1928 ἄλλα

2020 1867 2301 1922 Vers.12.
2335 1866 2404 1920 Et
2458 1883 2518 1921 eo
2546 1867 2730 1921 relicto
2773 1867 2967 1938 egressi
3014 1874 3160 1919 sunt.
3215 1863 3292 1919 Ne
3350 1874 3407 1921 et
3434 1864 3539 1920 alia

240 1961 368 2014 κατ’
396 1961 577 2015 αὐτῶν
609 1963 762 2034 εἴπῃ,
791 1965 884 2016 καὶ
923 1963 1009 2016 ἴνα
1056 1963 1477 2020 συσκευὰσωσιν
1537 1967 1838 2039 ἐπιϐουλὴν

243 2051 373 2104 κατ’
397 2053 588 2106 αὑτοῦ.

245 2161 409 2216 ΚΕΨ.
466 2163 568 2215 ΛΖ⁹
595 2203 610 2218 .
664 2164 807 2233 Περὶ
848 2163 991 2247 τῶν.
1009 2166 1525 2236 ἐπερωτησάντων
1579 2166 1678 2222 διὰ
1739 2168 1848 2222 τὸν

912 2251 1153 2304 κηνσον
1174 2276 1189 2291 .

321 2324 433 2378 Kal
467 2325 924 2380 ἀποστέλλουσι
957 2357 1024 2369 —
1055 2327 1236 2397 λόγῳ.
1289 2326 1524 2397 Εἴρηται
1555 2327 1684 2399 περὶ
1717 2327 1846 2380 τού-

241 2433 359 2468 των
395 2419 452 2469 ἐν
478 2417 555 2488 τῷ
582 2420 944 2490 πεντηκοστῷ
972 2419 1175 2491 πρώτῳ
1227 2419 1508 2492 κεφαλαίῳ
1547 2419 1645 2475 τοῦ
1701 2422 1848 2476 κατὰ

245 2506 557 2572 λιατθαῖον,
589 2509 668 2571 είς
694 2508 754 2561 τὸ
784 2509 937 2572 τέλος
975 2508 1112 2580 (70).

329 2599 396 2650 Ol
443 2629 512 2638 —
562 2599 898 2668 διδάσκεις.
966 2601 1089 2655 Ἐπ’
1139 2602 1475 2670 ἀληθείας,
1529 2602 1653 2657 ἀντὶ
1719 2603 1844 2667 τοῦ,

247 2688 495 2760 ἀληθῶς.
553 2690 786 2763 Εἴρηται
813 2693 872 2746 δέ
900 2692 994 2747 καὶ
1028 2696 1161 2766 περὶ
1185 2693 1392 2748 τούτων
1414 2697 1472 2747 ἐν
1504 2693 1721 2764 ἐκείνῳ.

326 2779 575 2845 Ἔξεστι
609 2812 674 2822 -
715 2784 810 2836 ἐπ’
839 2783 1022 2851 αὐτῷ.
1064 2785 1177 2839 Καὶ
1232 2784 1598 2857 περὶτούτων
1630 2786 1848 2840 πάντων

245 2875 370 2928 ἐκεῖ
395 2874 823 2946 διηρμήνευται.

493 2993 653 3047 ΚΕΦ.
685 2992 814 3048 AH'.
842 2995 984 3063 Περὶ
1015 2993 1138 3050 τῶν
1168 2995 1617 3052 Σαδδουκαίων.
1658 3051 1665 3063 ,

326 3084 439 3138 Kal
490 3084 774 3155 ἔρχονται
829 3116 900 3126 -
937 3081 1115 3140 εἴναι.
1179 3087 1414 3158 Εἴρηται
1466 3089 1598 3158 περὶ
1643 3085 1848 3140 τούτων

1947 1957 2211 2015 adversus
2239 1974 2334 2015 eos
2355 1960 2561 2016 diceret
2602 1977 2616 2014 :
2650 1969 2819 2030 utque
2848 1957 3077 2013 insidias
3115 1957 3383 2012 adversus
3408 1971 3536 2010 eum

1949 2060 2349 2119 praepararent.

1948 2155 2103 2212 CAP.
2131 2158 2401 2216 XXXVII.
2427 2161 2505 2215 De
2546 2159 3002 2240 interrogantibts
3050 2158 3333 2213 Dominum
3392 2176 3542 2214 occa-

2554 2246 2697 2284 stone
2724 2246 2932 2282 census.

2024 2319 2184 2377 Vers.
2214 2322 2299 2377 1'5.
2339 2321 2408 2375 Et
2439 2323 2780 2375 emiltunt—
2802 2337 3066 2375 sermone.
3099 2320 3311 2376 Dictum
3349 2330 3434 2376 est
3468 2322 3537 2376 de

1951 2413 2038 2469 his
2087 2415 2541 2486 quinquagesimo
2580 2416 2761 2486 primo
2810 2415 2967 2486 juxta
3009 2413 3324 2468 Matthaum
3354 2413 3537 2483 capite

1951 2505 2097 2558 circa
2125 2502 2312 2558 linem.

2023 2596 2180 2650 Vers.
2216 2595 2303 2649 H.
2339 2595 2444 2661 Qui
2469 2627 2537 2636 —
2559 2596 2733 2652 doces.
2757 2596 2815 2651 In
2848 2597 3097 2663 veritate,
3129 2597 3233 2651 hoc
3251 2605 3355 2660 est,
3386 2610 3536 2650 vere.

1953 2689 2168 2744 Dictum
2197 2699 2282 2744 est
2314 2698 2368 2743 et
2401 2690 2467 2745 de
2492 2690 2578 2745 his
2612 2691 2840 2746 ibidem.

2023 2780 2180 2835 Vers.
2224 2782 2310 2834 14.
2368 2779 2512 2834 Licet
2537 2811 2607 2821 —-
2633 2781 2792 2840 ,Vers.
2833 2783 2918 2836 17.
2951 2782 3016 2835 de
3057 2798 3140 2836 eo.
3179 2783 3250 2835 De
3287 2781 3373 2836 his
3400 2795 3541 2851 quo-

1951 2889 2058 2943 que
2094 2873 2354 2930 omnibus
2381 2872 2509 2926 data
2536 2881 2621 2927 est
2642 2874 2714 2927 ibi
2742 2874 3152 2942 interpretatio.

2257 2983 2410 3040 CAP.
2437 2983 2728 3040 XXXVIII.
2773 2985 2848 3039 De
2893 2985 3225 3040 Sat/ducitis.

2033 3078 2186 3131 Yers.
2220 3077 2308 3132 18.
2342 3077 2408 3130 Et
2441 3077 2654 3131 veniunt
2687 3107 2758 3117 -—
2783 3094 2908 3132 esse.
2955 3078 3168 3132 Dictum
3217 3086 3301 3132 cst
3351 3077 3418 3133 de
3461 3078 3549 3133 bis

249 3179 316 3229 ἐν
382 3175 464 3248 τῷ
532 3176 894 3248 πεντηκοπῷ
974 3179 1151 3249 τρίτῳ
1212 3178 1496 3250 κεφαλαίῳ
1553 3178 1650 3233 τοῦ
1707 3179 1849 3232 κατὰ

1964 3168 2416 3238 quinquagesimo
2461 3169 2622 3223 tertio
2657 3171 2838 3239 capite
2909 3168 3187 3238 Evangelii
3240 3169 3546 3225 secundum

248 3267 559 3323 Ματθαῖον.

329 3362 442 3414 Kal
499 3361 909 3429 ἐπηρώτησαν
955 3390 1023 3402 --
1072 3360 1154 3428 τῷ
1206 3362 1454 3436 ἀδελφῷ
1508 3362 1720 3420 αὐτοῦ.
1765 3363 1854 3416 Ἐν

249 3454 454 3524 ἐκείνῳ
480 3456 610 3524 περὶ
642 3452 849 3508 τούτων
887 3455 1104 3527 ἐλέχθη.

340 3543 530 3600 Ἑπτὰ
577 3575 648 3586 --
700 3545 982 3614 γυναῖκα.
1045 3547 1283 3618 Ὁμοίως
1329 3549 1425 3603 καὶ
1479 3550 1610 3620 περὶ
1650 3551 1857 3603 τούτων

253 3639 501 3694 πάντων.

333 3729 445 3784 Καὶ
473 3729 824 3799 ἀποκριθεὶς
853 3761 923 3771 --
955 3731 1105 3786 Θεοῦ
1123 3748 1143 3796 ;
1170 3730 1270 3784 Διὰ
1319 3728 1503 3796 τοῦτο,
1538 3730 1728 3794 ποῖον;
1758 3727 1858 3780 Διὰ

253 3821 322 3872 τὸ
369 3821 543 3884 οὕτως
587 3822 855 3892 ἐμπαθῶς
923 3823 1336 3893 ὑπολαμϐάνειν
1389 3823 1519 3894 περὶ
1575 3821 1675 3891 τῆς
1725 3821 1860 3874 ἁνα-

257 3908 528 3974 στάσεως.

341 4004 413 4057 Ἢ
441 4004 528 4058 διὰ
591 4005 652 4058 τὸ
705 4006 781 4077 μὴ
843 4007 1044 4060 ειδέναι
1095 4006 1194 4070 τὰς
1250 4007 1514 4080 Γραφὰς,
1579 4007 1717 4078 μηδὲ
1753 4009 1857 4079 τὴν

255 4094 500 4166 δύναμιν
554 4097 649 4150 τοῦ
704 4097 883 4162 Θεοῦ,
957 4099 1091 4170 περὶ
1149 4094 1226 4153 ὦν
1295 4099 1504 4171 ὁμοίως
1565 4103 1685 4154 ἐκεῖ
1743 4100 1861 4153 διας

259 4187 595 4258 σεσάφηταμ

341 4280 625 4333 Ὅταν-ο
657 4280 954 4348 οὐρανοῖς.
1005 4282 1180 4336 Ὅταν
1234 4283 1513 4336 ἀναστῶσι
1553 4283 1758 4347 πάντες
1806 4287 1855 4337 οἱ

257 4372 571 4443 ἄνθρωποι.
612 4373 726 4427 Καὶ
761 4375 891 4445 περὶ
925 4373 1134 4428 τούτων
1168 4375 1225 4428 δὲ
1282 4377 1521 4446 ζήτησον
1568 4379 1626 4429 ἐν
1666 4377 1865 4449 ἐκείνῳ

257 4463 348 4534 τῷ
379 4465 678 4534 κεφαλαίῳ.

1959 3261 2294 3315 Μειιιιεειιιη.

2031 3352 2186 3406 Vers.
2213 3351 2298 3406 18.
2321 3350 2388 3404 Ει
2407 3352 2923 3421 interrogaverunt—
2939 3347 3093 3405 Vers.
3122 3347 3208 3404 19.
3244 3349 3402 3419 fratri
3433 3365 3549 3407 suo.

1960 3442 2015 3498 ln
2051 3444 2143 3497 illo
2180 3441 2386 3496 dictum
2437 3450 2522 3497 est
2555 3441 2621 3497 de
2661 3441 2770 3498 his.

2029 3536 2186 3591 Vers.
2218 3533 2308 3589 20.
2340 3533 2548 3604 Septem
2582 3565 2651 3576 —-
2678 3535 2835 3591 γει-ε.
2874 3535 2966 3590 25.
3005 3550 3251 3591 uxorem.
3284 3532 3551 3589 Similiter

1960 3637 2012 3681 et
2047 3629 2115 3681 de
2149 3627 2238 3682 bis
2273 3627 2550 3682 omnibus.

2039 3718 2190 3772 Vers.
2229 3719 2317 3772 24.
2343 3722 2409 3772 Ει
2439 3719 2758 3788 respondent
2779 3749 2848 3759 —
2872 3717 3014 3775 Dei?
3060 3747 3132 3757 —
3169 3717 3390 3787 Propter
3418 3721 3555 3784 hoc;

1963 3808 2276 3875 Quidnam?
2307 3807 2536 3875 Propter
2583 3810 2701 3874 hoc,
2725 3811 2874 3878 quod
2904 3809 3198 3864 carnaliter
3255 3810 3324 3863 de
3364 3824 3553 3864 resur-

1964 3912 2206 3957 rectione
2260 3902 2535 3959 sentiatis.

2040 3994 2132 4049 Vel
2169 3995 2393 4065 Propter
2415 3998 2533 4060 hoc,
2587 3997 2726 4066 quod
2759 3996 3005 4050 nesciatis
3056 3994 3359 4064 Scripturas
3394 4011 3559 4067 neque

1965 4088 2255 4156 potentiam
2311 4086 2427 4145 Dei.
2483 4088 2562 4142 De
2633 4089 2835 4159 quibus
2889 4088 3140 4143 similiter
3201 4088 3270 4140 ibi
3353 4088 3561 4141 dictum

1967 4191 2070 4237 est.

2045 4271 2322 4327 Vers.\25.
2357 4271 2490 4328 Cum
2519 4303 2588 4313 —-
2625 4274 2790 4328 caelis.
2841 4302 2913 4310 —
2972 4270 3103 4326 Cum
3155 4272 3562 4333 resurrm'erint,

1971 4381 2165 4420 omnes
2198 4365 2454 4420 videlicet
2488 4365 2762 4418 homines.
2815 4363 2878 4416 Et
2907 4363 2975 4417 de
3013 4364 3098 4416 bis
3123 4376 3340 4431 quoque
3369 4361 3564 4414 eodem

1971 4458 2147 4527 capite
2185 4472 2387 4527 quare.

344 4556 484 4624 Περὶ
509 4587 581 4599 -
605 4557 856 4617 ζώντων.
891 4557 1004 4610 Καὶ
1039 4558 1212 4612 ταῦτα
1241 4560 1424 4614 πάντα
1462 4561 1580 4614 ἐκεῖ
1608 4562 1852 4614 λελεπτο-

2039 4553 2193 4608 Vers.
2218 4552 2309 4608 ‘26.
2340 4551 2415 4606 De
2447 4581 2517 4590 —
2548 4549 2704 4604 Vers.
2737 4549 2829 4603 27.
2859 4549 3168 4603 viventium.
3226 4548 3293 4600 Et
3328 4547 3446 4602 haec
3487 4545 3564 4600 ibi

261 4649 524 4718 λόγηται.
582 4649 704 4719 Χρὴ
735 4649 792 4702 δὲ
825 4650 1141 4717 γινώσκειν,
1177 4652 1262 4704 ὅτι
1305 4653 1402 4705 καὶ
1434 4652 1471 4720 ὴ
1502 4651 1663 4722 βάτος
1689 4653 1785 4705 καὶ
1836 4655 1864 4706 ὁ

262 4742 440 4810 βάτος
466 4743 773 4813 ἀδιαφόρως
799 4744 1075 4811 λέγονται.

360 4833 560 4902 Ὑμεῖς
586 4865 657 4873 -
708 4835 1048 4891 πλανᾶσθε.
1121 4836 1232 4905 Οὐχ
1276 4836 1484 4902 ἁπλῶς,
1522 4837 1660 4891 ἀλλὰ
1697 4839 1864 4902 πάνυ.

262 4925 452 4981 Τοῦτο
502 4927 558 4979 δὲ
622 4928 989 5000 προσέθηκεν,
1024 4929 1100 4993 ώς
1155 4930 1442 5002 προδήλως
1484 4931 1867 5002 ἐληλεγμένων

264 5023 542 5091 ἀνοήτων.

537 5136 698 5192 ΚΕΦ.
733 5137 858 5191 ΛΘ.
893 5135 1032 5205 Περί
1066 5135 1174 5190 τοῦ
1216 5135 1634 5206 Γραμματέως.

354 5227 464 5281 Kal
527 5226 872 5296 προσελθὼν
922 5255 994 5265 ——
1031 5225 1294 5294 ὲντολή;
1360 5225 1560 5297 Πρώτη
1609 5226 1867 5291 πάντων,

267 5320 389 5375 τῶν
418 5320 622 5388 νόμων.
683 5319 912 5388 Εἴρηται
962 5318 1020 5370 δὲ
1060 5319 1190 5387 περὶ
1216 5317 1412 5370 τούτου
1442 5319 1502 5372 ἐν
1534 5315 1612 5387 τῷ
1667 5335 1870 5387 πεντη-

277 5411 469 5480 κοστῷ
507 5412 753 5480 τετάρτῳ
785 5409 1071 5479 κεφαλαίῳ
1099 5408 1191 5464 τοῦ
1223 5411 1363 5462 κατὰ
1417 5407 1722 5463 διατθαίον.

395 5679 440 5709 ⁶⁹
480 5684 672 5738 Matth.
737 5699 849 5746 XXI,
885 5681 976 5736 45.

1969 4661 2066 4716 per
2093 4645 2302 4716 singula
2323 4655 2452 4699 sunt
2471 4643 2783 4714 explanata.

2046 4832 2200 4887 Vers.
2267 4832 2357 4885 ‘27.
2410 4831 2506 4886 Vos
2554 4861 2624 4870 --
2665 4830 2880 4884 erratis.
2932 4829 3050 4883 Non
3106 4838 3409 4896 utcunque,
3469 4825 3576 4881 sed-

1972 4927 2223 4983 multum.
2259 4923 2372 4978 Hoc
2411 4932 2594 4977 autem
2625 4923 2856 4985 addidit,
2891 4932 3149 4992 tanquam
3198 4937 3392 4975 eorum
3426 4917 3566 4973 insi-

1980 5018 2242 5088 pientiam
2268 5017 2556 5071 manifeste
2589 5030 2853 5085 arguens.

2382 5128 2537 5182 CAP.
2573 5125 2816 5180 XXXIX.
2855 5125 2927 5179 De
2961 5124 3171 5181 Scriba.

2053 5223 2203 5278 Vers.
2231 5223 2322 5276 ‘28.
2380 5221 2446 5274 Et
2482 5222 2732 5274 accedens
2760 5250 2832 5260 —
2865 5220 3238 5272 mandatorum
3270 5216 3292 5268 ?
3326 5214 3567 5267 Primum

1979 5317 2247 5378 omnium,
2280 5329 2401 5383 qua:
2426 5325 2561 5367 sunt
2598 5315 2653 5367 in
2712 5312 2850 5382 lege.
2918 5311 3130 5364 Dictum
3167 5317 3248 5362 est
3297 5316 3478 5360 autem
3503 5305 3573 5358 de

1983 5409 2090 5462 hoc
2147 5406 2604 5475 quinquagesimo
2647 5415 2843 5476 quarto
2910 5403 3088 5471 capite
3145 5398 3429 5470 Evangelii
3483 5411 3570 5449 se-

1983 5500 2229 5556 cundum
2268 5499 2612 5555 Multhwum.

1519 5749 1714 5811 Variae
1777 5749 2084 5812 lectiones
2143 5759 2422 5811 etnotae.

361 5837 476 5905 (70)
506 5835 640 5905 Περὶ
665 5834 722 5887 τὸ
746 5832 920 5900 τέλος,
952 5831 1010 5886 Β.
