4054 6436
608 390 716 452 859

1848 383 2234 447 EUTHYMII
2274 378 2637 444 ZIGABENI

3771 368 3860 431 860

683 508 838 563 Vers.
870 508 926 563 ἓ.
957 508 1108 563 Sicut
1136 536 1203 548 —
1228 505 1392 561 uerbi.
1424 505 1463 558 Α
1498 502 1769 575 principio
1795 504 2186 557 miraculorum

2363 498 2572 564 Καθὼς
2604 527 2671 537 -
2704 488 2912 561 λόγου.
2954 494 3075 545 Ἀπ’
3105 493 3285 561 ἀρχῆς
3311 489 3422 544 τῶν
3456 487 3756 557 θαυμάτων
3778 498 3862 543 και

605 607 658 652 ιιι
691 598 1030 669 dogmatum.
1071 594 1183 649 Hoc
1220 602 1405 648 autem
1441 594 1692 649 scribens
1739 590 2007 653 ostendit,
2039 589 2187 660 quod

607 689 729 758 ipse
780 690 885 744 illis
932 688 1208 757 posterior
1241 686 1308 741 ad
1342 687 1521 755 ipsum
1556 685 1879 739 accessisset
1908 698 1921 735 :
1958 683 2189 750 ideoque

610 782 728 837 haec
755 783 825 837 ab
864 782 971 836 illis
996 779 1283 845 didicerat,
1310 780 1401 850 qui
1434 794 1655 846 semper
1681 793 1805 831 rum
1834 775 2051 830 Christo
2079 779 2191 830 rue-

607 884 751 939 rant,
780 889 842 928 ac
876 873 1088 942 singula
1121 872 1371 926 viderant
1401 881 1452 926 et
1481 871 1776 925 audierant
1802 886 1815 934 ;
1848 868 1981 922 dicit
2007 876 2189 920 autem

608 978 705 1018 eos
742 949 1060 1032 discipulos.
1100 963 1191 1031 qui
1225 979 1256 1017 e
1283 961 1622 1017 duodenario
1661 961 1884 1014 luerunt
1932 973 2186 1013 numero.

614 1051 845 1107 Verbum
882 1068 1010 1107 vero
1043 1052 1298 1122 intelligit
1349 1053 1439 1108 hic
1475 1051 1785 1113 Christum,
1837 1052 1929 1119 qui
1983 1049 2051 1104 ab
2104 1049 2192 1103 his

608 1157 703 1211 per
732 1142 1166 1198 incarnationem
1196 1158 1259 1196 ac
1287 1142 1678 1196 humanitatem
1726 1141 1879 1195 visus
1901 1152 2002 1195 est.
2034 1140 2194 1195 Mini-

608 1243 754 1287 stros
779 1250 997 1303 quoque
1030 1236 1130 1289 hos
1160 1234 1490 1300 nominavit,
1512 1243 1700 1303 utpote
1727 1233 2009 1288 auditores
2036 1242 2092 1289 et
2124 1234 2192 1289 ad

610 1324 733 1377 ﬁdei
772 1327 1213 1395 prmdirationem
1246 1327 1500 1386 emissos.

685 1413 833 1470 Vcrs.
868 1418 919 1472 5.
971 1417 1150 1474 Visum
1188 1431 1265 1476 est
1296 1450 1366 1462 ——
1395 1416 1697 1486 Theophile.
1748 1415 2044 1471 Assecntio
2089 1416 2195 1470 hoc

607 1504 727 1561 luco
757 1524 854 1576 pro
889 1512 1198 1579 cognitione
1229 1511 1498 1569 sumenda
1529 1520 1634 1565 est.
1669 1510 1881 1563 Cuncta
1940 1509 2197 1564 videlicet

608 1611 773 1663 opera
805 1597 1106 1655 Salvatoris
1135 1618 1198 1657 ac
1242 1616 1552 1657 sermones.
1602 1600 1745 1653 Dicit
1784 1614 1957 1669 ergo:
2016 1598 2195 1653 Visum

608 1696 685 1739 est
725 1698 773 1740 et
820 1690 969 1749 mihi.
1008 1692 1113 1745 hoc
1146 1702 1251 1756 est,
1306 1691 1547 1761 Equum
1599 1692 1853 1760 apparuit
1908 1692 2065 1753 mihi,
2102 1692 2195 1759 qui

608 1785 805 1832 cuncta
840 1796 869 1833 a
921 1782 1191 1853 principio
1238 1792 1490 1838 accurate
1538 1782 1793 1851 cognovi,
1844 1781 2038 1835 ordine
2096 1782 2194 1836 tibi

609 1866 869 1926 scribere.
902 1872 1107 1927 Deinde
1138 1874 1306 1927 etiam
1331 1873 1605 1928 scribendi
1655 1888 1880 1927 causam
1913 1873 2087 1927 addit.

679 2048 719 2119 ει-
747 2048 843 2105 Hic
872 2052 1129 2106 senatorii
1174 2062 1293 2108 erat
1327 2052 1561 2120 ordinis,
1600 2064 1655 2110 et
1704 2054 1952 2110 fortassis
2004 2056 2201 2126 prafe-

610 2151 757 2197 ctus.
799 2142 1021 2199 Strenui
1049 2147 1195 2200 enim
1226 2161 1426 2201 nomen
1457 2145 1524 2201 ad
1565 2147 1827 2216 praesides
1848 2161 1911 2201 ac
1940 2148 2203 2217 primates

609 2234 891 2290 dicebatur
917 2255 935 2292 :
955 2238 1095 2292 sicut
1117 2249 1172 2293 et
1200 2237 1401 2292 Paulus
1426 2240 1503 2292 ait
1527 2238 1591 2291 ad
1621 2239 1904 2307 pmsidem
1934 2240 2156 2295 Festum
2183 2259 2199 2295 :

610 2326 831 2379 Strenue
853 2325 1001 2381 Feste
1031 2328 1069 2381 ⁸.
1095 2327 1289 2383 Omnis
1312 2329 1477 2383 ctiam
1500 2330 1684 2387 homo.
1707 2328 1800 2397 qui
1836 2327 2005 2382 Deum
2030 2338 2199 2394 amat,

610 2426 826 2487 sumpta
862 2419 1125 2475 adversus
1159 2420 1483 2475 aﬂectinnes
1517 2418 1980 2484 iortitudine,dici
2015 2428 2202 2487 potest

610 2517 869 2563 strenuus
913 2509 1254 2579 Theophilus
1333 2528 1396 2567 ac
1447 2512 1669 2584 dignus,
1729 2511 1822 2580 qui
1885 2509 2194 2565 doctrinam

611 2599 797 2653 audiat
824 2602 1219 2669 evangelicam.

682 2688 840 2745 Vers.
878 2694 929 2748 ι.
961 2696 1020 2751 Ut
1045 2725 1114 2735 -
1142 2697 1533 2753 certitudinem.
1566 2696 1640 2753 Ut
1669 2711 1999 2766 agnoscens,
2036 2695 2203 2752 vehe-

611 2784 849 2838 mentius
902 2800 1217 2842 sermonum
1254 2788 1379 2843 fidei
1417 2789 1753 2845 certitudine
1787 2789 2021 2859 rapiaris
2054 2789 2199 2859 (bb);

612 2871 683 2928 de
712 2873 913 2941 quibus
948 2874 1190 2933 imbutus
1218 2878 1426 2941 l’ueras.
1464 2880 1603 2943 sive,
1644 2880 1712 2935 de
1743 2879 1945 2951 quibus
1967 2879 2200 2935 edoctus

612 2981 694 3025 es.
738 2982 804 3019 ne
840 2976 891 3021 te
938 2967 1088 3023 fallat
1117 2973 1381 3036 narratio.
1429 2989 1591 3042 quam
1637 2974 1795 3029 multi
1843 2982 2196 3029 tentaverunt

612 3061 880 3120 retexere,
926 3057 1086 3113 sicuti
1120 3061 1374 3130 superius
1411 3062 1754 3118 declaratum
1788 3072 1895 3119 est.

684 3144 838 3201 Vere.
864 3147 913 3202 5.
948 3148 1071 3202 Fuit
1097 3179 1168 3189 —
1190 3150 1505 3208 Zacharias.
1532 3154 1749 3210 Patrem
1768 3155 1898 3211 dicit
1920 3155 2199 3225 Baptistae.

615 3235 855 3293 Primum
890 3249 1071 3295 autem
1098 3241 1423 3299 admiranda
1448 3248 1699 3317 exponit,
1736 3263 1855 3317 qua
1890 3248 2037 3304 circa
2060 3251 2207 3305 Prte-
2234 3227 2278 3287 (δ

616 3330 856 3386 cursoris
933 3342 1264 3404 conceptum
1343 3350 1409 3392 ac
1475 3339 1816 3394 nativitatem
1867 3340 2208 3410 acciderunt,

614 3421 1019 3492 demonstrans,
1054 3428 1199 3496 quod
1226 3430 1411 3483 statim
1438 3430 1507 3486 ab
1545 3431 1775 3487 exordio
1837 3432 1965 3487 vita:
2008 3432 2208 3505 dignus

617 3522 755 3578 erat,
773 3516 863 3580 qui
886 3514 1165 3573 Christum
1200 3523 1576 3589 annuntiaret,
1620 3523 1938 3594 populoque
1974 3524 2209 3581 demun-

616 3612 725 3659 llra
734 3614 835 3662 rel.

687 3695 826 3763 Quia
855 3714 983 3757 vero
1017 3717 1081 3757 ea
1114 3716 1442 3763 narraturus
1486 3717 1572 3763 est
1617 3723 1742 3779 quae
1785 3709 1933 3782 apud
1983 3710 2205 3769 Judzos

621 3789 970 3858 contigerunt
1006 3832 1021 3857 ,
1059 3796 1255 3852 merito
1289 3813 1508 3869 quoque
1543 3801 1697 3870 ponit
1727 3817 1839 3871 pra:
1862 3803 2039 3859 oculis
2064 3813 2206 3860 tem-

621 3890 722 3943 pus
749 3877 977 3937 Herodis
1004 3884 1167 3954 regis,
1200 3893 1259 3940 ut
1292 3896 1350 3941 et
1376 3897 1594 3958 tempus
1640 3889 1855 3945 illarum
1894 3907 2076 3948 rerum
2111 3894 2208 3949 ﬂat

2292 589 2402 643 τῶν
2426 588 2735 656 δογμάτων.
2772 585 2944 640 Τοῦτο
2970 584 3027 637 δδ
3059 584 3299 653 γράψας,
3326 581 3532 648 ἔδειξεν
3591 580 3677 633 ὅτι
3709 581 3865 645 αὐτος

2297 683 2525 750 ὕστερος
2557 680 2783 733 έκείνων
2831 678 3122 747 ἐφοίτησεν
3151 676 3301 746 αύτῷ
3322 692 3335 707 ’
3366 676 3447 729 διὸ
3484 677 3583 730 καὶ
3617 676 3753 744 παρ’
3776 678 3866 729 αύ-

2292 774 2405 828 τῶν
2440 774 2611 844 ἔμαθε
2640 772 2839 833 ταῦτα,
2863 770 2951 823 διὰ
2982 770 3186 831 παντὸς
3210 770 3487 823 συνόντων
3517 769 3600 837 τῷ
3627 772 3669 823 Χ
3680 770 3859 838 ριστῷ,

2295 866 2393 919 καὶ
2440 868 2690 933 ὁρώντων
2720 864 2816 916 καὶ
2842 862 3149 916 ἀκουόντων
3190 861 3418 914 ἕκαστα⁹
3457 862 3613 930 λέγει
3645 861 3706 914 δὲ
3749 864 3868 921 τοὺς

2296 957 2395 1023 τῆς
2430 954 2733 1015 δωδεκάδος
2781 953 2891 1006 τῶν
2948 952 3230 1022 μαθητῶν.
3263 952 3441 1019 Λόγον
3472 953 3529 1004 δὲ
3579 954 3675 1004 τὸν
3740 954 3867 1020 Χρι-

2298 1047 2421 1099 στὸν
2449 1045 2687 1100 ένταῦθά
2716 1044 3191 1114 φησιν,όραθέντα
3215 1042 3426 1105 τούτοις
3473 1042 3564 1095 sta
3591 1043 3694 1112 τῆς
3718 1045 3866 1095 (vaso

2302 1138 2643 1207 Θρωπήσεως
2679 1155 2694 1171 ο
2738 1137 3021 1207 ὑπηρέτας
3049 1136 3107 1189 δι
3156 1136 3383 1199 τούτους
3434 1133 3750 1203 ὠνόμασεν.
3801 1135 3873 1193 ὡς

2297 1231 2599 1298 ὑπηκόους,
2644 1230 2740 1283 καὶ
2792 1229 2868 1289 ὡς
2916 1227 3328 1291 ἀποσταλέντας
3382 1227 3467 1290 είς
3504 1227 3569 1279 τὺ
3608 1227 3872 1298 κήρυγμα

2296 1324 2394 1393 τῆς
2430 1324 2689 1385 πίστεως.

2371 1416 2585 1479 Ἔδοξε
2621 1446 2693 1455 -
2733 1416 3005 1483 Θεόφιλε.
3061 1410 3553 1485 Παρακολοῦθησιν
3586 1410 3691 1481 την
3744 1412 3881 1478 γνῶ-

2300 1523 2385 1558 σιν
2443 1506 2786 1575 ὑποληπτέον
2820 1506 2913 1559 έπὶ
2941 1503 3032 1557 τοῦ
3073 1506 3337 1574 παρόντος
3394 1502 3586 1573 ῥητοῦ.
3621 1488 3780 1558 Πᾶὲι
3805 1504 3881 1565 δὲ,

2297 1601 2410 1659 τοῖς
2441 1598 2623 1666 ἔργοις
2648 1598 2743 1651 καὶ
2768 1598 2949 1664 λόγοις
2986 1595 3231 1666 δηλονότι
3256 1595 3349 1648 τοῦ
3378 1597 3667 1665 Σωτῆρος.
3705 1597 3879 1648 Ἀνω-

2298 1692 2404 1743 θεν
2444 1689 2522 1747 δέ,
2568 1689 2692 1742 ἀντὶ
2736 1688 2853 1752 τοῦ,
2905 1689 3026 1741 Ἀπ’
3057 1689 3232 1758 ἀρχῆς
3282 1688 3485 1741 αὐτῶν.
3521 1687 3693 1753 Δέγει
3757 1685 3887 1751 γοῦν

2299 1784 2381 1835 ὅτι
2416 1781 2633 1845 Ἔδοξε
2662 1784 2860 1851 κάμοὶ,
2890 1783 3192 1845 τουτέστιν,
3222 1780 3457 1851 ἀρεστὸν
3483 1780 3686 1847 ἐφάνη,
3708 1780 3886 1844 γνόντι

2302 1878 2397 1931 ἀπ’
2433 1878 2606 1947 ἀρχῆς
2634 1877 2809 1929 πάντα
2852 1874 2987 1945 πρὸς
3021 1872 3337 1945 ἀκρίϐειαν,
3368 1872 3614 1940 καθεξῆς
3643 1888 3731 1924 σοι
3758 1872 3887 1939 γρά-

2301 1968 2421 2038 ψαι.
2458 1964 2591 2019 Εἶτα
2625 1966 2954 2037 προστίθησι
2992 1966 3089 2019 καὶ
3115 1967 3215 2034 τὴν
3244 1966 3429 2018 αἰτίαν
3469 1965 3571 2033 τῆς
3594 1963 3842 2035 γραφῆς.

2372 2052 2670 2128 ειη-[Οὗτος
2714 2057 2790 2126 (6)
2830 2056 3197 2125 συγκλητικὸς
3249 2051 3317 2125 ἦν
3356 2054 3455 2109 καὶ
3504 2054 3698 2125 ἅρχων
3745 2054 3889 2115 ἴσως.

2304 2146 2378 2199 Τὸ
2407 2146 2517 2216 γὰρ
2542 2146 2865 2215 κράτιστος
2907 2148 3001 2199 ἐπὶ
3024 2145 3135 2197 τῶν
3175 2146 3457 2216 ἀρχόντων
3484 2146 3581 2198 καὶ
3606 2146 3890 2213 ἡγεμόνων

2303 2242 2543 2309 ἐλέγετο.
2590 2242 2677 2302 Ὠς
2712 2242 2807 2293 καὶ
2859 2241 2887 2293 ό
2918 2240 3127 2303 Παύλός
3177 2257 3311 2309 φησι
3342 2238 3483 2308 πρὸς
3519 2238 3619 2291 τὸν
3648 2237 3889 2306 ἡγεμόνε

2302 2334 2533 2401 Φῆστον,
2577 2332 2873 2400 Κράειστε
2930 2331 3153 2400 Φῆστε.
3192 2331 3303 2383 Καὶ
3336 2333 3450 2393 πᾶς
3486 2330 3545 2383 δι
3605 2329 3891 2397 ἄνθρωπος

2305 2423 2585 2493 θεοφιλὴς,
2623 2425 2717 2476 καὶ
2743 2425 2945 2493 κράτος
2988 2424 3136 2477 κατά
3164 2423 3275 2477 τῶν
3316 2421 3512 2475 παθῶν
3548 2421 3892 2489 ἀναδεξάμε-

2302 2530 2415 2578 νος,
2454 2513 2715 2582 Θεόφιλός
2743 2516 2865 2567 ἑστι
2888 2515 3206 2585 κράτιστος,
3241 2514 3300 2577 ὃς
3344 2514 3439 2567 καὶ⁸
3470 2512 3627 2579 ἄξιος
3658 2514 3741 2584 τῷ
3785 2513 3894 2568 δντι

2302 2603 2455 2656 ιστὶν
2483 2604 2707 2658 ἀκούειν
2739 2604 2833 2657 τοῦ
2859 2603 3252 2676 libensnam]

2377 2695 2514 2751 'Ira
2545 2725 2615 2737 —-
2648 2696 3018 2765 ἀσφάλειαν.
3079 2697 3199 2749 Ἵνα
3251 2696 3518 2764 ἐπιγνῷς,
3590 2695 3683 2749 ἴνα
3738 2696 3897 2750 πλέον

2304 2787 2588 2860 κατάσχῃς
2626 2787 2729 2849 τὴν
2770 2788 3080 2856 ἀσφάλειαν
3136 2788 3245 2840 τῶν
3273 2787 3450 2855 λόγων
3499 2787 3600 2857 τῆς
3635 2788 3893 2851 πίστεως.

2306 2878 2439 2951 περὶ
2489 2875 2566 2933 ὧν
2623 2878 2944 2951 κατηχήθης
2982 2921 2997 2945 ,
3047 2879 3219 2950 ἠγουν
3274 2880 3407 2949 περὶ
3464 2871 3543 2931 ὧν
3590 2878 3897 2949 ἐδιδάχθης.

2302 2972 2444 3026 ὥστε
2478 2971 2555 3043 μὴ
2588 2972 2928 3041 σφάλλεσθαί
2954 2988 3015 3025 σε
3050 2974 3115 3041 τῇ
3150 2972 3428 3041 διηγήσει,
3454 2972 3524 3043 ην
3549 2971 3741 3023 πολλοὶ
3772 2972 3895 3022 ἐπε·

2303 3066 2574 3135 χείρησαν
2609 3062 3014 3129 ἀνατάξασθαι,
3050 3062 3238 3124 καθὼς
3268 3063 3535 3129 ἀνωτέρω
3573 3061 3893 3131 δεδήλωται.

2314 3170 2329 3186 ⁸
2390 3154 2664 3225 Ἐγένετο
2694 3184 2766 3195 -
2794 3155 3119 3225 Ζαχαρίας.
3170 3155 3275 3207 Τὸν
3336 3154 3554 3224 πατέρα
3599 3155 3753 3222 λέγει
3805 3153 3898 3208 τοῦ

2313 3250 2646 3306 Βαπτιστοῦ.
2698 3248 3091 3321 Προεκτίθεται
3121 3248 3181 3302 δὲ
3209 3248 3278 3301 τά
3324 3248 3467 3301 κατά
3495 3248 3601 3319 τὴν
3631 3248 3898 3318 σύλληψιν

2314 3340 2410 3393 καὶ
2435 3342 2694 3410 γέννησιν
2724 3342 2820 3395 τοῦ
2870 3339 3202 3413 Προδρόμου
3264 3336 3569 3409 παράδοξα,
3607 3341 3895 3409 παριστῶν

2312 3429 2396 3483 δτι
2420 3429 2584 3494 εὐθὺς
2616 3432 2684 3485 lx
2734 3431 3043 3501 προοιμίων
3082 3430 3188 3500 τῆς
3240 3429 3391 3499 ζωῆς
3440 3430 3761 3495 ἀξιόπιστος
3815 3426 3902 3501 ἦν,

2313 3523 2701 3592 καταγγέλλων
2732 3524 2829 3577 καὶΙ
2858 3523 3234 3578 ὑποδεικνύων
3268 3523 3361 3577 τὸν
3385 3523 3626 3592 Χριστὸν
3658 3524 3737 3594 τῷ
3762 3524 3897 3595 λαῷ.

2395 3693 2553 3748 Ἐπεὶ
2578 3694 2636 3749 δὲ
2780 3694 2910 3764 περὶ
2938 3692 3048 3747 τῶν
3088 3691 3245 3763 παρά
3269 3694 3383 3756 τοϊς
3418 3691 3706 3755 Ἰουδαίοις
3736 3709 3902 3761 γεγε·

2312 3786 2569 3858 νημένων
2621 3786 2996 3856 διηγήσασθαι
3039 3784 3254 3856 μέλλει,
3290 3783 3783 3855 παρασημειοῦται
3815 3784 3906 3837 τὸν

2310 3879 2505 3950 καιρὸν
2533 3878 2637 3948 τῆς
2668 3878 2730 3932 Ἥ
2742 3876 2917 3949 ρὼδου
2946 3876 3235 3948 βασιλείας
3257 3876 3512 3941 εἰκότως,
3545 3876 3635 3929 ἶνα
3674 3877 3908 3947 γένηται

622 3968 987 4027 manifestum.
1048 3973 1321 4033 Herodem
1366 3988 1550 4035 autem
1612 3981 1869 4054 intelligit
1918 3998 2068 4051 eum,
2106 3987 2200 4056 qui

2307 3972 2467 4043 δῆλος
2502 3972 2596 4026 καὶ
2631 3972 2660 4025 ὁ
2697 3970 2888 4042 χρόνος
2914 3969 3100 4025 αὐτῶν
3126 3969 3227 4041 (8).
3270 3968 3521 4038 Ἡρώδην
3544 3966 3603 4022 δὲ
3635 3969 3749 4020 νόει
3812 3968 3905 4020 τὸν

626 4059 867 4117 infantes
892 4066 1109 4133 occidit,
1163 4080 1376 4139 patrem
1408 4072 1553 4130 illius
1600 4072 1854 4139 Herodis,
1908 4077 2003 4147 qui
2058 4079 2200 4135 Pra-

2310 4063 2702 4134 βρεφοκτόνον,
2760 4062 2853 4117 τὸν
2916 4061 3135 4132 πατέρα
3174 4058 3447 4132 Ἡρώδου,
3478 4058 3576 4113 τοῦ
3615 4059 3902 4122 ἀνελόντος

628 4168 911 4211 cursorem
953 4158 1250 4217 interemit.

2308 4160 2401 4213 τὸν
2441 4159 2785 4230 Πρόδρομον.

700 4241 854 4301 Vers.
882 4246 936 4304 5.
966 4247 1053 4303 Ea:
1073 4251 1179 4306 eice
1201 4252 1356 4309 Abia.
1398 4254 1583 4311 Vicetn
1620 4260 1969 4329 appellabant
1993 4259 2200 4317 hebdo-

2392 4248 2495 4315 Ἐξ
2519 4249 2844 4319 ἐφημερίας
2888 4247 3063 4304 Ἀϐιά.
3113 4246 3455 4319 Ἐφημερίαν
3504 4246 3738 4300 ὶκάλουν
3802 4246 3901 4317 τὴν

625 4336 929 4393 madarium
972 4342 1356 4401 ministerium.
1392 4345 1548 4403 Tun'c
1585 4348 1855 4419 siquidem
1896 4350 2007 4407 duo
2048 4360 2200 4407 erant

2308 4339 2699 4411 ἐϐδομαδιαίαν
2741 4338 3116 4412 λειτουργίαν.
3150 4337 3258 4391 Δύο
3294 4337 3407 4407 γὰρ
3434 4331 3582 4407 ἦσαν
3647 4336 3778 4389 τότε
3826 4336 3901 4387 Ξε-

623 4428 811 4498 templi
864 4434 1178 4491 sacerdotes
1225 4436 1334 4493 sibi
1376 4450 1569 4495 mutuo
1616 4442 2007 4499 succedentes.
2064 4443 2200 4499 Abia

2311 4434 2429 4505 ρεῐς
2455 4432 2549 4489 τοῦ
2584 4431 2741 4499 ναοῦ,
2779 4431 3031 4502 ἀλλήλων
3059 4430 3321 4502 διάδοχοι,
3365 4428 3671 4484 ’Δσιὰ’καὶ
3721 4429 3905 4498 Ζαχα-

627 4518 875 4575 videlicet
908 4530 965 4576 et
997 4521 1307 4582 Barachias.
1356 4529 1433 4583 Ex
1484 4530 1607 4585 vice
1648 4530 1813 4601 igitur
1852 4531 2010 4595 Abia,
2057 4530 2194 4596 sive,

2311 4524 2431 4594 ρίας
2472 4524 2571 4595 (9).
2605 4522 2701 4590 Ἐξ
2727 4524 3039 4595 ἐφημερίας
3067 4522 3162 4577 οὖν
3186 4519 3367 4585 ’Δσιά,
3395 4521 3568 4593 ηγουν
3623 4520 3769 4590 μετὰ
3805 4518 3908 4589 τὴν

626 4619 750 4678 post
783 4613 957 4667 vicem
984 4614 1141 4685 Abia,
1170 4616 1223 4673 id
1267 4628 1376 4686 est,
1398 4620 1708 4676 succedens
1733 4620 1836 4692 ipsi
1866 4622 2029 4677 Abia.

2309 4618 2621 4689 ἐφημερίαν
2655 4616 2835 4681 ’Δδιά,
2866 4616 3138 4680 τουτέστι,
3165 4614 3422 4682 διάδοχος
3448 4612 3543 4666 τοῦ
3577 4611 3757 4665 asta.

699 4701 851 4757 Vere.
890 4704 946 4759 5.
985 4705 1053 4761 Et
1072 4737 1143 4751 -—
1164 4710 1363 4765 Aaron.
1394 4711 1437 4766 E
1458 4712 1696 4783 posteris
1719 4712 1929 4769 Aaron.
1969 4714 2200 4770 Demon-

2382 4708 2494 4762 Καὶ
2519 4737 2589 4749 -
2628 4705 2881 4775 Ἀαρών.
2926 4706 3023 4759 Ἐκ
3056 4705 3168 4759 τῶν
3198 4704 3488 4772 ἀπογόνων
3521 4701 3616 4755 τοῦ
3662 4700 3899 4773 Ἀαρών.

629 4794 826 4849 stravit
855 4811 1008 4868 ergo,
1031 4802 1179 4870 quod
1201 4801 1514 4860 Praecursor
1533 4818 1564 4859 a
1581 4806 1906 4861 sacerdotali
1916 4805 2200 4862 descendit

2310 4802 2555 4869 Ἔδειξεν
2577 4796 2673 4855 οὖν
2732 4801 2814 4854 ὅτι
2844 4802 2872 4853 ὁ
2902 4798 3225 4870 Πρόδρομος
3251 4799 3317 4850 ix
3342 4798 3441 4868 τῆς
3480 4795 3770 4867 ἱερατικῆς
3803 4813 3901 4847 κα-

628 4884 799 4952 tribu,
840 4904 950 4942 non
995 4893 1297 4951 secundum
1345 4904 1558 4965 patrem
1611 4904 1847 4963 tantum,
1902 4898 1999 4952 sed
2036 4898 2199 4952 etiam

2308 4896 2511 4967 τήγετο
2552 4895 2727 4966 φυλῆς
2795 4894 2856 4949 ού
2909 4891 3056 4948 κατά
3108 4892 3203 4946 τὸν
3262 4891 3477 4961 πατέρα
3527 4890 3716 4959 μόνον,
3768 4888 3904 4940 ἀλλὰ

624 4980 923 5035 secundum
952 4993 1178 5039 matrem
1210 5004 1225 5041 :
1257 4994 1311 5041 et
1332 4986 1590 5059 utrinque
1622 4989 1977 5046 sacerdotalis
2002 5000 2141 5045 erat.

2314 4992 2410 5043 καὶ
2439 4991 2579 5043 κατά
2611 4989 2713 5060 τὴν
2746 4986 2987 5060 μητέρα,
3021 4986 3119 5039 καὶ
3173 4981 3576 5055 ἀμφοτέρωθεν
3626 4981 3905 5053 ίερατικὺς

2308 5081 2400 5156 ἦν.

784 5194 907 5250 Act.
934 5211 1081 5263 τινι,
1110 5198 1202 5254 25.

1786 5273 1989 5337 Varia
2032 5272 2200 5337 lectit

2305 5291 2348 5335 ξε
2387 5280 2449 5335 et
2494 5276 2688 5334 noun.

2383 5396 2460 5465 (7)
2494 5395 2639 5458 Τῶν,
2672 5392 2837 5448 etiam
2862 5402 2990 5449 ante
3013 5390 3169 5462 περὶ,
3202 5390 3455 5465 habet}.

2384 5461 2461 5536 (8)
2492 5465 2706 5536 Αὐτῶν,
2733 5480 2800 5519 ex
2832 5464 3179 5536 carrectione
3208 5461 3270 5515 Β.
3311 5461 3511 5518 Αὑτοῦ.
3545 5466 3613 5518 Δ.

2386 5534 2460 5608 (9)
2499 5534 2777 5606 Βαραχίας
2823 5534 3147 5589 Hentenius.

704 5390 802 5477 (6).
824 5392 948 5448 Haec
973 5404 1171 5477 neuter
1193 5412 1437 5477 meorum
1468 5396 1732 5477 agnoscit.
1780 5395 1963 5477 Edidit
1997 5397 2111 5452 haec
2136 5411 2204 5451 ex

635 5463 1012 5540 ιιι-πείσει·ευί
1050 5466 1271 5540 codicis
1302 5463 1622 5540 llenten'ius.
1674 5467 1921 5537 Repetite
1974 5478 2103 5521 sunt
2137 5482 2203 5521 ex

635 5528 1059 5605 'l'lieophylacto,
1085 5552 1136 5607 p.
1170 5536 1295 5602 293,
1321 5537 1385 5592 C.

710 5674 820 5749 (bb_)_
850 5673 913 5731 Ut
942 5705 1012 5717 —
1034 5677 1287 5743 rapiaris.
1337 5678 1395 5733 In
1424 5677 1612 5749 Greco
1633 5674 1885 5749 expedita
1915 5684 2044 5749 sunt
2080 5692 2197 5733 om-

2305 5677 2501 5749 legisse
2524 5718 2538 5731 .
2567 5680 2654 5730 ἵνα
2684 5676 2944 5749 ἐπιγνοὺς
2977 5675 3288 5748 πλεονάσης
3315 5679 3381 5748 τῇ
3410 5677 3747 5749 ἀσφκαλεία.
3791 5679 3905 5749 Sed

639 5744 1194 5819 niatlltcognoscas.
1227 5756 1286 5801 ut
1316 5744 1760 5819 magis_(lirnt_ius)
1818 5747 2199 5819 complecteris
2305 5744 2392 5811 ea,
2424 5763 2583 5819 quam
2617 5762 2719 5802 nos
2752 5744 3025 5804 edidimus
3081 5744 3264 5803 verior
3295 5744 3379 5804 est
3415 5744 3760 5819 hauddubie
3819 5748 3897 5803 ie-

638 5816 1025 5875 certitudinrm
1079 5816 1580 5874 sermonum’ftdei.
1642 5817 1913 5889 lnterpres
1984 5818 2198 5874 videtur
2304 5821 2436 5875 ctio.
