4078 6410
569 400 672 465 867

1805 411 2189 473 summa
2231 415 2593 492 messem

3746 429 3872 492 ὅτε

567 514 753 569 culum
812 527 972 568 suum
1028 516 1361 586 segreganda
1433 527 1572 584 erat,
1658 518 1776 575 viro
1828 522 2146 593 desponsata

2263 529 2357 583 οῦν
2391 532 2420 584 ὁ
2448 531 2583 596 Θεὸς
2609 532 2872 605 εὐδοκησε
2909 538 3314 610 μνηστευθῆναι
3340 541 3499 612 ἀνδρὶ
3525 541 3626 610 τὴν
3657 542 3872 612 ἀφοριε

573 614 746 666 esset,
779 613 841 658 ut
879 604 981 658 hac
1034 606 1244 665 relicta,
1277 605 1695 677 indesponsatas
1741 610 2022 682 improbus
2064 613 2154 668 ille

569 692 904 747 observaret.
969 692 1181 747 Dictum
1227 705 1311 749 est
1377 705 1560 752 autem
1616 698 1684 754 de
1733 714 1939 770 sponso
1968 701 2155 758 Matris

570 785 665 841 Dei
694 787 748 838 in
772 783 1042 839 Pr‘omuiio
1083 785 1357 858 Evangelii
1386 789 1539 858 juxta
1569 789 1905 846 Mattbzeum.

637 896 792 962 Quod
830 912 959 951 vero
988 899 1208 954 additur
1240 913 1256 952 :
1297 900 1369 952 De
1396 902 1554 956 domo
1608 903 1800 969 David,
1835 903 2156 976 intelligitur

563 995 621 1040 et
650 985 717 1039 de
757 983 971 1055 Virgine
1003 996 1058 1040 et
1092 987 1159 1041 de
1211 985 1437 1058 Josepli.
1497 991 1629 1044 Nam
1671 1001 1724 1046 et
1756 993 1889 1057 haec,
1918 1006 1970 1047 et
2003 995 2095 1048 ille
2121 1010 2154 1049 e

563 1089 724 1149 gente
763 1077 933 1134 David
965 1079 1386 1137 descenderant.

643 1247 797 1304 Vera.
826 1249 916 1305 28.
948 1248 1017 1305 Ει
1068 1253 1338 1324 ingressus
1395 1285 1465 1298 -
1523 1266 1711 1313 tecum.
1745 1257 2014 1314 Gaudium
2047 1259 2156 1317 hoc

566 1339 868 1398 Evarsolvit
906 1344 1371 1417 maledictionem.
1415 1349 1505 1403 Illa
1558 1350 1830 1420 siquidem
1881 1355 2033 1420 jussa
2067 1363 2154 1409 est

563 1429 765 1488 habere
805 1448 1092 1489 maerorem
1125 1437 1271 1506 (nam
1310 1438 1359 1492 id
1411 1441 1631 1510 proprie
1689 1441 1962 1513 siguilitmt
2003 1444 2152 1516 λύπη

562 1524 918 1589 vocabulum,
951 1528 1100 1595 quod
1132 1527 1412 1584 Geneseos
1469 1533 1632 1585 tertio
1676 1535 1856 1603 capite
1900 1551 1954 1589 in
2005 1553 2154 1592 teru-

561 1621 784 1667 mnaset
798 1613 1038 1668 dolorem
1064 1617 1338 1685 vertitur);
1370 1618 1483 1673 haec
1503 1630 1686 1673 autem
1711 1621 2154 1694 gaudium,quod

560 1718 692 1758 mter
712 1704 795 1758 ori
831 1707 1171 1761 contrarium
1204 1720 1291 1762 est
1321 1725 1336 1762 :
1363 1708 1573 1775 Gaude,
1611 1701 1808 1782 inquit,
1845 1724 2032 1783 utpote
2065 1718 2151 1771 in.

562 1802 645 1848 ter
683 1809 878 1850 ornnes
919 1797 1157 1868 virgines
1184 1800 1239 1852 iu
1281 1800 1373 1854 Dei
1394 1799 1622 1856 Matrem
1685 1803 1879 1859 electa.
1939 1805 2154 1862 Gratio-

2262 619 2484 676 σθεῖσαν
2538 625 2621 687 εις
2685 634 3110 700 κατοικητῆριον
3171 631 3335 685 αὑτοῦ
3395 633 3701 704 Παρθένον,
3738 637 3870 697 ἵνα,

2255 713 2462 785 ταύτης
2482 717 2511 769 ὁ
2543 718 2780 789 πονηρὸς
2803 722 3070 787 ἀποστὰς,
3096 725 3196 788 τὰς
3223 725 3639 795 ἀμνηστεὺτους
3666 744 3870 797 παρα-

2254 823 2322 875 τη
2332 809 2421 877 ph.
2451 808 2682 880 Εἴρηται
2695 811 2751 864 δέ
2774 813 2903 884 περὶ
2925 813 3019 867 τὀῦ
3047 820 3357 888 μνηστῆρος
3381 817 3479 887 τῆς
3501 817 3874 889 Θεομὴτορος

2258 897 2318 948 έν
2354 901 2663 969 προοιμίοις
2684 901 2778 955 τοῦ
2800 905 2941 958 κατὰ
2969 907 3249 960 Ματθαίον
3273 909 3637 978 Εὑαγγελίου.

2329 990 2404 1043 Τὸ
2458 990 2515 1045 ss
2567 991 2672 1059 Ἐξ
2700 995 2874 1052 οικου
2917 998 3122 1064 Δαυῒδ,
3167 1003 3373 1054 νοεῖται
3423 1003 3514 1055 καὶ
3569 1004 3704 1073 περὶ
3751 1000 3871 1068 τῆς

2258 1083 2560 1152 Παρθένου,
2584 1087 2677 1140 καὶ
2707 1089 2838 1160 περὶ
2854 1087 2949 1143 τοῦ
2975 1089 3202 1161 Ἰωσήφ.
3234 1092 3343 1146 Καὶ
3368 1093 3508 1164 αῦτη
3532 1095 3642 1164 γὰρ
3666 1095 3806 1148 xix:
3820 1097 3875 1144 ῖο

2257 1196 2348 1242 νος
2377 1182 2442 1233 ὲκ
2471 1179 2662 1247 γένους
2686 1182 2779 1236 τοῦ
2802 1181 2966 1238 Δαυῗδ
2996 1187 3323 1256 κατήγοντο.

2330 1270 2443 1325 Kal
2478 1272 2776 1327 εισελθὼν
2809 1303 2881 1316 -
2912 1277 3064 1345 μετὰ
3103 1277 3243 1333 σοῦ.
3292 1276 3443 1348 Αὕτη
3478 1280 3511 1350 η
3553 1280 3704 1350 χαρὰ
3750 1290 3867 1350 την

2259 1362 2399 1429 ἀρὰν
2427 1363 2586 1418 ἔλυσε
2625 1366 2724 1435 τῆς
2767 1351 2935 1431 Εὔας.
2981 1370 3199 1440 Ἐκείνη
3247 1372 3349 1440 μὲν
3396 1371 3506 1445 γὰρ
3551 1372 3868 1445 ἐκελεύσθη

2259 1452 2438 1524 λύπην
2472 1456 2650 1526 ἔχειν,
2685 1458 2823 1532 αῦτη
2858 1461 2916 1514 δι
2944 1462 3143 1533 χαρὰν,
3177 1464 3277 1534 τῆς
3307 1465 3490 1536 λύπης
3514 1465 3823 1520 ἀντίπαλον
3849 1505 3870 1520 .

2259 1547 2433 1616 Χαῖρε
2455 1586 2469 1610 ,
2507 1550 2710 1620 φησὶν,
2746 1551 2821 1616 ὡς
2849 1553 3142 1624 ἑκλεγεῖσα
3175 1557 3329 1628 παρὰ
3362 1559 3544 1622 πάσας
3578 1561 3677 1622 τὰς
3711 1577 3870 1628 παρ-

2259 1637 2448 1702 θένους
2472 1643 2553 1703 εἰς
2580 1643 2812 1714 Μητέρα
2859 1645 3020 1700 Θεοῦ.
3069 1649 3540 1720 Κεχαριτωμένην
3573 1649 3630 1702 δὲ
3679 1650 3868 1719 αὐτὴν

2259 1725 2545 1794 ὠνόμασεν
2581 1731 2658 1793 ὡς
2695 1733 2918 1801 χάριτος
2950 1735 3278 1800 ἀξιωθεῖσαν
3312 1739 3630 1809 ὑπερφυοῦς
3655 1757 3669 1770 ο
3709 1739 3773 1792 τὸ
3802 1741 3869 1791 δὲ

2273 1814 2337 1869 '0
2374 1819 2593 1887 Κύριος
2625 1823 2777 1890 μετὰ
2809 1824 2952 1889 σοῦ,
2978 1825 3104 1880 ἀντὶ
3135 1825 3256 1892 τοῦ,
3276 1828 3354 1881 -'0
3377 1829 3508 1889 Θεὸς
3536 1831 3595 1882 ὲν
3626 1828 3742 1882 σοι.

560 1905 676 1988 sam
709 1904 837 1945 vero
869 1893 1175 1954 nominavit
1203 1893 1370 1958 illam,
1413 1905 1672 1965 tanquam
1733 1897 1990 1954 videlicet
2016 1906 2187 1972 gratia
2224 1913 2629 1980 supernaturali
2669 1915 2922 1988 dignam:
2949 1919 3204 1976 Dominus
3229 1931 3423 1987 tecum,
3450 1921 3554 1978 hoc
3579 1930 3683 1987 est,
3714 1919 3867 1976 Deus

560 1981 613 2035 in
645 1992 696 2036 te
729 1993 836 2036 est.

623 2076 776 2132 \‘ers.
816 2078 908 2132 28.
940 2077 1228 2133 Benedicta
1257 2110 1329 2123 -—
1364 2083 1692 2138 mulieribus.
1728 2083 1839 2140 lloc
1873 2097 1978 2150 est.
2029 2087 2146 2141 lau-

2316 2097 2713 2173 Εὐλογημένη
2755 2136 2824 2149 -
2877 2107 3140 2177 γυναιξί.
3190 2109 3537 2181 Εὐφημητὴ,
3574 2110 3860 2180 μακαρία.

567 2171 718 2234 data,
757 2170 940 2224 beata.

575 2303 578 2306 .
631 2263 786 2318 Vers.
811 2263 904 2318 29.
941 2261 1050 2318 Illa
1083 2281 1199 2320 vero
1225 2294 1296 2307 —
1344 2267 1478 2336 ejus.
1513 2267 1737 2334 Timuit,
1777 2286 1844 2326 ne
1887 2271 2026 2328 forte
2055 2273 2154 2328 do-

559 2358 708 2410 losus
745 2368 909 2410 esset.

630 2447 786 2502 Vers.
821 2449 910 2502 29.
949 2446 1016 2500 Et
1049 2477 1119 2486 —
1153 2450 1251 2501 illa
1286 2450 1562 2502 salutatio.
1610 2450 1805 2505 Utrum
1839 2453 2046 2517 divina,
2081 2470 2147 2509 an

556 2556 585 2593 a
621 2541 892 2594 daemone.
924 2538 1321 2594 Salutationem
1395 2553 1582 2595 autem
1640 2542 1792 2608 dieit,
1855 2547 2149 2616 compella-

561 2633 791 2686 tionem.

634 2723 788 2776 νει-ε.
814 2722 904 2775 50.
940 2722 1007 2776 Et
1044 2725 1118 2776 ait
1148 2753 1220 2763 —
1252 2723 1440 2780 Deum.
1475 2725 1945 2792 Benevolentiain,
1988 2729 2149 2784 turni-

558 2814 878 2869 liaritatem.

627 2903 780 2958 Vers.
813 2905 902 2958 3|.
945 2904 1014 2958 Et
1042 2921 1159 2958 ecce
1181 2934 1254 2944 —
1276 2906 1430 2960 Vers.
1468 2907 1561 2962 59..
1605 2906 1863 2977 Magnus.
1899 2906 2146 2976 Magnus,

557 3005 780 3065 propter
803 2997 1236 3067 magnitudinem
1275 3013 1504 3067 operum
1531 3015 1596 3052 ac
1645 3014 1966 3054 sermonum
2014 3014 2146 3054 suo-

557 3102 698 3140 I’lllll.

631 3176 784 3232 Vers.
847 3179 940 3234 52.
998 3178 1067 3232 Et
1121 3178 1297 3235 Filius
1340 3189 1720 3238 -—vocabttur.
1775 3183 1905 3237 Erat
1929 3181 2148 3252 quidem

556 3268 728 3326 Filius
758 3271 1023 3326 Altissimi
1055 3290 1070 3327 :
1101 3274 1175 3328 ita
1194 3284 1376 3329 autem
1397 3285 1585 3344 postea
1616 3276 1785 3330 etiam
1823 3284 2150 3330 vocatusest

558 3360 630 3415 ab
666 3361 780 3426 his,
810 3362 904 3431 qui
933 3362 985 3415 in
1006 3362 1186 3432 ipsum
1217 3364 1593 3420 crediderunt.

2337 2268 2406 2324 Ἦ
2433 2269 2504 2324 δὲ
2531 2264 2828 2328 -αὐτοῦ.
2873 2274 3145 2347 Ἐφοὸήθη
3203 2277 3413 2348 μήποτε
3443 2277 3662 2350 δολερός
3711 2280 3860 2334 ἔστι.

2327 2404 2434 2457 Kal
2479 2433 2546 2442 —
2582 2408 2616 2459 d
2662 2406 2987 2476 ἀσπασμὸς
3038 2403 3241 2476 οὗτος.
3299 2406 3538 2482 Πότερον
3597 2409 3763 2474 θεῖος,
3817 2411 3859 2479 ἦ

2253 2496 2551 2566 δαιμόνιος.
2634 2502 2953 2571 Ἀσπασμδν
3023 2501 3080 2556 δδ
3137 2502 3289 2573 λέγει
3355 2503 3456 2576 τὴν
3504 2505 3620 2577 (18)
3672 2520 3863 2575 προσ-ο

2255 2590 2507 2659 αγορίαν.

2323 2709 2433 2760 Καὶ
2491 2704 2665 2762 εἶπεν
2717 2739 2782 2749 -
2836 2709 2917 2776 τῷ
2964 2709 3106 2777 Θεῷ.
3163 2710 3491 2782 Εὐμένειαν,
3541 2712 3848 2766 elusitnam.

2327 2876 2436 2929 Kal
2498 2876 2628 2930 ἰδοὺ
2679 2907 2747 2917 ——
2793 2879 3004 2950 μέγας.
3069 2879 3254 2949 Μέγας
3323 2881 3411 2935 διὰ
3488 2883 3552 2934 τὸ
3613 2879 3852 2951 μέγεθος

2253 2967 2362 3020 τῶν
2402 2971 2579 3039 ἔργω-ι
2616 2970 2706 3023 καὶ
2738 2969 2915 3037 λόγων
2948 2969 3138 3025 αὑτοῦ.

2322 3159 2431 3214 Kal
2469 3157 2606 3225 Υἱὸς
2637 3188 2706 3199 —
2734 3158 3132 3227 κληθήσεται.
3177 3153 3290 3213 Ἦν
3344 3159 3445 3229 μὲν
3498 3159 3629 3220 Υἱὸς
3691 3159 3850 3228 Ὑψί-

2254 3269 2383 3305 στου
2413 3269 2427 3283 ο
2471 3251 2676 3323 ἐκλήθη
2709 3253 2767 3307 δὲ
2795 3252 2907 3323 (l9)
2935 3252 3096 3306 τοῦτο
3128 3253 3222 3306 καὶ
3262 3251 3494 3322 ὕστερον
3553 3253 3708 3322 παρὰ
3733 3254 3846 3306 τῶν

2253 3345 2661 3397 πιστευσάντων
2685 3345 2763 3406 si;
2796 3345 2980 3399 αὐτόν.

623 3452 782 3510 Vers.
808 3455 899 3509 52.
931 3453 1000 3508 Et
1029 3455 1172 3508 dabit
1193 3457 1445 3526 —patris
1477 3458 1663 3526 ipsius.
1696 3456 1998 3522 Turonum,
2030 3456 2146 3513 sive

2323 3438 2434 3491 Kal
2479 3436 2661 3492 δώσει
2694 3438 2920 3506 πατρὸς
2953 3469 3023 3480 -
3060 3439 3269 3494 αὐτοῦ.
3305 3439 3412 3493 Τὸν
3471 3439 3691 3511 θρόνον,
3721 3439 3849 3509 ἦτοι

552 3559 783 3617 regnum
812 3555 869 3600 et
896 3555 1223 3614 potestatem
1257 3563 1425 3618 super
1452 3547 1734 3604 Hebraeos.

630 3637 895 3693 Vers.35.
925 3637 994 3691 Et
1019 3640 1478 3709 regnabit—ﬁnis.
1503 3641 1745 3711 Populus
1774 3641 1872 3696 Dei
1895 3653 2145 3710 quando-

551 3745 659 3798 que
680 3730 842 3784 Israel
872 3739 1114 3796 vocatur,
1135 3730 1406 3785 interdum
1432 3747 1561 3786 vero
1591 3731 1782 3788 Jacob.
1809 3732 1963 3789 Unus
1994 3734 2142 3788 enim

554 3820 809 3890 idemque
835 3821 1000 3874 homo
1030 3821 1269 3876 etlsrael
1295 3822 1533 3879 etJacub
1558 3834 1694 3879 erat.
1724 3824 1791 3878 Et
1811 3835 2003 3879 natura
2026 3827 2147 3896 qui-

553 3909 678 3964 dem
716 3908 886 3963 Jacob
928 3920 1083 3964 vetus
1106 3920 1227 3965 erat
1259 3911 1516 3981 populus,
1537 3922 1724 3981 utpote
1758 3929 1789 3966 a
1852 3911 2022 3969 Jacob
2049 3930 2146 3983 per

552 4003 839 4072 sanguinis
867 4004 1252 4072 cognationem
1283 4004 1630 4060 descendens
1665 4023 1678 4060 :
1716 4007 2017 4076 adoptione
2048 4025 2143 4063 ve-

555 4107 640 4160 ro,
674 4092 841 4146 Israel
882 4107 1058 4147 novus
1090 4093 1515 4164 erat.populus;
1552 4110 1678 4148 nam
1708 4111 1806 4165 pro
1849 4098 2018 4151 veteri
2057 4098 2144 4151 in-

553 4183 752 4236 ductus
783 4193 871 4238 est
893 4197 1069 4236 novus
1115 4183 1369 4252 populus.
1401 4181 1578 4254 Super
1636 4185 1784 4240 hunc
1815 4189 1999 4257 itaque
2030 4203 2139 4242 no-

552 4288 681 4329 vum
717 4274 974 4343 p0puluin
1007 4275 1256 4344 regnabit
1286 4274 1340 4328 in
1354 4285 1646 4340 aeternum,
1683 4277 1734 4330 id
1767 4287 1873 4342 est,
1901 4294 2138 4348 semper,

551 4367 649 4438 qui
675 4367 930 4420 videlicet
953 4379 1017 4420 es
1048 4367 1306 4434 Operibus
1329 4382 1394 4422 ac
1428 4369 1780 4424 sermonibus
1851 4373 2032 4441 ipsum
2083 4387 2142 4424 a-

550 4458 765 4530 gnovit,
794 4472 1026 4526 seseque
1057 4457 1131 4512 illi
1198 4459 1506 4512 voluntarie
1565 4462 1826 4518 Subdidit.
1893 4464 2144 4518 Christus

554 4553 844 4622 siquidem,
880 4561 937 4606 et
962 4552 1016 4604 in
1045 4561 1308 4619 quantum
1339 4553 1501 4617 Deus,
1535 4571 1626 4608 res
1674 4563 1794 4608 erat
1829 4569 1847 4607 :
1882 4555 2137 4626 Regnum,

557 4643 750 4713 inquit,
786 4660 960 4698 meum
991 4659 1094 4698 non
1114 4653 1185 4697 est
1216 4660 1279 4697 ea:
1307 4645 1400 4697 hoc
1419 4647 1613 4699 mundo
1637 4646 1679 4711 ⁸;
1709 4657 1762 4701 et
1797 4651 1851 4700 in
1874 4657 2139 4716 quantum

557 4739 722 4792 homo
754 4757 767 4791 :
808 4738 1044 4793 habebat
1071 4738 1217 4792 enim
1254 4737 1398 4808 regis
1425 4752 1612 4808 opera,
1641 4753 1767 4808 puta
1797 4739 2034 4800 subditis
2059 4741 2138 4795 le-

557 4845 648 4900 ges
678 4830 937 4893 condere,
978 4829 1532 4900 dirigere,escolere,
1587 4847 1652 4887 ac
1707 4847 1800 4900 pro
1832 4833 1912 4887 eis
1973 4835 2138 4888 morti

552 4937 677 4976 sese
707 4934 1016 4990 exponere:
1047 4937 1173 4977 nam
1200 4922 1316 4976 haec
1374 4922 1719 4992 potissimum
1751 4940 1898 4988 eum,
1928 4927 2020 4997 qui
2047 4942 2138 4980 rex

551 5025 659 5077 cst,
697 5015 1018 5084 insignium.

624 5105 728 5159 Ista
756 5117 940 5160 autem
964 5107 1106 5162 dicta
1132 5119 1262 5164 sunt
1294 5109 1456 5164 etiam
1483 5111 1659 5180 capite
1689 5111 1864 5181 primo
1887 5112 2134 5183 Evange-

555 5195 613 5251 lii
650 5202 952 5252 sccuudum
988 5199 1324 5266 Mattlimum,
1368 5203 1459 5256 ubi
1500 5203 1731 5258 habetur
1767 5220 1781 5255 :
1838 5203 1939 5272 Qui
1987 5217 2139 5278 regat

557 5288 692 5357 (sive
721 5293 926 5358 pascat)
959 5292 1207 5360 populum
1241 5311 1414 5347 meum
1444 5293 1674 5348 Israel-'.

635 5377 782 5434 Vera.
808 5380 896 5433 54.
935 5381 1081 5435 Dixit
1106 5411 1173 5422 -—
1205 5400 1534 5451 cogumcam.
1567 5386 1853 5452 Quomodo
1878 5389 1984 5444 erit
2017 5389 2142 5456 hoc,

633 5559 651 5592 *
675 5557 832 5614 Joan.
859 5575 1013 5621 xvm,
1049 5558 1117 5613 56
1217 5561 1238 5592 ⁸
1275 5557 1468 5615 Matth.
1505 5578 1566 5627 ιι,
1594 5559 1650 5616 6.

2251 3532 2351 3602 την
2406 3531 2729 3600 βασιλείαν,
2777 3532 2876 3600 τὴν
2911 3533 3004 3586 ἐπὶ
3049 3534 3177 3594 τοὺς
3229 3532 3523 3604 Ἐσραίους
3563 3531 3844 3597 έξουσιαν.

2320 3629 2427 3683 Kal
2469 3628 2834 3693 βασιλεύσει
2878 3658 2946 3668 —
2998 3629 3196 3696 τέλος.
3253 3629 3313 3682 '0
3365 3628 3495 3692 λαδς
3550 3627 3649 3682 τοῦ
3704 3627 3850 3682 Θεοῦ

2250 3720 2382 3775 ποτὶ
2417 3721 2519 3791 μὲν
2563 3721 2775 3792 Ἰσραὴλ
2811 3722 3082 3786 καλεῖται,
3121 3723 3254 3775 ποτὶ
3281 3721 3338 3775 ss
3383 3719 3602 3775 Ἰακώϐ.
3656 3719 3717 3774 '0
3743 3722 3850 3773 αὐ-

2247 3813 2339 3878 τὸς
2367 3814 2477 3885 γὰρ
2503 3809 2571 3885 ἦν
2598 3816 2695 3868 καὶ
2733 3814 2960 3886 Ἰσραὴλ
2992 3816 3086 3882 καὶ
3134 3812 3354 3869 Ἰακώϐ.
3392 3815 3502 3868 Καὶ
3537 3815 3701 3884 φύσει
3735 3814 3847 3884 μὲν

2261 3906 2456 3963 Ἰακὼϐ
2486 3903 2553 3979 ἦν
2604 3909 2633 3962 ὁ
2659 3908 2888 3972 παλαιὸς
2921 3907 3069 3974 λαὸς,
3101 3907 3176 3972 ὡς
3215 3907 3275 3973 ἑξ
3319 3906 3536 3970 Ἰακὼσ,
3569 3909 3715 3962 κατὰ
3739 3909 3848 3978 τὴν

2248 4000 2310 4066 ἐξ
2356 4001 2590 4071 αἱματος
2640 4001 2969 4069 συγγένειαν
3008 4017 3024 4032 ο
3071 4000 3224 4054 θέσει
3277 4000 3337 4054 δὲ
3395 4000 3592 4053 Ἰακὼϐ
3644 4003 3674 4053 ὁ
3719 4001 3847 4063 νέος

2248 4093 2377 4156 λαὸς
2397 4134 2412 4158 ,
2443 4094 2588 4146 κατὰ
2617 4093 2717 4162 τὴν
2745 4092 2807 4158 ἐξ
2839 4091 3043 4164 ἀρετῆς
3077 4091 3428 4162 συγγένειαν.
3476 4090 3844 4162 Ἀντεισήχθη

2247 4186 2358 4257 γὰρ
2401 4189 2430 4240 ὁ
2459 4185 2578 4249 νέος
2609 4185 2704 4239 τοῦ
2737 4185 2992 4240 παλαιοῦ.
3034 4185 3238 4240 Λοιπὸν
3265 4180 3359 4240 οῦν
3391 4185 3490 4240 ἐπὶ
3525 4185 3718 4238 τοῦτον
3746 4183 3846 4236 τὸν

2247 4279 2374 4332 λαὸν
2411 4278 2721 4348 βασιλεύσει
2761 4280 2839 4341 εἰς
2874 4279 3001 4339 τοὺς
3029 4276 3256 4343 αἰῶνας,
3295 4276 3467 4348 ἧγουν
3529 4275 3640 4340 ἀεὶ,
3681 4273 3746 4327 ἐκ
3779 4291 3843 4328 τε

2245 4371 2355 4425 τῶν
2407 4370 2583 4439 ἔργων
2617 4371 2712 4423 καὶ
2757 4369 2867 4422 τῶν
2917 4368 3092 4437 λόγων
3149 4367 3682 4437 ἐπιγνόντα-αὐτὸν,
3739 4368 3844 4419 καὶ

2248 4466 2512 4528 ἑκουσίως
2567 4465 3013 4533 ὑποτεταγμένον
3075 4461 3248 4526 αὐτῷ.
3322 4462 3382 4515 '0
3433 4462 3540 4530 γὰρ
3593 4460 3839 4532 Χριστὸς

2246 4554 2314 4630 ἦν
2373 4559 2473 4629 μὲν
2534 4557 2787 4628 βασιὶευς
2851 4557 2948 4610 καὶ
3011 4557 3084 4619 ὠς
3143 4555 3310 4618 Θεός·
3380 4554 3453 4609 Ἡ
3500 4554 3840 4618 βασιλεία.

2247 4652 2357 4719 γὰρ
2387 4651 2573 4720 φησὶν,
2606 4651 2642 4716 ἡ
2675 4647 2810 4715 dum.
2851 4652 2963 4701 οὐκ
2987 4647 3158 4701 ἐστιν
3189 4647 3258 4698 ἐκ
3284 4645 3391 4700 τοῦ
3427 4649 3662 4713 κόσμου
3692 4645 3838 4695 τού-

2247 4759 2355 4794 του
2375 4757 2390 4772 ο
2420 4737 2488 4812 ἦν
2519 4740 2574 4792 δὲ
2605 4741 2698 4794 καὶ
2730 4740 2805 4803 ὡς
2837 4739 3149 4806 ἄνθρωπος.
3188 4733 3319 4807 Εἶχε
3353 4737 3462 4805 γὰρ
3489 4737 3631 4805 εργα
3671 4734 3840 4804 βασι⁸

2248 4837 2384 4900 λέως
2443 4835 2505 4888 τὸ
2534 4833 2849 4905 νομοθετεῖν
2878 4835 2989 4895 τοῖς
3021 4833 3283 4901 ὑπηκόοις
3323 4828 3515 4891 αὑτοῦ,
3544 4828 3606 4881 τὸ
3635 4826 3843 4899 ῥυθμι-

2246 4928 2381 4994 ζειν,
2439 4928 2500 4980 τὸ
2567 4929 2875 4999 περιέπειν,
2932 4925 2994 4979 τὸ
3049 4921 3566 4996 ὑπεραποθνήσκειν
3624 4919 3836 4981 αὐτῶν,

2240 5023 2277 5077 ἃ
2306 5023 2541 5092 μάλιστα
2571 5021 3046 5092 χαρακτηρίζουσι
3079 5019 3169 5072 τὸν
3208 5015 3424 5087 ἀληθῶς
3455 5014 3706 5086 βασιλέα.

2313 5116 2546 5185 Εἴρηται
2578 5114 2635 5166 δὲ
2663 5113 2838 5165 ταῦτα
2869 5113 2965 5164 καὶ
2995 5111 3052 5162 ὲν
3078 5109 3155 5180 τῷ
3184 5109 3390 5179 πρώτῳ
3421 5103 3705 5173 κεφαλαίῳ
3736 5118 3837 5154 τοιι

2239 5205 2380 5261 κατὰ
2418 5206 2718 5270 Ματθαίον,
2760 5203 2888 5257 ἔνθα
2933 5204 3112 5255 κεῖται
3155 5201 3249 5252 τό·
3298 5199 3511 5262 Ὅστις
3552 5191 3846 5264 ποιμανεῖ

2242 5298 2350 5351 τὸν
2385 5299 2540 5350 λαόν
2556 5313 2676 5365 μου
2715 5295 2822 5346 τὸν
2843 5293 3114 5369 Ἰσραῄλ.

2310 5385 2458 5442 Bias
2490 5419 2552 5428 —
2585 5390 2877 5455 γινώσκω.
2942 5385 3063 5446 Πῶς
3096 5384 3251 5437 ἔσται
3288 5381 3469 5441 τοῦτο,
3504 5377 3710 5448 δηῖαδὴ
3774 5375 3840 5428 τὸ

1724 5628 1924 5693 variae
1956 5627 2270 5692 lectiones
2301 5637 2361 5691 et
2396 5639 2583 5690 noue.

667 5801 746 5864 l3)
776 5801 846 5852 lltl
876 5811 1122 5870 uterque.
1143 5801 1532 5870 Corrigenduni
1566 5801 1956 5870 προσηγορίαν.
1990 5802 2132 5854 δαὶς

693 5871 924 5924 'idetitur
947 5873 1001 5925 in
1034 5882 1218 5926 mente
1248 5873 1504 5927 habuisse
1537 5874 1992 5941 προσαγόρευσιν.

2320 5802 2429 5871 (l9)
2465 5801 2529 5856 Δὲ
2564 5803 2655 5854 καὶ
2696 5799 2851 5853 τοῦτο
2877 5800 3102 5869 ὕστερον
3134 5798 3195 5855 Β.
