4078 6408
178 400 298 467 ΒΤ]

1219 398 1610 461 COMMEN'I‘.
1657 399 1733 458 ΙΝ
1776 398 2056 462 LUCAM.
2096 424 2157 435 ·-
2195 404 2355 465 CAP.
2403 406 2449 469 Ι.

3378 403 3484 467 8‘78

261 518 377 576 Kal
414 519 624 575 Merra
658 546 726 558 —
759 515 983 573 αὐτῶν.
1013 513 1252 571 Ἔδαλον
1292 517 1487 584 ταῦτα,
1527 516 1604 575 ὡς
1638 515 1789 581 deid-

1969 517 2128 576 Vers.
2173 519 2264 576 06.
2301 519 2368 577 Et
2401 534 2689 591 posuerunt
2714 554 2782 564 —-
2809 541 2922 578 suo.
2991 524 3300 581 Posucrunt
3344 527 3481 593 haec,

180 616 353 683 λογα.

264 725 564 792 Λέγω-τες
589 755 659 765 -
690 725 900 791 durat;
945 723 1216 795 Λέγοντες
1262 721 1716 795 ιπαπορητικῶς,
1757 720 1791 794 ἣ

179 817 562 890 λογιζόμενοι.

277 930 472 995 ’Δξιον
495 928 553 981 δὲ
595 928 856 1000 ζητῆσαι,
886 929 1032 982 διατι
1060 929 1163 983 οὐκ
1210 927 1460 1000 ἀπελύθη
1497 928 1598 998 τῆς
1641 928 1794 995 ἀφω-

183 1026 318 1088 νίας
360 1026 390 1077 ὁ
441 1023 748 1095 Ζαχαρίας,
803 1023 895 1078 ὅτε
947 1024 1008 1078 τὸ
1039 1021 1257 1079 παιδίον
1313 1022 1605 1094 ἐγεννήθη,
1655 1021 1794 1076 ἀλλὰ

189 1118 405 1187 μᾶλλον
445 1119 533 1170 ὅτε
562 1117 662 1188 τὴν
689 1117 882 1190 κλῆσιν
910 1117 1006 1172 τοῦ
1055 1116 1323 1188 ὀνόματος
1382 1115 1546 1170 ἔλασε
1572 1133 1588 1183 ;
1617 1115 1791 1185 Λέγο-

187 1227 300 1279 μεν
337 1209 396 1263 δὲ
417 1211 498 1262 ὅτι
531 1210 620 1263 διὰ
647 1212 746 1280 τὴν
781 1210 877 1264 τοῦ
913 1211 1152 1279 ἀγγέλου
1172 1211 1482 1283 πρόρρησιν
1501 1226 1515 1240 ο
1535 1204 1658 1262 εἷπε
1682 1209 1793 1278 γὰρ

185 1305 348 1374 αὐτῷ
378 1306 492 1377 (35)
525 1319 542 1335 °
576 1305 735 1360 Ἰδοὺ
767 1306 887 1375 ἔσῃ
914 1304 1182 1372 σιωπῶν,
1213 1305 1314 1360 καὶ
1330 1305 1418 1376 μὴ
1446 1304 1789 1373 δυνάμενος

181 1394 489 1464 λαλῆσαι,
518 1396 660 1466 ἄχρι
683 1393 761 1468 ἧς
787 1395 1017 1466 ἡμέρας
1043 1395 1288 1466 γένηται
1341 1397 1553 1452 ταῦτα.
1607 1395 1794 1452 Εἰπὼν

187 1487 330 1559 γὰρ,
361 1488 445 1542 ὅτι
477 1490 667 1544 ταῦτα
700 1491 769 1544 τὰ.
814 1490 911 1545 δύο
947 1490 1171 1556 παντως
1230 1490 1530 1560 δεδήλωκε,
1574 1491 1677 1561 τήν
1731 1506 1794 1544 τε

186 1580 456 1651 γέννησιν
503 1582 602 1635 καὶ
652 1581 753 1654 τὴν
817 1581 1012 1653 κλῆσιν
1061 1584 1159 1638 τοῦ
1210 1581 1478 1653 ὀνόματος
1509 1622 1525 1649 ,
1554 1581 1672 1637 ἀλλ’
1731 1583 1793 1637 οὐ

186 1673 370 1742 μόνην
393 1674 492 1743 την
517 1675 800 1746 γέννησιν,
831 1676 922 1730 ἵνα
949 1675 1050 1730 καὶ
1087 1677 1151 1730 τὺ
1183 1675 1374 1746 θαῦμα
1402 1677 1636 1748 γένηται
1691 1675 1794 1745 τῆς

179 1765 285 1817 ἐπὶ
323 1763 406 1834 τῷ
438 1765 674 1836 ὀνόματι
707 1766 1058 1838 συμφωνίας.

263 1882 378 1937 Kal
400 1883 534 1953 χείρ
557 1913 626 1925 --
655 1882 859 1939 αὑτοῦζ
892 1882 1158 1955 Δύναμις,
1181 1884 1344 1957 χάρις
1364 1885 1526 1940 Θεοῦ.

263 1974 379 2031 Καὶ
406 1977 708 2046 Ζαχαρίας
734 2006 801 2016 —
820 1976 1029 2032 αὑτοῦ.
1048 1977 1182 2047 Περὶ
1202 1978 1303 2048 τῆς
1325 1977 1482 2031 ὲνανθ
1493 1975 1795 2047 ρωπήσεως

187 2067 290 2122 τοῦ
326 2067 576 2138 Χριστοῦ
610 2067 789 2123 ταῦτα
837 2069 1244 2141 προεφήτευσε.
1304 2069 1408 2123 Διά
1446 2069 1655 2138 ταύτης
1686 2069 1796 2136 γὰρ

185 2159 548 2229 ἐπεσκέψατο
576 2160 673 2214 καὶ
712 2160 1064 2235 έλυτρώσατο
1099 2161 1192 2216 τὸν
1238 2162 1368 2216 λαὸν
1395 2163 1561 2217 αὑτοῦ
1603 2165 1667 2216 έκ
1692 2162 1796 2233 τῆς

191 2253 545 2322 τυραννίδος,
584 2254 644 2306 οὐ
698 2253 865 2324 μόνον
903 2254 1015 2308 τῶν
1068 2255 1322 2326 ἀοράτων
1373 2256 1605 2329 ἐχθρῶν,
1657 2256 1796 2311 ἀλλὰ

192 2344 299 2398 καὶ
330 2345 442 2398 τῶν
492 2347 732 2415 ὁρατῶν,
812 2346 887 2410 ὡς
927 2347 1003 2416 μὴ
1035 2347 1355 2417 δυναμένων
1405 2347 1810 2419 περιγενέσθαι·

189 2437 296 2508 τῆς
349 2436 589 2502 πίστεως
635 2437 824 2494 αὑτοῦ.
876 2439 1021 2494 Λαδν
1068 2440 1124 2494 δὲ
1161 2441 1328 2494 αὑτοῦ
1356 2441 1796 2513 προηγουμένως

196 2529 326 2601 μιν,
402 2530 497 2584 τὸν
577 2532 807 2585 παλαιόν
854 2548 870 2563 ο
939 2531 1153 2587 ἑκείνου
1253 2534 1312 2588 δὲ
1391 2536 1796 2607 ἀπειθήσαντας

190 2621 290 2674 τὸν
333 2621 455 2676 νέον
485 2621 693 2676 λοιπόν.
755 2623 843 2686 Ὠς
889 2624 1235 2695 γεγενημένα
1279 2623 1335 2679 δὲ
1386 2625 1537 2694 λέγει
1587 2630 1655 2680 τα
1702 2642 1798 2694 γε-

193 2714 499 2784 νησόμενα,
548 2714 699 2784 νόμῳ
751 2715 1115 2786 προφητείας.

283 2833 454 2888 Ἀλλὰ
483 2833 598 2897 πῶς
620 2833 842 2904 λέγεται
867 2834 1005 2898 Θεὸς
1047 2836 1142 2888 τοῦ
1189 2834 1405 2906 Ἰσραὴλ
1453 2835 1565 2906 (3G)
1601 2834 1797 2903 μόνον;

197 2930 313 2982 Καὶ
338 2929 450 2999 γὰρ
484 2931 544 2982 οὑ
574 2928 684 2982 τῶν
727 2929 1086 3000 Ἰσραηλιτῶν
1120 2931 1284 2997 μόνον
1331 2928 1449 2981 ιστὶ
1477 2927 1633 2989 Θεὸς,
1663 2926 1800 2978 ἀλλὰ

195 3023 295 3073 καὶ
324 3020 546 3075 πάντων
581 3020 690 3075 τῶν
723 3019 1052 3092 ἀνθρώπων,
1112 3021 1188 3084 ὠς
1249 3020 1473 3075 πάντων
1531 3020 1794 3089 Ποιητής.

195 3111 348 3164 Διότι
378 3111 490 3167 τῶν
528 3113 627 3182 μὲν
658 3111 836 3165 ἄλλων
890 3112 1112 3166 πάντων
1183 3110 1494 3182 ἀνθρώπων
1552 3109 1802 3164 ἀκόντων

1899 624 2158 684 tanquam
2193 616 2535 671 admiranda.

1969 723 2127 782 Vere.
2146 725 2235 780 66.
2268 726 2511 782 Dicente:
2541 757 2610 768 —
2638 727 2781 786 erit?
2819 727 3073 784 Dicentes
3115 726 3486 783 dubitantiutn

1897 829 2069 880 more,
2103 824 2200 871 aut
2239 818 2566 890 cogitantes.

1969 927 2164 997 Opera;
2199 929 2434 999 pretium
2466 937 2553 984 est
2582 939 2766 984 autem
2800 943 3071 998 quaerere,
3102 941 3274 996 quare
3312 925 3489 981 ablata

1897 1035 2010 1075 non
2029 1029 2115 1074 est
2142 1035 2173 1074 a
2199 1019 2464 1075 Zacharia
2495 1020 2726 1090 loquelae
2768 1020 3034 1080 carentia,
3088 1018 3311 1088 quando
3355 1031 3491 1086 puer

1898 1119 2063 1166 natus
2095 1118 2205 1178 est,
2237 1111 2333 1166 sed
2369 1109 2553 1180 potius
2583 1111 2806 1181 quando
2827 1125 3028 1166 nomen
3061 1109 3309 1180 accepit!
3342 1104 3492 1165 Dici-

1898 1220 2042 1272 mus,
2065 1204 2214 1275 quod
2247 1214 2472 1274 prOpter
2494 1203 2669 1276 angeli
2687 1203 3005 1259 vaticinium
3029 1221 3045 1258 :
3074 1203 3289 1258 dixerat
3303 1203 3450 1259 enim
3471 1220 3489 1260 :

1897 1300 1966 1354 Et
2001 1316 2115 1353 ecce
2147 1300 2252 1352 eris
2269 1310 2464 1362 mutus,
2495 1315 2588 1352 nec
2619 1297 2762 1364 loqui
2789 1298 3005 1367 poteris,
3034 1313 3197 1367 usque
3211 1298 3286 1352 ad
3327 1298 3488 1363 diem,

1898 1407 2002 1463 quo
2040 1391 2151 1446 [nec
2166 1391 2296 1462 ﬁent
2319 1392 2382 1446 ιο.
2420 1390 2700 1461 Siquidem
2727 1389 2917 1445 dicens
2958 1389 3106 1453 Hec,
3140 1391 3247 1444 duo
3301 1391 3492 1461 utique

1900 1480 2298 1548 manifestavit,
2338 1481 2684 1537 nativitatem
2724 1478 2981 1534 videlicet
3007 1494 3070 1534 ac
3097 1479 3341 1534 nominis
3391 1479 3494 1534 im-

1901 1576 2258 1649 positionem,
2295 1592 2409 1632 non
2451 1582 2636 1630 autem
2666 1571 2838 1627 sciam
2861 1571 3237 1626 nativitatem:
3271 1580 3330 1626 ut
3359 1586 3493 1628 con-

1899 1661 2174 1727 venientia
2213 1671 2269 1725 in
2297 1667 2524 1723 nomine
2558 1667 2616 1721 iit
2651 1664 2816 1720 etiam
2854 1663 3204 1719 miraculum.

1824 1873 1875 1934 Β
1978 1877 2131 1934 γεω.
2165 1876 2255 1933 66.
2291 1876 2357 1930 Et
2392 1891 2583 1929 manus
2605 1873 2812 1928 —iilo.
2844 1872 3032 1930 Virtus
3060 1885 3124 1928 ac
3142 1870 3318 1941 gratia
3369 1871 3491 1927 Dei.

1973 1972 2131 2028 Vers.
2159 1969 2251 2025 67.
2286 1968 2354 2023 Et
2387 1967 2685 2021 Zacharias
2718 1996 2784 2006 —
2811 1981 2942 2020 sum.
2970 1964 3100 2020 Haec
3165 1963 3236 2019 de
3287 1963 3492 2019 Christi

1900 2065 2282 2122 incarnatione
2318 2060 2613 2132 prophetat
2665 2077 2679 2112 :
2729 2071 2829 2127 per
2874 2057 3014 2111 hanc
3050 2055 3200 2110 enim
3252 2053 3496 2110 visitavit

1900 2176 1967 2216 ac
1990 2159 2224 2214 redemit
2261 2155 2528 2226 populum
2562 2167 2750 2215 suum,
2783 2164 2894 2204 non
2927 2149 3104 2203 solum
3144 2145 3496 2221 atyrannide

1903 2252 2144 2309 hostium
2169 2247 2548 2312 invisibilium,
2576 2245 2673 2302 sed
2691 2245 2856 2299 etiam
2886 2241 3209 2304 visibilium,
3227 2239 3498 2295 utvideii-

1901 2356 1990 2404 cet
2020 2345 2180 2400 ﬁdem
2201 2345 2320 2412 ejus
2351 2355 2617 2412 superare
2643 2353 2753 2392 non
2781 2336 3014 2406 possint.
3046 2332 3313 2404 Populum
3332 2347 3494 2388 suum

1902 2450 2120 2507 autem;
2173 2439 2355 2509 primo
2417 2435 2640 2504 quidem
2699 2443 2979 2496 veterem;
3043 2430 3136 2484 illo
3195 2443 3326 2485 vero
3381 2441 3495 2482 non

1903 2534 2188 2594 credente,
2225 2528 2580 2601 postmodum
2620 2541 2852 2581 novum.
2895 2523 3036 2578 Dicit
3071 2532 3254 2576 autem
3282 2535 3347 2577 ea
3375 2535 3498 2589 qua:

1905 2626 2086 2680 futura
2119 2632 2271 2688 sunt,
2308 2631 2568 2691 tanquam
2594 2634 2659 2673 ea
2693 2632 2814 2688 quas
2843 2616 2985 2671 facta
3012 2622 3160 2679 sunt,
3197 2626 3349 2666 more
3374 2624 3498 2681 pro-

1904 2716 2124 2789 pbetiaa.

1975 2833 2180 2888 Verum
2211 2827 2486 2901 quomodo
2515 2825 2715 2882 dicitur
2743 2823 2887 2878 Deus
2916 2821 3089 2878 solius
3126 2817 3314 2882 lsrael,
3372 2829 3500 2871 cuni

1905 2940 2016 2979 non
2055 2932 2266 2978 tantum
2292 2918 2662 2975 lsraelitaritm
2703 2918 2842 2970 Deus
2873 2915 2963 2980 sit,
2997 2912 3094 2966 sed
3143 2920 3200 2965 et
3245 2907 3500 2965 «omnium

1909 3014 2216 3081 hominum,
2254 3020 2444 3081 utpote
2483 3008 2731 3064 omnium
2766 3003 3030 3059 creator?
3089 3001 3230 3068 Quia
3270 3008 3503 3056 extero-

1910 3121 2032 3160 rum
2071 3103 2295 3175 quidem
2332 3101 2580 3156 omnium
2617 3097 2906 3152 hominum
2974 3095 3120 3149 Deus
3173 3102 3313 3158 erat,
3371 3089 3505 3162 ipsis

195 3205 318 3256 ἐστὶ
353 3202 518 3270 Θεὸς,
543 3204 652 3256 τῶν
701 3202 1055 3274 Ἰσραηλιτῶν
1087 3201 1142 3254 δὲ
1173 3203 1353 3273 μόνων
1415 3199 1649 3254 ἑκόντων
1681 3201 1799 3252 κατ’

1907 3199 2072 3254 etiam
2131 3195 2473 3251 nolentibus.
2523 3191 2778 3247 Solorum
2842 3197 3027 3243 autem
3102 3185 3503 3247 lsraelitorum,

196 3297 526 3364 ἐπίγνωσιν.
586 3297 680 3366 Μὴ
714 3295 1027 3367 θορυϐηθῇς
1057 3295 1115 3348 δὲ
1149 3295 1244 3349 ἐπὶ
1269 3297 1335 3365 τῇ
1366 3294 1659 3365 δυσχερείᾳ
1690 3292 1799 3345 τῶν

1910 3291 2310 3352 ultroueorum,
2341 3296 2398 3342 et
2419 3302 2516 3356 per
2542 3282 2936 3354 cognitionem.
2968 3277 3503 3335 Neturberisautent

196 3387 293 3440 τοῦ
348 3386 623 3458 Ζαχαρίου
669 3385 852 3458 ῥητῶν
880 3402 895 3417 ο
944 3384 1172 3439 τοιαῦτα
1205 3383 1314 3452 γὰρ
1349 3383 1419 3436 τὰ
1449 3382 1798 3454 προφητικάο

205 3479 604 3550 Πειρασόμεθα
637 3480 696 3534 δὲ
738 3480 1052 3550 σαφηνίσαι
1081 3478 1282 3543 ταῦτα,
1309 3477 1449 3530 κατὰ
1479 3476 1578 3547 τὴν
1610 3479 1799 3547 ἐπιχο-

201 3576 558 3648 ρηγουμινην
593 3577 726 3647 ἡμῖν
757 3574 984 3644 γνῶσιν.

267 3767 685 3836 Καίῆγειρε-
711 3763 922 3821 αὐτοῦ.
966 3764 1040 3820 Τὸ
1065 3762 1234 3834 κέρας
1269 3761 1506 3815 ἐνταῦθα
1557 3761 1590 3831 ἢ
1645 3760 1801 3832 βασι-

196 3861 352 3915 λείαν
384 3858 555 3930 δηλοῖ,
586 3859 722 3913 δίοτι
754 3860 813 3912 ὲν
845 3860 1040 3929 κέρατι
1064 3857 1116 3910 οἱ
1150 3854 1401 3926 βασιλεῖς
1441 3855 1686 3926 έχρίοντο
1706 3855 1801 3909 καὶ

198 3970 409 4026 προεχε
420 3953 678 4022 ιρίζοντο.

275 4049 352 4102 Ἥ
372 4046 604 4115 δύναμιν
640 4042 932 4116 σημαίνει·
958 4041 1093 4096 διότι
1122 4042 1180 4094 έν
1217 4043 1412 4113 κέρατι
1445 4039 1544 4110 τὴν
1570 4039 1801 4112 δύναμιν

196 4141 390 4212 έχουσι
417 4141 600 4192 πάντα
630 4138 700 4191 τὰ
717 4135 1042 4207 κερασφόρα
1081 4135 1224 4200 ζῶα.

268 4356 460 4427 Κέρας
491 4353 548 4406 δὲ
575 4352 676 4420 οὐχ
713 4349 933 4414 ἁπλῶς,
966 4344 1105 4401 ἀλλὰ
1137 4345 1437 4415 σωτηρίας,
1476 4343 1653 4414 ἤγουν
1697 4359 1799 4395 σω·

197 4453 420 4524 τηριον.
453 4445 748 4500 Βασιλείαν
777 4443 834 4496 δὲ
877 4443 971 4496 καὶ
1014 4440 1253 4511 δύναμιν
1296 4439 1598 4510 σωτήριον,
1650 4436 1800 4505 λέγει

195 4546 290 4600 τὸν
315 4541 579 4616 Χριστὸν,
608 4540 684 4603 ὠς
705 4536 933 4610 βασιλέα
954 4535 1065 4588 τῶν
1088 4533 1494 4606 βασιλευόντων
1518 4533 1616 4586 καὶ⁵
1638 4531 1801 4585 δύνα-

198 4655 295 4711 μιν
332 4637 430 4691 τοῦ
463 4634 699 4706 Πατρδς,
750 4633 845 4687 καὶ
879 4629 1114 4700 Σωτῆρα
1153 4627 1265 4681 τῶν
1304 4627 1675 4680 πιστευόντων
1718 4626 1800 4688 είς

194 4709 386 4783 αὐτόν.
414 4720 579 4781 Οἷκον
617 4725 672 4780 δὲ
703 4725 812 4777 νόει
857 4721 918 4776 τὸ
947 4720 1105 4789 γένος
1127 4717 1222 4772 τοῦ
1251 4716 1439 4770 Δαυῑδ.
1471 4716 1642 4784 Φησὶν
1702 4709 1799 4768 οὖν

192 4824 282 4876 ὅτι
336 4821 635 4892 ἀνέστησεν
667 4819 801 4889 ἡμῖν
871 4815 951 4887 τῷ
997 4813 1114 4884 λαῷ
1163 4811 1330 4866 αὑτοῦ
1403 4809 1689 4882 βασιλείαν
1763 4808 1796 4880 ἢ

193 4915 433 4986 δύναμιν
474 4915 744 4984 σωτήριον
806 4913 871 4965 ἐκ
901 4910 1092 4979 γένους
1121 4906 1321 4968 Δαυϊδ,
1354 4904 1449 4959 τοῦ
1486 4902 1678 4958 δούλου
1703 4901 1798 4955 αὖ-

194 5007 318 5064 τοῦ.
380 5009 475 5062 Ἐκ
504 5006 820 5078 σπέρματος
855 5003 967 5074 γὰρ
997 5001 1164 5055 Δαυῐδ
1184 4995 1254 5072 ἦν
1286 5000 1321 5069 ἠ
1364 4995 1670 5068 Παρθένος,
1695 4992 1801 5062 ἀφ’

195 5099 265 5176 ἧς
288 5102 318 5155 6
354 5100 591 5168 Χριστὸς
648 5097 1002 5167 γεγέννηται.
1042 5093 1219 5148 Τοῦτο
1265 5092 1324 5145 δὲ
1361 5089 1692 5159 πεποίηκεν,
1725 5088 1809 5153 ὡς,

196 5190 572 5264 έπηγτείλατο
606 5191 697 5245 διὰ
747 5188 1018 5259 στόματος
1063 5185 1174 5239 τῶν
1203 5183 1399 5253 ἁγίων,
1429 5181 1634 5252 δηλαδὴ
1685 5179 1798 5242 τῶν

193 5287 439 5340 ἔκπαλαι
470 5283 791 5357 προφητῶν.
815 5281 1079 5336 Διάὑτῶν
1122 5279 1234 5351 γὰρ
1257 5275 1631 5346 ἐπηγγείλατο
1658 5274 1791 5327 ἀνα-

197 5384 426 5451 στήσειν
450 5379 674 5451 βασιλέα
705 5375 933 5431 δυνατὸν
957 5375 1016 5427 έν
1043 5375 1180 5443 οἴκῳ
1205 5370 1392 5433 Δαυῖδ,
1430 5371 1665 5439 Σωτῆρα
1699 5365 1796 5420 τοῦ

209 5473 455 5544 Ἰσραήλ.
483 5473 592 5526 Καὶ
634 5470 795 5524 τοῦτο
843 5468 1158 5522 διδάσκουσι
1202 5463 1412 5535 ψαλμοὶ
1463 5461 1651 5514 πολλοὶ
1702 5457 1799 5511 τοῦ

199 5568 387 5623 Δαυϊό.

273 5708 317 5740 ’⁵
343 5707 474 5761 Luc.
509 5720 550 5773 ι,
574 5706 668 5761 ‘20.

1906 3392 2131 3455 prOpter
2204 3377 2587 3436 difﬁcultatem
2679 3387 2929 3436 eorump
2963 3386 3085 3442 qua:
3147 3385 3178 3423 a
3237 3364 3500 3422 Zacharia

1903 3475 2166 3531 dicuntur
2194 3488 2209 3537 ;
2237 3487 2365 3527 nam
2398 3468 2715 3540 huiusmodi
2746 3475 2876 3522 sunt
2908 3461 3270 3536 prophetica;
3321 3465 3502 3514 tenta-

1906 3568 2090 3623 bimus
2128 3574 2314 3622 tamen
2343 3580 2406 3620 ca
2441 3565 2596 3635 juxta
2627 3562 2810 3618 datam
2874 3557 3032 3614 nobis
3083 3553 3503 3624 intelligentiam

1906 3662 2226 3731 explanare.

1978 3753 2137 3810 Vers.
2173 3752 2263 3809 69.
2300 3753 2371 3807 Et
2435 3750 2696 3805 erexit—
2744 3747 2900 3804 νει-ε.
2951 3744 3044 3800 70.
3095 3757 3337 3798 suorum.
3399 3737 3506 3793 Per

1905 3867 2105 3915 cornu,
2135 3864 2366 3919 regnum
2396 3847 2488 3903 hic
2516 3843 2772 3914 intelligit
2803 3859 2818 3896 ε
2850 3841 2980 3911 quia
3012 3854 3110 3910 per
3133 3851 3309 3893 cornu
3344 3849 3504 3906 reges

1907 3943 2327 4014 inungebantur
2362 3953 2426 3993 ac
2448 3935 2911 4010 designabantur.

1978 4040 2090 4093 Aut
2118 4034 2390 4106 significat
2441 4029 2768 4102 potentiam.
2832 4025 2892 4080 In
2949 4039 3125 4079 cornu
3183 4020 3332 4077 enim
3389 4018 3506 4074 for-

1907 4125 2646 4186 titudinemliabentomnes
2671 4118 2986 4173 animantes
3040 4129 3250 4171 cornua
3309 4127 3507 4184 geren-

1910 4236 2012 4280 tes.

1974 4331 2165 4388 Cornu
2193 4344 2324 4386 vero
2351 4327 2698 4398 simpliciter,
2736 4323 2832 4379 sed
2858 4320 3073 4386 salutis,
3107 4320 3225 4374 sive
3238 4317 3500 4373 salutare.

1905 4426 2160 4496 Regnum
2202 4431 2388 4479 autem
2422 4429 2478 4476 et
2506 4416 2812 4490 potentiam
2843 4413 3142 4470 salutarem
3179 4411 3314 4467 dicit
3339 4410 3508 4466 Chri-

1905 4530 2076 4587 stum,
2103 4525 2297 4589 utpote
2329 4528 2515 4586 regem
2551 4509 2929 4581 regnantium,
2957 4517 3015 4562 et
3057 4505 3363 4578 potentiam
3408 4520 3506 4576 pa-

1836 4593 2032 4682 Dtris,
2090 4627 2153 4667 ac
2201 4610 2545 4666 Salvatorem
2597 4605 2654 4660 in
2711 4618 2772 4659 se
2836 4601 3206 4656 credentium.
3268 4598 3504 4654 Domum

1906 4709 2074 4767 etiam
2109 4703 2385 4776 intelligit,
2426 4701 2651 4757 domum
2701 4696 2894 4752 David.
2945 4695 3087 4750 Dicit
3139 4709 3289 4766 ergo,
3356 4694 3502 4764 quod

1909 4797 2349 4857 instituitnobis
2374 4792 2580 4866 populo
2633 4806 2735 4846 suo
2793 4803 3026 4859 regnum
3086 4795 3143 4841 et
3199 4787 3507 4858 potentiam

1910 4892 2211 4948 salutarem
2237 4904 2269 4944 e
2299 4897 2505 4958 genere
2531 4882 2701 4938 David
2728 4881 2873 4938 servi
2906 4879 3013 4935 sui.
3051 4877 3096 4934 Δ
3120 4893 3322 4949 genere
3354 4877 3505 4932 enim

1914 4984 2083 5040 David
2115 4978 2489 5037 descendebat
2550 4975 2740 5048 Virgo,
2793 4988 2859 5029 ex
2886 4986 2994 5042 qua
3046 4968 3302 5024 Christus
3341 4975 3507 5022 natus

1911 5089 2018 5134 est.
2054 5075 2207 5132 Fecit
2228 5083 2412 5129 autem
2431 5072 2558 5133 hoc,
2592 5067 2732 5124 sicut
2752 5066 3087 5138 promiserat
3123 5077 3222 5132 per
3252 5075 3315 5117 os
3375 5075 3508 5116 san-

1909 5182 2148 5237 ctorum,
2175 5167 2434 5224 videlicet
2482 5163 2900 5236 prophetarum,
2944 5157 3040 5230 qui
3095 5157 3224 5214 olim
3255 5153 3502 5211 fuerunt.

1907 5265 2014 5322 Per
2055 5265 2202 5336 ipsos
2233 5262 2377 5317 enim
2416 5255 2750 5331 promiserat
2778 5267 2962 5329 regem
3020 5251 3362 5310 exoriturum
3404 5263 3507 5320 po-

1910 5368 2114 5415 tentem
2147 5357 2200 5411 in
2231 5355 2395 5411 domo
2435 5349 2630 5419 David,
2667 5348 3007 5407 Salvatorem
3059 5344 3251 5404 Israel.
3292 5342 3359 5401 Et
3401 5342 3507 5399 hoc

1907 5454 2109 5509 docent
2133 5449 2294 5506 multi
2329 5446 2528 5506 Psalmi
2555 5444 2744 5502 David.

1408 5765 1607 5828 Varia)
1642 5762 1955 5826 lectiones
1996 5767 2058 5821 et
2103 5765 2298 5823 notis.

269 5857 384 5927 (55)
420 5857 532 5912 Καὶ
558 5856 694 5927 ἰδού.
726 5855 788 5911 Β.

270 5921 384 5989 ίῦϐὶ
421 5930 624 5984 Μόνον.
656 5926 717 5981 Β.
751 5926 901 5984 idem
933 5939 1060 5979 mox
1107 5921 1272 5977 liabet
1313 5921 1511 5992 μένων,
1555 5930 1656 5988 pro
1690 5928 1874 5987 μονον.
