4054 6434
267 372 388 434 885

1303 372 1701 432 COMMENT.
1743 371 1822 430 IN
1871 371 2150 433 LUCAM.
2189 401 2251 411 —
2297 377 2456 439 CAP.
2492 379 2576 445 Ιῐ.

3467 379 3570 442 896

263 505 329 556 ds
363 503 459 556 καὶ
485 504 693 574 ποιμήν
723 503 996 575 ἐγεννήθη
1037 501 1135 557 τοῦ
1164 502 1320 568 λαοῦ,
1361 502 1591 573 ποιμέσι
1626 501 1696 555 τὰ
1746 503 1875 570 περὶ
1905 486 1948 540 Α
1982 495 2125 540 τδηι·
2171 487 2311 553 Ql‘ia
2346 490 2514 575 οιῖειπιι
2553 500 2741 561 Ρηδιθτ
2763 506 2828 546 ³ο
2860 490 2967 545 θυι
3005 488 3182 543 (“eius
3212 497 3298 543 εει
3321 487 3422 559 (εε)
3469 504 3568 556 ινι-

267 597 445 650 αὸτού
479 596 809 667 γνωρίζεται
845 598 1086 667 πρῶτον.

351 760 624 831 Δηλοῦται
655 762 712 815 δὲ
747 764 839 815 καὶ
864 761 1079 832 ἕτερον,
1116 761 1201 814 ὅτι
1226 763 1340 824 τοῖς
1373 758 1602 826 ποιμέσι
1642 756 1754 813 τῶν
1784 759 1874 811 λο-

271 854 459 922 γικῶν
489 854 780 924 προϐάτων
812 856 880 908 τὰ
911 855 1031 908 θεῖα
1065 855 1342 926 μυστήρια
1392 853 1502 924 πρὸ
1549 851 1661 906 τῶν
1690 853 1872 907 ἄλλων

275 946 793 1002 ἀποκαλύπτονται.

354 1038 464 1093 Καὶ
497 1067 566 1078 -
591 1037 871 1109 σημεῖον.
911 1038 1085 1092 Τοῦτο
1121 1040 1253 1104 ὑμῖν
1297 1040 1360 1094 τὸ
1414 1040 1721 1111 τεκμήριον
1774 1037 1869 1094 τοῦ

275 1130 574 1200 ἀληθεύειν
605 1150 695 1200 με.

352 1224 664 1293 Εὐρήσετε
698 1255 771 1268 —
810 1224 1036 1296 φάτνῃ.
1094 1225 1282 1296 Ἐδέθη
1354 1226 1452 1289 μὲν
1505 1229 1869 1297 σπαργάνοις,

275 1318 370 1371 ἴνα
403 1317 544 1390 λύσῃ
580 1320 650 1372 τὰ
684 1320 984 1390 σπάργανα
1011 1321 1123 1376 τῶν
1148 1322 1440 1392 ἁμαρτιῶν
1472 1320 1654 1389 ήμῶν·
1686 1321 1871 1374 ἔκειτο

275 1411 357 1472 δε,
386 1411 472 1464 ἵνα
507 1413 795 1485 ἀναστήσῃ
825 1414 953 1476 τοὺς
985 1414 1353 1475 πεπτωκότας
1385 1413 1467 1476 είς
1492 1412 1793 1483 ἁμαρτίαν.

352 1503 464 1557 Καὶ
493 1534 561 1546 ο·-
595 1506 909 1574 οιεορανίου.
961 1508 1213 1575 Ἐγένετο
1249 1508 1348 1561 σύν
1412 1507 1489 1578 τῷ
1533 1507 1777 1578 ἀγγέλῳ,
1807 1508 1870 1578 ἢ·

281 1611 418 1664 γουν
447 1596 678 1666 συνῆλθε
701 1597 780 1668 τῷ
808 1598 1029 1670 ἀγγέλῳ
1046 1599 1262 1670 ἐκείνῳ.

349 1689 702 1743 Αινούντων
757 1691 868 1744 τὸν
904 1693 1076 1747 Θεόν.
1108 1693 1232 1746 Τῶν
1266 1692 1521 1761 ἀγγέλων
1546 1692 1870 1762 ὑμνούντων

276 1780 380 1851 τήν
413 1781 546 1850 μίαν
582 1782 814 1856 θεότητα
852 1785 952 1854 τῆς
987 1785 1149 1854 ἁγίας
1172 1785 1432 1856 Τριάδος,
1487 1784 1575 1839 διὰ
1599 1783 1700 1854 τὴν
1724 1785 1874 1837 olito—

279 1875 618 1945 νομηθεῐσαν
661 1879 939 1949 σωτηρίαν
960 1879 1070 1931 τῶν
1103 1877 1435 1950 ἀνθρώπων.

353 1965 464 2021 Καὶ
516 1970 915 2037 λετόντων-
945 1968 1092 2035 Θεῷ.
1126 1971 1339 2042 Ὗμνος
1386 1972 1445 2024 ὲν
1493 1970 1747 2042 οὐρανοῖς
1795 1969 1873 2040 τῷ

278 2056 426 2127 Θεῷ.

354 2149 462 2204 Καί
491 2180 563 2190 -
588 2150 683 2206 ἐπὶ
710 2149 827 2222 τῆς
873 2151 1110 2220 εἰρήνη.
1143 2151 1320 2206 Τοῦτο
1352 2151 1503 2204 αἰτία
1541 2150 1636 2205 τοῦ
1674 2151 1871 2222 ὕμνου·

277 2239 425 2294 διότι
478 2243 573 2295 καὶ
631 2244 724 2297 ἐπὶ
758 2245 863 2315 γῆς
917 2245 1112 2316 εἰρήνη
1146 2244 1401 2313 γέγονεν,
1455 2245 1488 2314 ἠ
1527 2246 1584 2298 ὲν
1623 2245 1876 2314 οὐρανοῖς

282 2333 715 2404 πολιτευομένη,
750 2337 1154 2408 είρηνευόντων
1176 2337 1279 2409 ήδη
1302 2335 1395 2390 καὶ
1425 2337 1534 2388 τῶν
1563 2335 1876 2408 ἀνθρώπων

279 2422 421 2488 πρὸς
475 2424 568 2476 τὸν
603 2423 760 2479 Θεόν.

355 2516 452 2572 Ἥ.
493 2515 632 2570 διότι
673 2521 765 2572 καὶ
799 2521 894 2574 ἐπὶ
930 2521 1034 2592 γῆς
1060 2519 1222 2591 ὤφθη
1253 2522 1280 2574 ό
1311 2520 1442 2582 Υἱὸς
1473 2519 1568 2573 τοῦ
1625 2519 1787 2586 Θεοῦ,
1818 2522 1877 2584 ὃς

278 2607 435 2660 ἑστιν
470 2610 665 2682 είρήνη
703 2611 796 2664 τοῦ
846 2613 1084 2684 κόσμου.
1135 2612 1385 2682 Μεσίτης
1436 2611 1546 2682 γὰρ
1594 2612 1732 2667 Θεοῦ
1782 2615 1878 2666 καὶ

279 2696 592 2769 ἀνθρώπων
646 2702 965 2772 γενόμενος,
1003 2705 1304 2776 είρήνευσε
1355 2703 1424 2758 τὰ
1475 2704 1702 2774 ἐπίγεια
1739 2708 1878 2778 πρὸς

278 2791 350 2843 τὰ
389 2790 648 2861 οὐράνια,
681 2793 753 2847 τὰ
780 2795 1053 2850 διεστῶτα
1076 2796 1324 2867 συνάψας
1347 2797 1444 2850 καὶ
1476 2797 1546 2850 τὰ
1573 2797 1846 2851 ὲκπεπολε

281 2875 516 2945 μωμένα
551 2880 916 2946 καταλλάξας.

351 2968 569 3024 'H'Kal
609 2971 708 3025 ἐπὶ
730 2973 846 3042 γῆς
875 2975 1109 3045 εἰρήνη,
1134 2977 1269 3030 διότι
1297 2976 1393 3030 τοῦ
1427 2977 1878 3050 παντοκράτορος

277 3059 883 3146 Χριστοῦ-τικτομένου
919 3069 1030 3129 πᾶς
1053 3068 1294 3137 πόλεμος
1320 3068 1622 3138 κατελύθη.
1653 3070 1879 3126 πάντων

1978 579 2116 648 puli,
2153 583 2472 651 pastoribus
2488 570 2738 652 primum
2775 598 2863 648 ea,
2902 597 3024 653 qua:
3057 582 3126 636 de
3156 595 3216 635 se
3259 591 3420 635 erant
3453 597 3569 646 my-

1976 673 2166 734 steria,
2204 674 2598 729 manifestavit.

2051 764 2406 836 Signiﬁcatur
2436 783 2654 838 quoque
2679 777 2733 821 et
2756 767 2928 832 aliud,
2969 764 3114 836 quod
3162 763 3422 820 videlicet
3469 779 3571 835 pa~

1976 860 2218 916 storibus
2249 861 2602 916 rationalium
2650 861 2836 915 ovium
2879 858 3067 914 divina
3134 855 3392 929 mysteria
3456 853 3573 926 prl-

1975 963 2146 1008 mum.
2185 957 2312 1001 ante
2335 949 2493 1014 alios,
2524 949 2859 1003 revelantur.

2046 1039 2203 1094 Vers.
2242 1042 2330 1095 12.
2370 1040 2437 1094 Et
2465 1041 2785 1113 —signum.
2817 1039 2933 1096 lloc
2955 1039 3114 1096 vobis
3155 1045 3568 1110 argumentum,

1974 1134 2121 1204 quod
2155 1149 2280 1188 vera
2306 1135 2513 1189 dicam.

2044 1227 2202 1282 Vers.
2245 1227 2331 1281 l2.
2360 1227 2725 1285 Invenietis—
2745 1243 2991 1295 prmepe.
3021 1225 3230 1282 Fasciis
3259 1222 3567 1296 alligatum,

1975 1331 2031 1376 ιιι
2055 1321 2248 1376 fascias
2270 1331 2577 1376 nostroru-o
2599 1321 2772 1376 solvat
2801 1329 3171 1391 peccatorum.
3210 1318 3434 1374 Jacebat
3467 1333 3571 1372 au-

1976 1425 2105 1479 tem,
2167 1424 2225 1470 ut
2281 1431 2398 1480 eos,
2464 1414 2637 1486 quiin
2680 1423 2905 1484 peccata
2960 1412 3570 1483 ceciderant,erigeret.

2048 1510 2202 1566 Vers.
2233 1509 2319 1563 15.
2365 1508 2432 1563 Et
2453 1507 2780 1563 -—ca:lestis.
2813 1505 2976 1562 Facta
3007 1515 3092 1561 est
3119 1520 3245 1560 cum
3274 1504 3491 1575 angelo,
3515 1502 3572 1557 id

1971 1610 2079 1662 est,
2111 1603 2406 1673 conjuncta
2446 1609 2531 1657 est
2560 1601 2639 1655 illi
2671 1599 2887 1670 angelo.

2045 1695 2204 1750 Vers.
2237 1692 2324 1748 15.
2355 1693 2722 1748 Laudantium
2761 1691 2951 1746 Deum.
2987 1673 3207 1744 Laudes
3256 1686 3574 1742 canentium

1979 1789 2071 1840 ιιιιί
2100 1795 2303 1842 sancta:
2364 1785 2651 1841 Trinitatis
2681 1782 2983 1848 divinitati,
3071 1790 3300 1853 propter
3346 1778 3576 1833 ordina-

1983 1887 2090 1932 tam
2126 1877 2418 1932 hominum
2451 1879 2711 1932 salutem.

2050 1972 2203 2027 Vers.
2233 1971 2318 2025 15.
2355 1971 2424 2024 Et
2478 1973 2769 2028 dicentium
2805 2000 2880 2014 -—
2909 1969 3039 2024 Deo.
3106 1969 3254 2024 Laus
3314 1967 3369 2021 in
3407 1964 3566 2022 caelis

1979 2065 2113 2119 Deo.

2053 2157 2208 2212 νει-ς.
2246 2159 2335 2212 Li.
2369 2156 2438 2210 Et
2473 2157 2527 2210 in
2556 2165 2701 2211 terra
2747 2173 2880 2225 pax.
2936 2154 3012 2211 Ut
3041 2157 3156 2209 lucc
3181 2154 3409 2224 hymno,
3461 2152 3580 2207 sive

1984 2248 2135 2305 laudi
2165 2251 2625 2320 correspondeat.
2663 2248 2801 2315 Quia
2824 2255 2881 2302 et
2905 2247 2959 2302 in
2992 2257 3136 2302 terra
3167 2262 3270 2317 pax
3309 2246 3448 2300 facta
3471 2253 3577 2311 est,

1978 2358 2100 2412 quae
2133 2342 2186 2396 in
2219 2344 2377 2399 caelis
2414 2343 2759 2406 versabatur,
2800 2340 3122 2396 hominibus
3144 2353 3336 2410 pacem
3371 2337 3486 2408 jam
3509 2335 3579 2392 ad

1981 2435 2152 2489 Deum
2172 2435 2527 2492 habentibus.

2052 2529 2149 2583 Vel
2176 2528 2301 2600 quia
2333 2528 2582 2584 etiamin
2617 2539 2761 2585 terra
2804 2529 2894 2583 Dei
2931 2528 3102 2582 Filius
3146 2523 3422 2597 apparuit,
3478 2521 3577 2594 qui

1981 2630 2066 2676 est
2101 2637 2200 2691 pax
2236 2622 2448 2682 mundi.
2483 2621 2754 2677 mediator
2781 2620 2877 2676 Dei
2910 2631 2965 2676 et
3000 2619 3289 2674 hominum
3352 2615 3530 2671 factus
3559 2630 3578 2669 :

1980 2712 2072 2782 qui
2115 2711 2423 2782 paciﬁcavit
2494 2713 2782 2768 terrestria
2840 2711 3184 2772 cmlestibus.
3252 2704 3580 2764 dissidentia

1980 2809 2344 2876 conjungens,
2374 2819 2602 2874 eosque,
2629 2804 2721 2882 qui
2784 2805 3022 2858 invicem
3049 2803 3238 2856 hostes
3274 2806 3458 2862 erant,
3484 2812 3579 2852 re-

1981 2897 2314 2952 concilians.

2057 2990 2172 3050 Vel.
2224 2988 2288 3043 Et
2316 2991 2370 3043 in
2401 2997 2545 3042 terra
2584 3004 2714 3058 pax,
2757 2985 2888 3057 quia
2920 2983 3310 3053 omnipotente
3341 2977 3570 3034 Christo

1982 3092 2132 3147 nato,
2166 3081 2374 3136 bellum
2404 3094 2569 3134 omne
2598 3079 2929 3133 dissolutum
2963 3086 3067 3139 est,
3095 3074 3356 3128 omnibus
3414 3071 3580 3127 simul

277 3151 417 3221 ὁμοῦ
456 3154 570 3208 τῶν
620 3156 796 3211 ἐθνῶν
828 3158 907 3229 τῷ
941 3161 1138 3230 κράτει
1177 3161 1284 3213 τῶν
1330 3161 1629 3231 Ῥωμαίων
1663 3164 1872 3219 ὐποτα-

2001 3175 2241 3247 gentibus
2275 3173 2649 3228 Romanorum
2690 3171 2884 3228 ditioni
2914 3169 3203 3240 subjectis.

275 3245 508 3314 γέντων.

362 3341 469 3394 Ἑν
521 3344 868 3413 ἀνθρώποις
920 3347 1190 3404 εὐδοκία.
1235 3349 1325 3404 Ἐν
1355 3351 1668 3417 ἀνθρώποις
1706 3354 1801 3407 νῦν
1842 3357 1875 3426 ἡ

279 3431 452 3487 πάλαι
485 3435 708 3491 εὐδοκία
749 3438 845 3492 τοῦ
907 3440 1123 3511 Πατρός
1147 3455 1160 3470 °
1196 3440 1337 3510 αὕτη
1372 3444 1429 3496 δέ
1472 3447 1590 3498 ἐστι
1623 3447 1687 3498 τὸ
1723 3448 1876 3499 ἐναν-

277 3521 570 3596 θρωπῆσαι
599 3528 691 3582 τὸν
720 3530 869 3596 Υἱὸν,
889 3533 983 3585 καὶ
1014 3532 1190 3587 σῶσαι
1219 3535 1308 3587 τὸν
1327 3537 1649 3591 ἀπολωλότα
1664 3537 1877 3606 ἅνθρωο

278 3635 403 3674 πον.
460 3620 576 3674 Νῦν
617 3623 729 3695 γὰρ
758 3625 1149 3697 πεπλήρωται,
1179 3627 1208 3680 ὃ
1235 3628 1401 3683 πάλαι
1445 3632 1764 3702 εὐδόκησεν,
1798 3632 1873 3685 εἷο

274 3727 408 3767 τουν
437 3712 664 3784 ὥρισεν,
701 3716 961 3788 ἠθέλησε.

351 3914 460 3968 Καὶ
491 3913 735 3984 ἐγένετο
758 3949 821 3959 -—
859 3919 1024 3990 ἡμῖν.
1062 3921 1303 3992 ’ῐδωμεν
1351 3923 1413 3976 τὸ
1448 3925 1602 3994 ῥῆμα
1632 3966 1647 3990 ,
1681 3927 1874 3980 τουτέ-

282 4023 423 4070 στιν,
459 4007 810 4100 ἐξετάσωμεν
843 4012 956 4084 (48)
993 4013 1053 4066 τὸ
1097 4016 1272 4084 ῥῆμα,
1298 4019 1361 4070 τὸ
1395 4017 1526 4087 περὶ
1549 4018 1644 4072 τοῦ
1680 4021 1877 4091 τεχθῆ-

277 4116 372 4152 ναι
403 4101 540 4169 ήμίν
593 4102 826 4190 Σωτῆρα
878 4105 1143 4176 σήμερον.
1177 4105 1568 4179 Ἑξετάσωμεν
1601 4110 1658 4163 δὲ
1716 4111 1876 4164 τοῦτο

276 4193 370 4246 διὰ
392 4193 489 4246 τοῦ
523 4194 773 4259 δοθέντος
804 4198 940 4268 ήμτν
973 4200 1230 4268 σημείου.

352 4284 465 4338 Καὶ
493 4280 669 4355 ἦλθον
698 4317 763 4328 -
796 4288 1036 4342 τούτου.
1109 4290 1508 4361 Διεγνὼρισαν,
1544 4293 1657 4362 (49)
1682 4294 1873 4366 ήγουν.

277 4377 827 4451 ὲπληροφορήθησαν
887 4380 1019 4450 περὶ
1061 4381 1155 4435 τοῦ
1191 4383 1443 4453 ῥήματος
1483 4383 1577 4437 τοῦ
1604 4385 1873 4454 λαληθέν-

277 4488 374 4534 τος
407 4471 594 4534 αὐτοῐς
629 4474 759 4544 περὶ
789 4471 885 4527 τοῦ
929 4475 1151 4529 παιδίου
1188 4475 1407 4541 τούτου,
1435 4477 1519 4530 ὅτι
1557 4479 1754 4550 ἐτέχθη
1800 4479 1876 4552 τῷ
1907 4530 1959 4590 D

279 4564 302 4590 ς
321 4565 393 4590 _.-_
421 4566 475 4590 ν-
494 4567 570 4590 .-.ι
588 4582 612 4590 _

279 4564 398 4636 λαῷ
421 4566 636 4637 Σωτήρ.

358 4659 471 4712 Kal
502 4659 733 4728 πάντες
759 4690 825 4703 --
857 4662 1012 4731 πρὸς
1065 4663 1311 4728 αὐτούς.
1373 4665 1740 4736 ’Δνήγγειλαν
1773 4670 1881 4742 γάρ

285 4752 495 4804 αὐτίκα
538 4750 616 4821 τῷ
657 4770 715 4804 τε
763 4753 967 4823 Ἰωσὴφ
1016 4755 1113 4808 καὶ
1161 4757 1228 4826 τῇ
1276 4759 1449 4826 μητρὶ
1505 4757 1603 4812 τοῦ
1664 4762 1882 4815 παιδίου

288 4844 470 4896 πάντα
521 4843 621 4897 ὅσα
661 4844 910 4915 ἥκουσαν
940 4847 1094 4916 παρὰ
1119 4848 1214 4900 τοῦ
1252 4849 1508 4918 ἀγγέλου,
1532 4852 1624 4904 καὶ
1658 4854 1725 4907 τὰ
1751 4856 1881 4925 περὶ

282 4933 382 4988 τοῦ
429 4935 673 5007 πλήθους
709 4939 811 5008 τῆς
862 4940 1118 5008 οὐρανίου
1145 4943 1429 5011 στρατιᾶς.
1463 4944 1572 4997 Καὶ
1613 4946 1674 4998 οὐ
1718 4946 1882 5014 μόνον

284 5026 521 5094 τούτοις,
558 5028 694 5082 ἀλλὰ
748 5030 844 5083 καὶ
901 5031 1092 5094 πᾶσιν,
1138 5025 1222 5094 οἷς
1259 5033 1645 5103 ἐνετύγχανον,
1682 5035 1732 5089 οἶ
1788 5037 1883 5089 καὶ

285 5120 630 5186 ἀκούσαντες
667 5120 1016 5189 ἐθαύμασαν,
1052 5125 1182 5193 περὶ
1209 5119 1285 5178 ὧν
1326 5125 1594 5196 ήκουσαν.

2049 3366 2208 3422 Vers.
2251 3364 2338 3418 14.
2363 3363 2426 3419 1η
2451 3363 2752 3416 hominibus
2779 3359 3196 3428 beneplacitum.
3226 3356 3284 3411 In
3335 3354 3613 3410 homini.”

1978 3461 2084 3516 bus
2105 3473 2255 3513 nunc
2284 3468 2390 3522 est,
2415 3455 2561 3527 quod
2600 3455 2730 3510 olim
2761 3454 2945 3510 Patris
2971 3461 3093 3508 erat
3124 3451 3538 3524 beneplaeitum
3562 3467 3577 3505 :

1980 3555 2085 3609 hoc
2125 3559 2312 3606 autem
2337 3559 2443 3615 est,
2498 3560 2555 3603 ut
2583 3549 2973 3602 incarnaretur
3004 3544 3103 3601 Dei
3129 3543 3322 3607 Filius,
3385 3559 3449 3598 ac
3471 3542 3582 3601 sal-

1976 3657 2199 3700 varetur
2229 3647 2390 3698 homo
2431 3641 2698 3712 perditus.
2726 3640 2885 3696 Nunc
2915 3638 3064 3696 enim
3099 3637 3435 3706 completum
3469 3645 3578 3697 est,

1979 3738 2126 3808 quod
2155 3737 2283 3793 olim
2331 3736 2405 3790 illi
2433 3735 2808 3806 beneplacuit,
2844 3734 2962 3789 sive
2991 3731 3141 3803 quod
3173 3729 3448 3796 deﬁnivit,
3484 3740 3581 3785 aut

1979 3829 2171 3883 voluit.

2051 3920 2208 3974 Vers.
2261 3919 2346 3974 15.
2384 3917 2452 3971 Et
2475 3916 2950 3988 factum—uobis.
2985 3913 3284 3971 Videamus
3310 3927 3450 3977 rem,
3472 3909 3579 3966 hoc

1979 4021 2084 4077 est,
2116 4013 2460 4082 inquiramus
2496 4010 2728 4076 factum,
2766 4009 2837 4064 de
2872 4017 3006 4063 nato
3039 4005 3208 4062 nobis
3245 4005 3416 4060 hodie
3455 4003 3579 4058 Sal-

1980 4115 2192 4160 vatore.
2229 4105 2579 4175 Inquiramus
2609 4112 2796 4157 autem
2867 4101 2992 4168 hoc,
3051 4115 3152 4172 per
3213 4098 3405 4153 datum
3487 4111 3584 4150 no-

1980 4200 2067 4254 bis
2098 4199 2341 4270 signum.

2053 4292 2213 4346 Vers.
2243 4291 2330 4346 16.
2371 4288 2441 4343 Ει
2483 4296 2820 4345 venerunt—
2852 4288 3009 4344 Vers.
3052 4288 3136 4343 17.
3205 4288 3324 4342 hoc.
3373 4285 3583 4355 Cogno-

1980 4390 2199 4446 verunt,
2261 4380 2379 4434 sive
2416 4379 2679 4434 certiores
2733 4377 2861 4432 facti
2901 4385 3031 4432 sunt
3087 4375 3156 4431 de
3186 4374 3377 4439 verbo,
3428 4371 3579 4442 quod

1982 4474 2190 4529 dictum
2219 4482 2340 4527 erat
2385 4471 2466 4526 eis
2487 4471 2555 4525 de
2585 4485 2760 4541 puero
2801 4470 2928 4533 hoc,
2956 4467 3104 4540 quod
3146 4475 3314 4521 natus
3342 4473 3461 4518 erat
3484 4479 3586 4533 po.

1986 4567 2117 4639 pulo
2147 4565 2422 4621 Salvator.

2057 4660 2213 4714 Vers.
2268 4656 2353 4712 l8.
2395 4655 2462 4710 Et
2498 4672 2676 4710 omnes
2696 4685 2766 4695 -
2785 4653 2935 4724 ipsis.
2965 4652 3162 4708 Statim
3188 4651 3341 4705 enim
3367 4664 3583 4703 annun-

1986 4752 2267 4808 tiaverunt
2299 4747 2508 4818 Ioseph
2545 4755 2602 4803 et
2632 4746 2790 4801 matri
2823 4746 3006 4817 pueri,
3040 4759 3387 4815 quacunque
3437 4743 3581 4796 dicta

1983 4854 2143 4901 erant
2200 4844 2332 4914 ipsis
2381 4843 2449 4896 ab
2481 4844 2698 4911 angelo,
2732 4842 2871 4896 etde
2922 4838 3283 4896 multitudine
3333 4836 3576 4892 coalestis

1983 4939 2213 4995 militiae.
2268 4935 2379 4990 Nec
2431 4935 2518 4988 his
2562 4936 2764 4995 solum,
2819 4948 3012 4987 verum
3073 4931 3241 4985 etiam
3299 4929 3578 4989 omnibus,

1984 5033 2186 5105 quibus
2217 5028 2608 5089 occurrebant,
2636 5025 2920 5096 quietiam
2969 5025 3316 5080 mirabantur
3367 5023 3435 5076 d1:
3473 5020 3579 5081 his.

1984 5141 2106 5197 quae
2137 5123 2457 5179 audiebant.

1494 5305 1693 5368 Varia:
1727 5307 2034 5369 lectiones
2071 5315 2131 5369 et
2174 5315 2364 5370 notae.

361 5477 472 5544 (18)
506 5479 578 5529 Τὸ
614 5478 766 5548 ρἦα
793 5478 965 5531 abest.
1001 5480 1061 5531 Α.

361 5549 472 5619 (49)
513 5547 819 5602 lientenius
861 5549 1198 5603 reddendum
1240 5553 1466 5619 censet:
1505 5547 1700 5600 Notum
1743 5547 1876 5616 fece-

289 5633 410 5671 runt
439 5616 519 5674 uel
550 5620 976 5689 dieulgaverunt,
1011 5621 1071 5674 ob
1107 5621 1159 5673 id
1194 5616 1551 5689 potissimum,
1577 5619 1718 5687 quod
1754 5634 1876 5687 pro-

363 5781 462 5844 (re)
499 5778 697 5834 Fartus
722 5790 818 5835 est.
849 5779 1078 5833 Videtur
1107 5794 1237 5847 ergo
1268 5781 1464 5849 legisse
1528 5780 1877 5844 ἐργαστικόν.

361 5853 439 5920 (θ’)
482 5850 622 5905 Nam
667 5855 761 5905 hoc
803 5882 850 5890 -
889 5852 1140 5921 reliquum
1185 5864 1280 5904 est.
1355 5855 1523 5904 Suum
1563 5849 1709 5902 enim
1779 5851 1878 5902 itu-

1989 5477 2128 5528 tinus
2181 5474 2463 5543 sequitur:
2502 5474 2566 5526 Ισῖε
2614 5490 2815 5536 omnes,
2871 5476 2961 5544 qui
3016 5474 3337 5532 audierunt,
3393 5470 3578 5520 mirati

1986 5556 2127 5598 sunt.
2165 5545 2363 5598 Notum
2403 5553 2585 5597 autem
2631 5554 2737 5606 est,
2783 5546 3072 5616 γνωρίζειν
3117 5559 3238 5597 esse
3283 5552 3337 5595 et
3380 5555 3571 5610 rogum-

1987 5632 2164 5678 scere,
2193 5626 2247 5669 et
2289 5625 2479 5670 notum
2513 5616 2712 5670 facere.

1994 5777 2160 5856 pluvit
2193 5773 2368 5840 (fecit)
2422 5787 2474 5827 et
2516 5775 2849 5844 superﬂuum
2887 5784 2968 5827 est
3006 5777 3056 5828 in
3096 5780 3399 5842 posterum.
3460 5790 3569 5826 u-s-

1991 5858 2073 5900 sat
2107 5855 2157 5900 iu
2196 5855 2492 5914 posterum.
