4078 6398
188 371 317 442 889

1233 390 1625 455 COMMENT.
1671 395 1751 454 lN
1793 395 2074 459 LUCAM.
2117 424 2185 435 ’-
2223 401 2386 463 CAP.
2431 403 2516 466 ΙΙ.

3387 412 3498 478 890

285 492 630 565 Ἀνήγαγογ
661 525 728 538 -
758 501 1150 571 κληθήσεται.
1180 506 1568 580 Παραστήσαι.
1619 514 1786 566 eiram

1979 514 2134 574 Vers.
2192 518 2283 572 ἓξ.
2334 521 2684 574 Adduxerunt
2721 547 2794 560 -ο
2861 519 3013 577 Vers.
3069 523 3162 580 25.
3210 528 3494 585 vocabitur.

187 584 546 656 ἀποκομίσαι
572 591 651 660 τῷ
685 593 878 663 Κυρίῳ
902 595 982 657 εἰς
1005 596 1100 648 τὸν
1125 600 1182 651 ἰν
1221 599 1622 672 Ἱεροσολύμοις
1645 607 1796 660 ναόν.

200 678 561 748 Ἕγέγραπτο
597 684 707 754 γὰρ
738 685 797 737 ἐν
833 686 912 754 τῷ
942 687 1093 758 νόμῳ
1124 692 1206 743 ὅτι
1241 691 1372 747 Πᾶν
1405 695 1600 764 ἄρσεν
1627 697 1798 751 διαν-

184 769 370 838 οῖγον
392 775 654 841 μήτραν,
717 778 938 847 πρῶτον
981 781 1245 848 δηλονότι,
1272 787 1519 840 τουτέστι
1574 791 1797 857 πρωτό-

179 879 381 928 ⁴ι’νδκον,
415 865 578 935 ἅγιον
628 868 710 933 τῷ
746 873 943 935 Κυρίῳ
971 875 1350 941 κληθήσεται
1379 895 1396 911 ο
1431 882 1603 949 ἦγουν
1641 885 1797 950 ἁςω-

183 959 461 1025 ρισμένον
487 963 564 1030 τῷ
610 963 730 1031 Θεῷ
762 964 1120 1035 κληθήσεται.

282 1052 644 1123 Ἀφιεροῦντο
673 1056 731 1108 δὲ
771 1057 844 1110 τὰ
877 1061 1205 1127 πρωτότοκα
1245 1063 1355 1116 τῶν
1398 1066 1676 1134 Ἐϐραίων
1713 1073 1791 1137 τῷ

181 1143 336 1212 Θεῷ,
371 1146 510 1199 διότι
567 1149 739 1202 πάλαι
795 1151 864 1202 τὰ
923 1155 1253 1221 πρωτότοκα
1307 1157 1418 1210 τῶν
1469 1161 1792 1229 Αἰγυπτίων

181 1237 550 1292 ἐθανάτωσεν
579 1239 724 1309 ὑπὲρ
755 1241 1075 1313 ἐλευθερίας
1103 1247 1216 1298 τῶν
1258 1248 1556 1318 Ἐϐραίων.

273 1330 441 1384 Ἀλλὰ
487 1332 557 1385 τὰ
600 1333 702 1403 μὲν
751 1327 897 1388 ἄλλα
929 1340 1264 1406 πρωτότοκα
1299 1345 1790 1419 ⁴ττροδιανοιγεῖσαν

179 1421 531 1516 διανοίγουσι
582 1425 683 1494 τὴν
748 1430 989 1502 μήτρανο
1048 1432 1498 1504 προδιανοίγεται
1550 1445 1662 1513 γὰρ
1720 1448 1786 1516 τῇ

181 1514 464 1592 συνουσίᾳ
523 1516 619 1574 τοῦ
653 1517 872 1592 ἀνδρὸς.
907 1525 999 1578 ὅτε
1029 1526 1091 1578 τὸ
1136 1528 1366 1599 σπέρμα
1411 1514 1789 1610 εἰςακοντίζεέ

175 1626 299 1661 ταιο
336 1613 500 1677 μόνος
537 1613 594 1666 δὲ
627 1616 653 1666 6
681 1615 927 1683 Χριστὸς
969 1620 1138 1685 μήπω
1170 1620 1542 1690 διανοιγεῖσαν
1584 1626 1788 1695 διήνοι-

183 1701 282 1764 ξεν
321 1703 647 1775 ὑπερφυῶς,
684 1708 779 1759 καὶ
819 1710 1222 1781 κεκλεισμένην
1269 1717 1413 1768 κατὰ
1456 1718 1621 1784 φύσιν
1663 1724 1788 1785 ἐτή-

177 1810 358 1862 ρησεν
381 1811 395 1825 ·
433 1797 558 1848 ἐπεὶ
609 1799 704 1850 καὶ
746 1799 910 1862 μόνος
940 1797 1094 1865 οὗῑος
1140 1803 1298 1871 ἅγιος
1327 1808 1404 1875 τῷ
1438 1811 1628 1881 Κυρίῳ
1690 1832 1786 1865 κυ-

177 1887 340 1954 pitu:
389 1890 534 1941 κατὰ
585 1890 686 1960 τὴν
711 1891 947 1958 θεότητα
979 1895 1101 1963 μὲν,
1136 1897 1211 1958 ὼς
1250 1899 1376 1962 Υἱὸς
1420 1904 1609 1968 αὐτοῦ,
1645 1910 1786 1958 κατὰ

175 1978 238 2030 δὲ
275 1983 381 2049 τὴν
424 1982 855 2055 ἀνθρωπότητα,
891 1986 966 2050 ὼς
1017 1991 1301 2059 ἡνωμένος
1337 1994 1412 2063 τῷ
1445 1997 1556 2065 Υἱῷ
1592 1999 1781 2051 αὑτοῦ.

179 2070 378 2130 Ὣπτε,
412 2073 462 2123 εί
496 2075 592 2125 καὶ
623 2075 712 2128 διὰ
747 2078 845 2145 τὴν
875 2078 1140 2148 ῥηθεῖσαν
1170 2083 1357 2134 αἰτίαν
1391 2089 1523 2155 περὶ
1564 2088 1784 2140 πάντων

173 2162 293 2214 τῶν
366 2168 742 2233 πρωτοτόκων
805 2171 1186 2243 ἐνομοθετήθη
1242 2176 1305 2227 τὸ
1358 2179 1534 2246 παρὸν
1598 2184 1782 2251 ῥητὸν,

174 2256 324 2310 ἀλλά
349 2275 413 2325 γε
458 2263 593 2329 πρὶς
629 2262 722 2313 τὸν
753 2263 994 2332 Χριστὸν
1034 2266 1198 2335 μόνον
1227 2268 1406 2338 ὀρθῶς
1442 2273 1780 2329 ἀπέὸλεπεν.

251 2348 650 2421 [Ἀμφιλοχῖου
677 2355 791 2422 (54)
831 2355 1082 2410 Ίκονίου’
1117 2359 1260 2430 Πρὸς
1297 2362 1400 2431 μὲν
1430 2365 1532 2433 τὴν
1579 2367 1725 2436 παρθ
1760 2397 1787 2406 -

171 2446 340 2514 νικὴν
403 2446 569 2514 φύσιν
604 2450 718 2500 οὐδ’
751 2450 890 2512 ὅλως
918 2453 975 2504 αί
1003 2453 1340 2524 παρθενικαὶ
1376 2457 1548 2511 πύλαι
1574 2460 1785 2529 ἀνεῴχ-

173 2537 359 2608 θησαν
404 2539 664 2609 βουλήσει
728 2544 823 2596 τοῦ
869 2546 1078 2615 ἀρτίως
1127 2550 1597 2619 κυοφορηθέντος,
1639 2554 1785 2607 κατὰ

172 2632 241 2683 τὸ
287 2632 508 2700 φάσκον
549 2635 682 2705 περὶ
721 2635 890 2688 αὐτοῦ
930 2638 1117 2707 ῥητόν·
1169 2638 1332 2706 Αὕτη
1384 2643 1422 2709 ἡ
1461 2644 1628 2709 πύλη
1675 2644 1782 2697 τοῦ

171 2724 429 2790 Κυρίου,
463 2727 563 2779 καὶ
595 2727 1035 2788 εἰσελεύσεται,
1074 2728 1177 2782 καὶ
1226 2730 1644 2795 ἐξελεύσεται,
1684 2735 1784 2787 καὶ

173 2815 360 2869 ἔσται
394 2817 432 2884 ἠ
466 2818 630 2886 πύλη
680 2822 1110 2889 κεκλασμένη·
1137 2821 1252 2894 (55)
1279 2825 1356 2887 ὼς
1398 2825 1455 2878 δὲ
1497 2827 1635 2896 πρὸς
1680 2829 1782 2900 τὴν

173 2906 420 2978 δύναμιν
463 2907 561 2962 τοῦ
595 2911 887 2981 τεχθέντος
914 2914 1217 2976 Δεσπότου,
1250 2915 1405 2968 οὐδὲν
1460 2917 1782 2974 κέκλεισται

169 3001 254 3072 τῷ
283 3003 499 3073 Κυρίῳ,
529 3004 663 3057 ἀλλὰ
697 3006 875 3058 πάντα
908 3007 1209 3078 ἀνέῳκται.
1221 3008 1241 3082 ]

248 3096 365 3149 Kal
386 3097 491 3151 τοῦ
509 3097 721 3152 δοῦναι
742 3129 811 3138 -
827 3100 1293 3169 περιστερῶν.-
1313 3103 1650 3174 Ἀνήγαγον
1666 3108 1776 3161 αὐ-

172 3190 308 3244 τὸν.
341 3187 455 3257 (56)
484 3191 642 3260 φησὶ,
673 3189 826 3257 ὑπὲρ
858 3165 966 3244 τοῦ
998 3165 1392 3260 παραστῆσαι
1439 3165 1520 3259 τῷ
1548 3165 1776 3264 ὶζυρίφ,
1806 3165 1852 3228 C

177 3279 373 3344 καθὼς
403 3283 646 3353 εἴρηται,
684 3283 781 3336 καὶ
838 3283 983 3353 ὑπὲρ
1015 3284 1113 3338 τοῦ
1167 3285 1360 3339 δοῦναι
1400 3287 1599 3342 θυσίαν
1637 3291 1781 3362 ὐπξρ

173 3372 352 3426 αὑτοῦ
381 3373 451 3426 τὰ
483 3373 746 3445 ρηθέντα.
790 3376 1089 3430 Ἑπέταττι
1132 3376 1244 3446 γὰρ
1276 3379 1304 3431 6
1341 3380 1508 3450 νόμος
1574 3381 1782 3437 διδίναι

174 3465 379 3536 ζεῦγος
434 3468 722 3538 τρυγόνων
800 3471 947 3542 ὑπὲρ
998 3472 1363 3541 σωφροσύνης
1412 3475 1507 3526 τοῦ
1563 3475 1779 3541 παιδός·

175 3561 642 3630 σωφρονέστατον
701 3561 811 3635 γὰρ
863 3567 895 3634 ἡ
961 3562 1186 3637 τρυγών
1220 3581 1236 3598 ο
1284 3565 1317 3635 ἢ
1373 3565 1470 3619 δύο
1522 3570 1780 3635 νεοσσοὺς

171 3653 528 3724 περιστερῶν
568 3655 712 3726 ὑπὲρ
780 3659 1138 3726 τεκνογονίας
1171 3659 1362 3713 αὐτοῦ’
1401 3663 1782 3731 γονιμώτατον

172 3746 288 3814 γὰρ
330 3745 364 3814 ἡ
409 3748 739 3818 περιστερά.
771 3749 940 3804 Διττὰ
960 3750 1016 3803 δὲ
1047 3751 1144 3805 καὶ
1176 3751 1375 3817 ταῦτα,
1413 3756 1670 3822 κάκεῖνα,
1692 3757 1781 3810 ἴνα

172 3838 238 3890 τὸ
265 3837 370 3908 μὲν
394 3839 480 3908 τίη
509 3841 588 3901 εις
610 3840 909 3912 ὲξίλασμα,
941 3843 1002 3896 τδ
1030 3844 1087 3897 δὲ
1113 3846 1194 3909 είς
1218 3846 1621 3917 όλοκάρπωμα.
1647 3848 1780 3901 "Oa-

174 3946 290 4000 περ
316 3930 374 3984 δὲ
418 3933 450 4002 ἡ
483 3932 669 4002 μήτηρ
695 3934 790 3987 τοῦ
825 3935 1069 4006 Χριστοῦ
1093 3939 1195 4009 οὐχ
1217 3939 1479 3994 ὑπέκειτο
1500 3942 1579 4011 τῷ
1611 3944 1781 4016 1:909-

172 4023 407 4095 ῥηθέντι
439 4026 613 4097 νόμῳ,
648 4027 827 4093 οὕτως
864 4030 987 4084 οὐδὲ
1022 4032 1186 4097 αὐτὸς
1213 4033 1292 4105 τῷ
1324 4035 1580 4104 παρόντι.

549 4215 706 4270 ΚΕΦ.
737 4216 814 4272 1".
849 4217 990 4288 Περὶ
1015 4219 1122 4275 τοῦ
1154 4222 1422 4292 Συμεών.

248 4306 362 4359 Kal
400 4305 628 4360 ιδυὺο-δ-
670 4308 946 4376 Ἰσραήλ.
995 4312 1353 4383 Ἀνάκλησιν,
1377 4315 1659 4385 λύτρωσιν
1683 4318 1778 4372 τοῦ

185 4400 597 4472 Ἰσραηλιτικοῦ
631 4402 766 4456 λαοῦ
813 4404 923 4457 ἀπὸ
988 4405 1092 4476 τῆς
1122 4406 1399 4470 δουλείας.
1461 4411 1778 4481 Προσεδόκα

1908 610 2201 675 δίδιοι-εηι,
2230 611 2347 666 sive
2383 612 2649 666 alien-ent
2681 611 2911 666 Domino
2944 614 2997 666 in
3061 615 3324 684 templum
3351 616 3498 686 quod

1902 716 2022 758 erat
2075 705 2459 776 Jerosolymis.
2519 706 2801 775 Scriptum
2868 714 2988 762 erat
3035 709 3182 762 enim
3245 709 3299 762 in
3335 709 3497 780 lege:

1901 795 2066 848 Omne
2083 797 2438 850 masculinum
2466 800 2784 866 adaperiena
2811 799 3022 852 vulvam
3049 798 3310 867 (primum
3340 801 3499 853 vide-

1899 886 2049 951 licet,
2127 889 2229 942 hoc
2295 897 2398 951 cst,
2457 889 2906 961 primogenitum)
2973 903 3216 944 sanctum
3273 891 3496 947 Domino

1898 981 2170 1034 vocabitur
2193 983 2233 1012 ⁸⁷
2266 999 2280 1038 ;
2311 982 2449 1045 sive,
2480 1024 2482 1027 .
2509 992 2829 1050 separatum
2898 982 3129 1037 Domino
3185 983 3497 1042 vocabitur.

1969 1073 2484 1127 Consecranbantur
2513 1080 2694 1127 autem
2752 1072 3103 1127 Hebrteurum
3135 1074 3494 1144 primogenita

1899 1161 2030 1224 Deo,
2081 1165 2212 1231 quia
2271 1164 2403 1218 olim
2459 1165 2827 1236 primogenita
2907 1163 3270 1236 Egyptorum
3328 1164 3495 1219 morti

1897 1254 2119 1308 tradulit
2151 1271 2248 1322 pro
2287 1256 2542 1312 libertate
2578 1256 2932 1317 Hebraeorum
2961 1257 3028 1309 ’⁸.

1967 1347 2073 1405 Sed
2116 1350 2230 1404 hzec
2258 1351 2478 1419 quidem
2513 1349 2876 1420 primogenita
2917 1350 3029 1418 jam
3083 1357 3329 1419 apertam
3358 1347 3497 1402 ada-

1891 1445 2119 1514 periunt
2157 1444 2374 1498 vulvam
2413 1460 2428 1496 :
2472 1445 2720 1511 aperitur
2748 1443 2893 1497 enim
2928 1444 2984 1496 in
3022 1443 3122 1497 viri
3166 1458 3491 1513 congressu,

1892 1535 2114 1604 quando
2144 1549 2334 1588 semen
2370 1533 2636 1587 infundit.
2673 1533 2837 1588 Solus
2859 1541 3040 1585 autem
3065 1529 3321 1586 Christus
3355 1546 3495 1584 non-

1891 1626 2025 1678 dum
2058 1632 2328 1693 apertam,
2357 1622 2852 1693 supernaturaliter
2868 1620 3104 1690 aperuit,
3137 1630 3195 1674 et
3219 1621 3491 1684 clausam,

1889 1717 2216 1769 naturaliter
2245 1715 2490 1768 servavit
2518 1733 2532 1768 :
2576 1714 2704 1783 quia
2735 1713 2901 1767 etiam
2952 1712 3102 1768 solus
3133 1711 3224 1766 hic
3273 1712 3494 1781 proprie

1892 1814 2118 1858 ειιιιειυε
2148 1815 2232 1858 est
2267 1793 2517 1868 Domino,
2550 1812 2605 1858 et
2628 1805 2935 1858 secundum
2973 1803 3337 1864 divinitatem,
3364 1801 3492 1871 quia

1897 1895 2067 1948 Filius
2127 1895 2298 1962 ejus:
2362 1903 2418 1947 et
2485 1893 2792 1947 secundum
2852 1891 3255 1946 humanitatem
3303 1898 3495 1959 utpote

1895 1988 2082 2040 unitus
2104 1985 2245 2039 Filio
2285 1986 2426 2054 ejus.
2463 1985 2652 2052 Itaque
2685 1983 2815 2039 licet
2847 1993 3072 2054 propter
3128 1982 3330 2036 dictam
3358 1996 3491 2034 cau-

1889 2096 2002 2132 sam
2072 2079 2140 2133 de
2200 2078 2460 2132 omnibus
2513 2076 2895 2147 primogvnitis
2959 2089 3199 2144 praesens
3261 2072 3491 2127 verbum

1888 2181 2155 2225 statutum
2188 2180 2296 2237 est,
2325 2170 2502 2224 solum
2534 2180 2718 2224 tamen
2750 2167 3034 2224 Christum
3094 2167 3308 2221 directe
3369 2180 3491 2218 res-

1891 2263 2044 2331 picnt.

1959 2374 2040 2444 ﬁ-
2079 2374 2453 2444 Amphilochii
2506 2373 2830 2429 lconensis:
2864 2372 3024 2439 Quod
3073 2372 3273 2426 attinet
3327 2378 3490 2425 natu-

1889 2480 2001 2518 ram
2051 2465 2310 2536 Virginis,
2342 2477 2514 2536 portae
2542 2468 2805 2537 virginea;
2837 2482 3067 2536 prorsus
3126 2482 3236 2520 non
3287 2474 3491 2535 aperta

1886 2566 2036 2623 sunt,
2069 2560 2352 2615 voluntate
2375 2560 2516 2628 ejus.
2552 2560 2648 2629 qui
2683 2561 2737 2613 in
2806 2569 2965 2614 utero
3015 2559 3332 2629 gerebatur,
3396 2572 3488 2611 se-

1886 2651 2127 2705 cundum
2170 2653 2378 2706 dictum
2416 2653 2484 2707 de
2515 2668 2582 2707 eo
2612 2671 2626 2708 :
2660 2650 2793 2706 Ha'c
2846 2662 2924 2706 εει
2974 2661 3129 2722 porta
3163 2651 3402 2716 Domini,
3439 2659 3489 2703 et

1885 2741 2123 2806 intrabit,
2150 2753 2198 2796 et
2225 2745 2408 2809 exibit,
2428 2755 2476 2798 et
2508 2745 2608 2798 erit
2640 2755 2795 2814 porta
2830 2744 3018 2798 clausa
3052 2745 3095 2776 “
3121 2762 3136 2810 ;
3185 2745 3329 2811 quod
3356 2758 3489 2798 vero

1886 2834 2086 2887 attinet
2127 2835 2434 2903 potentiam
2475 2838 2589 2890 nati
2633 2835 2876 2901 Domini,
2942 2836 3082 2891 nihil
3121 2835 3370 2890 clausum
3403 2843 3492 2890 est

1887 2921 2144 2990 Domino,
2181 2923 2278 2978 sed
2305 2925 2492 2979 omnia
2529 2934 2899 2996 apertasuut.

1963 3107 2118 3164 Vers.
2140 3108 2233 3164 24.
2261 3110 2328 3164 Et
2355 3117 2414 3163 ut
2433 3111 2709 3164 darent—
2728 3109 3207 3165 columbarum.—
3231 3111 3488 3165 Adduxe-

1886 3211 2010 3255 runt
2049 3217 2190 3264 eum,
2215 3200 2413 3270 inquit,
2445 3209 2499 3253 ut
2529 3201 2773 3256 sisterent
2810 3199 3064 3266 Domino,
3108 3201 3252 3254 sicut
3279 3203 3489 3256 dictum

1884 3306 1989 3361 est,
2021 3303 2078 3350 et
2119 3306 2178 3350 ut
2223 3294 2422 3350 darent
2452 3293 2691 3348 hostiam
2716 3309 2816 3363 pro
2855 3308 2944 3356 eo,
2975 3293 3064 3347 illa
3097 3293 3330 3356 scilicet,
3365 3309 3488 3361 qua:

1883 3388 2028 3443 dicta
2063 3393 2216 3441 sunt.
2238 3385 2412 3440 Jussit
2434 3386 2583 3440 enim
2619 3385 2729 3451 lex,
2755 3385 3030 3440 utdarent
3061 3401 3158 3454 par
3181 3394 3486 3448 turturum,

1883 3492 2113 3552 propter
2146 3478 2302 3550 pueri
2337 3478 2782 3548 temperantiam,
2809 3488 2893 3533 est
2918 3478 3064 3532 enim
3127 3488 3310 3530 turtur
3363 3476 3489 3530 ani-

1884 3569 1993 3623 mal
2024 3569 2443 3635 castissimum;
2487 3577 2586 3622 aut
2640 3568 2782 3622 duos
2835 3567 3014 3637 pullos
3072 3566 3487 3628 columbarum,

1883 3669 2108 3733 propter
2138 3661 2258 3731 ejus
2303 3661 2704 3716 fecunditatem
2737 3678 2752 3714 :
2787 3661 3044 3714 columba
3107 3675 3348 3728 namque
3403 3658 3491 3713 fe-

1882 3753 2218 3808 cundissima
2247 3762 2350 3808 est.
2382 3751 2554 3806 Erant
2588 3761 2846 3808 autemet
2876 3753 3014 3816 luec,
3045 3761 3100 3806 et
3164 3751 3252 3804 illa
3305 3749 3490 3820 dupli-

1883 3845 1987 3899 cia.
2020 3844 2200 3901 Unum
2232 3843 2380 3898 enim
2399 3842 2735 3898 oﬂerebatur
2786 3843 2840 3896 in
2894 3843 3281 3912 placationcm,
3349 3841 3491 3896 alte-

1885 3954 2006 3992 rum
2058 3937 2113 3991 in
2175 3937 2534 3991 oblationem.
2581 3937 2806 3999 Verum,
2866 3936 3010 3990 sicut
3049 3934 3254 3990 Christi
3311 3944 3490 3989 mater

1885 4031 2160 4102 praedicta
2182 4030 2288 4101 legi
2324 4030 2574 4100 subjecta
2610 4046 2719 4085 non
2751 4038 2889 4094 erat,
2931 4029 3012 4084 sic
3063 4043 3167 4083 nec
3200 4029 3317 4098 ipse
3341 4043 3486 4097 prte-

1884 4122 2050 4178 senti.

2348 4237 2501 4294 CAP.
2523 4237 2616 4293 Ill.
2655 4237 2730 4291 De
2753 4237 3018 4291 Simeoue.

1953 4332 2113 4388 Vers.
2144 4332 2235 4387 25.
2267 4332 2336 4386 Ει
2381 4347 2497 4385 ecce
2523 4359 2594 4368 ——-
2623 4329 2812 4384 Israel.
2879 4329 2933 4383 ld
2988 4339 3098 4396 est,
3171 4329 3485 4385 revocatio-

1883 4440 2035 4488 nem,
2066 4424 2506 4494 redemptionem
2543 4420 2832 4475 lsraelitici
2867 4422 3056 4492 populi
3098 4437 3128 4477 a
3187 4424 3484 4479 servitute.

172 4494 234 4547 δὶ
266 4494 480 4565 ταύτην
515 4492 575 4560 ἐξ
609 4495 976 4564 ἀναγνώσεως
1004 4499 1116 4553 τῶν
1153 4503 1517 4572 προφητικῶν
1549 4503 1773 4573 βίϐλων,

1895 4492 2275 4589 Exspectabar
2339 4525 2525 4570 autem
2591 4516 2733 4569 hanc
2796 4530 2861 4569 cx
2929 4516 3084 4570 libris
3135 4517 3481 4586 propheticis

174 4585 238 4641 αἶ
281 4587 665 4657 κατήγγελλον
727 4590 821 4642 τὸν
870 4591 1131 4661 Χριστὸν,
1180 4593 1238 4656 ὃς
1275 4595 1423 4647 ἐστιν
1477 4595 1784 4661 ἀνάκλησις

173 4678 272 4732 τοῦ
301 4678 430 4734 νέου
473 4681 882 4750 Ἰσραηλιτικοῦ
919 4683 1079 4747 λαοῦ,
1123 4686 1577 4757 ἀνακαλούμενος
1613 4687 1780 4743 αὐτὸν

174 4771 290 4824 ἀπὸ
318 4771 424 4840 τῆς
461 4771 709 4837 δουλείας
744 4775 848 4845 τῆς
891 4775 1128 4847 πλάνης.

245 4867 356 4920 Kal
393 4866 632 4936 πνεῦμα
659 4900 728 4910 -
753 4872 964 4925 αὐτόν.
999 4873 1227 4942 Πνεῦμα
1264 4874 1420 4944 ἅγιον
1470 4882 1777 4949 προφητεί-

174 4976 262 5022 ας.
289 4961 409 5014 Οὐκ
463 4956 533 5033 ἦν
564 4961 620 5014 δὲ
658 4963 842 5034 ἱερεὺς
869 4967 897 5018 6
929 4965 1182 5035 Συμεὼν,
1215 4969 1291 5032 ὡς
1345 4970 1472 5039 ἐμοὶ
1517 4973 1656 5036 τέως
1696 4973 1784 5025 δο-

172 5050 355 5126 κεί’ἧ
386 5055 498 5128 γὰρ
550 5055 619 5110 ἂν
663 5059 902 5129 ἐδήλωσε
940 5061 1034 5115 καὶ
1081 5062 1243 5116 τοῦτο
1277 5064 1498 5130 πάντως
1541 5065 1569 5118 6
1603 5066 1778 5138 εὐαγ-

173 5150 459 5225 γελιστὴς,
485 5152 563 5219 ὡς
602 5155 823 5227 ἀξίωμα
859 5157 955 5212 τοῦ
988 5157 1206 5229 ἀνδρός.

247 5406 293 5440 "
334 5405 508 5465 Exod.
543 5412 719 5480 “11,2.
799 5415 842 5447 “
870 5415 1006 5472 ibid.
1041 5416 1124 5471 15.
1205 5419 1248 5451 ¹⁹
1277 5418 1478 5474 Ezech.
1511 5435 1656 5487 mv,
1691 5421 1752 5475 Ξ.

1883 4610 2167 4667 Christum
2205 4609 2693 4671 annuntiantibus,
2722 4609 2816 4678 qui
2848 4608 2976 4662 novi
3038 4608 3322 4664 lsraelitici
3384 4627 3486 4680 po-

1884 4706 1996 4777 puli
2034 4703 2318 4759 revocatio
2346 4710 2453 4768 est,
2485 4716 2755 4756 revocans
2786 4716 2913 4755 eum
2945 4701 3016 4755 ab
3043 4702 3251 4757 erroris
3312 4704 3488 4757 servi-

1886 4809 2024 4855 tute.

1955 4891 2114 4946 Vers.
2165 4888 2260 4944 25.
2294 4889 2362 4943 Et
2414 4887 2641 4958 spiritus
2674 4917 2746 4926 —
2774 4902 2915 4940 eum.
2968 4884 3210 4956 Spiritus
3257 4897 3486 4942 sanctus

1880 4980 2212 5053 prophetiae.
2267 4977 2386 5033 Non
2445 4987 2566 5033 erat
2636 4987 2821 5032 autem
2881 4976 3165 5040 sacerdos,
3224 4989 3282 5031 ut
3345 4979 3483 5032 mihi

1880 5076 2102 5130 interim
2129 5073 2354 5129 videtur
2381 5090 2394 5126 :
2428 5071 2564 5126 alias
2592 5072 2740 5126 enim
2763 5081 2819 5126 et
2848 5070 2955 5126 hoc
3008 5071 3240 5125 omnino
3299 5073 3475 5125 maui-

1878 5167 2140 5223 t'estasset
2168 5166 2529 5238 evangelista,
2559 5173 2821 5235 tanquam
2843 5178 3099 5237 magnam
3130 5164 3233 5219 viri
3299 5163 3479 5234 digni-

1880 5267 2070 5316 talem.

1342 5577 1544 5639 νοτία)
1589 5579 1900 5644 lectiones
1935 5587 1998 5644 et
2043 5588 2236 5647 notas.

251 5735 527 5819 (Stilla'c
556 5740 612 5793 in
644 5743 890 5819 margine
930 5760 959 5799 a
997 5761 1160 5800 manu
1196 5747 1515 5802 recentiori.
1543 5748 1608 5803 Δ.
1637 5746 1774 5806 Vide

183 5808 526 5875 AIIIphilot-h.
560 5827 615 5878 p.
641 5812 735 5866 26.
772 5808 835 5866 Ϊ).

256 5879 364 5944 ιόὄ)
393 5881 547 5950 Apud
571 5883 921 5952 Amphiloch.
951 5888 1203 5946 additur;
1231 5890 1314 5957 '0,-
1342 5893 1477 5959 πρὸς
1511 5893 1610 5957 τὴν
1643 5910 1798 5962 παρ’.

1881 5749 2102 5829 θενικὴν
2157 5751 2349 5829 τοίνυνὲ
2421 5750 2588 5820 φύσιν
2669 5753 2780 5810 οὐδ’
2825 5754 2965 5822 ὅλως
3014 5754 3376 5829 ἠνεῴχθησαν
3421 5755 3478 5810 at!

1880 5821 2218 5892 παρθενικαὶ
2259 5824 2446 5877 πύλαι.

1957 5893 2068 5963 (56)
2098 5893 2270 5950 Αὑτὸν
2297 5894 2472 5952 abest.
2504 5896 2571 5950 A.
