4078 6390
138 376 262 442 89⁵1

1139 362 1530 426 COMMENT.
1577 361 1658 421 IN
1702 357 1983 422 LUCAM.
2027 382 2095 398 -
2133 358 2295 420 CAP.
2331 358 2448 418 III.

3339 356 3447 421 898

139 496 354 567 ἑορτῆς
391 490 497 545 τῶν
542 480 818 558 ’Δζνμων⁸
864 481 1163 552 ’Υπέμεινε
1208 479 1268 553 δι,
1301 479 1503 540 εἴτουν,
1536 474 1748 528 ὑπελεί-

1872 487 1999 526 um.
2018 471 2304 527 Remansit
2329 480 2537 534 autem,
2561 468 2676 524 sive
2702 469 2927 526 relictus
2943 470 3097 526 estin
3118 467 3447 537 JeruSalem,

140 587 267 656 φθη
296 588 358 638 ὲν
403 579 792 654 Ἰερουσαλὴμ,
843 573 1175 648 βουλόμενος
1217 569 1492 642 συμμίξαι
1525 569 1640 632 τοῖς
1670 567 1722 619 δι

140 676 479 738 δασκάλοις.

223 768 337 823 Kal
368 770 481 822 οὐκ
515 795 582 808 ——
606 764 817 818 αὐτοῦ.
876 758 1036 814 Κατὰ
1080 754 1234 810 θείαν
1285 750 1625 822 οἰκονομίαν,
1658 750 1750 805 ἵνα

148 861 238 932 μὴ
265 858 593 913 κωλύσωσιν
625 857 813 918 αὑτὸν,
838 852 912 913 ὡς
949 850 1119 905 παῖδα
1152 848 1247 902 καὶ
1277 845 1673 917 ἀγράμματον.

220 1049 604 1118 Νομίσαντες
632 1073 702 1084 -
724 1039 1137 1094 διδασκάλων.
1193 1037 1343 1092 Μίαν
1375 1035 1477 1107 μὲν
1525 1032 1748 1105 ἡμέραν

144 1144 473 1207 ἀνάλωσαν,
503 1142 592 1193 ὅτε
639 1134 804 1208 ἦλθον
855 1135 1068 1214 ἡμέρας
1117 1130 1259 1196 ὁδὸν,
1313 1130 1408 1184 καὶ⁵
1448 1128 1747 1198 ἀνεζήτουν

145 1235 324 1289 αὐτὸν
358 1235 417 1286 ὲν
441 1235 556 1289 τοῖς
586 1227 880 1298 συγγενέσι
923 1227 1020 1278 καὶ
1053 1228 1110 1277 ὲν
1143 1226 1258 1286 τοῖς
1294 1224 1586 1289 γνωστοῖςο
1629 1221 1749 1274 ἑτέ·-

153 1344 262 1398 ραν
285 1326 368 1390 δὲ,
399 1326 511 1388 ὅτε,
542 1324 618 1395 μὴ
649 1320 903 1389 εὑρόντες
933 1318 1120 1382 αὐτὸν,
1142 1314 1494 1384 ὑπέστρεψαν
1527 1315 1609 1376 εἰς
1643 1314 1745 1367 ’Ῑεο

149 1419 472 1490 ρουσαλὴμ,
506 1416 800 1488 ζητοῦντες
846 1413 1034 1467 αὐτόν’
1081 1410 1229 1464 κατὰ
1280 1410 1381 1481 τὴν
1437 1409 1632 1478 τρίτην
1689 1405 1746 1459 δέ

143 1510 347 1564 λοιπὸν
377 1503 537 1579 εὖρον
567 1508 752 1562 αὐτόν.
805 1503 895 1558 Ἐν
937 1503 1015 1575 τῷ
1069 1502 1203 1574 ίερῷ
1245 1501 1302 1555 δὶ
1347 1500 1674 1573 εὑρίσκεται
1719 1500 1748 1551 ό

147 1603 419 1675 Χριστὸς,
456 1603 626 1672 ἡγουν
659 1601 718 1653 ἒν
773 1598 852 1669 τῷ
885 1597 1019 1669 ἱερῷ
1057 1597 1231 1665 τόπῳ,
1270 1594 1366 1648 καὶ⁵
1387 1596 1445 1648 έν
1487 1591 1569 1664 τῷ
1614 1589 1747 1663 ἱερῷ

148 1695 473 1764 πράγματι,
511 1696 607 1746 καὶ
650 1691 709 1742 ὲν
747 1688 826 1759 τῷ
858 1687 989 1758 ιερῷ
1019 1685 1318 1757 ἀνθρώπῳ.

233 1786 559 1841 Ἀκούοντα
585 1815 652 1826 -
667 1782 913 1847 αὐτούς.
951 1779 1244 1834 Ἀκούοντα
1267 1779 1362 1831 καὶ
1378 1776 1745 1848 ἐπερωτῶντα

1853 565 2046 620 volens
2086 563 2430 620 commisceri
2463 562 2802 617 doctoribus.

1925 744 2089 802 Vere.
2129 746 2220 801 45.
2247 745 2319 800 Et
2351 762 2454 799 non
2477 775 2552 786 —
2577 745 2716 815 ejus.
2755 744 2920 800 Juxta
2967 745 3211 800 divinam
3257 745 3451 802 Provi-

1851 839 2092 894 dentiam
2129 840 2232 894 hoc
2250 838 2454 894 factum
2479 847 2583 903 est,
2613 854 2681 892 ne
2709 839 3068 908 prohiberent
3093 853 3242 901 eum,
3275 840 3439 909 quasi

1851 946 2086 1004 puerum
2122 942 2176 986 et
2212 932 2332 986 sine
2369 932 2595 987 litteris.

1924 1021 2080 1078 Vers.
2121 1022 2212 1077 ﬂ.
2258 1021 2641 1076 Existimant“
2674 1051 2748 1061 --
2786 1021 2945 1077 Vers.
3013 1018 3101 1074 ιδ.
3146 1019 3445 1075 doctorum.

1851 1113 2034 1170 Unum
2067 1114 2289 1184 quidem
2316 1114 2462 1168 diem
2493 1121 2981 1184 consumpserunt,
3020 1111 3243 1181 quando
3284 1126 3451 1166 vene-

1849 1204 1976 1260 runl
2010 1204 2206 1259 itinere
2225 1203 2356 1268 diei,
2376 1215 2433 1259 et
2452 1204 2810 1275 requirebant
2833 1204 2982 1258 illum
3007 1203 3154 1258 inter
3185 1213 3451 1274 cognatos

1847 1303 1901 1350 et
1928 1305 2088 1350 notos
2122 1314 2137 1362 ;
2167 1296 2399 1351 alterum
2431 1296 2654 1367 quando
2703 1312 2812 1352 non
2860 1297 3088 1351 invento
3128 1312 3192 1352 eo
3234 1298 3448 1352 reversi

1849 1397 1978 1440 sunt
2002 1387 2055 1440 in
2072 1385 2375 1442 Jerusalem
2394 1396 2709 1458 quaerentes
2739 1387 2892 1442 illum
2919 1403 2939 1454 ;
2963 1387 3190 1443 circiter
3213 1387 3444 1444 tertium

1848 1493 1983 1534 vero
2008 1479 2229 1534 tandem
2265 1481 2596 1535 invenerant
2633 1481 2808 1535 illum.

1940 1571 1999 1626 In
2052 1574 2258 1643 templo
2318 1574 2600 1628 invenitur
2655 1574 2931 1640 Christus,
2999 1573 3116 1628 sive
3177 1573 3233 1627 in
3293 1587 3450 1628 sacro

1847 1667 1972 1726 loco
1999 1677 2057 1723 et
2105 1666 2158 1722 in
2218 1681 2382 1720 sacro
2442 1666 2687 1738 negotio,
2755 1681 2819 1721 ac
2875 1666 2934 1720 in
2983 1681 3141 1720 sacro
3203 1665 3447 1719 homine.

1920 1759 2078 1818 νοτε.
2107 1759 2196 1817 46.
2225 1758 2539 1813 Audientem
2573 1787 2642 1798 —
2670 1775 2777 1812 eos.
2807 1758 3142 1812 Audientem
3172 1769 3227 1812 et
3265 1757 3449 1812 inter-

147 1882 284 1946 περὶ
321 1876 430 1928 τῶν
466 1875 736 1944 νομίμων,
773 1840 956 1925 ινα-ἒκ
984 1871 1236 1940 νεότητος
1271 1871 1305 1940 ἡ
1336 1840 1553 1931 σύνεσις
1577 1866 1747 1920 αὑτοῦ

1872 1862 2140 1923 -ogantem
2204 1851 2272 1906 de
2319 1849 2607 1920 legalibus,
2656 1857 2716 1904 ut
2769 1865 2798 1902 a
2849 1865 3022 1920 puero
3079 1848 3449 1920 intelligentia

147 1968 462 2038 γνωρισθῇ.
487 1964 829 2035 Φοϐηθῶμεν
852 1959 947 2017 οὖν
1000 1965 1049 2017 οἱ
1083 1961 1422 2025 διδάσκαλοι,
1447 1959 1749 2029 γινώσκον-

145 2081 242 2125 τες
286 2064 372 2116 ὅτι
405 2064 461 2114 έν
498 2061 648 2131 μέσῳ
696 2058 856 2129 ἡμῶν
889 2060 1040 2111 ἔστιν
1071 2057 1100 2109 ὁ
1135 2055 1399 2125 Χριστὸς,
1433 2054 1746 2128 προσέχων,

151 2157 276 2218 πῶς
298 2155 656 2224 διδάσκομεν.

236 2243 898 2312 Ἐξίσταντο-αὐτοῦ,
933 2242 1082 2296 Ἔδει
1129 2243 1239 2314 γὰρ
1276 2241 1437 2294 τοῦτο
1466 2237 1746 2310 γενέσθαι,

151 2342 242 2394 ἵνα
271 2340 503 2410 ὕστερον
532 2339 804 2392 διδάσκων
838 2337 1252 2408 εὐπαράδεκτος
1274 2336 1461 2397 αὐτοῖς
1491 2333 1602 2406 είη.

226 2435 338 2487 Kal
394 2431 629 2497 ἰδόντες
665 2428 857 2484 αὑτὸν
925 2426 1385 2492 ἐξεπλάγησαν.
1447 2425 1508 2478 '0
1547 2427 1750 2497 Ἰωσὴφ

156 2525 415 2594 δηλονότι
455 2524 610 2593 καὶὴ
659 2523 864 2592 Μήτηρ
889 2519 1079 2573 αὑτοῦ.
1123 2517 1537 2586 Ἐξεπλάγησαν
1580 2517 1636 2570 δὲ
1687 2519 1750 2572 οὐ

156 2599 324 2692 μόνόν
355 2621 443 2675 διὰ
480 2621 584 2691 τὴν
639 2621 860 2672 σύνεσιν
911 2617 1006 2670 καὶ
1051 2615 1151 2680 τάς
1202 2614 1528 2684 ἀποκρίσεις
1558 2611 1748 2678 αὑτοῦ,

153 2713 298 2768 ἀλλὰ
326 2712 420 2765 καὶ
450 2711 541 2762 διά
576 2710 674 2780 τὴν
705 2707 934 2776 τόλμαν.

227 2803 343 2858 Kal
359 2803 508 2869 πρὸς
532 2830 597 2842 -
620 2816 714 2853 σε.
750 2799 974 2868 Πατέρα
1007 2794 1174 2850 αὑτοῦ
1230 2795 1323 2849 τδν
1366 2792 1569 2863 Ἰωσὴφ
1616 2791 1755 2845 ὠνό-

159 2915 362 2968 μασεν,
389 2896 464 2959 ὡς
493 2893 784 2964 μνηστῆρα
812 2891 1037 2960 ἑαυτῆς,
1075 2891 1170 2942 καὶ
1209 2887 1286 2951 ὠς
1315 2885 1516 2958 τροφὸν
1561 2882 1754 2944 αὐτοῦ.

159 2987 533 3058 Ὀδυνώμενοι
564 2984 622 3038 δὲ
655 2985 884 3054 έςήτουν
918 2981 1103 3045 αὑτὸν,
1138 2979 1226 3032 διὰ
1256 2980 1356 3050 τὴν
1410 2977 1615 3047 σχέσιν.
1642 2975 1755 3030 Καὶ

157 3084 212 3136 εί
232 3098 320 3144 τις
342 3080 397 3133 δὲ
421 3081 485 3132 ὲκ
515 3076 688 3130 πόθου
715 3074 1058 3144 ὀδυνώμενος
1090 3072 1323 3143 ζητήσει
1369 3070 1557 3135 αὑτὸν,
1589 3069 1755 3140 εὑρή-

161 3192 263 3252 συι
281 3172 469 3227 αὐτόν.

235 3250 350 3320 Kal
379 3259 510 3317 εἶπε
537 3276 700 3330 -με
723 3275 742 3324 ;
799 3257 890 3320 Ὠς
929 3255 1287 3326 πλανώμενον
1333 3251 1560 3325 δηλαδή.
1619 3250 1756 3315 Θεὸς

159 3360 224 3413 οὐ
268 3357 562 3410 πλανᾶται.

239 3453 367 3505 Οὐκ
398 3447 594 3516 ᾔδειτε
618 3474 689 3484 -
715 3458 832 3513 pe;
867 3441 957 3494 Ἐν
987 3437 1065 3511 τῷ
1091 3436 1228 3507 οἴκῳ
1258 3435 1352 3489 τοῦ
1383 3433 1600 3505 Πατρός
1630 3449 1757 3504 μου.

1850 1945 1971 2015 eius
1992 1943 2207 2015 cognita
2231 1941 2397 1996 foret.
2422 1939 2743 1995 Timeamus
2768 1955 2926 2009 ergo.
2951 1940 3042 2009 qui
3075 1953 3450 2010 praeceptores

1850 2051 2062 2100 sumus,
2096 2036 2354 2105 quoniam
2401 2032 2457 2086 in
2490 2032 2673 2087 medio
2707 2025 2979 2086 nostrum
3028 2043 3116 2087 est
3167 2031 3454 2099 Christus.

1849 2130 2161 2194 attendens,
2192 2141 2303 2196 quo
2339 2133 2500 2196 pacto
2529 2124 2826 2207 dpceamus

1925 2236 2084 2292 Vere.
2123 2235 2214 2289 47.
2248 2232 2542 2305 Stupebant
2574 2261 2643 2273 -—
2671 2233 2809 2302 ejus.
2841 2230 3139 2302 Oportebat
3171 2233 3318 2287 enim
3347 2231 3456 2286 hoc

1845 2328 1993 2394 ﬁeri,
2012 2337 2210 2384 utcum
2230 2335 2422 2397 postea
2440 2326 2687 2391 doceret,
2711 2324 2869 2379 facile
2883 2325 2950 2378 ab
2966 2325 3073 2379 illis
3090 2324 3448 2394 reciperetur.

1921 2425 2078 2480 Vere.
2098 2421 2187 2477 48.
2207 2421 2276 2475 Et
2301 2421 2412 2475 uiso
2435 2436 2495 2474 eo
2512 2428 2914 2488 Obstupueram.
2946 2417 3159 2487 Ioseph
3191 2417 3452 2472 videlicet

1851 2525 1907 2573 et
1937 2515 2106 2570 Mater
2131 2515 2273 2584 ejus.
2335 2511 2761 2582 Obstupuerunt
2795 2520 3004 2576 autem,
3057 2525 3165 2564 non
3219 2517 3450 2581 propter

1854 2606 2269 2676 intelligentiam
2320 2612 2532 2658 tantum
2586 2611 2644 2657 et
2715 2617 2982 2671 responsa
3035 2600 3200 2664 illius,
3261 2614 3452 2655 verum

1853 2701 2016 2754 etiam
2053 2707 2279 2766 propter
2313 2693 2616 2749 audaciam.

1926 2790 2082 2844 Vers.
2111 2787 2200 2842 48.
2235 2784 2301 2839 Ει
2336 2785 2404 2839 ad
2428 2785 2584 2838 illum
2613 2812 2676 2823 —
2703 2793 2768 2836 te.
2811 2781 3052 2844 Patrem,
3102 2779 3312 2848 Ioseph
3344 2793 3450 2834 no-

1855 2878 2105 2944 minavit,
2143 2885 2332 2946 utpote
2377 2889 2642 2944 sponsum
2677 2889 2859 2937 suum,
2883 2880 2938 2925 et
2969 2870 3112 2925 illius
3143 2869 3453 2924 nutritium.

1857 2969 2116 3024 Dolentes
2157 2975 2339 3021 autem
2376 2963 2696 3034 quaerebant
2742 2963 2919 3024 illum,
2964 2970 3187 3030 prapter
3236 2962 3454 3030 longam

1857 3075 2068 3116 moram
2099 3066 2154 3114 et
2197 3057 2553 3113 desiderium.
2601 3055 2660 3109 Si
2695 3055 2820 3124 quis
2866 3069 2996 3123 ergo
3029 3069 3143 3123 pra:
3185 3052 3458 3109 desiderio

1857 3155 2049 3211 dolens
2077 3161 2287 3223 quaerat
2314 3164 2439 3204 eum
2474 3146 2716 3200 inveniet
2745 3146 2922 3199 illum.

1931 3245 2088 3303 Vers.
2119 3243 2212 3298 49.
2250 3240 2315 3295 Et
2343 3241 2476 3294 dixit
2504 3268 2576 3281 ---
2604 3255 2686 3292 me
2715 3240 2740 3293 2
2771 3237 2935 3304 Quasi
2976 3245 3255 3292 errantem
3303 3234 3461 3291 vide-

1860 3339 1993 3394 licet
2018 3355 2030 3392 :
2065 3337 2212 3391 Deus
2237 3333 2386 3389 enim
2419 3347 2530 3385 non
2559 3339 2726 3385 errat.

1936 3434 2095 3488 Vers.
2125 3431 2215 3486 49.
2247 3425 2576 3482 Nesciebatis
2601 3454 2670 3465 —-
2691 3426 2821 3480 me.’
2854 3423 2912 3478 Id
2943 3432 3049 3485 est,
3085 3422 3138 3476 in
3168 3421 3333 3475 domo
3356 3419 3462 3473 Pa-

165 3547 370 3611 Ἔλεγε
405 3514 481 3597 ᾐδὲ
537 3540 669 3609 περὶ
709 3539 804 3592 τοῦ
859 3535 1028 3606 ἱεροῦ,
1072 3534 1100 3588 ὃ
1142 3531 1222 3604 τῷ
1276 3529 1396 3601 Θεῷ
1439 3529 1534 3583 καὶ
1583 3528 1748 3598 Πατρῖ

1872 3527 1966 3584 tris
2019 3523 2150 3580 mei.
2209 3520 2435 3576 Dicebat
2491 3526 2676 3572 autem
2736 3516 2804 3571 de
2858 3517 3085 3585 templo,
3146 3515 3293 3585 quod
3348 3514 3462 3570 Deo

163 3606 340 3691 c.me
375 3636 403 3687 ό
451 3606 706 3702 Σολομῶν
731 3627 1111 3699 ᾠκοδόμησεν.
1175 3622 1320 3676 Ἀλλ’
1353 3624 1384 3692 ἡ
1425 3621 1524 3690 μὲν
1560 3621 1748 3691 Μήτηε

1872 3618 2123 3687 Patrique
2163 3630 2265 3669 suo
2293 3627 2322 3667 a
2358 3611 2652 3666 Salomone
2695 3608 3022 3662 aediﬁcatum
3076 3616 3214 3662 erat.
3257 3606 3463 3662 Verum

165 3727 366 3792 αὐτοῦ,
403 3727 533 3795 περὶ
577 3697 674 3776 τοῦ
716 3697 866 3774 θέσει
904 3716 1117 3787 [ἰατρὸς
1168 3712 1334 3769 αὐτοῦ
1391 3708 1564 3766 εἷπεν·
1601 3711 1748 3775 αὐτὸς

1872 3711 2042 3767 Mater
2073 3709 2194 3778 ejus
2224 3706 2292 3762 de
2317 3703 2580 3774 adoptivo
2614 3711 2769 3772 patre
2821 3701 3005 3754 locuta
3055 3698 3235 3754 fuerat
3274 3715 3291 3764 ;
3342 3697 3464 3767 ipse

164 3822 227 3876 δὲ
261 3789 442 3890 ταότη
472 3789 564 3870 τὸν
598 3812 762 3884 φύσει
798 3809 1026 3880 Πατέρα
1053 3804 1220 3861 αὑτοῦ
1258 3803 1548 3875 ἐγνώρισε.

1872 3813 2052 3859 autem
2079 3814 2228 3864 eum,
2274 3797 2368 3868 qui
2401 3804 2601 3850 natura
2642 3793 2748 3848 sibi
2788 3791 2955 3846 Pater
3006 3801 3150 3856 erat,
3199 3789 3468 3844 manifes-

1873 3900 2038 3955 tabat.

245 4009 356 4066 Kal
379 4003 550 4060 αὐτοὶ
578 4033 648 4042 —
675 3998 900 4064 αὐτοῖς.
934 3996 1008 4050 Τὸ
1038 3991 1282 4064 περὶτοῦ
1308 3989 1482 4062 ἱεροῦ.

1951 3991 2102 4048 Vers.
2143 3988 2234 4045 50.
2259 3985 2327 4041 Et
2359 3984 2461 4054 ipsi
2487 4012 2556 4026 --
2579 3980 2708 4036 illis.
2747 3977 2907 4045 Quod
2926 3985 3047 4033 erat
3077 3976 3146 4032 de
3175 3973 3409 4044 templo.

247 4101 358 4157 Kal
409 4097 624 4161 κατέϐη
657 4123 728 4136 --
773 4091 999 4155 αὐτοῖς.
1034 4085 1317 4141 Παιδεύων
1367 4080 1769 4137 ὑποτάττεσθαι

171 4197 251 4271 μὴ
293 4196 456 4265 μόνον
481 4194 594 4254 τοῖς
632 4188 794 4256 φύσει
817 4184 1094 4255 γονεῦσιν,
1121 4179 1260 4236 ἀλλὰ
1311 4179 1409 4233 καὶ
1451 4179 1564 4240 τοῖς
1596 4175 1768 4230 θέσει.

1945 4085 2104 4141 Vers.
2147 4081 2238 4137 5i.
2278 4078 2347 4134 Et
2378 4076 2648 4132 descendit
2686 4103 2744 4115 —
2769 4073 2904 4126 illis.
2956 4071 3192 4135 Docens,
3241 4079 3302 4123 ut
3342 4068 3472 4122 sub-

1875 4180 1973 4238 diti
1991 4179 2312 4242 simus,non
2328 4171 2507 4228 solum
2532 4167 2882 4225 naturalibus
2903 4163 3253 4237 parentibus.
3275 4175 3470 4218 verum

1875 4273 2040 4329 etiam
2073 4265 2370 4338 adoptivis.

248 4364 361 4422 Kal
391 4363 429 4430 ἠ
458 4359 657 4432 μήτηρ
685 4386 757 4399 —-
786 4353 998 4422 αὐτῆς.
1044 4353 1126 4407 Τὰ
1156 4353 1288 4421 περὶ
1315 4349 1412 4404 τοῦ
1469 4347 1644 4418 ἱεροῦ,
1676 4350 1748 4401 κα

1949 4364 2107 4420 Vers.
2133 4363 2224 4418 51.
2254 4359 2323 4414 Et
2344 4366 2516 4413 mater
2540 4385 2612 4396 —
2641 4370 2758 4410 suo.
2783 4352 2916 4420 Quae
2938 4351 3008 4407 de
3037 4346 3240 4417 templo
3263 4344 3475 4400 dixerat

171 4461 240 4512 τὶ,
269 4453 522 4518 τοιαῦτα,
574 4451 650 4514 ὡς
692 4450 921 4521 ῥήματα
979 4446 1080 4516 οὐχ
1130 4443 1317 4506 ἁπλῶς
1367 4440 1580 4504 παιδὸς,
1637 4439 1748 4494 an;

1879 4475 1944 4515 ac
1971 4456 2189 4518 similia.
2227 4463 2490 4522 tanquam
2537 4447 2705 4504 verba
2751 4461 2863 4500 non
2916 4439 3246 4512 simpliciter
3289 4436 3474 4510 pueri,

175 4551 276 4604 καὶ
313 4545 447 4600 Υἱοῦ
486 4544 582 4596 τοῦ
615 4541 776 4596 Θεοῦ.
829 4538 1082 4610 Διετήρει
1124 4534 1391 4590 δὲταῦτα
1442 4531 1748 4597 εξετάζουσσ

1882 4550 1978 4607 sed
2016 4547 2179 4603 etiam
2230 4545 2326 4601 lilii
2359 4542 2479 4597 Dei.
2513 4537 2891 4594 Conservabat
2923 4542 3108 4587 autem
3148 4529 3476 4584 examinans

176 4641 305 4697 καθ’
335 4638 559 4708 ἑαυτὴν,
589 4634 664 4700 ὡς
698 4633 773 4706 μὴ
811 4631 1001 4696 ἁπλῶς
1052 4629 1349 4700 είρημένα.

1878 4641 2021 4713 apud
2045 4654 2189 4698 sese.
2233 4643 2422 4704 utpote
2453 4647 2574 4701 qua:
2595 4645 2707 4684 non
2742 4624 3046 4697 vulgariter
3077 4621 3224 4675 dicta
3253 4626 3435 4673 erant.

257 4732 368 4788 Kal
421 4728 760 4798 Ἰησοῦς-
790 4721 1148 4794 ἀνθρώποις.
1213 4720 1303 4782 Ὠς
1351 4717 1570 4770 παιδίον
1629 4714 1748 4784 νόμι

1951 4730 2109 4786 Vers.
2161 4729 2250 4782 52.
2298 4723 2366 4778 Et
2411 4719 2945 4777 Iesus—homines.
3000 4714 3286 4782 Tanquam
3334 4725 3475 4778 puer

178 4829 401 4896 φύσεως
433 4820 778 4894 ἀνθρωπίνης
836 4817 1178 4886 προέκοπτεν
1208 4815 1287 4876 εἰς
1313 4811 1487 4865 ταῦτα
1523 4809 1664 4863 κατὰ
1691 4825 1748 4878 μι

1878 4827 1998 4895 lege
2030 4825 2283 4878 humanae
2316 4828 2526 4872 natum
2563 4812 2825 4884 paulatim
2859 4807 2928 4862 ad
2959 4807 3078 4860 haec
3127 4804 3476 4874 proﬁciebat.

178 4922 338 4994 κρόν’
371 4918 445 4981 ὡς
473 4917 580 4989 γὰρ
611 4913 744 4977 Θεὸς
791 4909 1108 4972 παντέλειος
1154 4904 1244 4980 ἦν.

1883 4917 2018 4973 Nam
2050 4923 2111 4969 ut
2133 4914 2274 4968 Deus
2299 4911 2525 4964 omnino
2553 4904 2834 4976 perfectus
2867 4907 3012 4955 erat.

255 5011 590 5088 [Γρηγορίου
624 5005 737 5078 (Ἱῦ)
773 5003 868 5058 τοῦ
926 5001 1215 5072 Θεολόγου.
1271 4998 1589 5070 Προέκοπτε
1613 5035 1628 5058 ,
1671 5009 1780 5062 φη-

184 5082 297 5174 σὶν,
342 5104 456 5179 (⁵14)
483 5104 675 5173 ὥσπερ
708 5099 920 5172 ἡλικίᾳ,
952 5095 1098 5150 οὕτω
1127 5094 1224 5149 καὶ
1257 5093 1420 5161 σοφίᾳ
1442 5091 1538 5144 καὶ
1568 5088 1748 5161 χάριτι

1892 5103 1965 5157 ita
1986 5109 2040 5153 et
2072 5094 2338 5166 sapientia
2370 5103 2426 5147 et
2457 5089 2652 5160 gratia.
2688 5085 2809 5140 Non
2847 5084 2966 5138 haec
2985 5082 3240 5150 accipere
3265 5084 3484 5148 oportet

183 5172 396 5268 oeci}:
434 5194 612 5249 ταῦτα
661 5191 973 5262 λαμϐάνειν
1033 5187 1284 5257 αὕξησινσ
1317 5185 1372 5237 τί
1416 5183 1525 5253 γὰρ
1558 5181 1654 5236 τοῦ
1686 5181 1748 5233 ἅτ

1894 5207 1992 5263 per
2022 5196 2402 5260 augmentum.
2440 5183 2584 5250 Quid
2623 5181 2772 5243 enim
2797 5181 2822 5233 τ
2865 5175 3007 5231 Num
3057 5173 3154 5244 qui
3206 5172 3277 5226 ab
3328 5172 3484 5224 initio

183 5263 597 5366 (ipim-celsiora
619 5286 816 5356 γένοιτ’
842 5284 909 5338 ἂν
935 5281 1266 5350 τελεώτερον
1291 5295 1306 5344 ;
1332 5277 1466 5332 ἀλλὰ
1513 5275 1593 5344 τῷ
1641 5289 1744 5328 κατ

1896 5284 2171 5355 perlectus
2197 5287 2337 5354 erat,
2384 5276 2678 5348 perfectior
2724 5273 2839 5326 ﬁeri
2873 5267 3138 5340 poterat?
3182 5264 3289 5320 Sed
3335 5263 3484 5333 quod

190 5364 395 5464 μικρὸν
412 5387 585 5440 ταῦτα
609 5377 1113 5454 παραγυμνοῦσθαι
1137 5375 1236 5430 καὶ
1261 5370 1748 5444 παρεκφαίνεσθαι.

1891 5376 2010 5431 haec
2035 5373 2297 5446 paulatim
2329 5368 2643 5425 denudaret
2665 5380 2730 5418 ac
2759 5364 3190 5418 demonstraret.

187 5504 350 5560 ΚΕΦ.
381 5501 460 5555 E'.
489 5496 630 5566 Περὶ
660 5495 768 5549 τοῦ
802 5491 1130 5618 τεέρμένου
1169 5486 1443 5557 ῥήματος
1473 5481 1625 5552 πρὸς
1664 5480 1748 5536 Ἰω

990 5579 1088 5618 ην.

1885 5485 2039 5544 CAP.
2084 5484 2151 5540 ν.
2173 5512 2248 5524 —-
2274 5481 2353 5536 De
2381 5479 2558 5544 verba,
2585 5477 2725 5549 quod
2757 5477 2962 5548 factum
2983 5481 3058 5528 est
3101 5471 3172 5525 ad
3199 5469 3487 5525 Joannem.

910 5577 1088 5630 ννην.

276 5667 382 5720 'Er
418 5663 538 5718 ἔτει
576 5690 646 5701 —-
681 5658 1010 5725 Καίσαρος.
1067 5651 1228 5707 Μετὰ
1267 5650 1360 5706 τὸν
1391 5646 1781 5722 προρρηθέντα

1400 5763 1603 5830 Varias
1641 5761 1951 5826 lectiones
1990 5761 2054 5816 et
2095 5761 2289 5816 noue.

1972 5858 2086 5931 (τι)
2119 5857 2354 5928 Gregor.
2387 5853 2647 5910 Nazianz.
2671 5867 2795 5925 pag.
2831 5849 2902 5907 86
2930 5849 3026 5905 lin.

1959 5006 1998 5077 ἰ·
2028 5006 2258 5075 Gregor.
2282 4999 2552 5068 Theolog.
2589 4993 2938 5056 Proﬁciebat,
2964 4991 3164 5062 inquit,
3196 4995 3260 5040 ut
3294 4995 3479 5045 aetate,

1957 5640 2111 5696 CAP.
2134 5637 2222 5694 lll.
2246 5638 2407 5692 Vere.
2432 5637 2482 5690 l.
2503 5631 2983 5691 Anno—Caesaris.
3009 5629 3140 5686 Post
3161 5626 3488 5701 praedictum

266 5884 381 5949 (75)
417 5881 458 5937 Α
487 5879 541 5936 in
569 5876 814 5951 margine
845 5873 888 5929 Β
915 5874 973 5929 in
1003 5881 1175 5930 textu.
