4078 6396
163 413 295 478 909

1171 410 1568 471 COMMENT.
1606 409 1686 468 IN
1731 410 2010 469 LUCAM.
2052 436 2113 447 -
2157 412 2320 472 CAP.
2358 413 2460 474 ιν.

3358 414 3463 478 910

167 528 423 587 ἐκεῖνος.
453 522 565 593 Τὴν
587 523 696 595 γὰρ
733 523 950 596 μητέρα
979 523 1072 577 τοῦ
1113 523 1266 575 Ἠλεὶ
1297 523 1391 575 καὶ
1423 523 1516 575 τοῦ
1551 521 1767 585 Ἰακὼϐ1

1885 530 2021 576 trem
2061 524 2328 592 siquidem
2377 526 2546 594 ipsius
2573 525 2650 578 Eli
2685 536 2738 580 et
2767 525 2934 580 Jacob
2961 528 3193 596 primum
3228 526 3379 582 duxit
3408 532 3462 586 iu

166 619 384 687 πρῶτα
426 617 525 686 μὲν
551 616 762 684 ἔγημεν
797 619 825 670 6
862 617 1015 687 παρὰ
1065 616 1142 685 τῷ
1187 617 1373 686 Δουκᾷ
1411 613 1642 668 Ματθὰν
1684 607 1776 666 οὗ.

165 725 299 771 τος,
325 709 420 761 καὶ
447 707 708 778 ἐγέννησε
738 708 830 760 τὸν
860 708 1012 760 Ἠλεί
1039 725 1053 738 ·
1085 704 1204 762 εἶτα
1226 708 1602 768 ἀποθανόντος
1628 706 1776 757 ἐκεί-

168 815 300 859 νου,
324 800 500 868 χήραν
521 794 686 851 οὖσαν
705 801 948 869 ἠγάγετο
961 800 1167 870 ταύτην
1187 802 1214 852 6
1236 800 1387 870 παρὰ
1410 798 1486 868 τῷ
1504 797 1776 868 Ματθαίῳ

168 893 418 947 Ματθὰν
447 892 683 958 ἐκεῖνος,
713 893 811 958 τῆς
859 893 1036 961 αὐτῆς
1075 894 1176 962 μὲν
1215 892 1392 961 φυλῆς
1432 890 1531 953 ὢν,
1583 890 1776 961 ἐτέρας

169 983 235 1034 δὲ
293 983 643 1051 συγγενείας,
691 984 789 1036 καὶ
836 984 1099 1052 ἐγέννησε
1150 984 1242 1036 τὸν
1279 983 1478 1036 Ἰακώϐ
1525 999 1541 1015 ο
1587 982 1775 1034 λοιπον

167 1071 301 1139 οὖν,
348 1075 501 1127 Ἠλεὶ
561 1073 892 1128 καὶΊακὼϐ
951 1077 1282 1146 ὁμομήτριοι
1332 1075 1453 1145 μὲν,
1507 1075 1776 1142 ἑτεροπὰ-

169 1181 330 1232 τριοι
391 1165 467 1217 δέ.
523 1165 816 1232 Ἀνάγουσι
872 1165 926 1216 δὲ
963 1167 1022 1217 τὸ
1061 1167 1241 1233 γένος,
1300 1167 1327 1216 6
1357 1165 1455 1234 μὲν
1489 1163 1582 1214 τοῦ
1627 1163 1778 1215 Ἠλεὶ

172 1256 394 1326 πατὴρ,
445 1257 534 1307 ἐπὶ
591 1257 788 1325 Ῥησὰ,
833 1251 923 1309 τδν
969 1259 1082 1310 υἱὸν
1115 1257 1207 1309 τοῦ
1250 1256 1559 1327 Ζοροϐάϐελ
1605 1271 1619 1285 ⁸
1660 1257 1686 1307 6
1719 1255 1774 1306 δὲ

169 1349 278 1403 τοῦ
312 1349 508 1401 Ἰακὼϐ
570 1351 778 1420 πατὴρ,
813 1351 906 1402 ἐπὶ
939 1349 1154 1404 Ἀϐιοῦδ
1182 1351 1273 1400 τὸν
1310 1348 1424 1400 υἱὸν
1445 1349 1652 1418 ὁμοίως
1679 1347 1772 1398 τοῦ

167 1440 522 1510 Ζοροϐάϐελ,
567 1442 661 1493 καὶ
709 1443 1011 1510 ἀμφότεροι
1054 1441 1111 1492 δὲ
1173 1441 1266 1493 ἐπὶ
1303 1441 1395 1492 τὸν
1440 1438 1769 1510 Ζοροϐάϐελ,

171 1531 278 1598 ἀφ’
307 1525 368 1584 οὗ
397 1532 464 1582 τὰ
492 1530 585 1583 δύο
620 1533 758 1601 γένη
797 1531 975 1585 ταῦτα
1005 1532 1363 1602 ἐσχίσθησαν.
1400 1531 1511 1582 Καὶ
1551 1530 1684 1584 ἄλλα
1717 1530 1771 1580 (Σὲ

169 1622 412 1675 τοιαῦτά
446 1623 584 1675 εἰσιν
626 1625 684 1674 ἐν
737 1627 857 1686 ταῖς
905 1624 1015 1676 τῶν
1054 1622 1466 1691 εῦαγγελιστῶν
1516 1621 1774 1690 γενεαλον

172 1715 358 1782 γίαις.

257 1807 379 1860 Τοῦ
410 1809 553 1862 Λευῒ
580 1808 778 1863 -τοῦ
803 1811 975 1876 Νηρί.
1008 1811 1112 1864 Τὸν
1143 1809 1410 1879 Σαλαθιὴλ
1444 1811 1470 1862 6
1501 1811 1600 1880 μὲν
1622 1812 1773 1864 Ματ-

171 1901 336 1962 θαῖος
387 1903 503 1954 υἱὸν
561 1903 654 1955 τοῦ
715 1902 966 1973 Ἰεχονίου
1001 1905 1078 1975 (2)
1133 1903 1442 1972 ὠνόμασεν,
1491 1904 1566 1966 ὼς
1624 1904 1768 1956 κατὰ

173 1993 350 2059 φύσιν
379 1996 492 2048 υἱὸν
530 1996 697 2048 αὑτοῦ
723 2011 737 2025 '
770 1997 796 2048 6
834 1995 888 2048 δὲ
922 1996 1138 2057 Λουκᾶς
1166 1993 1262 2046 νῦν
1313 1994 1429 2046 υἱὸν
1460 1993 1554 2046 τοῦ
1600 1993 1766 2064 Νηρὶ,

163 2083 255 2144 ὡς
285 2087 429 2137 κατὰ
459 2087 645 2154 νόμον.
685 2085 983 2153 Ἀνάγουσι
1023 2085 1082 2138 δὲ
1130 2085 1224 2138 καὶ
1272 2079 1421 2138 οὗτοι
1473 2083 1533 2137 τὸ
1587 2085 1766 2152 γένος,

168 2178 199 2226 6
237 2176 343 2244 μὲν
376 2177 543 2246 Νηρὶ,
582 2178 675 2228 ἐπὶ
705 2177 894 2230 Νάθαν
921 2178 1014 2229 τὸν
1043 2177 1161 2229 υἱον
1220 2178 1315 2230 τοῦ
1369 2178 1538 2230 Δαυῖδ
1573 2193 1586 2206 ’
1635 2181 1664 2230 6
1712 2177 1769 2229 δὲ

171 2266 444 2334 Ἰεχονίας
506 2268 600 2320 ἐπὶ
650 2267 1000 2337 Σολομῶντα,
1083 2269 1177 2320 τὸν
1241 2270 1360 2321 υἱὸν
1419 2270 1620 2337 ὁμοίως
1675 2265 1768 2322 τοῦ

171 2359 372 2422 nauta,
401 2361 493 2412 καὶ
524 2361 830 2429 ἀμφότεροι
867 2360 922 2413 δὲ
959 2359 1125 2412 πάλιν
1160 2360 1259 2417 ἐπὶ
1290 2361 1382 2412 τὸν
1408 2360 1593 2412 Δαυῖδ.

256 2451 372 2503 Τοῦ
407 2451 820 2519 Μελχὶ-τοῦ
866 2450 1070 2520 Ἀδάμ.
1127 2452 1258 2504 Ἀπὸ
1299 2450 1394 2504 τοῦ
1431 2451 1553 2504 νέου
1597 2451 1771 2521 Ἀδὰμ

171 2544 516 2612 ἀρξάμενος,
574 2543 776 2608 ἀνῆλθε
826 2543 1170 2611 γενεαλογῶν
1212 2545 1343 2612 ἄχρι
1380 2543 1474 2596 τοῦ
1532 2543 1769 2596 παλαιοῦ

182 2635 390 2704 Ἀδάμ.
429 2637 545 2705 Τὴν
577 2638 758 2690 αἰτίαν
811 2636 866 2688 δὲ
913 2636 1245 2707 μεμάθηκας
1293 2641 1350 2689 ἐν
1390 2635 1468 2704 τῷ
1500 2636 1771 2705 προοιμίῳ

173 2728 276 2794 τῆς
312 2729 462 2796 παρὰ
516 2727 593 2795 τῷ
645 2727 915 2798 Ματθαίῳ
963 2727 1358 2796 γενεαλογίας,
1415 2727 1542 2780 ἔνθα
1593 2730 1772 2780 κεῖται

172 2822 238 2868 τὸ
271 2835 284 2846 ο
307 2819 443 2871 Υιοῦ
475 2820 680 2884 Δαυτδ,
709 2819 843 2873 υἱοῦ
887 2819 1150 2888 Αϐραάμ.

256 2908 377 2960 Τοῦ
433 2911 603 2964 Θεοῦ.
660 2911 768 2964 Τοῦ
807 2911 1010 2982 Ἀδὰμ,
1064 2913 1158 2965 τοῦ
1199 2915 1264 2966 ἐκ
1318 2912 1412 2965 τοῦ
1443 2912 1600 2967 Θεοῦ.
1664 2911 1771 2966 Τοῦ

185 3000 370 3073 Ἀδὰμ
403 3003 510 3072 γὰρ
557 3004 658 3056 οὐκ
689 3004 803 3056 ἐστι
829 3009 1011 3074 πατὴρ
1056 3005 1366 3074 ἄνθρωπος,
1405 3003 1519 3056 ἀλλ’
1569 3006 1595 3056 6
1638 3003 1772 3066 Θεὸς

1885 628 2105 667 uxorem
2139 617 2224 668 hic
2252 617 2516 681 Matthan,
2543 617 2610 670 de
2642 633 2750 686 quo
2779 618 2976 680 Lucas,
3016 627 3069 671 et
3112 618 3301 688 genuit
3337 619 3415 673 Eli
3445 637 3458 672 :

1881 705 2082 760 deinde
2111 723 2220 774 1am
2271 709 2490 763 viduam
2539 710 2690 762 duxit
2722 711 2860 763 hanc
2903 709 3138 762 Matthan
3200 710 3308 774 ilic,
3371 713 3462 779 qui

1883 797 2027 865 apud
2060 797 2371 852 Matthteum
2409 801 2646 869 ponitur,
2676 816 2799 854 cum
2819 806 2964 854 esset
2988 800 3054 854 de
3085 800 3269 854 eadem
3298 801 3461 867 tribu,

1879 903 2186 956 quanquam
2253 894 2320 944 de
2378 891 2482 944 alia
2542 893 2902 962 cognatione,
2942 901 2996 946 et
3044 892 3231 961 genuit
3272 891 3461 946 Jacob.

1881 977 1960 1030 Eli
2001 979 2179 1046 itaque
2200 978 2440 1036 ctJacob
2485 981 2552 1035 ab
2593 981 2785 1034 eadem
2825 981 2935 1034 nati
2967 989 3097 1034 sunt
3145 991 3336 1044 matre,
3375 982 3462 1036 di-

1881 1069 2052 1122 versis
2100 1079 2280 1123 tamen
2341 1071 2607 1141 patribus.
2657 1069 2946 1125 Reducunt
3010 1081 3192 1126 autem
3270 1087 3460 1142 genus,

1882 1159 2120 1213 Matthan
2154 1161 2548 1231 quidemfpater
2571 1162 2649 1215 Eli
2674 1163 2738 1215 ad
2765 1161 2906 1216 Resa
2937 1162 3101 1214 lilium
3130 1161 3455 1224 Zorobabel,

1881 1253 2122 1307 Mattban
2159 1269 2287 1306 vero
2324 1264 2479 1323 pater
2513 1254 2684 1308 Jacob
2713 1256 2777 1309 ad
2814 1255 2991 1309 Abiud
3021 1255 3270 1309 similiter
3292 1255 3462 1310 [ilium

1881 1345 2204 1410 Zorobabel,
2233 1356 2285 1398 ct
2314 1356 2542 1415 uterque
2565 1347 2630 1400 ad
2656 1347 2979 1409 Zorobahel,
3011 1362 3038 1398 a
3071 1362 3177 1416 quo
3215 1347 3320 1400 duo
3351 1347 3465 1402 btec

1880 1453 2079 1507 genera
2110 1439 2281 1492 divisa
2306 1449 2453 1493 sunt.
2499 1439 2614 1491 Alia
2649 1454 2866 1507 quoque
2899 1437 3098 1492 similia
3131 1436 3185 1494 in
3218 1438 3464 1508 Evange-

1880 1528 2125 1585 listarum
2169 1531 2497 1600 geneaIOgiis
2531 1531 2821 1586 habentur.

1955 1816 2110 1870 Vers.
2143 1814 2234 1867 24.
2265 1815 2369 1878 Qui
2400 1815 2498 1884 fuit
2531 1814 2739 1870 Lcri—
2762 1814 2920 1867 Vers.
2941 1811 3032 1864 ‘27.
3072 1813 3159 1881 qui
3193 1812 3291 1882 fuit
3313 1809 3457 1867 Neri.

1880 1906 2141 1962 Salathiel
2174 1907 2463 1961 Matthasus
2512 1907 2679 1960 lilium
2716 1906 2992 1960 Jechonize
3022 1905 3337 1967 nominavit,
3379 1920 3463 1958 uu-

1872 2009 1997 2069 pote
2025 1999 2324 2053 naturalem
2352 2000 2471 2068 ejus
2509 2000 2710 2063 lilium;
2741 1999 2912 2052 Lucas
2938 2014 3066 2052 vero
3097 2013 3246 2052 nunc
3291 1998 3462 2059 ﬁlium

1871 2090 2019 2154 Neri,
2055 2099 2310 2158 tanquam
2350 2089 2597 2159 legalem.
2647 2087 2936 2143 Reducunt
2974 2098 3154 2142 autem
3201 2096 3256 2142 et
3285 2087 3339 2140 hi
3367 2102 3466 2157 ge-

1878 2197 2002 2245 nus,
2041 2180 2168 2236 Neri
2212 2182 2432 2248 quidem
2465 2181 2532 2234 ad
2573 2179 2784 2233 Nathan
2842 2181 3010 2233 [ilium
3039 2178 3229 2244 David,
3265 2177 3466 2234 Jecho-

1875 2274 1997 2328 nias
2025 2288 2156 2327 vero
2188 2274 2254 2327 ad
2287 2271 2662 2336 Salomonem,
2716 2272 2886 2325 illium
2914 2271 3167 2325 similiter
3198 2271 3466 2336 David,et

1875 2380 2065 2418 rursus
2087 2374 2318 2433 uterque
2350 2365 2416 2417 ad
2456 2363 2645 2417 David.

1947 2455 2100 2510 Vers.
2148 2455 2238 2509 ‘28.
2278 2455 2382 2520 Qui
2432 2455 2533 2522 [uit
2599 2454 2789 2508 Melchi
2818 2483 2885 2493 —
2919 2451 3189 2508 Yers.38.
3232 2453 3321 2518 qui
3361 2452 3463 2522 fuit

1875 2550 2072 2603 Adam.
2109 2549 2153 2602 Α
2192 2563 2340 2602 novo
2382 2547 2553 2602 Adam
2581 2546 2854 2615 incipiens
2881 2545 3126 2600 ascendit
3155 2544 3466 2615 generatio-

1875 2657 2002 2697 nem
2032 2641 2270 2694 texendo
2304 2655 2477 2709 usque
2504 2642 2571 2693 ad
2610 2648 2873 2692 veterem.
2908 2637 3140 2692 Causam
3172 2645 3357 2690 autem
3380 2637 3468 2691 di.

1876 2734 2056 2787 dicisti
2087 2735 2137 2786 in
2159 2731 2474 2802 primordiis
2495 2730 2846 2801 genealogire,
2902 2745 3065 2799 quam
3099 2729 3296 2783 retexit
3327 2727 3466 2782 Mat.

1879 2825 2071 2885 thteus,
2103 2824 2191 2876 ubi
2234 2823 2450 2886 dicitur,
2479 2822 2600 2876 Filii
2637 2821 2826 2886 David,
2864 2820 2969 2890 ﬁlii
2996 2819 3263 2875 Abraham
3291 2821 3359 2872 ”.

1953 2915 2108 2969 \‘ers.
2140 2915 2228 2969 38.
2272 2914 2376 2978 Qui
2427 2915 2528 2984 fuit
2561 2913 2676 2966 Dei.
2721 2913 2902 2981 Ipsius
2948 2913 3143 2974 Adam,
3180 2912 3272 2981 qui
3303 2911 3405 2965 fuit
3434 2928 3464 2966 a

1878 3007 2008 3062 Deo.
2047 3005 2236 3075 Neque
2253 3005 2399 3059 enim
2432 3004 2534 3072 ipsi
2591 3004 2763 3057 Adam
2803 3003 2906 3056 fuit
2937 3013 3088 3071 pater
3146 3003 3327 3066 homo,
3369 3006 3465 3064 sed

174 3093 420 3146 ἔπλασεν
450 3095 635 3150 αὐτόν.
675 3097 817 3166 Ὅρα.
845 3097 925 3161 δὲ,
958 3098 1040 3150 ὅτι
1079 3098 1187 3150 ἀπὸ
1215 3101 1315 3168 τῆς
1347 3095 1767 3165 ἀνθρωπότητος

1877 3097 2020 3152 Deus
2045 3097 2460 3150 t'ormaviteum.
2488 3092 2622 3148 Vide
2654 3102 2861 3153 autem,
2906 3092 3050 3161 quod
3077 3107 3105 3145 a
3145 3091 3350 3146 Christi
3380 3092 3466 3146 in.

174 3187 276 3238 τοῦ
319 3185 560 3256 Χριστοῦ
603 3185 938 3257 ἀρξάμενος,
983 3189 1064 3252 είς
1095 3189 1194 3259 τὴν
1221 3189 1456 3257 θεότητα
1491 3187 1655 3242 αὑτοῦ
1678 3188 1767 3240 τὸν

1875 3191 2080 3245 ehoans
2112 3188 2470 3250 humanitate,
2505 3200 2813 3241 sermonem
2842 3183 3060 3238 reduxit
3090 3183 3158 3237 ad
3188 3183 3306 3252 ejus
3329 3182 3466 3235 divi-

177 3278 342 3346 λιὲγον
375 3279 472 3348 τῆς
497 3279 859 3346 γενεαλογίας
894 3282 1163 3350 ἀνήγαγε,
1196 3279 1377 3344 δεεξας
1407 3280 1498 3332 τὸν
1535 3279 1767 3349 Χριστὸν

1875 3283 2098 3336 nitatem
2134 3299 2146 3334 :
2178 3282 2567 3334 demonstrans
2599 3277 2904 3338 Christum,
2938 3285 2995 3329 ut
3033 3276 3311 3330 hominem
3347 3278 3466 3345 qni.

175 3369 464 3437 ἠργμένον
502 3369 622 3439 μὲν,
657 3369 733 3432 ὡς
770 3369 1082 3440 ἄνθρωπον,
1109 3371 1347 3439 ἄναρχον
1373 3371 1450 3435 δὲ,
1493 3370 1566 3433 ὡς
1610 3372 1767 3423 Θεόν.

251 3484 414 3536 ΚΕΦ.
451 3486 526 3538 Z'.
562 3485 704 3551 Περὶ
748 3484 853 3538 τοῦ
889 3485 1228 3554 πειρασμοῦ
1257 3486 1364 3540 τοῦ
1400 3485 1696 3552 Σωτῆρος.

252 3579 502 3645 Ἰησοῦς
523 3609 592 3619 -
617 3580 924 3634 διαϐόλου.
963 3581 1190 3650 Πλὴρης
1221 3580 1542 3650 Πνεῦματος
1585 3582 1766 3647 ἁγίου,

175 3670 271 3726 ἵνα
305 3671 598 3740 μάθωμεν,
643 3672 727 3724 ὅτι
781 3670 1009 3742 Πνεῦμα
1064 3673 1221 3740 ᾶγιον
1267 3674 1624 3743 λαμϐάνομεν
1661 3675 1769 3726 ἀπὸ

177 3761 277 3814 τοῦ
317 3762 462 3815 θείου
494 3763 873 3834 βαπτίσματος
896 3763 1222 3832 ,Ἀνάγνωθι
1244 3765 1300 3816 δὲ
1342 3765 1436 3817 καὶ
1461 3768 1517 3818 ἐν
1541 3767 1617 3836 τῷ
1646 3768 1768 3838 τρίρ-

177 3871 258 3922 τῳ
289 3855 582 3926 κεφαλαίῳ
612 3856 704 3909 τοῦ
729 3858 874 3910 κατὰ
901 3857 1190 3911 Ματθαῖον
1213 3859 1312 3927 τὴν
1335 3859 1604 3928 ἐξήγησιν
1627 3858 1721 3910 τοῦ
1751 3875 1765 3890 σ

181 3943 331 4002 Τότε
367 3949 398 3998 ὁ
429 3947 672 4014 Ἰησοῦς
706 3948 942 4016 ἀνήχθη
973 3950 1061 4013 εἰς
1102 3948 1217 4015 τὴν
1245 3949 1471 4018 ἔρημον
1503 3949 1619 4002 ὑπὸ
1660 3948 1768 4002 τοῦ

176 4041 544 4108 πνεύματος,
579 4040 982 4108 πειρασθῆναι
1015 4043 1134 4096 ὑπὸ
1168 4042 1274 4095 τοῦ
1312 4044 1622 4099 διαϐόλου.

253 4133 375 4200 Χρὴ
406 4132 462 4183 δὲ
501 4131 810 4200 γινώσκειν,
857 4135 939 4186 ὅτι
975 4135 1008 4204 ἡ
1047 4133 1410 4205 ἁνθρωπότης
1453 4137 1550 4188 τοῦ
1579 4137 1764 4207 Σωτῆ-

183 4242 277 4293 po;
331 4225 518 4290 ῶσπερ
549 4226 870 4279 δ.ὀάσκαλον
923 4222 1036 4296 εἶχε
1081 4228 1142 4280 τὸ
1192 4228 1417 4295 Ιινεῦμα
1470 4229 1530 4281 τὸ
1583 4229 1762 4298 ἅγιον,

177 4319 277 4383 οὐχ
301 4315 375 4376 ὡς
399 4316 499 4384 τῆς
527 4318 816 4387 ἠκωμένης
841 4318 993 4388 αὐτῷ
1024 4318 1285 4390 θεότητος
1315 4323 1416 4372 οὐκ
1448 4322 1726 4390 ἀρκούσης
1745 4339 1762 4356 υ

180 4409 321 4460 ἀλλὰ
349 4409 599 4480 καθάπερ
633 4411 858 4480 εὐδοκία
892 4409 989 4463 τοῦ
1031 4413 1249 4482 [ἰατρὸς
1292 4413 1719 4486 ἐνηνθρώπησεν
1748 4422 1762 4436 ⁸

174 4502 328 4554 οὕτω
363 4503 456 4553 καὶ
481 4503 741 4572 συνεργίᾳ.
777 4503 870 4555 τοῦ
901 4504 1059 4570 ἁγίου
1090 4504 1408 4574 Πνεῦματος
1435 4507 1756 4573 ἐτελειοῦτο,

180 4597 269 4647 ἵνα
323 4596 386 4647 τὶ)
437 4597 676 4664 ὁμοφυὲς
729 4595 911 4647 αὐτῶν
949 4596 1138 4666 δειχθῇ
1199 4599 1291 4650 καὶ
1339 4599 1420 4669 (5)
1485 4602 1759 4668 φανεράλ-

180 4687 364 4755 ληὶην.

252 4780 364 4833 Καὶ
396 4781 506 4833 οὐκ
541 4808 605 4819 -
638 4779 988 4835 Θεοῦ.Ἐκεῖ
1020 4780 1194 4835 ταῦτα
1226 4783 1402 4836 πάντα
1436 4785 1576 4840 κατὰ
1604 4785 1760 4852 λόγον

182 4871 631 4940 ἡρμηνεύθησαν.

253 4963 362 5016 Καὶ
415 4963 730 5033 ἀναγωγίαν
760 4995 826 5004 -
856 4967 1229 5033 λατρεύσεις.
1255 4967 1366 5021 Καὶ
1395 4967 1524 5036 περὶ
1555 4967 1760 5021 τούτων

183 5060 402 5109 πάντων
420 5059 474 5108 ἐν
490 5059 682 5128 ἐκείνῳ
694 5059 771 5129 τῷ
791 5059 1067 5127 κεφαλαίῳ
1089 5060 1402 5128 σαφέστατα
1419 5065 1636 5132 εἴρηται
1656 5061 1755 5134 (4),

258 5245 302 5276 ⁸⁸
332 5242 521 5299 Matth.
564 5261 603 5310 ι,
638 5247 688 5299 l.
765 5246 810 5277 “
842 5243 1029 5298 Matth.
1068 5263 1145 5309 tv,
1187 5252 1240 5302 t.

1873 3375 1994 3430 dem
2027 3373 2324 3442 incepisse,
2363 3380 2420 3426 ut
2452 3371 2619 3425 Deum
2653 3384 2782 3424 vero
2810 3383 2998 3424 carere
3026 3368 3320 3438 principio.

2154 3484 2308 3540 CAP.
2342 3485 2456 3540 VII.
2491 3484 2569 3539 De
2603 3483 2974 3538 tentatiouibus
3023 3480 3176 3536 Iesu.

1944 3597 2096 3650 CAP.
2128 3595 2215 3649 IV.
2265 3596 2422 3650 Vers.
2467 3595 2517 3648 l.
2563 3592 2719 3648 Iesus
2775 3622 2847 3634 —
2899 3590 3056 3647 Vers.
3119 3591 3174 3645 Ξ.
3230 3591 3459 3645 diabolo.

1873 3685 2074 3741 Plenus
2106 3685 2317 3755 Spiritu
2344 3694 2560 3750 sancto,
2593 3693 2652 3739 ut
2679 3682 2942 3746 sciamus,
2983 3682 3130 3752 quod
3186 3681 3459 3751 Spiritum

1873 3788 2128 3832 sanctum
2195 3778 2499 3847 accipimus
2559 3776 2614 3830 in
2673 3774 2862 3828 divino
2921 3773 3267 3841 baptismate.
3321 3771 3464 3843 Lege

1872 3882 2054 3924 autem
2087 3870 2249 3925 tertio
2271 3873 2448 3938 capite
2480 3867 2762 3938 Evangelii
2801 3865 3106 3922 secundum
3145 3865 3459 3919 Matthreum

1871 3962 2268 4030 expositionem
2295 3961 2440 4015 illius
2466 3961 2595 4015 dicti
2639 3978 2651 4013 :
2692 3963 2833 4014 Tunc
2866 3961 3054 4012 ductus
3088 3966 3164 4012 est
3213 3957 3370 4011 Iesus
3399 3960 3456 4012 iu

1870 4057 2129 4108 desertum
2159 4072 2190 4107 a
2213 4055 2422 4124 spiritu,
2459 4061 2514 4105 ut
2539 4062 2835 4108 tentaretur
2860 4068 2893 4106 α
2928 4051 3140 4107 diabolo
3176 4052 3240 4104 ³⁸.

1941 4147 2094 4201 Scire
2143 4157 2326 4200 autem
2349 4155 2585 4216 oportet,
2619 4145 2765 4214 quod
2798 4143 3112 4198 humanitas
3144 4143 3449 4198 Salvatoris

1870 4248 2126 4308 tanquam
2158 4239 2476 4308 magistrum
2514 4238 2703 4292 habuit
2738 4235 3007 4306 Spiritum
3041 4245 3312 4300 sanctum,
3339 4250 3454 4288 non

1869 4332 2013 4401 quod
2044 4332 2195 4384 unita
2236 4331 2337 4385 sibi
2386 4329 2645 4386 divinitas
2669 4343 2780 4382 non
2810 4328 3107 4392 suﬂiceret,
3135 4328 3230 4382 sed
3259 4341 3454 4395 quem-

1869 4424 2162 4478 admodum
2223 4422 2398 4476 Patris
2444 4421 2792 4490 beneplacito
2857 4421 3176 4475 incarnatus
3234 4431 3338 4484 est,
3374 4421 3450 4476 ita

1794 4541 1838 4597 ι)
1870 4516 2256 4583 cooperatione
2286 4513 2527 4583 Spiritus
2563 4515 2736 4566 sancti
2771 4513 2941 4566 totius
2971 4512 3097 4566 vita:
3129 4512 3302 4581 ipsius
3326 4529 3454 4569 cur-

1869 4606 2104 4661 riculum
2163 4615 2447 4678 peractum
2480 4612 2585 4669 est,
2649 4613 2708 4657 ut
2754 4603 3249 4669 demonstraretur,
3303 4609 3450 4674 quod

1866 4699 2111 4766 ejusdem
2140 4701 2250 4752 sint
2288 4699 2432 4751 inter
2457 4711 2517 4752 se
2551 4705 2777 4750 naturas.

1941 4787 2096 4842 Vers.
2131 4788 2185 4840 2.
2216 4787 2546 4855 Nihilque—
2569 4787 2726 4841 Vers.
2759 4787 2812 4840 4.
2848 4785 2962 4839 Dei.
2997 4787 3075 4840 lbi
3105 4796 3158 4840 et
3189 4787 3302 4842 haec
3328 4803 3449 4842 om-

1865 4884 1951 4935 nia
1992 4883 2058 4934 ad
2093 4883 2320 4935 verbum
2355 4880 2625 4935 declarata
2657 4889 2806 4934 sunt.

1939 4971 2093 5025 Vers.
2115 4972 2170 5024 5.
2200 4969 2267 5024 [It
2290 4971 2541 5024 subduxit
2591 4999 2632 5006 —
2663 4969 2818 5025 Vers.
2848 4971 2900 5025 8.
2927 4969 3152 5025 Servies.
3185 4971 3358 5025 Etiam
3381 4972 3449 5026 de

1864 5069 1948 5121 his
1985 5067 2240 5120 omnibus
2269 5066 2362 5118 illo
2387 5065 2565 5137 capite
2599 5063 3046 5118 manifestissime
3100 5063 3302 5117 dictum
3338 5071 3452 5132 est,

1381 5407 1575 5468 Variae
1607 5408 1915 5471 lectiones
1957 5415 2016 5468 et
2049 5414 2241 5467 noue.

251 5583 328 5646 (ἓ)
368 5582 657 5650 Ἰεχωνίου.
687 5585 750 5639 Α.

257 5653 329 5719 (5)
360 5649 469 5704 Και
519 5653 873 5721 φεράλληλον.
922 5649 982 5704 Β.
1029 5650 1179 5705 Ferri
1219 5659 1398 5718 potest
1436 5660 1752 5719 utrumque.

189 5723 299 5777 Hoc
335 5723 595 5775 formatur
629 5739 656 5776 a
694 5728 903 5790 φέρειν,
953 5723 1083 5774 illud
1129 5739 1156 5775 a
1211 5721 1501 5790 φανεροῦν.
1547 5721 1752 5775 ﬂente-

187 5795 306 5847 uius
331 5793 431 5845 hoc
461 5793 711 5847 exclusit.
743 5794 795 5846 Si
838 5795 939 5846 hoc
965 5793 1246 5860 probetur,
1273 5793 1458 5860 φέρειν
1480 5794 1751 5860 accipien-

190 5866 308 5921 ‘ium
336 5873 439 5923 est.
470 5875 528 5918 ut
559 5863 717 5917 Ilebr.
747 5881 786 5926 ι,
812 5864 881 5917 3:
913 5865 975 5916 Ἢ
1003 5864 1135 5928 ἁγία
1156 5864 1325 5929 Τριὰς
1353 5863 1505 5930 φέρει
1530 5863 1746 5930 ἑαυτὴν,

1866 5582 1913 5633 id
1943 5591 2042 5644 est,
2081 5581 2356 5651 ἐπαρκὴς,
2400 5581 2683 5650 αὐτάρκης
2725 5579 2870 5631 ἐστὶν
2905 5577 3041 5650 αὐτὴ
3080 5578 3443 5651 ἐαυτῆς.νΛιιι

1865 5653 2062 5719 ήὰγία
2116 5655 2285 5723 Τριάς
2335 5653 2475 5720 αὑτὴ

1861 5739 2000 5782 π’λις.

2539 5651 2738 5720 ἑαυτὴν
2793 5651 3020 5719 φανεροί
3071 5653 3182 5712 τοῖς
3228 5650 3443 5719 ἀνθρώ.

1931 5795 2005 5863 (4)
2040 5793 2199 5858 Loco,
2238 5793 2362 5846 ἔνθα
2395 5795 2570 5846 κεῖται
2607 5793 2684 5859 τὲ,
2717 5792 2880 5846 habet
2910 5790 2975 5858 Α,
3011 5791 3065 5844 ὲν
3095 5788 3170 5861 τῷ
3203 5788 3404 5862 λέγειν.
