4054 6392
137 375 245 439 925

1097 377 1486 441 COMMENT.
1528 380 1606 439 IN
1649 379 1926 442 LUCAM.
1962 405 2026 416 -
2070 382 2226 444 CAP.
2271 383 2370 446 VI.

3289 395 3400 458 926

209 488 500 555 Μακάριοι
534 521 603 532 -
629 492 939 560 γελάσετε.
964 493 1028 546 Oi
1060 493 1364 556 κλαίοντες,
1387 493 1487 562 οὐχ
1508 491 1694 554 ἁπλῶς

1894 491 2044 546 Vcrs.
2081 493 2170 546 2|.
2204 493 2357 548 Beati
2396 524 2465 534 ——
2515 497 2774 556 ridebitis.
2821 499 2926 566 Qui
2967 498 3099 556 ﬂent
3149 518 3277 558 tton-
3312 516 3403 560 ut-

137 577 255 628 ἀλλ⁹
294 577 325 646 ἢ
362 581 454 631 ἐπὶ
500 582 610 643 τοῖς
655 581 863 634 ἑαυτῶν
916 582 1332 651 ἁμαρτήμασιν,
1391 581 1422 650 ἢ
1461 583 1555 633 ἐπὶ
1595 581 1716 641 ταῖς

137 669 345 739 ἐτέρων
364 671 783 735 κακοπαθείαις,
808 673 898 724 καὶ
923 673 1484 737 συνελόνταείπείν,οί
1513 670 1719 724 κλαίον-

135 771 232 823 τες
289 763 429 814 κατὰ
464 761 630 827 Θεὸν,
672 763 722 816 οἳ
776 763 1065 830 γελάσουσι
1118 764 1259 817 κατὰ
1307 766 1398 817 τὸν
1452 765 1719 833 μέλλοντα

136 854 334 917 αἰῶνα,
398 857 716 921 τουτέστινξ,
769 856 1242 925 εὐφρανθήσονται
1304 856 1715 927 πνευματικῶς.

138 942 420 1013 Σύμεολον
455 946 564 1017 γὰρ
591 947 954 1017 εὐφροσύνης.
978 949 1005 999 ὁ
1037 946 1227 1013 γέλως.

205 1037 500 1105 Μακάριοι
523 1068 591 1078 -
618 1035 952 1105 ἀνθρώπου.
979 1038 1145 1089 Ὅταν
1164 1037 1234 1089 τὰ
1263 1035 1530 1107 εἰρημένα
1558 1035 1718 1104 ποιή-

139 1145 309 1181 σωσιν
339 1130 490 1198 ὑμῖν,
535 1129 612 1198 μὴ
636 1130 723 1182 διὰ
755 1145 878 1182 τινα
922 1128 1121 1182 κακίαν
1161 1128 1338 1199 ὑμῶν,
1383 1129 1498 1182 ἀλλ’
1527 1130 1716 1183 ἕνεκεν

132 1219 292 1291 ἐμοῦ,
326 1220 414 1274 διὰ
446 1223 507 1274 τὸ
537 1216 678 1273 εἶναι
715 1221 860 1290 ὑμᾶς
889 1222 1079 1290 ἐμούς.

207 1385 523 1454 Χάρητε-
550 1385 809 1454 οὐρανῷ.
855 1386 1284 1457 Ἀγαλλιάσοητε
1306 1385 1421 1458 (26)
1462 1403 1714 1459 πνενμα-

128 1491 321 1530 tuane.

203 1495 265 1529 ιω
306 1515 321 1530 .

203 1495 364 1622 Κιῗτὰ
407 1598 475 1608 -
524 1566 747 1623 αὐτῶν.
797 1567 956 1621 Κατά
1007 1567 1075 1621 τά
1126 1568 1382 1638 ρηθέντα,
1444 1569 1710 1636 τουτέστι,

133 1659 421 1728 μισοῦντες
465 1661 559 1711 καὶ
611 1660 988 1729 ἀφορίζοντες,
1037 1659 1182 1730 ἦτοι,
1215 1658 1544 1729 χωρίζοντες
1584 1663 1714 1714 ἐαυ-

126 1749 260 1814 τῶν,
295 1751 390 1802 καὶ
419 1751 492 1801 τὰ
519 1749 666 1818 ἑξῆς.
726 1751 789 1802 Oi
855 1751 1094 1820 πατέρες
1148 1751 1205 1802 δὲ
1262 1751 1464 1817 αὐτῶν,
1509 1751 1710 1824 δηλαδὴ

127 1841 238 1892 τῶν
270 1840 577 1911 μελλόντων
605 1841 735 1909 ὑμῖν
762 1838 935 1892 ταῦτα
976 1840 1202 1911 ποιῆσαι
1246 1841 1537 1895 Ἰουδαίων.

201 2018 378 2086 Πλὴν
405 2049 477 2062 --
513 2018 699 2089 ὑμῶν.
742 2018 1074 2087 Μακαρίσας
1115 2020 1242 2082 τοὺς
1291 2020 1563 2088 πτωχοὺς,
1613 2019 1708 2073 καὶ

123 2113 252 2168 ’τοὺς
277 2111 601 2176 πεινῶντας,
631 2111 868 2175 καὶτοὺς
889 2111 1201 2173 κλαίοντας,
1238 2112 1334 2166 καὶ
1366 2114 1492 2177 τοὺς
1519 2129 1710 2182 μισου-

126 2206 348 2274 μένους,
383 2209 476 2259 atat
509 2205 967 2276 ἀφοριζομένους,
1009 2205 1106 2256 καὶ
1150 2205 1579 2273 ὀνειδιζομένους
1610 2205 1706 2259 καὶ

121 2295 572 2366 λοιδορουμένους
619 2296 688 2348 δι’
751 2296 938 2361 αὐτὸν,
995 2295 1183 2349 λοιπὸν
1235 2296 1532 2361 ταλανίζεις
1572 2295 1702 2359 τοὺς

124 2388 386 2450 ἐναντίως
435 2387 681 2457 ιχοντας,
746 2387 834 2439 ἵνα
888 2386 977 2439 διὰ
1038 2389 1140 2456 μὲν
1197 2387 1291 2440 τοῦ
1349 2388 1702 2458 μακαρισμοῦ

123 2478 408 2550 προτρέψῃ
444 2480 578 2550 πρὸς
609 2479 812 2541 ἐκεῖνα,
846 2479 934 2532 διὰ
978 2478 1034 2530 δὲ
1068 2479 1164 2534 τοῦ
1195 2479 1527 2549 ταλανισμοῦ
1566 2482 1704 2534 ἀπο-

120 2569 298 2640 τρέψῃ
328 2572 392 2622 ὲκ
423 2571 536 2642 (27)
593 2569 839 2624 τούτων.·
909 2570 1202 2634 πλουσίους
1239 2571 1296 2623 δὲ
1346 2570 1458 2641 (28)
1489 2571 1584 2625 νῦν
1613 2573 1701 2626 λέ-

121 2673 252 2728 γει,
295 2663 422 2725 τοὺς
462 2663 834 2731 ἀμεταδότους
863 2697 881 2725 ,
932 2661 1060 2723 τοὺς
1132 2664 1571 2731 προστετηκότας
1625 2665 1702 2736 τῷ

121 2753 364 2821 πλούτῳ,
420 2745 549 2817 τοὺς
612 2754 800 2818 κακῶς
863 2751 1250 2816 πλουτοῦντας.
1296 2753 1575 2824 ’Λπέχετε
1619 2754 1700 2822 δὲ,

122 2847 249 2899 ἀντὶ
281 2845 398 2912 τοῦ,
442 2845 808 2899 ’Δπεντεῦθεν
837 2844 1012 2915 ἔχετε.

194 2931 344 2991 Οὐαί
396 2965 466 2977 --
529 2935 872 2992 πεινάσετε.
929 2937 992 2990 οι
1056 2937 1486 3006 κεκορεσμένοι.
1555 2938 1700 2993 κατὰ

120 3030 213 3083 τὸν
251 3030 499 3101 παρόντα
536 3028 672 3098 βίον,
717 3030 799 3082 ὅτι
854 3028 1169 3095 πεινάσετε,
1227 3032 1368 3084 κατὰ
1423 3031 1515 3086 τὸν
1565 3032 1697 3102 μέλ-

119 3122 304 3187 λοντα,
351 3121 624 3193 μηδεμιᾶς
671 3122 794 3174 ικεῖ
821 3121 1166 3192 παρηγορίας
1197 3122 1587 3186 ἀπολαύοντες.

197 3211 342 3266 Οὐαί
377 3239 448 3251 --
476 3211 799 3265 κλαύσετε.
835 3208 900 3264 0t
928 3210 1200 3278 γελῶντες
1223 3211 1320 3265 νῦν
1349 3213 1691 3279 ἀκολάστως,

120 3302 206 3359 ὅτι
236 3304 502 3359 κλαύσετε
532 3304 679 3365 τότε,
732 3303 1109 3371 κολαζόμενοι.
1189 3305 1470 3368 Ἐπίτασις
1501 3306 1558 3360 δὲ
1599 3306 1695 3360 τοῦ

121 3394 355 3459 πένθους
380 3395 409 3448 ὁ
439 3393 738 3464 κλαυθμός.
767 3396 838 3448 Ἦ
879 3395 1074 3459 πένθος
1101 3395 1220 3464 μὲν,
1239 3396 1266 3448 δ
1294 3394 1416 3449 καθ’
1440 3397 1686 3467 ἡσυχίαν

119 3489 320 3562 θρῆνος
343 3506 358 3521 ο
393 3487 672 3556 κλαυθμὸς
694 3487 774 3554 δι,
821 3488 849 3540 ὀ
870 3487 1220 3553 ἐξάκουστος.

192 3578 342 3633 οὐαί
369 3575 785 3645 --ἄνθρωποι⁶
837 3579 1058 3642 Κακοὺς
1104 3577 1304 3644 ὄντας·
1365 3583 1504 3637 Οὐαὶ
1544 3583 1696 3652 ὑμῖν,

121 3671 314 3740 φησιν,
387 3671 516 3724 ὅταν
556 3669 957 3740 εὐφημήσωσιν
999 3671 1183 3738 ὑμᾶς,
1233 3671 1309 3736 ὡς
1362 3674 1698 3745 ἀρέσκοντας

119 3765 306 3826 αὐτοῖς
359 3761 454 3816 καὶ
516 3761 578 3816 οὐ
625 3761 705 3832 τῷ
775 3761 914 3832 Θεῷ.
979 3763 1192 3834 ’Ὥσπερ
1249 3765 1359 3835 γὰρ
1423 3767 1697 3838 μακάριος

116 3857 145 3908 δ
175 3854 378 3917 ἀδίκως
422 3851 778 3923 ὑδριζόμενος
797 3867 811 3882 ο
846 3853 988 3908 οὕτω
1032 3855 1196 3910 πάλιν
1230 3856 1414 3921 tam;
1444 3860 1472 3912 ὁ
1496 3859 1698 3923 ἀδίκως

113 3945 181 4002 αὖ
193 3963 262 4013 φη
271 3945 369 4014 μού
379 3961 560 4014 μενος.

192 4037 354 4092 Κατὰ
381 4066 453 4078 --
472 4031 692 4094 αὐτῶν.
727 4035 888 4089 Κατά
938 4035 1137 4103 ταῦτα,
1164 4037 1367 4102 εττουν,
1408 4039 1698 4108 ὡσαύτως,

119 4129 512 4202 εὐφημοῦντας
575 4128 812 4193 αὐτοὺς,
855 4127 930 4192 ὡς
983 4129 1121 4200 πρὸς
1182 4131 1478 4201 ἀρέσκειαν
1519 4133 1700 4189 αὐτῶν

121 4217 584 4295 προφητεύοντες.

205 4315 368 4370 Ἀλλ’
394 4345 464 4356 —-
492 4315 844 4372 ἀκούουσιν.
877 4318 1000 4379 Τοῖς
1023 4315 1368 4386 πειθομένοις
1401 4334 1516 4389 μοι.

1739 1819 1787 1877 Β

1823 597 2060 652 cunque.
2101 582 2207 638 Sed
2241 586 2325 639 vel
2358 601 2457 655 pro
2489 589 2603 642 suis
2636 590 2875 658 peccatis
2923 592 3009 646 vel
3039 607 3138 662 pro
3168 594 3400 650 aliorum

1821 671 2212 727 atllictionibus
2259 689 2276 728 :
2325 685 2402 738 et.
2458 685 2518 731 ut
2548 694 2658 732 uno
2707 679 2987 734 absolvam
3056 681 3246 744 verbo,
3307 685 3402 751 qui

1823 765 2131 818 secundum
2163 764 2329 819 Deum
2357 766 2508 822 ﬂent.
2537 767 2599 822 Hi
2631 780 2814 824 autem
2842 772 2897 823 in
2933 771 3117 826 futuro
3142 774 3403 829 ridebunt

1820 856 2039 920 saeculo,
2077 857 2180 911 hoc
2231 867 2333 922 est,
2381 860 2736 928 spirituatiter
2807 863 3157 933 gaudebunt;
3215 866 3398 935 gaudii

1819 947 1963 1001 enim
2000 949 2212 1018 signum
2247 958 2329 1004 cst
2360 951 2523 1006 risus.

1890 1037 2044 1094 νει-α.
2075 1040 2165 1093 22.
2210 1040 2363 1096 Beati
2392 1068 2462 1082 -ι
2483 1044 2730 1097 hominis.
2767 1043 2907 1098 Cum
2957 1044 3217 1114 pmdicta
3250 1047 3401 1102 vobis

1823 1128 2076 1195 fecerint,
2119 1144 2227 1183 non
2294 1140 2518 1200 propter
2577 1132 2798 1200 aliquod
2865 1131 3089 1194 malum,
3137 1133 3280 1201 quod
3344 1133 3400 1188 in

1819 1220 1972 1274 vobis
2022 1221 2112 1285 sit,
2165 1221 2259 1274 sed
2312 1231 2536 1292 propter
2573 1237 2699 1286 me,
2749 1231 2804 1277 et
2842 1223 2970 1290 quia
3014 1238 3110 1278 vos
3162 1225 3268 1278 mei
3309 1238 3399 1278 es-

1818 1310 1909 1364 tis.

1884 1403 2042 1456 Vera.
2092 1401 2183 1455 25.
2227 1401 2463 1460 Gaudete
2510 1432 2576 1446 —
2619 1403 2783 1458 calo.
2833 1402 3079 1459 Gaudete
3134 1403 3399 1474 spiritua-

1817 1493 1965 1548 liter.

1887 1584 2045 1640 Vers.
2110 1585 2202 1640 25.
2255 1583 2558 1640 Secundum
2593 1615 2663 1625 —
2697 1602 2899 1639 eorum.
2949 1585 3266 1642 Secundum
3323 1603 3390 1643 ea

1813 1690 1934 1744 qua:
1965 1675 2110 1730 dicta
2143 1683 2293 1740 sunt,
2335 1685 2465 1745 puta
2494 1675 2622 1728 odio
2657 1676 2943 1740 habentes,
2974 1687 3026 1730 ct
3060 1686 3390 1746 separantes

1815 1767 1932 1821 sive
1986 1776 2334 1838 segregantes
2369 1781 2492 1821 sese
2530 1766 2599 1821 ab
2632 1767 2761 1828 illis.
2796 1776 2852 1821 et
2878 1777 3093 1832 caetera,
3148 1782 3267 1837 quae
3316 1784 3398 1824 se.

1815 1866 2078 1926 quuntur.
2131 1856 2324 1911 Patres
2367 1866 2551 1910 autem
2605 1871 2818 1922 eorum,
2865 1864 2992 1926 puta
3052 1855 3392 1924 Judaaorum,

1816 1944 1908 2015 qui
1945 1946 2100 2000 vobis
2132 1947 2249 2000 haec
2281 1944 2474 1999 facturi
2501 1955 2650 2000 sunt.

1889 2039 2040 2094 Vers.
2060 2038 2151 2092 24.
2183 2039 2549 2092 Verumtamen
2567 2065 2632 2076 —
2650 2046 2902 2093 vestram.
2941 2036 3235 2108 Postquam
3263 2039 3394 2094 bea-

1813 2128 2038 2183 tiﬁcavit
2068 2141 2336 2198 pauperes
2380 2137 2437 2182 et
2463 2126 2768 2180 esurientes
2816 2142 2880 2182 ac
2927 2125 3139 2189 ﬂentes,
3169 2135 3223 2182 et
3267 2127 3393 2181 odio

1814 2219 2026 2273 habitos
2059 2232 2125 2272 ac
2173 2225 2510 2286 segregatos,
2556 2213 2975 2284 opprobriisque
3015 2228 3078 2268 ac
3129 2215 3394 2269 conviciis

1811 2319 2034 2381 propter
2090 2325 2150 2366 se
2210 2308 2479 2373 aﬂectos,
2541 2308 2791 2378 deplorat
2845 2306 3106 2374 deinceps
3149 2321 3245 2362 eos
3297 2305 3389 2377 qui

1810 2403 2088 2456 contrario
2121 2401 2283 2456 modo
2315 2415 2372 2455 se
2413 2399 2637 2462 habent,
2680 2408 2739 2454 ut
2769 2413 2868 2468 per
2927 2397 3390 2454 beatiﬁcationem

1809 2493 1876 2547 ad
1907 2493 1995 2547 illa
2037 2492 2376 2554 adhortetur,
2411 2504 2507 2560 per
2532 2489 2964 2558 deplorationcm
3025 2503 3153 2543 vero
3205 2488 3272 2543 ab
3301 2489 3386 2551 his

1807 2594 2035 2640 avertat.
2072 2583 2274 2637 Divites
2319 2590 2502 2635 autem
2548 2581 2680 2634 dicit
2709 2595 2856 2635 nunc
2901 2595 3116 2644 avaros,
3176 2579 3385 2634 divitiis

1809 2678 2230 2739 intabescentes,
2281 2672 2530 2740 maleque
2578 2671 2937 2725 tabescentes.
3002 2670 3261 2740 ’Antxete
3292 2686 3394 2725 au-

1809 2781 1942 2833 tem,
1982 2764 2363 2834 Habetis,_sive
2387 2764 2622 2834 Aufertis
2653 2771 2816 2818 sonat
2842 2776 2858 2816 :
2891 2762 2978 2818 vel
3021 2762 3089 2817 ab
3118 2763 3221 2817 hoc
3247 2772 3390 2818 tem-

1805 2872 1958 2931 pore,
1991 2857 2105 2912 siie
2133 2855 2202 2909 ab
2239 2832 2379 2924 ipsis
2419 2832 2628 2907 divitiis
2652 2852 2928 2921 accipitis.
3241 2926 3253 2936 ο

1877 2952 2036 3006 Vers.
2074 2949 2166 3004 25.
2206 2946 2296 3002 Vw
2320 2975 2391 2988 —
2423 2947 2685 3001 esurietis.
2724 2944 2829 3010 Qui
2869 2948 3098 2999 saturati
3139 2945 3274 3000 estis
3332 2946 3385 3000 in

1805 3042 2057 3115 prmsenti
2115 3039 2248 3103 vita,
2283 3037 2410 3108 quia
2449 3037 2709 3092 esurietis
2773 3035 2830 3090 in
2891 3035 3095 3103 futura,
3148 3051 3221 3091 ne
3279 3053 3386 3092 una

1721 3162 1769 3226 ρ
1802 3137 2023 3208 quidem
2053 3129 2429 3189 consolatione
2460 3127 2725 3182 fruentes.

1873 3230 2031 3284 Vers.
2061 3225 2152 3280 25.
2196 3221 2287 3277 Vw
2319 3247 2390 3263 --
2412 3219 2624 3288 ﬂebitis.
2672 3217 2774 3284 Qui
2797 3218 2983 3273 ridetis
3014 3235 3164 3275 nunc
3190 3219 3386 3274 immo-

1796 3324 2002 3384 derate,
2029 3317 2155 3387 quia
2184 3312 2404 3368 ﬂebitis.
2425 3310 2665 3364 Intentio
2690 3319 2872 3364 autem
2898 3310 3070 3379 ipsius
3094 3311 3274 3365 luctus
3301 3321 3386 3365 est

1796 3409 1973 3473 ﬂetus,
2001 3415 2096 3461 aut
2125 3405 2303 3458 luctus
2350 3409 2432 3455 est
2465 3400 2627 3454 tacita
2680 3399 3017 3465 lamentatio,
3052 3399 3212 3455 ﬂetus
3255 3416 3384 3455 vero

1797 3520 1860 3559 ea
1895 3517 2018 3571 qua:
2045 3497 2286 3554 auditur.

1867 3596 2021 3650 Vers.
2066 3592 2158 3650 26.
2191 3591 2644 3647 Vat—homines.
2700 3583 2837 3640 Cum
2893 3582 3018 3636 mali
3065 3581 3228 3637 sitis:
3292 3581 3384 3637 Va:

1796 3686 1973 3750 vobis.
2007 3685 2207 3756 inquit,
2241 3699 2365 3740 cum
2416 3677 2759 3736 laudaverint
2802 3689 2919 3737 vos,
2971 3683 3229 3743 tanquam
3276 3673 3382 3728 illis

1797 3781 2078 3850 placentes
2105 3786 2160 3833 et
2185 3791 2295 3833 non
2345 3774 2477 3830 Deo.
2537 3769 2695 3825 Sicut
2738 3767 2887 3822 enim
2924 3765 3117 3820 beatus
3154 3771 3257 3830 est,
3289 3763 3382 3834 qui

1802 3873 2003 3940 iniuste
2035 3869 2382 3927 contumeliis
2424 3863 2674 3927 afﬁcitur,
2707 3858 2781 3912 ita
2812 3873 3030 3913 rursum
3061 3858 3247 3911 ‘miser
3275 3863 3382 3920 est,

1800 3964 1894 4035 qui
1935 3964 2137 4034 injuste
2168 3961 2443 4016 laudatur.

1875 4055 2030 4111 Vera.
2063 4053 2154 4109 26.
2185 4052 2485 4107 Secundum
2521 4077 2594 4092 -ο
2623 4065 2828 4104 eorum.
2881 4040 3194 4100 Secundum
3242 4038 3382 4103 bare,

1802 4145 2058 4202 videlicet
2086 4144 2279 4200 eodem
2317 4143 2480 4198 modo
2511 4140 2819 4202 laudantes,
2869 4147 3128 4205 tanquam
3175 4129 3243 4184 ad
3277 4130 3380 4184 be-

1801 4237 2133 4308 neplacitum
2162 4250 2320 4290 suum
2351 4233 2767 4304 prophetantes.

1873 4328 2028 4383 Vera.
2065 4325 2156 4380 27.
2187 4322 2291 4380 Sed
2317 4321 2619 4375 -—-attditis.
2655 4317 2760 4384 Qui
2806 4317 2939 4372 mibi
2989 4314 3276 4372 assentitis
3323 4323 3380 4370 et

1804 4417 2124 4472 obedientes
2157 4414 2311 4469 estis.

204 4509 501 4579 ’Λγαπᾶτε
537 4540 604 4554 -
642 4511 828 4582 ὑμῶν.
861 4507 998 4567 Eine
1027 4513 1189 4566 τοῦτο
1236 4513 1333 4566 καὶ
1363 4513 1421 4566 ὲν
1451 4512 1530 4584 τῷ
1556 4514 1698 4586 πέμ-

1883 4506 2039 4561 Vers.
2092 4506 2184 4560 27.
2237 4503 2793 4574 Ditigite—vestros.
2848 4498 2995 4554 Dixit
3023 4498 3125 4553 hoc
3165 4510 3390 4567 quoque

120 4621 245 4674 πτῳ
277 4601 558 4671 κεφαλαίῳ
581 4602 677 4655 τοῦ
704 4603 846 4657 κατὰ
867 4603 1174 4668 Ματθαίον,
1218 4603 1350 4658 ἱνθα
1403 4608 1580 4659 κεῖται
1609 4607 1698 4658 τόο

131 4695 459 4750 Ἠκούσατε
494 4692 584 4748 ὅτι
609 4693 819 4763 ὲρῤἐθη
852 4708 868 4723 ⁶
916 4694 1277 4763 Ἀγαπήσεις
1306 4695 1412 4749 τὸν
1435 4699 1704 4765 πλησίον

119 4805 261 4851 σου,
286 4786 382 4840 καί
401 4785 686 4855 μισήσεις
713 4785 821 4840 τὸν
851 4786 1067 4855 ἐχθρόν
1086 4801 1222 4840 σου.

195 4873 406 4942 Καλῶς
451 4875 671 4930 ποιεῖτε
725 4906 794 4920 -
853 4876 1029 4947 ὑμᾶς.
1089 4878 1198 4930 Καὶ
1241 4879 1362 4932 ἐκεῖ
1412 4880 1585 4936 ταῦτα
1618 4883 1692 4936 sl-

123 4990 285 5047 ρηκε.

201 5061 288 5128 Τῷ
315 5062 599 5116 τύπτοντι
620 5087 689 5100 --
720 5057 1026 5125 κωλύσῃς.
1074 5059 1164 5111 Ἐν
1190 5057 1384 5129 ἐκείνῳ
1408 5059 1488 5130 τῷ
1525 5079 1700 5131 κεφα.

125 5155 268 5227 λαίφ
319 5155 559 5225 ζήτησον
603 5153 698 5205 καὶ
753 5150 854 5222 τὴν
885 5149 1092 5204 τούτων
1124 5150 1406 5221 ἐξήγησιν,
1455 5154 1558 5222 trp’:
1588 5153 1698 5208 τῶν

121 5247 452 5318 εἰρημένων,
482 5245 608 5298 ἔνθα
643 5246 819 5297 κεῖται
846 5243 928 5296 τό⁶
947 5242 1280 5297 Ἠκούσατε
1307 5242 1398 5296 ὅτι
1428 5244 1638 5312 appear;
1680 5260 1697 5276 ο

133 5332 482 5404 Ὀφθαλμὸν
557 5332 691 5387 ἀντὶ
742 5329 1076 5401 ὀφθαλμοῦ,
1130 5328 1232 5384 καί
1286 5330 1506 5388 ὀδόντα
1563 5333 1699 5388 ἀντὶ

120 5427 353 5487 ἣδοντος.

195 5565 240 5598 ⁸⁸
268 5562 460 5619 Μαίη).
491 5579 546 5630 v,
570 5563 657 5617 43.
770 5563 812 5595 ³¹
853 5563 987 5619 ibid.
1018 5563 1112 5622 '58.

1804 4602 1987 4671 capite
2015 4599 2204 4670 quinto
2244 4593 2524 4671 Evangelii
2571 4591 2872 4646 secundum
2928 4591 3261 4655 Matthatum,
3290 4589 3382 4642 ubi

1804 4670 2084 4746 habetur:
2130 4670 2389 4751 Audistis,
2413 4684 2552 4756 quod
2596 4683 2793 4735 dictum
2819 4683 2913 4743 sit.
2969 4680 3166 4751 Diliges
3202 4680 3385 4750 proxi-

1803 4804 1950 4843 mum
1989 4795 2159 4852 tuum,
2211 4793 2260 4839 et
2300 4787 2419 4838 odio
2448 4776 2666 4838 habebis
2699 4781 2976 4834 inimicum
3025 4787 3176 4830 tuum
3201 4776 3271 4830 “.

1873 4879 2028 4935 Vers.
2060 4877 2151 4932 27.
2177 4876 2475 4949 Benefacite
2497 4903 2571 4918 —
2593 4875 2752 4932 Vers.
2776 4869 2869 4924 28.
2915 4884 3026 4935 vos,
3059 4866 3187 4923 Haec
3215 4866 3387 4920 etiam

1803 4971 1877 5026 ibi
1909 4969 2070 5024 dixit.

1875 5063 2124 5119 Vers.29.
2172 5061 2498 5118 Percutienti
2525 5088 2591 5100 —-
2616 5055 2968 5127 prohibueris.
2999 5051 3058 5106 In
3083 5049 3176 5105 illo
3205 5048 3390 5117 capite

1801 5153 1967 5207 etiam
1997 5153 2191 5208 horum
2236 5165 2421 5222 quaere
2454 5147 2885 5209 enarrationem,
2922 5143 3013 5197 ubi
3061 5147 3190 5194 ante
3237 5153 3392 5207 pra:-

1798 5245 1942 5301 dicta
1981 5246 2216 5301 habetur
2250 5262 2265 5300 :
2312 5245 2569 5308 Audistis,
2599 5246 2736 5311 quod
2762 5239 2963 5293 dictum
2995 5234 3066 5291 sit
3104 5248 3124 5290 .'
3155 5229 3389 5287 Oculum

1797 5353 1891 5406 pro
1922 5338 2096 5403 oculo,
2129 5339 2335 5394 dentem
2358 5354 2454 5408 pro
2483 5337 2635 5391 dente
2662 5334 2732 5388 ".

1324 5628 1522 5692 Varia:
1554 5628 1852 5692 lectiones
1884 5637 1946 5692 et
1986 5637 2176 5693 notas.

361 5757 806 5828 Ἀγαλλιάσθητε.
840 5756 879 5811 Α
891 5799 906 5811 .

348 5825 512 5888 Forte
535 5828 661 5884 ἀπό.
703 5825 932 5887 Prorsus
962 5826 1152 5885 abesse
1191 5833 1401 5898 poterat
1431 5825 1515 5881 ὲκ.

197 5757 314 5897 ἓξὲξ

1886 5755 1995 5827 ('28)
2026 5758 2092 5808 Δε
2127 5754 2275 5833 λέγει
2302 5752 2418 5809 νῦν.
2445 5751 2506 5807 Βι
