4078 6394
170 374 288 442 937

1117 372 1510 433 COMMENT.
1555 369 1637 431 ΙΝ
1679 365 1958 428 LUCAM.
1999 390 2069 403 ·-
2107 365 2267 426 CAP.
2309 363 2471 428 VIII.

3341 363 3447 424 938

252 480 476 534 Γένοιτο
506 481 563 534 δὲ
593 481 688 535 καὶ
719 481 818 554 τὴν
853 480 992 552 ἐμήν
1022 481 1250 550 πόρνην,
1305 479 1446 550 ἦτοι,
1475 479 1576 550 τὴν
1617 477 1774 548 φιλή-

1952 475 2169 531 Utinam
2208 483 2390 531 autem
2419 474 2779 545 contingeret,
2810 481 2869 528 ιιι
2901 482 2958 528 et
2986 472 3172 528 anima
3198 489 3318 530 mea
3338 474 3450 530 lor-

170 569 340 622 δονόν
379 587 482 639 μου
511 571 692 641 ψυχὴν
728 573 1084 642 μετανοῆσαι,
1119 572 1213 624 καὶ
1242 571 1512 634 δάκρυσιν
1531 568 1767 623 ἀπολού-

171 661 500 731 σασθαιτὴν
524 662 790 716 δυσωδίαν
825 663 918 716 τοῦ
945 662 1206 734 βορὸόρου
1238 663 1337 731 τῆς
1367 659 1772 731 ἁμαρτίας,καὶ

171 755 560 821 προσαγαγεῖν
593 753 673 824 τῷ
701 753 822 826 Θεῷ
856 753 1083 806 εὐωδίαν
1111 752 1282 824 μύρου
1310 752 1536 824 ἀρετῆς.

252 927 368 980 Καὶ
426 927 668 997 ἐγένετο
711 958 782 969 -
833 928 941 982 τοῦ
998 929 1169 984 Θεοῦ.
1221 927 1622 996 Καταγγέλλων
1675 928 1774 998 τὴν

171 1020 488 1072 ἀπόλαυσιν
527 1022 627 1090 τὴν
674 1020 845 1083 θείαν,
885 1019 984 1092 τὴν
1024 1022 1331 1075 ἀνάπαυσιν
1359 1018 1455 1091 τὴν
1479 1019 1668 1086 ἀΐδιον,
1691 1020 1774 1072 ὅτι

167 1107 482 1180 δεῗῶρηται
515 1113 626 1171 τοῖς
651 1111 1001 1166 πιστεύουσιν
1025 1115 1104 1173 είς
1125 1113 1309 1166 αὐτόν.

245 1202 364 1256 Καὶ
402 1231 470 1242 --
496 1202 675 1268 αὐτῷ.
697 1187 943 1275 Συνῆσαν
965 1205 1138 1275 αὐτῷ.

247 1296 365 1349 Καὶ
416 1296 700 1364 γυναῖκες
744 1328 812 1338 --
851 1297 1083 1362 αὑταῖς.
1133 1297 1600 1368 Εὑεργετηθεῖσαι
1641 1298 1773 1368 γὰρ,

165 1387 281 1438 οὐκ
327 1387 647 1457 ἀπέστησαν
677 1389 772 1442 ἀπ’
801 1390 988 1443 αὑτοῦ·
1030 1390 1305 1459 δαιμόνιαι
1340 1390 1396 1442 δὲ
1426 1390 1590 1456 ἑπτὰ,
1629 1390 1774 1453 τινὲς

165 1482 560 1551 ἡρμήνευσαν,
617 1483 744 1536 ἀντὶ
774 1483 892 1546 τοῦ,
919 1483 1110 1537 πολλά.
1137 1484 1377 1556 Σύνηθες
1397 1485 1508 1555 γὰρ
1551 1482 1776 1552 Ἑὸραί.

163 1588 280 1637 οις,
316 1573 457 1626 ἑπτὰ
497 1575 699 1642 λέγειν,
752 1576 820 1628 τὰ
865 1576 1055 1630 πολλά,
1105 1575 1430 1645 Ἐπίτροπον
1485 1575 1543 1628 δὲ
1602 1573 1778 1645 Ἠρώ-

166 1665 266 1717 δου
300 1665 411 1736 (42)
439 1666 554 1720 νόει
584 1668 676 1720 τὸν
710 1668 1052 1739 ἐπιμελητὴν
1078 1670 1170 1722 καὶ
1195 1668 1478 1739 οἰκονόμον
1504 1667 1614 1721 τῶν
1641 1684 1779 1737 πρα-

163 1773 206 1824 γ
214 1757 412 1826 μάτων
461 1758 652 1816 αὐτοῦ.

235 1960 395 2014 ΚΕΦ.
437 1960 567 2016 ΚΒ’.
596 1961 734 2029 Περὶ
775 1960 885 2029 τῆς
919 1959 1271 2028 παραϐολῆς
1294 1959 1400 2013 τοῦ
1435 1959 1692 2027 σπόρου.

247 2054 559 2118 Συνόντος
581 2051 731 2105 δὲ-
755 2051 1382 2106 ἑκατονταπλασίονα.
1410 2051 1545 2121 Περὶ
1570 2050 1775 2121 ταύτης

165 2143 282 2211 τῆς
328 2144 651 2215 παραϐολῆς
684 2144 779 2197 τοῦ
826 2145 1028 2216 σπόρου
1071 2143 1411 2213 πλατύτερον
1441 2144 1469 2194 ὁ
1496 2141 1776 2204 Ματθαίος

171 2239 476 2308 ίστόρησεν
508 2240 566 2291 iv
595 2239 673 2309 τῷ
698 2237 933 2308 εἰκοστῷ
969 2238 1216 2308 τετάρτῳ
1253 2235 1536 2305 κεφαλαίῳ
1586 2233 1773 2289 αὑτοῦ.

169 2330 294 2382 Καὶ
327 2331 564 2400 ζήτησον
597 2331 658 2383 ἐν
683 2329 877 2400 ἐκείνῳ
920 2328 1278 2400 περὶτούτων
1316 2326 1560 2381 πάντων.

258 2421 454 2475 Ταῦτα
491 2453 558 2462 -—
581 2422 873 2477 ἀκουέτω.
916 2423 1005 2475 Ἐν
1039 2421 1234 2490 ἐκείνῳ
1279 2421 1375 2472 καὶ
1409 2421 1540 2488 περὶ
1580 2415 1774 2470 τούτου

173 2513 430 2582 εἴρηται.

267 2603 628 2671 Ἐπηρώτων
657 2629 728 2646 -—
752 2599 927 2658 Θεοῦ.
971 2603 1204 2674 Ὁμοίως
1239 2601 1358 2655 και
1382 2601 1512 2672 περὶ
1548 2598 1773 2654 τούτων.

254 2784 390 2850 Τοῖς
437 2785 506 2838 δὲ
535 2785 775 2852 λοιποῖς
803 2814 869 2824 -
897 2784 1291 2854 παραϐολαῖς.
1343 2785 1399 2836 '0
1447 2782 1506 2837 δὲ
1545 2783 1776 2854 Μάρκος

175 2877 395 2948 ἔγραψε
428 2879 784 2946 σαφέστερον,
814 2875 1008 2943 λέγων’
1027 2876 1316 2941 Ἐκεινοις
1340 2874 1409 2926 δὲ
1431 2874 1556 2942 τοῖς
1578 2874 1692 2939 ἔξω
1708 2875 1778 2926 ἐν

173 2968 560 3036 ,παραϐολαῖς
573 2970 642 3022 τὰ
665 2967 862 3020 πάντα
879 2969 1124 3036 γίνεται.
1151 2967 1261 3020 Καὶ
1279 2967 1514 3035 ζήτησον
1530 2967 1628 3036 τὴν
1648 2965 1773 3018 τού-

176 3077 296 3112 των
329 3059 591 3129 ὲξὴγησιν
619 3061 674 3111 ἐν
705 3059 779 3128 τῷ
801 3060 976 3128 ἐνάτῳ
1012 3057 1295 3127 κεφαλαίῳ
1322 3054 1510 3108 αὑτοῦ.

1872 566 2099 631 nicaria,
2128 567 2245 622 sive
2273 567 2617 637 voluptatum
2652 564 2906 632 amatrix,
2945 565 3267 635 poenitentia
3315 582 3456 637 pun-

1873 668 2111 729 geretur,
2151 659 2480 730 etlacrymis
2507 659 2754 712 ablueret
2785 657 3035 712 fauorem
3097 657 3273 728 ipsius
3324 673 3456 728 pec-

1872 751 2002 814 eati,
2031 767 2095 805 ac
2128 766 2350 805 suavem
2381 751 2448 806 ad
2482 749 2651 805 Deum
2681 748 2920 804 deferret
2941 748 3163 804 odorem
3192 747 3456 822 unguenti

1875 841 2051 911 ipsius
2078 842 2321 897 virtutis.

1948 933 2100 989 CAP.
2127 933 2271 988 Vill.
2298 933 2454 988 Vers.
2483 941 2528 989 ι.
2549 931 3058 1003 tactumque—Dei.
3093 931 3454 1001 Denuntians,

1873 1026 2018 1096 quod
2055 1025 2241 1079 fruitio
2271 1025 2478 1088 divina,
2523 1025 2854 1094 requiesque
2909 1023 3243 1093 sempiterna
3282 1023 3456 1078 dona-

1874 1127 2066 1174 rentur
2095 1118 2148 1171 in
2179 1116 2355 1187 ipsum
2389 1115 2757 1170 credentibus.

1943 1213 2098 1267 γει-ε.
2126 1210 2178 1266 1.
2213 1209 2281 1264 Et
2308 1240 2372 1252 —
2398 1225 2479 1262 eo.
2511 1208 2689 1264 Simul.
2713 1215 2875 1263 erant
2907 1221 3034 1262 eum
3081 1221 3169 1262 eo.

1947 1301 2104 1360 Vers.
2149 1301 2205 1353 2.
2253 1301 2330 1352 Ac
2384 1298 2628 1352 mulieres
2674 1327 2746 1338 —
2792 1298 2948 1354 Vers.
3004 1298 3060 1352 ὅ.
3117 1299 3247 1353 suis.
3320 1298 3457 1354 Cum

1875 1390 2023 1445 enim
2072 1387 2350 1444 beneﬁciis
2379 1390 2448 1444 ab
2484 1405 2550 1445 eo
2595 1388 2804 1444 aﬂ‘ecta:
2831 1397 3041 1452 essent,
3080 1404 3191 1444 non
3243 1388 3458 1446 disces-

1876 1481 2153 1536 seruntab
2218 1495 2307 1535 eo.
2352 1479 2574 1549 Septem
2601 1479 2866 1534 daemonia
2898 1478 3118 1548 quidam
3151 1494 3249 1548 pro
3272 1479 3460 1534 multis

1877 1571 2325 1640 interpretantur.
2343 1571 2680 1625 Consuetum
2695 1580 2778 1624 est
2789 1585 3024 1639 namque
3036 1569 3181 1640 apud
3199 1570 3459 1627 Hebraeos

1877 1675 2087 1735 septem
2144 1678 2364 1727 vocare,
2413 1679 2536 1734 quae
2593 1663 2764 1717 multa
2817 1672 2968 1717 sunt.
3032 1661 3455 1719 Procuratorem

1881 1771 2010 1811 VU'O
2041 1753 2275 1811 Herodis
2298 1755 2537 1827 intellige
2565 1768 2914 1810 (economum
2938 1762 2994 1809 et
3017 1753 3459 1825 dispensatorem

1811 1823 1852 1876 Β
1879 1862 2064 1901 rerum
2091 1846 2283 1917 ipsius.

2115 1959 2271 2014 CAP.
2313 1956 2482 2013 XXII.
2511 1958 2584 2011 De
2618 1960 2913 2012 seminante
2939 1958 3222 2026 parabola.

1950 2051 2106 2106 Vers.
2134 2053 2188 2107 4.
2225 2051 2361 2106 Cum
2393 2054 2571 2104 autem
2601 2048 3152 2104 conveniret—Vera.
3198 2049 3253 2104 8.
3278 2057 3463 2103 centu-

1875 2143 2041 2212 plum.
2081 2142 2158 2197 De
2214 2143 2316 2198 hac
2374 2141 2641 2198 sementis
2693 2140 2954 2211 parabola
2996 2140 3161 2195 latius
3211 2140 3462 2212 scrispsit

1878 2230 2169 2288 Matthmus
2203 2232 2470 2288 vicesimo
2503 2239 2704 2301 quarto
2756 2228 2983 2300 capite;
3035 2237 3092 2284 et
3142 2228 3219 2283 ibi
3269 2229 3339 2284 de
3373 2229 3461 2284 bis

1878 2325 2131 2380 omnibus
2171 2338 2377 2395 quare.

1948 2415 2104 2470 Vere.
2148 2416 2202 2472 8.
2233 2415 2362 2471 Haec
2387 2441 2460 2455 -—-
2480 2415 2693 2472 audiat.
2724 2413 2802 2469 De
2828 2414 2916 2469 his
2945 2411 3115 2470 etiam
3145 2411 3218 2468 ibi
3252 2410 3463 2468 dictum

1877 2515 1984 2564 εει.

1949 2598 2106 2654 Vers.
2134 2599 2188 2656 9.
2220 2597 2632 2668 lnterrogabant
2655 2627 2726 2638 —
2745 2596 2901 2653 Vere.
2933 2597 3019 2653 10.
3046 2594 3166 2650 Dei.
3196 2593 3464 2651 Similiter

1878 2701 1934 2747 et
1967 2692 2036 2748 de
2065 2692 2169 2746 bis.

1947 2784 2104 2840 Vers.
2148 2783 2237 2839 1ὓ.
2279 2781 2496 2838 Ceteris
2534 2792 2714 2836 autem
2763 2811 2832 2821 -—
2885 2780 3182 2850 parabolis.
3247 2780 3464 2837 ﬂoreus

1877 2891 2009 2931 vero
2039 2874 2255 2946 planius
2286 2874 2533 2944 scripsit,
2575 2873 2767 2929 dicens
2796 2888 2811 2926 :
2849 2871 2947 2926 Uis
2980 2883 3182 2936 autem,
3215 2873 3305 2942 qui
3336 2874 3464 2941 {oris

1875 2977 2017 3032 sunt,
2049 2970 2105 3020 in
2133 2965 2403 3034 parabalt's
2439 2965 2616 3018 omnia
2645 2965 2798 3033 ﬁunt
2826 2963 2892 3016 ⁵⁸.
2929 2961 2998 3019 Ει
3038 2963 3234 3018 horum
3268 2980 3460 3034 quaere

1878 3057 2276 3127 expositionem
2305 3069 2450 3109 nono
2487 3055 2607 3125 ejus
2635 3053 2834 3121 capite.

259 3152 388 3204 Ἵνα
421 3173 480 3190 -ι
505 3150 823 3205 συνιῶσιν.
863 3151 949 3204 Ἐν
979 3148 1056 3213 τῷ
1076 3151 1303 3216 τοιούτῳ
1344 3145 1627 3217 κεφαλαίῳ
1667 3145 1765 3199 τοῦ

1945 3150 2101 3205 Vers.
2130 3148 2216 3201 10.
2249 3147 2311 3202 Ut
2339 3176 2406 3188 --
2437 3145 2766 3216 intelligant.
2807 3141 2885 3197 lbi
2929 3150 2988 3196 et
3026 3141 3142 3196 haec
3181 3139 3461 3196 declarata

178 3242 424 3312 Μάρκου
455 3244 548 3295 καὶ
582 3241 757 3294 ταῦτα
789 3240 1296 3311 διηρμηνεύθησαν.

262 3336 441 3386 Ἔστι
473 3333 900 3400 -παραϐολιι
942 3331 1123 3398 Αὕτη,
1166 3332 1288 3385 ἀντὶ
1341 3327 1458 3396 τοῦ,
1509 3327 1732 3396 τοιαύτη
1758 3365 1773 3390 ,

183 3425 332 3478 κατὰ
353 3428 454 3494 τὴν
480 3425 801 3494 ἑρμηνείαν.

273 3522 324 3583 ,Ο
355 3517 584 3582 σπόρος
607 3543 680 3557 -—
710 3513 881 3570 Θεοῦ.
942 3513 1003 3565 '0
1036 3513 1135 3582 τῆς
1187 3513 1446 3577 πίστεως,
1490 3515 1517 3565 ὁ
1548 3513 1778 3580 εὐαγγε-

184 3607 366 3667 λικός.

261 3702 332 3751 Ol
357 3698 426 3750 δὲ
455 3729 526 3738 -
553 3697 852 3754 σωθῶσιν.
901 3700 988 3751 Ἐν
1035 3699 1111 3767 τῷ
1150 3699 1367 3769 ῥηθέντι
1413 3701 1644 3772 εἰκοστῷ
1688 3720 1778 3755 τε-

185 3795 377 3863 τάρτῳ
415 3793 697 3863 κεφαλαίῳ
758 3793 924 3862 φησιν
983 3794 1010 3844 ὁ
1059 3794 1358 3855 Μκτθαίοςο
1407 3794 1489 3846 ὅτι
1544 3796 1781 3860 Παντὸς

185 3887 524 3951 ἀκούοντος
551 3886 858 3954 τὸνλόγον
883 3884 990 3953 τῆς
1019 3887 1367 3950 βασιλείας,
1398 3887 1496 3939 καί
1517 3887 1603 3956 μὴ
1626 3902 1779 3943 συν-

188 3978 408 4044 ιέντος,
443 3979 681 4047 ἔρχεται
728 3980 761 4031 ό
801 3978 1086 4046 πονηρὸς,
1136 3979 1234 4031 καὶ
1276 3977 1518 4044 ἁρπάζει
1559 3981 1624 4032 τὸ
1678 3981 1781 4034 ἐσ-

189 4069 504 4137 παρμένον
549 4068 619 4121 ἐν
669 4067 744 4136 τῇ
797 4069 1010 4136 καρδίᾳ
1046 4069 1255 4122 αὑτοῦ.
1305 4063 1494 4135 Οὗτός
1536 4070 1710 4124 ἐστιν
1749 4074 1784 4125 ὀ

191 4160 356 4228 παρὰ
401 4161 515 4227 τὴν
549 4161 688 4214 ὁδὸν
724 4162 998 4229 σπαρείς.
1037 4161 1147 4215 Καὶ
1196 4162 1468 4230 ἀνάγνωθι
1512 4163 1611 4236 τὴν
1655 4165 1784 4234 ὃλην

190 4250 403 4302 τούτων
424 4251 712 4320 ἐξήγησιν,
747 4252 838 4318 ἀφ’
879 4247 944 4322 ἦς
971 4251 1153 4321 ῥᾴδιον
1183 4252 1280 4305 καὶ
1305 4252 1372 4304 τὰ
1400 4255 1650 4323 παρόντα
1673 4255 1787 4307 δια-

191 4357 425 4408 γνωναι.

270 4435 336 4486 οι
374 4433 442 4484 δὲ
470 4433 572 4486 ἐπὶ
621 4434 732 4501 τῆς
766 4434 1007 4502 πέτρας.
1035 4433 1097 4486 (ll
1133 4433 1187 4486 δὲ
1223 4433 1366 4486 κατὰ
1416 4433 1513 4505 τὴν
1556 4434 1784 4504 πέτραν,

193 4526 336 4578 εἰσὶν
371 4519 539 4590 οὗτοι,
567 4525 827 4595 δηλονότι,
860 4527 986 4597 περ)⁹
1023 4520 1098 4581 ὧν
1132 4528 1267 4596 ἐρεῖ.

269 4618 338 4670 ΟΖ
370 4617 520 4673 ὅταν
568 4648 637 4659 -
684 4620 1066 4686 ἀφίστανται.
1117 4619 1204 4672 Ἐν
1224 4617 1302 4689 τῷ
1335 4619 1563 4689 τοιούτῳ
1613 4637 1786 4688 κεφα-

194 4709 336 4778 λαίῳ
365 4711 461 4762 καὶ
491 4710 620 4781 περὶ
645 4711 752 4764 τῶν
792 4711 1047 4765 τοιούτων
1079 4712 1356 4782 εὑρήσεις.

273 4803 344 4856 Τὸ
374 4802 441 4855 δὲ
477 4830 507 4840 -
527 4831 544 4840 -
573 4806 752 4856 εἰσιν.
791 4803 937 4856 Ἀντὶ
978 4805 1092 4871 τοῦ,
1114 4806 1171 4858 ὲν
1195 4804 1402 4868 τούτοις
1439 4803 1576 4859 ἐστί.
1603 4804 1787 4868 [Ιοίοις

195 4895 408 4957 τούτοις
426 4913 441 4961 ;
480 4895 649 4947 Ἀκου
658 4911 768 4948 σον.

265 4991 331 5041 Ol
398 5016 467 5028 --
532 4990 1030 5060 τελεσφοροῦσιν.
1106 4989 1254 5043 Ὑπὸ
1316 4989 1613 5060 μεριμνῶν
1681 4990 1779 5042 καί

196 5083 468 5136 πλούτου
515 5081 613 5134 καὶ
663 5081 918 5149 ἡδονῶν,
955 5083 1075 5135 ἀντὶ
1122 5084 1216 5134 τοῦ
1243 5123 1258 5148 ,
1308 5084 1447 5153 μετὰ
1504 5082 1783 5151 μεριμνῷν

198 5177 296 5228 καὶ
364 5174 597 5227 πλούτου
672 5179 765 5228 καὶ
833 5175 1037 5244 ἡδονῶν
1109 5176 1496 5245 πορευόμενοι,
1573 5175 1785 5236 show,

201 5263 637 5334 πολιτευόμενοι.
703 5265 791 5317 Ἐν
852 5266 1046 5334 ἐκείνῳ
1104 5267 1181 5332 δὲ,
1237 5269 1329 5317 καὶ
1389 5266 1522 5336 περὶ
1579 5265 1785 5317 τούτων

199 5359 433 5429 ὲρἔήθη·

275 5534 318 5568 ³⁸
354 5534 523 5590 Marc.
553 5551 628 5600 tv,
659 5536 748 5592 11.
823 5535 867 5568 ⁸⁸
899 5534 1089 5591 Matth.
1111 5541 1228 5601 xui,
1254 5534 1340 5591 19.

1817 4479 1863 4536 D

1879 3248 2026 3293 sunt.

1951 3329 2106 3384 Vers.
2138 3329 2226 3382 11.
2254 3326 2348 3382 Est
2368 3357 2432 3369 —-
2456 3326 2740 3394 parabola.
2768 3324 2914 3390 Haec,
2944 3324 2997 3380 id
3022 3334 3131 3390 est,
3157 3323 3283 3380 talis
3301 3323 3459 3394 juxta

1880 3417 2411 3486 interpretationem.

1950 3510 2106 3566 Vers.
2143 3510 2228 3564 II.
2259 3507 2450 3564 Semen
2486 3538 2549 3548 —
2582 3507 2698 3562 Dei.
2720 3505 2914 3562 Sermo
2945 3505 3463 3578 ﬁdeievangelicus.

1957 3699 2110 3753 Vers.
2146 3701 2235 3754 l2.
2287 3697 2389 3764 Qui
2429 3714 2546 3752 vero
2572 3725 2637 3738 -ι-
2667 3698 2801 3752 salvi
2838 3699 2991 3767 ﬁant.
3023 3697 3292 3753 Przedicto
3317 3698 3467 3754 vice-

1883 3793 2022 3847 simo
2051 3800 2247 3860 quarto
2278 3790 2457 3860 capite
2489 3789 2566 3843 ait
2592 3787 2882 3844 Mattbzeus
2907 3805 2920 3841 :
2952 3785 3086 3841 Cum
3113 3787 3283 3858 quivis
3308 3789 3468 3842 audi-

1885 3887 1953 3939 vit
1977 3887 2186 3939 verbum
2211 3884 2380 3951 regni,
2420 3898 2513 3937 nec
2542 3881 2835 3952 intelligit:
2863 3881 3003 3934 uenit
3045 3881 3138 3935 ille
3177 3880 3376 3944 malus,
3415 3891 3467 3935 et

1886 3978 2026 4046 rapit
2054 3982 2189 4046 quod
2208 3978 2527 4030 seminatum
2549 3984 2621 4029 est
2646 3975 2701 4026 in
2722 3972 2876 4026 corde
2903 3973 3066 4042 ipsius
3091 3988 3112 4036 ;
3134 3972 3217 4025 Itic
3250 3981 3348 4037 est,
3378 3972 3468 4042 qui

1883 4070 2039 4136 juxta
2083 4069 2222 4121 viam
2265 4065 2554 4121 seminatus
2598 4065 2697 4134 fuit
2739 4064 2808 4119 δ’.
2859 4063 2928 4118 Et
2982 4061 3098 4133 lege
3157 4062 3468 4117 universam

1887 4159 2105 4214 illorum
2155 4155 2556 4226 expositionem
2589 4193 2603 4218 ,
2649 4152 2796 4209 unde
2850 4159 2906 4206 et
2956 4150 3248 4221 praesentia
3308 4149 3470 4205 facile

1888 4254 1995 4307 erit
2019 4262 2378 4322 cognoscere.

1963 4437 2118 4492 Vers.
2161 4433 2246 4486 15.
2279 4430 2382 4496 Qui
2418 4445 2538 4484 vero
2567 4444 2723 4497 super
2747 4423 3089 4496 petram.Qui
3129 4423 3198 4479 ad
3229 4433 3470 4494 petram,

1893 4533 1949 4586 hi
1979 4538 2108 4583 sunt
2137 4525 2409 4591 videlicet,
2438 4523 2506 4577 de
2537 4522 2737 4591 quibus
2763 4519 3014 4574 dicturus
3042 4524 3146 4572 est.

1963 4621 2117 4675 Vers.
2151 4619 2236 4674 I3.
2275 4615 2377 4681 Qui
2407 4632 2526 4670 eum
2558 4613 2828 4666 recedunt.
2863 4610 3071 4664 Eodem
3102 4607 3282 4680 capite
3308 4608 3476 4664 etiam

1891 4716 2007 4770 haec
2040 4711 2304 4767 invenies.

1963 4808 2118 4860 Vers.
2154 4803 2240 4856 14.
2265 4801 2414 4866 Quod
2454 4810 2630 4854 autem
2651 4805 2877 4851 —sunt.
2903 4794 3016 4850 Hoc
3047 4804 3151 4860 est,
3175 4792 3231 4848 in
3250 4792 3338 4847 bis
3371 4801 3476 4848 est.

1893 4900 2158 4967 Qualibus
2191 4897 2323 4951 his?
2355 4895 2519 4951 Audi.

1968 4989 2217 5046 Vers.M.
2238 4987 2340 5053 Qui
2359 5017 2426 5027 --
2451 4987 2680 5056 referunt
2701 4986 2952 5055 fructum.
2975 4981 3090 5036 Sub
3107 4977 3482 5036 sollicitudini-

1894 5086 1997 5140 bus
2012 5094 2065 5138 et
2082 5083 2288 5138 divitiis
2305 5097 2367 5135 ac
2381 5080 2750 5150 voluptatibus
2770 5097 2786 5136 :
2807 5079 3003 5133 hocest
3016 5091 3138 5131 cum
3156 5074 3480 5131 sollicitudi-

1896 5179 2061 5233 nibus
2090 5186 2146 5231 et
2170 5175 2376 5231 divitiis
2397 5189 2462 5228 ac
2485 5173 2857 5243 voluptatibus
2895 5178 3092 5226 euntes
3118 5168 3232 5224 sive
3249 5183 3481 5224 convcr-

1899 5279 2104 5323 santes.
2136 5266 2192 5322 In
2223 5281 2289 5322 eo
2319 5266 2481 5321 etiam
2513 5264 2581 5320 de
2616 5264 2704 5318 his
2741 5263 2950 5320 dictum
2982 5269 3090 5317 est.

1432 5625 1634 5689 Varia)
1677 5625 1986 5690 lectiones
2021 5631 2082 5689 et
2112 5634 2300 5689 notas.

287 5798 402 5869 (ὁὲ)
445 5795 688 5867 Ἡρώδου
718 5800 894 5854 abest.
922 5801 986 5852 Δ.

528 5896 802 5955 ΡΑτιιοῐ..
849 5897 964 5956 Gn.
1011 5891 1268 5953 CXXIX.

3089 5875 3163 5937 30
