4084 6406
203 381 314 444 919
1197 387 1583 450 COMMENT.
1630 387 1708 447 ΙΝ
1751 383 2028 446 LUCAM.
2065 409 2135 420 ··-
2173 385 2329 444 CAP.
2377 383 2479 443 IX.
3363 384 3468 446 950

277 499 340 550 Ti
367 499 474 566 rdp
497 528 566 538 —
590 497 901 570 ζημιωθείς
923 511 941 564 ;
960 497 1134 552 Τοῦτο
1162 501 1257 553 καὶ
1275 503 1301 553 6
1325 500 1605 566 Ματθαῖος
1633 500 1793 571 ἔγρα-

1964 498 2118 553 Vcrs.
2149 497 2240 552 25.
2277 495 2416 562 Quid
2451 497 2587 551 enim
2614 525 2682 537 -
2709 495 2874 566 faciat
2904 498 2927 551 ?
2957 495 3072 554 lloc
3094 506 3149 552 et
3182 498 3470 554 Mattbteus

197 589 306 658 ψεν
340 592 432 642 ἐπὶ
471 592 662 656 τέλους
709 590 805 645 τοῦ
837 595 1170 663 τριακοστοῦ
1227 593 1416 664 τρίτου
1455 593 1780 663 κεφαλαίου,

1901 590 2113 659 scripsit
2144 591 2197 643 in
2230 591 2334 644 line
2367 589 2623 645 tricesimi
2662 590 2804 645 tertii
2839 589 3039 660 capitis
3069 607 3082 644 :
3126 598 3182 645 et
3213 590 3288 645 ibi
3321 606 3471 660 qua:-

201 686 300 738 καὶ
319 684 550 758 ζήτησον
581 688 700 740 ἐκεῖ
727 687 827 758 τὴν
854 687 1138 756 ἐξήγησιν.
1174 687 1248 741 T6
1279 687 1358 752 δὲ,
1389 688 1427 756 ἢ
1457 684 1784 756 ζημιωθεὶς,

1901 697 1948 736 re
2009 682 2431 738 enarrationem.
2502 681 2660 748 Quod
2717 691 2900 739 autem
2962 683 3112 739 addit
3165 700 3178 736 :
3229 683 3338 737 Aut
3387 684 3470 737 sui

201 777 675 848 ὲφερμηνευτικόν
699 778 817 832 ἐστι
853 777 973 843 τοῦ,
1021 778 1354 845 ἀπολέσας.
1405 778 1704 831 Ἀπώλειαν
1733 776 1790 831 δὲ

1901 774 2056 844 ipsius
2087 776 2358 842 iacturam
2387 775 2573 845 faciat,
2604 773 2994 829 declarativum
3022 784 3106 828 est
3156 774 3473 845 praeceden-

201 869 302 921 καὶ
338 869 544 938 ζημίαν
604 870 865 940 ὀνομάζει
904 869 1004 943 τὴν
1060 869 1279 924 αἰώνιον
1339 870 1644 941 καταδίκην
1698 870 1790 923 καὶ

1901 866 1986 927 tis.
2041 874 2191 936 puta,
2249 865 2486 935 seip-sum
2539 866 2750 934 perdat.
2802 865 3170 921 Perditionem
3234 882 3364 922 vero
3418 874 3475 921 et

203 961 456 1015 κόλασιν.
1888 957 2157 1026 iacturam
2218 957 2484 1024 nominat,
2541 967 2797 1014 aeternam
2858 957 3369 1014 condemnationem
3421 969 3478 1014 et

1894 1049 2249 1119 supplicium.

284 1125 393 1189 Ὃς
420 1123 528 1194 γὰρ
559 1154 628 1165 -
690 1123 983 1194 ἀγγέλων.
1029 1124 1248 1178 Τούτων
1281 1124 1657 1195 ἐμνημόνευσε
1699 1123 1794 1177 καὶ

203 1216 235 1266 6
291 1216 518 1286 Μάρκος
548 1217 606 1269 ὲν
630 1215 708 1286 τῷ
735 1216 971 1287 εἰκοστῷ
996 1204 1248 1288 τετάρτῳ
1276 1211 1582 1287 κεφαλαίῳ,
1613 1218 1710 1270 καὶ
1740 1219 1798 1270 ὲν

205 1309 405 1378 ἐκείνῳ
435 1309 932 1380 διηρμηνεύθησσν.
999 1310 1166 1362 Ἀ).λᾶ
1221 1308 1341 1372 πῶς
1375 1304 1551 1376 εἶπεν,
1585 1311 1669 1364 ὅτι
1701 1311 1796 1364 καὶ

203 1400 303 1453 τοῦ
321 1402 534 1472 [ἰατρὸς
560 1404 654 1455 καὶ
676 1401 783 1454 τῶν
808 1401 977 1469 ἁγίων
1008 1401 1288 1472 ἀγγέλωνς
1311 1402 1459 1455 Διότι
1493 1402 1640 1474 καὶὴ
1667 1401 1796 1469 δόξα

207 1491 304 1545 τοῦ
357 1491 590 1562 Πατρδς,
647 1492 773 1557 δόξα
826 1492 992 1547 αὐτοῦ
1044 1492 1214 1547 ἔσται.
1281 1493 1414 1557 Υἱὸς
1466 1491 1575 1564 γὰρ
1630 1492 1797 1546 αὐτοῦ

209 1587 349 1637 ἐστι.
382 1586 546 1656 Καὶὴ
575 1585 701 1650 δόξα
754 1585 864 1638 τῶν
911 1586 1085 1652 ἁγίων
1139 1584 1409 1653 ἀγγέλων,
1440 1584 1572 1650 δόξα
1627 1583 1797 1638 αὐτοῦ

207 1676 380 1729 ἔσται.
412 1679 690 1747 Δεσπότης
716 1677 825 1748 γὰρ
868 1677 1050 1747 αὐτῶν
1077 1679 1217 1732 ἐστι.

282 1768 448 1837 Λέγω
485 1769 553 1822 δὲ
586 1800 657 1808 -
686 1768 790 1823 τοῦ
844 1769 1013 1823 Θεοῦ.
1052 1771 1283 1840 Εἴρηται
1314 1770 1447 1840 περὶ
1494 1769 1703 1824 τούτων
1741 1771 1799 1822 ὲν

1965 1141 2121 1196 Vet's.
2155 1139 2248 1194 ‘26.
2279 1138 2649 1209 Quemcunque
2680 1170 2748 1181 —
2778 1141 3109 1213 angelorum.
3161 1143 3363 1196 [lorum
3419 1152 3475 1194 et

1898 1227 2112 1284 Marcus
2138 1228 2384 1282 meminit
2435 1227 2691 1283 vicesimo
2727 1238 2922 1298 quarto
2946 1231 3147 1295 capite.
3185 1240 3239 1284 et
3270 1231 3340 1283 ibi
3385 1245 3478 1284 cx-

1898 1320 2113 1390 planata
2140 1327 2288 1373 sunt.
2317 1317 2519 1372 Verum
2548 1321 2821 1388 quomodo
2853 1311 2908 1375 et
2936 1320 3130 1387 Patris,
3167 1333 3222 1376 et
3252 1333 3477 1376 sancto-

1899 1427 2017 1466 rum
2054 1406 2410 1480 angelorum?
2449 1410 2584 1476 Quia
2615 1411 2783 1481 gloria
2836 1411 3016 1468 Patris
3055 1412 3222 1483 gloria
3258 1423 3343 1467 cst
3395 1414 3478 1481 ip-

1900 1502 2034 1567 sius,
2063 1518 2186 1557 cum
2221 1517 2388 1556 unum
2422 1502 2550 1558 sint.
2584 1501 2696 1574 Ego
2723 1511 2773 1558 et
2822 1502 3004 1564 Pater.
3061 1505 3257 1575 inquit,
3307 1522 3470 1559 unum

1901 1610 2080 1648 sumus
2105 1593 2153 1626 ’δ
2185 1594 2271 1664 (tt)
2307 1609 2322 1649 :
2355 1592 2524 1664 gloria
2563 1607 2695 1648 vero
2724 1593 3067 1666 angelorum,
3101 1595 3268 1650 etiam
3315 1596 3482 1667 ipsius

1904 1695 2026 1748 est;
2061 1684 2326 1739 Dominus
2357 1685 2502 1740 enim
2537 1686 2750 1740 illorum
2781 1695 2883 1742 est.

1978 1771 2128 1826 Vers.
2155 1772 2244 1826 27.
2279 1771 2408 1825 Dico
2438 1804 2501 1815 —
2535 1773 2650 1828 Dei.
2692 1774 2902 1830 Dictum
2937 1776 3110 1832 estde
3140 1778 3227 1834 his
3291 1779 3345 1833 in
3375 1778 3481 1834 line

204 1859 289 1929 τῷ
315 1859 459 1913 τέλει
484 1860 578 1912 τοῦ
611 1859 943 1930 τριακοστοΰ
982 1861 1169 1932 τρίτου
1204 1860 1504 1930 κεφαλαίου
1534 1862 1629 1915 τοῦ
1652 1863 1795 1917 κατὰ

1910 1861 2174 1916 tricesimi
2221 1862 2367 1918 tertii
2429 1865 2626 1934 capitis
2677 1865 2954 1936 Evangelii
2996 1868 3298 1925 secundum
3351 1869 3483 1925 Mat-

207 1951 516 2010 Βῐατθαίον.

234 2068 396 2123 KH).
429 2072 506 2128 A'.
540 2074 678 2142 Περὶ
711 2072 819 2142 τῆς
849 2074 1362 2145 μεταμορφώσεως
1389 2072 1494 2128 τοῦ
1537 2071 1765 2140 Ἰησοῦ.

292 2161 635 2230 Ἐγένετο-ο
683 2165 858 2221 ὀκτὼ.
893 2165 1142 2236 Δεῆλοον,
1174 2165 1440 2237 δηλονότι.

282 2349 391 2405 Kal
426 2351 790 2419 παραλαϐὼν
818 2383 891 2395 -
926 2353 1346 2424 Ἰερουσαλήμ.
1392 2356 1529 2427 Περὶ
1567 2357 1667 2427 τῆς
1701 2375 1797 2429 με-

208 2441 634 2512 ταμορφώσεως
673 2442 882 2512 ταύτης
903 2442 1286 2514 φανερώτερον
1319 2443 1562 2513 ἔγραψεν
1590 2445 1620 2497 6
1645 2446 1797 2498 Mar:-

210 2532 366 2598 θαῖος
393 2537 451 2588 ἑν
482 2534 558 2605 τῷ
584 2534 897 2607 τριακοστῷ
919 2536 1170 2606 τετάρτῳ
1200 2535 1490 2607 κεφαλαίῳ
1513 2535 1706 2600 αὐτοῦ,
1740 2539 1797 2590 ὲν

209 2617 258 2692 ᾧ
303 2625 404 2678 ικαὶ
441 2625 613 2680 ταῦτα
662 2627 806 2681 κατὰ
841 2627 1000 2694 λόγον
1055 2626 1510 2697 ἠρμηνεύθησαν.
1545 2629 1794 2699 Προσευ-

208 2716 442 2788 χόμενος
462 2719 520 2772 δὲ
553 2718 974 2790 μετεμορφώθη,
1012 2719 1100 2775 ἱνα
1127 2722 1410 2790 μάθωμεν,
1444 2721 1527 2773 ὅτι
1559 2721 1593 2791 ἡ
1622 2737 1798 2792 προσ-

208 2811 350 2880 ευχὴ
418 2813 766 2880 μεταμορφοῖ
798 2813 893 2865 καὶ
924 2811 1239 2884 λαμπρύνει
1269 2813 1361 2866 τὸν
1382 2812 1691 2884 ἄνθρωπον,
1723 2813 1800 2876 ὡς

211 2921 246 2973 χ
253 2902 347 2973 ph.
379 2902 669 2974 γινομένη.
1446 2921 1467 2954 ·.

302 2994 366 3048 '0
396 2991 466 3046 δὲ
504 2995 730 3062 Πέτρος
758 3023 827 3033 -—
861 2992 1042 3059 αὐτῷ.
1091 2996 1238 3048 Ἐκεῖ
1269 2994 1363 3048 καὶ
1408 2993 1538 3064 περὶ
1589 2992 1798 3047 τούτων

206 3083 442 3154 ἑῤῥήοη.
478 3083 646 3149 Δόξαν
675 3083 729 3136 δὲ
759 3085 869 3138 νόει
903 3086 1002 3155 τὴν
1030 3085 1408 3155 λαμπρότητα.

1897 1955 2121 2010 limum.

2178 2070 2335 2127 CAP.
2375 2070 2546 2127 XXX.
2607 2072 2680 2127 De
2725 2076 3182 2146 tam/armatiane.

1966 2158 2123 2216 Vers.
2147 2159 2237 2215 28.
2272 2158 2498 2216 Factum
2529 2169 2606 2215 est
2633 2191 2701 2203 —
2730 2171 2865 2219 octo.
2903 2164 3164 2221 Videlicet
3197 2175 3478 2236 pertrans—

1899 2250 2107 2307 ierunt.

1974 2366 2128 2422 Vers.
2179 2366 2272 2421 28.
2317 2368 2709 2439 Assumpsit—
2739 2369 2894 2425 Vers.
2931 2371 3024 2426 5|.
3080 2371 3483 2443 Hierosolymis.

1903 2457 1977 2513 De
2012 2458 2114 2512 hac
2155 2458 2644 2515 transiormatione
2683 2461 3027 2517 manifestius
3074 2463 3296 2533 scripsit
3344 2463 3482 2518 Mat.

1903 2550 2388 2606 thmustrieesimo
2441 2562 2637 2622 quarto
2679 2549 2765 2607 sui
2824 2551 3103 2623 Evangelii
3165 2555 3366 2624 capite,
3431 2555 3489 2608 in

1901 2657 2010 2711 quo
2047 2642 2214 2696 etiam
2253 2642 2371 2698 haec
2398 2643 2468 2698 ad
2518 2643 2746 2700 verbum
2782 2643 3055 2700 declarata
3115 2653 3265 2701 sunt.
3308 2644 3488 2701 Orans

1904 2741 2089 2787 autem
2117 2731 2540 2788 translormatus
2579 2749 2681 2799 εει,
2715 2743 2775 2789 ιιι
2807 2735 3103 2799 discamus,
3139 2736 3285 2805 quod
3314 2739 3490 2792 oratio

1911 2822 2263 2877 transformat
2297 2839 2360 2879 ac
2387 2823 2622 2880 illustrat
2653 2825 2959 2890 hominem,
2988 2826 3035 2881 si
3065 2825 3158 2881 [lat
3215 2829 3483 2898 quemad-

1902 2916 2121 2968 modum
2154 2923 2395 2983 oportet.

1973 3000 2132 3060 Vers.
2166 3001 2255 3056 32.
2298 3002 2490 3056 Petrus
2523 3020 2735 3058 vero—
2764 3005 2877 3059 illo.
2928 3005 3004 3060 lbi
3058 3007 3221 3062 etiam
3276 3007 3346 3062 de
3405 3009 3489 3063 his

1907 3089 2114 3144 dictum
2164 3098 2270 3144 est.
2321 3087 2560 3145 Gloriam
2610 3106 2742 3147 vero
2785 3092 3032 3163 intelligo
3084 3096 3460 3165 splendorem.

283 3175 393 3230 Kal
427 3175 665 3244 ἐγένετο
688 3206 759 3218 --
784 3177 1073 3245 νεφέλην.
1099 3177 1343 3248 Μωῦσῆς
1371 3177 1472 3248 μὲν
1490 3179 1586 3231 καὶ
1615 3176 1795 3241 Ἠλίας

1973 3177 2130 3233 Vers.
2163 3178 2253 3237 55.
2279 3177 2502 3232 Factum
2537 3190 2610 3234 est
2638 3210 2709 3221 —-
2734 3182 2889 3236 Vers.
2933 3182 3023 3238 54.
3059 3183 3271 3238 nubem.
3308 3182 3490 3240 Moses

207 3266 466 3336 εἰσῆλθον
495 3268 577 3331 είς
604 3267 665 3322 τὸ
692 3268 870 3339 πάχος
898 3269 997 3340 τῆς
1055 3268 1310 3339 νεφέλης,
1344 3268 1795 3340 ἀπαχοησόμενοι

207 3361 433 3424 πάντως
487 3362 568 3425 είς
603 3363 726 3425 τοὺς
785 3362 1204 3432 άφωρισμένους
1269 3362 1453 3424 αὐτοῖς
1484 3359 1705 3424 τόπους’
1746 3361 1797 3414 ol

211 3453 459 3524 μαθηταὶ
502 3454 584 3516 δὲ,
635 3454 785 3517 ὄντες
822 3455 924 3523 μὲν
959 3453 1185 3522 ἔκφοϐοι
1227 3454 1320 3506 καὶ
1369 3453 1458 3507 διά
1490 3453 1589 3522 τὴν
1628 3469 1797 3522 μετα-

226 3547 514 3617 μόρφωσιν
547 3545 641 3599 τοῦ
668 3545 962 3610 Δεσπότου,
997 3544 1181 3609 καθὼς
1211 3541 1329 3598 εἷπε
1371 3545 1625 3615 Μάρκος,
1669 3544 1796 3598 Θεα-

208 3640 441 3710 σάμενοι
473 3637 529 3691 δὲ
572 3636 670 3692 καὶ
716 3636 942 3701 τούτους
987 3636 1163 3702 οὕτως
1222 3637 1520 3708 ὑπερφυῶς
1551 3636 1797 3706 ἀναλαμ-

206 3731 566 3803 ϐανομένους,
603 3731 958 3801 ἐφοϐήθησαν
995 3729 1221 3798 μᾶλλον.

280 3823 388 3881 Kal
415 3823 584 3893 φωνὴ
613 3853 682 3863 -—-
701 3822 910 3892 μόνος.
955 3823 1044 3875 Ἐν
1076 3821 1152 3892 τῷ
1189 3820 1485 3891 δηλωθὲντι
1514 3819 1795 3890 κεφαλαίῳ

205 3916 306 3972 τοῦ
346 3917 487 3970 κατὰ
537 3915 821 3970 Ματθαῖον
879 3911 976 3965 καὶ
1006 3910 1134 3982 περ)⁵
1165 3910 1372 3963 τούτων
1404 3907 1647 3979 ὲξηγήθη
1703 3907 1793 3960 λε-

207 4007 528 4081 πτομερῶςο
575 4009 642 4059 Ἀ
706 4006 804 4076 μὲν
835 3999 929 4058 οὖν
961 4002 1073 4074 (57)
1137 4002 1389 4073 παρῆκεν
1434 4003 1461 4053 6
1490 4000 1793 4065 Ματθαῖος,

206 4104 424 4170 ἐξεῖπεν
449 4103 476 4155 6
499 4099 735 4161 Λουκᾶς·
765 4096 800 4150 ἃ
844 4096 901 4148 δὲ
943 4095 1293 4166 παρέδραμεν
1325 4096 1352 4148 ό
1380 4094 1619 4156 Λουκᾶς,
1652 4091 1796 4145 ἱστό-

212 4210 380 4266 ρησεν
414 4194 442 4245 6
471 4190 774 4252 Ματοαῐος.

279 4286 388 4341 Kal
416 4285 585 4339 αὐτοὶ
622 4312 690 4324 --
718 4279 1079 4350 ἐωράκασιν.
1118 4274 1253 4332 Eine
1289 4277 1398 4353 γὰρ
1437 4279 1464 4331 6
1489 4276 1792 4341 Ματῦαἶος·

207 4383 292 4434 ὅτι
323 4378 765 4433 καταϐαινόντων
807 4372 988 4427 αὐτῶν
1022 4373 1130 4426 ἀπὸ
1186 4371 1299 4442 (58)
1336 4371 1431 4424 τοῦ
1464 4370 1647 4442 ὅρους,
1707 4372 1795 4423 ὲν·

208 4469 462 4523 ετείλατο
517 4468 700 4528 αὐτοῖς
734 4468 761 4519 6
808 4463 1018 4534 Ἰησοῦς
1059 4463 1257 4530 λέγων·
1312 4460 1539 4528 Μηδενὶ
1580 4461 1790 4528 εἴπητε

1901 3265 2123 3334 quidem
2157 3275 2211 3319 et
2244 3265 2389 3320 Elias
2421 3267 2757 3325 intraverant
2791 3269 2844 3324 in
2876 3270 3290 3340 spissitudinem
3324 3271 3487 3329 nubis

1899 3356 1965 3410 ad
1995 3355 2110 3411 loca
2157 3357 2382 3412 omnino
2407 3357 2553 3413 inter
2592 3373 2650 3414 se
2682 3369 2937 3430 separata
2985 3360 3104 3432 (uu)
3151 3375 3167 3416 :
3229 3362 3488 3433 discipuli

1898 3461 2053 3514 vero,
2087 3463 2211 3502 cum
2245 3448 2411 3502 etiam
2441 3460 2666 3520 propter
2692 3447 2906 3506 Domini
2941 3452 3487 3510 transformationem

1901 3549 2092 3594 essent
2152 3539 2425 3605 exterriti,
2458 3542 2628 3597 veluti
2669 3543 2808 3599 dixit
2861 3543 3074 3600 Marcus
3103 3546 3192 3612 ";
3236 3545 3489 3600 videntes

1899 3633 2086 3696 etiam,
2113 3633 2260 3703 quod
2296 3633 2399 3690 hoc
2432 3635 2596 3690 modo
2627 3635 2734 3706 ipsi
2767 3635 2874 3708 (vv)
2907 3638 3407 3708 supernaturaliter
3431 3639 3484 3693 in

1898 3724 2102 3780 nubem
2136 3726 2533 3796 reciperentur,
2567 3727 2802 3783 maxime
2831 3729 3158 3784 timuerunt.

1973 3815 2123 3872 Vers.
2159 3819 2247 3872 55.
2304 3817 2372 3873 Et
2405 3834 2599 3886 vox—1
2629 3819 2788 3876 Vers.
2840 3819 2929 3875 36.
2972 3821 3136 3876 solus.
3207 3819 3483 3887 Praedicta

1899 3909 2080 3980 capite
2134 3910 2415 3981 Evangelii
2469 3911 2772 3967 secundum
2836 3910 3152 3967 Mattbaeum
3203 3913 3479 3968 subtiliter

1899 4006 1966 4060 de
1998 4005 2082 4058 his
2131 4004 2464 4074 disputatum
2522 4015 2628 4062 est.
2672 4005 2805 4073 Quae
2851 4020 2982 4076 ergo
3031 4007 3297 4076 praeteriit
3345 4007 3486 4061 Mat-

1903 4099 2096 4162 tltzeus,
2130 4114 2195 4153 ea
2229 4097 2405 4154 Lucas
2455 4097 2764 4168 expressit;
2795 4113 2918 4168 qua:
2970 4114 3100 4155 vero
3131 4102 3486 4171 prmtcrmisi:

1899 4195 2098 4257 Lucas.
2142 4210 2202 4249 ea
2234 4195 2454 4264 scripsit
2483 4193 2797 4250 Mattheus.

1970 4283 2126 4340 Vers.
2179 4285 2267 4340 56.
2313 4284 2380 4338 Et
2427 4286 2526 4355 ipsi
2556 4286 2914 4340 —videruut.
2959 4287 3105 4342 Dixit
3157 4286 3302 4342 enim
3354 4286 3488 4340 Mat-

1901 4378 2098 4443 thmus,
2131 4377 2276 4447 quod
2303 4378 2431 4432 dum
2457 4378 2858 4432 descenderent
2888 4378 2956 4433 de
2984 4388 3192 4443 monte,
3227 4382 3488 4449 prazcepit

1899 4469 1978 4524 eis
2007 4469 2164 4525 Jesus
2196 4471 2384 4527 dicens
2419 4486 2432 4523 :
2469 4469 2679 4524 Nemini
2724 4471 2968 4525 dixeritis
3009 4471 3288 4532 visionem.
3317 4472 3483 4524 donec

208 4562 275 4614 τὸ
314 4561 569 4628 Ὀραμα,
609 4558 721 4624 ἕως
770 4553 843 4613 οὗ
872 4527 935 4610 ,ὀ
998 4527 1146 4620 ’Υιὸξ
1194 4554 1302 4609 τοῦ
1365 4527 1681 4622 ἀνθρώπου
1712 4527 1793 4606 νέκ

1902 4561 2072 4616 Filius
2101 4563 2329 4616 hominis
2355 4579 2385 4616 a
2413 4565 2633 4618 mortuis
2659 4573 2901 4636 resurgat
2932 4565 2998 4620 ".
3039 4564 3104 4620 Et
3138 4565 3212 4621 ibi
3246 4565 3365 4636 iege
3399 4565 3486 4619 lto-

207 4650 440 4717 νεκρῶν
498 4647 771 4717 ἀναστῇ·
816 4649 910 4701 καὶ
941 4646 1218 4718 ἀνάγνωθι
1246 4645 1344 4717 τὴν
1373 4645 1584 4699 τούτων
1612 4646 1793 4715 ἑρμηυ

207 4743 359 4796 νείαν
409 4743 544 4794 ἐκεῖ.

388 4851 545 4906 ΚΕΦ.
578 4853 709 4908 AA'.
775 4855 912 4920 Περὶ
943 4853 1049 4906 τοῦ
1082 4849 1610 4918 σεληνιαζομένου.

312 4945 586 5016 Ἐγένετο
627 4975 697 4985 —
744 4945 1170 5015 ἠδυνήθησαν.
1229 4945 1334 4997 Τὸν
1384 4943 1552 4997 παῖδα
1598 4941 1792 4994 τοῦτον

315 5087 362 5118 ⁸³
395 5082 593 5141 Joann.
625 5102 680 5150 κ,
709 5085 796 5139 50.

910 5085 955 5117 ⁸⁸
983 5083 1147 5138 Marc.
1187 5099 1259 5150 Ix,
1295 5082 1347 5137 6.
1381 5083 1426 5114 ⁸⁸
1465 5080 1656 5134 Matth.
1679 5095 1808 5144 xm,
1835 5080 1890 5133 9.

1903 4671 2020 4710 rum
2068 4655 2599 4726 interpretationem.

2285 4845 2435 4902 CAP.
2468 4847 2663 4902 XXXI.
2710 4847 2783 4902 Dc
2835 4848 3090 4902 luualico.

1980 4937 2136 5007 Vers.
2171 4939 2260 4995 '57.
2317 4937 2547 4994 Factum
2599 4942 2946 4998 est—Vera.
3008 4942 3112 4997 40.
3173 4950 3480 5008 potuerunt.

1405 5225 1608 5287 Variae
1653 5224 1957 5288 lectiones
1991 5231 2050 5285 et
2083 5233 2271 5285 notae.

286 5361 398 5429 (57)
427 5361 532 5415 Οὗν
555 5362 730 5419 abest.
765 5362 803 5413 Α

281 5432 394 5497 (58)

1905 5360 2184 5430 Cltrysost.
2254 5369 2384 5413 tom.
2453 5357 2565 5421 Vll,
2642 5373 2695 5423 ρ.
2749 5357 2874 5430 εἶθ,
2943 5358 3108 5413 habet
3154 5359 3252 5430 ﬁt.
3333 5373 3484 5411 rom-

471 5432 753 5493 Ἀπῌοοο
780 5433 864 5493 ἐκ,
893 5431 1057 5487 habet
1112 5432 1275 5485 etiam
1331 5441 1563 5499 uterque
1621 5431 1797 5485 codex
1895 5428 2254 5500 probantibus
2283 5429 2448 5484 etiam
2476 5430 2755 5484 codicibus
2789 5428 3164 5499 Chrysostomi
3189 5429 3479 5496 Slosqueu-

210 5501 264 5554 in
316 5512 576 5556 contextu
609 5502 870 5568 Mattluei,
906 5502 1050 5572 quod
1082 5517 1149 5556 eo
1177 5502 1351 5572 magis
1397 5503 1587 5565 miror,
1648 5503 1796 5571 quod
1900 5501 2076 5556 sibus.

283 5619 367 5681 (tt)
404 5617 535 5671 Cum
573 5635 730 5673 unum
762 5649 831 5658 η-
855 5636 1056 5673 sumus.
1095 5620 1150 5672 lu
1190 5617 1380 5673 (Σισίνου
1422 5628 1630 5672 tantum
1685 5626 1788 5676 est.

215 5687 385 5742 Filius
411 5690 545 5741 enim
572 5693 684 5757 ejus
723 5701 818 5744 est.

283 5761 399 5827 (ιω)
427 5760 507 5813 Διί
551 5762 664 5813 (om
704 5791 771 5800 —
812 5770 1082 5825 separata.
1130 5759 1196 5817 Ut
1229 5760 1483 5815 nimirum
1543 5757 1790 5811 referan-

214 5841 300 5885 tur
329 5830 396 5886 ad
421 5831 689 5886 destinata
719 5833 846 5902 ipsis
886 5832 1020 5885 loca.

1971 5617 2073 5684 (vv)
2116 5617 2354 5670 Vitlenlcs
2379 5648 2442 5656 —-
2467 5617 2586 5684 ipsi,
2615 5627 2718 5671 etc.
2759 5616 3012 5671 Videntes
3065 5625 3268 5677 autem,
3352 5617 3484 5670 istos

1904 5687 2432 5752 (llost-netlﬁliam)
2487 5689 2648 5739 etiam
2719 5690 2788 5742 ita
2837 5687 3332 5758 snpernaturaliter
3389 5703 3480 5738 as-

1903 5768 2119 5829 sumpto
2168 5759 2336 5829 magis
2374 5760 2697 5812 timuerunt.
