4070 6390
642 356 736 420 951
1847 369 2230 433 ΕυΤίΙΥΜίΙ
2311 379 2676 438 ZlGABENI
3842 384 3934 447 952

639 470 834 524 Filium
889 470 1037 528 hunc
1101 474 1398 531 lunaticum
1436 476 1604 534 fuisse
1653 481 1873 552 scripsit
1926 483 2178 539 Mattth

2315 492 2734 562 σεληνιάζεσοαι
2770 493 3047 556 Maenio;
3082 495 3325 566 ἔγραψεν
3352 497 3414 551 ιν
3471 497 3570 567 τῷ
3612 504 3930 572 τριακοστῷ

640 562 918 618 tricesimo
943 565 1136 634 quinto
1161 568 1379 634 capite;
1413 579 1468 624 et
1498 571 1724 626 omnino
1755 572 1822 626 de
1857 572 1942 628 his
1983 575 2056 630 ibi
2094 576 2210 632 dic-

638 664 750 706 tum
785 663 891 709 εει.

703 744 860 801 Vers.
886 747 974 802 ιι.
1009 748 1342 817 Respondeas
1367 783 1435 793 —
1456 755 1579 809 huc.
1619 754 1678 811 in
1715 757 1808 812 illo
1840 758 2034 813 borum
2087 775 2207 815 om-

633 835 787 890 nium
815 837 1220 896 declarationes
1248 841 1517 899 invenies.

704 927 856 982 Vers.
893 929 983 984 42.
1024 930 1155 984 Cum
1179 962 1252 972 —
1276 934 1580 1004 dissipavit.
1616 936 1743 994 Haec
1774 939 1936 995 latius
1985 941 2208 1012 scripsit

2321 583 2560 653 πέμπτῳ
2599 585 2905 656 κεφαλαίῳ,
2942 586 3038 640 καὶ
3084 587 3300 658 εἴρηται
3353 591 3492 644 περὶ
3538 590 3780 644 τούτων
3807 595 3928 646 πάν-

2317 692 2426 728 των
2463 677 2600 732 ἐκεῖ.

2398 768 2770 836 Ἀποκριθεὶς
2795 798 2863 808 --
2893 763 3032 822 ὧδε.
3076 771 3167 823 Ἐν
3199 771 3394 842 ἐκείνῳ
3434 773 3543 836 τὰς
3581 773 3789 837 λύσεις
3809 774 3918 828 τοῦο

2313 875 2422 911 των
2452 860 2590 912 ὅλων
2613 861 2891 932 εὑρήσεις.

2389 951 2518 1004 Ἔτι
2545 981 2614 991 -
2633 952 3086 1020 συνεσπάραξεν.
3110 953 3296 1008 Ταῦτα
3320 955 3689 1026 πλατύτερον
3720 959 3749 1009 ό
3770 959 3912 1027 Μάρ-

631 1016 846 1074 Marcus
878 1020 1143 1076 vicesimo
1175 1033 1330 1078 sexto
1365 1027 1568 1098 capite,
1596 1043 1650 1084 et
1691 1031 1762 1086 ibi
1801 1035 2186 1089 enarrationen

2315 1060 2415 1106 κος
2450 1045 2744 1113 ἱστόρησεν
2777 1047 2836 1097 ὲν
2879 1016 2957 1116 τῷ
2993 1046 3226 1116 είκοστῷ
3263 1047 3410 1118 ἕκτῳ
3467 1016 3798 1119 κεφαλαίῳ,
3822 1016 3906 1103 καί

633 1111 828 1164 horum
863 1128 1069 1182 quare.

701 1203 857 1258 Vers.
893 1205 983 1259 ια.
1021 1204 1578 1276 Increpavit—patri
1622 1231 1736 1268 suo.
1787 1214 2056 1272 Praedicta
2113 1217 2204 1272 tri-

625 1294 834 1350 cesimo
865 1297 1055 1366 quinto
1117 1300 1297 1367 capite
1347 1300 1625 1377 Evangelii
1679 1308 1834 1377 juxta
1884 1307 2196 1364 Matthamm

625 1385 690 1438 de
723 1385 807 1440 his
837 1388 1046 1446 dictum
1076 1399 1181 1449 est.

695 1474 852 1532 Vers.
911 1481 1001 1535 45.
1072 1483 1469 1557 Stupebant—
1515 1485 1633 1540 Dei.
1695 1486 1968 1543 Putabant
2023 1489 2195 1552 enim.

621 1579 728 1618 non
763 1570 1005 1638 propria,
1037 1573 1130 1628 sed
1167 1576 1260 1630 Dei
1296 1577 1496 1630 virtute
1526 1575 1641 1630 ha‘c
1674 1589 1800 1630 eum
1831 1578 2049 1644 operari
2089 1577 2197 1630 mi-

621 1656 823 1710 racula.

688 1746 845 1802 νει-ε.
877 1750 965 1806 45.
995 1751 1251 1810 Omnibus
1274 1788 1340 1798 —
1371 1755 1527 1813 νει-ε.
1560 1759 1650 1813 ιι.
1684 1758 1830 1813 istos.
1881 1759 2029 1824 Quos
2057 1759 2190 1815 dixit

2312 1133 2548 1205 ζήτησον
2579 1135 2638 1187 ιν
2665 1135 2862 1204 ἐκείνῳ
2891 1135 2989 1206 τὴν
3017 1137 3228 1191 τούτων
3253 1138 3553 1208 ἐξήγησιν.

2405 1226 2768 1294 Ἐπετίμησε
2793 1255 2866 1268 -
2898 1228 3078 1297 πατρί
3127 1230 3339 1283 αὐτοῦ.
3403 1231 3498 1283 Ἐν
3539 1231 3628 1300 τῷ
3663 1231 3901 1301 προῤῥηο

2308 1315 2454 1370 θέντι
2506 1317 2816 1387 τριακοστῷ
2843 1320 3082 1389 πέμπτῳ
3110 1318 3394 1390 κεφαλαίῳ
3444 1319 3548 1373 τοῦ
3570 1322 3731 1373 κατὰ
3759 1321 3900 1375 Μαῖα

2307 1405 2458 1459 θατον
2487 1407 2693 1479 ὲρῤήθη
2727 1409 2857 1479 περὶ
2885 1409 3113 1466 τούτων.

2386 1498 2878 1564 Ἐξεπλήσσοντο
2921 1529 2985 1540 -
3015 1500 3124 1555 τοῦ
3160 1501 3329 1557 Θεοῦ.
3370 1502 3562 1572 ’ῼοντο
3619 1500 3760 1572 γὰρ,
3807 1503 3895 1554 οὐκ

2305 1590 2366 1655 ἑξ
2397 1591 2534 1654 ἰδίας
2583 1591 2890 1662 δυνάμεως,
2933 1593 3050 1645 ἀλλ’
3104 1593 3168 1645 ἐκ
3197 1593 3334 1647 Θεοῦ
3362 1595 3538 1649 ταῦτα
3595 1611 3892 1666 τερατουρ-

2303 1683 2421 1748 γεῖν
2451 1681 2634 1736 αὐτόν.

2377 1773 2626 1825 Πάντων
2669 1801 2738 1812 —-
2784 1775 3055 1839 τούτους.
3089 1773 3197 1837 Οὓς
3241 1770 3399 1827 εἶπεν
3439 1776 3515 1841 iv}
3548 1774 3630 1844 τῷ
3666 1775 3886 1842 εἰκοστῷ

617 1837 881 1895 vicesimo
909 1859 1059 1900 nono
1091 1847 1266 1916 capite
1311 1850 1605 1919 prasentis
1654 1850 1938 1921 Evangelii
1976 1851 2048 1906 tle
2098 1867 2186 1906 sua

2305 1865 2480 1934 ἐνάτῳ
2511 1865 2796 1936 κεφαλαίῳ
2823 1865 2920 1918 τοῦ
2955 1837 3224 1936 παρόντος
3253 1837 3620 1935 Εὑαγγελίου,
3661 1868 3794 1938 περί
3833 1837 3884 1919 τὲ

615 1931 875 1998 passione
953 1945 1008 1990 et
1058 1938 1337 1993 occisione
1405 1956 1469 1996 ac
1548 1943 1952 1996 resurrectione
2001 1960 2014 1996 :
2071 1942 2196 1998 ideo

953 1945 1008 1990 et
1058 1938 1337 1993 occisione
1405 1956 1469 1996 ac
1548 1943 1952 1996 resurrectione
2001 1960 2014 1996 :

2298 1950 2390 2002 τοῦ
2423 1952 2662 2018 Παθους,
2699 1955 2792 2006 καὶ
2821 1955 2920 2023 τῆς
2955 1954 3316 2025 ἀναιρέσεως,
3352 1958 3450 2008 καὶ
3493 1957 3594 2026 τῆς
3645 1957 3880 2011 ἀναστά-

618 2021 807 2087 ctiam,
845 2040 966 2079 cum
1017 2027 1118 2081 bos
1148 2031 1300 2098 quasi
1366 2032 1670 2102 signiﬁcare
1723 2033 2039 2104 incepisset,
2097 2051 2186 2090 cae

2298 2057 2438 2105 σεως
2463 2042 2652 2095 αὑτοῦ.
2692 2045 2783 2096 Διὸ
2810 2021 2904 2096 καὶ
2955 2021 3326 2114 ἐναρξάμενος
3361 2021 3564 2110 αὐτῶν,
3606 2047 3755 2098 ὥστε
3800 2047 3856 2114 δη

617 2123 731 2166 tera
766 2115 1008 2186 reliquit,
1047 2129 1302 2189 tanquam
1347 2123 1458 2193 jam
1496 2124 1790 2180 intellecta.

684 2298 838 2355 Vcrs.
884 2299 974 2356 44.
1030 2302 1196 2358 Filius
1250 2305 1669 2361 enim—Vers.
1726 2309 1817 2363 45.
1871 2313 1984 2365 hoc.
2054 2311 2188 2366 Ver-

612 2388 767 2456 bum,
799 2405 908 2445 non
941 2393 1083 2462 quod
1119 2404 1236 2450 erat
1274 2396 1341 2450 de
1375 2398 1633 2466 passione
1665 2408 1721 2452 et
1752 2400 2051 2465 occisione,
2096 2403 2192 2457 sed

612 2481 680 2536 de
734 2486 1175 2542 resurrectione.
1219 2488 1433 2545 Dictum
1495 2500 1579 2546 est
1629 2503 1809 2548 autent
1860 2493 1928 2546 de
1972 2493 2076 2548 hoc
2135 2495 2190 2549 in

611 2573 721 2629 ﬁne
752 2578 1117 2634 enarrationis
1151 2581 1414 2636 tricesimi
1466 2583 1642 2653 quinti
1675 2583 1874 2648 capitis
1904 2585 2188 2644 Evangelii

612 2667 917 2724 secundum
964 2669 1278 2726 Mattbmum
1321 2690 1335 2726 :
1391 2672 1509 2744 lege
1571 2689 1722 2744 ergo,
1779 2690 1899 2743 qua:
1942 2675 2015 2730 ibi
2048 2677 2188 2731 dicta

609 2765 760 2810 Slll‘ll.

637 2868 796 2924 CAP.
837 2869 1056 2926 XXXII.
1096 2873 1171 2928 De
1203 2873 1587 2944 disputantibus
1641 2882 1755 2948 quis
1795 2890 1925 2934 esset
1955 2881 2153 2948 major.

680 2961 835 3017 Vcrs.
871 2963 956 3016 46.
995 2963 1227 3018 Intravit
1257 2995 1329 3006 —
1356 2967 1512 3023 Vers.
1545 2970 1632 3024 47.
1683 2971 1844 3038 juxta
1898 2988 1974 3026 se.
2054 2971 2188 3026 Mat-

2301 2131 2496 2196 λῶσαι,
2540 2135 2670 2202 περὶ
2713 2125 2789 2186 ὧν
2818 2133 2989 2201 λέγει,
3023 2136 3092 2186 τὰ
3146 2133 3312 2188 λοιπὰ
3359 2135 3784 2202 καταλέλοιπεν,
3814 2135 3881 2197 ὡς

2294 2223 2395 2293 ἤδη
2427 2224 2719 2291 νοούμενα.

2379 2315 2438 2367 '0
2469 2315 2580 2384 γὰρ
2639 2317 2770 2382 mc
2807 2347 2877 2358 -—
2909 2319 3148 2372 τούτου.
3198 2319 3272 2371 Τὸ
3318 2319 3494 2390 ῥῆμα,
3548 2319 3609 2371 οὐ
3652 2319 3715 2373 τὸ
3760 2319 3878 2388 περὶ

2291 2407 2385 2461 τοῦ
2416 2408 2632 2472 Πάθους
2667 2410 2763 2462 καὶ
2792 2412 2890 2473 τῆς
2921 2413 3282 2480 ἀναιρέσεως,
3317 2411 3456 2465 ἀλλὰ
3503 2413 3568 2464 τὸ
3615 2414 3750 2483 περὶ
3783 2412 3876 2481 τῆς

2292 2501 2663 2565 ἀναστάσεως.
2723 2503 2954 2573 Εἴρηται
2996 2505 3051 2558 δὲ
3106 2505 3237 2574 περὶ
3274 2504 3466 2558 τούτου
3519 2507 3579 2559 ὲν
3612 2505 3691 2577 τῷ
3741 2506 3875 2558 τέλει

2293 2595 2394 2662 τῆς
2451 2595 2778 2666 ἐξηγήσεως
2830 2598 2928 2650 τοῦ
2999 2597 3330 2669 τριακοστοῦ
3391 2599 3654 2668 πέμπτου
3711 2616 3874 2664 κεφα-

2291 2684 2443 2738 λαίου
2487 2687 2582 2739 τοῦ
2633 2689 2776 2743 κατὰ
2807 2689 3110 2755 Ματθαίον,
3159 2690 3254 2743 καὶ
3306 2689 3590 2758 ἀνάγνωθι
3651 2691 3720 2745 τὰ
3763 2690 3874 2742 ἐκεῖ

2291 2776 2555 2846 ρηθέντα.

2290 2891 2446 2946 ΚΕΦ.
2483 2891 2606 2947 ΛΒ’.
2645 2895 2782 2961 Περὶ
2829 2892 2946 2947 τῶν
2982 2893 3479 2964 διαλογιζομένων
3531 2896 3624 2960 τίς
3645 2894 3869 2964 μείζων.

2360 2984 2628 3053 Εἰσῆλθε
2656 3016 2724 3024 —
2757 2987 2896 3054 παρ’
2927 2987 3144 3053 ἐαυτῷ.
3199 2987 3261 3040 '0
3286 2987 3342 3040 δὲ
3396 2989 3695 3066 Ματθαῖος,
3719 2993 3770 3042 ὲν
3799 2989 3870 3057 τῷ

607 3054 789 3108 ῑίιωιιε
815 3069 946 3108 vero
979 3056 1258 3111 tricesimo
1313 3060 1543 3124 septimo
1596 3062 1773 3130 capite
1823 3064 1899 3117 ait
1936 3063 2004 3128 ",
2038 3065 2186 3133 quod

2289 3080 2597 3150 τριακοστῷ
2639 3080 2852 3151 ἑϐδόμῳ
2884 3081 3172 3150 κεφαλαίῳ
3221 3081 3414 3150 φησίνο
3444 3082 3526 3134 ὅτι
3554 3054 3868 3150 ’προσελθώνζ

607 3141 939 3198 accedentes
992 3145 1247 3215 discipuli
1285 3147 1353 3201 de
1384 3148 1488 3202 boc
1529 3149 2002 3221 interrogaverunt
2031 3170 2178 3208 eum.

2220 3201 2262 3258 ε
2294 3189 2385 3234 τες
2415 3172 2463 3222 οῑ
2492 3172 2732 3242 μαθηταὶ
2763 3172 3059 3243 ἠρώτησαν
3087 3173 3253 3226 αὑτὸν
3287 3173 3418 3242 περὶ
3455 3157 3678 3227 τούτου.
3721 3172 3867 3233 Εἰκὸς

603 3231 915 3287 Verisimile
945 3251 1074 3306 ergo
1109 3247 1215 3299 est,
1249 3239 1393 3307 quod
1421 3240 1512 3294 ubi
1543 3242 1930 3312 cogitationem
1964 3245 2182 3299 illorum

2294 3231 2379 3330 δὲ,
2407 3231 2815 3331 γνόντοςαὺτοῦ
2841 3231 2951 3317 τὸν.
2989 3231 3588 3335 διαλογισμὸνοὺτῶν,
3649 3270 3741 3318 καὶ
3777 3231 3866 3316 ἐπέ

604 3324 968 3394 cognovisset,
998 3337 1052 3381 et
1073 3327 1463 3401 interrogasset
1494 3350 1509 3384 :
1549 3333 1691 3397 Quid
1716 3335 1769 3387 in
1797 3337 1880 3388 via
1912 3338 2189 3391 tractaba-

607 3415 719 3468 tis?
751 3417 892 3472 sicut
921 3419 1056 3475 dixit
1084 3419 1296 3477 Marcus
1328 3423 1392 3487 ",
1429 3424 1779 3494 postmodum
1841 3427 2002 3482 ctiam
2057 3430 2183 3500 ipsi,

604 3522 730 3561 cum
766 3507 879 3576 jam
916 3511 1132 3579 cognita
1165 3522 1316 3567 esset
1355 3514 1611 3583 cogitatio
1645 3531 1765 3580 sua,
1816 3517 2188 3590 interrogave-

602 3609 736 3654 runt
761 3601 830 3655 de
866 3602 969 3657 hoc
1007 3620 1020 3658 :
1053 3604 1251 3660 deinde
1293 3605 1454 3661 Jcsus
1507 3609 1868 3677 apprehendit
1931 3627 2184 3680 puerum,

603 3693 697 3762 qui
741 3694 812 3748 ibi
847 3711 1085 3764 presens
1115 3707 1254 3760 erat.
1293 3709 1347 3754 et
1374 3699 1566 3754 statuit
1597 3701 1750 3754 illum
1784 3701 1941 3772 juxta
1970 3717 2049 3766 se,
2100 3704 2187 3758 di,-

603 3786 796 3854 xitque
848 3797 1066 3853 ca-tera,
1130 3805 1251 3859 quae
1279 3799 1602 3860 sequuntur.
1661 3791 1844 3860 Itaque
1899 3792 2187 3848 Matthceus

602 3877 842 3946 scripsit,
895 3879 1039 3947 quod
1098 3881 1573 3949 interrogaverunt
1608 3882 1913 3952 discipuli;
1969 3884 2186 3941 Marcus

601 3985 736 4024 vero
771 3979 826 4024 et
863 3970 1173 4028 Lueashoc
1225 3973 1414 4028 relicto
1473 3975 1834 4044 scripserunt,
1892 3978 2035 4046 quod
2095 3993 2186 4033 co-

605 4062 796 4130 gnovit
827 4063 1216 4132 cogitationem
1259 4080 1449 4120 eorum
1490 4085 1504 4120 :
1534 4077 1589 4121 et
1620 4067 1711 4121 ille
1742 4068 1961 4137 quidem
2005 4079 2186 4140 poste-

604 4154 746 4206 riora
779 4154 940 4218 dixit,
967 4157 1057 4211 hic
1098 4167 1278 4211 autem
1309 4159 1512 4229 priora.
1545 4159 1686 4230 Lege
1717 4175 1848 4229 ergo
1891 4161 2040 4216 dicto
2091 4177 2183 4216 ca-

603 4245 721 4313 pite
794 4247 1072 4318 Evangelii
1145 4247 1297 4317 juxta
1354 4249 1667 4306 Matthaeum
1740 4253 2183 4322 explanationem

601 4347 800 4400 totam,
841 4353 962 4408 qua:
996 4339 1289 4394 admodum
1335 4340 1483 4396 utilis
1519 4350 1623 4396 est.

673 4450 828 4507 Vers.
870 4453 959 4507 ιδ.
1010 4451 1077 4506 Et
1118 4453 1408 4506 ait—me.
1460 4454 1577 4508 Alia
1629 4470 1846 4525 quoque
1889 4466 2015 4511 ante
2064 4456 2182 4512 haec

2290 3358 2666 3424 ιρωτήσαντος
2687 3356 2906 3423 αὐτοὺς,
2941 3355 2995 3408 τι
3019 3357 3077 3408 ἐν
3103 3359 3168 3428 τῇ
3213 3357 3318 3427 όδῷ
3351 3356 3487 3426 πρὸς
3522 3357 3750 3419 ἑαυτοὺς
3792 3357 3862 3411 δι·

2291 3444 2620 3511 ελογίζοντο,
2655 3445 2731 3506 ὡς
2764 3442 2920 3498 εἶπεν
2951 3447 2979 3498 ό
3010 3445 3259 3516 Μάρκος,
3307 3445 3498 3499 λοιπον
3527 3449 3626 3500 καὶ
3655 3447 3871 3516 αὐτοὺς,

2289 3535 2366 3598 ὡς
2395 3537 2499 3606 ήδη
2531 3536 2869 3604 γνωσθέντος
2897 3535 2991 3590 τοῦ
3027 3537 3410 3606 διαλογισμοῦ,
3444 3539 3723 3608 ἐρωτῆσαι
3749 3538 3863 3608 περὶ

2291 3625 2480 3693 αὑτοῦ,
2522 3623 2643 3681 εἶτα
2664 3628 2758 3682 τὸν
2814 3628 3024 3699 Ἰησοῦν
3062 3629 3426 3684 ἐπιλαϐέσθαι
3475 3631 3696 3684 παιδίου
3739 3647 3862 3699 παρ·

2295 3721 2487 3786 ιόντος,
2544 3723 2641 3795 καὶ
2707 3722 2909 3791 στῆσαι
2951 3722 3087 3776 αὐτὸ
3131 3721 3263 3793 παρ’
3304 3722 3511 3794 ἑαυτῷ,
3565 3723 3661 3775 καὶ
3703 3724 3860 3774 ιίπιῖν

2288 3813 2358 3866 τὰ
2379 3811 2526 3884 ἑξῆς.
2571 3814 2776 3866 Λοιπὸν
2801 3813 2894 3867 οὖν
2927 3816 2956 3867 ό
2991 3815 3092 3884 μὲν
3124 3814 3409 3878 Ματθαῖος
3464 3813 3741 3884 ἔγραψεν
3785 3815 3854 3865 ὅτι

2289 3905 2582 3974 ἠρώτησαν
2612 3907 2661 3959 0i
2696 3906 2960 3977 μαθηταίο
2987 3907 3214 3978 Μάρκος
3243 3908 3300 3961 δὲ
3326 3911 3418 3959 καὶ
3456 3907 3696 3972 Λουκᾶς,
3718 3905 3858 3960 τοῦτο

2291 3999 2717 4068 παραλιπόντες,
2782 3999 3120 4070 ἱστόρησαν,
3183 4000 3266 4053 ὅτι
3326 3998 3472 4068 ἔγνω
3550 4000 3643 4052 τὸν
3698 3999 3856 4052 διαλο-

2290 4086 2489 4156 γισμὸν
2526 4089 2723 4140 αὐτῶν.
2764 4088 2875 4140 Καὶ
2909 4088 2938 4140 ὁ
2983 4089 3085 4158 μὲν
3116 4089 3182 4143 τὰ
3237 4087 3470 4161 ὕστερον
3517 4085 3695 4154 εἶπεν,
3737 4089 3852 4142 οἱδὶ

2289 4177 2358 4230 τὰ
2385 4177 2671 4249 πρότερον.
2715 4179 3018 4248 Ἀνὰγνωθι
3045 4181 3100 4234 δὲ
3130 4181 3189 4234 ἐν
3219 4180 3300 4250 τῷ
3335 4181 3562 4250 ῥηθέντι
3589 4182 3855 4251 κεφαλαίῳ

2289 4268 2386 4323 τοῦ
2422 4270 2566 4323 κατὰ
2612 4269 2889 4325 Ματθαίον
2922 4272 3022 4344 τὴν
3064 4273 3194 4344 ὃλην
3241 4273 3531 4345 ἐξήγησιν,
3582 4275 3854 4342 ἀναγκαιο-

2290 4361 2457 4432 τάτην
2485 4358 2672 4419 οὖσαν.

2359 4457 2468 4512 Kal
2499 4453 2673 4510 εἶπεν
2706 4488 2764 4497 --
2787 4473 2885 4526 με.
2926 4459 3034 4512 Καὶ
3069 4458 3206 4512 ἄλλα
3231 4459 3340 4530 πρὸ
3377 4458 3592 4512 τούτων
3627 4461 3848 4532 είρηκεν,

601 4543 762 4608 dixit,
790 4559 912 4613 quae
963 4543 1254 4600 blattbazus
1307 4547 1657 4616 conscripsit,
1703 4563 1801 4617 per
1845 4565 1967 4619 quae
2012 4550 2177 4605 etiam

2289 4550 2434 4620 ἅπερ
2464 4549 2778 4621 ἀνέγραψεν
2811 4553 2840 4604 ὁ
2891 4551 3195 4617 λίατθαίος,
3245 4552 3341 4619 ἀφ’
3381 4547 3458 4605 ὧν
3504 4553 3746 4623 εὐχερῶς
3773 4554 3850 4604 καὶ

601 4633 722 4688 lucc
769 4633 926 4690 facile
976 4648 1422 4706 cognoscuntur;
1482 4655 1666 4708 quare
1723 4655 1852 4712 ergo
1919 4643 2024 4696 illa.
2077 4639 2181 4697 Per

599 4741 835 4794 puerum
886 4743 1018 4781 vero
1068 4728 1431 4785 humilitatem
1478 4741 1535 4785 et
1574 4733 1940 4802 abjectionem
1995 4737 2170 4808 signi-

603 4813 784 4867 tieavi‘

671 4903 828 4959 Vers.
869 4905 956 4959 48.
1008 4904 1152 4960 Nam
1183 4936 1250 4947 —
1277 4926 1520 4982 magnus.
1554 4913 1653 4969 llic
1685 4914 1807 4970 linis
1860 4925 1942 4970 est
2000 4917 2178 4972 inten-

603 4996 765 5051 tionis
844 5007 1067 5067 prOpter
1121 5013 1282 5068 quam
1337 5018 1570 5070 puerum
1636 5007 1790 5080 juxta
1853 5023 1914 5062 se
1973 5010 2182 5064 statuit.

598 5087 884 5142 Minimum
918 5098 1123 5153 autem,
1168 5090 1322 5159 [dixit
1361 5095 1745 5152 humillimum.
1796 5098 2004 5154 Similia
2045 5117 2182 5170 quo-

598 5196 709 5252 que
735 5180 874 5235 dixit
940 5180 1362 5250 quadragesimo
1423 5190 1587 5243 tertio
1647 5187 1928 5262 Evangelii
1983 5207 2180 5248 secun-

601 5273 733 5326 dum
782 5270 1094 5326 Matthaaum
1152 5274 1328 5343 capite

601 5362 816 5432 capitis.

673 5454 829 5511 Vers.
881 5458 972 5515 49.
1031 5460 1368 5530 Respondens
1427 5493 1494 5502 ο-
1541 5463 1693 5518 Vcrs.
1751 5466 1839 5521 50.
1892 5477 1990 5521 est.
2047 5469 2173 5524 Htec

600 5547 763 5602 etiam
805 5551 1025 5621 scripsit
1052 5551 1266 5608 Marcus
1315 5553 1575 5614 vicesimo
1622 5557 1855 5625 septimo
1889 5561 2084 5629 capite,
2118 5571 2174 5616 et

602 5639 676 5691 ibi
715 5639 908 5696 horum
959 5643 1075 5714 lege
1103 5644 1567 5716 explanationem.

1381 5297 1396 5332 :
1451 5287 1505 5333 et
1551 5278 1707 5348 juxta
1757 5281 1997 5336 medium
2058 5285 2175 5353 ejus

711 5784 754 5816 "
785 5783 971 5842 Matth.
1008 5805 1164 5857 xvm,
1203 5789 1253 5844 l.
1365 5791 1409 5824 ⁵⁸
1441 5790 1606 5846 Marc.
1646 5808 1719 5860 xx,
1748 5794 1832 5849 55.

2284 4642 2460 4696 ταῦτα
2523 4641 3020 4712 διαγινώσκονται,
3074 4647 3169 4696 καὶ
3229 4642 3469 4714 ζήτησον
3531 4645 3702 4698 αὑτά.
3759 4644 3846 4696 Διὰ

2286 4736 2384 4789 τοῦ
2443 4737 2658 4789 παιδίου
2695 4737 2751 4790 δὲ
2787 4737 2886 4804 την
2930 4738 3265 4790 ταπείνωσιν
3310 4740 3406 4790 καὶ
3452 4739 3726 4791 εὐτέλειαν
3760 4739 3850 4792 ὑπο

2289 4828 2582 4899 εδήλωσεν.

2369 4920 2423 4972 '0
2455 4920 2566 4989 γὰρ
2595 4951 2663 4960 --
2697 4921 2905 4990 μέγας.
2932 4922 3102 4977 Τοῦτο
3134 4924 3308 4994 πέρας
3337 4941 3430 4976 του
3475 4923 3777 4987 σκειποῦ,δι“
3797 4923 3846 4974 ὃν

2288 5011 2485 5082 ἔστησε
2510 5014 2570 5065 τὸ
2602 5013 2816 5067 παιδίον
2843 5015 2976 5086 παρ’
3009 5016 3190 5085 ἑαυτῷ
3208 5032 3223 5047 ⁸
3264 5016 3592 5086 μικρότερον
3615 5015 3669 5068 δε
3693 5016 3839 5082 λέγει,

2287 5106 2377 5158 τὸν
2410 5107 2814 5176 ταπεινότερον.
2842 5103 2972 5159 Eine
3001 5108 3056 5160 δὲ
3082 5108 3307 5160 τοιαῦτα
3341 5109 3436 5160 καὶ
3463 5112 3522 5160 ὲν
3550 5107 3628 5177 τῷ
3669 5124 3840 5160 tesca-

2287 5197 2539 5267 ρακοστῴ
2569 5199 2738 5268 τρίτῳ
2771 5199 3053 5269 κεφαλαίῳ
3105 5201 3199 5253 τοῦ
3254 5203 3394 5253 κατὰ
3443 5200 3738 5265 Ματθαίον,
3763 5200 3840 5251 mi

2283 5289 2518 5360 ζήτησον
2551 5292 2678 5362 περὶ
2702 5291 2765 5345 τὸ
2800 5293 2966 5361 μέσον
2998 5293 3092 5367 τοῦ
3121 5295 3364 5347 τοιούτου
3397 5293 3719 5363 κεφαλαίου.

2369 5460 2736 5529 Ἀποκριθεὶς
2757 5491 2828 5502 —--
2860 5463 3009 5516 ἐστι.
3037 5462 3152 5515 Ταῦ
3167 5481 3222 5515 τα
3251 5463 3346 5515 καὶ
3368 5467 3394 5516 ὁ
3438 5464 3663 5535 Μάρκος
3689 5461 3831 5532 ἐγρα-

2283 5557 2382 5622 ψεν
2409 5559 2470 5608 ἐν
2497 5558 2574 5627 τῷ
2605 5557 2835 5628 εἰκοστῷ
2869 5559 3083 5630 ἑϐδόμῳ
3129 5560 3437 5630 κεφαλαίῳ,
3464 5560 3560 5613 καὶ
3592 5557 3827 5627 ἀνάγνωθι

2286 5647 2401 5703 ἐκεῖ
2433 5652 2531 5720 τὴν
2563 5650 2766 5704 τούτων
2800 5652 3120 5722 σαφήνειαν.
