4070 6418
177 409 330 474 953
1257 408 1644 473 COMMENT.
1689 410 1778 471 IN
1815 411 2099 474 LUCAM.
2129 437 2198 448 —
2233 410 2394 476 CAP.
2434 412 2545 473 Ix.
3392 420 3497 484 est

297 525 585 595 Ἐγένετο
611 553 684 565 -
721 522 1130 594 Ἰερουσαλήμ.
1188 523 1433 597 Ἡμέρας
1464 529 1562 596 τῆς
1611 528 1800 598 ἀναλή-

1984 529 2142 592 Vers.
2193 530 2283 586 51.
2341 529 2565 585 Factum
2602 538 2678 585 est
2703 559 2772 570 ——
2803 530 3192 604 Hierosolyma.
3231 532 3359 590 Dies
3406 548 3497 590 ar

174 617 369 686 ψεως
408 616 573 672 αὑτοῦ
610 616 757 685 λέγει
787 617 882 670 τὸν
939 616 1134 688 καιρὸν
1165 617 1256 670 τὸν
1298 619 1667 689 ἀφορισθέντα
1706 619 1800 688 μέ-

1915 621 2245 691 sumptionis
2283 621 2479 690 ipsius,
2513 622 2646 676 dicit
2679 622 3020 692 praefinitum
3061 633 3302 695 tempus,
3365 627 3494 681 dum

178 729 316 781 χρι
353 711 459 779 τῆς
489 708 813 779 ἀναλήψεως
851 708 1041 770 αὑτοῦ,
1069 710 1167 779 τῆς
1197 708 1308 762 ἀπὸ
1327 711 1427 779 γῆς
1450 712 1530 772 εἰς
1551 710 1800 781 οὐρανόν.

1911 728 1941 767 a
1975 722 2118 768 terra
2149 722 2522 768 assumeretur
2562 714 2617 768 in
2652 717 2894 781 uelum;
2927 716 3036 788 jam
3067 717 3212 770 enim
3254 717 3496 772 instabat

184 799 468 868 Ἶίγγιζε
511 800 620 868 γὰρ
648 799 750 869 ήδη
781 799 938 868 καὶὴ
973 799 1254 870 ἀναίρεσις
1293 800 1647 870 αὑτοῦ,καὶὴ
1678 800 1800 853 ἀνά-

1911 799 1995 855 sui
2026 797 2379 869 inleremptio
2408 814 2472 854 ac
2501 801 2834 855 resurrectio
2860 810 2914 855 et
2951 804 3277 872 assumptio,
3324 803 3498 874 Obﬁr-

183 906 440 951 στασις.
469 890 562 942 καὶ
599 890 632 957 ἡ
675 888 963 954 ἀνάληψις.
1006 887 1323 957 Ἐστήριξε
1350 889 1488 942 δὲτὸ
1519 890 1800 960 πρόσωπον

1911 885 2079 940 mavit
2111 885 2305 940 faciem
2339 901 2515 948 suam,
2557 886 2663 941 hoc
2691 896 2795 950 est,
2829 887 3050 951 direxit,
3103 899 3163 942 ut
3211 884 3316 944 i'ret
3364 889 3492 944 Ilie-

181 981 411 1040 αὐτοῦ.
441 981 562 1033 ἀντὶ
624 977 756 1041 τοῦ.
801 979 1135 1049 ἁπηύθυνεν,
1183 981 1323 1034 ὥστε
1367 981 1694 1048 πορεύεσθαι
1727 982 1800 1052 sl;

1911 973 2206 1042 rosolyma,
2240 972 2598 1042 progrediens
2652 972 2718 1027 ad
2756 973 3088 1042 passionem,
3141 987 3212 1028 ne
3263 973 3495 1045 respici-

197 1071 598 1142 Ἰερουσαλὴμ
656 1071 1091 1141 ἀμεταστρεπτὶ,
1146 1073 1504 1143 ἑπαγόμενος
1559 1075 1694 1142 πρὸς
1748 1075 1800 1126 τὲ

1909 1062 2055 1116 endo
2087 1062 2308 1131 quidem
2354 1063 2410 1116 in
2466 1071 2700 1132 tergum.
2757 1063 3028 1133 Scriptum
3086 1071 3171 1119 est
3233 1064 3380 1119 enim
3434 1065 3492 1120 in

187 1163 424 1224 Πάθος.
473 1164 787 1234 Γέγραπται
827 1165 936 1232 γὰρ
970 1165 1027 1216 ὲν
1059 1166 1124 1234 τῇ
1168 1164 1336 1235 βίϐλῳ
1382 1165 1491 1217 τῶν
1524 1165 1800 1234 Ψαλμῶν·

1909 1153 2050 1208 libro
2079 1169 2296 1223 quoque
2324 1152 2662 1207 Psalmorum
2701 1171 2714 1206 :
2756 1153 3058 1222 Obﬁrmabo
3095 1171 3251 1222 super
3279 1164 3329 1209 te
3363 1171 3494 1209 oru-

197 1255 593 1324 Ἐπιστηριῶ
641 1255 842 1310 eximi
873 1256 1016 1322 τοὺς
1062 1257 1410 1326 ὀφθαλμούς
1431 1274 1553 1325 μου
1601 1257 1800 1322 εἷτουν,

1909 1244 1988 1298 los
2018 1260 2160 1298 meos
2188 1245 2234 1276 "
2259 1260 2280 1308 ,'
2315 1244 2432 1300 sive
2461 1243 2700 1315 infigam,
2736 1245 2988 1315 dirigam,
3039 1245 3494 1301 indeclinabiliter

180 1348 523 1417 ἀπερείσω,
551 1348 865 1414 ἀπευθυνῶ,
884 1348 1118 1411 ἁκλινῶς
1153 1347 1356 1418 βλέψω.
1908 1337 2195 1408 aspiciam.

282 1441 400 1493 Καὶ
432 1470 498 1482 -—-
527 1439 736 1495 αὐτοῦ.
764 1439 1047 1509 Μηνυτάς.

1978 1428 2135 1484 Vers.
2171 1427 2261 1482 52.
2295 1426 2362 1481 Et
2385 1457 2459 1467 —
2480 1442 2658 1491 suum,
2691 1425 2792 1481 Hic
2820 1425 2986 1480 etiam
3021 1424 3188 1482 dictio
3215 1427 3487 1496 ἀγγέλους

1907 1517 2230 1588 simpliciter
2276 1516 2502 1572 nuntios
2550 1515 2845 1587 signiﬁcat.

286 1619 398 1672 Καὶ
425 1618 826 1684 πορευθέντες
853 1647 928 1658 --
951 1617 1350 1686 Σαμαρειτῶν.
1377 1619 1536 1673 Κατὰ
1571 1620 1800 1692 πάροδον

1976 1609 2137 1664 Vers.
2174 1606 2264 1662 52.
2298 1607 2366 1661 Et
2405 1615 2586 1661 euntes
2611 1636 2684 1647 —
2709 1605 3203 1662 Samaritanorum.
3244 1607 3400 1675 Quod
3434 1609 3493 1664 in

190 1708 389 1761 αὐτοῦ
425 1711 709 1778 κειμένην.

1911 1700 2145 1755 transitu
2178 1699 2299 1767 ejus
2331 1698 2496 1752 situm
2526 1705 2666 1752 erat.

286 1803 480 1854 Ὥστε
536 1800 850 1870 ἑτοιμάσαι
918 1798 1100 1866 αὐτῷ.
1169 1798 1492 1870 Ύποδοχὴν,
1540 1800 1800 1872 δηλονότι,

1979 1788 2136 1844 Vers.
2167 1787 2258 1843 52.
2318 1787 2384 1843 Ut
2408 1796 2660 1856 pararent
2690 1787 2792 1841 illi.
2849 1787 3159 1857 Hospitium
3207 1788 3492 1854 videlicet,

187 1894 352 1964 πρὸς
380 1893 716 1962 καταγωγὴν
749 1891 914 1945 αὑτοῦ
943 1909 1002 1945 τε
1032 1893 1129 1947 καὶ
1153 1893 1264 1945 τῶν
1294 1892 1393 1945 σὺν
1424 1891 1594 1964 αὐτῷ.

1907 1875 1973 1930 ad
2030 1874 2441 1945 susceptionem
2489 1874 2683 1944 ipsius,
2717 1882 2774 1928 et
2832 1874 3074 1942 illorum,
3121 1875 3217 1946 qui
3267 1890 3390 1931 cum
3426 1891 3494 1931 eo

1908 1976 2090 2021 erant.

1976 2054 2137 2110 Vers.
2169 2056 2260 2110 53.
2281 2055 2352 2110 Et
2375 2054 2960 2126 non—Hierosolyma.
2996 2056 3190 2111 Facies
3223 2057 3366 2127 ejus,
3389 2059 3495 2115 hoc

1906 2155 2011 2209 est,
2048 2147 2190 2216 ipsc,
2217 2161 2247 2201 a
2274 2156 2428 2215 parte
2482 2155 2680 2202 totum.
2714 2147 2832 2200 Non
2861 2156 3226 2217 receperunt.
3287 2149 3493 2218 inquit,

1906 2253 2056 2303 eum,
2091 2239 2219 2307 quia
2249 2241 2512 2310 pergebat
2561 2238 2933 2308 Hierosolyma
2958 2239 3025 2292 ad
3061 2238 3317 2296 inimicos
3339 2241 3486 2310 ipso-

1905 2343 2051 2383 rum.
2081 2327 2216 2381 Nam
2246 2326 2579 2382 Samaritani
2609 2327 2835 2381 inimico
2863 2327 3050 2381 animo
3091 2327 3274 2383 allecti
3334 2337 3494 2384 erant

1904 2420 1970 2473 ad
2003 2418 2484 2489 Hierosolymitas.

1973 2511 2130 2566 Vere.
2161 2512 2254 2566 54.
2285 2508 2434 2575 Quod
2492 2527 2610 2563 eum
2659 2511 3182 2566 vidissent—Vera.
3237 2510 3327 2564 55.
3382 2528 3495 2566 ser-

1902 2603 2155 2657 vandum.
2209 2599 2496 2671 Suspicor.
2535 2602 2639 2655 hos
2695 2600 2864 2655 fuisse
2916 2603 3248 2672 praemissos.
3304 2603 3494 2672 Itaque

1903 2691 2023 2746 irati
2061 2700 2226 2756 sunt,
2263 2692 2411 2761 quod
2448 2703 2840 2761 praeceptorem
2894 2693 3233 2762 sprevissent
3271 2711 3285 2746 :
3323 2694 3494 2749 inter-

1901 2792 2397 2853 rogaveruntergo,
2420 2798 2486 2836 an
2513 2783 2936 2851 contemptores
2967 2785 3156 2839 ulcisci
3186 2796 3490 2854 oporteret,

1905 2880 2096 2941 utpote
2126 2871 2338 2925 zeloten
2373 2871 2540 2924 Eliam
2600 2871 2899 2927 imitantes.
2958 2871 3268 2941 lncrepavit
3308 2882 3489 2926 autem

1903 2965 2026 3019 illos
2084 2964 2360 3024 Christus,
2401 2971 2659 3032 tanquam
2709 2963 2952 3018 clemens
2989 2980 3003 3017 :
3043 2964 3322 3018 instruens
3371 2978 3491 3030 eos,

1902 3064 1961 3108 ut
1986 3054 2396 3108 incredulorum
2425 3054 2659 3122 injurias
2681 3055 2950 3123 patienter
2967 3054 3193 3110 ferrent.
3211 3055 3491 3125 Siquidem

1903 3147 2132 3211 sciebat,
2169 3145 2309 3214 quod
2335 3160 2394 3199 se
2425 3146 2734 3214 suscepturi
2765 3162 2871 3199 non
2903 3156 3088 3201 essent
3118 3147 3443 3202 Samaritani
3472 3165 3490 3203 :

277 2061 396 2113 Kal
433 2061 544 2112 οὐκ
580 2090 648 2101 -
690 2059 1109 2127 Ἰερουσαλήμ.
1136 2057 1207 2111 Τὸ
1237 2058 1565 2125 πρόσωπον
1593 2059 1803 2125 αὐτοῦ,

185 2153 337 2204 ἀντὶ
367 2150 486 2211 τοῦ,
524 2149 705 2210 αὐτὸς.
740 2149 849 2201 ἀπὸ
887 2149 1110 2218 μέρους,
1135 2149 1195 2202 τὸ
1225 2148 1366 2205 ὅλον.
1393 2148 1508 2201 Ούκ
1534 2149 1802 2214 ἐδέξαντο,

189 2244 405 2312 φησιν,
439 2241 624 2300 αὐτὸν,
657 2241 790 2293 διότι
827 2236 897 2309 ἦν
916 2239 1286 2309 πορευόμενος
1311 2241 1392 2302 είς
1428 2238 1804 2310 Ἰερουσαλὴμ,

185 2335 303 2386 hri
334 2335 462 2395 τοὺς
497 2333 730 2402 ἐχθροὺς
786 2331 992 2385 αὐτῶν.
1034 2331 1325 2394 Ἐναντίως
1373 2330 1483 2401 γὰρ
1523 2332 1572 2384 oi
1603 2331 1795 2402 Σαμα-

192 2426 390 2495 ρεῖται
431 2424 567 2493 πρὸς
599 2424 728 2486 τοὺς
767 2422 1211 2493 Ἱεροσολυμίτας
1232 2423 1523 2478 διέκειντο.

272 2516 541 2582 Ἰδόντες
567 2515 634 2568 δὲ
659 2545 722 2556 ——
739 2514 964 2580 αὐτοῖς.
986 2514 1099 2584 (59)
1135 2513 1561 2582 Ὑπολαμϐάνω,
1577 2515 1802 2579 τούτους

190 2602 352 2659 εἶναι
405 2607 532 2668 τοὺς
584 2605 1021 2669 ἀποσταλέντας.
1056 2604 1428 2675 Ὠργίσθησαν
1463 2605 1562 2676 μὲν
1589 2601 1704 2670 οὖν,
1727 2607 1803 2670 ὡς

187 2697 610 2766 ἀτιμασθέντος
637 2697 734 2749 τοῦ
779 2698 1108 2750 διδασκάλου
1133 2714 1147 2728 ·
1178 2696 1480 2767 ἠρώτησαν
1511 2698 1587 2763 δὲ,
1612 2700 1660 2750 εί
1692 2697 1801 2768 χρὴ

191 2791 337 2850 τοὺς
355 2788 736 2856 ἀτιμάσαντας
766 2787 1102 2857 ἀμύνασθαι,
1128 2788 1205 2848 ὡς
1241 2787 1572 2860 μιμούμενοι
1606 2788 1800 2842 Ἠλίαν

188 2880 301 2930 τὸν
359 2877 631 2947 ζηλωτήν,
691 2878 1027 2948 Ἐπετίμησε
1054 2878 1119 2931 δὲ
1149 2880 1334 2940 αὐτοῖς
1367 2880 1396 2931 ὀ
1433 2879 1694 2947 Χριστὸς,
1721 2879 1798 2942 ὡς

189 2970 554 3034 ἁνεξίκακος,
585 2969 858 3022 παιδεύων
914 2970 1136 3034 αὐτοὺς,
1185 2970 1559 3041 μακροθύμως
1611 2975 1798 3042 φέρειν

189 3065 307 3123 τὰς
343 3060 570 3129 ἀτιμίας
607 3059 716 3111 τῶν
745 3058 1147 3115 ἀπειθούντων.
1193 3061 1491 3127 Ἐγίνωσκε
1531 3063 1630 3129 μὶν
1660 3061 1793 3130 γὰρ,

191 3152 289 3205 ὃτι
321 3153 384 3204 ού
419 3151 814 3222 παραδέξονται
850 3151 1014 3203 αὐτὸν
1050 3150 1234 3221 (60)οί
1261 3151 1628 3221 Σαμαρεῖται·
1659 3151 1796 3203 ἀπέσ
1829 3192 1871 3222 ρ

1829 3195 1872 3251 ι’
1906 3237 2054 3291 misit
2089 3247 2271 3291 tamen
2301 3237 2621 3307 discipulos,
2656 3247 2716 3291 ut
2775 3239 2883 3292 illis
2911 3255 3020 3293 non
3067 3241 3407 3310 parentibus,
3435 3251 3493 3296 et

1904 3329 1994 3383 liis
2019 3329 2413 3390 irascentibus.
2462 3329 2777 3398 objurgaret
2798 3344 2863 3384 ac
2884 3331 3109 3385 doceret
3141 3346 3238 3386 eos
3270 3347 3379 3387 non
3410 3333 3496 3387 in-

1901 3434 2126 3491 surgere
2161 3419 2216 3473 in
2247 3420 2369 3474 illos
2386 3419 2482 3489 qui
2523 3431 2966 3474 contemnerent.
3019 3421 3288 3478 Futurum
3341 3425 3491 3480 enim

1903 3519 2048 3574 erat,
2109 3520 2170 3564 ut
2202 3525 2326 3564 cum
2376 3509 2732 3581 Evangelium
2787 3512 3201 3579 annuntiarent,
3235 3529 3264 3566 a
3298 3516 3490 3572 multis

1902 3603 2348 3672 repudiarentur.
2380 3601 2498 3656 Non
2533 3602 2633 3657 sibi
2676 3603 2807 3673 ipsis
2846 3612 3059 3668 autem,
3097 3606 3194 3659 sed
3224 3606 3293 3660 de
3342 3607 3490 3664 illius

1901 3694 2144 3763 potentia
2197 3692 2539 3748 conﬁdentes
2606 3692 2914 3748 dixerunt:
2959 3693 3050 3747 Vis
3109 3695 3369 3760 dicamus,
3432 3707 3491 3752 ut

1900 3786 2037 3856 ignis
2075 3786 2140 3838 de
2173 3784 2300 3838 calo
2333 3784 2615 3838 descendat
2648 3785 2674 3840 2

1969 3878 2051 3949 ﬁ-
2088 3878 2308 3932 Etiamsi
2343 3877 2754 3947 praetermiserit
2786 3878 2892 3932 hoc
2910 3877 3030 3932 loco
3066 3878 3493 3951 Cbrysostomus

193 3243 386 3296 στειλε
416 3243 473 3295 δὲ
512 3241 783 3312 μαθητὰς,
805 3241 893 3295 ἵνα
927 3241 1344 3310 ἁπειθησάντων
1386 3240 1487 3310 μὲν
1541 3241 1795 3306 ἐκείνων,

191 3333 577 3403 ὀργισθέντων
600 3333 658 3385 δὲ
680 3332 909 3396 τούτων,
927 3332 1209 3401 ἑπιπλήξῃ
1235 3332 1331 3385 καὶ
1355 3331 1542 3404 διδάξῃ
1573 3332 1795 3396 αὐτοὺς,

195 3427 284 3497 μὴ
316 3423 714 3494 ὲπεξέρχεσθαι
755 3427 867 3486 τοῖς
895 3422 1359 3494 καταφρονοῦσιν.
1388 3422 1658 3492 Ἔμελλον
1685 3423 1794 3494 γὰρ

189 3519 261 3572 τὸ
301 3517 568 3585 κήρυγμα
619 3515 1086 3582 καταγγέλλοντες
1144 3515 1250 3567 ὑπὸ
1297 3513 1512 3566 πολλῶν
1542 3515 1798 3585 ἁποπέμ·

195 3610 431 3660 πεσοαι.
468 3609 580 3677 Οὐχ
611 3608 823 3667 ἑαυτοῖς
857 3607 1086 3666 ascita
1111 3608 1177 3676 τῇ
1206 3605 1372 3658 αὑτοῦ
1407 3605 1632 3672 δυνάμει
1660 3603 1796 3673 θαῤ-

192 3698 430 3770 ῥοῦντες
460 3693 631 3758 εἷπον,
657 3698 740 3750 ὅτι
759 3699 1039 3766 Εἷπωμεν
1054 3696 1174 3765 πῦρ
1200 3695 1532 3762 καταϐῆναι
1547 3694 1668 3749 ἀπὸ
1687 3694 1798 3748 τοῦ

189 3790 490 3858 ori-parat“).

275 3885 340 3935 Et
376 3883 470 3935 καὶ
514 3882 628 3951 (6|)
653 3882 905 3953 παρῆκεν
926 3883 954 3935 ὁ
977 3881 1372 3952 Χρυσόστομος
1397 3881 1510 3952 (62)
1533 3881 1792 3948 ἐνταῦθα,

190 3977 281 4029 τύ·
318 3978 440 4029 οὐκ
475 3975 672 4028 οῑδατε
725 3975 855 4029 οἵου
887 3975 1231 4042 πνεύματός
1259 3975 1403 4027 ἐστε
1425 3988 1438 4003 °
1469 3974 1586 4026 ἀλλ’
1619 3969 1712 4028 οὖν
1739 3976 1799 4027 ὲν

192 4069 415 4139 ἑτέροις
448 4066 627 4134 λόγοις
663 4067 995 4124 Δεσποτικδν
1023 4061 1166 4119 εἶναι
1199 4065 1350 4134 λέγει
1396 4067 1494 4119 καὶ
1543 4069 1696 4120 τουτὶ
1732 4067 1795 4120 τδ

197 4159 395 4228 ῥητόν.
451 4157 651 4211 Λοιπὸν
711 4162 892 4211 τοίνυν
952 4157 1173 4229 πνεῦμα
1201 4158 1313 4212 νόει
1373 4176 1466 4228 μοι
1526 4160 1587 4211 τὸ
1642 4159 1800 4226 ἅγιον

195 4251 452 4320 Πνεῦμα.
491 4251 664 4304 Τοῦτο
721 4251 830 4322 γὰρ
885 4251 1092 4319 ἀγαθόν
1144 4253 1263 4304 ἐστι
1311 4251 1410 4304 καὶ
1445 4251 1795 4318 ἀνεξίκακον.

195 4342 394 4413 ὥσπερ
426 4343 520 4394 καλ⁵
563 4342 630 4395 τὰ
679 4343 843 4396 λοιπὰ
884 4343 1153 4411 πρόσωπα
1182 4344 1282 4412 τῆς
1317 4345 1450 4413 μιᾶς
1480 4343 1796 4416 Θεότητος.]

194 4459 362 4513 ΚΕΦ.
382 4458 504 4511 AI".
525 4456 664 4525 Περὶ
686 4456 792 4511 τοῦ
817 4458 906 4527 μὴ
927 4459 1398 4527 ἐπιτρεπομένου
1412 4459 1795 4515 ἀκολουθεῖν.

273 4615 385 4668 Kal
407 4615 1129 4682 exopsuﬂna'ar—xlt'rn.
1155 4615 1405 4683 Ἔγραψε
1437 4615 1570 4683 περὶ
1601 4617 1791 4670 τούτου

194 4709 296 4761 καὶ
326 4711 356 4762 ὁ
390 4708 670 4769 Ματοαῖος
695 4711 752 4757 ἐν
771 4707 846 4776 τῷ
866 4708 1080 4777 δεκάτῳ
1125 4707 1428 4778 κεφαλαίῳ,
1454 4709 1546 4761 καὶ
1609 4711 1793 4780 ἡρμη-

197 4819 253 4852 νε
265 4799 476 4868 ύῦησαν
520 4801 637 4852 ἐκεῖ
679 4784 815 4870 (63).

273 4887 428 4945 Eine
457 4919 524 4930 —-
557 4892 894 4945 850031312!
927 4892 1022 4943 καὶ
1053 4891 1182 4960 περί
1218 4891 1412 4945 τούτου
1445 4892 1632 4959 σαφῶς
1660 4893 1796 4946 διεί-

197 4983 449 5051 ληπται·
481 4981 708 5036 ἐκάλεσε
748 4981 806 5034 δὲ
851 4981 1040 5034 τοῦτον
1071 4984 1098 5035 ὁ
1131 4982 1388 5052 Χριστὸς,
1431 4981 1586 5044 εἰδὼς
1629 4982 1792 5036 αὑτὸν

198 5077 379 5142 ἄξιον.

309 5222 355 5254 ⁸⁸
389 5218 537 5274 Psal.
589 5174 740 5282 xxxi,
771 5217 828 5272 8.

1901 3972 2002 4026 ista
2036 3988 2050 4024 :
2079 3970 2302 4025 Nescitis
2346 3971 2498 4038 cujus
2517 3970 2733 4038 spiritus
2758 3971 2881 4024 estis
2905 4009 2921 4036 ,
2959 3970 3143 4026 sedin
3171 3973 3294 4026 aliis
3314 3975 3495 4028 liomlo

1899 4065 1989 4118 liis
2018 4064 2123 4118 hoc
2147 4061 2358 4117 Domini
2397 4077 2718 4132 responsum
2737 4077 2862 4116 esse
2885 4064 2981 4115 ait.
3017 4062 3189 4134 Igitur
3220 4064 3486 4134 Spiritum

1904 4156 2130 4226 quidem
2172 4154 2418 4224 intellige
2452 4153 2718 4224 Spiritum
2751 4163 3026 4209 sanctum.
3064 4155 3112 4209 Is
3141 4156 3287 4209 enim
3318 4157 3493 4212 bonus

1902 4257 1987 4302 est
2025 4257 2082 4301 et
2121 4244 2434 4316 indulgens,
2467 4254 2529 4299 ut
2556 4245 2778 4314 reliqua:
2810 4260 3061 4316 personae
3085 4247 3248 4301 unius
3281 4256 3490 4302 natura:

1902 4340 2126 4394 divine.

1971 4454 2124 4510 CAP.
2161 4451 2406 4508 XXXIII.
2446 4451 2520 4505 De
2549 4468 2608 4506 eo
2657 4451 2741 4504 cui
2782 4467 2884 4504 non
2921 4452 3158 4521 permisit
3206 4463 3262 4507 ut
3309 4470 3492 4525 seque-

2599 4530 2768 4575 retur.

1975 4616 2132 4670 Vers.
2178 4616 2267 4670 56.
2303 4614 2369 4668 Et
2401 4615 2648 4668 abierunt
2682 4642 2750 4653 —
2798 4611 2957 4668 Vers.
2989 4614 3079 4669 58.
3132 4614 3366 4670 reclinet.
3417 4616 3491 4671 De

1903 4710 2007 4764 lioc
2036 4718 2091 4762 et
2129 4707 2416 4761 Mattlueus
2462 4705 2682 4774 scripsit
2721 4703 3052 4759 duodecimo
3089 4708 3290 4775 capite,
3337 4716 3390 4761 ct
3416 4709 3490 4763 ibi

1905 4801 2080 4872 posita
2105 4811 2187 4854 est
2213 4798 2612 4868 interpretatio.

1977 4894 2135 4950 Vers.
2175 4894 2262 4949 59.
2320 4894 2400 4946 Ait
2431 4922 2495 4932 —
2528 4890 2680 4946 Vers.
2726 4892 2814 4948 60.
2849 4895 2964 4949 Dei.
3002 4895 3078 4950 lbi
3102 4897 3268 4951 etiam
3328 4899 3490 4967 plane

1901 4989 1970 5043 de
1999 4988 2103 5044 hoc
2132 4986 2468 5056 disputatum
2500 4997 2606 5040 est.
2627 4987 2784 5041 Hunc
2802 5003 2931 5042 vero
2952 4987 3207 5045 Christus
3231 4992 3484 5056 vocabat,

1903 5082 2085 5136 sciens
2135 5094 2262 5134 eum
2282 5078 2528 5149 dignum.

1405 5285 1608 5348 Varia:
1653 5286 1962 5350 lectiones
1989 5294 2052 5351 et
2082 5295 2276 5351 notae.

280 5459 393 5525 (59)
418 5456 514 5511 llic
541 5454 842 5510 llentenius
875 5455 1124 5525 quaedam
1166 5453 1315 5509 addit
1341 5470 1405 5510 ex
1432 5454 1792 5521 editionibus,

202 5532 472 5597 ulisupra
506 5529 620 5596 ipse
665 5528 877 5597 monuit
916 5527 968 5579 in
1021 5525 1366 5579 Praefatione.

277 5596 392 5665 (συ)
420 5598 645 5662 Τοῦτον,
673 5612 769 5666 pro
809 5596 991 5652 αὐτόν.
1025 5605 1091 5650 Α.

276 5663 391 5748 (ιιι)
423 5668 551 5722 Haec
588 5663 816 5736 uterque
872 5667 931 5720 in
963 5665 1232 5737 margine.
1277 5664 1440 5721 Caret
1501 5680 1568 5720 eo
1639 5663 1791 5721 llen-

203 5750 411 5872 “733
458 5803 619 5862 Prius
663 5822 791 5879 ergo
853 5807 1224 5878 Chrysostomi
1250 5805 1579 5862 auctoritate
1606 5816 1790 5864 motus

1895 5456 2222 5528 Eutliymius
2249 5456 2536 5528 omiserat,
2601 5461 2698 5514 καὶ
2757 5456 2947 5514 εἶπεν·
2986 5463 3088 5515 οὐκ
3144 5463 3212 5517 ad
3267 5464 3485 5521 σῶσαι·

1893 5528 2249 5602 de‘indeyero
2288 5527 2535 5598 ejusdem
2569 5532 2891 5602 auctoritate
2929 5532 3319 5602 interpretatus
3372 5548 3478 5591 est.

1890 5597 2150 5674 Addenda
2181 5597 2491 5674 ergoerant
2541 5601 2820 5674 codicibus
2851 5597 3124 5674 Euthytn'ii
3161 5605 3214 5657 in
3251 5609 3479 5674 repetita

1894 5668 2152 5792 l‘ecg‘oue.
2181 5667 2287 5724 Sed
2315 5673 2415 5724 hoc
2441 5669 2774 5738 neglectum.
2795 5667 3028 5743 Copiosc
3050 5673 3118 5728 de
3150 5674 3255 5730 huc
3280 5667 3392 5731 dixi
3421 5679 3479 5731 in

1960 5807 2072 5880 ’65)
2135 5809 2224 5865 Ἑν
2263 5811 2478 5884 ἐκείνῳ,
2515 5827 2614 5885 pro
2637 5811 2773 5867 ἐκεῖ.
2802 5813 2863 5869 Β.
