4070 6394
634 368 738 429 9ἦ5

1841 363 2225 425 EU'I‘ilYMIl
2275 362 2640 425 ZlGABENI

3778 363 3882 427 916

708 478 859 531 V'ers.
927 474 1011 528 Gl.
1071 473 1218 528 Dixit
1251 504 1322 514 —
1360 472 1514 529 Vers.
1559 472 1653 525 89..
1712 487 1870 540 regno
1930 470 2044 525 Dei.
2098 472 2188 537 Qu‘

2375 466 2523 525 Εἶχε
2554 499 2625 511 -—
2671 469 3002 534 ,ϐασιλείαν
3042 471 3151 525 τοῦ
3202 469 3371 525 Θεοῦ.
3425 470 3487 522 ’0
3526 469 3881 541 ἐπιχειρήσας

637 583 794 621 arare
819 577 1071 628 conatur.
1103 576 1155 621 et
1186 584 1215 621 a
1251 577 1401 635 tergo
1432 564 1673 634 respicit,
1700 563 2001 633 corrumpit
2030 579 2198 618 cona-

634 668 723 710 tus
750 656 1235 724 promptitudinem
1263 655 1511 725 segnitie,
1548 670 1651 723 qua
1697 668 1723 705 a
1751 662 1901 723 tergo
1957 654 2198 722 respicit.

636 746 947 800 Parabolice
973 762 1104 816 ergo
1130 746 1379 800 Salvator
1414 746 1571 812 dixit,
1601 754 1841 800 aratrum
1879 753 1934 799 et
1984 745 2097 811 (xx)
2121 761 2199 798 se-

632 836 720 904 qui
742 852 797 889 se
823 850 841 887 :
873 844 926 889 et
945 834 1280 888 tantumdem
1302 844 1405 897 est,
1428 848 1492 888 ac
1526 834 1569 888 si
1600 834 1743 889 dicat
1766 832 2093 902 :Nemo,fqui
2114 848 2200 886 me

630 926 786 993 sequi
820 934 1068 984 conatur.
1093 925 1138 978 si
1175 940 1205 978 a
1230 933 1380 994 tergo
1430 926 1709 994 respiciat,
1750 926 1853 979 hoc
1882 935 1986 989 est,
2041 942 2197 981 men-

632 1025 736 1068 tem
763 1016 937 1069 adhuc
986 1014 1053 1068 ad
1086 1016 1408 1085 temporalia
1458 1017 1857 1085 habeat,aptus
1874 1024 1958 1071 est
1996 1017 2062 1071 ad
2108 1031 2197 1071 re-

628 1121 792 1175 gnum
818 1106 931 1158 Dei.
964 1104 1188 1175 Oportet
1207 1106 1351 1159 enim
1384 1120 1529 1168 eum,
1561 1107 1653 1174 qui
1676 1106 1829 1176 eligit
1858 1108 2013 1176 sequi
2039 1107 2199 1161 Chri-

628 1208 769 1250 stum
796 1198 1087 1251 confestim
1115 1198 1295 1251 omnia
1319 1197 1603 1266 despicere
1621 1207 1676 1252 et
1710 1200 1885 1269 sequi,
1919 1214 1988 1252 ne
2005 1199 2197 1255 oculos

625 1289 845 1357 quidem
887 1290 955 1343 ab
981 1304 1045 1343 eo
1071 1287 1410 1354 divertendo,
1445 1303 1514 1342 ne
1539 1289 1677 1343 forte
1704 1288 1889 1345 babitu
1922 1306 1985 1344 ac
2010 1292 2197 1359 specie

626 1395 817 1433 eorum
872 1395 992 1447 qua:
1030 1394 1059 1432 a
1117 1387 1265 1449 tergo
1323 1387 1469 1445 sunt,
1500 1381 1817 1435 retineatur.
1873 1380 2017 1447 Quid
2050 1383 2196 1438 enim

627 1472 737 1526 Deo
788 1471 1081 1541 Optabilius
1140 1486 1204 1524 ac
1239 1472 1631 1540 praestantius?

688 1585 840 1639 CAP.
876 1583 1115 1639 XXXIV.
1151 1583 1227 1637 De
1245 1584 1531 1653 designatis
1552 1585 1883 1655 septuaginta
1915 1587 2192 1654 apostolis.

621 1675 754 1744 Cap.
783 1673 853 1727 Χ.
887 1674 1043 1727 Vers.
1115 1687 1151 1726 t.
1206 1671 1328 1725 Post
1386 1673 1495 1725 luet:
1523 1701 1593 1710 —
1625 1674 1988 1742 septuaginta.
2044 1675 2194 1743 Apo-

2305 563 2590 633 ἀροτριᾷν,
2620 562 2712 615 καὶ
2747 560 2960 631 βλέπων
2992 562 3073 624 είς
3101 561 3171 614 τά
3202 562 3399 623 ὀπίσω,
3421 560 3639 631 φθείρει
3663 564 3721 614 τὸ
3743 566 3881 631 πρόο

2303 652 2472 723 θυμον
2502 653 2601 721 τῆς
2639 652 3031 721 ἐπιχειρήσεως
3051 654 3118 721 τῇ
3152 651 3399 722 ῥᾳθυμίᾳ
3430 652 3525 705 τοῦ
3552 652 3777 721 βλέπειν
3800 654 3880 712 είς

2299 743 2365 796 τὸ
2402 742 2599 796 ὀπίσω.
2646 742 3041 813 Παραϐολικῶς
3084 741 3263 795 τοίνυν
3315 744 3343 796 ὁ
3373 743 3568 813 Σωτὴρ
3625 741 3881 810 ἄροτρον

2299 833 2571 904 ὠνόμασε,
2594 833 2654 886 τὸ
2675 832 2987 886 ἀκόλουθετν
3014 832 3181 901 αὐτῷ,
3207 833 3397 899 λέγων,
3430 835 3513 887 ὅτι
3543 834 3734 895 Οὐδεὶς
3760 836 3880 884 ἐπι-

2300 926 2561 997 χειρήσας
2588 924 2907 979 ἀκολουθεῖν
2943 941 3057 991 μοι,
3083 922 3179 976 καὶ
3211 923 3425 993 βλέπων
3459 926 3541 987 είς
3568 926 3639 977 τὰ
3674 925 3874 984 ὀπίσω,

2300 1019 2565 1083 τουτέστι,
2601 1018 2694 1070 τὸν
2728 1014 2853 1069 νοῦν
2882 1017 2961 1068 [at
2994 1015 3133 1086 ἔχων
3169 1015 3247 1079 είς
3272 1015 3342 1068 τά
3394 1015 3651 1085 βιωτικὰ.
3687 1018 3878 1085 ἐπιτή-

2299 1112 2437 1173 δειός
2468 1112 2617 1163 ἔστιν
2673 1112 2753 1172 είς
2774 1108 2875 1179 τὴν
2930 1107 3210 1177 βασιλείαν
3263 1106 3359 1159 τοῦ
3390 1106 3549 1160 Θεοῦ.
3579 1109 3701 1178 Χρὴ
3734 1111 3877 1176 γὰρ,

2299 1203 2387 1253 τὸν
2421 1200 2674 1269 ἑλόμενον
2702 1198 2763 1251 τὸ
2789 1198 3105 1254 ἀκολουθεῖν
3135 1197 3213 1267 τῷ
3255 1197 3501 1266 Χριστῷ.
3533 1200 3752 1251 πάντων
3778 1200 3875 1251 co-

2300 1291 2436 1353 θὲως
2472 1291 2768 1360 ὑπεριδεῖν,
2802 1290 2893 1343 καὶ
2940 1289 3353 1358 ἀμεταστρεπτὶ
3395 1288 3569 1355 τούτῳ
3615 1288 3876 1349 ἕπεσθαι,

2301 1382 2511 1451 μήποτε
2529 1384 2594 1449 τῇ
2618 1381 2798 1449 σχέσει
2828 1380 2935 1432 τῶν
2960 1381 3135 1432 ὀπίσω
3160 1378 3494 1448 κατασχεθῇ.
3526 1378 3589 1432 Τί
3614 1378 3724 1448 γὰρ
3740 1380 3877 1431 θεοῦ

2300 1474 2677 1545 ποθεινότερόν
2701 1492 2762 1529 τε
2790 1477 2883 1528 καὶ
2916 1474 3354 1544 προτιμότερον;

2297 1588 2454 1640 ΚΕΦ.
2480 1586 2755 1653 ΛΔ’.Περί
2793 1584 2914 1640 τῶν
2945 1584 3421 1655 amas-[xcth
3448 1583 3876 1652 ἐϐδομήκοντα.

2367 1674 2526 1728 Μετὰ
2569 1674 2755 1727 ταῦτα
2782 1703 2853 1715 -
2906 1674 3333 1743 ἐϐδομήκοντα.
3382 1674 3880 1743 ’Δποστόλους,δη-

621 1766 789 1820 stolos
818 1764 1092 1819 videlicet.
1131 1762 1282 1816 Multi
1315 1762 1461 1817 enim
1492 1764 1755 1819 credituri
1781 1777 1958 1827 erant.
1995 1778 2051 1820 et
2073 1768 2188 1836 plu-

2295 1766 2493 1819 λονότι.
2519 1766 2710 1819 Πολλοὶ
2740 1766 2850 1837 γὰρ
2880 1765 3104 1835 ἔμελλον
3139 1766 3419 1819 πιστεύειν
3450 1767 3543 1817 καὶ
3589 1766 3750 1834 χρεία
3778 1782 3878 1832 κγ,-

625 1858 778 1911 ribus
828 1856 1275 1925 praedicatoribus
1327 1870 1467 1923 opus
1531 1866 1668 1909 erat.
1733 1855 2028 1913 Duodecim
2114 1861 2190 1913 si-

618 1950 839 2018 quidem
898 1947 1126 2017 apostoli
1181 1948 1391 2017 primus
1439 1957 1551 2002 erat
1592 1949 2189 2022 chorus;septuaginta

618 2056 772 2106 vero,
825 2042 1121 2095 secundus.
1166 2040 1275 2093 llos
1304 2050 1489 2095 autem
1550 2041 1845 2097 duodecim
1874 2052 1929 2097 et
1959 2054 2187 2113 septua-

618 2133 766 2203 ginta
824 2130 1245 2202 praeﬂgurabant
1290 2132 1576 2187 duodecim
1601 2131 1777 2188 fontes
1803 2149 2091 2204 aquarum,
2136 2145 2191 2190 et

618 2221 961 2291 septuaginta
1022 2222 1198 2273 trunci
1240 2220 1543 2288 palmarum
1580 2222 1633 2274 in
1682 2222 1872 2288 «Elim,
1908 2224 1975 2277 ad
2023 2240 2187 2293 quam

613 2320 881 2368 venerunt
910 2309 1163 2365 lsraelitze
1202 2311 1266 2374 “,
1310 2311 1400 2364 ubi
1454 2324 1602 2365 mare
1631 2309 1876 2367 Rubrum
1908 2324 2192 2383 pertrans-

613 2402 759 2457 issen
768 2410 807 2455 ι.

686 2490 841 2543 Vers.
876 2505 913 2543 ι.
945 2489 1011 2542 Et
1039 2489 1209 2542 amisit
1232 2519 1301 2529 --
1330 2499 1447 2543 erat
1491 2494 1599 2559 ipse
1626 2501 1894 2547 uenturus.
1916 2491 2187 2549 Similiter

614 2591 671 2635 et
715 2580 999 2636 duodecim
1056 2580 1392 2650 conjunctim
1444 2580 1553 2652 (ειν)
1606 2582 1807 2648 emisit,
1858 2584 2016 2638 sicuti
2055 2584 2191 2639 dixit

616 2672 829 2727 Marcus
880 2672 1093 2729 decimo
1151 2681 1348 2742 quarto
1383 2675 1598 2743 capite;
1653 2674 1748 2728 sed
1806 2675 2099 2730 duodecim
2133 2677 2187 2732 in

614 2779 808 2818 omnes
862 2764 1113 2819 civitates
1165 2779 1227 2818 ac
1279 2780 1447 2834 pagos
1498 2765 2185 2838 lsraelemisit,tanquam

614 2855 970 2926 perfectiores
1006 2872 1021 2911 :
1056 2858 1401 2928 septuaginta
1436 2872 1587 2921 vero,
1641 2857 1696 2910 in
1736 2859 1881 2912 solas
1916 2876 2008 2913 eas
2064 2876 2188 2929 quae

611 2948 667 3001 in
703 2947 937 2999 transitu
976 2956 1150 3009 erant,
1211 2962 1309 3015 per
1341 2962 1477 3015 quas
1525 2948 1629 3001 iter
1688 2948 1929 3002 [acturus
1958 2960 2097 3017 erat,
2127 2960 2186 3005 ut

610 3037 970 3108 przedicarent
1051 3039 1436 3093 remissionem
1526 3049 1892 3109 peccatorum,
1958 3044 2185 3111 ejusque

610 3129 927 3193 adventum,
955 3128 1047 3198 qui
1080 3129 1459 3183 remissionem
1480 3129 1697 3184 illorum
1724 3131 2009 3186 tribueret.

681 3305 912 3361 νει-ελ.
958 3306 1177 3360 Dicebat
1208 3336 1277 3348 —
1313 3310 1492 3376 pauci.
1548 3309 1784 3364 Messem
1846 3310 1979 3365 dicit
2038 3312 2181 3379 illos,

621 3399 715 3469 qui
749 3398 817 3453 ab
842 3398 1166 3453 infidelitate
1217 3399 1552 3464 demetendi,
1604 3411 1659 3456 et
1708 3402 1777 3457 ad
1815 3402 1977 3457 ﬁdem
2026 3419 2181 3459 suam

609 3498 765 3542 erant
821 3490 1193 3557 compurtandi
1229 3507 1243 3543 :
1283 3492 1561 3559 operarios
1595 3508 1745 3558 vero,
1803 3497 2100 3564 apostolos,
2127 3507 2183 3552 et

608 3580 923 3649 quicunque
962 3580 1028 3634 ad
1062 3580 1164 3634 boc
1195 3580 1693 3638 subministrarem.
1720 3584 1819 3642 Hic
1844 3597 2025 3641 autem
2062 3604 2181 3643 ma-

606 3672 860 3725 nifestata
885 3681 1145 3727 estcausa
1168 3674 1529 3742 promotionis
1550 3677 1791 3746 ipsorum
1812 3681 2178 3752 septuaginta,

606 3772 661 3817 et
692 3772 871 3817 tamen
907 3778 1111 3833 paucos
1141 3765 1320 3819 adhuc
1348 3780 1469 3821 esse
1502 3768 1635 3823 dicit
1660 3785 1855 3825 omnes
1902 3774 2179 3841 apostolos

602 3855 669 3909 ad
699 3855 1099 3908 multitudinem
1138 3856 1376 3922 iiiorum,
1408 3858 1500 3927 qui
1532 3861 1787 3915 credituri
1821 3872 1997 3917 erant.

680 3944 835 3999 Vers.
887 3945 941 3999 2.
984 3945 1182 4015 Rogata
1214 3977 1285 3986 —
1326 3965 1500 4003 suam.
1551 3952 1735 4005 Hocet
1759 3952 1833 4018 id,
1862 3954 2005 4022 quod
2054 3964 2181 4011 ante

608 4038 752 4091 istud
782 4038 1077 4105 praecessit,
1107 4041 1271 4093 etiam
1292 4040 1429 4095 dixit
1492 4042 1546 4096 in
1583 4043 1689 4099 iiue
1716 4044 1920 4099 decimi
2000 4048 2178 4101 octavi

603 4131 757 4199 juxta
798 4130 1119 4184 Slatthazum
1160 4132 1375 4201 capitis,
1404 4134 1497 4187 sed
1547 4136 1619 4188 ibi
1666 4152 1898 4191 messem
1952 4140 2177 4195 multam

606 4222 844 4292 appellat
894 4239 989 4278 eos
1050 4224 1142 4293 qui
1196 4225 1264 4279 de
1289 4224 1494 4280 ludatis
1541 4239 1697 4282 erant
1744 4232 2005 4286 credituri
2042 4252 2054 4286 :
2087 4234 2177 4289 hic

604 4322 784 4367 autem
829 4329 925 4369 eos
976 4317 1068 4384 qui
1109 4332 1173 4370 ex
1222 4318 1478 4387 gentibus
1508 4335 1524 4374 :
1552 4329 1607 4373 et
1634 4320 1706 4375 ibi
1746 4322 2003 4378 admonet
2044 4326 2177 4381 duo-

598 4403 796 4467 decim,
835 4414 891 4459 ut
920 4416 1077 4461 orent
1111 4422 1207 4473 pro
1236 4409 1535 4464 emissione
1575 4410 1769 4465 borum
1806 4416 2171 4485 septuaginta.

598 4495 686 4549 hic
710 4511 836 4549 vero
863 4497 1009 4566 ipsos
1044 4502 1391 4571 septuaginta
1434 4503 1714 4566 admonet,
1761 4514 1820 4558 ut
1861 4517 2020 4561 orent
2076 4524 2174 4578 pro
2210 4488 2248 4539 θ

600 4587 944 4655 promotione
977 4590 1358 4661 episcoporum
1390 4607 1453 4646 ac
1497 4606 1895 4663 praeceptorum
1943 4613 2041 4667 per
2057 4599 2175 4653 sin-

597 4677 747 4745 gulas
808 4679 1054 4735 civitates
1105 4696 1168 4735 ac
1218 4683 1489 4753 regiones.
1536 4684 1677 4756 Lege
1713 4696 1894 4743 autem
1956 4705 2180 4745 enarra-

599 4766 801 4821 tionem
854 4772 1141 4841 przesentjs
1191 4774 1322 4829 dicti
1358 4778 1409 4831 in
1439 4790 1744 4836 memorato
1790 4784 1971 4851 capite
1991 4785 2172 4838 Evan-

595 4857 719 4925 gelii
759 4862 1063 4915 secundum
1090 4863 1409 4923 Mattiieum.

670 4944 828 5004 Vers.
860 4952 913 5006 3.
966 4954 1045 5009 ltc
1078 4986 1145 4996 -—
1174 4958 1343 5026 lupos.
1376 4959 1487 5015 lloc
1544 4963 1707 5017 etiam
1755 4966 1819 5019 ad
1880 4966 2169 5022 duodecim

666 5126 709 5159 “
740 5125 905 5184 Exod.
942 5145 1031 5195 xv,
1059 5130 1149 5185 27.

2300 1854 2479 1923 ρύκων
2532 1855 2792 1908 πλειόνων
2839 1850 2929 1924 ἦν.
2950 1853 3165 1907 Δώδεκα
3208 1854 3308 1923 μὲν
3348 1850 3450 1937 ρῦν
3510 1856 3825 1920 ἀπόστολοι,
3852 1856 3878 1905 ὀ

2292 1945 2509 2014 πρῶτος
2538 1945 2697 2014 χορός
2718 1962 2730 1973 ·
2760 1944 3130 2015 ἑϐδομήκοντα
3165 1945 3245 2010 δὲ,
3271 1947 3299 1997 ὀ
3328 1944 3609 2013 δεύτερος.
3634 1946 3876 2007 Τούτους

2293 2034 2349 2086 δὲ
2374 2034 2498 2095 τοὺς
2552 2032 2777 2097 δώδεκα,
2808 2034 2901 2086 καὶ
2958 2034 3082 2096 τοὺς
3140 2033 3537 2102 ἑϐδομήκοντα,
3566 2033 3735 2085 πάλαι
3766 2032 3876 2102 (66)

2294 2124 2732 2196 προετύπουν,εν
2759 2128 2825 2197 τῇ
2851 2126 3067 2193 Λίλεὶμ,
3093 2127 3171 2187 εἷς
3190 2124 3255 2194 ἦν
3285 2122 3447 2195 ἦλθον
3471 2126 3519 2176 οἱ
3539 2125 3877 2195 Ἰσραηλῖται

2296 2216 2585 2279 διαϐάντες
2614 2219 2713 2287 την
2738 2216 3011 2285 Ἐρυθρὰν
3038 2215 3341 2281 θάλασσαν,
3371 2219 3423 2270 αἱ
3452 2217 3663 2270 δώδεκα
3693 2218 3871 2287 πηγαὶ

2289 2306 2399 2359 τῶν
2432 2306 2659 2371 ὑδάτων,
2710 2307 2805 2359 καὶ
2836 2308 2906 2361 τά
2939 2306 3313 2376 ἑδδομήκοντα
3369 2308 3596 2377 στελέχη
3624 2309 3733 2361 τῶν
3758 2326 3879 2379 eet-

2291 2398 2482 2451 νίκων.

2360 2489 2470 2543 Kal
2524 2487 2889 2544 ἀπέστειλεν
2933 2518 3001 2531 --
3040 2488 3300 2555 ἔμελλεν
3331 2490 3519 2555 αὐτὸς
3568 2490 3873 2558 ἔρχεσθαι.

2290 2580 2403 2633 Καὶ
2425 2581 2553 2642 τοὺς
2589 2578 2797 2631 δώδεκα
2832 2578 3035 2647 ὁμοίως
3063 2578 3203 2631 κατὰ
3229 2577 3494 2645 συζυγίαν
3523 2580 3874 2643 ἀπέστειλεν,

2289 2671 2365 2732 ὡς
2391 2670 2584 2740 εἴρηκε
2609 2671 2837 2739 Μάρκος
2879 2672 2938 2721 εν
2963 2669 3039 2739 τῷ
3082 2671 3669 2741 τεσσαρεσκαιδεκάτη)
3704 2690 3876 2738 κεφα-

2292 2760 2431 2830 λαίῳ
2454 2775 2467 2787 ·
2501 2760 2638 2813 ἀλλά
2667 2762 2793 2823 τοὺς
2817 2759 3026 2813 δώδεκα
3068 2760 3167 2828 μὲν
3222 2762 3301 2823 είς
3350 2760 3529 2823 πάσας
3574 2762 3673 2823 τὰς
3698 2762 3878 2824 πόλεις

2289 2852 2384 2904 καὶ
2409 2851 2601 2920 κώμας
2630 2851 2724 2905 τοῦ
2754 2851 2973 2921 Ἰσραὴλ
3004 2852 3345 2913 ἀπέστειλεν,
3368 2853 3443 2916 ὡς
3466 2852 3837 2921 τελειοτέροκ
3859 2870 3872 2881 '

2289 2946 2414 3007 τοὺς
2448 2944 2823 3015 ἑϐδομήκοντα
2862 2943 2940 3009 δὲ,
2969 2946 3047 3006 εἰς
3105 2947 3275 3013 μόνας
3307 2946 3405 3001 τὰς
3436 2945 3578 2998 κατά
3637 2946 3877 3015 πάροδον

2292 3034 2454 3087 αὑτοῦ
2482 3038 2766 3105 κειμένας,
2792 3036 2860 3087 δι’
2902 3029 2975 3087 ὧν
3026 3033 3223 3103 ἔμελλε
3282 3036 3640 3105 πορεύεσθαι.
3664 3036 3873 3105 κηρύτ-

2215 3142 2256 3200 C
2290 3143 2482 3189 τοντας
2540 3126 2833 3195 μετάνοιαν
2882 3124 3323 3195 ἁμαρτημάτων,
3387 3127 3482 3178 καὶ
3536 3126 3724 3194 ἀςριξιν
3781 3126 3876 3178 τοῦ

2293 3218 2532 3287 χορηγοῦ
2566 3217 2663 3285 τῆς
2692 3218 2898 3269 τούτων
2932 3217 3200 3286 ἀφέσεως.

2366 3311 2572 3379 Ἔλεγε
2600 3339 2670 3350 -
2705 3310 2915 3378 ὀλίγοι.
2937 3310 3208 3379 Θερισμδν
3238 3310 3337 3379 μὲν
3362 3309 3511 3378 λέγει
3559 3312 3688 3373 τοὺς
3723 3312 3877 3380 05p:-

2293 3402 2660 3471 σθησομένους
2684 3401 2795 3471 (65)
2821 3401 2927 3454 ἀπὸ
2954 3401 3053 3469 τῆς
3077 3403 3337 3465 ἀπιστίας
3368 3403 3461 3454 καὶ
3490 3403 3874 3471 συγκομισοη-

2293 3494 2551 3563 σομινους
2603 3494 2682 3557 είς
2737 3492 2834 3563 τὴν
2888 3492 3069 3546 πίστιν
3120 3492 3313 3545 αὐτοῦ’
3344 3494 3588 3562 ιργάτας
3643 3493 3876 3556 δὲ,τοὺς

2291 3586 2647 3651 ἀποστόλους,
2679 3587 2807 3649 τοὺς
2833 3585 3243 3656 ὑπηρετοῦντας
3267 3588 3345 3647 εἰς
3365 3585 3546 3637 τοῦτο.
3568 3586 3875 3655 Δεδήὶωται

2288 3678 2344 3731 δι
2373 3678 2610 3731 ἐνταῦθα
2640 3680 2673 3747 ἡ
2700 3678 2851 3731 αἰτία
2879 3678 2982 3745 τῆς
3010 3676 3285 3747 προϐολῆς
3315 3677 3423 3729 τῶν
3464 3676 3865 3747 ἑϐδομήκοντα.

2288 3769 2398 3821 Καὶ
2429 3770 2509 3821 ἔτι
2557 3769 2613 3821 δὲ
2672 3768 2885 3835 ὀλίγους
2941 3767 3143 3838 ἔφησεν
3178 3762 3317 3820 εἶναι
3372 3767 3498 3828 τοὺς
3548 3769 3872 3835 σύμπαντες

2288 3865 2642 3929 ἀποστόλους,
2661 3864 2795 3932 πρὸς
2813 3865 2873 3915 τὸ
2888 3863 3089 3932 πλῆθος
3112 3861 3223 3915 τῶν
3244 3861 3550 3931 μελλόντων
3570 3880 3609 3914 π
3639 3861 3870 3914 στεύειν.

2356 3956 2613 4021 Δεήθητε
2647 3986 2714 3998 -
2748 3953 2957 4007 αὐτοῦ.
3004 3954 3176 4006 Τοῦτο
3244 3954 3342 4006 καὶ
3388 3954 3449 4005 τὸ
3512 3954 3621 4022 πρὸ
3678 3954 3870 4005 τούτου

2288 4048 2450 4116 ῥητὸν
2480 4042 2599 4098 εἷπε
2634 4048 2728 4099 καὶ
2752 4049 2809 4098 ὲν
2842 4044 2919 4114 τῷ
2951 4046 3093 4098 τέλει
3126 4044 3221 4097 τοῦ
3260 4044 3738 4097 ὀκτωκαιδεκάτου
3774 4064 3870 4096 κε-

2286 4140 2517 4211 φαλαίου
2544 4140 2637 4193 τοῦ
2670 4141 2811 4193 κατά
2842 4139 3280 4194 Ματθαῐον’ἀλλ“
3310 4141 3430 4191 ἐκεῖ
3462 4139 3562 4209 μὲν
3598 4138 3862 4209 θερισμζν

2286 4233 2455 4285 πολὺν
2485 4233 2661 4301 ἔλεγε,
2682 4233 2809 4293 τοὺς
2834 4231 2896 4295 ἑξ
2928 4230 3199 4285 Ἰουδαίων
3222 4230 3513 4282 πιστεῦσαι
3540 4228 3834 4298 μέλλοντας
3852 4247 3866 4261 ·

2284 4325 2517 4379 ἐνταῦθα
2541 4326 2621 4388 δὲ,
2645 4327 2769 4387 τοὺς
2801 4325 2859 4388 ἐξ
2891 4324 3081 4377 ὲθνῶν.
3104 4324 3210 4375 Καὶ
3247 4323 3359 4393 (66)
3403 4323 3523 4373 ἐκεῖ
3551 4322 3653 4391 μὲν
3701 4339 3871 4391 προε-

2283 4419 2516 4487 τρέπετο
2546 4417 2672 4479 τοὺς
2706 4416 2939 4480 δώδεκα,
2967 4414 3227 4485 δεηθῆναι
3266 4412 3395 4480 περὶ
3421 4413 3731 4482 ἀποστολῆς
3753 4414 3868 4464 τῶν

2278 4509 2649 4578 ἑϐδομήκοντα
2677 4508 2921 4560 τούτων·
2957 4504 3195 4557 ἐνταῦθα
3224 4505 3281 4557 δὲ
3315 4506 3445 4566 τοὺς
3484 4503 3863 4573 ἑϐδομήκοντα

2277 4601 2521 4666 τούτους,
2556 4602 2685 4670 περὶ
2713 4599 2985 4669 προϐολῆς
3018 4598 3126 4651 τῶν
3160 4599 3301 4651 κατὰ
3337 4596 3518 4659 πόλεις
3550 4598 3643 4648 καὶ
3672 4596 3859 4665 χώρας

2276 4694 2593 4745 ἐπισκόπων
2639 4694 2731 4745 καὶ
2793 4691 3151 4745 διδασκάλων.
3188 4688 3495 4756 Ἀνάγνωθι
3526 4689 3584 4740 δὲ
3630 4690 3727 4740 καὶ
3763 4687 3864 4755 τὴν

2276 4785 2540 4854 ἐξήγησιν
2567 4785 2661 4838 τοῦ
2715 4785 2985 4853 παρόντος
3014 4782 3184 4854 ῥητοῦ
3216 4783 3274 4835 ὲν
3297 4782 3374 4853 τῷ
3431 4780 3653 4851 ῥηθέντι
3687 4796 3862 4846 25.71-

2277 4877 2413 4943 λαίῳ
2448 4875 2539 4927 τοῦ
2566 4876 2705 4929 κατὰ
2745 4878 3051 4930 Ματθαῖον.

2362 4967 2649 5036 Ὑπάγετε
2695 4998 2763 5008 —-
2798 4970 3023 5025 λύκων.
3069 4967 3242 5022 Τοῦτο
3271 4963 3394 5021 εἷπε
3443 4966 3535 5018 καὶ
3570 4963 3706 5036 πρὶς
3736 4962 3862 5023 τοὺς

1798 5211 1997 5272 Variae
2044 5211 2353 5275 lectiones
2392 5228 2449 5276 ct
2493 5227 2681 5279 notm.

666 5359 777 5443 (ϐξ)
818 5361 1021 5443 Auctor
1052 5364 1214 5431 hujus
1239 5371 1523 5443 scutcnlize
1564 5381 1648 5425 est
1698 5372 1984 5443 Origenes.
2016 5376 2167 5431 llOtn.

592 5430 625 5514 β
652 5429 704 5483 in
736 5429 931 5514 Exod”
964 5429 1358 5514 quam—postea,
1399 5449 1457 5493 ut
1486 5442 1597 5495 fere
1628 5429 1846 5507 accidit,
1868 5429 2171 5514 plures—iu;

595 5510 860 5569 terpretes
886 5512 1015 5556 sunt
1043 5506 1297 5574 amplexi.

2348 5382 2459 5450 (65)
2519 5382 2933 5451 θερισομένους.
2968 5384 3035 5439 Α.

2352 5452 2462 5522 (66)
2512 5452 2619 5505 Καί
2649 5454 2821 5509 abest.
2856 5454 2920 5507 Α.

665 5669 779 5747 (xx)
818 5672 909 5747 ΔΕΙ
934 5676 1083 5747 sequi
1109 5693 1181 5729 se.
1221 5676 1303 5738 Et.
1335 5696 1440 5733 non
1474 5692 1555 5735 est
1583 5683 1636 5735 in
1669 5681 1856 5737 ϐιωςο
1895 5694 1946 5736 et
1980 5683 2167 5739 abesse
2200 5691 2377 5747 debet.

663 5741 774 5811 (yy)
806 5741 1162 5813 Coujuttt'tim.
1198 5750 1350 5804 Κατὰ
1390 5753 1651 5821 συζυγίαν
1685 5765 1766 5808 est
1793 5757 1959 5808 binos.
