4070 6426
253 405 362 466 9ζ7

1269 395 1656 460 COMMENT.
1696 391 1778 454 IN
1815 389 2094 452 LUCAM.
2133 414 2198 426 -
2237 390 2398 452 CAP.
2436 391 2510 451 Χ.

3420 387 3526 453 958

253 516 492 582 δώδεκα,
520 517 615 569 καὶ
657 517 893 587 ζήτησον
945 514 1003 567 ὲν
1037 511 1117 580 τῷ
1170 510 1642 576 ἐννεακαιδεκάτῳ
1677 519 1843 572 κεφα-

1956 499 2109 564 dixit,
2129 511 2186 557 et
2206 516 2387 572 quaere
2425 499 2638 555 decimo
2679 512 2826 553 nono
2868 498 3020 567 juxta
3063 496 3380 551 Mattliaeum
3433 511 3527 551 ca-

254 605 399 677 λαίῳ
446 607 539 660 τοῦ
578 609 719 661 κατὰ
752 605 1037 660 Ματθαῖον
1070 602 1168 673 τὴν
1201 600 1502 672 ἑρμηνείαν
1531 597 1628 652 τοῦ
1654 612 1666 625 ⁸
1697 593 1848 649 Ἰδοὺ

252 696 374 766 ἐγὼ
388 697 749 751 ἀποστέλλω
771 695 927 766 ὑμᾶς
965 695 1046 759 ὡς
1070 693 1334 760 πρόϐατα
1352 692 1422 744 ἐν
1437 691 1606 760 μέσῳ
1618 687 1844 742 λύκων.

331 790 490 842 Εἴποι
529 788 575 841 δ’
611 788 676 841 ἄν
725 804 809 847 τις
863 785 1166 846 κάνταῦθα,
1194 784 1275 837 ὅτι
1310 783 1436 846 τοὺς
1494 779 1704 834 δώδεκα
1742 777 1845 848 μὲν

253 877 510 946 πρόϐατα
575 875 856 941 ἐκάλεσεν,
904 874 979 939 ὡς
1021 873 1395 944 τελειοτέρους
1417 889 1429 902 ·
1462 870 1586 931 τοὺς
1608 868 1846 940 ἐδδομήυ

257 985 431 1020 κοντα
459 969 539 1033 δὲ,
571 969 764 1038 ἄρνας.

334 1058 432 1124 Μὴ
448 1087 517 1096 ~-
532 1057 906 1127 ὑποδήματα.
938 1058 1036 1112 Διά
1059 1059 1158 1129 τῆς
1187 1056 1618 1130 ἀπαγορεύσεως
1638 1071 1846 1108 τουτων

260 1147 480 1202 κελεύει
511 1150 736 1220 θαρρεῖν
764 1151 894 1221 περὶ
942 1151 1050 1203 τῶν
1098 1150 1416 1217 ἀναγκαίων
1446 1148 1541 1201 τοῦ
1593 1146 1845 1215 σώματος

258 1240 356 1291 ἐπὶ
389 1239 468 1309 τῷ
492 1241 873 1294 ἀποστείλαντι
897 1241 1122 1304 τούτους
1150 1257 1165 1272 ·
1195 1241 1499 1310 ἀποτρέπει
1523 1239 1601 1304 δὲ,
1628 1236 1844 1308 διὰημὲν

261 1329 361 1384 τοῦ
397 1331 470 1401 μὴ
501 1331 795 1401 βαστάζειν
823 1332 1112 1403 βαλάντιον
1151 1331 1286 1402 (67),
1313 1332 1413 1401 τὴν
1443 1329 1841 1401 φιλαργυρίαν·

256 1421 352 1473 διὰ
381 1423 437 1475 δὲ
479 1423 599 1484 τοῦ,
621 1424 706 1492 μὴ
741 1425 964 1493 πήραν,
992 1425 1051 1477 τὸ
1085 1426 1160 1494 μὴ
1196 1422 1558 1494 ταμιεύεσθαι
1592 1423 1836 1491 τροφήνο

257 1513 351 1566 διὰ
379 1515 436 1567 δὲ
464 1514 580 1578 τοῦ,
600 1517 686 1584 μὴ
742 1513 1125 1583 ὑποδήματα,
1155 1514 1495 1584 παιδοτρισεῖ
1533 1513 1736 1576 αὐτοὺς
1763 1511 1844 1574 είς

257 1604 518 1672 ἄσκησιν.
549 1606 894 1674 Παρὴγγειλε
924 1608 991 1676 δὴ
1045 1605 1217 1659 ταῦτα
1254 1606 1348 1659 καὶ
1379 1607 1491 1668 τοῖς
1549 1603 1757 1657 δώδεκα
1787 1605 1845 1656 ὲν

258 1681 359 1764 ’τῷ⁸
372 1694 670 1763 δηλωθέντι
694 1697 1168 1765 ἐννεακαιδεκάτῳ
1197 1695 1504 1764 κεφαλαίῳ.

333 1785 444 1837 Kal
474 1812 543 1826 --
562 1785 951 1853 ἀσπάσησθε.
978 1785 1151 1838 Τοῦτο
1187 1785 1620 1853 προσέταξεν,οὑ
1659 1781 1844 1854 βουλό-

264 1893 432 1945 μενος
486 1876 894 1945 ἀπανθρώπους
928 1874 1126 1940 αὐτοὺς
1175 1875 1427 1944 γίνεσθαι
1474 1876 1571 1929 καὶ
1604 1876 1852 1945 ἀπροση-

259 1966 482 2036 γόρους,
505 1965 619 2019 ἀλλ’
653 1967 1113 2036 ἀνεμποδίστους.
1164 1966 1338 2020 Εἴωθε
1371 1967 1480 2038 γὰρ
1513 1966 1703 2035 η,καθ’
1731 1966 1850 2019 ὁδὸν

257 2051 451 2121 ὁμιλία
491 2054 550 2106 τὸ
604 2053 862 2107 σύντονον
921 2056 1214 2123 ὲγκόπτειν
1271 2055 1346 2118 ὠς
1392 2057 1460 2108 τὰ
1519 2055 1691 2109 πολλά
1745 2055 1850 2124 τῆς

261 2144 527 2212 σπουδῆς.
556 2146 901 2216 Προστάττει
949 2147 1133 2200 τοίνυν
1169 2148 1356 2210 αὐτοῖς
1406 2147 1564 2216 μόνον
1598 2146 1850 2214 γίνεσθαι

257 2234 359 2287 τοῦ
415 2237 876 2305 ὲμπιστευθέντος
929 2238 1235 2308 ἔργου,καὶ
1294 2239 1431 2310 μηδὲ
1488 2238 1580 2291 τὸν
1615 2239 1850 2308 τυχόντα

257 2326 458 2394 καιρὸν
488 2330 584 2380 τοῦ
615 2330 978 2399 κηρύγματος
1032 2331 1280 2401 δαπανᾷν
1312 2333 1392 2394 εἰς
1446 2332 1515 2385 τὰ
1569 2331 1643 2401 μὴ
1680 2332 1850 2398 ἀναγ-

260 2419 399 2472 καία
423 2420 516 2472 καὶ
540 2421 820 2492 πάρεργα.
852 2424 963 2475 Kal.
992 2426 1018 2476 6
1061 2422 1363 2486 Ἐλισσαῖος
1395 2422 1449 2475 δὲ
1476 2423 1641 2476 πάλιν
1685 2421 1849 2492 Γιεζῆ

258 2510 358 2564 τὸν
394 2513 674 2585 ὑπηρέτην
709 2514 876 2567 αὑτοῦ
909 2515 999 2568 ἐπί
1034 2533 1086 2569 τι
1121 2519 1446 2584 κατεπεῖγον
1493 2517 1846 2583 ἀποστείλας,

261 2605 577 2658 ἐνετείλατο
603 2622 618 2638 ·
661 2607 742 2660 ὅτι
787 2609 927 2660 Ἐὰν
984 2608 1168 2676 εὕρῃς
1201 2608 1413 2676 ἄνδρα,
1445 2611 1554 2663 οὐκ
1601 2609 1855 2678 εὐλογή-

263 2709 402 2761 σεις
426 2698 637 2752 αὐτόν·
656 2700 754 2752 καὶ
781 2699 889 2753 ἐὰν
913 2699 1226 2770 εὐλογήσῃ
1261 2717 1333 2754 σε
1361 2700 1538 2768 ἀνὴρ,
1563 2702 1675 2754 οὐκ
1705 2701 1857 2755 ἀπο-

263 2785 525 2854 κριοήσῃ
549 2787 709 2853 αὐτῷ
733 2805 746 2818 ·
783 2791 1065 2860 ἐμφαίνων
1097 2791 1157 2842 τὸ
1191 2792 1390 2860 χρῆναι
1435 2790 1672 2860 βαδίζειν
1702 2793 1851 2845 ἀπεο

266 2875 587 2943 ρίσπαστον,
615 2879 709 2929 καὶ
739 2879 1023 2942 παντελῶς
1060 2880 1481 2950 ἀνεμπόδιστον.

339 3046 450 3111 Εἰς
480 3043 561 3111 ἣν
586 3073 658 3085 -—-
689 3046 898 3109 τούτῳ,
930 3045 1102 3098 Τοῦτο
1138 3047 1200 3099 τὸ
1235 3048 1533 3119 πρόσρημα
1559 3049 1852 3119 ἀσπασμὸν

1960 588 2075 658 pite
2107 589 2235 644 dicti
2271 589 2416 645 illius
2478 587 2986 658 interpretationem
3021 603 3036 640 :
3073 586 3206 640 Ecce
3228 602 3321 656 ego
3377 587 3530 639 mitto

1947 695 2036 732 vos
2076 689 2329 750 tanquam
2354 696 2470 734 oves
2496 680 2551 732 in
2585 679 2756 732 medio
2786 677 3031 745 luporum
3061 678 3135 732 “.

2018 770 2222 825 Poterit
2259 770 2440 839 quivis
2465 771 2569 824 hoc
2587 770 2755 824 etiam
2797 768 2916 822 loco
2963 766 3170 831 dicere,
3221 763 3365 832 quod
3393 764 3529 818 duo-

1952 859 2131 915 decim
2168 861 2528 930 appellaverit
2569 875 2721 924 oves,
2750 869 3012 927 tanquam
3048 855 3531 926 perfectiores,se-

1947 948 2232 1020 ptuaginta
2254 964 2385 1004 vero
2408 964 2601 1020 agnos,
2642 960 2904 1016 tanquam
2939 944 3294 1014 {teneriores

2018 1039 2173 1098 Vers.
2219 1041 2274 1093 4.
2331 1039 3016 1094 Νοιὶισ-εαιεεαπιεηια,
3073 1034 3188 1090 Hoc
3238 1034 3529 1089 interdicto

1943 1131 2176 1201 jubetut
2204 1133 2271 1188 de
2295 1133 2642 1188 necessariis‘
2672 1131 2922 1199 corporis
2951 1143 3104 1196 span
3143 1128 3198 1181 in
3243 1126 3392 1180 illum
3426 1126 3528 1180 lia-

1946 1223 2133 1286 beant,
2177 1224 2267 1293 qui
2306 1224 2456 1293 ipsos
2514 1222 2716 1276 emisit.
2757 1221 2893 1275 Cum
2918 1228 3098 1274 autem
3119 1218 3294 1288 jubet,
3323 1231 3393 1270 ne
3416 1231 3530 1270 saco

1947 1312 2128 1366 culum
2187 1311 2475 1378 fcrant,ab
2521 1311 2745 1366 avaritia
2787 1319 3001 1364 avocat.
3088 1309 3305 1372 Dicens,
3364 1323 3530 1376 neque

1946 1421 2147 1473 peram,
2179 1404 2500 1458 dehortatur
2529 1417 2558 1456 a
2608 1399 2957 1456 recondendo
2989 1399 3136 1454 cibo.
3214 1397 3352 1452 Cum
3395 1411 3529 1452 vero

1946 1497 2094 1551 addit
2129 1515 2142 1550 :
2176 1512 2335 1561 neque
2387 1495 2745 1550 calceamenta
2779 1532 2794 1556 ,
2861 1492 2928 1546 ad
3007 1491 3332 1546 exercitium
3380 1489 3530 1557 ipsos

1947 1586 2146 1640 erudit.
2184 1585 2452 1654 Praecepit
2487 1599 2614 1639 vero
2641 1583 2947 1640 binoctium
2973 1582 3261 1638 duodecim
3312 1579 3532 1634 laudato

1948 1675 2064 1742 capi
2079 1685 2129 1729 te
2156 1674 2373 1729 decimo
2420 1689 2586 1730 nono.

2024 1764 2180 1820 Vers.
2251 1766 2304 1819 4.
2339 1765 2404 1818 Et
2442 1793 2514 1806 —
2573 1764 2958 1818 salutaveritis.
3020 1760 3135 1816 Hoc
3193 1761 3374 1833 jussit,
3416 1776 3529 1816 non

1955 1854 2284 1910 inhumanos
2333 1870 2428 1909 eos
2462 1855 2576 1908 ﬁeri
2617 1855 2826 1916 volens,
2875 1862 2970 1908 aut
3019 1854 3263 1908 moribus
3283 1867 3526 1921 asperos,

1954 1961 2095 2015 quos
2144 1962 2303 2000 nemo
2349 1946 2520 2015 possit
2581 1944 2930 2013 compellare,
2987 1944 3080 1996 sed
3136 1942 3530 2011 impedimento

1954 2046 2228 2094 carentes.
2281 2037 2430 2092 Solet
2454 2038 2599 2090 enim
2627 2034 2883 2090 salutatio
2906 2047 3001 2102 per
3034 2034 3198 2096 viam,
3239 2032 3534 2085 vehemen-

1954 2132 2043 2186 tia:
2087 2129 2253 2185 studii
2305 2138 2363 2183 ut
2403 2127 2698 2197 plurimum
2732 2125 2972 2180 obstare.
3035 2122 3288 2191 Prmcipit
3350 2122 3534 2190 itaque

1953 2221 2082 2284 illis,
2151 2228 2209 2273 ut
2265 2219 2364 2272 soli
2423 2216 2571 2284 operi
2631 2216 2712 2270 eis
2766 2214 3060 2268 commisso
3106 2211 3440 2267 intendant:
3476 2221 3535 2265 et

1955 2312 2190 2367 oblatam
2215 2307 2618 2379 pradieationis
2648 2305 2993 2362 occnsionem
3022 2318 3129 2357 ncn
3167 2303 3445 2357 insumant
3474 2301 3533 2357 in

1956 2419 2016 2460 ea
2061 2419 2179 2474 qua:
2206 2400 2522 2456 necessaria
2550 2414 2658 2454 non
2692 2404 2842 2462 sunt,
2877 2396 2971 2451 sed
3025 2402 3223 2466 praeter
3256 2395 3530 2449 intentum

1955 2508 2074 2547 sese
2105 2491 2362 2546 oﬁ’erunt.
2387 2489 2622 2543 Elisaaus
2651 2501 2868 2556 quoque
2898 2487 3030 2539 olim
3050 2485 3252 2539 emisso
3274 2483 3422 2540 Giezi
3450 2484 3534 2538 fa-

1957 2585 2106 2638 mulo
2141 2581 2208 2636 ad
2234 2596 2372 2650 opus
2410 2581 2555 2648 quod
2582 2578 2986 2632 festinationem
3033 2575 3360 2646 requirebat,
3390 2591 3533 2646 pra:-

1956 2676 2100 2744 cepit
2130 2674 2356 2728 dicens:
2390 2671 2450 2726 Si
2486 2672 2747 2724 inveneris
2770 2671 2968 2733 virum,
3003 2683 3104 2720 non
3152 2667 3423 2720 benedicas
3449 2668 3536 2720 ei:

1957 2775 2004 2819 et
2034 2766 2079 2820 si
2111 2765 2208 2817 tibi
2242 2761 2564 2816 benedixerit
2599 2761 2700 2821 vir,
2727 2775 2790 2812 ne
2821 2759 3136 2826 respondeas
3169 2757 3251 2810 illi
3279 2757 3344 2821 “,
3391 2756 3534 2810 indi-

1956 2872 2088 2911 cans
2120 2870 2260 2924 opus
2289 2868 2412 2908 esse
2457 2861 2518 2906 ut
2545 2851 2902 2910 indistractus
2926 2863 2990 2903 ac
3025 2847 3252 2902 omnino
3280 2847 3401 2902 sine
3434 2847 3537 2901 im-

1956 2948 2270 3018 pedimento
2303 2943 2646 3013 procederet.

2025 3042 2180 3096 Vers.
2218 3041 2268 3095 5.
2305 3039 2370 3093 In
2419 3052 2784 3106 quamcunque
2815 3064 2886 3075 —-
2915 3033 3056 3086 huic.
3121 3029 3272 3084 Hanc
3330 3028 3536 3084 allocu-

265 3139 532 3192 ικάλεσεν
560 3140 588 3192 ὁ
614 3139 896 3202 Ματθαῐος
927 3137 1044 3208 (68)
1076 3139 1133 3190 ὲν
1155 3138 1234 3208 τῷ
1288 3138 1652 3209 προρρηθέντι
1685 3158 1851 3210 κεφα-

1964 3133 2163 3189 tionem
2217 3131 2501 3186 Mattheus
2524 3128 2907 3184 salutationem
2936 3120 3236 3178 nominavit
3276 3120 3538 3191 praedicto

265 3215 429 3299 λαίῳ.
484 3229 760 3299 Σύμϐολον
780 3231 835 3283 δὲ
864 3230 1085 3299 ἀγάπης
1113 3230 1141 3282 ὀ
1161 3231 1400 3293 τοιοῦτος
1434 3232 1858 3306 ἀσπασμὸς,δη-

266 3320 500 3388 ).ὦν,ὅτι
533 3322 804 3392 είρηνικοὶ
837 3322 931 3375 καὶ
965 3321 1110 3392 φίλοι
1149 3321 1580 3393 παραγεγόνασι,

339 3505 450 3560 Kal.
487 3506 597 3559 ἐὰν
626 3535 696 3547 -
730 3504 898 3575 ὑμῶν
945 3505 1079 3576 (69).
1123 3507 1188 3559 Ἥ
1247 3505 1410 3577 χάρις
1452 3509 1550 3577 τῆς
1609 3507 1857 3580 δοθείσης

267 3597 496 3668 εἰρήνης
544 3598 678 3667 παρ’
700 3599 878 3668 ὑμῶν,
918 3599 951 3667 ἡ
983 3597 1232 3668 ἐνέργεια
1265 3598 1356 3651 τοῦ
1388 3597 1632 3652 τοιούτου
1649 3600 1812 3668 λόγου
1834 3615 1846 3628 ·

269 3688 392 3750 υίὸς
416 3688 474 3740 δὲ
496 3687 783 3758 είρήνης,ὁ
808 3687 1108 3758 εἰρηνικὸς,
1128 3688 1204 3750 ὡς
1229 3687 1501 3758 διαφόρως
1527 3689 1850 3759 εἰρήκαμεν.

345 3876 414 3928 El
439 3873 507 3927 δὲ
545 3903 614 3912 -
639 3872 1001 3942 ἀνακάμψει.
1044 3873 1344 3940 Ἀνάγνωθι
1373 3874 1466 3926 καὶ
1494 3877 1552 3928 ὲν
1575 3873 1652 3944 τῷ
1678 3876 1853 3929 ὲννεαο

270 3967 585 4034 meum;
623 3964 906 4034 κεφαλαίῳ
955 3962 1050 4016 τοῦ
1102 3963 1245 4017 κατὰ
1293 3964 1569 4017 Ματθαίον
1603 3963 1699 4033 τὴν
1729 3965 1854 4034 ἑξή-

268 4075 437 4127 γησιν
490 4056 616 4108 τοῦ·
647 4054 754 4108 Καὶ
810 4055 917 4108 ἐὰν
938 4055 1057 4122 μὲν
1083 4049 1124 4124 ᾗ
1157 4057 1191 4122 ἠ
1233 4055 1389 4108 οὶκία
1437 4055 1598 4120 ἀξία,
1634 4057 1854 4110 ἐλθέτω

269 4152 310 4217 ἡ
351 4148 560 4215 ειρ-ήνη
595 4144 762 4213 ὑμῶν
797 4143 890 4216 ἐπ’
937 4144 1134 4213 αὐτὴν
1156 4161 1168 4175 ·
1218 4145 1328 4198 ἐὰν
1351 4145 1418 4199 δὲ
1441 4147 1526 4214 μὴ
1630 4148 1790 4214 ἀξία,
1816 4150 1852 4217 ή

267 4239 483 4309 ειρήνη
517 4236 683 4305 ὑμῶν
712 4237 861 4304 πρὸς
886 4235 1040 4305 ὑμᾶς
1076 4237 1518 4307 ἐπιστραφήτω.

345 4329 450 4381 Ἐν
479 4323 633 4393 αὐτῇ
665 4355 731 4364 -
751 4326 937 4379 αὑτοῦ
966 4326 1118 4380 ἐστι.
1144 4327 1253 4380 Καὶ
1281 4329 1632 4397 περὶτούτων
1651 4331 1852 4400 ὁμοίως

1962 3223 2140 3293 capite
2174 3221 2242 3275 ⁸³.
2271 3222 2368 3276 Est
2415 3229 2600 3275 autem
2655 3215 2971 3286 huiusmodi
3012 3210 3268 3269 salutatio
3318 3211 3534 3281 signum

1960 3315 2296 3382 dilectionis,
2339 3312 2656 3384 signiﬁcans
2685 3309 2832 3381 quod
2859 3304 3072 3378 paciﬁci
3101 3313 3158 3360 et
3188 3302 3348 3358 amici
3376 3301 3540 3356 adve-

1961 3410 2165 3465 nerint.

2029 3501 2186 3556 Vers.
2211 3501 2262 3555 6.
2291 3497 2432 3552 Etsi
2466 3527 2536 3538 —
2562 3506 2758 3551 vestra.
2800 3495 2914 3550 Hoc
2958 3501 3043 3549 est
3077 3490 3257 3564 gratia
3316 3490 3454 3544 data:
3505 3503 3536 3542 a

1959 3593 2115 3649 vobis
2141 3592 2314 3662 pacis,
2345 3590 2430 3644 vel
2450 3587 2683 3642 eﬁicacia
2702 3584 3018 3654 huiusmodi
3047 3580 3340 3638 sermonis.
3367 3578 3538 3634 Filius

1958 3701 2175 3758 quoque
2199 3684 2348 3754 pacis
2388 3675 2589 3737 dicitur
2618 3678 2905 3749 paciﬁcus,
2954 3677 3098 3732 sicut
3123 3674 3290 3729 variis
3320 3673 3374 3726 in
3406 3672 3541 3725 locis

1957 3777 2215 3833 diximus.

2029 3865 2184 3919 Vers.
2210 3862 2264 3918 6.
2310 3859 2832 3916 Sin—revertetur.
2865 3856 3008 3926 Lege
3066 3867 3284 3923 quoque
3327 3851 3542 3906 decimo

1955 3975 2101 4015 nono
2149 3930 2325 4026 capite
2360 3950 2636 4023 Evangelii
2659 3951 2808 4016 iuxta
2842 3945 3156 4001 Malthmum
3205 3945 3338 3999 dicti
3401 3943 3543 3996 illius

1957 4051 2366 4106 enarrationem
2399 4065 2412 4098 :
2449 4043 2514 4097 Et
2537 4043 2584 4096 si
2637 4043 2850 4112 quidem
2907 4037 3062 4108 fuerit
3113 4037 3298 4089 domu:
3356 4035 3540 4103 digna,

1957 4142 2128 4196 veniat
2181 4154 2290 4208 pax
2323 4145 2495 4190 vestra
2553 4149 2712 4200 super
2761 4130 2912 4184 illam
2943 4129 3025 4182 :si
3082 4138 3257 4180 autem
3308 4125 3524 4180 indiana

1960 4232 2137 4304 fuerit,
2169 4243 2275 4298 pax
2313 4236 2482 4280 vestra
2515 4223 2583 4277 ad
2606 4239 2692 4276 vos
2717 4228 3052 4275 convertatur
3073 4217 3094 4248 ⁸

2029 4320 2187 4375 Vers.
2227 4319 2282 4372 ’1.
2312 4317 2375 4371 In
2403 4317 2587 4369 eadem
2616 4343 2684 4354 -
2716 4330 2812 4367 sua
2837 4319 2932 4364 est.
2965 4308 3232 4364 Similiter
3262 4307 3330 4361 de
3359 4305 3445 4359 his
3490 4304 3545 4359 in

271 4421 330 4470 ἐν
358 4418 556 4488 ἐκείνῳ
593 4415 669 4484 τῷ
704 4415 985 4486 κεφαλαίῳ
1014 4417 1204 4485 σαφῶς
1237 4394 1468 4489 ἐρρήθη,
1498 4394 1696 4490 μικρὸν
1716 4394 1851 4476 ἀνω.

1962 4413 2054 4468 illo
2098 4409 2278 4480 capite
2330 4407 2628 4461 manifeste
2671 4405 2877 4458 dictum
2917 4410 3002 4456 est
3049 4400 3213 4470 paulo
3271 4398 3544 4468 superius.

270 4512 691 4585 τέρω.Ἑσθίειν
721 4512 776 4565 δὲ
806 4514 897 4564 καὶ
929 4513 1106 4565 πίνειν
1146 4514 1213 4566 τὰ
1242 4513 1372 4582 παρ’
1417 4513 1600 4566 αὐτῶν
1636 4515 1861 4585 ἐπέτρε-

271 4612 399 4677 ψεν,
432 4610 530 4677 οὐχ
581 4606 790 4670 ἁπλῶς,
824 4605 940 4658 ἀλλ’
990 4605 1065 4667 ὡς
1117 4605 1330 4674 πρέπον
1400 4606 1518 4658 ἐστὶ
1591 4607 1860 4678 μαθηταῖς

275 4699 470 4756 αὐτοῦ.
497 4699 670 4752 Τοῦτο
701 4699 809 4766 γὰρ
851 4696 1129 4766 γνώριμον
1167 4692 1234 4769 ἦν
1267 4696 1472 4759 αὑτοῐς.

347 4793 444 4859 Μὴ
480 4821 548 4831 -
573 4791 790 4844 οἰκίαν.
831 4790 919 4841 Ἐν
959 4788 1142 4858 ἐκείνῃ
1183 4791 1249 4858 τῇ
1281 4788 1538 4858 ἐξηγήσει
1559 4790 1656 4862 τὴν
1683 4790 1864 4844 αἰτίαν

273 4883 372 4937 τοῦ
409 4883 483 4950 μὴ
517 4881 866 4951 μεταϐαίνειν
902 4880 1178 4948 εὑρήσεις.

352 4975 460 5028 Kal
513 4975 600 5039 εἰς
643 5004 712 5014 -—
747 4971 918 5026 Θεοῦ.
968 4970 1256 5023 Βασιλείαν
1310 4971 1404 5024 τοῦ
1462 4971 1598 5026 Θεοῦ
1671 4975 1863 5029 ἑαυτὸν

275 5067 428 5132 λέγει
459 5065 551 5117 νῦν
582 5062 656 5126 ὡς
686 5061 910 5132 βασιλέα
940 5063 1035 5115 καὶ
1072 5061 1219 5116 Θεόν.
1254 5062 1512 5131 Ἥγγικε,
1547 5067 1736 5136 φησὶν,
1767 5069 1864 5120 καὶ

276 5158 380 5229 ἤδη
413 5156 742 5224 ὲπιδημήσει
775 5154 904 5223 ὑμῖν
930 5169 942 5181 ⁸
970 5153 1110 5219 ἄξιοι
1140 5153 1376 5222 γίνεσθε,
1404 5155 1863 5229 ἑτοιμάζεσθειείς

279 5251 308 5301 ὑ
319 5249 570 5319 ποεοχήν.

388 5435 430 5466 σι
463 5434 658 5488 Mattn.
697 5449 750 5501 ι,
799 5434 888 5488 us.
1033 5434 1078 5466 σο
1130 5434 1193 5488 ιν
1244 5434 1378 5508 Reg.
1412 5452 1487 5504 ιν,
1517 5439 1608 5495 29.

1722 5441 1768 5476 ⁸³
1805 5444 2004 5503 Matth.
2045 5461 2100 5508 ι,
2136 5444 2222 5497 12.

1963 4505 2140 4560 Edere
2167 4509 2351 4556 autem
2378 4514 2441 4553 ac
2472 4498 2666 4551 bibere
2695 4493 2968 4566 permisit,
3001 4507 3122 4561 quae
3153 4491 3221 4544 ab
3247 4490 3336 4543 illo
3371 4487 3547 4555 porri-

1966 4605 2228 4670 gerentur
2253 4611 2266 4660 ;
2301 4608 2409 4647 non
2440 4589 2782 4659 simpliciter,
2809 4586 2903 4641 sed
2929 4585 3071 4640 sicut
3098 4582 3392 4652 discipulos
3417 4594 3546 4633 suos

1966 4688 2195 4744 decebat
2221 4703 2236 4752 ;
2287 4684 2392 4737 hoc
2419 4682 2566 4737 enim
2599 4677 2730 4750 ipsis
2758 4689 2950 4733 notum
2979 4685 3117 4732 erat.

2038 4777 2194 4832 νοτε.
2226 4774 2278 4830 7.
2319 4772 2500 4827 Nolite
2545 4802 2612 4812 —-
2678 4775 2913 4824 domum.
2961 4768 3020 4822 In
3065 4766 3154 4821 illa
3205 4764 3549 4819 enarratione

1968 4870 2134 4940 hujus
2167 4882 2388 4923 causam
2417 4864 2685 4919 invenies.

2039 4963 2194 5019 Vers.
2268 4961 2322 5014 8.
2379 4956 2450 5010 Et
2505 4957 2650 5008 in—
2687 4955 2840 5009 Vers.
2867 4953 2917 5008 9.
2987 4951 3105 5005 Dei.
3158 4949 3406 5020 Regnum
3455 4946 3550 5000 Dei

1969 5069 2118 5110 nunc
2149 5051 2391 5121 seipsum
2430 5045 2684 5117 appellat,
2720 5055 2977 5114 tanquam
3012 5056 3191 5112 regem
3253 5055 3318 5093 ac
3352 5038 3547 5091 Deum.

1969 5140 2464 5216 Appropinquavit,
2517 5139 2712 5207 inquit,
2736 5145 2793 5191 et
2855 5137 2966 5205 jam
2997 5133 3321 5188 deversatur
3352 5128 3549 5181 vobis-

1969 5255 2129 5302 cum;
2162 5235 2309 5306 digni
2357 5232 2657 5297 liabcmini,
2711 5231 2801 5301 qui
2870 5223 3252 5300 praeparamini
3312 5221 3380 5276 ad
3430 5218 3553 5289 ejus

1971 5328 2375 5400 susceptionem

2335 5441 2381 5473 “
2412 5440 2544 5496 Ibid.
2579 5440 2664 5495 15.

1475 5562 1675 5623 Variae
1705 5565 2014 5631 lectiones
2059 5571 2122 5627 et
2167 5571 2359 5626 notua.

354 5663 466 5734 (67)
508 5659 647 5734 Βαλλ
656 5661 853 5716 ἀντίον.
899 5663 938 5714 Α
950 5698 965 5713 .

355 5729 468 5814 (ϐξ)
508 5733 688 5814 Igitur.
723 5734 896 5814 etiam.
940 5729 1232 5814 non‘nulli.‘
1263 5732 1383 5814 ‘sed
1444 5743 1674 5814 temere,
1719 5742 1864 5809 apud

281 5801 594 5862 “animum
618 5801 710 5857 1.1.
761 5802 1065 5858 intulerunt
1131 5821 1143 5857 :
1205 5801 1501 5872 Λέγοντες’
1545 5801 1866 5883 Εἰρήνη“τ(ῖ,

1970 5671 2105 5738 οἴκῳ
2134 5668 2329 5735 τούτῳ.

2043 5735 2154 5809 (69)
2243 5739 2306 5791 Ἠ
2331 5735 2534 5792 omittit
2558 5735 2623 5788 Α.
