4070 6422
580 403 686 466 959

1815 398 2198 460 EUTIIYMII
2238 397 2598 459 ZIGABENI

3723 407 3828 469 96"}

650 519 806 572 Vers.
851 516 936 570 l0.
974 514 1121 569 In—
1150 515 1305 571 Vers.
1349 515 1432 570 ll.
1470 531 1579 568 ros.
1612 513 1690 569 lbi
1740 513 1807 569 de
1856 514 1942 567 his
1999 515 2159 568 etiam

2331 519 2430 583 Εἰς
2461 548 2531 557 —
2579 518 2740 588 ὑμῖν.
2803 520 2951 574 Ἐκεῖ
3001 522 3094 576 καὶ
3151 523 3280 592 περὶ
3331 523 3539 577 τούτων
3585 523 3825 596 ζήτησον,

579 625 783 681 quaere,
809 609 897 662 ubi
920 608 1253 661 declaratum
1281 617 1364 662 est
1393 607 1524 661 illud
1565 623 1578 660 :
1631 606 1698 660 Et
1733 605 2027 675 quicunque
2055 623 2157 659 non

586 703 871 766 susceperit
919 718 1007 754 vos
1039 701 1105 755 “.

663 794 806 847 iers.
843 793 924 846 ll.
987 792 1181 845 Tamen
1220 822 1286 831 —
1313 791 1427 845 Dei.
1456 791 1567 845 lloc
1589 790 1875 860 protestari
1907 790 2160 860 praecepit

586 882 902 941 incredulis.
959 897 1028 934 ne
1071 879 1254 937 dicere
1313 891 1582 950 possent:
1636 881 1751 935 Non
1799 881 2156 953 cognovimus

584 973 875 1025 adventum
900 981 1072 1036 tutum,
1108 970 1351 1025 Domine.

658 1064 814 1118 Veis.
847 1065 930 1117 12.
956 1063 1084 1115 Dico
1118 1091 1180 1101 —
1203 1063 1304 1116 illi.
1336 1063 1605 1118 Praedicta
1625 1064 1808 1133 capite
1856 1062 2017 1118 etiam
2048 1064 2164 1119 haec

587 1157 980 1211 convenienter
1021 1155 1292 1208 declarata
1341 1165 1488 1210 sunt.

656 1247 814 1301 Vers.
863 1247 948 1301 l3.
1010 1246 1100 1299 Va:
1169 1276 1213 1284 —
1255 1247 1597 1312 paniluisset.
1653 1246 1847 1312 Quaere
1919 1247 2166 1302 vicesino

585 1341 762 1407 capite
790 1339 940 1406 juxta
991 1337 1330 1396 Matthamm.
1382 1337 1474 1391 ubi
1521 1338 1764 1392 dicitur:
1805 1339 1946 1391 Tunc
2002 1339 2154 1404 carpit

587 1431 906 1497 exprobrare
935 1429 1250 1490 civitatibus,
1290 1429 1345 1480 in
1374 1430 1566 1498 quibus
1594 1430 1752 1484 edita:
1797 1431 2013 1499 fuerant
2043 1430 2166 1498 plu-

589 1522 739 1574 rimm
795 1520 1008 1573 virtutes
1057 1518 1192 1587 ejus,
1247 1520 1386 1589 quod
1441 1535 1542 1572 non
1599 1519 2048 1587 resipuissent“;
2094 1519 2166 1573 ibi

587 1613 733 1666 enim
766 1621 820 1666 et
851 1610 918 1664 de
949 1609 1034 1664 his
1073 1610 1280 1662 dictum
1320 1618 1423 1664 est.

658 1703 815 1756 Vers.
843 1701 927 1753 14.
974 1699 1345 1753 Verumtamen
1375 1731 1444 1741 —
1484 1701 1647 1756 vobis.
1691 1701 1877 1768 Vobis,
1913 1710 2065 1771 puta,
2089 1701 2171 1753 in-

587 1792 847 1846 credulis.
909 1791 1021 1844 lloc
1075 1806 1292 1860 quoque
1341 1793 1479 1846 ditit
1535 1794 1752 1848 decimo
1809 1809 1955 1848 nono
1993 1793 2171 1861 capite

2261 610 2390 663 ἔνθα
2444 611 2763 683 ἡρμηνεὺοη
2816 613 2877 666 τό
2903 628 2919 644 ο
2950 615 3060 669 Καὶ
3107 615 3175 680 ὃς
3207 615 3286 670 ἂν
3321 617 3436 686 (70)
3480 616 3569 686 μὴ
3602 616 3827 685 δέξηται

2261 720 2438 770 υμας.

2335 793 2510 860 Πλὴν
2534 825 2603 834 -
2639 796 2992 851 Θεοῦ.Τοῦτο
3017 798 3317 868 προσέταξε
3359 799 3827 867 διαμαρτὺρτσῦαι

2262 889 2374 950 τοῖς
2408 887 2710 953 ἀπειθέσιν,
2736 889 2824 942 ἵνα
2851 889 2925 960 μὴ
2955 890 3218 942 δύνωνται
3241 890 3445 957 λέγειν,
3479 891 3604 943 Ὅτι
3630 898 3725 942 οὐκ
3750 892 3832 956 ἐγ-

2264 993 2444 1045 νωμεν
2476 977 2573 1046 τὴν
2600 979 2900 1048 παρουσίαν
2942 996 3056 1041 σου,
3085 980 3277 1050 Κύριε.

2339 1064 2500 1132 Λέγω
2543 1094 2611 1104 -
2652 1065 2876 1132 ἐκείνῃ.
2922 1067 3010 1120 Ἐν
3044 1067 3122 1137 τῷ
3170 1067 3395 1136 τοιούτῳ
3431 1068 3711 1135 κεφαλαίῳ
3749 1068 3833 1119 καί

2266 1155 2438 1209 ταῦτα
2473 1161 2862 1228 προσηκόντως
2892 1158 3342 1229 ἡρμηνεύθησαν.

2343 1248 2490 1301 Οὐαί
2532 1276 2602 1285 —
2641 1249 3040 1314 μετενόησαν.
3098 1249 3343 1318 Ζήτησον
3396 1248 3454 1298 ἐν
3492 1245 3570 1314 τῷ
3617 1245 3832 1312 εἰκοστῷ

2269 1337 2550 1406 κεφαλαίῳ
2613 1336 2708 1390 τοῦ
2763 1338 2904 1390 κατὰ
2963 1337 3244 1390 Ματθαϊον
3274 1339 3377 1388 τόο
3424 1338 3567 1388 Τότε
3621 1335 3831 1400 ἦρξατο

2270 1427 2574 1487 ὀνειδίζειν
2599 1427 2705 1494 τὰς
2727 1429 2955 1493 πόλεις,
2991 1429 3060 1480 ἐν
3091 1423 3186 1494 αἷς
3235 1426 3519 1496 ἐγένοντο
3562 1427 3622 1478 ai
3681 1423 3834 1476 πλεῖ-

2270 1537 2409 1576 σται
2450 1521 2736 1589 δυνάμεις
2793 1520 3004 1583 αὐτοῦ,
3031 1521 3120 1574 ὅτι
3150 1522 3221 1574 οὺ
3270 1519 3680 1588 μετενόησαν.
3704 1515 3833 1568 Ἐκει

2272 1610 2389 1683 γὰρ’
2409 1619 2503 1668 καὶ
2537 1614 2666 1683 περὶ
2693 1613 2896 1666 τούτων
2927 1614 3160 1682 εἴρηται.

2345 1705 2609 1771 Πλὴν-
2648 1704 2814 1772 ὑμῖν.
2873 1704 3057 1772 Ὑμῖν,
3104 1705 3216 1768 τοῖς
3269 1702 3548 1767 ἀπειοέσι,
3587 1700 3838 1768 δηλονότι.

2280 1791 2412 1850 Εἶπε
2447 1797 2501 1849 δὲ
2534 1794 2690 1848 τοῦτο
2723 1796 2815 1848 καὶ
2847 1797 2905 1848 ἐν
2931 1795 3010 1864 τῷ
3053 1795 3523 1861 ἐννεακαιδεκάτῳ
3571 1792 3840 1860 κεφαλαίῳ

589 1881 862 1951 Evangelii
897 1881 1054 1949 juxta
1106 1879 1442 1944 Matthaeum,
1475 1894 1527 1938 et
1555 1885 1630 1939 ibi
1668 1886 1784 1956 lege
1835 1885 1964 1938 dicti
2020 1885 2167 1940 illius

2280 1885 2362 1941 τοῦ
2424 1888 2564 1942 κατὰ
2602 1886 2904 1948 ΆΙατΘαῖον,
2936 1885 3031 1938 καὶ
3085 1884 3360 1953 ἀνάγνωθι
3407 1884 3507 1952 τὴν
3551 1881 3706 1934 λύσιν
3741 1882 3842 1934 ἐκεῖ

589 1974 1013 2030 declarationem
1041 1992 1054 2027 :
1087 1976 1250 2028 Amen
1273 1977 1389 2029 dico
1418 1979 1574 2040 robis,
1603 1977 1931 2031 toterabilius
1950 1977 2047 2029 erit
2066 1985 2170 2028 ter-

591 2088 665 2125 ra'
682 2069 1032 2124 Sodomorum
1057 2080 1103 2124 et
1127 2069 1559 2128 Gomorrhorum.
1583 2084 1741 2136 quam
1770 2068 1972 2120 civitati
1999 2065 2078 2119 illi
2100 2065 2167 2119 ".

662 2260 821 2314 Vers.
867 2257 953 2311 l5.
999 2255 1066 2309 Et
1089 2264 1143 2308 tu
1184 2285 1254 2294 —
1302 2254 1612 2307 datm/ieris.
1669 2249 1940 2305 Vicesimo
1993 2247 2171 2317 capite

596 2347 875 2418 Evangelii
929 2346 1230 2401 secundum
1268 2343 1582 2397 Matthazum
1618 2342 1779 2397 etiam
1808 2340 1876 2394 de
1921 2340 2022 2393 hac
2054 2338 2172 2392 dic-

594 2452 709 2495 tum
742 2449 846 2505 est,
878 2439 952 2493 ibi
978 2453 1105 2507 ergo
1135 2452 1340 2506 qnmre.

671 2532 820 2586 Vers.
886 2531 971 2585 16.
1022 2529 1126 2593 Qui
1159 2529 1306 2580 audit
1340 2556 1408 2566 —
1440 2541 1542 2578 me.
1598 2523 1973 2592 chectionem
2034 2521 2175 2574 hanc

594 2631 753 2677 vocat
780 2619 1212 2674 incredulitatem
1247 2627 1300 2670 et
1338 2615 1704 2669 aversionem.
1741 2613 1822 2667 Ne
1848 2612 1995 2666 enim
2037 2626 2165 2665 nitn-

599 2726 722 2766 rore
765 2709 1088 2772 adiciantur,
1153 2722 1276 2761 cum
1337 2713 1697 2772 spernuntur,
1758 2704 1929 2760 dicit:
1983 2701 2175 2756 Vestra

599 2800 797 2870 injuria
826 2814 923 2868 per
946 2814 1043 2851 vos
1075 2797 1128 2850 in
1170 2811 1255 2849 mc
1292 2795 1550 2859 recurrit,
1603 2795 1696 2863 qui
1749 2795 1873 2848 misi
1908 2809 2043 2858 vos;
2082 2808 2178 2862 per

597 2908 685 2948 inc
709 2900 910 2954 autem,
942 2890 996 2942 in
1037 2889 1252 2942 Patrem
1282 2902 1486 2950 meum,
1521 2886 1612 2954 qui
1652 2887 1800 2939 misit
1834 2900 1942 2940 me.

671 2981 826 3036 Vcrs.
849 2980 935 3032 Π.
963 2979 1170 3032 Reversi
1194 3006 1264 3017 --
1287 2987 1453 3031 tuum.
1481 2974 1826 3035 Gaudebant,
1851 2973 1996 3042 quod
2023 2973 2176 3044 digni

598 3071 935 3126 haberentur
989 3078 1044 3122 et
1096 3066 1355 3120 miracula
1410 3065 1595 3131 edere,
1649 3073 1705 3118 et
1757 3064 2025 3118 daemonia
2077 3063 2180 3118 sibi

599 3166 898 3235 subjicere.

670 3217 826 3310 V'crs.
868 3252 951 3307 18.
991 3251 1134 3304 Dixit
1157 3279 1228 3288 —
1249 3249 1542 3301 cadentem.
1571 3245 1806 3300 Causam
1841 3244 2175 3316 significavit
2205 3217 2248 3272 ο

599 3343 961 3414 subiectionis
1011 3339 1434 3401 diemoniorum,
1485 3336 1611 3404 quia
1663 3335 1865 3388 cecidit
1921 3334 2177 3402 princeps

598 3450 811 3498 eorum,
841 3434 932 3501 qui
965 3430 1134 3483 fortes
1175 3428 1294 3481 illos
1331 3426 1590 3481 reddebat
1617 3440 1680 3480 ac
1710 3424 2074 3485 confortabat.
2123 3432 2178 3478 et

594 3529 710 3599 jam
757 3526 914 3580 facile
945 3524 1329 3577 devincuntur.
1386 3519 1671 3589 Siquidem
1708 3529 1836 3573 ante
1865 3518 2172 3572 Salvatoris

601 3615 1032 3671 incarnationem
1081 3612 1134 3665 in
1187 3611 1419 3665 sublime
1456 3609 1760 3671 ferebatur,
1794 3618 1849 3662 et
1884 3619 2177 3679 tyrannum

600 3705 818 3777 agebat,
849 3719 913 3758 ac
942 3712 1136 3773 potens
1166 3712 1287 3756 erat
1316 3719 1329 3754 :
1373 3715 1498 3754 cum
1533 3709 1717 3753 autem
1755 3698 1902 3752 Deus
1941 3699 1992 3751 in
2033 3708 2178 3752 terra

603 3812 703 3866 per
718 3809 936 3849 carnem
968 3795 1370 3866 deversaretur,
1393 3791 1612 3854 cecidit,
1644 3805 1750 3845 non
1775 3805 1806 3845 a
1828 3791 1967 3846 coelo
1995 3808 2006 3843 :
2045 3791 2174 3844 olim

602 3890 745 3943 enim
776 3887 902 3940 inde
926 3886 1218 3947 ceciderat,
1251 3900 1352 3939 nec
1388 3885 1623 3954 amplius
1666 3899 1731 3938 eo
1766 3882 2016 3938 ascendit
2043 3900 2057 3938 :
2083 3883 2179 3937 sed

605 3995 635 4034 a
667 3980 810 4034 dicta
861 3977 1210 4036 celsitudine,
1248 3976 1534 4046 tyrannide
1589 3990 1653 4030 ac
1710 3975 1974 4044 potentia.
2038 3973 2182 4027 Dicit

604 4086 779 4140 ergo:
840 4068 1086 4122 Videbam
1141 4067 1422 4131 Satanam,
1461 4077 1750 4137 postquam
1790 4066 2046 4120 videlicet
2077 4065 2182 4118 hu-

604 4162 918 4216 manitatem
958 4158 1224 4228 assumpsi
1259 4163 1568 4223 cadentem,
1609 4168 1669 4212 ut
1705 4158 1907 4229 fulgur,
1933 4157 2080 4228 quod
2111 4155 2180 4211 de

602 4254 742 4309 cmlo
776 4255 941 4307 cadit.

673 4341 905 4406 Quidam
930 4349 1110 4393 autem
1135 4337 1333 4392 cmlum
1359 4337 1674 4407 intelligunt
1696 4336 1800 4391 hoc
1823 4338 1944 4390 loco
1967 4351 2176 4400 aerem,

608 4433 663 4487 in
695 4448 804 4503 quo
832 4431 1036 4485 versari
1080 4428 1278 4498 gaudet
1322 4427 1572 4482 Satanas.
1607 4427 1741 4481 Nam
1773 4436 1831 4480 ct
1859 4442 1954 4482 aer
1981 4426 2179 4482 caelum

2269 1981 2363 2031 τοῦ
2393 1997 2406 2009 ·
2441 1977 2632 2046 Ἀμὴν
2660 1979 2814 2046 λέγω
2843 1977 3004 2046 ὑμῖν,
3023 1979 3415 2044 ἀνεκτότερον
3441 1977 3618 2030 ἔσται
3652 1973 3723 2041 τῇ
3751 1975 3847 2025 re»

2268 2071 2466 2138 δόμων
2512 2071 2609 2123 καὶ
2672 2070 2991 2138 Γομόρῤων
3025 2069 3094 2122 ἐν
3125 2069 3311 2139 ἡμέρᾳ
3373 2072 3656 2137 κρίσεως,
3700 2068 3736 2134 ἢ
3778 2065 3843 2133 τῇ

2273 2163 2442 2214 πόλει
2475 2161 2678 2228 ἐκείνῃ
2693 2201 2706 2214 .

2341 2253 2451 2306 Καὶ
2492 2254 2573 2306 σὺ
2600 2283 2671 2292 —
2708 2253 3328 2320 καταειϐασθήσῃ.ἐν
3367 2253 3444 2321 τῷ
3482 2253 3718 2321 εἰκοστῷ
3756 2269 3840 2304 κε-

2275 2344 2488 2415 φαλαίῳ
2522 2343 2614 2397 τοῦ
2649 2344 2788 2396 κατὰ
2807 2344 3085 2397 Mareai’ov
3100 2344 3319 2414 εἴρηται
3347 2344 3447 2396 καὶ
3470 2343 3602 2414 περὶ
3626 2343 3842 2412 ταύτης,

2275 2440 2367 2490 καὶ
2401 2436 2639 2506 ζήτησον
2677 2438 2734 2488 ἐν
2760 2435 2982 2506 ἐκείνῳ.

2361 2529 2423 2582 Ὀ
2456 2529 2694 2583 ἀκούων
2715 2559 2782 2567 -
2814 2545 2912 2597 με.
2933 2527 3215 2596 ἈΘέτησιν
3243 2528 3392 2595 λέγει
3441 2528 3540 2597 τὴν
3569 2526 3844 2580 ἀπείθειαν

2277 2623 2370 2675 καὶ
2389 2623 2762 2688 ἀποστροφὴν.
2790 2620 2906 2674 Ἰνα
2933 2619 3043 2687 γὰρ
3078 2621 3151 2689 μὴ
3172 2619 3451 2671 λυπῶνται
3476 2618 3843 2686 ἀϐετούμενοι,

2281 2715 2466 2782 φησιν,
2494 2713 2573 2764 ὅτι
2617 2711 2681 2763 'H
2723 2712 2967 2779 ὑμετέρα
2994 2709 3171 2780 ὕϐρις,
3203 2709 3270 2762 δι’
3302 2710 3456 2776 ὑρῶν
3495 2710 3615 2778 μὲν,
3650 2710 3729 2769 εἰς
3759 2705 3849 2776 ἐμὲ

2279 2804 2589 2873 ἀνατρέχει,
2615 2802 2708 2854 τὸν
2743 2801 3144 2855 ἀποστείλαντα
3183 2801 3327 2869 ὑμᾶς
3347 2817 3358 2830 ·
3386 2802 3455 2853 δι’
3491 2799 3631 2868 ἐμοῦ
3670 2800 3749 2862 δὲ,
3774 2799 3847 2858 εις

2278 2895 2369 2947 τὸν
2406 2893 2624 2962 Πατέρα
2671 2911 2774 2961 μου
2831 2893 2924 2945 τὸν
2956 2892 3359 2946 ἀποστείλαντα
3391 2909 3483 2961 με.

2363 2986 2785 3053 Ὑπέστρεψαν
2805 3016 2873 3026 -
2905 3001 3043 3039 σου.
3089 2986 3372 3053 Ἐχαιρον,
3401 2985 3481 3047 ὡς
3532 2984 3851 3047 ἀξιωθέντες

2284 3081 2723 3148 οανδματουργείν
2753 3076 2846 3129 καὶ
2877 3077 3208 3130 ὑποτάσσειν
3233 3077 3300 3128 τὰ
3322 3076 3604 3144 δαιμόνια.

2351 3261 2494 3317 Eine
2517 3293 2585 3303 —
2607 3260 2893 3313 πεσόντα.
2939 3258 3207 3327 Ἐδήλωσε
3240 3275 3336 3328 την
3371 3258 3555 3311 αἰτίαν
3603 3257 3704 3326 τῆς
3751 3258 3857 3310 τῶν

2284 3357 2558 3424 δαιμόνων
2597 3351 2900 3420 ὑποταγῆς,
2925 3351 3010 3403 ὅτι
3037 3351 3330 3403 πέπτωκεν
3360 3352 3388 3404 ὁ
3416 3353 3603 3421 ἄρχων
3654 3350 3853 3413 αὐτῶν,

2285 3452 2312 3503 6
2338 3446 2602 3517 ἐνισχύων
2643 3446 2859 3508 αὐτοὺς,
2893 3445 2989 3496 καὶ
3016 3443 3206 3496 λοιπὸν
3240 3443 3715 3510 εὐκαταγώνιστοι
3765 3461 3858 3510 γε·

2286 3541 2474 3609 γόνασι
2498 3555 2512 3569 ο
2543 3538 2648 3607 πρὸ
2669 3539 2767 3607 μὲν
2804 3537 2912 3607 γὰρ
2936 3535 3037 3606 τῆς
3060 3536 3531 3607 ἐνανορωπήσεως
3554 3536 3649 3588 τοῦ
3674 3537 3857 3606 ﬂoril-

2289 3649 2401 3703 ρος.
2433 3632 2512 3692 εἰς
2543 3631 2695 3700 ὕψος,
2727 3631 2910 3700 ᾔρετο,
2941 3630 3036 3682 καὶ
3057 3629 3363 3698 ἐτυράννει,
3391 3630 3488 3681 καὶ
3521 3628 3697 3698 ἴσχυε.
3749 3627 3856 3682 Τοῦ

2286 3721 2420 3774 Θεοῦ
2445 3721 2502 3774 δὲ
2529 3723 2594 3790 τῇ
2614 3722 2683 3790 γῇ
2712 3720 2798 3771 διὰ
2825 3717 3027 3788 σαρκὸς
3051 3719 3513 3788 ἐπιδημήσαντος,
3535 3719 3824 3771 πέπτωκεν
3843 3733 3861 3749 ο

2285 3813 2386 3866 οὐκ
2413 3811 2520 3864 ἀπὸ
2544 3810 2637 3863 τοῦ
2664 3809 2931 3879 οὐρανοῦο
2971 3809 3141 3862 πάλαι
3177 3809 3286 3878 γὰρ
3329 3809 3426 3860 ἀπ’
3475 3808 3646 3862 αὑτοῦ
3682 3807 3862 3861 πεσὼν

2286 3901 2472 3955 οὐκέτι
2504 3900 2670 3954 αὐτοῦ
2724 3898 2928 3967 ἐπέ6η’
2961 3898 3078 3952 ἀλλ’
3112 3899 3220 3951 ἀπὸ
3259 3898 3354 3950 τοῦ
3395 3898 3655 3968 ῥηθέντος
3703 3899 3863 3968 ὕψους

2288 3993 2380 4044 καὶ
2400 3993 2496 4060 τῆς
2515 3990 2826 4060 τυραννίδος
2861 3990 2954 4042 καὶ
2987 3990 3090 4059 τῆς
3131 3989 3336 4059 ἰσχύος.
3357 3991 3523 4056 Λέγει
3554 3991 3759 4054 τοίνυν,
3783 3992 3862 4043 ὅτι

2288 4083 2613 4150 Ἐθεώρουν
2671 4084 2779 4135 τὸν
2826 4081 3118 4143 Σατανᾶν.
3165 4083 3304 4149 μετὰ
3338 4081 3398 4133 τὸ
3449 4081 3864 4153 ἐνανθρωπῆσαξ

2289 4193 2354 4246 με
2377 4175 2640 4244 δηλονότι,
2671 4176 2931 4239 πεσόντα,
2961 4174 3037 4236 ὡς
3098 4174 3406 4244 ἀστραπὴν,
3476 4176 3540 4225 ἐκ
3599 4174 3711 4243 (7|)
3770 4172 3860 4226 τοῦ

2286 4268 2345 4318 οὐ
2357 4265 2542 4337 ρανοῦ.

2357 4356 2511 4417 Τινὲς
2542 4354 2598 4407 δὲ
2627 4353 2856 4424 οὖρανδν
2877 4353 3114 4406 ἐνταῦθα
3156 4353 3248 4406 τδν
3275 4354 3412 4424 ἀέρα
3439 4355 3674 4417 νοοῦσιν,
3695 4348 3738 4423 ᾧ
3757 4356 3864 4407 ἐνε-

2287 4446 2578 4517 φιλοχώρει
2594 4447 2620 4498 ὁ
2643 4445 2909 4507 Σατανᾶς.
2938 4443 3172 4512 Λέγεται
3200 4445 3307 4513 γὰρ
3329 4445 3560 4514 οὐρανὸς
3578 4447 3672 4498 καὶ
3695 4450 3722 4498 ὁ
3740 4448 3862 4515 ἀήρ.

606 4525 847 4578 dicitur:
899 4520 1167 4585 Volucres,
1216 4519 1418 4588 inquit,
1476 4520 1610 4572 cazli.
1667 4519 1809 4574 Usus
1858 4527 1944 4573 est
1994 4527 2176 4573 autem

2294 4539 2368 4590 Τίι
2399 4535 2639 4589 πετεινὰ
2680 4536 2790 4605 γάρ
2826 4552 2958 4604 φησι
3008 4534 3114 4588 τοῦ
3143 4535 3426 4601 οὐρανοῦ.
3463 4536 3554 4604 Τῷ
3577 4538 3860 4604 παραδεέγο

603 4617 828 4686 fulguris
855 4613 1120 4680 exemplo,
1145 4611 1445 4666 ostendens
1481 4609 1887 4663 vehementiam
1929 4624 1993 4664 ac
2034 4610 2182 4664 velo-

606 4709 829 4763 citatem
870 4721 1035 4759 casus
1064 4706 1233 4758 illius.

675 4799 826 4853 γης.
867 4799 950 4852 19.
979 4797 1111 4849 Ecce
1135 4825 1207 4834 -—-
1227 4798 1544 4860 scorpiones.
1604 4793 1900 4865 Serpentes
1923 4811 1986 4851 ac
2018 4812 2174 4851 scor-

606 4890 800 4959 piones
841 4888 1226 4957 inlelligibilcs,
1261 4888 1352 4956 qui
1391 4887 1601 4940 animas
1631 4885 1888 4940 mordent
1917 4903 1979 4941 ac
2010 4888 2182 4942 devo-

608 4993 748 5054 rant.
784 4981 859 5034 lta
897 4989 1081 5034 autem
1139 4981 1420 5034 daemones
1475 4979 1791 5048 appellavit,
1842 4995 1950 5033 non
2008 4982 2182 5034 solum

603 5075 1080 5144 propterinsidias,
1101 5072 1293 5126 veneni
1310 5071 1696 5141 jaculationem
1721 5088 1782 5126 ac
1805 5071 2176 5137 infectionem,

605 5166 780 5218 sedet
844 5175 1066 5235 prepter
1115 5165 1454 5220 debilitatem
1505 5180 1569 5218 ac
1629 5165 1924 5235 ignaviam.
1983 5163 2184 5219 Verum

605 5258 747 5326 quod
779 5258 844 5311 de
869 5259 1203 5314 daemonibus
1233 5260 1511 5320 loauatur,
1548 5257 1866 5312 manifestat
1917 5257 1991 5321 id,
2031 5259 2180 5327 quod

607 5349 880 5402 subdnnr.

717 5482 760 5514 ⁸³
791 5481 982 5536 Matth.
1017 5500 1071 5547 Χ,
1103 5484 1190 5538 14.
1288 5485 1336 5519 ⁸⁸
1375 5484 1566 5539 Malth.
1596 5499 1670 5549 XI,
1698 5483 1787 5540 20.

2284 4645 2417 4697 ματι
2441 4628 2496 4680 δέ
2511 4629 2608 4695 τῆς
2633 4627 2924 4696 ἀστραπῆς
2942 4628 3236 4696 ἐχρήσατο,
3257 4629 3542 4696 ἐμφαίνων
3561 4630 3620 4681 τὸ
3644 4629 3862 4699 σφοδρὸν

2283 4721 2377 4772 καὶ
2416 4717 2509 4782 ὀξὺ
2543 4720 2641 4788 τῆς
2675 4719 2937 4780 πτώσεως
2972 4719 3160 4772 αὑτοῦ.

2371 4811 2528 4865 Ἰδοὺ
2558 4841 2628 4850 —
2661 4813 2992 4877 σκορπίων.
3042 4810 3262 4879 Ὀφεων
3302 4812 3396 4864 καὶ
3429 4813 3729 4882 σκορπίων,
3761 4813 3862 4864 τῶν

2282 4903 2588 4958 δακνόντων
2607 4905 2702 4957 καὶ
2719 4905 3136 4973 τιτρωσκόντων
3166 4905 3263 4966 τὰς
3281 4905 3480 4975 ψυχάς.
3503 4906 3576 4958 Οὔ
3587 4924 3658 4958 τω
3676 4906 3726 4958 δὲ
3745 4907 3861 4967 τοὺς

2291 4997 2553 5065 δαίμονας
2592 4997 2901 5064 ὠνόμασεν,
2939 4997 2998 5048 οὐ
3037 4995 3198 5066 μόνον
3228 4998 3317 5050 διὰ
3360 4997 3419 5049 τὸ
3459 4999 3744 5050 ἐπίϐουλον
3777 4997 3862 5050 καὶ

2299 5089 2504 5143 ιοὸὁλον
2529 5091 2620 5141 καὶ
2649 5089 2975 5159 φθαρτικὸν,
3007 5089 3144 5143 ἁλλὰ
3181 5090 3272 5142 καὶ
3298 5089 3389 5144 διὰ
3431 5092 3494 5142 τὸ
3519 5091 3744 5152 ἀσθενὲς
3778 5090 3860 5141 καὶ

2294 5180 2586 5235 εὐάλωτον.
2611 5181 2736 5232 Ὀτι
2765 5179 2823 5234 δὲ
2851 5181 2990 5250 περὶ
3013 5181 3122 5234 τῶν
3145 5180 3421 5250 δαιμόνων
3451 5181 3622 5247 λέγει,
3646 5180 3794 5252 δηλοῖ
3807 5179 3859 5232 τὸ

2294 5270 2660 5339 ἐπαγόμενον.

1897 5485 1940 5515 ⁸⁷
1968 5484 2160 5539 Matth.
2214 5503 2268 5553 ι,
2324 5485 2409 5538 15.

1812 5647 2011 5709 Variae
2042 5648 2350 5714 lectiones
2382 5656 2441 5710 et
2479 5656 2667 5709 notae.

680 5812 791 5881 (το)
851 5813 946 5873 ’Ὀς
979 5810 1092 5865 ἐάν.
1129 5810 1193 5866 Β.

2378 5814 2485 5885 {71),
2539 5816 2670 5885 Τήυ,
2703 5824 2831 5870 ante
2858 5815 2939 5880 ἐκ,
2975 5816 3119 5870 addit
3169 5820 3232 5868 A.
