4084 6394
211 373 325 438 961

1212 375 1605 439 COMMENT.
1654 378 1732 440 [Ν
1774 378 2060 442 LUCAM.
2091 408 2158 422 -
2201 385 2362 450 CAP.
2406 390 2484 451 X.

3373 406 3484 473 962

294 485 496 539 Kal—
516 483 756 554 ἐχθροῦ.
792 481 901 537 τοῦ
935 479 1130 552 νοητοῦ
1162 482 1478 552 δράκοντος.
1522 483 1668 537 Ἰδὼν
1701 482 1800 553 γὰρ

1927 578 1937 582 Δ
1991 486 2146 543 Vers.
2193 490 2282 545 l9.
2316 491 2720 550 Et—inimici.
2787 498 3070 570 Videlicet,
3127 504 3483 582 intelligibilil

217 575 424 638 αὐτοὺς
453 578 745 645 χαίροντας
767 574 861 626 ἐπὶ
884 574 950 644 τῇ
976 573 1084 625 τῶν
1105 573 1398 641 δαιμονίων
1423 574 1700 645 ὑποταγῇ,
1730 575 1803 627 δί-

216 661 354 716 δωσι
389 666 490 732 μὲν
523 665 704 724 αὐτοῖς
727 663 950 734 διηνεκῆ
975 663 1072 732 τὴν
1103 662 1225 715 κατ’
1251 664 1428 716 αὐτῶν
1447 665 1714 730 ἐξουσίαν,
1737 665 1803 735 ἢν

219 755 563 826 πρόσκαιρον
599 754 812 817 ἔλαϐον,
833 755 921 806 ὅτε
946 756 1163 822 πρῶτον
1189 754 1545 824 ἀπεζάλησαν
1566 771 1578 785 ’
1606 774 1805 825 παραι-

218 849 304 900 νεῖ
337 847 415 911 δὲ,
448 848 523 916 μὴ
565 845 782 914 χαίρειν
817 845 911 898 ἐπὶ
953 845 1146 921 ταύτῃ,
1184 846 1321 899 διότι
1356 849 1457 900 οὐκ
1496 848 1554 912 ἐξ
1591 849 1804 916 ἀγῶνος

218 939 590 1007 προσεγένετο
623 938 856 1002 τούτοις,
890 936 1086 990 sane
1118 939 1348 1007 δωρεᾶς,
1389 939 1477 990 διὰ
1506 939 1630 1002 τοὺς
1659 938 1802 1006 ὠφε-

217 1029 463 1098 ληθῆναι
501 1029 814 1097 μέλλοντας.
853 1030 948 1098 Eli}
978 1029 1022 1081 δ’
1040 1030 1105 1080 ἂν
1135 1029 1363 1098 δύναμις
1393 1031 1486 1083 τοῦ
1517 1030 1710 1099 ἐχθροῦ
1737 1031 1800 1092 οὐ

221 1122 387 1187 μόνον
413 1120 462 1171 οί
498 1119 772 1187 δαίμονες,
804 1119 940 1172 ἀλλά
975 1120 1068 1172 καὶ
1099 1121 1302 1182 πάντες
1333 1121 1383 1172 οί
1410 1120 1467 1186 ἐξ
1495 1121 1673 1174 αὐτῶν
1707 1137 1801 1174 πο-

216 1206 454 1268 λυειδεῖς
479 1207 804 1276 πειρασμοί.

289 1294 451 1358 Τινὲς
479 1296 534 1348 δὲ
568 1300 658 1348 καὶ
687 1299 755 1347 τά
787 1294 1081 1364 φθείροντα
1128 1297 1253 1358 τοὺς
1280 1297 1602 1365 ἀνθρώπους
1637 1297 1819 1367 θηρία,

212 1385 453 1454 δύναμιν
496 1384 662 1438 αὑτοῦ
703 1383 959 1452 λέγουσιν
981 1423 997 1450 ,
1031 1385 1105 1447 ὡς
1137 1386 1422 1455 χρωμένου
1453 1388 1548 1441 καὶ
1587 1388 1801 1452 τούτοις

215 1478 344 1530 καθ’
368 1477 550 1546 ήμῶν.

287 1570 400 1622 Kal
445 1569 716 1622 οὐδὲν-
754 1567 1036 1636 ἀδικήσῃ.
1075 1567 1152 1622 Οὐ
1222 1567 1462 1637 δαίμων,
1497 1569 1559 1622 οὐ
1605 1585 1801 1639 πειρα-

217 1661 376 1729 σμὸς,
410 1659 526 1711 ἀλλ’
541 1660 660 1711 οὐδὲ
693 1659 899 1729 θηρίον.

290 1749 546 1816 Πλὴν-
562 1749 990 1804 ὑποτάσσεται.
1012 1751 1085 1801 Ob
1111 1748 1219 1820 γὰρ
1239 1749 1503 1820 ὑμέτερον
1525 1749 1586 1801 τὸ
1603 1750 1803 1819 κατόρ-

204 1815 542 1909 θωμα,ἀλλ’
561 1840 668 1910 ἐμὴ
697 1841 729 1908 ἡ
758 1839 957 1909 χάρις..
984 1840 1072 1891 Ἐν
1104 1815 1283 1908 τούτῳ.
1305 1815 1519 1908 οὖν’μὴ
1554 1815 1797 1909 χαίρετ-ε,
1839 1815 1875 1866 η

214 1932 308 1984 ἵνα
347 1931 444 2000 μὴ.
475 1931 551 1994 ὡς
583 1932 674 1983 ἐπὶ
710 1930 1105 2000 κατορθώματι
1147 1931 1452 2001 χαίροντες,
1494 1932 1574 1994 είς
1621 1931 1799 2001 οἴησιν

212 2023 569 2091 ὲπαρθείητε.

291 2113 538 2180 Χαίρετε
574 2143 644 2152 -
688 2113 991 2182 οὐρανοῖς.
1029 2113 1156 2168 Ὅτι
1189 2115 1276 2168 διὰ
1308 2115 1406 2185 τὴν
1433 2116 1616 2168 πίστιν
1647 2115 1799 2185 ὑμῶν

214 2203 768 2273 ὲπολιτογραφήθητε
804 2206 864 2256 ὲν
900 2209 967 2275 τῇ
998 2207 1108 2259 ἀνω
1133 2206 1310 2269 πόλει,
1337 2210 1397 2260 ού
1422 2209 1637 2276 μέλανι,
1661 2209 1796 2260 ἀλλά

207 2297 432 2367 μνήμῃ,
456 2295 597 2360 οὐδὲ,
625 2297 700 2358 ὼς
734 2297 869 2366 (72),
892 2299 1172 2369 ἄνθρωποι
1197 2302 1519 2369 γράφουσιν,
1549 2303 1666 2355 ἀλλ’
1681 2296 1796 2364 ὡςό

213 2387 352 2450 θεὸς
406 2385 514 2440 οἶδε
550 2388 811 2457 γράφειν.
854 2391 991 2460 Φησὶ
1037 2393 1146 2460 γὰρ
1187 2393 1314 2459 περὶ
1348 2393 1453 2444 τῶν
1498 2393 1722 2447 δικαίων
1765 2396 1794 2447 ὁ

210 2478 400 2542 Δαυῖδ,
434 2479 536 2541 ὅτι,
566 2480 674 2532 Καὶ
707 2481 808 2532 ἐπὶ
865 2481 931 2532 τὸ
968 2482 1216 2544 βιϐλίον
1245 2496 1363 2536 σου
1391 2482 1614 2549 πάντες
1646 2502 1788 2554 τρα-

213 2571 540 2639 φήσονται.
572 2572 644 2622 Τὸ
677 2571 778 2640 μὲν
815 2573 924 2640 γὰρ
968 2574 1300 2626 ὑποτάσσειν
1334 2574 1396 2627 τὰ
1428 2575 1703 2643 δαιμόνια,
1726 2576 1791 2630 δι’

211 2661 486 2729 ὠφέλειαν
535 2662 738 2732 ἑτέρων
773 2664 902 2732 ὑμῖν
948 2663 1185 2716 δέδοται*
1220 2665 1280 2716 τὺ
1325 2665 1383 2718 δὲ
1433 2669 1503 2720 τά
1551 2669 1791 2738 ὀνόματα

217 2751 374 2821 ὑμῶν
397 2753 676 2822 γραφῆναι
709 2756 765 2806 ἐν
789 2755 900 2816 τοῖς
933 2757 1204 2823 οὐρανοῖς,
1229 2755 1317 2809 διά
1351 2759 1626 2826 σωτηρίαν
1657 2760 1790 2830 ὑμε-

213 2846 402 2915 τέραν.
439 2846 531 2896 Διὸ
582 2847 764 2915 ἐκείνη
827 2847 982 2915 μδνὴ
1013 2848 1156 2916 χαρὰ
1187 2846 1497 2904 κλέπτουσα
1529 2849 1792 2917 φυσίωσιν

209 2929 358 2988 οἶδεν
407 2936 678 3003 ἐμποιεῖν·
729 2934 867 3002 αὕτη
914 2936 971 2988 δὲ
1021 2936 1222 3004 μᾶλλον
1272 2936 1645 3007 εὐχαριστίανο
1698 2941 1792 2994 καὶ

216 3029 589 3096 παραιτητέον
613 3027 710 3095 μὲν
727 3026 963 3094 ἐκείνην,
984 3026 1058 3088 ὡς
1074 3027 1324 3097 περιττόν
1349 3032 1364 3083 ί
1372 3029 1485 3098 75)⁶
1508 3031 1791 3100 ἀντιποιη-

214 3119 341 3170 τέον
373 3117 429 3170 δὲ
456 3117 682 3186 ταύτης,
719 3119 793 3179 ὡς
823 3119 1152 3184 ἀναγκαίας.

302 3211 405 3263 Ἑν
459 3209 613 3277 αὐτῇ
646 3239 716 3248 -
752 3210 1014 3276 Ἰησοῦς.
1074 3210 1476 3278 Ἥγαλλιάσατο
1513 3214 1579 3282 τῇ
1616 3211 1794 3282 ψυχῇ,

215 3300 293 3362 ὡς
337 3300 646 3371 ἄνθρωπος,
684 3300 773 3354 sta
796 3301 895 3372 τὴν
933 3301 1206 3374 σωτηρίαν
1256 3302 1366 3354 τῶν
1408 3301 1798 3372 ὠφεληθέντων

219 3390 327 3444 ὑπὸ
347 3393 456 3442 τῶν
484 3391 762 3461 μαθητῶν.

291 3487 402 3537 Kal
439 3480 632 3537 εἶπεν·
662 3515 732 3524 —
763 3499 901 3538 σου.
942 3486 1147 3556 Εῐρηκε
1183 3485 1357 3540 ταῦτα
1401 3488 1498 3539 καὶ
1535 3487 1799 3557 περὶτῶν

213 3573 428 3626 δώδεκα
451 3575 707 3644 μαθητῶν
738 3579 795 3628 ἐν
822 3576 899 3646 τῷ
933 3577 1162 3646 εἰκοστῷ
1194 3577 1480 3648 κεφαλαίῳ
1519 3578 1614 3631 τοῦ
1661 3579 1800 3632 κατά

217 3667 520 3732 θιατθαῖον,
554 3669 647 3720 καὶ
678 3668 913 3739 ζήτησον
949 3670 1064 3722 ἐκεῖ
1091 3669 1189 3740 τὴν
1214 3670 1496 3739 ἐξήγησιν.

290 3758 405 3812 Kal
446 3759 733 3827 στραφεὶς
772 3787 836 3801 -
871 3761 1285 3829 ἀποκαλύψαι.
1322 3760 1432 3832 [Ἐν
1465 3763 1660 3833 ἐκείνῳ
1705 3765 1803 3818 καὶ

218 3850 392 3902 ταῦτα
423 3851 816 3920 διασεσάφηται
848 3851 984 3921 πρὸς
1014 3851 1303 3921 ἀκρίϐειαν
1341 3851 1501 3924 (74).]

294 3943 405 3997 Kal
433 3944 720 4011 στραφεὶς
749 3973 819 3981 -
844 3942 1140 4010 ἤκουσαν.
1177 3945 1360 3996 Ταῦτα
1383 3940 1504 4010 sine
1527 3944 1622 3997 καὶ
1647 3946 1703 3998 ὲν
1725 3945 1802 4015 τῷ

220 4036 457 4106 εἰκοστῷ
493 4038 738 4106 τετάρτῳ
767 4035 1052 4105 κεφαλαίῳ
1083 4034 1175 4088 τοῦ
1205 4036 1346 4088 κατά
1377 4035 1681 4100 Ματθαῖον,
1711 4037 1803 4090 καὶ

219 4128 496 4196 ἀνάγνωθι
555 4129 610 4178 ὲν
665 4125 814 4194 αὐτῷ
868 4125 980 4193 (75)
1031 4124 1128 4194 τὴν
1207 4126 1508 4197 ἑρμηνείαν
1575 4126 1756 4180 αὐτῶν
1786 4165 1802 4191 ,

219 4219 353 4270 ἔνθα
369 4221 546 4270 κεῖται
580 4217 674 4268 τό·
720 4213 919 4283 ’Υμῶν
965 4213 1035 4267 δὲ
1065 4216 1346 4284 μακάριοι
1383 4218 1439 4270 οί
1478 4216 1799 4285 ὀφθαλμοί.

232 4311 583 4380 Ἐπιθύμησε
617 4309 674 4362 δὲ
719 4312 925 4383 ταύτην
961 4312 1062 4382 τὴν
1107 4309 1403 4378 ἐπιθυμίαν
1449 4311 1544 4363 καὶ
1580 4309 1744 4364 Δαυῖδ
1777 4313 1805 4366 ὀ

219 4403 507 4473 προφήτης
580 4403 675 4455 καὶ
734 4401 1005 4472 βασιλεύς.
1049 4401 1138 4454 Διὸ
1195 4403 1288 4455 καὶ
1347 4399 1536 4470 ἔλεγε·
1597 4401 1806 4468 Δεῖξον

220 4494 386 4565 ἡμῖν,
427 4494 624 4562 Κύριε,
654 4495 720 4548 τὸ
752 4495 926 4561 ἔλεός
959 4511 1076 4548 σου
1098 4508 1110 4521 ·
1146 4493 1244 4564 τὴν
1267 4492 1682 4564 ὲνανθρώπησιν
1704 4495 1799 4548 τοῦ

221 4587 497 4657 Σωτῆρος,
526 4587 673 4651 ἔλεος
689 4587 976 4658 ὠνόμασας
999 4586 1135 4658 (76),
1162 4585 1235 4648 ὡς
1253 4587 1556 4656 γενομένην
1570 4585 1639 4640 δι’
1657 4587 1806 4651 ἔλεος

221 4675 334 4728 τῶν
361 4675 458 4728 ἀνθ
467 4677 687 4746 ρώπων.

296 4768 699 4838 Παρατήρησον
730 4767 810 4833 δὲ,
841 4768 924 4821 ὅτι
986 4765 1280 4838 στρέφεται
1339 4766 1477 4839 πρὸς
1514 4767 1642 4830 τοὺς
1695 4784 1803 4836 μα-

224 4859 397 4930 θητάς
443 4861 471 4910 ὁ
515 4860 724 4930 Σωτὴρ,
771 4860 868 4914 καὶ
910 4860 1160 4913 κατιδίαν
1206 4861 1389 4923 αὐτοῖς
1438 4861 1638 4928 ὁμιλεῖ,
1674 4860 1804 4922 τοὺς

227 4954 304 5023 μὴ
343 4951 593 5022 μαθητὰς
641 4950 1140 5020 ἀποστρεφόμενος.
1191 4951 1284 5002 Διὸ
1323 4949 1419 5002 καὶ
1474 4951 1666 5019 ἡμεῖς,
1708 4949 1804 5003 ἐὰν

222 5038 374 5115 ὦμεν
399 5042 639 5113 μαθηταὶ
664 5043 848 5108 αὐτοῦ,
869 5040 1284 5104 ἀκολουθοῦντες
1305 5039 1454 5110 αὐτῷ
1469 5038 1538 5093 δι’
1558 5039 1807 5110 ὑπακοῆς

334 5222 379 5254 ⁸⁸
412 5221 557 5276 l’sal.
587 5235 845 5285 cxxxvm,
889 5217 977 5274 16.
1088 5219 1133 5250 ⁸ο
1196 5217 1386 5274 Matth.
1413 5235 1565 5286 xvm,
1599 5217 1684 5273 16.

1904 578 2177 638 draconis.
2205 581 2341 638 Cum
2379 600 2509 656 ergo
2543 588 2768 643 vidisset
2788 607 2883 647 eos
2913 596 3216 661 gaudentes
3243 578 3329 657 de.
3349 606 3481 661 sub-

1899 669 2138 739 jectione
2216 674 2633 744 daemoniorum,
2707 681 2801 734 dat
2856 684 3087 753 {quidem
3162 693 3478 749 continuam

1903 761 2167 816 adversus
2213 764 2300 818 illa
2347 775 2698 834 potestatem.
2734 787 2896 840 quam
2947 775 3101 844 prius
3149 779 3217 834 ad
3261 791 3480 851 tempus

1906 864 2256 921 acceperant,
2287 870 2411 910 cum
2459 859 2846 915 mitterentur:
2883 865 2981 919 sed
3022 868 3362 937 adhortatur,
3411 890 3484 933 ne

1903 939 1970 994 de
1995 941 2095 995 hac
2127 944 2422 1012 gaudeant,
2458 947 2588 1016 quia
2627 965 2734 1004 non
2768 966 2834 1005 ex
2859 956 3155 1010 certamine
3177 960 3258 1014 eis
3289 977 3484 1029 prove-

1908 1033 2006 1097 nit,
2049 1035 2142 1087 sed
2176 1050 2242 1088 ex
2285 1037 2432 1091 dono
2461 1048 2686 1109 propter
2721 1057 2818 1098 eos
2840 1046 2931 1112 qui
2966 1047 3260 1116 adiuvandi
3298 1063 3476 1107 erant.

1904 1123 2086 1193 Potest
2113 1137 2298 1181 autem
2338 1129 2511 1184 virtus
2545 1132 2754 1188 inimici
2805 1135 2936 1199 dici,
2988 1153 3099 1192 non
3142 1140 3317 1195 solum
3375 1142 3478 1214 ipsi

1905 1217 2197 1281 daemones,
2235 1219 2328 1273 sed
2357 1229 2411 1272 et
2442 1222 2809 1279 multiformes
2844 1243 3032 1281 eorum
3084 1236 3444 1289 tentationes.

1975 1304 2200 1371 Quidam
2224 1323 2354 1362 vero
2377 1319 2432 1363 et
2453 1309 2618 1371 feras.
2638 1317 2759 1382 quae
2773 1315 3022 1370 homines
3042 1320 3296 1387 perdunt.
3319 1326 3484 1378 virtu-

1905 1406 2009 1450 tem
2034 1398 2176 1453 illius
2191 1400 2548 1470 dicunt,quod
2571 1404 2738 1459 etiam
2763 1408 2846 1463 his
2868 1411 3130 1468 adversus
3149 1430 3252 1470 nos
3274 1425 3481 1471 utatur.

1977 1579 2131 1636 Vers.
2166 1583 2253 1637 l9.
2281 1583 2348 1638 Et
2375 1615 2446 1626 —
2467 1587 2690 1646 nocebit.
2714 1588 2825 1645 Nec
2843 1590 3078 1657 dmmon,
3105 1609 3206 1652 nec
3229 1597 3482 1663 tentatio,

1904 1684 2007 1721 nec
2042 1670 2154 1724 l'era
2185 1682 2476 1729 venenata.

1976 1759 2128 1814 Vers.
2166 1761 2256 1816 20.
2287 1762 2654 1820 Verumtamen
2680 1799 2750 1807 —
2775 1771 3152 1839 subjiciuntur.
3183 1774 3310 1830 Non
3335 1778 3482 1833 enim

1903 1860 2144 1905 vestrum
2182 1862 2267 1908 est
2310 1869 2472 1924 opus,
2500 1857 2596 1911 sed
2637 1874 2756 1912 mea
2804 1863 3075 1931 gratiaJn
3102 1865 3205 1920 hoc
3247 1880 3376 1938 ergo
3414 1885 3485 1924 ne

1901 1942 2201 2011 gaudeatis.
2234 1959 2328 2010 ne,
2361 1956 2619 2017 tanquam
2651 1950 2718 2004 de
2742 1953 2963 2024 egregio
2986 1955 3226 2011 facinore
3243 1959 3485 2026 gauden-

1904 2032 2071 2095 tes,in
2102 2033 2395 2087 elationem
2429 2037 2719 2091 elevemini

1972 2119 2126 2174 Vers.
2158 2123 2246 2176 20.
2281 2121 2517 2178 Gaudete
2540 2155 2608 2166 -——
2638 2128 2802 2183 caelis.
2855 2129 2993 2195 Quia
3043 2145 3272 2204 propter
3321 2138 3483 2194 Iidem

1898 2219 2136 2262 vestram
2161 2209 2215 2264 in
2241 2213 2390 2267 cives
2411 2216 2709 2286 conscripti
2733 2221 2868 2274 estis
2903 2223 2956 2273 in
2981 2231 3185 2278 :nterna
3213 2225 3436 2284 civitate
3465 2247 3483 2284 :

1899 2312 2007 2351 non
2047 2307 2379 2366 atramento,
2420 2305 2518 2357 sed
2551 2308 2814 2361 memoria
2849 2325 2863 2362 :
2910 2324 3111 2379 neque,
3143 2323 3200 2366 nt
3229 2315 3487 2374 homines

1895 2391 2163 2456 scribunt,
2197 2395 2293 2448 sed
2327 2396 2469 2450 sicut
2501 2395 2645 2452 Deus
2670 2399 2916 2454 scribere
2950 2403 3122 2456 novit.
3155 2403 3296 2460 Dicit
3321 2411 3471 2463 enim

1895 2479 1961 2532 de
1990 2480 2157 2549 justis
2193 2480 2360 2536 David
2391 2499 2406 2535 :
2445 2481 2513 2535 Et
2544 2484 2598 2536 in
2629 2484 2764 2538 libro
2789 2497 2878 2539 tuo
2902 2503 3080 2543 omnes
3109 2493 3482 2548 scribentur“.

1897 2568 2177 2638 Siquidem
2209 2573 2480 2640 subjicere
2513 2575 2804 2637 daemonia,
2841 2587 3065 2646 propter
3113 2581 3348 2637 aliorum
3381 2584 3488 2639 uli-

1894 2661 2101 2714 litatem
2133 2663 2289 2716 vobis
2319 2652 2505 2716 datu’m
2539 2671 2624 2717 est
2654 2682 2667 2717 :
2703 2667 2850 2733 quod
2885 2677 3067 2722 autem
3105 2673 3326 2726 nomina
3391 2690 3486 2729 ve-

1895 2759 2008 2803 stra
2039 2751 2240 2820 scripta
2268 2759 2399 2806 sunt
2417 2752 2473 2806 in
2491 2752 2664 2817 cmlis,
2685 2763 2906 2824 propter
2930 2757 3161 2812 salutem
3196 2770 3432 2816 vestram
3464 2781 3480 2818 :

1894 2843 2013 2897 ideo
2045 2844 2307 2898 furtivum
2343 2836 2565 2914 quidem
2593 2847 2724 2901 illud
2754 2849 3011 2914 gaudium
3049 2861 3319 2908 tumorem
3345 2871 3476 2911 cau-

1894 2950 2014 2989 sare
2043 2935 2214 2998 novit,
2252 2934 2357 2990 hoc
2385 2953 2512 2990 vero
2552 2938 2843 3008 gratiarum
2874 2943 3142 2996 actionem
3177 2948 3391 3013 potius:
3429 2958 3486 3004 et

1895 3023 2024 3077 illud
2057 3024 2278 3092 quidem
2314 3024 2644 3091 cavendum,
2697 3035 2953 3096 tanquam
2990 3018 3350 3100 superﬂuum,
3383 3036 3488 3091 hoc

1824 3132 1868 3190 ο
1900 3127 2081 3170 autem
2111 3119 2523 3186 proponendum
2549 3129 2653 3179 est.
2690 3129 2946 3189 tanquam
2977 3130 3381 3182 necessarium.

1972 3208 2124 3264 Vers.
2169 3208 2261 3263 21.
2301 3210 2366 3262 1η
2425 3210 2520 3262 illa
2562 3238 2633 3250 —
2677 3209 2852 3264 Iesus.
2907 3214 3108 3269 Animo
3169 3220 3483 3288 exsultavit,

1904 3310 2164 3369 tanquam
2195 3301 2379 3363 homo,
2418 3309 2641 3369 propter
2668 3317 2857 3356 eorum
2883 3303 3133 3372 salutem,
3165 3310 3256 3377 qui
3280 3324 3309 3362 a
3329 3312 3488 3366 disci-

1901 3393 2045 3462 pulis
2073 3391 2302 3461 juvandi
2334 3400 2514 3444 erant.

1977 3481 2128 3538 Vers.
2153 3483 2242 3536 21.
2282 3481 2352 3535 Ει
2385 3481 2517 3533 dixit
2551 3507 2620 3519 -υ
2651 3489 2720 3533 ιο.
2762 3479 2885 3535 llaec
2941 3497 3159 3553 quoque
3222 3487 3363 3541 dixit
3413 3489 3482 3544 de

1901 3576 2188 3631 duodecim
2237 3573 2521 3643 discipulis
2562 3573 2825 3628 vicesimo
2868 3578 3044 3645 capite
3076 3576 3349 3645 Evangelii
3389 3595 3479 3634 se-

1903 3668 2139 3724 cundum
2175 3665 2482 3720 Mattbaaum
2514 3682 2528 3716 :
2562 3675 2619 3718 et
2659 3665 2730 3718 ibi
2787 3681 2968 3734 quaere
3004 3669 3418 3735 expositionem.

1976 3758 2126 3814 Vers.
2149 3757 2240 3812 21.
2277 3755 2346 3809 Et
2386 3772 2659 3810 conversus
2695 3785 2750 3795 -
2779 3756 2934 3811 Vers.
2989 3758 3082 3810 22.
3123 3761 3374 3815 revelare.
3425 3768 3482 3816 ln

1903 3867 1969 3907 eo
1991 3853 2110 3906 loco
2129 3851 2292 3904 etiam
2332 3849 2445 3902 haec
2480 3849 2772 3918 diligenter
2803 3849 3088 3916 explanata
3119 3861 3268 3903 sunt.

1977 3941 2129 4002 Vers.
2185 3939 2274 3992 25.
2337 3935 2401 3989 Et
2449 3951 2808 3990 conversue—
2846 3933 3007 3990 Vers.
3046 3937 3134 3989 26.
3181 3939 3482 3996 audierunt.

1905 4034 2032 4088 llazc
2055 4044 2283 4101 quoque
2312 4029 2448 4083 dixit
2479 4028 2740 4082 vicesimo
2765 4041 2962 4096 quarto
2989 4027 3142 4096 juxta
3171 4028 3483 4084 Matthaeum

1905 4125 2101 4194 capite,
2121 4131 2177 4177 et
2212 4122 2266 4175 in
2294 4135 2358 4175 eo
2387 4119 2508 4189 lege
2547 4118 2789 4188 ipsorum
2827 4120 3359 4187 interpretationem,
3383 4121 3483 4174 (ubi

1904 4217 2153 4272 dicitur:
2211 4211 2380 4267 Vestri
2426 4220 2606 4265 autem
2646 4210 2784 4263 beati
2835 4208 2972 4262 oculi
3009 4209 3076 4264 °’.
3135 4207 3248 4262 llac
3299 4219 3482 4263 autem

1905 4308 2162 4363 aviditate
2197 4312 2389 4372 captus
2432 4310 2515 4357 est
2543 4299 2714 4354 David
2761 4299 3025 4368 prapheta
3064 4297 3226 4352 simul
3257 4307 3312 4351 et
3343 4313 3434 4351 rex
3465 4314 3484 4362 ;

1909 4400 2029 4458 ideo
2061 4399 2224 4454 etiam
2249 4395 2386 4450 dixit
2411 4411 2425 4448 :
2463 4392 2687 4448 Ostende
2714 4391 2881 4456 nobis,
2911 4388 3483 4452 Domine,'misericor-

1906 4495 2053 4547 diam
2098 4499 2246 4544 tuam
2289 4489 2358 4552 ⁷⁸,
2415 4483 2714 4540 Salvatoris
2743 4481 2997 4537 videlicet
3050 4480 3484 4534 incarnationem

1903 4582 2186 4653 appellans
2215 4575 2667 4638 misericordiam,
2714 4581 2902 4642 utpote
2935 4578 3156 4640 propter
3198 4569 3485 4624 hominum

1902 4668 2336 4728 misericordiam
2372 4666 2594 4720 iactam.

1971 4762 2172 4817 Verum
2203 4760 2457 4822 observa,
2488 4753 2630 4825 quod
2669 4753 2736 4807 ad
2767 4750 3059 4820 discipulos
3085 4751 3330 4804 Salvator
3357 4765 3487 4804 con-

1905 4854 2162 4916 vertitur,
2211 4859 2265 4906 et
2321 4851 2454 4919 ipsis
2508 4846 2736 4902 seorsim
2797 4845 3063 4912 loquitur,
3120 4842 3190 4897 ab
3244 4842 3332 4907 iis,
3390 4841 3485 4910 qui

1913 4946 2167 5017 discipuli
2197 4959 2307 4998 non
2334 4952 2466 4997 sunt
2496 4954 2742 4995 aversus.
2774 4937 2903 4991 Ideo
2931 4944 2987 4989 et
3015 4950 3113 4989 nos
3147 4949 3386 5005 quoque,
3437 4935 3484 4987 si

1912 5037 2167 5109 discipuli
2197 5038 2315 5107 ejus
2348 5034 2634 5097 fuerimus,
2667 5047 2765 5101 per
2796 5027 3160 5084 obedientiam
3206 5027 3488 5082 mandato-

1799 5216 1840 5248 ·⁶
1875 5213 2020 5270 Psal.
2056 5227 2319 5278 Lxxxvm,
2349 5212 2450 5267 16.

1403 5401 1608 5464 Varini
1640 5398 1950 5463 lectiones
1995 5403 2055 5460 et
2097 5405 2288 5460 notm.

299 5573 410 5643 (τε)
446 5574 536 5635 Ὠς
560 5571 682 5624 οὐδὲ
708 5571 781 5627 οἱ.
813 5571 872 5626 Β.

300 5634 412 5712 (75)
447 5634 605 5697 Forte
632 5645 914 5712 περιττήν,
970 5639 1039 5694 ob
1093 5636 1396 5706 proximum
1480 5634 1807 5702 ἀναγκαίας.

231 5704 540 5788 ΔΙίΞΞε-’ἱιιμιι
566 5704 1156 5788 ῳιοίίυθ-ίιὲιτὶροξξῖῑ,
1195 5718 1254 5788 ut
1290 5717 1477 5761 notum
1503 5714 1609 5788 est.
1771 5773 1783 5788 ρ

304 5784 416 5854 (74)
467 5777 677 5836 Inclusa
698 5777 910 5836 omittit
942 5781 1004 5832 Α.
1045 5778 1178 5849 Ergo
1203 5777 1268 5832 ab
1294 5792 1401 5832 uno
1431 5777 1525 5828 καὶ
1549 5777 1811 5844 στραφεές

1922 5568 1986 5620 ad
2018 5564 2248 5618 alterum
2277 5561 2471 5616 saltum
2502 5558 2646 5614 fecit.

1991 5635 2103 5703 (75)
2162 5634 2248 5685 Ἐν
2269 5630 2417 5699 αὑτῷ
2449 5629 2622 5684 abest.
2645 5628 2712 5684 Α.

1991 5705 2101 5772 (76)
2178 5703 2494 5770 Ὠνόμασεν.
2516 5707 2582 5756 Α.
