4070 6412
151 398 272 463 969

1220 396 1610 458 COMMENT.
1652 393 1733 457 IN
1778 396 2057 457 LUCAM.
2100 419 2165 430 -·
2206 396 2366 455 CAP.
2408 397 2510 455 XI.

3346 401 3449 460 ιτο

150 508 369 576 λόγων.
427 507 504 562 Οὐ
564 505 676 579 γὰρ
736 505 1035 576 τρυφήσων
1082 498 1271 576 ἦλθον,
1338 505 1476 558 ἀλλὰ
1527 503 1758 570 διδάξων

1873 521 2113 560 meorum
2131 506 2456 560 auscultatio
2474 521 2812 559 sermonum.
2839 505 3023 574 Neque
3039 506 3208 572 enim,
3236 517 3294 560 ut
3315 522 3446 577 epu‘

153 601 338 671 ὑμᾶς.

237 695 439 760 Μαρία
464 722 534 732 -
559 689 770 757 αὐτῆς.
804 692 910 744 Δύο
962 691 1181 762 μερίδες
1223 691 1503 753 πολιτείας
1537 693 1758 742 ἐπαινε-

152 786 280 846 ταὶ,
315 788 348 854 ἡ
384 785 483 853 μὲν
541 784 850 854 πρακτικὴ,
909 787 945 850 ἡ
993 784 1046 836 δὲ
1082 783 1418 856 θεωρητική.
1458 783 1675 847 Ταύτας
1705 783 1762 836 αἱ

152 875 264 929 δύο
295 872 457 930 αὗται
487 876 771 929 διείλοντο.
811 874 1014 944 Μάρθα
1050 878 1171 947 μὲν,
1211 877 1310 947 τὴν
1335 876 1667 946 πρακτικὴν,
1703 877 1761 927 ἐν

153 968 242 1038 τῷ
270 969 638 1023 διακονεῖπθαι
671 970 800 1038 περὶ
839 969 939 1038 τὴν
975 969 1295 1039 σωματικὴν
1329 968 1632 1041 θεραπείαν
1665 967 1759 1019 τοῦ

157 1061 382 1130 Κυρίου
408 1079 420 1091 ο
457 1062 652 1132 Μαρία
693 1060 771 1122 δὲ,
806 1061 907 1131 τὴν
934 1061 1304 1132 θεωρητικὴν,
1330 1063 1388 1115 ὲν
1411 1061 1490 1131 τῷ
1535 1061 1759 1115 ἀκούειν

151 1151 277 1203 τῶν
310 1152 486 1217 λόγων
521 1151 712 1206 αὑτοῦ.
745 1153 856 1221 Ka‘t
879 1153 1003 1204 ἐπεὶ
1031 1153 1258 1217 διπλοῦς
1285 1149 1352 1226 ἦν
1378 1156 1406 1207 ὁ
1433 1156 1697 1224 Χριστὸς,
1725 1156 1755 1224 ἡ

157 1244 272 1313 μὲν
302 1246 548 1299 ἀνέπαυε
576 1244 637 1298 τὸ
667 1244 944 1317 δρώμενον
997 1245 1163 1298 αὑτοῦ
1185 1264 1197 1277 ·
1237 1248 1268 1315 ή
1305 1246 1360 1299 δὲ
1398 1245 1646 1298 ἐδούλευε
1681 1245 1760 1314 τῷ

152 1336 390 1405 ἀοράτῳ
424 1335 589 1387 αὐτοῦ
611 1353 626 1365 ο
653 1335 818 1398 αὐτὸς
841 1335 919 1400 δὲ,
943 1335 1046 1405 τῆς
1075 1337 1179 1405 μὲν
1216 1335 1315 1406 τὴν
1351 1337 1671 1406 προθυμίαν
1697 1337 1756 1389 ού

150 1423 414 1490 διέϐαλε,
453 1425 551 1496 τῆς
591 1426 645 1478 δὲ
682 1428 782 1498 τὴν
829 1427 1154 1498 προαίρεσιν
1196 1427 1454 1499 ἐπῄνεσε.
1499 1429 1613 1499 Τῆς
1660 1431 1760 1499 μὲν

152 1519 277 1586 γὰρ
311 1520 369 1570 τὸ
431 1518 614 1592 ἔργον,
671 1520 1140 1591 χρησιμώτατον·
1197 1523 1296 1588 τῆς
1338 1522 1394 1575 δὲ
1459 1523 1571 1594 (90)
1620 1523 1760 1594 ὑψη-

151 1607 415 1679 λὸτερον.

231 1782 309 1835 Συ
342 1782 420 1846 δὲ,
462 1783 530 1854 ἣν
561 1783 765 1854 βούλει,
816 1785 1083 1855 μίμησαι,
1122 1785 1155 1856 ἢ
1193 1785 1467 1856 θεράπευε
1498 1785 1560 1838 τὸ
1595 1787 1754 1855 σῶμα

151 1875 256 1928 τοῦ
285 1878 513 1948 Κυρίου,
535 1878 680 1946 λέγω
708 1878 792 1950 δὴ,
823 1881 949 1943 τοὺς
981 1880 1234 1949 πτωχούς
1253 1899 1264 1910 ·
1285 1880 1410 1949 Ἐρ⁹
1433 1879 1587 1933 ὅσον
1621 1881 1752 1950 γὰρ,

154 1970 354 2040 φησὶν,
402 1970 730 2039 ἐποιήσατε
797 1971 889 2025 ἐνί
931 1973 1164 2026 τούτων
1217 1971 1335 2025 τῶν
1384 1973 1752 2040 ἐλαχίστων,

151 2061 291 2130 ἐμοὶ
326 2063 684 2132 ἐποιήσατεο
713 2063 746 2134 ἢ
776 2063 1009 2135 ἁσχολοῦ
1043 2068 1172 2134 περὶ
1201 2066 1300 2135 τὴν
1327 2066 1595 2137 ἀκρόασιν
1646 2066 1754 2118 τῶν

153 2154 342 2221 λόγων
374 2157 562 2224 αὑτοῦ,
594 2159 727 2228 περὶ
765 2159 866 2228 τὴν
901 2158 1139 2228 θεωρίαν
1169 2157 1277 2210 τῶν
1324 2158 1618 2228 δογμάτων
1660 2162 1754 2211 αὺ-

152 2246 259 2300 τοῦ
282 2265 296 2279 ·
325 2248 358 2317 ἦ
391 2250 487 2302 καὶ
509 2248 799 2319 ἀμφότερα
823 2248 1090 2321 μετέρχου
1118 2253 1259 2302 κατὰ
1291 2249 1414 2312 τοὺς
1443 2252 1752 2320 προσήκον-

153 2349 260 2399 τας
295 2340 540 2411 καιρούς.

231 2432 347 2500 Τὴν
372 2433 583 2502 ἀγαθὴν
632 2434 689 2486 δὲ
720 2434 916 2503 μερίδα
975 2431 1152 2498 εἶπεν,
1203 2433 1302 2503 ούχ
1334 2434 1409 2497 ὡς
1446 2435 1546 2503 τῆς
1587 2433 1755 2504 ἄλλης

156 2526 412 2592 πονηρᾶς
461 2523 652 2594 οὔσης,
688 2525 803 2577 ἀλλ’
854 2525 1067 2596 ἀγαθὴν
1124 2525 1361 2578 ἐνταῦθα
1426 2525 1528 2591 τὴν
1568 2525 1755 2596 κρείτ·-

153 2631 291 2667 τονα
318 2615 624 2686 ὠνόμασεν.
675 2617 984 2687 Ἐνδέλεται
1042 2619 1152 2689 γὰρ
1196 2617 1292 2672 δύο
1351 2618 1534 2672 καλῶν
1585 2620 1646 2672 τὸ
1699 2619 1756 2672 ἓν

156 2705 304 2759 εἶναι
337 2708 578 2763 κάλλιον.
607 2708 788 2761 Καλὸν
816 2710 915 2778 μὲν
943 2710 1053 2780 γὰρ
1081 2709 1141 2763 τὸ
1165 2709 1470 2777 φιλοξενεῖν
1493 2725 1506 2738 ·
1535 2711 1756 2763 κάλλιον

156 2799 216 2851 δὲ
258 2800 322 2850 τὸ
350 2799 714 2871 παρεδρεύειν
747 2799 888 2870 Θεῷ.
918 2801 991 2854 Τὸ
1023 2802 1123 2870 μὲν
1155 2802 1264 2870 γὰρ
1311 2801 1661 2870 σωματικόν
1695 2802 1758 2854 τὸ

155 2889 216 2940 δὲ
256 2890 651 2944 πνευματικόν.

504 3005 661 3058 ΚΕΦ.
700 3005 831 3058 AII’.
866 3005 1007 3072 Περὶ
1041 3005 1413 3075 προσευχῆς.

237 3096 352 3150 Καί
383 3096 622 3166 ἐγένετο
645 3128 714 3138 -
743 3098 952 3152 αὑτοῦ.
993 3093 1166 3161 Οὗτος
1193 3101 1221 3151 ὁ
1254 3100 1508 3172 μαθητὴς
1548 3101 1614 3155 ἐκ
1645 3103 1755 3155 τῶν

1868 595 1968 657 Ier.
1994 598 2140 663 veni,
2178 599 2272 652 scd
2307 607 2364 652 ut
2397 614 2490 653 vos
2524 599 2776 653 doceam.

1943 687 2096 742 Vers.
2130 691 2218 743 42.
2254 689 2428 743 Maria
2458 719 2526 728 —-
2562 707 2646 743 ea.
2686 691 2816 746 Dum
2845 702 3028 760 partes
3077 692 3453 746 conversatio-

1866 782 1953 837 nis
1984 782 2287 837 laudabiles
2313 791 2467 848 sunt,
2495 799 2694 852 nempe
2722 785 2964 854 practica
3001 783 3119 837 sive
3141 784 3449 852 operativa,

1865 883 1922 928 et
1954 875 2198 928 theorica
2237 875 2353 928 sive
2380 873 2848 943 contemplativa;
2907 874 3004 928 has
3065 874 3186 928 dure
3228 888 3452 929 sorores

1865 970 1981 1024 ista:
2008 970 2322 1039 elegerant:
2362 970 2572 1024 Martha
2607 971 2829 1039 quidem
2889 968 3248 1038 operativam,
3292 969 3456 1023 mini-

1868 1062 2099 1119 strando
2134 1066 2278 1116 circa
2315 1063 2598 1132 corporale
2628 1063 2841 1118 Domini
2876 1062 3238 1131 obsequium;
3291 1061 3457 1116 Maria

1864 1171 1997 1210 vero
2051 1156 2557 1225 contemplativam,
2612 1158 2890 1212 audiendo
2973 1171 3258 1209 sermones
3290 1155 3459 1210 illius.

1863 1247 1931 1302 Et
1960 1248 2085 1316 quia
2119 1248 2409 1319 bipartitus
2446 1259 2564 1304 erat
2594 1249 2869 1314 Christus,
2911 1249 2999 1303 illa
3043 1250 3266 1318 quidem
3315 1250 3460 1303 refo-

1864 1341 2083 1396 cillabat
2106 1352 2315 1414 partem
2348 1343 2466 1413 ejus
2486 1327 2779 1408 visibilem,
2839 1343 2953 1397 lucc
3017 1352 3200 1396 autem
3247 1342 3462 1396 colebat

1863 1440 2076 1503 partem
2106 1435 2224 1503 ejus
2251 1433 2580 1487 invisibilem
2631 1452 2645 1487 :
2700 1433 2818 1502 ipse
2850 1448 2980 1487 vero
3037 1431 3184 1486 illius
3239 1431 3459 1501 quidem

1862 1526 2354 1596 promptitudincm
2389 1540 2500 1578 non
2537 1525 2888 1594 vituperavit,
2929 1524 3092 1595 hujus
3136 1532 3316 1578 autem
3343 1524 3462 1578 elc-

1863 1619 2104 1673 ctioncm
2131 1617 2393 1672 laudavit.
2442 1616 2722 1686 Siquidem
2750 1617 2894 1669 illius
2935 1632 3072 1685 opus
3127 1616 3259 1670 utile
3310 1622 3460 1670 certe

1861 1710 2154 1764 admodum
2189 1719 2328 1776 erat,
2360 1710 2527 1781 hujus
2565 1720 2745 1765 tamen
2777 1709 3092 1765 sublimius.

1931 1805 2013 1859 Tu
2050 1821 2200 1876 ergo,
2235 1820 2398 1875 quam
2428 1803 2668 1858 volucris
2699 1803 2938 1868 imitare,
2964 1812 3058 1858 aut
3083 1818 3270 1858 curam
3320 1803 3464 1858 habe

1867 1898 2115 1969 corporis
2156 1898 2394 1961 Domi‘ni,
2420 1898 2543 1952 dico
2577 1912 2709 1951 sane
2742 1911 3070 1967 pauperum.
3100 1896 3236 1952 Nam
3270 1905 3462 1967 quate-

1865 2008 1983 2054 nus,
2030 1989 2227 2058 inquit,
2279 1990 2370 2040 uni
2421 1988 2484 2039 de
2543 1987 2622 2040 Itis
2672 1987 2902 2041 minimis
2949 1986 3165 2056 fecistis,
3211 1997 3258 2039 ct
3331 1987 3465 2040 mihi

1865 2083 2058 2153 fecistis
2093 2081 2157 2132 ⁷⁷.
2249 2079 2357 2134 Aut
2429 2094 2709 2148 occupare
2789 2077 2934 2132 circa
3002 2077 3463 2132 auscultationcm

1865 2189 2185 2229 sermonum
2221 2172 2411 2242 ipsius,
2450 2172 2594 2225 circa
2616 2169 3465 2241 contemplationemdogmatum

1865 2267 2033 2322 illius.
2059 2265 2167 2319 Aut
2192 2264 2354 2318 etiam
2384 2272 2678 2332 utrumque
2718 2247 2912 2317 exerce
2939 2263 3197 2333 congruis
3255 2269 3468 2332 tempor

1865 2359 2040 2414 ribus.

1938 2449 2140 2503 Bonam
2174 2462 2302 2502 vero
2337 2455 2545 2518 partem
2574 2445 2731 2507 dixit,
2794 2461 2901 2500 non
2935 2445 3080 2515 quod
3112 2444 3280 2499 altera
3326 2445 3466 2498 mala

1865 2543 1972 2598 sit:
2007 2543 2101 2597 sed
2122 2542 2318 2596 bouam
2347 2539 2435 2594 hic
2474 2538 2765 2609 appellavit
2789 2554 2908 2592 eam
2941 2554 3061 2608 quae
3123 2537 3317 2592 melior
3362 2547 3468 2592 est.

1866 2636 2051 2689 Potest
2079 2634 2225 2688 enim
2265 2631 2411 2697 ﬁeri,
2458 2632 2772 2685 utduorum
2807 2630 3079 2684 bonorum
3113 2645 3289 2682 unum
3327 2629 3468 2683 alte-

1867 2741 1930 2781 ro
1947 2725 2143 2779 melius
2174 2724 2265 2779 sit.
2296 2723 2506 2776 Bonum
2527 2721 2798 2792 siquidem
2821 2730 2928 2786 est,
2959 2719 3288 2790 hospitalem
3321 2736 3465 2778 ('ssc.

1866 2830 2056 2870 verum
2095 2814 2292 2867 melius
2307 2822 2410 2877 est,
2449 2812 2558 2867 Deo
2581 2811 2821 2867 assidere
2847 2828 2861 2865 :
2893 2810 3026 2866 illud
3045 2811 3189 2866 enim
3213 2827 3472 2883 corpora-

1867 2908 1918 2961 le
1957 2917 2059 2971 est,
2095 2907 2202 2960 hoc
2231 2915 2412 2960 autem
2442 2903 2747 2974 spirituale.

2226 3019 2376 3074 CAP.
2415 3017 2702 3072 XXXVIII.
2753 3016 2825 3070 De
2852 3019 3110 3071 oratione.

1941 3111 2094 3167 CAP.
2132 3110 2225 3164 XI.
2246 3110 2402 3164 Vcrs.
2438 3109 2490 3162 I.
2517 3109 2716 3162 Accidit
2748 3118 2928 3162 autem
2951 3139 3021 3149 --
3052 3126 3194 3164 suos.
3224 3110 3471 3182 Discipu-

158 3190 540 3258 ἐϐδομήκοντα
565 3186 652 3261 ἦν.
692 3193 832 3253 Τοὺς
876 3191 985 3260 γὰρ
1027 3191 1239 3244 δώδεκα
1299 3191 1540 3259 ἐδίδαξεν
1576 3197 1634 3248 ἐν
1686 3196 1758 3266 τῷ

1873 3204 1958 3259 Ius
1986 3203 2074 3258 hic
2098 3212 2217 3258 erat
2242 3217 2306 3256 ex
2333 3202 2704 3271 septuaginta.
2745 3199 2883 3255 Nam
2917 3201 3210 3255 duodecim
3266 3203 3470 3257 docue-

158 3286 405 3355 πέμπτῳ
454 3283 740 3354 κεφαλαίῳ
790 3283 884 3336 τοῦ
935 3283 1077 3336 κατὰ
1110 3283 1416 3338 Ματθαῶν.
1473 3285 1622 3338 Ἰδὼν
1651 3288 1761 3359 γὰρ

156 3374 255 3427 τὸν
280 3373 606 3427 διδάσκαλον
649 3372 846 3443 καινὴν
898 3373 1186 3426 πολιτείαν
1213 3374 1308 3426 καὶ
1345 3373 1457 3445 (9|)
1500 3379 1762 3448 μετερχὲ-

162 3484 332 3537 μενον
363 3469 457 3519 καὶ
491 3465 914 3536 ὑποτιθέμενον,
940 3466 1177 3536 ἐζήτησε
1214 3466 1309 3519 καὶ
1353 3469 1552 3538 καινὴν
1583 3487 1760 3540 προσ-

160 3558 357 3627 ευχὴν,
400 3559 466 3626 τῇ
498 3556 750 3625 πολιτεία
808 3555 1174 3624 κατάλληλον.
1219 3556 1277 3610 Ὀ
1322 3556 1401 3622 δὲ,
1436 3557 1506 3628 ἢν
1549 3559 1759 3626 ἐδίδαξε

160 3651 296 3713 τοὺς
326 3649 558 3714 δώδεκα,
591 3650 799 3719 ταύτην
832 3648 927 3701 καὶ
961 3647 1053 3701 νῦν
1085 3647 1384 3701 ἐκτίθεται.

236 3839 389 3893 Eine
416 3869 482 3878 ——
523 3837 815 3906 πονηροῦ.
863 3837 1324 3908 Ἦρμηνεύθησαν
1365 3839 1539 3892 ταῦτα
1582 3843 1760 3894 πάντα

163 3933 314 3986 κατὰ
345 3932 403 3984 τὸ
434 3931 598 4001 ῥητὸν
626 3932 684 3984 ἐν
714 3929 792 4000 τῷ
832 3930 1129 4000 δηλωθέντι
1166 3931 1406 4000 πέμπτῳ
1449 3933 1754 4003 κεφαλαίῳ.

161 4027 230 4078 Εἰ
267 4024 324 4076 δὲ
379 4027 472 4074 καὶ
521 4021 698 4087 λέξεις
750 4023 899 4083 τινες
954 4020 1193 4075 ἐνταῦθα
1256 4021 1757 4088 παραλλάττουσιν,

162 4116 284 4171 ἀλλ’
318 4113 413 4169 οὖν
438 4117 536 4186 τὴν
567 4115 739 4182 αὐτὴν
773 4115 871 4168 xa‘t
895 4106 1059 4167 αὗται
1086 4113 1367 4183 σημασίαν
1397 4115 1757 4182 φυλάττουσι,

163 4211 267 4264 καὶ
300 4211 382 4269 εἰς
416 4209 515 4276 τὴν
555 4207 753 4278 ὁμοίαν
780 4207 1087 4277 ἑρμηνείαν
1137 4206 1491 4275 συνάγονται.
1533 4206 1760 4272 Διδάξας

163 4306 223 4356 δὲ
258 4302 686 4371 προσεύχεσθαι,
720 4300 893 4364 δεῖξαι
923 4299 1198 4369 βούλεται,
1232 4302 1324 4356 καί
1347 4300 1429 4352 ὅτι
1456 4301 1488 4371 ἡ
1519 4301 1759 4370 ἐπιμονὴ

166 4395 269 4464 τῆς
298 4393 613 4462 προσευχῆς
646 4395 801 4446 ἀνύει
833 4392 894 4444 τὸ
925 4392 1396 4461 σπουδαζόμενον,
1430 4393 1523 4444 καὶ
1557 4393 1760 4462 κέχρη-

163 4505 262 4542 ται
292 4485 580 4558 παραϐολῇ
619 4482 947 4557 παριστώσῃ
987 4483 1167 4539 τοῦτο.
1223 4485 1656 4556 Περιεργότερον
1701 4486 1759 4539 δὲ

164 4581 314 4652 αὕτη
349 4580 801 4651 συμπέπλασται,
830 4578 919 4632 ῐνα
956 4577 1052 4631 καὶ
1079 4579 1168 4648 εἴη
1207 4577 1586 4650 πιθανωτέρα.

245 4767 358 4823 Καὶ
382 4761 512 4820 εἶπε
549 4796 618 4806 —
646 4766 831 4830 αὐτῷ.
862 4764 1106 4835 Χρῆσον,
1151 4765 1293 4836 ἦτοι,
1331 4765 1582 4819 δάνεισον
1626 4766 1759 4837 (92).

246 4953 538 5020 Κάκεῖνος
586 4983 657 4993 -
687 4970 809 5007 σοι.
843 4953 984 5006 Φασί
1036 4970 1186 5016 τινες
1247 4954 1635 5021 ἀναγωγικῶς,
1681 4956 1761 5008 ὅτι

168 5051 381 5101 νοεῖται
407 5047 558 5113 φίλος
597 5047 696 5116 μὲν
732 5046 759 5097 ὁ
795 5045 1182 5118 φιλάνθρωπος
1218 5046 1353 5108 Θεός
1414 5062 1428 5076 ο
1464 5045 1764 5118 πορεύεται

167 5142 227 5194 δὲ
267 5140 406 5208 πρὸς
443 5139 609 5191 αὑτὸν
645 5138 1007 5205 μεσονυκτίου
1035 5140 1132 5190 καὶ
1174 5139 1322 5191 αἰτεῖ
1349 5140 1503 5209 τρεῖς
1536 5139 1760 5211 ἄρτους.

170 5234 200 5285 ὁ
230 5231 382 5300 παρά
401 5231 492 5284 τὸν
515 5232 865 5301 προσήκοντα
883 5230 1076 5298 καιρὸν
1100 5229 1271 5283 αἰτῶν
1292 5233 1443 5300 τρεῖς
1458 5232 1762 5299 θεολογίας,

173 5323 395 5393 Ila-cpe;
423 5323 518 5376 καὶ
549 5323 684 5376 Υἱού
717 5324 810 5375 καὶ
850 5321 1008 5390 ἁγίου
1038 5321 1378 5391 Πνεύματος,
1414 5323 1502 5377 ἵνα
1538 5324 1759 5394 παραθῇ

287 5473 335 5507 ⁷⁷
368 5473 560 5528 Matth.
593 5488 725 5540 xxv,
756 5471 851 5525 40.

1873 3311 1958 3354 rat
1993 3299 2186 3368 quinto
2209 3297 2384 3366 capite
2417 3295 2695 3367 Evangelii
2727 3296 2884 3365 juxta
2931 3295 3269 3350 Mattltzeum.
3330 3298 3465 3351 Cum

1872 3392 2260 3447 vidcretenim
2289 3398 2684 3458 praeceptorem
2724 3403 2926 3441 novum
2975 3388 3097 3441 vita:
3155 3388 3467 3443 institutum

1871 3495 1927 3541 ct
1956 3499 2216 3539 exercere
2239 3494 2295 3537 et
2323 3483 2622 3537 admonere
2645 3498 2658 3534 :
2700 3495 2894 3534 novam
2917 3495 3134 3549 quoque
3162 3483 3466 3537 orationem

1872 3576 2148 3648 quaesivit,
2229 3574 2354 3629 vita:
2440 3573 2622 3628 studio
2702 3573 3151 3628 convenientem.
3222 3575 3290 3630 At
3382 3577 3470 3631 ille

1871 3687 2032 3742 quam
2063 3671 2212 3740 ipsos
2247 3667 2538 3724 duodecim
2571 3668 2856 3736 docuerat,
2903 3669 3047 3723 hanc
3106 3671 3267 3724 etiam
3321 3685 3471 3726 nunc

1869 3763 2112 3833 exponit.

1940 3855 2099 3911 Vers.
2134 3853 2189 3907 2.
2223 3853 2309 3907 Ait
2338 3882 2408 3892 —-—
2431 3852 2584 3908 Vers.
2621 3854 2674 3907 ι.
2735 3852 2904 3905 malo.
2963 3849 3169 3906 Ilorum
3211 3852 3468 3908 'omnium

1871 3948 2196 4004 alverbum
2224 3946 2352 4001 data
2375 3955 2459 3999 est
2514 3944 2901 4015 interpretatio
2949 3944 3214 4015 praedicto
3271 3945 3468 4013 quinto

1872 4041 2068 4110 capite.
2094 4037 2249 4105 Quod
2286 4037 2327 4090 si
2356 4036 2626 4090 dictiones
2653 4035 2903 4105 quaedam
2938 4035 3029 4090 hic
3056 4044 3464 4105 permutantur,

1871 4132 2115 4189 eamdem
2139 4139 2324 4185 tamen
2361 4137 2415 4182 et
2445 4128 2564 4182 ista:
2591 4136 2813 4182 servant
2870 4128 3352 4199 signiﬁcationem,
3413 4138 3468 4182 et

1871 4225 1928 4278 in
1954 4222 2189 4295 sjmilem
2229 4221 2567 4276 conveniunt
2611 4220 3144 4289 interpretationem.
3170 4221 3465 4289 Postquam

1871 4326 2053 4371 autem
2078 4329 2237 4368 orare
2273 4312 2480 4374 docuit,
2515 4311 2629 4365 vult
2686 4313 3003 4379 ostendere,
3058 4313 3205 4381 quod
3262 4312 3470 4366 oratio-

1871 4409 1957 4463 nis
1989 4403 2395 4478 perseverantia
2425 4403 2614 4457 tribuit
2654 4403 2731 4465 id,
2762 4402 2910 4472 quod
2946 4405 3067 4472 quis
3109 4404 3354 4472 eXpetit;
3416 4412 3469 4455 et

1871 4500 2132 4579 parabola
2198 4513 2332 4551 usus
2405 4505 2514 4560 est,
2602 4511 2723 4566 quae
2777 4496 2881 4550 hoc
2923 4495 3279 4558 demonstret,
3347 4510 3467 4563 qua:

1795 4571 2032 4650 Deliam
2090 4589 2400 4645 accuratius
2447 4586 2680 4642 formata
2742 4597 2864 4651 est,
2928 4595 2987 4641 ut
3039 4587 3457 4657 persuasibilior

1863 4685 2147 4741 reddatur.

1941 4770 2100 4824 Vers.
2159 4770 2213 4824 5.
2281 4767 2348 4821 Et
2409 4767 2638 4821 dixit—
2681 4767 2837 4823 Vera.
2880 4767 2932 4823 6.
2971 4768 3076 4822 illi.
3151 4769 3453 4826 Commoda

1865 4880 1960 4919 seu
2003 4874 2192 4917 mutuo
2228 4862 2316 4916 da.

1939 4956 2094 5010 Vers.
2132 4957 2186 5010 7.
2233 4956 2299 5009 Et
2332 4956 2422 5011 ille
2448 4987 2516 4996 -——
2545 4956 2659 5012 tibi.
2705 4958 2901 5012 Dicunt
2928 4957 3148 5028 quidam
3190 4973 3286 5027 per
3323 4956 3464 5010 ami-

1874 5067 1998 5104 cum
2031 5052 2327 5121 auagogiee
2356 5051 2525 5104 Deum
2553 5049 2782 5121 intelligi
2811 5050 3097 5104 hominum
3150 5057 3450 5102 amatorem

1874 5139 2039 5196 Vadit
2074 5154 2239 5197 auten
2274 5143 2339 5196 ad
2370 5143 2548 5213 ipsum
2575 5142 2756 5197 media
2830 5151 2995 5197 nocte
3052 5151 3109 5196 et
3155 5141 3292 5210 petit
3345 5149 3458 5195 tres

1875 5247 2078 5303 panes,
2109 5233 2198 5303 qui
2229 5234 2583 5290 convenieuti
2623 5245 2865 5304 tempore
2895 5235 3035 5304 petit
3065 5233 3332 5302 triplicem
3377 5229 3462 5284 di-

1875 5325 2059 5379 vinum
2090 5341 2425 5392 sermonem,
2454 5325 2630 5382 Patris
2660 5326 2916 5381 videlicet
2951 5333 3006 5381 et
3036 5322 3157 5378 Filii
3191 5337 3254 5377 ac
3283 5321 3461 5392 Spiri-

1401 5535 1605 5596 Varim
1644 5534 1952 5598 lectiones
1985 5541 2041 5595 et
2082 5543 2270 5597 notte.

245 5714 358 5786 (90)
394 5713 505 5786 Τῆς
539 5713 596 5786 διε
630 5710 690 5764 τό

247 5773 364 5851 ἱείς)
392 5773 501 5835 κάξ
535 5773 689 5838 abest
715 5784 780 5836 Α.

224 5847 363 5929 ’(92)
400 5852 526 5907 llaec
561 5853 663 5905 tria
693 5850 959 5907 vocabula
986 5847 1170 5902 omisit
1204 5847 1507 5905 IIenlenius
1544 5855 1596 5902 ct
1656 5854 1745 5901 tcx

535 5944 810 6007 PATROL.
851 5946 967 6007 Gtt.
1006 5943 1264 6003 CXXIX.

1884 5717 1996 5760 tum
2032 5706 2266 5776 junctim
2327 5705 2535 5763 cddidit
2565 5721 2594 5760 a
2639 5707 2832 5776 quinto
2890 5708 2957 5764 ad
3007 5707 3300 5780 septimum
3339 5721 3466 5763 ver-

1883 5792 2026 5830 ευῐιι.

3075 5937 3146 5999 31
