4084 6382
239 321 345 381 983

1224 319 1610 380 COMMENT.
1654 320 1733 380 IN
1768 318 2046 383 LUCAM.
2085 348 2152 360 -
2191 325 2347 386 CAP.
2379 327 2519 386 XlI.

3407 335 3512 396 990

232 430 605 501 λαμπρέτητα
635 432 730 484 τοῦ
783 449 839 484 τε
871 433 1182 486 ἐνδιαθέτου
1215 434 1377 502 λόγου
1408 438 1502 488 καὶ
1542 436 1635 488 τοῦ
1695 452 1826 506 προ-

1935 441 2158 509 quentis
2211 443 2486 498 sermonis
2539 443 2752 496 statuit.
2811 442 3043 512 Oportet
3091 443 3262 507 enim,
3325 456 3382 500 ut
3425 448 3512 504 hic

237 522 474 590 φορικοῦ
507 523 876 576 διατάττεται.
913 524 1031 593 Χρὴ
1061 524 1167 592 γὰρ
1202 525 1428 584 τούτους
1455 528 1539 578 ἀεὶ
1579 527 1820 595 λάμπειν

233 613 334 663 καὶ
376 612 652 680 φωτίζειν,
679 613 768 664 τὸν
803 613 900 680 μὲν
926 614 1092 682 ἡμᾶς,
1144 615 1234 666 τὸν
1293 615 1349 668 δὲ
1395 617 1518 679 τοὺς
1545 617 1634 685 ὑφ’
1662 616 1822 686 ἡμῶν

231 701 682 771 διδασκομένους.

311 793 417 845 Kal
470 795 640 861 ὑμεῖς
669 824 740 836 -
779 795 1000 864 γάμων.
1037 797 1132 848 Διά
1187 798 1502 869 παραδολῆς
1564 801 1823 870 svia-quv

241 884 639 951 ἑτοιμάζεσθαι
672 887 813 957 πρὸς
843 889 1153 956 ἀπάντησιν
1204 892 1390 954 αὑτοῦ,
1436 894 1613 946 πάντα
1644 895 1824 957 καλῶς

235 974 647 1041 διατιθεμένους
675 980 768 1030 καὶ
793 981 1168 1050 ἀναμένοιτας
1215 983 1376 1036 αὑτόν
1425 987 1686 1053 μέλλοντα
1720 987 1826 1039 πά-

235 1067 324 1117 λιν
355 1065 512 1134 ἥξειν
543 1066 603 1132 ἐξ
634 1069 889 1139 ούρανοῦ.
930 1073 1028 1124 Διὰ
1093 1073 1251 1127 τοῦτο
1281 1075 1390 1146 γὰρ
1425 1079 1686 1131 ἀνάλυσιν
1724 1079 1822 1147 μὲν

235 1156 492 1224 ὠνόμασε
526 1159 626 1222 τὴν
683 1161 821 1226 μετὰ
852 1161 912 1212 τὸ
943 1162 1215 1231 ἀναϐῆναι
1253 1167 1474 1232 χρονίαν
1525 1168 1689 1220 αὐτοῦ
1725 1168 1823 1220 κά-

237 1246 417 1299 εοδον·
451 1247 667 1317 γάμους
692 1249 770 1315 δὲ,
804 1250 902 1320 τὴν
933 1251 1046 1304 ἄνω
1073 1255 1420 1325 εὐφροσύνην
1450 1260 1542 1311 καὶ
1566 1261 1826 1328 ἀγαλλία-

237 1356 346 1393 σιν.

317 1432 540 1487 Ἵνιι-
582 1432 761 1496 αὐτῷ.
823 1433 1136 1500 Τουτεστιν,
1201 1438 1289 1492 ἵνα
1345 1439 1661 1508 αἰσθόμενοι
1723 1443 1824 1510 τῆς

238 1524 550 1592 παρουσίας
583 1523 767 1587 αὑτοῦ,
806 1526 1108 1595 προθύμως
1139 1530 1232 1580 καὶ
1259 1531 1396 1598 μετὰ
1432 1535 1608 1602 χαρᾶς
1645 1537 1818 1587 amv-

234 1612 510 1678 τὴσωσιν,
547 1612 700 1663 ούδέν
740 1631 791 1664 τι
820 1616 1058 1684 πονηρὸν
1096 1619 1402 1682 συνειδότες
1452 1621 1686 1686 ἑαυτοῖς.
1725 1624 1827 1677 Πε-

240 1703 487 1770 ραιτέρω
516 1703 623 1772 γὰρ
663 1705 723 1755 οὐ
769 1710 1200 1775 περιεργαστέον
1231 1710 1330 1779 τὴν
1373 1713 1716 1783 παραϐολήν.

314 1795 604 1865 Μακάριοι
635 1829 704 1836 -
735 1802 1202 1870 πτρηγοροῦντας.
1266 1804 1682 1875 Γρηγοροῦντας
1723 1809 1825 1874 ἔτι,

238 1886 330 1938 διὰ
354 1887 414 1939 τὸ
448 1889 508 1940 ἐν
533 1889 865 1958 ἐγρηγόρσει
894 1894 1193 1946 ἀποθανεῖν
1241 1895 1461 1957 αύτούς.
1493 1897 1689 1968 ’Λρετὴ
1721 1900 1830 1970 γὰρ

237 1978 340 2045 τῆς
374 1977 556 2048 ψυχῆς
584 1981 719 2034 οὖσα
814 1985 1166 2054 ἐγρήγορσις,
1207 1990 1636 2058 συμπαραμένει
1660 1992 1824 2061 αὐτῇ.

313 2069 470 2130 Τινὲς
503 2070 560 2122 δὲ
590 2073 696 2123 ἀπὸ
720 2072 820 2141 τῆς
849 2073 1163 2137 ἀναλύσεως
1193 2079 1288 2128 καὶ
1315 2080 1414 2147 τῆς
1438 2078 1702 2142 ἐλεύσεως
1727 2084 1824 2133 καὶ

239 2158 524 2224 κρούσεως
579 2161 830 2228 ἐνόησαν,
863 2164 946 2216 ὅτι
980 2167 1007 2217 ό
1069 2167 1302 2237 Χριστὸς
1350 2167 1510 2229 αύτδς
1573 2169 1834 2238 ἐπιδημεῖ

239 2252 364 2310 ταῖς
396 2249 681 2312 τελευταῖς
713 2252 821 2304 τῶν
861 2254 1108 2318 δικαίων,
1141 2256 1238 2310 καὶ
1284 2260 1343 2309 οὗ
1407 2260 1567 2326 μόνον
1599 2260 1829 2328 τούτων,

241 2339 383 2392 ἀλλὰ
440 2341 678 2394 καὶτῶν
736 2345 1105 2414 ἁμαρτωλῶν.
1145 2349 1253 2400 Καὶ
1283 2349 1442 2402 τοῦτο
1496 2349 1829 2420 βεὸαιοῦσιν,

239 2432 352 2485 ἀπὸ
417 2433 509 2484 το]
583 2437 758 2486 εἰπεῖν
793 2437 885 2488 τὸν
936 2438 1070 2490 Θεὸν
1119 2439 1196 2509 τῷ
1257 2441 1520 2511 πλουσίῳ,
1578 2444 1830 2512 Ἀςρρον,

242 2521 432 2590 ταύτῃ
464 2519 539 2588 τῇ
567 2523 736 2575 νυκτὶ
769 2523 884 2592 τὴν
909 2525 1121 2593 ψυχήν
1166 2543 1283 2581 σου
1314 2528 1678 2582 ἀπαιτοῦσιν
1717 2531 1833 2583 ἀπὸ

241 2626 382 2663 σου.

317 2699 539 2770 Ἕτεροι
582 2705 639 2754 o‘e
683 2719 745 2754 τυ
794 2703 1040 2757 τοιοῦτον
1092 2708 1270 2776 νόημα
1309 2707 1616 2777 δεχομενοι,
1667 2711 1832 2777 φασὶν

239 2790 542 2860 ἐπιδημίαν
597 2793 861 2862 Χριστοῦ,
918 2794 1009 2846 τὸν
1045 2793 1204 2864 λόγον
1241 2798 1429 2862 αὑτοῦ,
1465 2798 1555 2850 τὸν
1591 2817 1833 2868 μετακα-

240 2884 510 2954 λούμενον
560 2887 871 2956 τηνικαῦτα
915 2889 1045 2951 τοὺς
1082 2891 1180 2958 μὲν
1215 2891 1462 2955 δικαίους
1515 2895 1593 2954 είς
1629 2899 1829 2963 χαρὰν,

239 2978 372 3038 τοὺς
406 2977 462 3030 δὲ
502 2978 883 3048 ἁμαρτωλοὺς,
918 2982 998 3042 εἰς
1027 2981 1226 3051 λύπην.

1926 549 2146 603 semper
2189 535 2487 599 illurninet,
2533 546 2646 589 tum
2694 550 2815 600 nos,
2866 545 2982 590 tum
3019 549 3115 589 eos
3154 535 3244 604 qui
3283 551 3312 588 a
3351 539 3512 594 nobis

1929 627 2197 682 docentur
2241 625 2329 695 (ἱ).

1996 807 2155 863 Vers.
2189 808 2279 862 '56.
2327 807 2393 861 Et
2431 826 2517 863 vos
2552 839 2622 848 --
2664 811 2883 877 nuptiis.
2933 808 3035 864 Per
3085 809 3512 866 similitudinem

1928 897 2269 966 signiﬁcavit,
2325 910 2382 952 ut
2431 900 2499 953 ad
2553 915 2846 954 occursum
2897 917 3055 955 suum
3105 911 3514 968 prteparcutur,

1929 991 1984 1043 in
2017 990 2274 1043 omnibus
2324 990 2462 1044 bene
2511 991 2785 1060 dispositi,
2835 1003 2890 1046 et
2938 1002 3325 1062 exspectantes
3364 1009 3515 1056 eum,

1927 1080 2020 1147 qui
2053 1095 2266 1134 rursum
2298 1097 2327 1134 ο
2359 1083 2498 1136 caelo
2530 1094 2795 1139 venturus
2823 1094 2928 1138 est.
2965 1084 3196 1153 Propter
3230 1086 3333 1138 hoc
3366 1087 3515 1138 enim

1929 1168 2253 1224 descensum
2283 1188 2468 1237 suum,
2498 1190 2628 1242 quo,
2663 1176 2823 1245 longe
2857 1183 3209 1245 exspectatus
3245 1183 3518 1244 tempore,

1929 1263 2136 1325 veniet,
2183 1266 2551 1319 reversionem
2595 1268 2933 1331 nominarit;
2986 1267 3205 1335 nuptias
3246 1281 3375 1320 vero
3423 1283 3517 1320 su-

1930 1369 2153 1422 pernam
2187 1355 2426 1410 laztitiam
2452 1367 2507 1410 et
2528 1359 2975 1412 exsultationem.

2001 1445 2166 1499 Vers.
2194 1446 2283 1500 56.
2321 1447 2382 1501 Ut
2408 1477 2475 1486 -—
2507 1450 2576 1501 ei.
2611 1448 2724 1502 lloc
2755 1457 2862 1512 est,
2897 1460 2955 1503 ut
2977 1460 3372 1518 cognoscentes
3399 1449 3520 1516 ejus

1932 1538 2254 1602 adventum,
2291 1550 2540 1610 prompte
2570 1552 2624 1594 et
2655 1557 2777 1594 cum
2821 1543 3019 1612 gaudio
3044 1551 3362 1603 occurrant,
3393 1540 3520 1593 nul-

1932 1629 2035 1682 lius
2068 1629 2170 1683 sibi
2209 1631 2335 1683 mali
2375 1631 2603 1684 conscii.
2644 1631 2847 1686 Prmter
2886 1633 3002 1686 [nec
3037 1642 3220 1706 autem
3264 1632 3402 1685 nihil
3435 1643 3518 1685 ett

1934 1721 2148 1775 Curiose
2183 1721 2536 1775 scrutandum
2569 1723 2635 1776 de
2666 1723 2946 1791 parabola.

2006 1815 2166 1870 Vers.
2216 1813 2305 1866 57.
2357 1813 2508 1867 Beati
2553 1845 2622 1852 —
2669 1813 2969 1882 vigilantes.
3010 1813 3314 1882 Vigilantes
3363 1813 3517 1876 item,

1934 1924 2000 1963 eo
2034 1908 2176 1977 quod
2208 1907 2261 1960 in
2296 1905 2574 1976 vigilantia
2607 1906 2914 1958 moriantur
2946 1923 2960 1961 :
2992 1919 3116 1959 cum
3147 1904 3292 1958 enim
3322 1903 3519 1957 anima:

1937 2003 2108 2056 virtus
2138 2001 2210 2055 sit
2241 1997 2550 2068 vigilantia,
2591 1997 2752 2049 simul
2787 2010 2913 2049 cum
2947 2011 3008 2049 ea
3042 2003 3347 2064 permanet.

2005 2091 2240 2157 Quidam
2272 2104 2400 2142 vero
2440 2103 2504 2140 ex
2537 2089 2640 2141 hoc
2680 2087 2860 2140 reditu
2892 2086 3206 2139 etadventu
3237 2099 3298 2137 ac
3335 2083 3524 2154 pulsa-

1935 2184 2084 2237 tione
2151 2181 2567 2241 intellexerunt,
2637 2178 2780 2246 quod
2845 2176 3104 2230 Christus
3162 2175 3387 2229 advenit
3451 2174 3522 2228 ad

1935 2283 2164 2328 mortem
2184 2273 2483 2341 justorum,
2512 2283 2614 2323 nec
2637 2269 2832 2322 horum
2871 2278 3104 2331 tantum,
3129 2282 3320 2320 verum
3351 2269 3520 2321 etiam

1934 2373 2316 2435 peccatorum;
2350 2373 2404 2417 et
2436 2363 2540 2416 hoc
2575 2377 2641 2414 ex
2674 2376 2739 2415 eo
2769 2359 3120 2422 confirmant,
3156 2358 3300 2428 quod
3326 2357 3526 2412 dixerit

1936 2457 2079 2510 Deus
2103 2456 2256 2510 diviti
2283 2473 2298 2510 :
2329 2453 2522 2519 Stulte,
2547 2457 2648 2507 hac
2667 2463 2813 2506 nocte
2833 2453 3072 2505 animam
3094 2458 3243 2503 tuam
3281 2458 3524 2518 repetunt

1936 2565 1967 2600 a
1998 2556 2045 2600 te
2076 2547 2142 2600 ".

2009 2713 2116 2768 Alii
2152 2729 2285 2768 vero
2318 2713 2468 2766 hunc
2497 2706 2781 2780 accipiunt
2814 2709 3176 2770 intellectum,
3218 2716 3276 2761 ut
3316 2707 3523 2768 dicant,

1935 2804 2144 2860 Christi
2189 2803 2489 2858 adventum
2535 2817 2659 2856 esse
2709 2815 3026 2854 sermonem
3067 2800 3207 2867 ejus,
3255 2799 3345 2866 qui
3394 2808 3527 2851 tunc

1933 2898 2114 2966 justos
2152 2895 2397 2959 accersit~
2431 2894 2498 2946 ad
2534 2893 2816 2964 gaudium,
2859 2901 3181 2960 peccatores
3228 2899 3412 2944 autem
3457 2889 3525 2942 ad

1938 3006 1986 3042 lli
1995 3005 2073 3043 (ΒΓ
2081 3004 2230 3042 orem
2243 3029 2256 3042 .

330 3067 512 3136 Ἀμὴν
576 3071 896 3136 -αὺτοῖς.
956 3073 1350 3138 Περιζώσεται,
1386 3080 1452 3147 τῇ
1517 3079 1828 3154 δικαιοσύνῃ

2011 3082 2168 3136 Vers.
2220 3079 2309 3133 57.
2359 3081 2520 3131 Amen
2563 3105 2635 3116 -—
2669 3075 2796 3131 ill's.
2837 3074 3142 3145 Praecingct
3190 3089 3271 3134 se,
3312 3072 3527 3144 iustitia

243 3159 346 3228 τῆς
392 3162 832 3228 ἀνταποδόσεως,
870 3166 962 3217 καὶ
995 3166 1283 3220 ἀνακλινεῖ
1315 3170 1538 3234 αὐτοὺς,
1571 3174 1652 3234 είς
1700 3174 1832 3226 ἀνά-

242 3264 448 3302 παυσιν
479 3249 721 3318 αίὼνιον,
747 3252 820 3315 ὡς
845 3253 911 3306 δι’
936 3255 1102 3309 αὑτὸν
1141 3263 1569 3327 κεκοπιακότας,
1599 3266 1691 3316 καὶ
1711 3266 1826 3319 δια-

242 3343 468 3412 κσνήσει
504 3345 685 3408 αὐτοῖς
722 3347 984 3418 διανομὴν
1009 3349 1117 3402 τῶν
1147 3351 1314 3416 ἀξίων
1345 3355 1616 3424 ἀμοισῶν.

313 3528 428 3583 Καὶ
466 3529 576 3582 ἐὰν
609 3559 678 3570 -
709 3530 949 3584 ἐκεῖνοι.
982 3533 1201 3607 Ἐπειδὴ
1237 3540 1395 3591 νυκτλ⁸
1417 3539 1593 3593 ἔοικεν
1621 3542 1648 3594 ὁ
1696 3559 1835 3613 πτρ·

241 3620 318 3708 ὼν
340 3620 490 3708 βίος,
552 3620 642 3673 διὰ
666 3621 763 3693 τὴν
790 3627 1251 3698 κατακεχυμένην
1277 3628 1444 3708 αὐτοῦ
1477 3632 1714 3701 ζόφωσιν
1737 3636 1833 3689 καὶ

245 3705 461 3774 πλάνην
486 3709 592 3759 ἀπὸ
622 3709 730 3760 τῶν
784 3710 1058 3780 δαιμόνων
1096 3715 1327 3770 καὶτῶν
1356 3705 1566 3788 παθῶν,
1601 3725 1831 3788 εἰκότως

246 3806 330 3866 είς
388 3805 684 3876 διαφόρους
721 3809 974 3877 φυλακὰς
1027 3813 1192 3865 αὑτὸν
1248 3815 1468 3886 διαιρεῖ.
1509 3816 1572 3868 Ol
1609 3817 1833 3870 παλαιοὶ

250 3897 366 3967 γὰρ
417 3901 829 3967 ννκτοφύλακες
880 3905 962 3967 είς
994 3908 1144 3976 τρεῖς
1204 3908 1454 3975 φυλακὰς
1507 3908 1607 3979 τὴν
1661 3909 1834 3962 νύκτα

243 3988 463 4049 διεῖλον.
493 3992 640 4054 τινὲς
703 3993 758 4045 δὲ
816 3995 896 4058 εἰς
931 3996 1227 4069 τέσσαρας.
1293 4003 1402 4053 Καὶ
1443 4001 1669 4072 πρώτην
1734 4001 1834 4071 μὲν

244 4080 498 4150 φυλακὴν
557 4083 726 4151 λέγει,
784 4085 886 4154 τὴν
940 4091 1278 4143 κατάστασιν
1331 4092 1439 4145 τῶν
1477 4092 1834 4163 τελειοτέρων

243 4171 324 4234 είς
366 4173 591 4242 ἀρετήν’
621 4174 884 4245 δευτέραν
913 4178 992 4243 δὲ,
1023 4177 1122 4249 τὴν
1153 4182 1262 4233 τῶν
1300 4183 1503 4250 μέσων*
1532 4183 1725 4253 τρίτην
1755 4183 1833 4246 δέ,

239 4263 342 4333 τὴν
389 4263 499 4316 τῶν
546 4266 897 4334 τελευταίων,
947 4270 998 4323 οἳ
1043 4273 1387 4342 σύμπαντες,
1430 4277 1477 4327 εἰ
1533 4276 1834 4344 εὑρεθῶσιν

240 4354 442 4418 οὕτως.
467 4356 542 4418 ὡς
569 4359 857 4427 προλαϐὼν
882 4358 1058 4428 εἶπεν,
1087 4365 1280 4435 ἤγουν,
1313 4365 1526 4434 ἕτοιμοι
1568 4369 1712 4420 κατὰ
1736 4368 1828 4419 τὸν

1940 3169 2359 3233 retributionis;
2433 3176 2489 3221 et
2557 3165 2721 3220 faciet
2803 3165 2927 3218 illos
3000 3163 3374 3227 discumbere,
3455 3163 3525 3216 ad

1933 3265 2182 3333 requiem
2232 3262 2647 3329 sempiternam,
2701 3267 2957 3327 tanquam
3005 3271 3105 3310 eos
3155 3255 3249 3324 qui
3300 3263 3527 3323 propter

1933 3357 2108 3425 ipsum
2140 3354 2522 3406 laboraverunt
2551 3368 2566 3404 :
2599 3365 2662 3404 ac
2722 3348 3063 3402 ministrabit
3107 3347 3234 3411 illis,
3261 3345 3525 3399 distribu-

1937 3447 2138 3498 tionem
2171 3443 2463 3511 diguarnm
2503 3438 2949 3492 retributionmn.

2009 3537 2166 3591 Vers.
2205 3535 2294 3589 58.
2331 3533 2394 3587 Ει
2441 3531 2488 3586 si
2518 3561 2587 3572 -—
2618 3531 2720 3584 illi.
2762 3532 2899 3596 Quia
2939 3530 3082 3584 nocti
3123 3543 3368 3599 przescns
3407 3527 3519 3581 vita

1934 3629 2291 3690 assimilatur,
2320 3633 2546 3696 propter
2579 3623 2818 3676 infusam
2851 3623 2899 3676 ei
2934 3622 3226 3689 caliginem
3261 3636 3325 3674 ac
3360 3635 3517 3674 erro-

1933 3737 2053 3776 rem
2080 3737 2110 3775 a
2136 3718 2480 3774 daemonibus
2505 3725 2561 3769 et
2592 3713 2880 3768 aﬂ‘ectibus
2916 3731 2930 3766 :
2966 3713 3164 3766 merito
3196 3712 3251 3765 in
3278 3711 3527 3765 diversas

1934 3812 2175 3880 vigilias,
2202 3825 2298 3864 seu
2327 3807 2627 3870 custodias,
2655 3806 2825 3875 ipsam
2857 3803 3074 3858 dividit.
3103 3804 3327 3859 Veteres
3351 3804 3522 3866 enim,

1935 3906 2027 3974 qui
2070 3912 2230 3958 nocte
2265 3901 2585 3972 vigilabant,
2625 3899 2681 3951 in
2715 3907 2826 3951 tres
2862 3896 3124 3952 excubias
3162 3897 3336 3966 ipsam
3382 3895 3526 3949 divi-

1937 3999 2143 4052 debant
2206 4014 2220 4050 :
2274 3994 2498 4064 quidam
2563 4006 2695 4045 vero
2745 3991 2799 4043 in
2857 3997 3110 4058 quatuor.
3174 3988 3238 4041 Et
3295 3988 3526 4057 primam

1937 4089 2160 4160 quidem
2188 4087 2341 4151 dicit,
2391 4093 2596 4140 statum
2636 4094 2828 4137 eorum
2872 4081 2964 4150 qui
3005 4081 3073 4134 ad
3107 4081 3366 4134 virtutem
3402 4090 3530 4134 sunt

1936 4181 2314 4254 perfectiores,
2344 4177 2665 4241 secundam,
2720 4174 3099 4237 mediocrium,
3148 4174 3388 4237 tertiam,
3425 4187 3528 4241 po-

1938 4284 2271 4330 stremorum
2329 4290 2342 4326 :
2395 4271 2488 4341 qui
2539 4283 2751 4332 omnes,
2809 4268 2854 4321 si
2910 4267 2982 4319 ita
3040 4264 3247 4319 inventi
3299 4263 3528 4330 fuerint,

1940 4368 2084 4421 sicut
2126 4373 2256 4419 ante
2297 4364 2454 4426 dixit.
2504 4362 2761 4418 videlicet
2797 4359 2976 4431 parati
3019 4359 3215 4412 mortis
3251 4367 3526 4425 tempore,

238 4446 337 4500 τοῦ
371 4447 603 4501 θανάτου
644 4452 858 4522 καιρὸν,
904 4456 1172 4526 μακάριοι
1201 4457 1439 4520 πάντως,
1491 4459 1566 4520 ὡς
1588 4458 1685 4527 τῆς
1724 4477 1828 4528 μα·

1942 4459 2087 4515 beati
2139 4465 2323 4520 erunt,
2374 4465 2560 4525 utpote
2591 4454 2718 4508 vita:
2754 4454 2926 4508 beata:
2962 4449 3170 4521 pariter
3206 4449 3527 4519 participes.

239 4540 445 4608 καρίας
475 4539 621 4606 ζωῆς
648 4544 967 4612 μεθέξοντες
1001 4547 1305 4616 ἀναλόγως.

315 4630 502 4685 Τοῦτο
534 4664 603 4673 -
634 4636 843 4692 αὑτοῦ.
879 4639 986 4690 Καὶ
1012 4639 1071 4692 ἐν
1101 4640 1180 4710 τῷ
1203 4642 1435 4712 εἰκοστῷ
1460 4644 1633 4712 ὀγδόῳ
1661 4660 1834 4711 κερα-

237 4721 378 4790 λαίῳ
409 4722 504 4774 τοῦ
533 4725 674 4776 κατὰ
695 4727 979 4781 Ματθαῖον
1029 4727 1205 4784 εἶπεν·
1253 4733 1480 4786 Ἐκεῖνο
1537 4733 1606 4786 δὲ
1667 4734 1836 4802 γινώ-

239 4829 446 4875 σκετε,
477 4815 565 4869 ὅτι
595 4819 647 4870 ει
675 4818 804 4887 ᾔδει
830 4822 864 4873 ὁ
893 4821 1346 4891 οἰκοδεσπότης,
1379 4828 1775 4896 ποίαςσυλακῇ
1801 4833 1834 4882 ὁ

240 4906 510 4973 κλέπτης
521 4908 776 4974 ἔρχεται,
795 4913 1205 4983 ἐγῬηγόρησεν
1242 4915 1339 4984 ἂν,
1359 4919 1451 4971 καὶ
1470 4920 1536 4972 τὰ
1554 4919 1699 4989 ἑξῆς.
1719 4922 1826 4974 Καὶ

240 4999 518 5065 ἀνάγνωθι
546 5002 642 5071 τὴν
663 5002 922 5075 ἐξήγησιν
954 5009 1090 5062 ἐκεῖ.

292 5091 429 5151 ,Καὶ
485 5122 556 5132 --
597 5095 854 5165 ἔρχεται.
889 5099 1040 5153 Ἐκεῖ
1069 5101 1164 5155 καὶ
1212 5103 1383 5157 ταῦτα
1440 5107 1681 5180 εἴρηται,
1733 5109 1826 5162 καὶ

242 5181 604 5252 ἡρμήνευται.

350 5361 396 5391 ’³
421 5361 550 5416 Luc.
604 5379 700 5430 xu,
734 5366 824 5422 ΞΟ.
936 5368 980 5402 ⁹⁶
1008 5369 1203 5424 Matth.
1238 5387 1386 5439 sxw,
1412 5376 1503 5429 45.

2016 4646 2172 4701 Vers.
2215 4645 2304 4700 '59.
2344 4642 2451 4696 Hoc
2493 4670 2562 4681 —-
2611 4656 2787 4694 suam.
2836 4637 3302 4708 Quinquagcsimo
3337 4645 3532 4690 octavo

1936 4741 2098 4795 etiam
2122 4737 2299 4806 capite
2324 4731 2594 4802 Evangelii
2617 4731 2771 4800 juxta
2798 4729 3108 4782 Matthtrum
3164 4728 3335 4781 dixit:
3383 4727 3532 4781 Illud

1936 4843 2116 4886 autem
2166 4831 2367 4888 scitote,
2425 4823 2562 4893 quod
2617 4821 2662 4873 si
2715 4820 2870 4873 sciret
2932 4818 3372 4888 paterfamilias,
3425 4833 3531 4881 qua

1939 4923 2126 4993 vigilia
2191 4920 2281 4988 [nr
2339 4928 2587 4970 venturas
2647 4920 2788 4976 erat,
2861 4909 3124 4980 vigilasset
3215 4909 3415 4978 utique,
3477 4913 3535 4960 et

1938 5026 2129 5074 czetera
2177 5014 2243 5065 “.
2287 5010 2428 5079 Lege
2474 5021 2602 5075 ergo
2642 5005 2715 5058 ibi
2756 5003 3185 5058 enarrationem.

2011 5109 2170 5163 Vers.
2229 5104 2318 5158 40.
2365 5101 2432 5154 Et
2476 5127 2546 5138 ——
2594 5108 2846 5150 venturus
2893 5108 2991 5150 est.
3037 5094 3114 5150 lbi
3151 5109 3371 5165 quoque
3419 5093 3536 5145 haec

1936 5204 2077 5258 dicta
2104 5209 2234 5255 sunt
2253 5215 2312 5252 ac
2333 5195 2624 5252 declarata.

1449 5529 1646 5592 Varia:
1688 5530 1995 5592 lectiones
2028 5539 2090 5592 et
2131 5539 2297 5592 nota:

315 5711 375 5791 ’il
413 5709 640 5780 Oportet
666 5711 810 5765 cnim
841 5713 940 5767 hos
973 5729 1190 5784 semper
1221 5717 1401 5774 lnccrc
1432 5730 1482 5774 et
1529 5720 1862 5787 illuminare,
1900 5721 2049 5776 illum
2085 5721 2303 5791 quidem
2344 5737 2463 5790 uos,
2505 5721 2646 5775 hunc
2700 5737 2829 5776 vero
2860 5735 2974 5785 cos,
3011 5718 3100 5789 qui
3145 5734 3170 5773 ιι
3227 5735 3275 5772 ιιι
3303 5718 3381 5772 his
3433 5719 3500 5772 du

244 5793 302 5831 Cr
349 5790 451 5834 lur.
