4070 6396
652 406 762 470 995

644 621 739 661 sex
761 607 939 671 aﬂ'ert,
975 618 1087 663 tres
1121 611 1263 662 enim
1306 611 1550 664 binarios
1589 613 1847 667 adducit?
1876 613 1992 667 Non
2023 615 2217 669 dividit

643 699 962 766 quinarium
992 700 1042 752 in
1073 704 1366 759 senarium.
1402 703 1493 770 qui
1524 719 1552 755 a
1578 705 1832 767 quinario
1862 706 2073 759 oriatur
2103 706 2162 775 (l)
2196 725 2207 760 :

640 791 739 844 sed
793 792 1080 860 mysticum
1133 793 1387 860 quiddam
1439 794 1664 848 denotat
1713 796 1801 848 ille
1852 798 2140 863 quinarius
2199 816 2212 851 :

642 884 921 934 senarium
967 895 1095 933 vero
1145 883 1376 934 assumit
1423 885 1659 952 exempli
1715 887 1905 954 gratia.
1961 886 2100 952 Quid
2133 898 2216 942 est

639 985 788 1038 ergo,
839 972 983 1038 quod
1036 986 1132 1038 per
1169 972 1483 1040 quinarium
1536 975 1918 1044 signiﬁcatur?
1972 978 2216 1032 lrrecon-

639 1060 966 1124 ciliabilitas,
1004 1062 1335 1132 hederisque
1382 1066 1623 1118 carentia
1665 1078 1790 1135 post
1835 1068 2020 1131 ﬁdem,
2066 1069 2213 1122 inter

638 1166 731 1204 eos
757 1153 848 1218 qui
900 1165 1026 1206 ante
1067 1165 1377 1223 susceptam
1427 1155 1586 1208 ﬁdem
1629 1157 1763 1210 uniti
1809 1166 1963 1211 erant
2009 1174 2212 1230 cogna-

640 1243 788 1296 tione
839 1253 893 1295 et
946 1245 1360 1313 conjUnctione.

706 1330 859 1384 Sicut
941 1334 995 1386 in
1057 1335 1384 1402 quibusdam
1459 1338 1724 1405 quinque,
1794 1351 1924 1408 puta
1995 1340 2211 1395 duobus

636 1417 955 1472 hominibus
1008 1430 1064 1474 et
1097 1423 1273 1475 tribus
1320 1423 1506 1488 rebus,
1558 1437 1655 1478 aut
1691 1427 1903 1480 duabus
1949 1430 2113 1481 rebus
2158 1437 2213 1482 et

634 1510 811 1563 tribus
857 1511 1194 1574 hominibus,
1236 1514 1474 1567 diﬁicilis
1510 1516 1754 1584 qua-dam
1787 1529 1872 1570 est
1916 1534 1978 1571 ac
2011 1520 2214 1586 impos-

633 1600 807 1653 sibilis
830 1603 1140 1655 conciliatio
1167 1620 1179 1654 :
1206 1619 1328 1656 cum
1350 1605 1458 1658 duo
1484 1605 1735 1660 homines
1759 1609 1824 1660 de
1851 1610 2025 1661 tribus
2049 1610 2212 1663 rebus

633 1684 977 1743 dissentiunt.
1008 1699 1100 1740 aut
1143 1704 1173 1742 e
1213 1693 1492 1746 contrario
1540 1702 1650 1747 tres
1692 1696 1758 1747 de
1789 1696 2002 1750 duabus
2040 1716 2053 1752 :
2089 1713 2209 1751 om-

632 1774 762 1826 nino
797 1777 939 1826 enim
982 1793 1208 1832 necesse
1241 1791 1344 1842 est,
1380 1791 1438 1834 ut
1474 1798 1580 1835 una
1619 1786 1780 1837 trium
1815 1787 2030 1839 duobus
2071 1787 2211 1840 divi-

631 1863 790 1918 datur
831 1864 1162 1931 homiuibus,
1229 1873 1312 1924 vel
1365 1873 1487 1927 dua:
1539 1890 1627 1928 res
1672 1876 1723 1928 in
1768 1887 1880 1930 tres
1929 1888 2209 1940 secentur.
2245 1883 2284 1936 Β

644 1968 771 2006 cum
824 1957 1004 2008 nullus
1035 1973 1225 2011 eorum
1257 1961 1484 2015 divisam
1526 1965 1706 2017 sortiri
1752 1967 1898 2020 velit.
1933 1967 2009 2019 Ita
2057 1979 2111 2021 et
2157 1970 2208 2021 in

634 2043 743 2107 his,
781 2045 871 2112 qui
919 2050 1244 2116 cognatione
1285 2062 1378 2103 aut
1418 2054 1808 2121 conjunctione
1845 2057 1984 2111 uniti
2031 2071 2204 2119 erant.

631 2135 1092 2192 dissentientibus
1132 2141 1280 2194 circa
1324 2143 1483 2196 ﬁdem
1522 2160 1583 2198 ac
1614 2146 1824 2205 divisis.
1856 2158 1909 2200 et
1949 2149 2206 2217 implaca-

637 2225 823 2278 biliter
871 2244 930 2280 se
985 2230 1330 2286 habentibus.
1378 2233 1567 2297 Erunt.
1620 2236 1815 2304 inquit,
1877 2241 1986 2292 duo
2043 2256 2208 2309 super

629 2316 827 2379 tribus,
877 2319 926 2369 id
971 2329 1074 2381 est,
1105 2332 1360 2390 tanquam
1407 2327 1515 2378 duo
1549 2329 1796 2382 homines
1830 2346 1996 2398 super
2033 2333 2206 2385 tribus

632 2407 802 2460 rebus
839 2409 1192 2475 dissidentes,
1227 2423 1283 2466 et
1317 2431 1557 2480 rursum,
1591 2427 1844 2488 tanquam
1883 2430 1992 2475 tres
2026 2423 2206 2476 homi-

629 2511 730 2551 nes
775 2513 939 2568 supcr
983 2500 1198 2554 duabus
1244 2503 1426 2558 rebus.

698 2794 902 2848 Deinde
955 2799 1110 2865 p0nit
1133 2799 1295 2852 etiam
1329 2803 1576 2872 exempla
1604 2805 1990 2874 cognationum
2023 2823 2086 2864 ac
2111 2809 2208 2864 ba-

626 2886 939 2940 bitudinum
985 2907 1174 2943 eorum
1215 2893 1304 2961 qui
1347 2896 1790 2964 propinquissimi
1823 2911 1971 2963 sunt,
2013 2911 2068 2955 et
2105 2903 2205 2955 sibi

623 2986 815 3032 mutuo
870 2981 1105 3034 maxime
1155 2983 1469 3048 fandliares,
1519 2987 1612 3039 sed
1661 2987 1818 3040 divisi
1884 2992 2204 3046 acutissimo

625 3067 750 3120 lldei
805 3069 1006 3138 gladio,
1057 3087 1179 3140 qua:
1229 3089 1324 3141 per
1372 3077 1812 3142 przedicationem
1873 3079 2198 3138 inducitur:

1891 411 2202 474 EUTHYM
2219 415 2270 474 ll
2313 417 2676 480 ZIGABENI

712 517 751 585 ει-
799 517 1106 583 Quomodo,
1154 537 1276 574 cum
1316 520 1553 590 quinque
1601 522 1754 592 prius
1801 523 2028 591 dixerit,
2079 543 2226 582 nunc
2257 533 2302 588 Α

3802 429 3889 489 ὒπῧ

2403 531 2552 602 (Πῶς
2579 532 2690 602 (27)
2723 531 2885 585 πέντε
2938 534 3128 596 είπὼν,
3175 533 3232 598 ἓξ
3261 534 3561 605 ἐπιφέρεκ
3610 537 3752 605 τρεῖς
3798 546 3888 607 γὰρ

2326 621 2522 687 ἐπάγει
2557 621 2847 688 συζυγίας.
2885 623 2958 673 Οὐ
3010 624 3108 690 τὴν
3145 623 3514 693 προτεθεῖσαν
3562 624 3796 676 πεντάδα
3822 631 3889 686 εἰς

2325 712 2486 775 ἑξάδα
2517 713 2696 764 ἁπλοῖ·
2743 713 2878 765 ἀλλὰ
2902 714 2989 766 διὰ
3020 714 3121 781 μὲν
3179 717 3277 782 τῆς
3323 716 3587 778 πεντάδος
3639 720 3886 784 μυστικόν

2324 817 2374 852 τι
2410 801 2578 870 δηλοῖ·
2605 803 2703 871 τὴν
2731 803 2893 867 ἑξάδα
2922 803 2977 855 δὲ
3040 803 3486 873 παραδείγματος
3516 809 3709 859 ἕνεκεν
3733 825 3897 876 “’9”

2324 893 2594 962 λαμϐάνει
2650 896 2716 946 Τί
2780 895 2960 947 οὖντὸ
3004 895 3092 948 διὰ
3147 894 3247 963 τῆς
3314 897 3578 958 πεντάδος
3641 898 3890 966 δηλούμε·

2324 1000 2410 1034 νον
2436 981 2547 1050 (28)
2579 1001 2593 1047 ;
2636 985 2708 1035 Τὸ
2770 985 2908 1052 μετὰ
2957 983 3054 1052 τὴν
3088 984 3270 1035 πίστιν
3302 983 3783 1038 δυσκατάλλακτον
3813 989 3896 1037 καὶ

2321 1075 2732 1142 ἁσυμσίῦαστον
2780 1076 2889 1126 τῶν
2961 1077 3104 1128 κατὰ
3170 1078 3496 1144 συγγένειαν
3554 1080 3652 1128 καὶ
3726 1080 3894 1146 σχέσιν

2323 1165 2432 1233 πρὸ
2476 1167 2573 1234 τῆς
2609 1168 2847 1225 πίστεως
2871 1168 3192 1234 ἡνωμένων.

2401 1331 2609 1396 Ὠσπερ
2667 1330 2775 1396 γὰρ
2828 1332 2919 1381 ἐπὶ
2981 1331 3139 1382 πέντε
3175 1329 3360 1392 τινῶν,
3419 1331 3611 1399 ἠγουν,
3671 1330 3766 1383 δύο
3810 1331 3893 1396 μὲν

2322 1422 2647 1489 ἀνθρώπων,
2719 1423 2888 1492 τριῶν
2946 1423 3001 1472 δὲ
3066 1424 3438 1490 πραγμάτων,
3493 1424 3526 1492 ἧ
3589 1423 3761 1491 τριῶν
3811 1425 3894 1489 μὲν

2322 1512 2651 1581 ἀνθρώπων,
2679 1513 2772 1563 δύο
2805 1513 2860 1563 δὲ
2899 1515 3270 1581 πραγμάτων,
3298 1516 3514 1583 χα).επή
3552 1533 3637 1576 τις
3658 1517 3750 1566 καὶ
3785 1516 3898 1566 i55-

2325 1624 2484 1668 νατος
2552 1608 2584 1673 ἠ
2633 1605 2976 1673 καταλλαγὴ,
3039 1608 3167 1656 ὅταν
3205 1608 3252 1657 oi
3300 1605 3393 1657 δύο
3447 1607 3730 1674 ἄνθρωποι
3781 1609 3896 1674 περὶ

2319 1699 2428 1750 τῶν
2465 1700 2630 1767 τριῶν
2672 1698 3017 1766 πραγμάτιον
3056 1699 3420 1762 στασιάζωσιν
3452 1740 3463 1761 ,
3502 1699 3535 1767 ἦ
3591 1701 3893 1750 τούναντίον

2319 1793 2365 1842 oi
2406 1793 2552 1858 τρεῖς
2588 1790 2717 1858 περὶ
2747 1790 2856 1841 τῶν
2879 1790 2988 1842 δύο·
3025 1791 3242 1858 ἀνάγκη
3269 1791 3638 1858 γὰρπὰντως,
3671 1790 3701 1858 ἦ
3743 1792 3801 1841 το
3845 1791 3889 1840 ἐκ

2315 1883 2422 1934 τῶν
2452 1883 2622 1951 τριῶν
2676 1883 3020 1949 πραγμάτων
3077 1884 3189 1942 τοῖς
3230 1881 3384 1930 δυσὶν
3416 1878 3731 1945 ἁνῢρὼποις
3783 1880 3888 1927 ἐπι-

2318 1973 2669 2042 μερισθῆναι,
2699 1972 2730 2042 ἢ
2764 1973 2831 2024 τὰ
2861 1973 2956 2023 δύο
2987 1973 3297 2040 πράγματα
3338 1973 3418 2033 εἰς
3447 1971 3573 2040 τρία
3597 1971 3887 2038 τμηθῆναι.

2317 2066 2541 2133 μηδενὸς
2577 2063 2758 2115 αὐτῶν
2793 2063 3190 2131 ἐπιδεχομένου
3234 2063 3399 2130 τυχὸν
3433 2063 3724 2131 διαίρεσιν
3750 2064 3883 2114 οὓτω

2313 2158 2406 2208 καὶ
2440 2157 2531 2208 ἐπὶ
2566 2156 2674 2208 τῶν
2742 2156 2886 2207 κατὰ
2932 2156 3256 2221 συγγένειαν
3302 2155 3394 2206 καὶ
3454 2155 3642 2221 σχέσιν
3685 2153 3890 2223 ἠνωμι

2313 2266 2419 2299 νων
2460 2288 2472 2311 ,
2545 2248 2944 2310 στασιαζόντων
3000 2249 3142 2298 κατὰ
3198 2247 3296 2314 τὴν
3345 2246 3547 2307 πίστιν,
3605 2247 3701 2297 καὶ
3767 2246 3893 2296 δια-

2313 2343 2595 2408 ρουμένων
2633 2341 2729 2391 καὶ
2760 2339 3254 2408 ἁσυμῦατούντων.
3288 2339 3570 2400 Ἔσονται,
3610 2340 3766 2408 φησὶ,
3803 2339 3889 2389 δύο

2313 2431 2406 2480 ἐπὶ
2447 2432 2620 2496 τρεῖς,
2674 2430 2981 2489 τουτέστιν,
3037 2427 3110 2492 ὡς
3140 2429 3234 2481 δύο
3290 2429 3570 2498 ἅνθρωποι
3606 2430 3698 2478 ἐπὶ
3747 2431 3889 2497 τρισὶ

2313 2519 2602 2587 πράγμασι
2662 2519 3068 2584 στασιάζοντες,
3123 2521 3217 2573 καὶ
3273 2519 3348 2582 ὡς
3417 2522 3567 2587 τρεῖς
3617 2519 3890 2588 ἅνθρωποι

2313 2611 2476 2664 πάλιν
2514 2612 2607 2664 ἐπὶ
2646 2609 2768 2663 δυσὶ
2800 2613 3148 2682 πράγμασιν.

2391 2796 2526 2848 Εἶτα
2575 2795 2760 2865 τίθησι
2811 2793 2907 2847 καὶ
2951 2793 3382 2863 παραδείγματα
3423 2793 3756 2861 συγγενειῶν
3803 2793 3890 2844 καὶ

2314 2887 2591 2958 σχέσεων.
2644 2886 2754 2937 τῶν
2833 2887 3232 2955 γνησιωτάτων
3305 2884 3404 2954 μὲν
3461 2889 3554 2938 καὶ
3621 2887 3891 2938 οἰκειοτά-

2309 2997 2416 3031 των
2482 2977 2758 3047 ἀλλήλοις,
2826 2976 3223 3046 διαιρουμένων
3269 2976 3324 3028 δὲ
3381 2980 3446 3046 τῇ
3494 2977 3886 3046 τμητικωτάτῃ

2312 3071 2558 3139 μαχαίρᾳ.
2614 3073 2714 3137 τῆς
2783 3069 2927 3120 κατὰ
2995 3068 3057 3120 τὸ
3127 3068 3396 3136 κήρυγμα
3474 3068 3749 3128 πίστεως.
3818 3064 3889 3119 «ἰν

621 3174 854 3226 quorum
884 3163 991 3213 duo
1037 3161 1232 3215 binarii
1279 3174 1406 3218 sunt
1442 3168 1709 3236 sanguine
1755 3172 2196 3239 coniunctorum,

2308 3162 2365 3213 αἱ
2419 3161 2519 3228 μὲν
2571 3160 2665 3212 δύο
2699 3158 2975 3226 συζυγίαι,
3036 3159 3157 3211 καθ’
3199 3153 3362 3228 αἷμα,
3417 3160 3448 3229 ἡ
3495 3161 3549 3212 δὲ
3585 3161 3764 3228 τρίτη,
3822 3159 3878 3212 ιε

622 3248 780 3302 tertia
815 3263 946 3303 vero
975 3253 1291 3321 coniunctio
1324 3265 1410 3308 est
1446 3256 1720 3310 aﬁinium.

951 3341 1222 3397 Prwlerea
1253 3346 1392 3398 circa
1416 3347 1549 3399 idem
1573 3348 1677 3401 alio
1703 3353 1876 3404 modo.

686 3427 813 3484 Dum
845 3424 1196 3489 habitudines
1227 3436 1488 3492 adversus
1520 3447 1628 3493 tres
1661 3455 2020 3510 personarum
2041 3461 2191 3500 com-

613 3519 922 3576 binationes
960 3541 972 3576 ;
1011 3533 1066 3577 et
1101 3541 1317 3579 rursum
1361 3540 1470 3582 tres
1515 3545 1873 3598 personarum
1914 3538 2194 3592 combina-

615 3611 796 3665 tiones
829 3613 1088 3668 adversus
1117 3617 1248 3670 duas
1292 3617 1640 3675 habitudines
1678 3641 1690 3676 :
1730 3625 1891 3692 dupla
1928 3627 2193 3696 siquidem

614 3703 886 3758 habitudo
917 3715 999 3759 est
1028 3708 1259 3760 duorum
1293 3721 1658 3766 extremorum
1697 3731 1987 3783 processus
2024 3719 2192 3774 itera-

617 3801 726 3857 tus,
757 3802 944 3862 utpote
987 3811 1017 3848 a
1067 3807 1216 3865 patre
1249 3800 1316 3853 ad
1353 3802 1542 3865 ﬁlium,
1579 3814 1633 3857 et
1663 3821 1691 3858 a
1723 3807 1834 3861 ﬁlio
1869 3809 1932 3862 ad
1958 3821 2190 3878 patrem,

612 3892 669 3939 et
692 3884 766 3938 ita
803 3886 856 3938 in
901 3889 1135 3942 caeteris.
1157 3889 1391 3960 {Triplex
1425 3909 1555 3948 vero
1588 3913 1944 3966 personarum
1979 3903 2190 3958 combi-

612 3975 760 4027 natio
797 3987 901 4038 est,
955 3986 1113 4044 pater
1140 3989 1194 4034 et
1232 3981 1400 4046 ﬁlius,
1429 3996 1604 4040 mater
1644 4000 1697 4043 et
1733 3991 1861 4055 ﬁlia,
1894 4008 2084 4047 socrus
2135 4005 2190 4050 et

611 4079 802 4118 nurus.
825 4067 978 4132 Quod
997 4077 1177 4123 autem
1199 4069 1384 4126 Grzcce
1408 4075 1608 4129 dicitur
1637 4079 1748 4145 ἐπὶ,
1771 4081 2040 4152 signiﬁcat
2064 4101 2190 4138 con-

613 4163 694 4206 tra
722 4156 802 4208 vel
821 4158 1092 4223 adversus,
1122 4168 1388 4216 utcontra
1410 4166 1490 4218 vel
1515 4168 1777 4224 adversus
1801 4182 1909 4226 tres
1931 4187 2023 4228 aut
2051 4176 2187 4232 duos

608 4244 674 4299 ad
727 4245 1138 4316 signiﬁcandam
1209 4258 1606 4324 separationem
1646 4262 1731 4316 vel
1774 4264 2180 4322 alienationem.

679 4334 836 4392 Vers.
877 4339 964 4393 55.
1002 4341 1280 4397 Dividetur
1314 4376 1378 4387 -—
1419 4365 1619 4402 socrum
1670 4369 1844 4407 suam.
1894 4355 2016 4411 Haec
2048 4375 2186 4428 pra:-

603 4426 770 4482 dictis
815 4445 925 4484 non
974 4441 1104 4487 sunt
1145 4439 1462 4505 coaptanda,
1511 4443 1604 4496 sed
1655 4448 1720 4498 ab
1768 4447 1874 4500 alio
1915 4426 2182 4520 principio

2308 3251 2651 3320 ἀγχιστείας.

2751 3341 2998 3409 Ἑτέρως
3037 3345 3118 3403 εις
3166 3342 3231 3394 τὸ
3269 3343 3439 3395 αὐτό.

2377 3435 2481 3487 Δύο
2548 3434 2764 3504 σχέσεις
2819 3435 2911 3486 ἐπὶ
2975 3432 3129 3503 τρισὶ
3189 3434 3480 3500 συζυγίαις
3559 3433 3884 3504 προσώπων,

2305 3532 2402 3582 καὶ
2448 3532 2599 3599 τρεῖς
2655 3528 2723 3582 αὖ
2794 3529 3050 3597 συζυγίαι
3103 3529 3417 3597 προσώπων
3461 3530 3552 3580 ἐπὶ
3596 3528 3716 3579 δυσὶ
3770 3531 3882 3596 σχέ-

2306 3639 2444 3676 σεσι.
2497 3621 2672 3691 Διπλῆ
2742 3623 2839 3692 μὲν
2917 3622 3029 3691 γὰρ
3081 3622 3115 3690 ἡ
3188 3621 3372 3689 σχέσις
3451 3622 3561 3671 τῶν
3618 3619 3756 3688 πρός
3812 3637 3880 3678 τι,

2301 3715 2408 3766 ἀπό
2505 3731 2565 3766 τε
2661 3715 2867 3782 πατρ“.ς
2942 3716 3080 3782 πρὶς
3168 3715 3327 3775 υἱὸν,
3425 3713 3520 3763 καὶ
3591 3713 3684 3775 ἀφ’
3745 3709 3878 3767 υἱοῦ,

2303 3807 2439 3876 πρὸς
2479 3806 2688 3873 πατέρα
2713 3846 2727 3869 ,
2771 3805 2866 3856 καὶ
2893 3802 2984 3854 ἐπὶ
3037 3801 3146 3854 τῶν
3181 3801 3357 3856 ἄλλων
3385 3801 3607 3870 ὁμοίως.
3645 3800 3879 3869 Τριπὶαῖ

2299 3900 2356 3953 δὲ
2395 3898 2636 3953 ἐνταῦθα
2679 3898 2737 3951 αἱ
2784 3895 3040 3961 συζυγίαι
3071 3894 3180 3947 τῶν
3229 3894 3612 3962 προκειμὲ·.ων
3661 3889 3876 3960 προσώ-

2298 4011 2437 4060 πων,
2486 3991 2668 4061 πατὴρ
2714 3991 2807 4042 καὶ
2863 3989 2999 4051 υίὸς,
3053 3987 3236 4056 μήτηρ
3276 3985 3371 4035 καὶ
3416 3983 3684 4051 θυγάτηρ,
3759 3999 3877 4033 πεν-

2299 4084 2435 4154 οερὰ
2465 4084 2561 4137 καὶ
2584 4082 2794 4151 νύμφη·
2829 4080 2891 4132 τὸ
2921 4079 2999 4142 δὲ,
3034 4078 3133 4131 ἐπὶ
3171 4077 3350 4147 τρισὶ,
3383 4075 3479 4127 καὶ
3517 4075 3615 4127 ἐπὶ
3667 4075 3869 4134 δυσίν.

2295 4179 2416 4230 ἀντὶ⁵
2441 4175 2557 4240 τοῦ,
2591 4176 2731 4227 κατὰ
2763 4172 2870 4225 τῶν
2908 4169 3098 4239 τριῶν,
3133 4169 3230 4223 καὶ
3268 4168 3412 4221 κατὰ
3438 4167 3546 4220 τῶν
3579 4167 3695 4230 δύο,
3729 4167 3862 4234 πρὸς

2293 4266 2567 4331 διάζευξιν
2600 4265 2693 4318 καὶ
2725 4262 3186 4329 ἀπαλλοτρίωσιν.
3213 4259 3234 4331 ]

2363 4353 2892 4422 Διαμερισθήσεται
2909 4380 2976 4392 -
3002 4352 3300 4418 πενθερὰν
3320 4349 3531 4414 αὐτῆς.
3563 4350 3749 4402 Ταῦτα
3766 4350 3868 4408 τοῖς

2291 4448 2680 4520 προρρηθεῖσιν
2704 4446 2766 4498 οὐ
2799 4444 3124 4507 συναπτέον,
3179 4442 3294 4495 ἀλλ’
3325 4441 3418 4510 ἀφ’
3466 4443 3661 4512 ἑτέρας
3695 4441 3864 4509 ἀρχῆς

607 4518 860 4588 legenda,
928 4537 993 4577 ac
1038 4529 1338 4582 secundum
1386 4531 1670 4587 historiam
1728 4518 2178 4609 interpretanda;

2308 4518 2686 4608 ιναγνωστέον,
2757 4538 2854 4591 καὶ
2905 4536 3029 4590 καθ’
3064 4535 3308 4607 ἱστορίαν
3343 4534 3727 4605 ἑρμηνευτὲον,
3775 4533 3864 4600 δηο

603 4608 1074 4678 signiﬁcantenim
1107 4615 1432 4673 divisionem
1465 4623 1700 4677 ﬁdelium
1735 4626 1801 4679 ab
1834 4608 2175 4689 inﬁdehbusi

603 4707 660 4753 et
697 4701 838 4768 quod
869 4705 1353 4775 propinquissima:
1395 4714 1612 4780 generis
1641 4715 1984 4774 habitudines
2023 4737 2182 4792 sepa-

603 4790 891 4847 rabuntur.
931 4795 1070 4866 Lege
1111 4808 1295 4853 autem
1348 4803 1562 4858 decimo
1607 4819 1752 4859 nono
1805 4811 1978 4879 capite
2001 4790 2181 4868 Evan-

603 4883 729 4952 gelii
783 4888 1079 4941 secundum
1129 4889 1439 4946 Matthazum
1474 4894 1602 4950 dicti
1655 4897 1797 4952 illius
1853 4901 2180 4972 interpreta-

605 4974 807 5026 tionem
849 4990 864 5028 :
906 4976 1033 5030 Veni
1073 4981 1236 5046 enim,
1280 4993 1334 5035 ut
1367 4987 1622 5042 dissidere
1661 4991 1860 5060 faciam
1917 4993 2178 5050 Imminem

2286 4630 2487 4683 λοῦντα
2512 4628 2602 4681 τὸν
2640 4625 3015 4697 διαμερισμὸν
3042 4623 3151 4678 τῶν
3212 4624 3429 4676 πιστῶν
3469 4624 3566 4676 καὶ
3601 4623 3708 4674 τῶν
3737 4620 3861 4673 ἀπί-

2284 4740 2449 4784 στων,
2496 4723 2579 4774 ὅτι
2624 4721 2720 4773 καὶ
2781 4720 2835 4770 αί
2870 4717 3240 4787 γνησιιῖλταται
3286 4717 3500 4785 σχέσεις
3548 4713 3642 4767 τοῦ
3677 4715 3860 4781 γένους

2281 4812 2744 4883 διαιρεθήσονται.
2785 4808 3031 4878 Ζήτησον
3064 4806 3122 4860 δὲ
3152 4809 3210 4858 ἑν
3257 4807 3335 4873 τῷ
3386 4805 3857 4871 ἐννεακαιδεκάτῳ

2281 4902 2566 4971 κεφαλαίῳ
2607 4899 2703 4952 τοῦ
2756 4899 2900 4951 κατὰ
2953 4898 3232 4952 Ματθαῖον
3281 4898 3380 4965 τὴν
3433 4897 3698 4966 ἐξήγησιν
3727 4894 3852 4947 τοῦο

2280 4990 2505 5048 Ἦλθον
2539 4993 2644 5061 γὰρ
2669 4991 2781 5062 (29)
2807 4987 3053 5058 διχάσαι
3083 4988 3401 5056 ἄνθρωπον
3434 4992 3582 5040 κατὰ
3613 4988 3718 5040 τοῦ
3746 5001 3850 5038 πα-

601 5065 850 5120 adversus
880 5077 1084 5135 patrem
1107 5087 1261 5125 suum
1281 5077 1321 5138 ¹,
1349 5085 1403 5130 et
1432 5089 1650 5143 cmtera,
1679 5098 1799 5151 quae
1819 5086 2182 5141 armsentibus

2308 5087 2414 5154 ρός
2434 5084 2642 5148 αὑτοῦ,
2673 5084 2767 5136 καὶ
2800 5082 2868 5134 τὰ
2901 5081 3052 5151 ἑξῆς,
3091 5080 3224 5134 πάνυ
3259 5083 3373 5143 τοῖς
3401 5080 3638 5149 παροῦσι
3671 5081 3847 5149 ῥητοῖς

603 5158 782 5213 verbis
811 5161 1108 5229 plurimum
1149 5165 1449 5222 conformis
1485 5182 1588 5224 est.

721 5292 912 5348 Matth.
942 5311 998 5360 ι,
1033 5296 1120 5351 55.

2277 5178 2650 5248 ἁρμόζουσαν.

1759 5374 1958 5434 νοτία)
2005 5375 2315 5439 lectiones
2350 5386 2412 5438 et
2467 5382 2654 5438 ιιοιω.

671 5508 783 5589 (27.)
819 5507 1096 5593 Ωικεῂίσ
1135 5511 1339 5593 inclusa
1402 5529 1551 5579 sunt,
1605 5519 1796 5593 codex;
1829 5531 2056 5593 uterque
2118 5525 2171 5577 in

603 5579 845 5661 margine
883 5580 1123 5661 esttibet.
1150 5583 1493 5661 _l\el'eru_n_t_ur
1519 5597 1702 5641 autem
1733 5591 1800 5644 ad
1833 5579 2049 5648 versum
2076 5594 2170 5661 5'5,

607 5651 702 5704 ubi
727 5649 887 5703 etiam
930 5651 1232 5708 llentenius
1283 5657 1523 5712 exhibet.

2354 5526 2469 5598 ('28)
2503 5525 2815 5598 παραδηλού
2825 5544 3005 5597 μενον,
3034 5525 3074 5579 Β

2351 5597 2462 5668 (‘29)
2485 5597 2596 5666 Γὰρ
2616 5597 2817 5652 omittit
2837 5599 2902 5652 A.

673 5806 735 5879 ll)
764 5804 865 5870 Qui
920 5835 988 5847 -—
1021 5809 1248 5867 oriatur.
1283 5814 1392 5885 τὴν
1447 5820 1801 5889 προτεῡεῖσαν
1865 5833 1967 5889 est,
2011 5840 2170 5893 quem

2309 5833 2584 5898 posuerat,
2605 5824 2671 5882 de
2703 5843 2811 5898 quo
2857 5837 2983 5882 ante
3013 5827 3240 5882 dixerat.
