4084 6392
218 446 299 515 99
311 453 343 514 Ἰ

1209 447 1600 509 ΕΟΜΜΕΝΤ.
1640 447 1721 506 1N
1760 446 2042 507 LITCAM.
2075 472 2139 483 ’κ
2180 450 2336 511 CAP.
2383 451 2559 509 XIII.

3403 457 3511 523 995

298 563 459 615 Κατὰ
496 560 555 614 δὲ
605 556 923 629 ἀναγωγὴν,
962 558 1149 629 πατὴρ
1205 558 1307 628 μὲν
1342 558 1408 612 ἂν
1461 560 1545 629 εἴη
1580 559 1608 611 ὁ
1648 538 1773 621 νδδς
1800 574 1812 589 .

1996 556 2159 611 Juxta
2208 574 2486 630 attagogcll
2538 575 2666 613 vero
2729 569 2884 630 pater
2925 577 3044 616 esse
3098 574 3273 633 potest
3331 583 3508 636 mens,

216 656 344 719 υίὸς
366 654 423 708 δὲ
457 651 653 717 αὑτοῦ,
686 651 714 704 δ
752 653 989 721 πονηρὸς
1019 650 1306 719 λογισμὸς,
1340 649 1463 703 καθ’
1496 645 1557 705 οἶδ
1584 650 1813 703 στασιά-

213 766 332 814 σει,
368 745 714 818 ἀρνούμενος
754 744 944 806 αὑτὸν,
977 743 1051 808 ὡς
1087 742 1377 814 βλαϐερόν.
1412 744 1616 814 Μήτηρ
1641 744 1698 797 δὲ
1726 743 1811 813 εἴη

213 841 311 904 ἂν,
345 841 379 909 ἡ
415 838 619 906 καρδία
646 854 658 867 ·
712 836 967 906 Θυγάτηρ
1016 834 1073 887 δὲ
1100 834 1354 905 αύτῆς,ή
1389 838 1606 906 πονηρὰ
1656 835 1816 888 ἐνθύ-

217 947 414 1001 μησις,
454 928 579 982 καθ’
607 923 673 999 ἧς
712 930 807 982 καὶ
842 926 983 997 αὐτη
1027 928 1332 991 στασιάσει,
1364 928 1462 980 καὶ
1485 928 1815 999 ἀπορραγῆ-

214 1039 374 1074 σεται
401 1020 628 1090 ταύτης.
659 1019 908 1090 Πενθερὰ
940 1019 995 1072 δὲ
1037 1018 1104 1072 ἂν
1134 1020 1243 1088 εἴη,
1272 1020 1305 1084 ἠ
1338 1019 1649 1089 Συναγωγὴ
1699 1019 1813 1072 τῶν

226 1113 507 1166 Ἰουδαίων
564 1130 577 1143 ο
621 1114 810 1182 νύμφη
870 1111 926 1165 δὲ
975 1112 1171 1181 αὐτῆς,
1228 1114 1259 1182 η
1338 1112 1641 1182 Ἐκκλησία
1703 1112 1814 1166 τῶν

213 1204 591 1271 Χριστιανῶν,
656 1202 729 1265 ὡς
778 1202 1156 1272 νυμφευθείσα
1207 1201 1286 1271 τῷ
1333 1203 1580 1273 Χριστῷ,
1636 1202 1694 1266 ὃς
1744 1198 1814 1273 ἦν

218 1293 340 1355 υἱὸς
371 1293 473 1362 τῆς
524 1291 865 1363 δηλωθείσης
917 1292 1280 1361 Συναγωγῆς,
1316 1294 1461 1345 κατὰ
1487 1293 1549 1345 τὸ
1599 1291 1814 1362 ἀνθρὼο

212 1399 396 1435 πινονο
437 1383 495 1447 ἐξ
527 1382 700 1452 αὐτῆς
734 1383 845 1453 γὰρ
877 1382 1240 1452 ἐϐλάστησεν.

294 1477 603 1541 Ἓλεγε-
652 1471 1001 1541 δοκιμάζετε
1022 1489 1042 1537 ;
1076 1474 1384 1543 Πρόσωπον
1430 1474 1533 1543 τῆς
1585 1475 1690 1544 γῆς
1716 1474 1815 1528 καὶ

210 1562 309 1616 τοῦ
358 1562 621 1632 ούρανοῦ,
662 1564 695 1633 ἠ
737 1563 1038 1632 ἐπιφάνεια
1090 1563 1299 1634 ταύτης
1328 1563 1609 1617 κάκείνου.
1645 1564 1815 1632 Λέγει

209 1654 419 1716 τοίνυν,
471 1654 552 1705 ὅτι
622 1652 1087 1723 ’Υποκρινόμενοι
1143 1656 1487 1725 πρόγνωσιν,
1534 1655 1636 1723 τὴν
1678 1656 1808 1707 ἐπι·

212 1747 448 1816 φάνειαν
476 1746 577 1817 τῆς
613 1746 719 1815 γῆς
753 1746 851 1798 καὶ
883 1745 979 1798 τοῦ
1012 1744 1252 1814 ούρανοῦ
1276 1745 1453 1797 οἴδατε
1480 1744 1807 1815 διακρίνειν,

212 1843 309 1893 καὶ
343 1842 408 1892 ἐκ
454 1840 905 1911 παρατηρήσεως
940 1840 1117 1909 αὐτῆς
1146 1839 1445 1911 προλέγειν
1485 1840 1547 1893 τὸ
1578 1840 1807 1911 μέλλονο

210 1935 309 1985 τὸν
361 1932 417 1985 δὲ
470 1932 665 2002 καιρὸν
718 1930 935 1996 τοῦτον,
977 1932 1069 1984 τὸν
1138 1932 1239 2000 τῆς
1292 1932 1432 2001 ἐμῆς
1502 1932 1810 2002 παρουσίας

210 2025 501 2095 δηλονότι,
570 2025 687 2087 πῶς
756 2025 820 2077 οὐ
866 2023 1202 2094 διακρίνετε,
1254 2025 1318 2075 ὲκ
1369 2025 1811 2095 παρατηρήσεως

210 2119 324 2170 τῶν
364 2119 607 2186 νομικῶν
633 2116 839 2186 βίϐλων
875 2119 971 2170 καὶ
1036 2117 1427 2187 προφητικῶν,
1463 2119 1522 2169 ἐν
1549 2113 1637 2180 αἷς
1664 2118 1811 2170 κεῖν-

209 2228 305 2263 ται
340 2213 537 2279 σημείι
592 2208 788 2261 τούτου
824 2208 921 2261 καὶ
982 2208 1258 2277 σύμϐολα,
1288 2210 1384 2279 ἀφ’
1432 2204 1507 2263 ὧν
1566 2209 1810 2279 εὐχερῶς

209 2296 371 2363 οὗτος
397 2301 506 2373 (50)
532 2299 960 2367 διαγινώσκεται
990 2304 1105 2364 τοῖς
1133 2307 1487 2371 προσέχουσι;
1514 2303 1657 2372 Πρὸς
1686 2302 1811 2365 τοὺς

212 2390 578 2460 Γραμματεῖς
632 2389 687 2442 δὲ
739 2392 766 2442 ὁ
803 2390 988 2457 λόγος,
1037 2391 1089 2443 εί
1128 2391 1226 2445 καὶ
1258 2394 1393 2462 πρὸς
1444 2392 1571 2454 τοὺς
1619 2390 1812 2461 ὄχλους

212 2484 405 2543 ἁπλῶς
434 2482 667 2554 ἐρρηθη.

293 2576 354 2629 Τί
397 2574 467 2627 δὲ
498 2604 567 2613 -
607 2574 890 2638 Mirator;
960 2576 1076 2646 Ἐφ’
1124 2576 1313 2649 ἕτερον
1366 2578 1575 2649 μετέϐη
1626 2578 1809 2647 λόγον,

211 2666 310 2715 καὶ
350 2665 611 2733 παραινεῖ
641 2664 733 2717 διὰ
765 2664 1045 2736 γνωρίμου
1073 2669 1531 2737 παραδείγματος
1564 2669 1815 2724 ἀπαλλα-

213 2757 385 2824 γῆναι
420 2755 517 2808 τοῦ
539 2756 787 2819 Σατανᾶ,
811 2755 954 2825 ἦτοι,
980 2758 1092 2810 τῶν
1121 2758 1301 2829 ἔργων
1330 2758 1523 2824 αὑτοῦ,
1558 2762 1808 2829 φάσκων,

213 2852 373 2903 Διατί
425 2856 525 2907 καλ⁸
565 2856 660 2924 ἀφ’
718 2856 934 2909 ἑαυτῶν
975 2854 1036 2908 ού
1090 2855 1266 2907 νοεῖτε
1296 2851 1359 2906 τδ
1384 2852 1579 2919 καλὸν,
1622 2854 1810 2908 εύδιά-

212 2959 466 3011 γνωστον
492 2946 584 3013 6ν;

306 3033 398 3104 Ὦς
436 3068 504 3078 —-
537 3041 748 3095 αὑτοῦ.
801 3040 903 3104 Δὸς
950 3039 1239 3111 ἐργασίαν,
1294 3039 1487 3109 ἤγουν,
1545 3038 1811 3106 είσάγαγε

216 3129 403 3199 ἔργον,
442 3133 703 3204 σπουδὴν,
763 3134 976 3203 ἀγῶνα,
1014 3132 1424 3202 ἀνταλλαγῆναι
1477 3132 1573 3185 ἀπ’
1616 3132 1809 3187 αὐτοῦ.

1922 649 2066 701 ﬁlius
2115 661 2300 703 antem
2339 654 2459 717 ejus
2504 666 2667 720 prava
2712 653 2992 723 cogitatio,
3047 655 3313 713 adversus
3343 674 3507 728 quam

1920 740 2162 795 merebit
2208 741 2558 808 seditionem,
2590 758 2797 813 negans
2842 745 3014 815 ipsam
3051 754 3309 816 tanquam
3351 750 3509 805 noci-

1921 847 2062 885 vam.
2108 831 2278 886 Mater
2312 848 2443 887 vero
2498 849 2591 887 cor
2636 851 2649 889 :
2697 835 2802 888 ﬁlia
2828 836 2972 905 ejus,
3015 852 3179 904 prava
3211 839 3510 909 cupiditas,

1920 923 2186 978 adversus
2225 940 2391 993 quam
2427 926 2593 979 etiam
2634 925 2749 995 ipsa
2800 927 3044 999 insurget
3077 937 3132 983 et
3162 930 3230 984 ab
3260 946 3322 984 ea
3356 933 3506 986 avel~

1918 1016 2081 1071 lctur.
2140 1016 2347 1071 Socrus
2401 1028 2587 1071 autem
2654 1019 2726 1071 sit
2784 1018 3067 1091 Synagoga
3139 1020 3507 1078 Judzcorum:

1917 1123 2091 1161 nurus
2143 1109 2282 1177 ejus,
2317 1107 2558 1163 Ecclesia
2588 1110 3055 1175 Christianorum,
3093 1122 3283 1183 utpote
3334 1123 3509 1185 nupta

1918 1192 2159 1262 Christo,
2218 1200 2313 1268 qui
2358 1200 2519 1256 dicta:
2558 1199 2857 1272 Synagogse
2901 1203 3056 1271 juxta
3098 1202 3502 1261 humanitatem

1919 1287 2062 1342 [ilius
2095 1298 2234 1355 erat,
2278 1305 2475 1360 nempe
2502 1290 2571 1344 ab
2614 1292 3075 1362 ipsaigencratus.

1988 1476 2139 1531 Vers.
2191 1478 2280 1533 54.
2322 1479 2539 1533 Dicebat
2577 1511 2647 1518 —
2688 1479 2846 1535 Vers.
2873 1482 2961 1535 56.
3000 1483 3282 1549 probatis?
3324 1485 3510 1540 Faciis

1916 1568 2040 1622 caeli
2074 1576 2131 1623 et
2155 1577 2337 1634 terrm,
2373 1570 2693 1639 superﬁcies
2713 1581 2797 1631 est
2852 1573 3019 1640 hujus
3060 1582 3116 1628 et
3149 1574 3318 1629 illius.
3367 1575 3510 1631 Dicit

1915 1676 2045 1731 ergo
2081 1678 2094 1713 :
2130 1661 2505 1731 Dijudicantes
2544 1665 2687 1733 apud
2719 1680 2815 1719 vos
2845 1667 3131 1737 praesagia,
3160 1667 3507 1735 superﬁciem

1916 1753 2039 1807 coeli
2070 1762 2126 1808 et
2154 1763 2312 1809 terra:
2344 1755 2517 1809 nostis
2549 1756 2882 1821 discernere,
2922 1767 2977 1811 et
3002 1772 3067 1812 ex
3096 1758 3214 1827 ejus
3246 1758 3511 1813 observa-

1916 1842 2088 1911 tione,
2146 1844 2294 1914 quod
2347 1843 2590 1899 futurum
2639 1855 2742 1912 est,
2795 1847 3127 1915 przedicere;
3172 1847 3275 1903 hoc
3322 1858 3508 1903 autem

1918 1944 2160 2004 tempus,
2184 1937 2289 1991 mei
2325 1937 2586 1992 videlicet
2612 1938 2917 2006 fadventus,
2938 1940 3215 2009 quomodo
3247 1955 3356 1994 non
3393 1941 3507 1995 dis-

1917 2026 2141 2080 ccrnitis
2172 2042 2237 2081 ex
2268 2029 2658 2084 observatione
2690 2031 2947 2101 legalium
2983 2033 3249 2087 librorum
3280 2048 3345 2086 ac
3378 2049 3507 2104 pro-

1916 2117 2243 2186 phetalium,
2271 2121 2327 2173 in
2352 2122 2553 2190 quibus
2585 2122 2741 2192 signa
2770 2133 2823 2177 et
2856 2126 3118 2194 praesagia
3148 2126 3322 2195 posita
3355 2138 3507 2185 sunt.

1917 2208 2117 2278 quibus
2165 2210 2346 2279 ipsum
2392 2211 2551 2267 facile
2583 2213 2923 2284 dignoscitur
2956 2214 3023 2267 ab
3060 2216 3164 2280 his,
3195 2216 3288 2285 qui
3315 2216 3511 2272 adver-

1918 2304 2087 2356 tunt?
2118 2302 2218 2357 Est
2246 2314 2429 2358 autem
2467 2305 2556 2360 hic
2588 2320 2771 2360 sermo
2802 2306 2870 2360 ad
2915 2306 3157 2372 Scribas,
3192 2324 3504 2380 quanquam

1916 2395 2242 2465 simpliciter
2271 2395 2338 2450 ad
2378 2397 2565 2451 turbas
2593 2398 2770 2453 dictus
2816 2390 2905 2453 Sit.

1991 2599 2147 2655 Vcrs.
2178 2600 2268 2655 57.
2300 2598 2411 2654 Cur
2431 2610 2610 2654 autem
2637 2602 2976 2671 -—-justum7
3014 2604 3093 2658 Ad
3130 2604 3295 2659 alium
3332 2616 3509 2662 trans-

1916 2693 2014 2748 ivit
2083 2708 2399 2749 sermonem
2459 2703 2517 2749 et
2570 2697 2823 2765 exemplo
2849 2698 3139 2751 notissimo
3186 2698 3507 2753 admoneta

1923 2785 2127 2840 Satana
2185 2788 2435 2852 liberari,
2482 2787 2599 2842 sive
2643 2787 2713 2842 ab
2770 2788 3033 2858 operibus
3074 2790 3214 2858 ejus,
3263 2790 3507 2846 dicens:

1916 2878 2098 2945 Quare
2130 2888 2185 2934 et
2224 2895 2255 2933 a
2288 2879 2444 2934 vobis
2472 2862 2605 2948 ipsis
2647 2894 2756 2932 non
2791 2879 3123 2950 dijudicatis,
3156 2882 3304 2951 quod
3329 2883 3507 2937 hone-

1917 2978 2061 3022 stum
2098 2978 2182 3023 est
2208 2983 2333 3022 cum
2366 2967 2525 3022 facile
2548 2968 2619 3021 sit
2644 2968 2709 3021 ad
2734 2968 3190 3037 dijudicandum?

1994 3062 2142 3116 \‘ers.
2194 3064 2283 3117 58.
2321 3061 2452 3117 Cum
2484 3091 2553 3100 ——
2583 3061 2697 3114 illo.
2732 3061 2805 3114 Da
2837 3076 3061 3131 operam
3091 3080 3103 3117 :
3152 3064 3267 3117 sive
3307 3062 3508 3118 aﬂ'cras

1915 3154 2183 3216 laborem,
2208 3154 2569 3223 diligentiam,
2597 3162 2897 3217 certamen,
2936 3165 2994 3208 ut
3014 3156 3083 3209 ab
3116 3156 3205 3210 illo
3230 3156 3504 3212 libereris.

230 3220 521 3293 ’Υποδηλοί
543 3222 598 3275 δὲ
632 3222 906 3278 ἅντίδιλον
943 3222 1064 3294 μὲν,
1096 3222 1188 3275 τὸν
1212 3223 1481 3289 Σατανᾶν,
1514 3222 1606 3276 τὸν
1631 3226 1812 3277 κοινὸν

1920 3247 2021 3302 Per
2056 3247 2432 3301 adversarium
2464 3254 2648 3300 autem
2694 3245 2953 3301 Satanam
3000 3247 3221 3311 indicat,
3254 3262 3508 3303 commu~

217 3312 417 3381 ἐχθρόν
447 3328 464 3344 ⁸
497 3313 739 3383 ἄρχοντα
763 3312 843 3379 δὲ,
878 3314 972 3367 τὸν
1002 3314 1158 3379 Θεὸν,
1194 3313 1285 3365 τὸν
1313 3313 1533 3367 πάντων
1581 3313 1808 3383 Κύριον,

220 3403 361 3474 πρὸς
389 3404 449 3455 ὃν
473 3404 809 3473 ἀπαγόμεοα
844 3406 983 3475 μετὰ
1014 3406 1106 3457 τοῦ
1139 3402 1362 3474 ἐχθροῦ,
1386 3404 1543 3467 δίκας
1574 3406 1814 3475 ἀπαιτη-

224 3496 524 3565 θησόμενοι
555 3498 671 3551 τῶν
718 3500 979 3570 πονηρῶν
1011 3499 1191 3568 ἔργων
1224 3497 1421 3568 ἡμῶνο
1454 3498 1572 3549 ὁδὸν
1607 3496 1685 3563 δὲ,
1721 3498 1813 3551 τὸν

222 3590 469 3661 παρόντα
508 3590 647 3661 βίον,
701 3593 793 3646 τὸν
848 3595 1103 3656 ἄστατον,
1158 3591 1218 3646 ὲν
1270 3586 1316 3660 ᾧ
1348 3590 1608 3662 ὀδεύομεν
1674 3590 1815 3660 μετὰ

218 3681 314 3734 τοῦ
335 3684 582 3738 τοιούτου
612 3685 884 3739 ἀντιδίκου
908 3688 941 3755 ὴ
951 3687 1091 3755 μῶν.
1112 3678 1285 3737 Τοῦτο
1308 3684 1364 3737 δὲ
1386 3684 1447 3737 τὸ
1471 3684 1652 3754 νόημα
1677 3686 1779 3737 καθ
1800 3684 1815 3706 ’

220 3772 414 3843 ἕτερον
472 3777 896 3847 μετεχειρίσατο
930 3778 1043 3848 (51)
1090 3777 1293 3830 σκοπὸν
1342 3778 1402 3829 ὲν
1444 3776 1525 3846 τῷ
1574 3777 1815 3847 πέμπτῳ

220 3866 510 3937 κεφαλαίῳ
543 3867 639 3920 τοῦ
672 3870 816 3921 κατά
837 3870 1138 3923 Ματθαῖον.

293 4054 851 4126 Μήποτε-κριτήν.
870 4060 933 4112 Ὀ
955 4058 1207 4123 διάϐολος
1235 4058 1370 4131 γὰρ,
1402 4060 1452 4112 εἰ
1494 4061 1589 4114 καὶ
1619 4059 1816 4131 ἐχθρός

221 4147 345 4233 ἐστι
403 4148 491 4200 τού
544 4150 705 4214 Θεοῦ,
760 4148 897 4202 ἀλλὰ
964 4150 1059 4203 καὶ
1115 4148 1532 4220 ὲκδικητὴς,ὡς
1582 4150 1612 4201 ὁ
1648 4148 1815 4203 Δαυῒδ

221 4242 433 4307 ἐδίδαξε
472 4243 607 4313 (σε).

300 4430 408 4485 Kal
436 4461 508 4470 —
534 4432 844 4502 πράκτορι.
876 4432 967 4504 Τῷ
1017 4432 1263 4504 ἀγγέλῳ,
1312 4432 1389 4503 τῷ
1440 4434 1675 4486 ἐπὶτῶν
1722 4452 1813 4487 κο-

220 4524 561 4594 λαστηρίων.

297 4618 411 4670 Καὶ
445 4646 514 4656 -
536 4616 841 4685 φυλακήν.
876 4618 970 4683 Et;
1000 4618 1245 4674 κόλασιν.

297 4709 465 4779 Λέγω
493 4736 552 4749 --
585 4710 848 4777 ἀποδῷς.
875 4711 1023 4775 Ἕως
1067 4706 1130 4766 οὗ
1159 4713 1289 4777 πᾶν,
1321 4710 1349 4763 δ
1381 4710 1811 4781 κατεδικάσοης,

227 4802 544 4873 ὑποστήσῃ,
576 4802 885 4867 τουτέστιν,
920 4804 982 4856 οὺ
1026 4804 1102 4874 μὴ
1129 4803 1359 4876 ἐξέλθῃς
1398 4802 1612 4856 ἐκεῖθέν
1654 4819 1811 4856 ποτε.

1916 3345 2045 3392 nem
2076 3335 2360 3391 inimicum
2392 3350 2528 3405 ;per
2564 3338 2946 3404 magistratum
2972 3351 3123 3399 vero,
3154 3336 3346 3403 Deum,
3384 3347 3506 3391 tan-

1917 3442 2080 3498 quam
2117 3426 2364 3481 omnium
2391 3424 2705 3488 Dominum,
2731 3427 2799 3481 ad
2828 3442 2992 3497 quem
3018 3428 3345 3483 abducimur
3375 3444 3504 3482 cum

1918 3519 2165 3581 inimico,
2206 3518 2274 3572 de
2308 3517 2465 3571 malis
2503 3519 2763 3588 operibus
2790 3520 2998 3573 nostris
3030 3535 3250 3573 causam
3275 3520 3504 3575 dicturi.

1916 3609 2070 3663 Viam
2100 3618 2309 3671 autem,
2334 3618 2663 3679 praesentem
2690 3609 2853 3662 vitam
2881 3608 3195 3663 instabilem
3231 3611 3504 3681 intelligit.

1917 3702 1971 3755 in
2016 3715 2124 3772 qua
2162 3716 2288 3755 cum
2358 3699 2673 3770 hujusmodi
2717 3700 3030 3755 adversario
3072 3710 3260 3755 nostro
3292 3703 3510 3771 proﬁci-

1917 3791 2148 3848 scimur.
2185 3790 2313 3845 Haec
2360 3806 2579 3860 quoque
2620 3791 2891 3844 sententia
2927 3790 3035 3844 alio
3062 3792 3344 3860 proposito
3396 3802 3507 3846 tra-

1917 3893 2064 3938 ctata
2108 3893 2195 3940 est
2238 3884 2420 3953 capite
2458 3884 2650 3952 quinto
2699 3882 2980 3953 Evangelii
3029 3882 3335 3937 secundum
3375 3885 3511 3940 Mat-

1921 3977 2147 4030 tltazum.

1992 4065 2150 4122 Vcrs.
2200 4066 2291 4120 58.
2337 4064 2416 4119 Ne
2455 4066 2589 4134 forte
2620 4096 2687 4106 —
2722 4065 2983 4135 judicem.
3029 4065 3291 4121 Diabolus
3333 4068 3505 4131 enim,

1919 4161 2020 4214 etsi
2074 4158 2170 4213 Dei
2225 4157 2485 4212 inimicus
2527 4167 2633 4222 est,
2672 4164 2854 4211 tamen
2882 4158 3003 4227 ejus
3040 4158 3184 4211 ultor
3215 4169 3319 4225 est,
3345 4172 3508 4228 prout

1923 4251 2091 4306 David
2123 4249 2310 4305 docuit
2355 4250 2586 4305 dicens:
2627 4249 2688 4304 Ut
2724 4249 2968 4302 destruas
3009 4250 3285 4303 inimicum
3328 4261 3375 4304 et
3422 4251 3503 4304 ul-

1921 4354 2086 4398 torem
2113 4343 2155 4397 ’.

1992 4435 2152 4491 Vers.
2184 4434 2273 4490 58.
2311 4431 2379 4486 Et
2419 4462 2488 4475 —-
2514 4432 2774 4487 exactori.
2811 4432 3039 4504 Angela,
3070 4432 3161 4502 qui
3192 4434 3506 4489 carceribus

1922 4527 2251 4611 praepositus
2276 4534 2383 4581 est.

1848 4598 1894 4655 ί)
1926 4598 1937 4600 ἡ
1993 4605 2150 4675 Vers.
2186 4620 2274 4673 58.
2308 4617 2377 4671 Et
2406 4634 2782 4672 —carccrem.
2816 4616 2871 4671 In
2899 4616 3226 4687 supplicium

1991 4713 2146 4767 Vers.
2180 4712 2267 4766 59.
2317 4710 2447 4764 Dico
2476 4709 2829 4763 —exso!vas.
2879 4708 3061 4764 Donec
3089 4725 3251 4764 omne
3296 4709 3348 4764 id
3385 4726 3507 4765 sus-

1918 4806 2118 4866 tineas,
2158 4805 2224 4858 ad
2287 4802 2431 4872 quod
2459 4802 2857 4856 condemnatus
2894 4814 3038 4865 cras,
3073 4801 3177 4856 hoc
3219 4812 3325 4867 est,
3361 4818 3506 4857 nun-

239 4894 356 4947 Ἀεὶ
374 4896 485 4963 γὰρ
509 4893 969 4958 καταδικάζονται
996 4894 1327 4961 κολάζεσθαι
1345 4897 1393 4948 οί
1424 4895 1681 4949 τοιοῦτοι.
1714 4895 1812 4947 Ούα

1918 4911 2080 4966 quam
2144 4894 2272 4949 inde
2316 4892 2534 4959 exibis;
2590 4892 2658 4947 ad
2724 4893 2829 4947 hoc
2870 4893 3017 4946 enim
3050 4894 3504 4949 condemnamur

226 4983 319 5039 δὴν
346 4984 407 5037 δὲ
439 4984 647 5038 κωλύει
682 4988 826 5038 νοεῖν
849 4987 922 5041 τὰ
953 4986 1191 5057 ρηθέντα
1240 4986 1336 5040 καὶ
1371 4985 1515 5039 κατὰ
1553 4986 1656 5056 τὴν
1685 4986 1813 5057 ἐξή-

228 5092 396 5147 γησιν
425 5078 524 5148 τὴν
556 5081 614 5132 ὲν
670 5077 749 5149 τῷ
788 5077 1088 5151 δηλωθέντι
1126 5078 1362 5151 πέμπτῳ
1395 5076 1680 5149 κεφαλαίῳ
1718 5078 1814 5131 τοῦ

228 5169 373 5222 κατὰ
400 5170 704 5225 Ματοαϊον.
1372 5158 1391 5181 ”

339 5458 530 5517 ’l’sal.
586 5480 702 5532 \‘Ill,
753 5467 808 5520 3.

1919 4986 2259 5060 hujnsmodi,
2290 4994 2351 5040 ut
2382 5000 2602 5056 semper
2633 4984 2952 5054 puniantur.
2984 4983 3129 5039 Nihil
3165 4994 3349 5041 autem
3381 5003 3505 5055 pro-

1916 5082 2094 5147 hibet,
2136 5089 2198 5135 ut
2243 5094 2368 5150 quae
2406 5078 2551 5132 dicta
2584 5087 2734 5143 sunt,
2770 5078 3148 5149 intelligantur
3182 5080 3334 5149 juxta
3378 5096 3503 5134 sen-

1920 5190 2065 5235 sum,
2085 5172 2179 5244 qui
2208 5172 2370 5229 datus
2396 5180 2479 5227 est
2507 5171 2768 5241 praedicto
2790 5175 2982 5242 quinto
3006 5173 3160 5243 juxta
3186 5174 3502 5231 Mattlta‘um

1919 5268 2123 5337 capite.

1426 5581 1623 5643 Variae
1658 5580 1962 5661 lectiones
1995 5588 2058 5643 et
2097 5592 2288 5647 notis.

301 5809 415 5880 ('50)
449 5811 479 5863 δ
508 5809 722 5877 καιρός.

303 5880 415 5949 (Si)
441 5880 688 5938 Lln'istus
729 5880 1004 5950 nimirum,
1044 5881 1229 5941 Matth.
1275 5898 1330 5950 ν,
1355 5882 1447 5938 25.

1999 5818 2103 5883 (52)
2133 5818 2229 5873 llis
2246 5820 2392 5874 atltlit
2421 5820 2723 5879 Ilvntenius
2748 5840 2815 5879 ex
2840 5824 3052 5882 Psalnto
3080 5846 3091 5882 :
3124 5828 3223 5881 Τοῦ
3263 5829 3502 5884 multi-

1916 5903 2005 5940 σαι
2030 5892 2224 5961 ἐχθρδν
2260 5892 2355 5944 καὶ
2395 5892 2709 5965 ἐκδικητὴν.
