4084 6386
197 373 342 440 1001

1171 370 1560 434 COMMENT.
1605 371 1687 431 IN
1728 371 2008 431 LUCAM.
2050 395 2115 405 -
2157 372 2314 432 CAP.
2353 371 2524 431 XIII.

3371 369 3510 432 lbl‘ﬁ

195 494 321 560 ἔτη,
364 489 418 542 al
450 489 597 558 τρεῖς
652 487 930 541 πολιτεῖαι
985 488 1092 540 τῶν
1163 489 1456 552 Ἰουδωίων,
1484 491 1517 559 ἡ
1559 488 1664 543 ὐπὸ
1695 489 1792 540 uir.

1911 488 2050 545 Tres
2072 506 2200 546 vero
2227 493 2381 556 anni,
2406 501 2516 545 tres
2547 501 2676 544 sunt
2706 489 3024 544 Judaeorum
3057 484 3504 558 gubernationes.

195 581 409 654 κριτῶν
468 580 783 651 ίθυνομένη,
836 589 931 633 καί
962 581 992 652 ἡ
1027 580 1130 633 ὐπὸ
1166 580 1272 634 τῶν
1311 581 1607 651 βασιλέων,
1639 583 1733 635 καὶ
1767 584 1799 653 ἡ

192 678 306 728 ὑπὸ
337 674 446 727 τῶν
494 673 819 744 ἀρχιερέων.
862 674 1035 743 Φησὶν
1066 672 1179 737 οὖν,
1213 677 1528 744 Ἐκκοψον
1582 675 1800 742 αὐτὴν,

191 768 342 820 διατί
375 766 466 818 καί
498 766 596 836 τὴν
625 765 731 834 γῆν
758 764 996 837 καθιστνᾷ
1026 767 1208 837 ἀργήν
1233 784 1250 834 ;

283 859 348 913 Ὀ
384 858 452 911 δὲ
490 886 554 897 --
589 858 828 927 κόπρια.
855 859 1178 928 Παρακαλεῖ
1200 859 1342 930 ὑπὲρ
1366 862 1476 913 τῶν
1500 861 1799 923 Ἰουδαίων,

192 955 273 1018 ὡς
318 957 378 1022 ἐξ
433 955 710 1010 Ἰουδαίων
751 955 1202 1026 ὲνανθρωπήσας,
1232 959 1326 1011 καὶ
1385 958 1622 1012 ἱκετεύει
1659 957 1800 1026 ὑπὲρ

191 1048 306 1101 τῶν
359 1049 504 1101 κατὰ
564 1049 748 1118 σάρκα
809 1049 1115 1117 συγγενῶν,
1167 1051 1440 1120 ἀφεθῆναι
1495 1052 1592 1104 καὶ
1639 1051 1801 1104 τοῦτο

191 1139 256 1192 τὸ
281 1139 422 1205 ἔτος,
447 1141 646 1211 δηλαδὴ
691 1141 783 1194 τὸν
811 1143 1004 1212 καιρὸν
1042 1143 1166 1196 καθ’
1195 1143 1256 1196 ὃν
1281 1144 1586 1209 ἐδίδασκεν,
1604 1145 1708 1207 ἕως
1739 1137 1800 1197 οἶα

194 1232 386 1303 σκάφῃ
439 1235 539 1304 τὴν
597 1233 964 1304 σκληρότητα,
987 1233 1086 1304 τὴν
1113 1236 1241 1305 περὶ
1269 1236 1366 1299 τὰς
1395 1235 1799 1306 ψυχὰςραύτῶν,

191 1323 277 1394 τῷ
350 1325 624 1396 ἐργαλείῳ
703 1327 804 1396 τῆς
873 1327 1295 1398 παραινέσεως,
1359 1331 1453 1382 καὶ
1517 1328 1657 1399 βάλῃ
1714 1328 1804 1380 κό-

193 1432 334 1484 πρια
363 1414 475 1485 (37)
503 1415 842 1479 λιπαίνοντα,
868 1417 1137 1482 τουτέστι,
1170 1418 1527 1472 διδασκαλίαν
1553 1418 1801 1470 πιαίνου-

196 1522 300 1559 σαν
322 1507 402 1567 είς
430 1509 827 1579 καρποφορίαν.

271 1598 399 1652 Κᾶν
427 1629 498 1640 -——
518 1603 773 1669 καρπόν.
815 1601 1180 1666 Ἐλλειπτικὸς
1211 1606 1238 1656 ὁ
1269 1603 1444 1672 λόγος.
1474 1606 1670 1658 Λείπει
1692 1606 1801 1678 γὰρ

193 1688 257 1743 τδ
288 1690 361 1743 Εὐ
401 1691 538 1762 ἔχει.

269 1785 342 1836 El
379 1783 448 1836 δὲ
479 1814 549 1824 ο-
573 1787 792 1854 αὐτὴν.
816 1787 908 1851 Εἰς
943 1789 1036 1841 τὸν
1068 1790 1338 1860 μέλλοντα
1379 1793 1597 1864 καιρόν.
1635 1792 1799 1846 Ύπο-

1906 597 1970 637 ea
2003 583 2256 638 videlicet
2289 601 2393 653 qua
2430 584 2533 639 sub
2555 582 2836 653 judicibus
2868 583 3226 653 regebantur,
3263 596 3350 646 ea,
3395 598 3504 652 qua

1907 675 2010 728 sub
2035 667 2289 745 regibus,
2326 687 2380 730 et
2410 692 2494 739 ea,
2529 692 2634 746 qna
2661 675 2763 730 sub
2788 675 3162 746 pontiﬁcibus.
3206 676 3296 729 Ait
3327 689 3458 746 ergo
3488 694 3503 730 :

1906 765 2127 820 Succide
2148 767 2322 832 illam,
2346 777 2401 822 ut
2425 769 2555 837 quid
2575 769 2739 822 etiam
2779 779 2980 820 terram
3029 767 3208 822 reddit
3229 765 3506 822 otiosam?

1980 862 2133 916 Vers.
2166 864 2218 917 8.
2241 871 2303 916 At
2323 862 2414 916 ille
2439 873 2780 916 ——stercora.
2799 861 3060 916 Precatur
3079 860 3418 931 proludenis,
3449 871 3507 915 nt

1906 953 1995 1021 qui
2014 968 2076 1006 ex
2093 951 2299 1008 Judwis
2318 954 2716 1008 humanitatem
2734 953 3054 1024 assumpsit;
3074 963 3127 1006 et
3150 967 3249 1022 pro
3263 953 3509 1024 cognatis

1901 1047 2056 1114 juxta
2088 1061 2308 1100 carnem
2341 1047 2616 1112 obsecrat,
2651 1061 2708 1102 nt
2741 1046 2824 1101 vel
2855 1046 2957 1102 hoc
2991 1061 3138 1100 anno
3183 1046 3507 1115 relinquan-

1909 1147 2014 1202 tur,
2067 1139 2330 1194 videlicet
2362 1148 2609 1209 tempore
2655 1154 2764 1208 quo
2818 1139 3072 1202 docebat,
3141 1138 3318 1192 donec
3373 1137 3506 1192 etl‘o-

1905 1232 2060 1286 deret
2093 1232 2374 1296 duritiem,
2425 1248 2546 1302 qute
2589 1232 2641 1286 in
2675 1231 2858 1285 anima
2885 1246 3078 1286 eorum
3105 1239 3242 1294 erat,
3291 1231 3502 1284 instru-

1908 1335 2095 1378 mento
2145 1325 2562 1388 admonitionis,
2618 1335 2672 1378 et
2729 1323 2974 1380 mitteret
3026 1332 3270 1378 stercora
3308 1322 3508 1394 impinc

1907 1418 2150 1488 guaatia,
2187 1419 2288 1474 hoe
2312 1429 2415 1483 est,
2439 1419 2769 1484 doctrinam,
2792 1434 2913 1489 qua).
2928 1419 2996 1472 ad
3018 1417 3501 1473 fructiﬁczitionem

1908 1508 2168 1578 pinguem
2200 1509 2400 1563 reddit.

1983 1601 2139 1657 Vers.
2195 1602 2250 1658 9.
2295 1601 2362 1655 Et
2398 1604 2442 1655 si
2484 1631 2548 1642 —-
2579 1604 2832 1672 fructum.
2864 1601 3142 1656 Delectiva
3179 1601 3352 1655 oratio
3383 1610 3501 1654 est:

1905 1692 2088 1745 deﬁcit
2118 1693 2264 1747 enim
2292 1711 2305 1748 :
2341 1693 2488 1747 Bene
2520 1708 2577 1748 se
2610 1693 2773 1746 habet
2801 1708 2911 1759 res,
2943 1693 3050 1757 vel,
3087 1693 3232 1746 Bene
3255 1692 3501 1762 quidem.

1980 1785 2138 1839 V'ers.
2173 1784 2228 1838 9.
2261 1783 2356 1838 Sin
2382 1815 2446 1824 —
2471 1784 2642 1838 illam.
2681 1783 2740 1837 In
2774 1783 3016 1838 futurum
3054 1791 3306 1852 tempus;
3336 1783 3504 1853 signi-

191 1873 348 1943 δηλοῖ
371 1874 449 1939 δὲ,
479 1877 600 1929 καθ’
646 1878 706 1931 ὃν
768 1855 1176 1951 ἐπολιόρκησαν
1207 1883 1307 1952 τὴν
1344 1855 1719 1951 Παλαιστίνην
1747 1889 1792 1938 οἱ

1905 1880 2029 1934 licat
2057 1889 2242 1934 autem
2284 1890 2521 1949 tempus,
2563 1895 2671 1948 quo
2725 1878 2967 1934 Iudaeam
3009 1878 3339 1932 obseJerunt
3395 1877 3503 1931 Ro-

207 1960 495 2033 Ῥωμαίοι.
544 1969 681 2022 Τότε
716 1971 825 2040 γὰρ
885 1973 1138 2042 παγγενῆ
1175 1974 1273 2042 τὴν
1302 1975 1637 2046 Συναγωγὴν
1689 1977 1796 2031 τῶν

207 2053 482 2113 Ἰουδαίων
517 2060 745 2132 ἐξέκοψε
775 2065 876 2134 τῆς
905 2065 1012 2133 γῆς
1033 2065 1274 2136 ἐκείνης,
1303 2068 1396 2119 καὶ
1422 2067 1794 2138 ἁντεφύτευσε

196 2157 298 2225 τὴν
346 2153 676 2226 Ἐκκλησίαν
724 2157 832 2210 τῶν
863 2159 1236 2229 Χριστιανῶν,
1274 2161 1372 2232 τὴν
1396 2163 1484 2215 ἀεὶ
1515 2180 1798 2234 καρποφοο

199 2246 429 2317 ροῦσαν.
461 2247 522 2300 El
572 2247 630 2300 δέ
683 2265 768 2311 τις
817 2251 964 2302 εἴποι
991 2266 1004 2280 °
1035 2251 1146 2304 Καὶ
1181 2249 1310 2320 μὴν,
1339 2252 1398 2303 οὐ
1446 2255 1798 2307 παντάπασιν

191 2339 449 2408 ᾱκαρπος
641 2340 949 2409 Συναγωγὴ
975 2341 1084 2394 τῶν
1131 2342 1404 2396 Ἰουδαίων
1444 2347 1502 2397 ἐν
1543 2348 1660 2408 τοῖς
1705 2347 1797 2414 δη-

193 2432 490 2498 λωθείσαις
509 2433 656 2503 τρισὶ
679 2434 1008 2499 πολιτείαις·
1031 2437 1499 2506 ἐκαρποφόρησαν
1520 2438 1628 2507 γάρ
1655 2454 1797 2500 τινες

193 2528 253 2578 ὲν
287 2526 506 2592 αὐταῖς,
535 2527 673 2580 ἀλλὰ
702 2527 798 2579 καὶ
826 2529 883 2579 ὲν
905 2526 983 2595 τῴ
1007 2527 1211 2598 καιρῷ,
1243 2527 1364 2580 καύ⁸
1394 2528 1453 2580 ὃν
1478 2528 1758 2581 ἐδίδασκεν
1780 2546 1793 2560 ·

193 2617 469 2689 ἐροῦμεν,
504 2619 587 2672 δτι
639 2617 750 2672 τῶν
815 2617 1028 2671 πολλῶν
1069 2619 1102 2688 ἠ
1142 2619 1312 2672 κακία
1366 2617 1635 2672 καλύπτει
1688 2620 1799 2671 τῶν

193 2711 396 2780 ὀλίγων
431 2713 531 2781 τὴν
565 2712 791 2782 ἀρετὴν,
831 2713 930 2764 καὶ
955 2712 1013 2764 τὸ
1048 2713 1156 2763 πᾶν
1188 2712 1295 2766 ἀπὸ
1329 2712 1423 2764 τοῦ
1468 2711 1796 2776 πλεονάζον-

192 2819 289 2867 τος
326 2804 602 2874 κρίνεται.

196 2916 355 2970 ΚρΕΦ.
384 2903 525 2971 ΜἨν.
551 2917 692 2986 Περὶ
724 2917 834 2986 τῆς
862 2919 1133 2988 ἐχούσης
1163 2919 1404 2990 πνεῦμα
1450 2921 1794 2988 ἀσθενείας.

265 3069 384 3131 Ἦν
399 3075 468 3129 δὲ
498 3076 811 3132 διδάσκων
839 3109 908 3119 -
933 3080 1105 3137 ὀκτώ.
1136 3079 1427 3152 Δαιμόνιον
1455 3083 1794 3152 ἀρρωστίας,

197 3167 276 3240 μὴ
306 3169 412 3222 ἓῶν
441 3169 613 3240 αὐτὴν
650 3172 894 3240 omni.

268 3357 377 3411 Kal
401 3352 480 3428 ἦν
499 3387 569 3398 -
592 3359 1053 3429 προσεφώνησε.
1077 3361 1508 3432 Σπλαγχνισοεὶς
1533 3361 1793 3416 ἐκάλεσεν

193 3449 392 3520 αὐτήν.

267 3548 377 3602 Καὶ
410 3577 481 3587 —
509 3550 678 3603 Θεόν.
710 3547 995 3604 Πιστεύειν
1025 3551 1120 3603 καὶ
1167 3551 1537 3620 εὐγνωμονεῖν
1565 3552 1794 3622 ἔμελλεν

196 3642 228 3712 ἡ
266 3641 431 3711 γυνή.
489 3642 602 3693 Καὶ
645 3642 754 3712 γὰρ
793 3644 888 3696 καὶ
919 3643 987 3694 δι’
1036 3644 1202 3696 αὐτὸν
1259 3640 1414 3715 ἦλθε,
1447 3645 1539 3697 καὶ
1582 3647 1793 3700 ίαοείσα

191 3735 544 3804 εὐχαριστεῖο
573 3735 654 3788 διὸ
682 3737 777 3788 καὶ
806 3737 1017 3806 ταχέως
1047 3738 1220 3806 αὐτὴν
1257 3737 1620 3810 ἐθεράπευσε,
1650 3741 1793 3809 λόγῳ

195 3829 318 3898 μὲν,
352 3829 430 3893 ὡς
465 3829 622 3896 θεὸς,
668 3830 915 3884 ὲπιΟέσει
949 3831 1004 3884 δὲ
1032 3834 1258 3904 χειρῶν,
1283 3833 1356 3896 ὠς
1391 3834 1704 3907 ἄνθρωπος.

272 4009 504 4062 Ἐτὺπου
530 4010 587 4064 δὲ
619 4011 652 4080 ὴ
683 4012 822 4081 γυνὴ
855 4011 996 4083 αὕτη
1033 4012 1132 4084 τὴν
1153 4014 1344 4083 κοινὴν
1366 4014 1788 4087 ἅνθρωποτητα,

190 4104 312 4164 ταῖς
370 4102 658 4172 ἑπηρείαις
707 4104 800 4157 τοῦ
851 4105 1072 4158 Σατανᾶ
1122 4105 1532 4178 ἀσθενήσασαν,
1560 4111 1653 4162 καὶ
1687 4110 1792 4162 ὐπὸ

190 4190 300 4242 τῶν
333 4190 523 4243 παθῶν
559 4194 637 4254 είς
690 4194 791 4262 γῆν
826 4194 1278 4262 συγκύπτουσαν,
1310 4199 1405 4251 καὶ
1437 4199 1614 4269 χαμαὶ
1651 4201 1790 4271 πρὸς

187 4283 258 4335 τὰ
293 4283 472 4353 γεηρὰ
510 4285 839 4356 συρομένην,
868 4287 958 4341 καὶ
1019 4295 1097 4359 μη
1141 4286 1458 4360 δυναμένην
1508 4291 1789 4361 ἀνακύψαι

185 4374 328 4438 ὅλως
361 4375 499 4445 πρὸς
528 4377 599 4430 τὰ
631 4378 861 4447 οὐράνια
891 4379 987 4432 καὶ
1014 4378 1136 4433 θεῖα
1169 4381 1262 4433 καὶ
1286 4381 1476 4450 νοητὰ,
1510 4382 1579 4451 ἥν
1619 4383 1792 4447 οὕτως

187 4469 442 4532 ἐλεεινῶς
495 4470 749 4540 ἔχουσαν,
776 4469 1046 4542 ᾤκτειρεν
1091 4475 1118 4526 ὀ
1157 4473 1407 4544 πλάστης
1451 4475 1650 4546 αὐτῆς,
1697 4479 1790 4529 καὶ

1901 1973 2070 2028 mani.
2094 1971 2248 2027 Tunc
2274 1973 2420 2027 enim
2446 1972 2781 2042 generaliter
2815 1986 3146 2043 synagogam
3182 1969 3498 2025 Iudaeorum

1901 2066 2103 2121 excidit
2128 2081 2158 2120 a
2188 2074 2332 2121 terra
2367 2065 2454 2118 illa
2483 2081 2498 2130 ;
2528 2080 2592 2119 ac
2623 2064 2744 2119 loco
2768 2065 2888 2134 ejus
2915 2064 3356 2118 Chrisnanorinn
3395 2062 3498 2116 Ee-

1901 2161 2122 2217 clesiam
2185 2160 2482 2229 plantavit,
2540 2173 2661 2227 qua:
2726 2157 2969 2211 fructum
3038 2171 3257 2225 semper
3318 2155 3498 2209 all'ert.

1901 2254 2058 2319 Quod
2080 2255 2124 2308 si
2166 2254 2290 2322 quis
2338 2252 2484 2307 dicat
2529 2270 2540 2305 :
2590 2249 2708 2304 Non
2744 2265 2963 2319 semper
3009 2247 3332 2319 infrugifera
3381 2259 3502 2304 erat

1904 2347 2515 2420 Synagogaludmorum
2541 2344 2596 2398 in
2618 2343 2894 2415 praedictis
2928 2343 3105 2397 tribus
3142 2343 3500 2414 gubernatio-

1902 2440 2098 2501 nibus;
2131 2439 2351 2508 quidam
2373 2437 2520 2492 enim
2548 2437 2691 2490 inter
2714 2450 2809 2489 eos
2835 2434 2912 2504 (η)
2935 2433 3174 2487 lructum
3194 2433 3502 2487 attulerunt

1903 2534 2070 2588 etiam
2100 2542 2346 2602 tempore
2363 2545 2470 2600 quo
2488 2529 2720 2584 docebat
2746 2526 3024 2591 Christus;
3061 2525 3314 2580 dicemus
3345 2527 3496 2594 quod

1902 2625 2204 2679 multorum
2241 2623 2450 2678 malitia
2495 2637 2797 2693 paucorum
2846 2619 3089 2673 occultat
3119 2620 3410 2682 virtutem;
3445 2627 3502 2670 et

1903 2735 1968 2774 ex
2002 2735 2089 2785 eo,
2122 2719 2268 2790 quod
2292 2718 2342 2772 in
2366 2717 2485 2787 ipso
2513 2714 2776 2779 abundat,
2809 2713 3027 2784 quidvis
3056 2699 3352 2782 judicatur.

1901 2926 2056 2982 CAP.
2090 2926 2320 2982 XLVIII.
2356 2926 2431 2979 De
2471 2925 2690 2978 muliere
2745 2932 3042 2989 contracta,
3072 2922 3316 2992 spiritum
3347 2923 3498 2992 inﬁr-

2449 2996 2652 3048 mitatis
2693 2995 2939 3047 habente.

1975 3091 2127 3145 Vers.
2169 3092 2251 3145 l0.
2294 3089 2521 3142 Docebat
2547 3097 2728 3140 autem
2759 3115 2821 3126 -
2855 3085 3008 3140 Vers.
3051 3087 3136 3140 1|.
3184 3098 3320 3141 octo.
3377 3088 3497 3142 Dte-

1821 3202 1866 3262 C
1903 3185 2151 3240 lllOllIUlll
2177 3181 2590 3245 imbecillitatis,
2621 3196 2728 3234 non
2765 3181 2956 3234 sinens
2987 3179 3130 3233 illam
3160 3180 3343 3236 vivere
3368 3197 3495 3237 cum

1897 3277 2094 3330 salute.

1971 3366 2126 3420 Vers.
2174 3366 2256 3418 Η.
2295 3365 2534 3435 Eratque
2563 3393 2633 3406 -—-
2674 3362 2830 3420 νει-ε.
2873 3364 2960 3418 12.
3018 3367 3244 3420 vocavit.
3281 3364 3494 3420 Miseri-

1897 3459 2085 3515 cordia
2127 3468 2309 3512 Inotus
2340 3457 2554 3512 vocavit
2605 3457 2774 3512 illam.

1969 3552 2122 3606 Vers.
2168 3551 2256 3604 12.
2289 3551 2442 3604 Et—
2478 3547 2634 3604 Vers.
2677 3551 2759 3604 l5.
2815 3549 3005 3604 Deum.
3044 3550 3338 3612 Creditura
3376 3564 3493 3606 erat

1897 3643 2096 3698 mulier
2130 3655 2185 3696 et
2241 3652 2393 3713 grata
2443 3641 2656 3697 futura.
2710 3642 2996 3712 Siquidem
3049 3643 3215 3698 etiam
3267 3655 3492 3714 propter

1899 3738 2079 3807 ipsum
2101 3747 2346 3798 venerat,
2377 3746 2434 3791 et
2463 3745 2654 3790 sanata
2679 3737 2882 3806 gratias
2907 3737 3038 3809 agit.
3069 3737 3196 3792 Ideo
3228 3739 3494 3793 velociter

1895 3845 2016 3884 eam
2079 3831 2327 3896 curavit;
2389 3830 2557 3884 verbo
2604 3830 2851 3898 quidem,
2906 3839 2966 3883 ut
3008 3830 3177 3895 Deus,
3227 3846 3492 3884 manuum

1899 3939 2028 3977 vero
2063 3923 2436 3992 impositione,
2478 3931 2736 3992 tanquam
2768 3923 2954 3977 homo.

1971 4015 2268 4086 Figurabat
2299 4017 2415 4070 lure
2453 4015 2652 4070 mulier
2696 4029 3049 4070 communem
3092 4017 3491 4072 humanitatem

1906 4107 2126 4162 Satanae
2157 4108 2459 4163 insultibus
2493 4108 2858 4173 debilitatam,
2905 4119 2958 4163 et
2994 4109 3064 4163 ab
3100 4109 3394 4165 aﬂectibus
3435 4113 3490 4165 in

1901 4213 2104 4257 terram
2131 4202 2472 4268 inclinatam,
2499 4219 2562 4257 ac
2594 4200 2747 4254 humi
2772 4202 2838 4256 ad
2866 4213 3082 4256 terrena
3114 4213 3488 4258 contractam:

1897 4311 1999 4349 nec
2031 4295 2258 4349 omnino
2291 4304 2572 4363 potentem
2606 4295 2670 4348 ad
2706 4294 2976 4361 celestia,
3004 4295 3187 4351 divina
3219 4311 3282 4350 ac
3327 4297 3490 4351 intel-

1899 4388 2124 4457 ligibilia
2183 4396 2350 4455 caput
2407 4403 2625 4441 sursum
2675 4387 2904 4458 erigere,
2946 4388 3104 4458 cujus
3156 4389 3228 4443 ita
3291 4390 3493 4444 misere

1900 4478 2155 4535 habentis
2208 4481 2467 4534 misertus
2519 4490 2622 4545 est,
2677 4480 2772 4550 qui
2825 4495 2945 4534 eam
3002 4479 3334 4535 formaverat
3380 4499 3393 4535 :
3437 4493 3493 4536 et

187 4561 419 4613 ἐκάλεσε
455 4564 592 4630 πρὸς
623 4562 818 4615 ἑαυτὸν
853 4562 944 4616 διὰ
969 4562 1065 4616 τοῦ
1091 4564 1454 4632 Εὐαγγελίου,
1487 4567 1579 4619 καὶ
1605 4566 1786 4636 ἀνώρ-

1900 4590 1998 4643 per
2030 4574 2388 4643 Evangelium
2420 4575 2487 4628 ad
2524 4589 2582 4628 se
2619 4574 2833 4629 vocavit
2874 4590 2938 4629 ac
2970 4576 3171 4639 erexit,
3216 4586 3275 4629 ut
3324 4579 3488 4643 viam,

187 4652 364 4705 Θωσεν
393 4655 474 4716 είς
506 4654 568 4706 τὸ
592 4654 922 4725 εὐθυπορεῖν
958 4655 1058 4727 τὴν
1102 4658 1239 4728 πρὸς
1278 4659 1512 4726 οὐρανὸν
1560 4660 1797 4728 ἀνάγου-

186 4765 287 4800 σαν
327 4747 466 4801 ὁδόν.

263 4841 640 4910 Ἀποκριθεὶς
667 4872 737 4882 —
770 4843 1099 4900 Σαὸϐἁτου.
1127 4845 1269 4917 Πρὸς
1303 4845 1396 4898 τὸν
1425 4847 1665 4918 Χριστὸν
1692 4849 1785 4902 οὐ-

183 4932 273 4986 δὶν
305 4928 481 4999 εἶπεν,
508 4933 909 5005 εὐλαϐούμενος
933 4937 1030 5007 τὴν
1087 4938 1542 5010 ὑπερϐάλλουσαν
1579 4941 1782 5013 ἀρετὴν

181 5024 376 5079 αὐτοῦ.

269 5116 588 5188 Ἀπεκρίθη
619 5152 688 5162 -—
716 5121 1064 5187 Σαϐϐάτους
1110 5122 1448 5194 ’Υποκριτὰς
1487 5123 1600 5195 (58)
1634 5124 1773 5177 ὠνό-

1895 4683 2016 4737 quae
2049 4667 2100 4721 in
2134 4669 2334 4722 CLI'IUIII
2367 4667 2539 4732 ducit,
2571 4679 2720 4723 recta
2753 4669 3038 4722 transiret.

1969 4847 2118 4903 Vers.
2176 4850 2260 4904 Η.
2323 4850 2659 4920 Respondeas
2718 4881 2788 4890 ——
2820 4849 3068 4905 Sabbati.
3106 4851 3326 4906 Christo
3354 4852 3487 4907 nihil

1890 4942 2046 5008 dixit,
2089 4945 2292 4999 veritus
2317 4947 2573 5000 eximiam
2605 4947 2726 5018 ejus
2761 4948 3043 5001 virtutem.

1954 5126 2109 5181 Vcrs.
2181 5128 2272 5182 15.
2334 5127 2621 5198 Respondit
2687 5161 2757 5171 —
2820 5128 2976 5184 νει-ε.
3059 5127 3145 5183 16.
3223 5127 3490 5196 Sabbati}

1469 5265 1679 5326 Variae
1718 5263 2031 5328 lectiones
2065 5275 2124 5328 et
2161 5273 2350 5330 notas.

259 5406 372 5474 (37)
407 5404 563 5460 lIunc
590 5406 770 5477 ipsum
806 5405 986 5460 locum
1036 5407 1260 5476 respicit
1313 5405 1610 5474 Gregorius
1661 5407 1770 5463 Na-

183 5479 650 5579 zi‘arizenuls,'qui
702 5492 826 5530 cum
887 5479 1172 5579 codicib‘us
1236 5477 1558 5579 melioribus
1621 5480 1769 5579 legi‘t,

183 5566 213 5579 υ
256 5564 386 5579 ..λυ-
492 5565 516 5579 η
545 5558 610 5579 ιηι
644 5560 822 5579 ninam
884 5565 1006 5579 ιιι-ρο..
1040 5567 1080 5579 ,ι-
1125 5550 1202 5579 εἳ..
1255 5566 1285 5579 υ
1328 5567 1456 5579 ..ι-...-
1545 5567 1576 5579 η
1699 5552 1746 5579 εξ

181 5552 411 5620 κόπρια.
441 5549 614 5620 Habet
642 5560 822 5620 autem
884 5547 1202 5620 περιϐαλεῖν
1255 5548 1479 5618 κόπρια.
1545 5567 1599 5620 p.
1646 5547 1772 5614 156,

178 5620 329 5674 med.
366 5618 566 5674 lterum
598 5619 743 5672 hunc
780 5618 959 5671 locum
1000 5619 1274 5689 attingens
1300 5659 1313 5681 ,
1352 5618 1556 5675 eodem
1584 5624 1746 5676 modo

1881 5410 2071 5466 refert.
2099 5413 2206 5468 259
2243 5411 2337 5467 ﬁn.
2373 5411 2511 5467 Ltor
2535 5423 2716 5466 autem
2751 5413 2999 5467 editione
3027 5411 3274 5483 Gregorii
3322 5411 3485 5469 Basil.

1885 5481 2025 5535 1550
2064 5497 2227 5535 unam
2250 5484 2525 5535 ouondam
2551 5484 2766 5535 invenis
2803 5493 3188 5535 tractaverant.

2064 5497 2227 5552 qnam
2250 5484 2525 5552 quondam
2546 5484 2766 5550 juvenis
2803 5493 3188 5539 tractaverant.

1955 5553 2068 5624 (38)
2102 5552 2314 5608 Etenim
2349 5554 2403 5608 in
2438 5564 2581 5608 textu
2621 5555 2829 5610 habent
2860 5555 3178 5624 ὑποκριταξ,
3210 5571 3318 5610 non
3348 5553 3484 5610 ὑπο-

1857 5621 2043 5679 κοιτά.

253 5773 511 5857 (n)_l_nter
540 5791 649 5827 eos.
682 5772 924 5857 Yidetue
951 5775 1254 5857 invenisse.
1276 5779 1355 5857 _év
1386 5777 1590 5841 αὐτοῖς.
1650 5776 1786 5833 Male

1900 5779 1938 5835 Iv
1984 5781 2200 5849 αὐταῖς,
2239 5784 2421 5852 idest,
2471 5787 2589 5849 ταῖς
2640 5786 2787 5856 τρισὶ
2839 5783 3174 5848 πολιτείαις.
3232 5785 3371 5857 Ergo
3427 5782 3480 5838 in

184 5845 319 5900 istis.
348 5847 467 5900 Mox
494 5857 620 5898 ante
648 5847 807 5898 etiam
859 5845 1162 5900 addiderim
1198 5851 1345 5918 quin.

517 5940 785 6002 I’ATRGL.
831 5942 947 6003 Gn.
982 5942 1254 6004 CXXIX.

3087 5951 3164 6011 32
