4070 6398
617 413 752 489 1007

1844 400 2229 466 EUTIIYMII
2273 399 2635 461 ZIGABENI

3762 393 3892 460 1008

613 534 906 598 meridies;
988 527 1296 586 accubitum
1374 529 1558 578 autem
1617 518 1755 576 dicit
1819 519 2066 590 requiem
2128 530 2193 570 ac

2322 515 2495 580 νότου,
2533 515 2596 568 τὸ
2660 509 3064 585 μεσημϐρινόν.
3123 506 3442 564 ’Δνάκλισιν
3498 505 3560 561 δέ
3591 505 3747 576 λέγει
3799 507 3896 576 τὴν

616 629 963 686 lruitionem.

693 723 845 775 Vers.
876 719 965 774 50.
1007 714 1072 768 Et
1102 728 1220 767 ecce
1267 742 1334 756 -ρ
1366 709 1546 780 primi.
1582 704 1797 761 Fideles
1820 711 1884 759 ex
1914 701 2192 774 gentibus,

614 815 709 886 qui
749 827 895 869 nunc
933 807 1151 880 quidem
1203 803 1466 877 postremi
1525 799 1802 864 videmur,
1862 802 2052 864 utpote
2099 792 2194 862 qui

609 910 812 965 Filium
838 907 1214 976 agnoverunt;
1243 905 1406 955 erunt
1436 906 1619 950 autem
1657 903 1786 947 tunc
1814 888 1998 960 primi,
2026 901 2196 956 prop-

613 1014 701 1059 ter
737 1000 1006 1055 sinceram
1044 1007 1235 1048 eorum
1273 989 1454 1043 (idem.

702 1092 853 1146 Vers.
893 1088 981 1143 30.
1015 1085 1078 1140 Et
1131 1113 1199 1124 --
1240 1078 1514 1152 postremi.
1548 1073 1804 1131 [nﬁdeles
1834 1070 2008 1128 Judaei
2046 1082 2196 1124 nunc

617 1184 840 1256 quidem
875 1181 1039 1251 primi
1092 1175 1368 1237 videntur,
1419 1178 1609 1240 utpote
1671 1165 1765 1256 qui
1795 1163 1958 1256 primi
2021 1159 2194 1215 Deum

615 1253 994 1348 agnoverunt;
1032 1282 1156 1322 nam
1196 1264 1368 1318 Filius
1396 1277 1542 1316 meus
1573 1254 1792 1330 (inquit)
1820 1253 2199 1327 primogenitae

615 1365 791 1421 Israel
817 1364 837 1395 ⁶
874 1381 886 1414 :
913 1371 1042 1416 tunc
1072 1368 1256 1414 autem
1279 1351 1540 1426 postremi
1571 1356 1735 1406 erunt
1769 1355 1990 1418 propter
2005 1358 2198 1401 eorum

617 1457 1022 1513 inﬁdelitatem.

687 1548 1011 1619 lntelligitur
1055 1553 1238 1599 autem
1269 1554 1451 1595 sermo
1485 1545 1541 1592 et
1573 1537 1640 1591 de
1683 1533 1961 1595 ﬁdelibus,
2012 1531 2107 1601 qui
2142 1529 2198 1583 in

617 1641 874 1716 prtesenti
909 1639 1018 1693 vita
1049 1650 1171 1691 esse
1202 1632 1460 1688 videntur
1496 1625 1782 1699 postremi,
1821 1631 1984 1676 erunt
2017 1629 2200 1674 autem

619 1714 776 1806 primi
807 1732 862 1786 in
890 1729 1074 1784 futuro
1097 1725 1319 1789 szeeulo,
1353 1731 1409 1779 et
1445 1733 1662 1776 rursum
1695 1731 1727 1773 e
1755 1714 2060 1771 contrario.

615 1850 775 1907 LAP.
845 1847 934 1902 LI.
1023 1844 1102 1898 De
1159 1835 1770 1931 his-quil-suffiebant,
1833 1841 1889 1884 ut
1944 1828 2201 1883 secederet
2237 1872 2280 1931 Β

1117 1907 1330 1983 propter
1361 1907 1646 1961 Herodem.

685 2011 855 2066 Yers.
894 2008 984 2063 3i.
1048 2003 1249 2058 Eodem
1274 2003 1359 2055 die
1387 2028 1454 2038 —
1490 1997 1746 2052 occidere.
1802 1993 2028 2057 Audito,
2060 1989 2203 2060 quod

623 2107 886 2180 cjiciendl
950 2111 1142 2161 essent
1172 2088 1341 2161 foras,
1371 2095 1626 2167 quodque
1657 2091 1826 2147 futuri
1861 2095 2048 2144 essent
2103 2099 2202 2156 po—

624 2177 843 2267 stremi,
881 2193 1098 2254 accensi
1123 2199 1253 2248 sunt
1279 2191 1391 2254 ira;
1433 2195 1489 2242 et
1510 2184 1766 2241 simulata
1811 2177 2203 2236 benevolentia

627 2295 860 2352 suadent
898 2289 976 2345 illi
1005 2297 1068 2343 ut
1102 2293 1262 2341 exeat
1283 2297 1347 2336 ac
1383 2279 1648 2336 secedat:
1685 2275 1790 2330 hoc
1819 2275 2039 2343 quidem
2074 2286 2211 2340 prae-

624 2395 803 2453 textu,
835 2397 905 2438 ne
933 2381 1002 2436 ad
1052 2376 1267 2433 Herode
1300 2371 1606 2430 occidatur,
1641 2367 1695 2422 in
1743 2365 1976 2420 veritate
2000 2369 2208 2422 autem,

625 2495 696 2534 ne
731 2487 969 2548 praesens
999 2486 1060 2526 ac
1089 2465 1352 2524 miracula
1378 2462 1568 2526 edens,
1595 2456 1933 2530 gloriﬁcetur
1953 2461 2010 2508 et
2035 2461 2209 2508 attra-

628 2573 726 2627 hat
790 2567 1028 2622 turbam.

698 2659 858 2717 ἵει-ε.
901 2657 991 2712 52.
1035 2653 1104 2708 Et
1131 2653 1207 2706 ait
1257 2679 1328 2689 —
1377 2659 1738 2700 consummor.
1767 2638 1997 2710 Cognita
2021 2648 2212 2690 eorum

632 2754 898 2817 versutia,
950 2749 1250 2805 clementer
1301 2757 1366 2797 ac
1419 2741 1556 2794 scite
1608 2733 1927 2806 respondet,
1971 2731 2210 2785 dicens:

626 2847 738 2913 Jte,
789 2855 836 2900 et
869 2844 1027 2898 dicite
1064 2838 1209 2905 vulpi
1238 2836 1341 2903 illi,
1404 2833 1510 2886 hoc
1551 2838 1655 2891 est,
1699 2827 1825 2881 dolo
1881 2833 2214 2891 morumque

631 2939 958 3003 dillleultuti,
990 2948 1112 3005 qua:
1147 2932 1202 2985 in
1235 2927 1389 2984 vobis
1420 2933 1528 2980 est.
1575 2922 1902 2990 Quanquam
1939 2917 2088 2972 enim
2126 2915 2218 2967 hic

631 3046 814 3086 sermo
849 3023 1052 3080 llerodi
1081 3020 1299 3075 videtur
1325 3015 1586 3080 attribui,
1633 3013 1701 3067 ad
1728 3012 1874 3081 ipsos
1910 3019 2094 3062 tamen
2129 3021 2218 3060 re-

632 3123 814 3195 spicit.
881 3117 1055 3173 Hodie
1114 3127 1244 3167 vero
1301 3118 1357 3163 et
1417 3125 1570 3174 cras,
1627 3108 1727 3160 etsi
1771 3109 2218 3158 enumeratorum

2299 608 2639 671 ἀνάπαυσιν,
2675 606 2777 677 τὴν
2807 604 3139 658 ἀπόλαυσιν.

2370 699 2479 755 Kal
2505 697 2635 752 ιδοὺ
2656 728 2728 737 -
2747 695 2990 766 πρῶτοι.
3009 698 3073 751 Ol
3090 694 3152 761 ἐξ
3174 695 3344 749 ἐθνῶν
3369 695 3580 760 πιστοὶ,
3601 693 3654 747 οἶ
3676 692 3898 747 δοκοῦσι

2302 793 2402 863 μὲν
2441 792 2661 862 ἔσχατοι
2694 789 2904 856 νῦννῶς
2940 789 3165 860 ισχατοι
3205 789 3300 842 τὸν
3348 789 3483 843 Υἱδν
3514 788 3895 858 -ἐπιγνόντεςο

2301 883 2517 937 ἐσονται
2573 883 2629 936 δέ
2689 882 2899 952 πρῶτοι
2946 884 3095 950 τότε,
3126 882 3214 936 διὰ
3246 880 3346 953 τὴν
3384 881 3662 952 εἰλικρινῆ
3714 879 3902 933 πίστιν

2302 977 2504 1032 αὐτῶν.

2372 1071 2487 1126 Kal
2515 1072 2635 1125 εισι
2657 1100 2728 1110 -
2762 1071 3035 1138 ἔσχατοι.
3069 1071 3135 1123 οι
3182 1068 3406 1123 ἄπιστοι
3443 1065 3715 1135 Ἰουδαῖοι,
3738 1067 3905 1120 01%-

2302 1162 2459 1217 κοῦσι
2502 1162 2603 1233 μέν
2655 1161 2867 1233 πρῶτοι
2905 1160 3023 1228 νῦν,
3055 1159 3133 1225 ὡς
3176 1159 3390 1231 πρῶτοι
3442 1158 3536 1213 τὸν
3588 1159 3724 1214 Θεὸν
3784 1161 3905 1210 ἐπι-

2303 1257 2544 1324 γνόντες.
2575 1254 2709 1321 nec
2723 1253 2855 1323 γὰρ,
2883 1253 3042 1324 φησι,
3069 1253 3448 1322 πρωτότοκος
3461 1269 3583 1320 μου
3609 1250 3869 1320 Ἰσραήλ
3887 1264 3900 1278 '

2305 1348 2524 1402 ἔσονται
2556 1347 2612 1400 δέ
2648 1347 2870 1417 ἔσχατοι
2902 1347 3051 1413 τότε,
3077 1347 3168 1400 διά
3221 1346 3324 1419 τὴν
3377 1345 3647 1401 ἀπιστίαν
3695 1345 3903 1399 αὐτῶν.

2377 1519 2602 1572 Νοεῖται
2631 1521 2659 1572 ὁ
2683 1519 2844 1588 λογος
2866 1518 2976 1575 καὶ
3016 1504 3147 1589 περὶ
3172 1517 3281 1571 τῶν
3307 1516 3667 1582 πιστῶν,τῶν
3686 1516 3910 1568 δοκούν-

2305 1630 2414 1666 των
2447 1613 2548 1683 μέν
2576 1606 2717 1666 εἶναι
2742 1611 2990 1683 ἐσχάτων
3018 1613 3077 1676 ἐν
3101 1610 3178 1681 τῷ
3203 1610 3435 1682 παρόντι
3465 1607 3594 1678 βίῳ’
3620 1609 3905 1678 ἐσομένων

2307 1705 2362 1758 δέ
2396 1703 2632 1776 πρώτων
2663 1706 2723 1758 ἐν
2746 1703 2826 1776 τῷ
2863 1704 3118 1776 μέλλοντι
3146 1703 3332 1768 αἰῶνι,
3359 1697 3630 1765 καὶαῦθις
3648 1699 3904 1764 ἐναλλᾶξ.

2309 1821 2468 1876 ΚΕΦ.
2494 1817 2626 1874 ΝΔ’.
2691 1819 2831 1888 Περὶ
2901 1819 3023 1874 τῶν
3080 1820 3380 1873 ειπόντων
3409 1817 3490 1884 τῷ
3557 1817 3758 1885 Ἰησοῦ
3813 1819 3911 1872 διὰ

2951 1888 3242 1959 Ἡρώδην.

2377 1982 2485 2040 Ἐν
2514 1983 2671 2053 αὐτῇ
2699 1981 2774 2052 τῇ
2799 1984 2988 2053 ἡμέρᾳ
3014 2011 3078 2025 —-
3102 1982 3481 2038 ἀποκτεῖναι.
3521 1982 3910 2045 ’Δκούσαντις,

2309 2077 2392 2130 ὅτι
2423 2075 2858 2147 ἐκϐληθήσονται
2889 2074 3017 2139 ἔξω,
3040 2076 3134 2129 καὶ
3153 2077 3235 2129 ὅτι
3262 2076 3483 2130 ἔσονται
3507 2075 3752 2145 ἔσχατοι,
3775 2075 3912 2146 ivi}.

2313 2169 2529 2237 φθησαν
2558 2169 2640 2230 είς
2677 2166 2874 2238 ὀργὴν,
2895 2169 2988 2220 καὶ
3021 2168 3464 2240 ὑποκρινάμενοι
3497 2167 3740 2232 εὔνοιαν,
3771 2184 3914 2236 συμ-

2312 2257 2662 2312 ϐουλεύουσιν
2694 2258 2845 2328 αὐτῷ
2899 2258 3138 2323 ἐξελθεῖν
3193 2259 3289 2313 καὶ
3343 2262 3742 2332 ἀναχωρῆσαιο
3778 2276 3912 2329 προ-

2314 2351 2479 2422 φάσει
2517 2350 2639 2420 μέν,
2681 2350 2768 2403 ἴνα
2830 2351 2907 2422 μὴ
2946 2351 3052 2405 ὑπὸ
3115 2351 3360 2423 Ἡρώδου
3420 2354 3686 2426 ἀναιρεθῇ
3715 2370 3728 2384 ·
3762 2357 3832 2424 τῇ
3869 2353 3912 2407 δ’

2313 2439 2570 2512 ἀληθεία,
2623 2440 2710 2493 ἴνα
2766 2442 2843 2512 μὴ
2887 2441 3081 2513 παρὼν
3118 2444 3216 2498 καὶ
3249 2443 3510 2516 θαύματα
3548 2446 3744 2510 ποιῶν,
3771 2445 3912 2510 δοξά-

2317 2534 2605 2605 ζηταιςκαὶ
2650 2533 2897 2607 ἐφελκύῃ
2940 2536 3033 2589 τὸν
3064 2537 3248 2606 ὄχλον.

2389 2627 2500 2682 Καὶ
2521 2627 2694 2682 εἶπεν
2725 2658 2796 2670 —-
2821 2627 3180 2696 τελειοῦμαι.
3220 2630 3391 2695 Γνοὺς
3423 2619 3526 2703 τὴν
3565 2635 3912 2706 πανουργίαν

2317 2723 2523 2788 αὐτῶν,
2559 2722 2905 2789 ἀνεξικάκως
2933 2723 3029 2776 καὶ
3056 2725 3276 2792 εὐφυῶς
3307 2727 3676 2796 ἀποκρίνεται
3709 2727 3910 2797 λέγων’

2319 2815 2722 2886 Πορευθέντες
2746 2816 2953 2870 ειπατε
2988 2815 3064 2884 τῇ
3094 2816 3364 2872 ἀλώπεκι
3393 2820 3604 2891 ταύτῃ,
3639 2822 3912 2885 τουτέστι,

2319 2913 2386 2982 τῇ
2417 2911 2710 2982 δολιότητι,
2754 2914 2820 2981 τῇ
2873 2911 3187 2984 δυστροπίᾳ
3240 2916 3307 2984 τῇ
3339 2916 3398 2967 ἐν
3457 2915 3592 2986 ὑμῖν
3618 2932 3634 2947 ο
3669 2917 3916 2969 τοιοῦτον

2323 3002 2435 3073 γὰρ
2469 3003 2502 3073 η
2531 3001 2782 3073 ἀλώπηξ.
2815 3002 2876 3056 Ei
2907 3004 3019 3074 γὰρ
3072 3005 3171 3058 καὶ
3229 3004 3344 3076 (49)
3397 3007 3532 3078 πρὸς
3577 3007 3833 3081 Ἡρώδην
3888 3013 3914 3063 ὀ

2323 3098 2483 3167 λόγος
2519 3097 2891 3152 ἀποτετᾶσθαι
2918 3097 3088 3163 δοκεῖ,
3121 3099 3261 3153 ἀλλά
3295 3115 3360 3168 γε
3391 3101 3530 3173 πρὸς
3562 3101 3767 3167 αὐτοὺς
3793 3106 3911 3175 ὁρᾷ·

633 3188 846 3270 dierum
908 3206 1266 3281 signiﬁcativa
1321 3210 1612 3272 apparent,
1665 3208 1909 3253 attamen
1957 3192 2213 3264 temporis

2323 3189 2398 3242 Τὸ
2423 3188 2784 3281 δέσήμερον
2834 3188 2933 3242 καὶ
2980 3189 3214 3257 αὔριον,
3258 3195 3308 3246 εί
3365 3194 3460 3245 καὶ
3519 3194 3914 3266 ὴριθμημένων

633 3306 946 3378 signiﬁcant
1005 3300 1353 3356 brevitatem.
1421 3294 1674 3349 Solemus
1757 3291 1928 3354 enim,
1995 3285 2215 3358 quando

633 3398 911 3456 modicum
942 3405 1159 3464 tempus
1185 3390 1427 3444 iudicare
1451 3386 1723 3448 volumus,
1742 3383 1896 3436 hodie
1913 3389 1962 3434 et
1991 3395 2110 3433 cras
2131 3378 2218 3432 di-

632 3507 775 3548 cere.
805 3487 1068 3544 Similiter
1084 3485 1269 3548 etiam,
1295 3480 1438 3552 quod
1465 3479 1597 3534 dicit
1631 3495 1643 3532 :
1671 3476 1713 3531 Τ
1717 3475 1848 3530 ertio
1873 3474 1954 3527 die
1973 3486 2217 3526 consum-

633 3597 770 3644 mor,
807 3579 1012 3634 iudicat
1043 3589 1103 3630 se
1141 3589 1249 3629 non
1294 3571 1469 3628 multo
1501 3576 1626 3642 post
1676 3566 2028 3622 moriturum.
2088 3561 2214 3616 llam

629 3677 815 3722 autem
846 3665 1005 3730 dixit,
1039 3671 1098 3718 ut
1133 3663 1268 3716 iram
1297 3675 1360 3716 ac
1391 3658 1654 3714 invidiam
1690 3671 1881 3712 eorum
1909 3653 2212 3720 mitigaret.

709 3940 869 3997 Vers.
901 3939 992 3996 53.
1035 3936 1237 3991 Tamen
1284 3965 1352 3976 —
1400 3934 1703 3988 ambulare.
1762 3930 1999 3998 Quidam
2059 3930 2216 3986 aiunt

635 4032 788 4090 nodie
814 4040 863 4086 et
901 4045 1020 4084 cras
1055 4042 1179 4084 eum
1233 4026 1416 4081 dicere
1461 4025 1528 4079 de
1553 4023 1747 4079 diebus
1801 4023 2001 4093 quibus
2052 4022 2219 4076 mira-

637 4123 756 4179 cula
785 4120 858 4176 ibi
883 4125 1002 4175 erat
1033 4117 1302 4180 editurus,
1341 4114 1560 4169 tertium
1598 4128 1730 4168 vero
1760 4129 1907 4177 eum,
1946 4112 2036 4182 qui
2097 4120 2219 4181 post

634 4219 740 4271 hos
777 4222 894 4269 erat
948 4213 1190 4275 futurus,
1223 4209 1278 4263 in
1319 4223 1428 4278 quo
1477 4207 1943 4262 eonsuunnandus
1972 4215 2108 4268 erat,
2155 4219 2220 4259 ac

638 4310 739 4362 iter
775 4305 1147 4374 Hierosolyma
1178 4295 1370 4358 versus
1401 4300 1785 4367 inchoaturus,
1815 4299 1954 4354 utin
2003 4313 2065 4352 ea
2101 4313 2220 4352 mo-

638 4407 874 4455 veretur.

711 4491 941 4560 Oportet
977 4505 1065 4544 me
1095 4488 1260 4543 hodie
1291 4496 1346 4544 et
1381 4501 1524 4552 cras,
1559 4487 1676 4541 sive
1707 4485 1922 4541 modico
1973 4494 2216 4554 tempore

639 4585 857 4655 operari
898 4597 1017 4652 qua:
1066 4582 1198 4648 dixi,
1260 4589 1315 4635 et
1365 4578 1622 4650 perendie
1671 4578 1973 4640 ambulare,
2005 4577 2058 4630 id
2111 4585 2217 4636 est.

639 4677 952 4747 insequenti
976 4675 1063 4729 die
1090 4674 1322 4728 transire
1349 4690 1380 4727 a
1409 4672 1518 4727 vita
1536 4671 1817 4742 praesenti,
1838 4671 1954 4725 sive
1977 4679 2222 4740 postmo-

639 4770 766 4824 dum
802 4768 974 4824 occidi
1005 4785 1034 4821 a
1071 4766 1244 4832 vobis,
1275 4765 1367 4835 qui
1433 4763 1821 4835 Hierosolymis
1857 4763 2222 4832 principatum

634 4862 864 4920 tenetis.

711 5047 866 5105 Vers.
899 5049 985 5103 55.
1007 5049 1144 5114 Quia
1164 5077 1229 5088 —
1253 5047 1653 5118 Hierosolymis.
1678 5047 1892 5102 lronice
1924 5047 2028 5102 hoc
2058 5047 2218 5113 dixit,

638 5141 938 5214 obiurgans
982 5140 1308 5206 Jerusalem,
1367 5151 1620 5210 tanquam
1676 5139 2069 5212 prepheturum
2126 5140 2224 5194 ho-

639 5237 916 5294 micidam.
945 5239 1037 5294 Est
1063 5251 1247 5293 autem
1277 5237 1585 5308 huiusmodi
1611 5238 1884 5294 sententia
1904 5240 2177 5293 sermonis
2203 5254 2217 5291 :

635 5327 775 5385 Cum
808 5344 894 5384 me
924 5330 1067 5383 dicat
1098 5330 1441 5399 prophetam,
1471 5328 1655 5398 utique
1685 5329 1934 5394 occidet;
1965 5329 2219 5399 impossi-

738 5506 767 5540 ⁴
790 5504 956 5560 Exod.
987 5518 1061 5566 tv,
1081 5501 1170 5557 Si”).

2246 4536 2298 4596 D

2323 3280 2547 3352 ἡμερῶν
2578 3281 2900 3351 σημαντικά
2933 3282 3253 3352 φαίνονται,
3307 3284 3425 3337 ἀλλ’
3472 3282 3569 3340 οὖν
3619 3291 3916 3358 συντομίαν

2323 3375 2518 3446 καιροῦ
2551 3373 2992 3445 παραδηλοῦσιν.
3030 3376 3326 3448 Είὼθαμεν
3363 3380 3497 3451 γὰρ,
3552 3383 3685 3435 ὅταν
3741 3383 3914 3450 ὀλίγον

2322 3467 2518 3538 καιρὸν
2544 3466 2789 3536 ἐμφῆναι
2817 3464 3090 3537 θέλωμεν,
3125 3470 3396 3539 σήμερον
3434 3473 3532 3526 ναι
3583 3475 3799 3543 αὔριον
3828 3478 3913 3529 λέ-

2322 3575 2461 3628 γειν.
2519 3558 2760 3628 ὐμοίως
2793 3559 2851 3613 δέ
2910 3561 3008 3614 καὶ
3039 3559 3102 3614 τδ
3132 3560 3204 3630 τῇ
3247 3565 3412 3634 τρίτῃ
3449 3567 3812 3638 τελειοῦμαι,
3859 3572 3915 3622 τὸ

2323 3651 2424 3704 οὐκ
2452 3652 2531 3714 είς
2555 3652 2780 3721 μακρὰν
2803 3650 3103 3708 ἀποθανεῖν
3124 3655 3288 3709 αὑτὸν
3314 3657 3710 3728 ὑποσημαίνει.
3734 3663 3915 3716 Ταῦτα

2323 3745 2380 3797 δὲ
2409 3739 2554 3810 εἷπε,
2585 3745 3094 3818 παραμυθούμενος
3122 3749 3223 3821 τὴν
3259 3751 3433 3823 ὀργῆν
3467 3754 3562 3808 καὶ
3592 3755 3685 3808 τὸν
3725 3757 3914 3825 φθόνον

2321 3836 2528 3893 αὐτῶν.

2395 3931 2572 4000 Πλὴν
2594 3963 2664 3977 -
2683 3933 3071 4001 πορεύεσθαι.
3105 3932 3292 4006 [Τινές
3321 3936 3438 4008 (50)
3456 3937 3513 3991 δέ
3537 3956 3696 4009 φασι,
3724 3941 3784 3994 τὸ
3805 3941 3913 4010 σήο

2319 4042 2506 4094 μερον
2538 4024 2638 4079 καὶ
2670 4027 2884 4094 αὔριον
2911 4026 3042 4096 περὶ
3071 4026 3166 4080 δύο
3208 4028 3441 4099 ἡμερῶν
3498 4030 3705 4098 λέγειν,
3739 4035 3796 4086 ἐν
3827 4028 3911 4093 αἷς

2325 4120 2442 4172 ἐκεί
2471 4117 2920 4190 θαυματουργεῖν
2959 4119 3162 4190 ἔμελλε
3187 4138 3202 4153 ο
3242 4122 3441 4194 τρίτην
3501 4123 3584 4189 δέ,
3645 4126 3748 4197 τὴν
3797 4125 3912 4198 μετ’

2324 4213 2520 4280 αὑτὰς,
2559 4214 2617 4266 ἐν
2749 4215 3116 4284 τελειωθῆναι
3153 4233 3343 4286 φησιν,
3401 4219 3608 4284 είτουν,
3647 4219 3908 4291 ἄρξασθαι

2321 4308 2421 4376 τῆς
2449 4307 2543 4360 ἐπὶ
2572 4307 2807 4362 θάνατον
2836 4310 3092 4380 πορείας,
3125 4312 3224 4364 καὶ
3287 4311 3532 4382 βαδίζειν
3560 4314 3658 4368 ἐπὶ
3710 4317 3778 4370 τὰ
3817 4317 3908 4370 Ἱε-

2327 4399 2650 4472 ροσόλυμα.]

2395 4494 2516 4564 Χρή
2552 4511 2619 4562 με
2658 4495 2902 4565 σήμερον
2937 4496 3030 4550 καὶ
3064 4495 3258 4566 αὔριον
3291 4499 3619 4570 ἐνεργῆσαι,
3650 4501 3689 4556 ἀ
3739 4496 3904 4570 εἷπον,

2325 4587 2512 4655 ἤγουν,
2553 4588 2643 4640 ἐπ’
2675 4588 2865 4658 ὀλίγον
2893 4591 3112 4662 καιρὸν,
3164 4595 3260 4646 καὶ
3301 4595 3369 4665 τῇ
3399 4594 3646 4667 ἐχομένῃ
3683 4599 3904 4665 πορεύε-

2326 4681 2474 4748 σθαι,
2503 4681 2705 4746 εῖτουν,
2738 4685 2803 4754 τῇ
2831 4685 3035 4756 ἐφεξῆς
3075 4684 3188 4758 (5i)
3231 4687 3419 4759 ἡμέρᾳ
3458 4690 3770 4761 μεταϐῆναι
3801 4695 3904 4748 ἀπὸ

2321 4775 2419 4844 τῆς
2452 4774 2734 4846 adpetierit;
2767 4775 2936 4847 ζωῆς,
2966 4779 3241 4842 τουτέστι,
3299 4784 3441 4851 μετὰ
3484 4783 3647 4838 τοῦτο
3701 4785 3901 4841 ἀποθα-

2321 4868 2458 4930 νεῖν,
2487 4865 2579 4935 ὑφ’
2614 4865 2768 4937 ὑμῶν
2803 4867 3050 4938 δηλονότι
3080 4871 3190 4924 τῶν
3213 4873 3271 4924 ἐν
3322 4872 3687 4948 Ἰερουσαλὴμ
3714 4879 3902 4947 ἀρχόν-

2319 4975 2448 5013 των.

2397 5055 2528 5108 νοτ,
2575 5085 2642 5097 __
2710 5057 3126 5131 Ἰερουσαλήμ,
3179 5061 3502 5133 Είρωνικῶς
3552 5068 3712 5122 τοῦτο
3765 5065 3895 5133 εἶπεν

2319 5144 2593 5216 διασύρων
2647 5147 2749 5218 τὴν
2811 5149 3196 5223 Ἰερουσαλὴμ,
3274 5153 3352 5218 ὡς
3441 5160 3890 5229 προφητοκτόνον.

2324 5238 2480 5290 Ἔστι
2509 5238 2567 5292 δὲ
2597 5240 2624 5290 ό
2656 5239 2781 5305 νοῦς
2810 5240 2904 5294 τοῦ
2941 5242 3102 5312 λόγου
3137 5232 3387 5311 τοιοῦτος
3416 5265 3431 5278 ο
3466 5249 3552 5303 ὅτι
3596 5250 3748 5305 Ἐπεὶ
3771 5268 3893 5322 προς

2321 5332 2500 5400 φήτην
2533 5348 2601 5402 με
2630 5333 2802 5400 λέγει,
2844 5335 3066 5400 πάντως
3089 5337 3394 5394 ἀποκτενεῖ
3422 5357 3519 5413 με.
3561 5341 3893 5399 ’Δνίνδεκτον

1833 5624 2039 5688 νει-ξω
2077 5624 2387 5689 lectiones
2421 5634 2481 5688 et
2519 5635 2707 5690 notae.

707 5817 817 5888 (ὅθ)
850 5815 951 5888 Καί
987 5817 1162 5876 abest.
1209 5821 1275 5874 A.

710 5886 821 5955 (50)
851 5886 979 5943 Hice
1012 5889 1066 5943 in
1092 5899 1352 5946 contequ
1383 5893 1541 5949 habet
1592 5893 1654 5965 Β,
1687 5906 1811 5966 post
1855 5895 2050 5968 φθόνον
2111 5899 2213 5951 αὐ-

2319 5823 2667 5904 τῶν-.-δρᾴᾔΑ
2707 5828 2760 5904 in
2801 5832 3045 5904 margine
3076 5835 3318 5892 exhibet.

2399 5899 2510 5970 (5i)
2570 5901 2902 5968 Πορεύεσθαι
2923 5899 3020 5962 llic
3058 5907 3253 5978 repetit
3276 5909 3343 5963 Δ.
