4070 6406
194 389 358 455 1509

187 504 345 574 γὰρ.
381 503 504 573 ήτοι
534 501 834 574 ἀσύνηθες,

190 598 407 663 αὐτῆς.

295 685 704 758 Ἰερουσαλὴμ
736 722 804 732 ——
833 692 1198 762 ἠθελήσατε.
1233 694 1420 749 Ταῦτα
1451 698 1546 751 καὶ
1591 699 1618 750 6
1658 701 1812 753 Ματ-

192 777 366 842 θαῖος
394 779 718 851 ἀνέγραψεν
750 784 810 836 ἐν
839 784 915 855 τῷ
942 788 1301 859 πεντηκοστῷ
1325 787 1473 860 ἕκτῳ
1502 791 1808 860 κεφαλαίῳ,

190 874 307 923 καὶ
336 871 615 940 ἀνάγνωθι
651 877 709 927 ἐν
747 878 948 946 ἐκείνῳ
975 877 1078 946 τὴν
1123 878 1390 950 ἐξήγησιν
1425 881 1632 936 αὐτῶν.
1669 881 1808 936 Noa-

196 966 339 1020 σιάν
366 967 426 1022 δὲ
461 969 558 1024 νῦν
580 971 734 1038 λέγει
781 971 845 1024 τὸ
866 972 1077 1043 πλῆθος
1111 973 1220 1027 τῶν
1260 975 1524 1032 νεοσσῶν.

297 1059 456 1114 Ἰδοὺ
486 1091 556 1101 -
585 1061 772 1132 ὑμῶν.
800 1063 1076 1136 Ἔρημός,
1118 1066 1385 1137 δηλονότι,
1416 1066 1607 1130 καθὼς
1641 1085 1812 1138 προσ-

197 1158 419 1227 έθηκεν
462 1157 492 1208 6
525 1156 828 1221 Ματθαῐος.
869 1158 982 1212 Καὶ
1013 1158 1175 1213 τοῦτο
1207 1159 1265 1213 δὲ
1309 1159 1371 1213 τὸ
1404 1159 1573 1230 ῥητὸν
1610 1160 1811 1230 ἑφεξῆς

199 1250 336 1304 ἐκεῖ
365 1249 793 1319 διηρμήνευται.

280 1341 452 1410 Λέγω
486 1372 555 1386 -ν
585 1344 832 1410 Κυρίου.
868 1343 1016 1407 Ἕως
1041 1343 1108 1397 ἂν
1131 1344 1237 1416 λήξῃ
1273 1346 1302 1397 6
1338 1344 1555 1413 καιρὸς,
1611 1344 1699 1398 ὅτε
1731 1343 1809 1397 είς

201 1452 356 1504 πητε
389 1435 527 1489 τόδε.
585 1436 695 1489 Καὶ
729 1435 943 1491 τούτων
991 1437 1050 1492 δὲ
1101 1438 1325 1492 πάντων
1381 1436 1699 1500 ἀκολούθως
1751 1437 1810 1490 ὲν

201 1527 412 1598 ἐκείνῳ
443 1527 520 1598 τῷ
551 1529 840 1599 κεφαλαίῳ
872 1530 972 1602 τὴν
1013 1532 1317 1602 ἑρμηνείαν
1352 1530 1633 1602 εὑρήσεις.

501 1739 661 1794 ΚΕΦ.
693 1740 739 1793 Ν
751 1737 822 1794 Β’.
849 1742 990 1809 Περὶ
1020 1741 1127 1795 τοῦ
1159 1740 1524 1808 ὑδρωπικοῦ.

1186 399 1577 465 (ὈΜΜΕΝΤ.
1621 404 1701 464 IN
1740 406 2020 468 LUCAM'.
2055 435 2122 447 —
2163 411 2324 471 CAP.
2364 408 2520 473 XIV.

903 510 1190 580 προφήτην
1247 511 1614 583 ἀναιρεθῆναι
1649 513 1808 576 ἐκτὸς

1921 519 2022 576 bile
2067 521 2216 576 enim
2267 531 2374 588 est,
2427 521 2542 577 sive
2595 521 2899 589 insuetum,
2943 533 3002 579 ut
3057 524 3321 596 propheta
3369 528 3497 583 alibi

3361 413 3498 480 1010

1910 615 2218 678 occidatur,
2246 628 2411 681 quam
2440 614 2495 668 in
2522 631 2610 669 ea.

1987 710 2142 766 Vers.
2215 711 2306 766 54.
2364 710 2754 764 Jerttsalem—
2804 709 3068 764 noluistis.
3133 710 3262 766 Haec
3328 712 3497 766 etiam

1911 804 2130 874 scripsit
2179 801 2464 856 Mattlneus
2494 803 2948 876 quinquagesimo
2981 811 3138 858 sexto
3168 803 3351 874 capite
3383 821 3398 859 :
3441 813 3499 859 et

1911 897 1966 952 in
1998 911 2064 951 eo
2099 896 2217 966 lege
2263 896 2508 965 ipsorum
2569 896 2993 966 expositionem.
3053 893 3251 952 Nidum
3311 904 3498 952 autem

1912 1001 2072 1046 vocat
2101 990 2375 1059 pullczrum
2415 989 2843 1045 multitudinem.

1984 1084 2140 1140 Vers.
2181 1084 2271 1138 55.
2323 1081 2460 1137 Ecce
2489 1113 2558 1124 ——
2589 1092 2786 1138 vestra.
2828 1083 3056 1138 Deserta
3084 1080 3360 1146 videlicet,
3387 1079 3500 1136 sic-

1914 1188 1974 1233 ut
2027 1178 2237 1234 addidit
2285 1177 2580 1233 Mattliazus
2624 1179 2684 1244 ';
2755 1178 2848 1235 ubi
2905 1178 3069 1234 etiam
3123 1176 3232 1232 hoc
3292 1174 3499 1231 dictum

1912 1280 2315 1343 consequenter
2347 1271 2684 1327 declaratum
2724 1280 2828 1327 est.

1983 1361 2145 1419 Vers.
2217 1364 2307 1420 55.
2370 1365 2499 1418 Dico
2549 1365 2884 1418 —Domini.
2946 1363 3247 1433 Quousque
3319 1358 3504 1415 veniat

1915 1473 2154 1533 tempus,
2225 1478 2353 1518 cum
2409 1462 2514 1517 hoc
2570 1461 2843 1516 dixeritis.
2894 1461 3104 1516 Horum
3159 1468 3346 1513 autem
3381 1471 3502 1510 om-

1915 1557 2069 1610 nium
2125 1556 2178 1608 in
2219 1571 2285 1610 eo
2336 1556 2458 1610 loco
2523 1565 2927 1625 consequenter
2986 1549 3505 1624 interpretationem

1918 1665 2189 1705 ιιινθηιοε.

2333 1764 2488 1818 CAP.
2528 1765 2639 1819 ιιι.
2690 1765 2763 1818 De
2793 1761 3102 1834 Iiydmpico.

280 1831 394 1886 Kal
418 1831 659 1902 ἐγένετο
682 1864 750 1873 -
779 1835 987 1888 αὐτόν.
1021 1835 1133 1888 Καὶ
1164 1829 1701 1906 οὗτοςόφαρισαῖος,
1734 1834 1811 1897 ὡς

1987 1856 2122 1926 Cap.
2189 1854 2329 1911 XIV.
2391 1855 2548 1910 Vers.
2605 1855 2655 1914 1.
2696 1852 2761 1908 Et
2791 1829 2996 1923 factum
3031 1859 3107 1907 est
3161 1879 3225 1891 —
3268 1864 3410 1902 eum.
3443 1845 3502 1900 ΕΙ

205 1924 506 1994 προφήτην
545 1924 715 1978 αὐτὸν
772 1925 1039 1979 ἐκάλεσεν
1086 1928 1168 1990 εἰς
1212 1925 1483 1992 ἑστίασιν,
1537 1925 1812 1995 ὑπόληψιν

203 2015 310 2069 τοῦ
336 2015 782 2086 μὴ.βασκαίνειν
840 2017 1192 2087 θηρώμενος.
1247 2014 1435 2071 Ἦσαν
1480 2017 1590 2089 γὰρ
1623 2019 1717 2070 καὶ
1753 2019 1813 2069 ὲν

204 2111 330 2171 τοῖς
357 2108 681 2179 Φαρισαίοις
707 2108 855 2172 τινὲς
895 2109 953 2174 ἐξ
990 2111 1251 2180 ἡμισείας
1287 2112 1540 2181 πονηροὶ,
1579 2109 1812 2163 καὶτῶν

203 2201 394 2256 ἄλλων
425 2201 845 2275 διαφορώτεροι.
882 2203 1082 2256 Εἵπετο
1111 2202 1168 2255 δὲ
1192 2202 1221 2254 6
1260 2203 1520 2273 Χριστὸς,
1554 2202 1812 2272 ἀφορμὴν

205 2293 496 2347 κάνταῦθα
532 2293 806 2363 ὡς’)ελείας
833 2294 926 2348 τοῦ
948 2295 1255 2366 Φαρισαίου
1287 2296 1383 2348 καὶ
1413 2294 1526 2348 τῶν
1555 2295 1698 2348 κατὰ
1721 2295 1814 2349 τὸν

203 2380 369 2437 οἷκον
397 2386 566 2438 αὐτοῦ
601 2386 930 2456 ποιούμενος
967 2386 1067 2457 τὴν
1111 2387 1396 2440 ἑστίασιν
1430 2387 1480 2440 οἱ
1516 2387 1572 2439 δὲ
1629 2387 1814 2440 λοιποὶ

204 2478 505 2547 Φαρισαῖοι
537 2480 894 2550 παρετήρουν
921 2479 1109 2546 αὑτὸν,
1145 2479 1244 2533 ἐάν
1295 2497 1349 2533 τι
1405 2479 1615 2551 ποιήσῃ
1661 2479 1814 2548 παρὰ

207 2568 310 2622 τὸν
333 2570 500 2639 νόμον
538 2572 595 2622 ἐν
617 2570 696 2642 τῷ
725 2570 1010 2640 Σαϐϐάτῳ.

288 2751 403 2820 Kal
426 2750 554 2804 ίὸοῠ
579 2782 648 2793 -
674 2751 886 2807 αὐτοῦ.
909 2747 1019 2804 Ἦν
1043 2751 1355 2819 ἱστάμενος,
1381 2751 1478 2804 καὶ
1497 2751 1574 2822 μὴ
1598 2752 1814 2822 τολμῶν

215 2843 323 2914 μὲν
365 2842 602 2914 ζητῆσαι
633 2843 956 2913 θεραπείαν.
989 2843 1082 2898 διὰ
1111 2843 1172 2898 τὸ
1196 2843 1479 2898 Σάϐϐατον
1542 2844 1639 2900 καὶ
1686 2846 1814 2909 τοὺς

208 2937 553 3006 Φαρισαίους
576 2949 592 2965 ο
619 2935 950 3005 φαινόμενος
1005 2935 1062 2988 δὲ
1098 2937 1284 3006 μόνον,
1312 2935 1402 2989 ἵνα
1455 2936 1581 2990 ἰδὼν
1612 2937 1816 2990 οίκτειο

214 3029 367 3100 ρήσῃ
401 3026 596 3081 τοῦτον
638 3027 735 3098 ἀφ’
765 3027 988 3093 ἑαυτοῦ,
1041 3029 1138 3083 καὶ
1183 3027 1475 3100 ἀπαλλάξῃ
1517 3030 1610 3083 τοῦ
1637 3030 1816 3103 ὓδρω-

211 3137 342 3184 πος.

286 3212 499 3269 Kal—
539 3215 932 3282 Φαρισαίους.
996 3215 1146 3268 Ἐκεῖ
1202 3217 1298 3270 καὶ
1359 3216 1562 3280 αὐτοὺς
1613 3201 1890 3286 συγκε-(ἷ

214 3306 498 3377 κλημένου
510 3324 556 3370 ς.

289 3398 499 3468 Λέγων
524 3429 586 3439 -
613 3399 966 3467 ἡσύχασαν.
1023 3402 1134 3455 Καὶ
1184 3400 1378 3456 ἄλλοτε
1408 3402 1519 3475 γὰρ
1571 3403 1820 3458 τοιοῦτον

211 3491 598 3563 ἐρωτηθέντες
635 3493 1139 3564 ὲπεστομίσθησαν.
1190 3495 1328 3549 Οᾶδὲ
1375 3495 1486 3566 γὰρ
1541 3496 1818 3566 ἠδύναντο

211 3587 422 3654 λέγειν,
457 3585 540 3638 ὅτι
573 3583 850 3641 ἐκώλυσεν
887 3588 915 3639 6
952 3586 1120 3657 νόμος
1175 3587 1535 3657 ἀγαθοποιεῖν
1569 3591 1628 3642 ἐν
1675 3589 1820 3642 Σαϐι-

213 3681 391 3752 ϐάτῳ.

290 3771 405 3827 Kal
447 3803 517 3814 —
546 3773 884 3828 ἀπέλυσεν.
919 3803 990 3816 -
1032 3773 1517 3845 Ἐπιλαϐόμενος,
1553 3777 1677 3831 ἀντὶ
1697 3776 1816 3843 τοῦ,

216 3868 339 3937 ἁζαά
349 3885 512 3935 μενος
537 3868 726 3921 αὑτοῦ.

289 3961 399 4016 Kal
438 3960 786 4028 ἀποκριθεὶς
810 3990 884 4000 -
916 3962 1226 4016 Σαϐσὰτου
1253 3978 1273 4028 ;
1305 3961 1479 4016 Τοῦτο
1536 3962 1645 4035 γὰρ
1683 3962 1816 4016 ἐπέ·

209 4071 424 4128 τρεπεν
457 4057 485 4107 6
517 4055 703 4125 νόμος.
742 4054 803 4107 Εἰ
837 4052 895 4106 δὲ
917 4054 978 4107 τὸ
1000 4055 1200 4122 ἄλογον
1234 4054 1374 4119 ζῶον
1398 4056 1499 4108 οὐκ
1533 4055 1816 4110 ἐκώλυσεν

210 4152 474 4221 ἀνασπᾷν
504 4150 567 4202 ἐκ
590 4148 686 4201 τοῦ
725 4148 1003 4212 κινδύνου,
1032 4149 1217 4220 πολλῷ
1243 4149 1450 4217 μᾶλλον
1479 4148 1542 4202 τδ
1571 4150 1814 4218 λογικὸν,

211 4246 286 4298 δι’
317 4243 465 4297 ὃκαὶ
507 4244 567 4297 τ’)
594 4243 816 4312 ἄλογον.
859 4243 924 4296 Ὠ
961 4241 1124 4312 βάθος
1159 4243 1389 4312 σοφίαςί
1443 4242 1571 4300 Πῶς
1617 4243 1816 4313 διαφό-

218 4350 336 4407 ρως
367 4338 425 4389 ἐν
449 4335 717 4405 Σαϐὕάτῳ
746 4333 1123 4406 θεραπεύσας,
1165 4333 1464 4405 διαφόρους
1512 4334 1816 4404 ἀπολογίας

215 4428 392 4484 αὑτοῦ
427 4428 751 4497 πεποίηται,
797 4427 893 4481 καὶ
929 4426 1116 4490 πάσας
1165 4427 1632 4499 ἁναντιρῤήτουςς
1659 4427 1813 4481 διδά-

1918 1952 2006 2005 hic
2037 1949 2367 2006 Pharisazus.
2436 1956 2696 2016 tanquam
2733 1946 3079 2017 praphctam,
3117 1942 3333 1998 vocavit
3377 1955 3505 1994 eum

1915 2046 1982 2099 ad
2048 2043 2388 2104 convivium,
2442 2041 2760 2110 opinionem
2807 2037 2994 2093 venari
3047 2035 3298 2105 cupiens,
3359 2031 3505 2102 quod

1917 2137 2020 2206 ipsi
2084 2151 2195 2190 non
2255 2129 2546 2189 invideret.
2623 2132 2800 2186 Erant
2869 2130 3018 2184 enim
3087 2127 3312 2198 quidam
3366 2124 3509 2178 inter

1915 2229 2226 2285 Pharisaeos
2280 2228 2573 2289 scmimali,
2615 2238 2670 2281 et
2721 2225 2812 2295 qui
2868 2224 3084 2280 caeteris
3147 2231 3304 2276 erant
3364 2235 3512 2290 pra».

1917 2321 2237 2376 stantiorcs.
2294 2319 2532 2374 Secutus
2583 2327 2668 2372 est
2723 2328 2908 2370 autem
2965 2324 3021 2369 et
3079 2314 3173 2368 hic
3223 2313 3512 2378 Christus,

1917 2415 2261 2469 occasionem
2314 2412 2602 2478 utilitatis,
2657 2410 2957 2474 Pharisaai,
3014 2409 3224 2463 faciens
3257 2405 3508 2461 initloruo

1917 2507 2039 2575 ejus
2103 2505 2417 2575 prandium.
2471 2503 2665 2559 Crateri
2732 2519 2864 2558 vero
2928 2502 3295 2557 observabant
3343 2515 3508 2564 eum,

1919 2617 1988 2654 an
2023 2600 2230 2654 faceret
2275 2599 2556 2669 quippiam
2588 2598 2641 2652 in
2693 2596 2958 2662 Sabbato,
2996 2596 3140 2664 quod
3187 2603 3384 2663 praeter
3429 2590 3510 2645 Ic-

1920 2709 2039 2762 getn
2084 2701 2254 2746 esset.

1996 2783 2149 2839 Vers.
2184 2783 2340 2838 2.151
2380 2783 2783 2838 ecce—illum.
2842 2780 2968 2835 Erat
3019 2788 3191 2843 stans,
3246 2792 3350 2831 nec
3409 2793 3512 2829 nu-

1921 2873 2060 2929 dens
2131 2883 2320 2945 petere
2377 2873 2716 2928 curationem
2789 2875 3016 2941 prapter
3079 2866 3378 2921 Sabbatum
3454 2875 3524 2918 eL

1921 2963 2226 3020 Pharisams
2260 2980 2274 3017 :
2311 2962 2488 3017 solum
2523 2970 2708 3016 autem
2754 2967 3005 3029 apparet,
3042 2965 3102 3011 ut
3139 2972 3264 3012 cum
3303 2956 3394 3009 ille
3428 2954 3511 3007 vi-

1921 3053 2113 3114 disset,
2157 3049 2511 3106 miseratione
2552 3057 2868 3103 moveretur
2907 3061 3034 3117 erga
3066 3045 3246 3115 ipsum
3307 3061 3372 3098 ac
3410 3043 3510 3112 hy-

1924 3145 2130 3214 dropisi
2173 3144 2452 3198 liberaret.
3177 3155 3180 3158 '

1992 3237 2150 3292 Vers.
2195 3237 2248 3290 3.
2299 3235 2366 3289 Et
2396 3265 2468 3274 --
2498 3233 2817 3290 Νεανίσκοι.
2855 3232 2958 3300 Qui
3005 3231 3170 3287 etiam
3213 3229 3288 3285 ibi
3348 3229 3534 3284 simul.

1924 3339 2084 3385 erant
2116 3328 2353 3382 imitati.

1995 3423 2149 3478 Vers.
2182 3423 2237 3474 3.
2281 3420 2467 3475 Direns
2493 3450 2561 3460 —
2587 3429 2888 3475 tacuerunt.
2930 3419 3110 3473 Euam
3151 3416 3277 3470 alibi
3331 3413 3519 3468 simile.

1922 3517 2052 3586 quid
2110 3513 2427 3585 interrogati
2493 3513 2722 3568 obmutu
2766 3521 2894 3566 runt
2939 3529 2952 3564 :
3007 3525 3187 3580 neque
3242 3509 3387 3563 enim
3431 3507 3514 3560 di-

1924 3620 2049 3661 cere
2106 3614 2386 3675 poterant,
2428 3603 2576 3674 quod
2631 3602 3005 3673 prohibuisset
3041 3601 3127 3655 lex
3182 3599 3512 3656 benefacere

1924 3698 1978 3750 in
2023 3695 2283 3751 Sabbato.

1998 3783 2152 3839 Vcrs.
2225 3785 2278 3838 4.
2328 3782 2397 3838 Et
2427 3781 2749 3837 -dimisit.
2808 3781 3210 3852 Apprvhendit,
3256 3779 3360 3835 hoc
3408 3790 3517 3838 est.

1925 3877 2101 3948 tetigit
2139 3892 2284 3932 eum.

1995 3969 2153 4025 Vers.
2207 3970 2260 4025 5.
2301 3969 2366 4023 Et
2428 3968 2748 4037 respondens
2779 4001 2844 4010 —
2879 3968 3122 4024 Subbali.
3196 3968 3309 4023 lloc
3363 3967 3516 4022 enim

1921 4065 2006 4118 lex
2044 4061 2410 4133 permittebat.
2456 4062 2663 4128 Quodsi
2725 4061 3040 4116 irrationale
3101 4060 3303 4115 animal
3351 4077 3380 4114 a
3415 4076 3516 4130 pc-

1921 4156 2095 4211 ricnlo
2133 4155 2347 4209 extrahi
2378 4171 2488 4209 non
2534 4155 2859 4225 prohibebat
2907 4155 2959 4209 in
2997 4153 3262 4219 Sabbato,
3338 4154 3514 4208 multo

1921 4248 2093 4319 magis
2117 4248 2402 4314 rationale,
2433 4247 2590 4318 cujus
2613 4248 2902 4302 commodo
2926 4248 3144 4302 vivebat
3170 4246 3508 4301 irrationale.

1919 4339 1965 4394 0
1997 4337 2323 4409 profundam
2351 4338 2710 4407 sapientiam!
2747 4338 3024 4406 quomodo
3057 4337 3225 4392 variis
3250 4337 3516 4408 tempori-

1921 4434 2022 4486 hus
2081 4430 2320 4485 Sahbalo
2379 4429 2631 4484 tribuens
2700 4429 2990 4491 sanitates,
3055 4429 3300 4484 diversis"
3340 4429 3408 4485 ad
3461 4429 3513 4484 id

215 4539 392 4580 σκων.
427 4522 509 4574 ὅτι
540 4520 648 4573 ἀπὸ
701 4519 811 4573 τῶν
868 4519 1145 4590 βιωτικῶν
1202 4519 1382 4590 ἔργων
1436 4519 1814 4586 σαόὀατίζειν,

1926 4540 2060 4580 usus
2122 4531 2208 4577 est
2254 4521 2735 4594 responsionibus,
2797 4522 3167 4592 omnibusque
3225 4522 3515 4578 insolibili-

212 4617 341 4685 ἤτοι
372 4613 682 4686 σχολάζειν,
714 4613 1013 4667 ἐκέλευσεν
1035 4616 1062 4667 6
1091 4615 1257 4681 νόμος
1285 4630 1300 4646 ο
1331 4613 1393 4667 οὐ
1425 4614 1535 4685 μὴν
1566 4613 1678 4667 ἀπο
1707 4613 1818 4666 τῶν

217 4707 637 4776 πνευματικῶν.

290 4797 405 4853 Kal
433 4800 544 4853 οὐκ
581 4829 650 4838 -
676 4798 882 4854 ταῦτα.
913 4800 1167 4869 Φανερᾶς
1199 4798 1369 4869 οὔσης
1397 4801 1498 4870 τῆς
1529 4798 1818 4870 ἀληθείας.

220 5005 382 5062 ΚΕΦ.
435 5003 563 5060 NI".
602 5006 740 5073 Περι
783 5005 890 5060 τοῦ
916 5006 1004 5131 μή
1048 5007 1296 5077 ἀγαπᾷν
1337 5009 1445 5074 τὰς
1499 5015 1826 5076 πρωτοκλι-

275 5110 288 5131 ,ο
311 5096 314 5099 ·
935 5092 980 5131 σ
1005 5095 1104 5131 ac.

282 5110 288 5116 ο
311 5096 314 5099 ·
935 5092 1104 5144 σίας.

297 5170 518 5240 Ἔλεγε
553 5198 626 5212 --
699 5169 1087 5239 ἐξελέγοντο.
1162 5169 1446 5240 Ἐπέχων.
1515 5174 1642 5227 ἀντὶ
1703 5175 1819 5239 τοῦ,

226 5261 581 5335 μεμφόμενος
605 5261 741 5333 (52),
783 5263 920 5316 διότι
948 5262 1044 5326 τὰς
1073 5263 1296 5332 πρώτας
1327 5266 1679 5330 κατακλίσεις
1703 5268 1822 5336 ἐξε-

223 5358 450 5425 λέγοντο
478 5373 492 5388 ι
523 5354 673 5426 ὲώρα
699 5357 808 5426 γὰρ
842 5356 1042 5421 αὐτοὺς
1065 5357 1193 5421 τοὺς
1219 5357 1378 5412 τοῦτο
1410 5359 1703 5425 ποιοῦντας
1725 5379 1820 5432 τη-

223 5467 485 5503 νικαυτα.

395 5567 586 5622 Matth.
632 5583 787 5632 xxiii,
815 5567 903 5621 53.

1923 4620 2062 4681 bus,
2095 4616 2332 4678 docens,
2369 4614 2513 4684 quod
2546 4630 2576 4668 a
2608 4614 2990 4684 corporalibus
3035 4614 3301 4685 operibus
3344 4614 3514 4686 jube-

1922 4714 2012 4768 bal
2051 4712 2135 4766 lex
2180 4708 2486 4779 quiescere.
2517 4725 2627 4763 non
2661 4725 2690 4763 a
2731 4708 3134 4779 spiritualibus.

1995 4804 2152 4859 Vcrs.
2203 4805 2256 4860 6.
2295 4804 2365 4858 Et
2425 4819 2527 4856 non
2557 4803 2778 4858 -Ιια-τ.
2829 4801 2967 4859 Cum
3019 4802 3310 4858 manifesta
3367 4814 3520 4860 esset

1924 4901 2151 4955 veritas.

1925 5016 2081 5071 CAP.
2141 5013 2275 5071 LIII.
2331 5014 2405 5069 De
2449 5031 2554 5068 non
2608 5013 2858 5068 notandis
2912 5015 3100 5084 prima
3161 5016 3517 5073 accubitibus.

2000 5173 2154 5228 Vcrs.
2199 5175 2250 5227 7.
2297 5171 2513 5226 Dicebat
2541 5203 2609 5213 —-
2638 5171 2909 5244 eligerent.
2943 5170 3264 5239 Intendens,
3316 5174 3368 5228 id
3404 5184 3514 5239 cst,

1922 5268 2223 5338 obiurgans
2274 5277 2366 5321 aut
2424 5266 2740 5340 indignans,
2791 5267 2922 5336 quia
2976 5265 3182 5336 primos
3225 5268 3516 5325 accubitus

1921 5362 2195 5434 eligebant
2233 5379 2247 5416 :
2301 5370 2429 5417 tunc
2458 5361 2605 5416 enim
2658 5375 2754 5417 eos
2780 5359 2884 5416 hoc
2917 5359 3096 5417 facere
3129 5361 3366 5417 videbat.

1415 5661 1616 5725 Variae
1653 5662 1963 5729 lectiones
2002 5672 2060 5726 et
2118 5671 2310 5726 nota).

303 5786 419 5858 (52)
451 5785 574 5859 Etsi
607 5785 825 5859 ἐπέχειν
849 5785 1314 5843 hanc-notionem
1349 5789 1554 5845 habere
1589 5799 1766 5859 potest
1798 5807 1813 5846 :

229 5868 416 5913 tatnen
447 5857 536 5913 hic
565 5857 744 5912 aliena
785 5866 888 5926 est,
913 5871 1136 5931 propter
1203 5861 1447 5916 additum
1511 5857 1648 5925 πῶς.
1709 5863 1818 5934 Igi-

1928 5793 2095 5872 tur_l,.l
2125 5793 2286 5850 etiam
2346 5784 2674 5872 pcimutmit
2733 5812 2855 5851 cum
2912 5797 3069 5856 διότι.
3127 5798 3383 5872 Ἐπὲχειν
3431 5809 3515 5855 est

1927 5861 1981 5918 It.
2019 5859 2052 5918 I.
2088 5875 2186 5934 νει)
2246 5859 2556 5938 προσέχειν.
