4084 6392
589 394 728 461 1015

1824 394 2210 457 EUTHYMII

2281 394 2648 455 ZlGABENI
3738 388 3874 458 1016

588 525 671 569 ter
736 515 1137 569 recusationem
1202 514 1420 570 illorum
1477 513 1773 584 ignoraret,
1817 516 1911 570 sed
1954 525 2169 586 prOpter

2280 513 2371 566 τοῦ
2410 513 2623 583 Πατρδς
2658 512 2756 580 τὴν
2817 511 3152 580 παραίτησιν
3202 510 3407 576 αὐτῶν,
3451 509 3590 564 ἀλλά
3651 510 3741 564 διὰ
3776 514 3875 581 τὴν

586 606 860 675 parabolae
882 608 1335 677 consequentiam
1372 622 1385 659 :
1424 604 1593 661 moris
1625 606 1771 660 enim
1808 606 1873 659 iis
1926 616 2031 671 est,
2081 604 2172 674 qui

586 696 653 749 ad
687 698 988 752 vocandum
1025 700 1236 769 aliquos
1284 698 1470 754 emissi
1517 708 1667 762 sunt,
1716 698 1919 753 reverti
1980 713 2043 753 ac
2090 713 2173 753 re-

586 789 841 843 nuntiare
877 790 944 845 de
990 790 1116 844 illis.

657 874 813 937 vers.
854 883 945 939 21.
988 882 1132 938 Tum:
1166 912 1234 924 --
1258 891 1377 937 huc.
1411 882 1513 949 Qui
1550 892 1967 944 recusaverunt.
2008 891 2172 938 erant

585 971 879 1039 pontifices
918 983 973 1029 et
1012 973 1218 1030 Scriba:
1247 990 1311 1028 ac
1351 974 1636 1041 Pharisaei,
1667 985 1720 1030 et
1755 975 1958 1044 quique
2006 975 2175 1030 hono-

584 1063 819 1118 ratiores
849 1066 1032 1134 populi
1059 1082 1089 1118 -:
1144 1065 1197 1119 hi
1224 1081 1375 1129 vero,
1423 1067 1515 1135 qui
1574 1067 1695 1121 loco
1731 1067 1949 1121 illorum
1981 1066 2173 1123 ‘intro-

581 1152 727 1209 ducti
757 1164 904 1216 sunt.
937 1170 1258 1212 communes
1284 1166 1338 1211 et
1368 1156 1563 1227 abjecti
1600 1172 1663 1213 ac
1690 1156 1888 1227 plebeii
1916 1174 1931 1224 ;
1964 1158 2055 1227 qui
2086 1159 2174 1229 ju-

581 1246 834 1301 dicantur
869 1263 900 1301 a
941 1248 1221 1319 prioribus
1276 1265 1550 1320 pauperes
1605 1265 1669 1305 ac
1705 1251 1935 1323 debiles,
1993 1251 2172 1307 claudi

578 1347 635 1393 et
671 1338 822 1404 caci,
865 1343 1057 1411 utpote
1088 1340 1433 1411 incompositi
1466 1349 1526 1398 et
1564 1342 1795 1406 indocti,
1856 1342 1946 1412 qui
1986 1343 2173 1413 potius

577 1428 799 1486 Christo
832 1431 1049 1487 docenti
1104 1434 1452 1490 obedierunt.
1495 1435 1591 1489 Vel
1640 1435 1802 1491 etiam
1852 1436 1920 1490 de
1961 1435 2028 1490 iis
2077 1435 2169 1505 qui

578 1522 932 1579 sensibilihus
964 1526 1278 1595 hujusmodi
1312 1526 1695 1583 aﬂ‘ectionibus
1720 1538 1883 1583 erant
1919 1528 2170 1596 obnoxii,

577 1610 818 1683 intellige
852 1634 864 1669 :
906 1615 999 1685 qui
1033 1616 1101 1671 ab
1128 1617 1209 1673 eis
1241 1617 1480 1685 liberati,
1513 1635 1610 1689 per
1666 1620 1828 1675 fidem
1872 1619 2168 1674 introducti

577 1716 707 1760 sunt
734 1707 802 1761 ad
835 1707 1035 1763 dictam
1068 1708 1411 1765 fruitionem.

649 1889 727 1960 ﬁ
777 1891 940 1947 Pater
971 1891 1138 1963 igitur
1178 1892 1330 1948 misit
1363 1891 1559 1948 Filium
1589 1937 1603 1960 ,
1643 1894 1815 1950 Filius
1862 1912 1991 1952 vero
2034 1911 2167 1966 apo-

578 1983 770 2039 stolos.
827 1984 975 2038 Dixit
1022 1985 1171 2039 enim
1214 2001 1226 2038 :
1277 1984 1446 2041 Sicuti
1510 2003 1591 2040 me
1654 1988 1844 2043 misisti
1901 1990 1956 2042 in
2015 2005 2169 2042 mun-

577 2076 725 2143 dum,
762 2092 856 2147 ego
886 2077 1045 2130 etiam
1065 2093 1151 2131 eos
1182 2078 1305 2131 misi
1324 2079 1377 2131 in
1405 2074 1661 2132 mundum
1690 2080 1732 2133 '.

650 2266 807 2320 Vers.
873 2266 962 2321 92.
994 2266 1058 2320 Et
1102 2270 1395 2324 ait—est.
1432 2268 1721 2323 llumanus
1772 2283 1837 2323 ac
1896 2270 2168 2341 benignus

579 2371 762 2411 sermo
791 2367 897 2420 est.
936 2372 1241 2429 suggerens
1278 2359 1443 2414 etiam
1474 2359 1543 2413 de
1576 2358 1857 2429 gentibus.

648 2448 804 2504 Vcrs.
848 2449 941 2503 25.
980 2449 1232 2521 Dixitque
1286 2481 1355 2491 —
1389 2453 1611 2505 intrare.
1672 2450 1780 2507 Vite
1821 2464 1952 2508 sunt
2010 2456 2168 2510 habi-

578 2539 815 2594 tationes
865 2542 1135 2611 gentium,
1202 2552 1394 2613 utpote
1459 2558 1570 2597 non
1644 2544 1872 2599 munitae
1938 2546 2055 2617 lege
2106 2563 2171 2604 ac

576 2632 760 2687 divina
818 2635 1096 2697 custodia,
1145 2650 1244 2689 seu
1311 2636 1649 2700 visitatione,
1699 2638 1841 2692 sicut
1906 2639 2171 2695 habitatio

575 2723 927 2793 Iudaeorum;
980 2728 1064 2783 vel
1106 2738 1363 2798 tanquam
1394 2746 1423 2783 a
1481 2730 1824 2787 daemonibus
1877 2738 2173 2792 conculca.

576 2829 665 2874 tae.
737 2819 1001 2876 Similiter
1060 2831 1119 2876 et
1202 2838 1392 2892 sepes,
1477 2833 1735 2893 tanquam
1824 2840 2168 2896 peccatorum

575 2912 750 2982 spinis
791 2916 1049 2982 stipatae;
1103 2916 1188 2969 vel
1226 2927 1489 2987 tanquam
1526 2917 1817 2972 circuitum
1869 2920 1991 2991 igne
2054 2924 2168 2995 dig-

572 3021 704 3059 num
738 3007 1026 3063 habentes.

646 3097 779 3169 Cugi
812 3114 943 3156 vero
965 3100 1131 3171 jussit
1171 3119 1287 3167 eos,
1327 3108 1420 3176 qui
1466 3123 1533 3163 ex
1566 3112 1824 3181 gentibus
1849 3121 2028 3177 erant,
2057 3126 2167 3166 non

2280 602 2606 653 ἀκολουθίαν
2636 601 2735 669 τῆς
2776 600 3112 669 παραϐολῆς.
3150 599 3263 652 Καὶ
3294 599 3403 668 γὰρ
3437 599 3561 661 ἔθος
3585 603 3702 661 τοῖς
3732 604 3875 653 ἀποο

2284 694 2660 761 στελλομένοις
2691 695 2771 756 εἰς
2809 693 2869 746 τὸ
2904 691 3132 745 καλέσαι
3165 692 3345 756 τινὰς,
3376 691 3753 763 ὑποστρέφειν
3776 693 3872 745 καὶ

2278 786 2651 853 ἀπαγγέλλειν
2685 785 2817 856 περὶ
2852 784 3057 839 αὐτῶν.

2355 878 2495 931 Τότε
2538 906 2607 916 --
2638 870 2776 931 ὦδε.
2841 877 3071 929 Ἐκεῖνοι
3135 876 3234 946 μὲν
3290 877 3341 930 οἰ
3397 874 3874 946 παραιτησάμενοι

2276 967 2418 1043 ἦσαν
2450 971 2500 1025 οἰ
2536 971 2819 1042 ἀρχιερεῖς
2846 970 2943 1023 καὶ
2999 968 3362 1040 Γραμματεῖς
3413 970 3511 1025 καὶ
3558 970 3871 1040 Φαρισαῖοι,

2280 1066 2375 1118 καὶ
2401 1065 2518 1117 ὅσοι
2541 1063 2866 1133 τιμιώτεροι
2909 1061 3005 1115 τοῦ
3034 1061 3322 1131 πλήθους·
3354 1056 3506 1117 οὗτοι
3552 1063 3632 1127 δὲ,
3669 1063 3720 1114 οἰ
3755 1062 3872 1114 ἀντ’

2276 1152 2504 1205 ἐκείνων
2534 1150 2903 1220 εἰσαγόμενοι,
2938 1149 3078 1203 εἰσιν
3111 1151 3160 1203 οἰ
3190 1150 3358 1204 κοινοὶ
3385 1151 3481 1205 καὶ
3500 1150 3752 1219 ἀγελαῖοι
3777 1148 3873 1201 καὶ

2276 1242 2565 1313 δημώδης,
2600 1243 2812 1313 πτωχοὶ
2859 1242 2955 1297 καὶ
2990 1242 3268 1314 ἀνάπηροι
3299 1244 3393 1297 καὶ
3439 1243 3603 1315 χωλοὶ
3650 1244 3746 1298 καὶ
3772 1259 3874 1294 τυ-

2278 1338 2401 1407 φλοὶ
2432 1334 2719 1398 δοκοῦντες
2742 1334 3113 1399 ἐκείνοις,,ὼς
3171 1335 3411 1405 ἀμαθεῖς
3454 1336 3551 1389 καὶ
3590 1333 3870 1396 ἀσύνετοι,

2274 1430 2472 1491 οἵτινες
2514 1426 2718 1498 μᾶλλον
2752 1426 3033 1481 ἐπείθοντο
3060 1426 3370 1482 διδάσκοντι
3391 1426 3468 1496 τῷ
3518 1424 3767 1497 Χριστῷ.
3802 1424 3873 1476 Ἤ

2276 1524 2370 1577 καὶ
2396 1522 2525 1593 περὶ
2558 1521 2669 1573 τῶν
2696 1519 3086 1589 κατεχομένων
3119 1521 3386 1582 τοιούτοις
3414 1518 3651 1572 πάθεσιν
3682 1516 3875 1585 αἰσθη-

2274 1618 2387 1680 τοῖς
2419 1614 2580 1669 τοῦτο
2614 1618 2808 1686 νόησον
2834 1629 2849 1644 ·
2879 1612 2935 1685 ἢ,
2967 1613 3042 1674 οῖ,
3070 1612 3280 1667 τούτων
3309 1610 3750 1678 ἀπαλλαγέντες,
3785 1607 3876 1661 διά

2275 1710 2511 1774 πίστεως
2554 1709 2895 1779 εἰσήχθησαν
2955 1707 3036 1769 εἰς
3091 1706 3193 1774 τὴν
3255 1702 3667 1774 προρρηθεῖσαν
3740 1698 3876 1754 ἀπό-

2274 1821 2483 1859 Λαυσιν.

2342 1897 2438 1969 ['0
2471 1897 2573 1969 μὲν
2608 1896 2720 1969 (64)
2753 1894 2847 1949 οὖν
2876 1891 3068 1963 Πατὴρ
3105 1888 3396 1946 ἀπέστειλε
3436 1887 3529 1941 τὸν
3564 1886 3696 1939 Υἰόν
3722 1901 3739 1919 ο
3765 1888 3791 1939 ὁ
3819 1884 3876 1938 δὲ

2274 1991 2401 2053 Yth;
2429 1992 2557 2054 τοὺς
2593 1988 2951 2050 ἀποστόλους.
2990 1984 3202 2054 Εἴρηκε
3228 1983 3339 2051 γάρ
3362 1998 3373 2011 ·
3403 1981 3488 2034 ὅτι
3516 1979 3726 2045 Καθὼς
3768 1977 3877 2047 ἐμὲ

2271 2079 2642 2146 ἀπέστειλας
2674 2081 2761 2144 εἰς
2791 2078 2898 2130 τὸν
2928 2078 3186 2144 κόσμον,
3210 2072 3375 2143 κάγὼ
3396 2070 3736 2126 ἀπέστειλα
3764 2070 3875 2125 αὑ·

2274 2173 2415 2239 τοὺς
2446 2175 2535 2236 εἰς
2576 2173 2684 2225 τὸν
2713 2166 3005 2241 ardentem]

2342 2266 2449 2321 Καὶ
2482 2261 2655 2319 εἶπεν
2680 2293 2753 2305 ——
2801 2263 2959 2318 ἐστί.
3002 2259 3399 2330 Φιλάνθρωπος
3434 2260 3463 2312 ὁ
3516 2257 3701 2326 λόγος,
3736 2256 3875 2310 ὐπο-

2276 2361 2605 2430 μιμνήσκων
2635 2358 2731 2411 καὶ
2759 2356 2893 2426 περὶ
2923 2354 3035 2409 τῶν
3061 2354 3257 2411 ἐθνῶν.

2344 2448 2453 2503 Kal
2478 2444 2649 2503 εἶπεν
2683 2478 2748 2490 --
2774 2446 3099 2502 εἰσελθεῖν.
3141 2444 3283 2499 Ὀδοί
3314 2445 3454 2498 εἰσιν
3494 2444 3551 2496 αῖ
3595 2441 3874 2497 κατοικίαι

2274 2543 2381 2598 τῶν
2409 2541 2603 2602 ἐθνῶν,
2643 2540 2717 2603 ὡς
2777 2540 2853 2611 μὴ
2896 2539 3310 2610 τετειχισμέναι
3368 2538 3448 2610 τῷ
3494 2538 3650 2609 νόμῳ
3676 2536 3775 2591 καὶ
3807 2539 3876 2606 τῇ

2275 2634 2551 2704 ἐπισκοπῇ
2584 2631 2679 2685 τοῦ
2704 2632 2866 2697 Θεοῦ,
2894 2631 3153 2703 καθάπερ
3186 2633 3219 2702 ἡ
3262 2632 3373 2685 τῶν
3432 2629 3739 2697 Ἰουδαίων,
3782 2628 3878 2681 καὶ

2274 2728 2350 2790 ὡς
2390 2724 2929 2795 καταπεπατημέναι
2958 2727 3073 2788 τοῖς
3120 2723 3379 2793 δαίμοσιν
3406 2738 3419 2752 ⁶
3447 2722 3657 2793 ὁμοίως
3684 2721 3744 2777 δὲ
3778 2721 3877 2774 καὶ

2276 2818 2547 2890 φραγμοὶ,
2587 2820 2662 2882 ὡς
2690 2818 3081 2888 πεφραγμέναι
3115 2819 3235 2882 ταῖς
3258 2817 3533 2879 ἀκάνθαις
3556 2818 3661 2888 τῆς
3688 2815 3877 2888 ἁμαρ·

2273 2916 2415 2979 τίας,
2445 2916 2536 2966 καὶ
2562 2913 2637 2977 ὡς
2675 2912 2849 2983 πυρὸς
2873 2912 3025 2979 ἄξιον
3054 2911 3347 2981 περίὸολον
3378 2911 3635 2982 ἔχουσαι.

2361 3104 2699 3174 Ἀναγκάσαι
2729 3102 2787 3157 δὲ
2836 3101 2965 3165 τοὺς
3019 3102 3078 3169 ἐξ
3128 3099 3302 3156 ιθνῶν
3365 3100 3680 3168 ἐκέλευσεν,
3721 3100 3784 3153 ού
3814 3099 3876 3155 τὸ

575 3191 721 3259 quod
756 3191 1078 3248 violentiam
1120 3195 1312 3250 inferri
1385 3202 1732 3271 praeceperit,
1778 3203 1874 3258 sed
1906 3204 2162 3259 subindi-

2279 3198 2561 3270 βιάζεσθαι
2623 3194 3050 3267 παραγγέλλων,
3101 3192 3224 3247 ἀλλ’
3280 3192 3591 3263 ὑποδηλιῖΝ,
3628 3194 3715 3246 ὅτι
3761 3193 3871 3265 χρὴ

575 3298 732 3345 cans,
769 3285 916 3354 quod
950 3286 1420 3345 vehementiorem
1448 3308 1513 3348 ac
1540 3296 1979 3350 constantiorem
2004 3297 2167 3351 adhi-

576 3374 693 3429 beri
724 3376 1172 3446 praedicationem
1208 3382 1293 3437 eis
1324 3396 1600 3453 oporteat,
1658 3396 1849 3457 utpote
1891 3386 2108 3445 fortiter
2138 3406 2168 3444 a

575 3470 918 3528 dmmonibus
933 3475 1196 3542 detentis,
1218 3488 1271 3534 et
1300 3480 1352 3534 in
1371 3482 1659 3551 profundis
1688 3485 1892 3540 erroris
1918 3486 2170 3541 tenebris

574 3562 998 3619 dormientibus.

648 3652 804 3708 Vers.
841 3654 934 3711 9.3.
970 3656 1032 3711 Ut
1060 3686 1130 3697 -
1162 3676 1301 3713 mea.
1337 3661 1630 3720 Vultcnim
1652 3682 1845 3723 omnes
1871 3669 2165 3734 introduci,

572 3750 799 3812 propter
838 3744 1138 3800 immensas
1166 3763 1277 3802 sua:
1303 3750 1567 3807 bonitatis
1588 3756 1830 3811 divitias.

651 3836 803 3890 νει-ε.
840 3836 931 3891 24.
979 3836 1105 3892 Dico
1145 3858 1466 3899 —ca:nam.
1522 3846 1591 3902 Ut
1638 3850 1731 3918 qui
1787 3850 2169 3909 inobedientes

575 3927 820 3991 fuerunt,
849 3942 914 3982 ac
944 3929 1287 3985 vocationem
1337 3933 1451 3988 sive
1472 3937 1917 4005 praedicationem
1943 3958 2169 4013 spreve-

575 4027 723 4073 runt.
770 4017 853 4074 Ob
894 4020 1043 4075 hunc
1089 4038 1221 4095 ergo
1245 4040 1562 4082 sermonem
1588 4038 1701 4085 tota
1733 4035 1991 4103 parabola
2017 4051 2167 4093 com-

572 4112 750 4181 posita
808 4122 912 4180 est,
962 4119 1432 4185 quemadmodum
1489 4123 1543 4176 in
1587 4126 1862 4197 principio
1912 4130 2033 4199 ejus
2083 4132 2168 4187 di-

571 4217 776 4257 nmus.

644 4293 799 4351 Vcrs.
850 4298 940 4353 25.
982 4300 1141 4355 Ibant
1191 4333 1257 4344 -
1315 4306 1490 4360 multi.
1550 4308 1671 4364 Alio
1713 4309 1969 4361 videlicet
2020 4319 2161 4362 tctu-

569 4399 727 4454 pore.

644 4475 799 4529 Vers.
827 4480 919 4528 25.
945 4481 1010 4527 Et
1038 4495 1313 4533 conversus
1353 4510 1421 4520 —
1456 4481 1603 4539 Vers.
1647 4485 1738 4539 26.
1770 4503 1879 4543 esse
1934 4492 2160 4563 discipu-

571 4564 677 4617 lus.
713 4563 935 4629 Sciens,
980 4566 1132 4638 ipsos
1174 4574 1393 4641 quidem
1430 4578 1587 4648 sequi
1648 4580 1805 4646 velle,
1829 4596 1955 4639 cum
1980 4595 2160 4642 tamen

570 4656 808 4711 vinculis
838 4659 1099 4715 amicitiae
1129 4662 1193 4717 ad
1222 4665 1538 4735 hujusmodi
1567 4686 1830 4740 personas
1857 4677 2164 4734 retineren-

2187 4535 2239 4595 D

2273 3288 2678 3360 συντονώτερον
2732 3288 2792 3340 ιν
2844 3284 3058 3349 τούτοις
3105 3284 3169 3338 τὸ
3225 3286 3495 3356 κήρυγμα
3543 3288 3724 3339 ποιεῖν
3778 3287 3874 3339 καὶ

2272 3380 2703 3451 δπιμονώτερον,
2734 3379 2810 3443 ὼς
2840 3376 3085 3450 ἰσχυρῶς
3110 3374 3219 3431 ὑπὸ
3248 3377 3356 3430 τῶν
3388 3377 3672 3448 δαιμόνων
3703 3395 3875 3431 κατεο

2273 3473 2545 3544 χομένοις,
2576 3473 2672 3526 καὶ
2697 3472 2805 3525 ὑπὸ
2831 3469 2989 3538 βαθεῖ
3022 3470 3205 3536 σκότῳ
3236 3472 3340 3542 τῆς
3398 3472 3625 3543 ἀπάτης
3674 3471 3873 3525 καθεύ-

2269 3564 2474 3619 δουσιν.

2346 3661 2483 3714 Ἵνα
2517 3689 2587 3700 —
2617 3675 2760 3729 μου.
2802 3655 3064 3719 Βούλεται
3113 3665 3224 3729 γαρ
3286 3657 3499 3721 πάντας
3544 3657 3871 3728 εἰσαχθῆναι

2271 3754 2360 3810 διὰ
2392 3754 2487 3807 τὸν
2514 3752 2747 3825 ἄπειρον
2775 3752 3013 3806 πλοῦτον
3034 3751 3137 3822 τῆς
3169 3751 3341 3806 αὑτοῦ
3370 3750 3739 3823 ἀγαθότητος.

2344 3843 2509 3913 Λέγω
2534 3873 2604 3884 -
2634 3844 2912 3898 δείπνου.
2955 3841 3044 3907 Ὠς
3078 3842 3506 3912 ἀπειθησάντων
3537 3843 3635 3895 καὶ
3658 3841 3871 3908 ὲξουδε-

2270 3938 2563 3993 νωσάντων
2588 3938 2687 4011 τὴν
2716 3938 2937 4008 κλῆσιν,
2962 3938 3107 4009 ἦτοι,
3125 3935 3187 3988 τδ
3210 3936 3503 4006 κήρυγμα.
3536 3935 3638 3989 Διά
3669 3934 3861 3988 τοῦτον

2271 4031 2365 4087 οὖν
2402 4030 2677 4099 τὸνλόγον
2730 4032 2763 4101 ἡ
2801 4030 2897 4101 ὅλη
2940 4027 3234 4101 παραδολὴ
3260 4026 3548 4097 συνετέθη,
3579 4026 3773 4092 καθὼς
3809 4030 3868 4080 ιν

2270 4127 2415 4198 ἀρχῇ
2444 4123 2652 4193 ταύτης
2684 4122 3017 4193 εἰρήκαμεν.

2338 4305 2826 4374 Συνεπορεύοντο
2856 4334 2927 4346 --
2975 4310 3217 4363 πολλοί.
3264 4307 3352 4358 Ἐν
3409 4304 3585 4376 ἑτέρῳ
3620 4304 3864 4377 δηλονότι

2266 4398 2466 4471 καιρῷ.

2337 4494 2447 4549 Καὶ
2476 4493 2770 4563 στραφεὶς
2796 4492 2914 4565 (65)
2944 4521 3015 4533 -
3034 4495 3314 4565 μαθητὴς
3355 4490 3532 4552 εἶναι.
3570 4495 3745 4557 Εἰδὼς
3772 4494 3861 4548 αύο

2266 4586 2397 4651 τοὺς
2423 4585 2686 4649 θέλοντας
2725 4585 2826 4657 μὲν
2860 4586 3185 4640 ἀκολουθεῖν
3237 4588 3412 4660 αὐτῷ,
3455 4589 3860 4659 κατεχομένους

2264 4678 2322 4731 δὲ
2342 4679 2457 4743 τοῖς
2488 4677 2714 4749 δεσμοῖς
2766 4677 2867 4749 τῆς
2923 4677 3065 4750 πρὸς
3114 4678 3185 4733 τά
3227 4679 3546 4751 δηλωθέντα
3586 4681 3858 4751 πρόσωπα

572 4755 682 4809 tur,
716 4747 1010 4804 manifeste
1042 4762 1399 4821 protestatur,
1429 4760 1574 4827 quod
1608 4761 1858 4833 quisquis
1879 4766 1946 4820 ad
1979 4782 2038 4821 se
2065 4783 2165 4838 per

2279 4770 2528 4840 σχέσεως,
2594 4747 3037 4843 διαμαρτύρεται
3097 4747 3379 4843 φανεριῑις,
3436 4773 3520 4826 ὅτι
3549 4747 3709 4837 ὅστις
3753 4774 3857 4826 τῶν

572 4838 733 4892 fidem
760 4840 933 4905 venit,
966 4858 1071 4897 nec
1121 4847 1411 4915 prazdictas
1460 4851 1576 4905 odit
1623 4868 1904 4923 personas,
1940 4873 2063 4913 cum
2093 4861 2160 4915 ad

2381 4865 2617 4927 πίστεως
2646 4838 2961 4936 ἔρχονμένων
3190 4838 3449 4922 αύτδνού
3489 4869 3648 4937 μισεῖ
3675 4868 3743 4922 τά
3776 4870 3853 4921 εξ·

569 4928 927 4985 dilectionem
964 4948 1091 5003 erga
1123 4934 1290 4991 Deum
1334 4940 1439 4995 sibi
1479 4940 1681 4998 fuerint
1746 4946 2159 5019 impedimento,

2279 4958 2482 5029 ρημένα
2509 4928 2804 5028 πρόσωπα,
2860 4959 2991 5012 ὅταν
3032 4928 3377 5028 έμποδίζωσι
3429 4928 3572 5031 πρὸς
3632 4960 3735 5030 τὴν
3778 4962 3855 5023 εἰς

570 5027 624 5071 et
660 5020 727 5075 ad
776 5021 882 5076 iter
910 5024 979 5079 ad
1009 5025 1287 5083 Christum
1315 5050 1329 5087 ;
1354 5032 1439 5087 vel
1470 5036 1613 5104 quod
1638 5035 1885 5094 inﬁdeles
1916 5040 2043 5108 sint,
2075 5045 2161 5097 vel

2279 5020 2395 5103 ἓεδν
2420 5020 2645 5120 ἀγάπην
2674 5020 2935 5123 καὶπρὸς
2983 5020 3082 5121 τὴν
3128 5020 3272 5105 κατά
3304 5020 3564 5125 Χριστὸν⁷
3600 5020 3850 5123 πορείαν,

567 5114 715 5179 quod
749 5117 1026 5172 mundana
1078 5123 1319 5190 sapiant,
1357 5141 1467 5180 non
1509 5140 1695 5197 potest
1720 5130 1893 5201 ipsius
1923 5148 2046 5189 esse
2081 5135 2162 5190 di-

2279 5143 2293 5213 i
2320 5114 2542 5197 ἄπιστοι
2577 5114 2753 5211 δντες,
2784 5114 3097 5214 1η’κοσμικά
3130 5114 3482 5213 φρονοῦντες,
3533 5145 3596 5199 ού
3626 5114 3847 5198 δύναται

570 5207 834 5305 scipulus.
875 5210 1162 5281 Siquidem
1197 5217 1288 5286 qui
1315 5218 1422 5272 illis
1470 5221 1679 5289 obedit,
1713 5224 1933 5280 Christo
1965 5226 2158 5281 inobe-

2279 5207 2425 5287 ιὺτοῦ
2486 5207 2747 5304 μαθητὴς
2790 5207 2971 5288 εῖναι..
3036 5207 3378 5304 Πειθύμενος
3425 5207 3537 5305 γάρ
3592 5235 3847 5298 ἐκείνοις,

570 5299 728 5355 diens
755 5311 875 5365 est;
900 5305 1240 5379 illi'namque
1272 5313 1565 5369 carnaliter
1592 5331 1717 5372 eum
1742 5320 1924 5375 vivere
1949 5320 2153 5387 volunt,

2279 5299 2550 5395 ιπειθήσει
2607 5299 2776 5396 αὐτῷ,
2817 5324 2952 5379 διότι
2997 5325 3155 5380 αὐτοὶ
3212 5299 3312 5396 μὲν
3375 5299 3663 5396 σαρκικῶς
3700 5325 3847 5397 βιοῦν

568 5393 687 5462 ipse
711 5410 840 5450 vero
868 5399 1229 5468 spiritualiter
1256 5421 1383 5460 eum
1416 5412 1728 5465 conversari
1760 5413 1938 5469 docet.
1965 5413 2150 5470 Hono-

2279 5415 2423 5469 ιύτδν
2449 5393 2736 5482 θέλουσιν,
2759 5415 2923 5480 αὐτὸς
2951 5416 3009 5469 δὲ
3063 5393 3462 5487 πνευματικῶς*
3492 5415 3661 5469 αὑτὸν
3699 5393 3845 5469 πολιο

669 5534 692 5564 ‘
735 5530 892 5588 Joan.
952 5550 1083 5600 xvu,
1130 5539 1212 5593 t8.

1161 5539 1212 5593 δ’
1741 5616 1936 5678 Variaa
1980 5617 2299 5683 lectiones
2343 5627 2404 5682 et
2449 5628 2637 5683 noue.

636 5770 907 5854 (διηιωο
937 5784 1166 5847 uterque
1227 5778 1279 5834 in
1341 5783 1602 5854 margine.
1664 5783 1967 5843 Hent‘n’us
2022 5802 2131 5842 non

2315 5789 2427 5861 (65)
2452 5790 2717 5863 Στραφεὶς
2761 5807 2868 5849 non
2904 5795 3173 5865 expressit
3198 5792 3519 5854 Hentenius.

565 5852 833 5912 agnoscit.
