4084 6386
212 395 356 465 1017

1178 400 1576 464 COMMENT.
1623 401 1708 460 ΙΝ
1750 399 2036 461 LUCAM.
2080 422 2150 434 -
2189 394 2350 459 CAP.
2385 393 2548 457 XIV.

3379 383 3517 451 1018

203 512 468 567 τεύεσθαι
501 511 768 570 διδάσκει.
809 514 1084 587 Τιμητέον
1136 524 1237 586 μεν
1292 515 1389 568 καὶ
1441 512 1660 585 πατέρα
1716 512 1811 564 καί

1932 509 2072 564 -andi
2129 506 2404 578 siquidem
2456 510 2587 560 sunt
2635 507 2792 572 pater
2828 506 2882 556 et
2905 507 3104 565 mater,
3128 514 3322 555 vermn
3371 499 3520 556 Deus

212 605 433 678 μητέρα
479 607 592 676 (66)
621 625 634 641 ·
672 610 1046 681 προτιμητέον
1069 608 1125 662 δὲ
1166 609 1347 662 αὐτῶν
1369 609 1462 661 τὸν
1487 607 1644 661 Θεόν.

282 698 382 751 Διά
413 697 525 750 τῶν
571 700 965 769 γνησιωτέρων
1012 700 1069 752 δὲ
1103 701 1213 752 πᾶν
1252 699 1555 768 πρόσωπον
1587 699 1814 765 ἀγαπη-

206 786 303 838 τδν
332 787 606 857 ἐμφήνας,
654 789 909 858 ἐπήγαγε
948 790 1046 842 καὶ
1088 789 1150 842 τὸ
1203 790 1413 859 μεῖζον,
1463 789 1547 840 ὅτι
1585 787 1681 840 καὶ
1710 785 1813 856 τὴν

211 877 414 931 ἑαυτοῦ
479 878 681 952 ψυχὴν,
740 881 1018 945 τουτέστι,
1071 881 1168 935 καὶ
1217 882 1278 934 τὸ
1329 879 1525 934 ἑαυτοῦ
1571 877 1814 946 Θέλημα,

209 968 345 1022 ὅταν
377 970 619 1023 ἐναντίον
672 973 759 1043 εἰη
797 970 877 1039 τῷ
934 971 1203 1043 θελήματι
1251 971 1348 1024 τοῦ
1389 967 1550 1024 Θεοῦ.
1581 970 1676 1022 Δεῖ
1705 968 1814 1039 γὰρ

209 1060 306 1114 τον
349 1061 529 1133 ἀληθῆ
564 1062 813 1135 μαθητὴν
858 1064 953 1118 τοῦ
1008 1063 1274 1136 Χριστοῦ,
1308 1062 1688 1132 ἀφιλόσαρκον
1719 1058 1815 1114 καὶ

211 1153 555 1226 ἁφιλόψυχον
586 1160 644 1211 ὲν
677 1161 791 1222 τοῖς
819 1160 1224 1229 πνευματικοῖς
1255 1155 1470 1226 ἀγῶσιν
1508 1156 1806 1228 ὑπάρχειν.

285 1435 392 1490 Καί
422 1435 596 1502 ὅστις
614 1465 687 1478 —
709 1454 833 1507 μου
880 1435 1182 1506 μαθητής.
1208 1435 1402 1499 Ὅστις
1458 1435 1520 1490 οὑ
1545 1433 1817 1506 βαστάζει

210 1527 310 1582 ἐπὶ
367 1529 593 1600 μνήμης
623 1529 716 1583 τὸν
758 1530 990 1585 θάνατον
1039 1529 1234 1583 αὑτοῦ.
1267 1529 1370 1582 Διὰ
1420 1527 1518 1584 τοῦ
1574 1527 1817 1598 σταυροῦ

209 1620 322 1689 γὰρ
352 1621 445 1672 τὸν
470 1619 704 1674 θάνατον
736 1620 1002 1692 ἐδήλωσε,
1028 1620 1166 1674 διότι
1207 1619 1333 1674 τότε
1364 1619 1608 1674 θανάτου
1640 1618 1818 1692 ὄργασ

211 1728 302 1764 νον
335 1707 406 1782 ἦν
433 1713 460 1765 ὁ
510 1713 788 1781 σταυρὸς,
815 1713 891 1779 ὡς
929 1714 1024 1767 καὶ
1077 1716 1137 1766 ὲν
1187 1712 1264 1783 τῷ
1306 1712 1619 1792 τριακοστῷ
1648 1711 1819 1782 τρίτῳ

211 1803 499 1873 κεφαλαίῳ
539 1805 634 1858 τοῦ
668 1805 814 1858 κατὰ
839 1806 1125 1860 Ματθαῖον
1155 1805 1268 1876 (67)
1293 1805 1573 1860 λέλεκται.
1621 1805 1819 1868 Ὅστις

210 1895 274 1948 οὐ
314 1895 579 1966 βαστάζει
609 1898 710 1969 τὴν
757 1899 1033 1970 νέκρωσιν
1059 1897 1252 1965 αὐτοῦ,
1290 1899 1438 1968 λέγω
1473 1897 1562 1970 δὴ,
1595 1899 1696 1968 τήν
1719 1897 1820 1966 τῆς

212 1993 420 2061 σαρκὸς
453 1991 644 2056 αὐτοῦ,
677 1994 774 2063 τὴν
815 1993 934 2046 καθ’
957 1993 1182 2065 ἡδονήν.
1216 1993 1372 2047 Ἐπεὶ
1395 1993 1501 2063 δὲὴ
1527 1990 1820 2063 ἀποτροπὴ

209 2079 307 2134 τοῦ
345 2081 472 2134 καθ’
529 2083 725 2156 ήδονην
764 2083 904 2154 βίου,
959 2084 1167 2153 τρόπον
1227 2083 1353 2137 τινὰ
1414 2082 1702 2153 προτροπή
1735 2082 1822 2144 τίς

212 2175 374 2226 ἐστιν
407 2176 783 2251 εἰς-ἐπίπονον
815 2177 1128 2244 πολιτείαν,
1163 2177 1584 2247 παραμυθεῖται
1617 2173 1713 2228 καὶ
1743 2174 1822 2226 δι-

206 2266 406 2320 δάσκει
441 2267 530 2322 διὰ
566 2269 1049 2341 παραδείγματος,
1073 2273 1158 2325 ὅτι
1187 2273 1294 2341 χρὴ
1336 2271 1429 2323 τὸν
1488 2270 1822 2340 βουλόμενον

209 2353 357 2412 εἶναι
396 2359 648 2432 μαθητὴν
682 2360 872 2426 αὐτοῦ,
923 2362 1488 2432 προπαρασκευάζειν
1516 2361 1711 2414 ἑαυτὸν
1741 2361 1822 2421 εἰς

212 2449 499 2522 ὑπομονὴν
551 2451 755 2516 παντὸς
795 2453 1133 2525 πειρασμοῦ.
1199 2455 1524 2526 Γέγραπται
1555 2454 1703 2522 γάρ’
1749 2455 1824 2506 Εἰ

210 2543 528 2614 προσέρχῃ
546 2544 869 2600 δουλεύειν
889 2546 1111 2614 Κυρίῳ,
1133 2547 1462 2616 ἑτοίμασον
1476 2545 1590 2613 τὴν
1607 2545 1824 2614 ψυχήν

210 2651 335 2691 σου
364 2639 452 2703 εις
492 2638 851 2709 πειρασμόκ.

288 2744 450 2829 ΚΕΦ.
483 2751 614 2806 NE'.
647 2751 973 2820 Παραὸολὴ
1021 2751 1155 2821 περὶ
1194 2751 1522 2821 οἰκοδομῆς
1561 2752 1821 2820 πύργου.

293 2844 392 2910 Τίς
435 2845 547 2914 γὰρ
579 2873 646 2884 —
681 2844 1025 2898 ἐκτελέσαι.
1069 2844 1285 2914 Ὠσπερ
1314 2847 1341 2897 ό
1381 2844 1554 2898 θέλων
1608 2845 1824 2916 πύργον

213 2935 481 3005 αἰσθητὸν
543 2934 933 3005 οἰκοδομῆσαι,
988 2935 1202 3004 ὀφείλει
1257 2936 1480 3007 πρῶτον
1549 2938 1825 3008 μετρῆσαι

209 3027 316 3098 τὴν
354 3029 412 3080 ὲν
438 3029 689 3098 χρήμασι
717 3029 976 3100 δαπάνην
1004 3042 1016 3056 ⁸
1053 3029 1200 3084 οὕτω
1235 3035 1328 3084 καὶ
1349 3033 1376 3083 ὀ
1401 3031 1574 3083 θέλων
1612 3029 1825 3100 πύργον

216 3119 414 3189 νοητὸν
448 3119 831 3191 οἰκοδομῆσαι,
878 3119 1026 3189 λέγω
1088 3121 1175 3192 δὴ,
1233 3121 1517 3192 σύμπηξιν
1583 3121 1822 3190 ἀρετῶν,

1918 602 2069 673 prior
2102 599 2210 655 illis
2245 599 2301 653 in
2339 598 2549 652 honore
2570 592 2856 649 habendus
2889 601 2995 650 est.
3148 658 3150 660 τ

1987 693 2094 749 Per
2120 690 2550 764 propinqujores
2583 696 2766 743 autem
2796 699 3066 758 personas
3118 697 3338 740 omnem
3379 680 3521 736 dile-

1916 796 2060 843 ctam
2098 802 2388 857 personam
2419 783 2767 857 signiﬁcavit.
2795 781 3025 836 Addidit
3050 789 3105 835 et
3135 777 3284 850 quod
3341 777 3521 854 majus

1918 889 2050 937 est:
2115 879 2295 933 adhuc
2354 889 2540 932 autem
2610 885 2665 931 et
2709 875 2949 928 animam
3010 888 3188 935 suam,
3247 871 3352 924 hoc
3399 879 3521 934 est,

1918 986 2076 1028 suam
2148 985 2369 1042 quoque
2435 968 2611 1039 ipsius
2673 965 3039 1029 voluntatem,
3131 964 3224 1018 ubt
3319 962 3524 1016 divina:

1919 1061 2388 1119 fueritcontraria
2419 1058 2718 1116 voluntati.
2756 1058 2991 1126 Oportet
3024 1055 3173 1110 enim
3195 1068 3327 1108 vere
3358 1052 3523 1106 Chri-

1920 1157 1992 1214 sti
2067 1148 2405 1226 discipulum
2472 1154 2528 1208 in
2583 1150 2970 1224 Spiritualibus
3015 1145 3440 1210 certaminibus,
3494 1160 3526 1200 a

1922 1252 2111 1308 carnis
2168 1256 2226 1304 et
2263 1247 2462 1303 animas
2519 1245 2636 1302 sive
2693 1235 2994 1299 voluntatis
3048 1254 3236 1295 amore
3303 1239 3526 1309 penitus

1921 1345 2107 1401 avelli.

1992 1435 2152 1492 νει-ε.
2188 1435 2280 1490 27.
2308 1432 2378 1488 Et
2401 1431 2638 1503 quisquis
2668 1461 2736 1472 —-
2755 1446 2901 1484 meus
2927 1427 3246 1498 discipulus.
3265 1425 3530 1496 Quisquis

1921 1546 2031 1585 non
2068 1527 2276 1598 bajulat
2309 1526 2364 1582 in
2395 1525 2664 1580 memoria
2694 1531 2929 1578 mortem
2962 1536 3153 1586 suam;
3186 1535 3286 1591 per
3307 1532 3528 1574 crucem

1923 1623 2072 1678 enim
2114 1631 2350 1676 mortem
2387 1618 2749 1690 signiﬁcavit,
2782 1605 2918 1687 quia
2938 1625 3071 1670 tunc
3091 1614 3290 1668 mortis
3316 1612 3530 1667 instru-

1924 1725 2172 1771 mentum
2228 1722 2349 1768 erat
2384 1713 2720 1776 crux,sicut
2795 1712 2961 1767 etiam
3015 1708 3298 1766 tricesimo
3361 1705 3531 1760 tertio

1920 1810 2076 1879 juxta
2109 1807 2412 1872 Mattlteum
2447 1805 2627 1876 capite
2655 1805 2863 1860 dictum
2887 1813 2992 1860 est.
3015 1801 3277 1871 Quisquis
3304 1814 3413 1853 non
3437 1797 3534 1852 ba-

1855 1877 2060 1973 8iulat
2114 1902 2196 1955 sui
2235 1898 2739 1961 mortiﬁcationem,
2799 1912 2919 1951 eam
2974 1894 3251 1953 videlicet.
3302 1906 3423 1960 quae
3449 1897 3534 1943 est

1926 1993 2113 2050 carnis
2162 2007 2275 2046 suae
2326 1991 2596 2046 adversus
2623 1989 2956 2058 Voluptates.
2982 1986 3121 2051 Quia
3148 1997 3283 2038 vero
3320 1980 3535 2036 aversio

1925 2087 2053 2141 vitae
2092 2103 2120 2139 a
2165 2084 2544 2153 voluptatibus
2587 2079 2998 2151 quodammodo
3041 2074 3336 2132 conversio
3382 2087 3535 2142 qum-

1925 2180 2051 2235 dam
2085 2187 2170 2232 est
2204 2177 2271 2230 ad
2297 2175 2627 2230 laboriosam
2667 2169 3169 2231 conversationem,
3212 2165 3537 2221 consolatur

1926 2281 1982 2325 et
2010 2271 2175 2325 docet
2237 2284 2334 2336 per
2390 2265 2727 2335 exemplum,
2785 2263 2932 2334 quod
2988 2268 3242 2331 oporteat
3264 2273 3390 2312 eum
3440 2256 3534 2325 qui

1927 2364 2044 2418 vult
2092 2362 2215 2431 ejus
2277 2375 2400 2415 esse
2462 2357 2798 2428 discipulus,
2847 2365 3160 2424 praeparare
3191 2350 3436 2418 seipsum
3465 2345 3534 2400 ad

1928 2452 2281 2508 tolerantiam
2315 2452 2498 2504 omnis
2531 2446 2876 2503 tentationis.
2924 2443 3206 2513 Scriptum
3254 2448 3339 2493 cst
3382 2436 3532 2491 enim

1927 2544 2314 2608 Siaccesseris,
2345 2553 2400 2596 ut
2439 2542 2637 2598 servias
2678 2540 2930 2602 Domino,
2983 2550 3232 2606 prepara
3294 2532 3535 2585 animam

1929 2649 2078 2694 luant
2138 2637 2210 2692 ad
2240 2637 2588 2692 tentationem
2618 2635 2684 2688 ¹⁰.

2069 2755 2229 2808 CAP.
2259 2750 2370 2805 LV.
2398 2749 2669 2805 Parabola
2710 2748 2774 2800 de
2802 2742 3157 2812 wdiﬁcatione
3196 2739 3390 2796 turris.

2001 2847 2158 2901 Vers.
2190 2845 2280 2899 28.
2316 2843 2446 2919 Quis
2498 2841 2637 2910 enim
2688 2867 2760 2877 -—
2793 2834 2950 2891 Vers.
3013 2834 3105 2889 30.
3139 2845 3533 2887 consummare.

1928 2940 2085 2995 Sicut
2145 2939 2190 2991 is
2218 2940 2311 3006 qul
2346 2932 2540 2987 turrim
2576 2928 2895 2986 sensibilem
2923 2927 3075 2995 cupit
3103 2924 3398 2987 aediﬁcare,
3437 2921 3534 2976 de-

1927 3034 2020 3085 bet
2057 3029 2298 3100 primum
2354 3033 2613 3096 sumptus
2676 3023 3042 3094 pecuniarum
3079 3033 3374 3073 numerare
3408 3030 3424 3070 :
3454 3015 3532 3070 ita

1926 3136 2148 3191 quoque
2172 3119 2366 3174 volens
2391 3117 2587 3172 turrim
2620 3112 3050 3169 intellectualem
3083 3110 3379 3174 azditicare,
3399 3118 3534 3178 puta

217 3215 426 3282 ὀφείλει
461 3213 679 3285 πρῶτον
739 3215 1136 3286 μετρῆσαιτην
1186 3218 1244 3269 ὲν
1285 3215 1619 3282 πειρασμοῖς
1663 3210 1819 3280 διὰρ-

1932 3213 2197 3267 virtutum
2233 3208 2697 3280 compactionem,
2742 3206 2905 3260 debet
2933 3202 3116 3258 metiri
3147 3204 3387 3273 primum
3422 3199 3542 3255 sul-

217 3323 398 3371 κειαν,
435 3306 524 3359 ῖνα
560 3306 1216 3378 προπαρασκευασμένος
1242 3305 1354 3373 (68)
1379 3303 1477 3366 ὢν,
1514 3302 1646 3372 ῥᾷον
1676 3301 1821 3374 φέρῃ

217 3398 444 3462 τούτους
469 3398 945 3470 προσπίπτοντας.
975 3394 1110 3450 Εἶτα
1159 3396 1253 3448 καὶ
1284 3394 1352 3448 δι’
1393 3394 1589 3468 ἑτέρου
1636 3412 1822 3468 παρα-

214 3492 513 3561 δείγματος
550 3493 813 3560 διεγείρει
844 3489 986 3561 πρδς
1011 3488 1335 3561 καρτερίαν.

292 3588 367 3640 ἸΙ
397 3587 488 3647 τίς
521 3612 591 3623 -
621 3583 716 3636 ἐπ’
742 3582 973 3650 αὑτόν;
1036 3583 1277 3655 Ὁμοίως
1326 3583 1514 3650 πάλιν,
1575 3583 1766 3657 ῶσπερ
1795 3587 1823 3639 ὁ

219 3675 499 3744 βασιλεὺς,
525 3677 554 3730 ὀ
581 3676 954 3746 πορευόμενος
975 3677 1057 3740 εἰς
1089 3677 1332 3745 πόλεμον
1359 3719 1375 3745 ,
1419 3676 1631 3747 ὀφείλει
1681 3695 1823 3748 προ-

217 3765 656 3823 6ουλεύσασθαι’
695 3768 965 3824 οὕτωκαὶ
995 3761 1158 3835 οὗτος
1217 3769 1429 3841 ὀφείλει
1481 3770 1823 3842 προϐουλεύ-

217 3858 438 3921 σασθαι,
489 3862 537 3912 εί
565 3859 794 3914 δύναται
839 3862 983 3930 μετὰ
1013 3849 1127 3915 τῶν
1181 3860 1385 3930 ὀλίγων
1428 3861 1665 3916 ἐντολῶν
1722 3861 1822 3914 τοῦ

217 3950 558 4018 Εὑαγγελίου
586 3951 1142 4022 ἀντιπαρατάξασθαι
1162 3950 1243 4024 τῷ
1277 3953 1518 4024 Σατανᾷ,
1569 3951 1647 4022 τῷ
1679 3953 1824 4023 μετὰ.

217 4039 436 4094 πολλῶν
468 4041 747 4112 δαιμόνων
808 4041 905 4095 κα)⁸
953 4042 1222 4114 μηχανῶν
1281 4043 1376 4097 καὶ
1434 4041 1631 4097 παθῶν
1661 4045 1822 4114 ἐρχο-

218 4133 370 4206 μένῳ
395 4136 485 4188 ἐπ’
520 4137 708 4190 αὐτόν.

283 4227 357 4280 Et
371 4226 440 4279 δὲ
454 4225 615 4296 μήγε
632 4257 700 4272 --
718 4225 792 4282 τὰ
808 4229 962 4298 πρὸς
973 4228 1328 4300 είρήνην.-
1341 4229 1590 4300 Ἕρωτᾷ,
1618 4231 1788 4304 ήγουν
1807 4271 1822 4298 ,

213 4319 556 4390 παρακαλεῖ,
592 4322 832 4375 αἰτεῖται
867 4322 981 4395 (69)
1025 4323 1096 4378 τὰ
1138 4324 1280 4396 πρὸς
1336 4326 1591 4396 εἰρήνην.
1633 4325 1825 4380 Ταῦτα

211 4413 271 4467 δὲ
309 4411 680 4485 προσέθηκεν,
744 4417 807 4470 οὐ
852 4417 1143 4489 παραινῶν
1188 4421 1302 4484 τοῖς
1366 4421 1443 4492 μὴ
1494 4418 1825 4491 δυναμένοις

1929 3305 2250 3367 ﬁcientiam,
2272 3318 2436 3374 quam
2462 3302 2632 3357 habet
2665 3300 2732 3354 ad
2754 3299 3115 3361 tentationes,
3150 3304 3212 3350 ut
3241 3308 3526 3364 praepara-

1930 3409 2019 3455 tus
2046 3399 2186 3454 ferat
2210 3395 2428 3453 facilius
2450 3437 2465 3460 ,
2495 3410 2622 3450 cum
2664 3391 2988 3448 inciderint.
3015 3389 3221 3446 lleinde
3241 3388 3297 3442 in
3319 3387 3426 3442 alio
3440 3401 3536 3440 ex-

1941 3491 2132 3562 emplo
2175 3491 2240 3545 ad
2277 3490 2633 3545 tolerantiam
2663 3485 2888 3541 excitat.

2001 3585 2161 3642 Vers.
2198 3586 2287 3639 31.
2309 3584 2414 3638 Aut
2434 3583 2813 3654 quis—contra
2833 3596 2906 3633 se.
2938 3577 3062 3632 Pari
3095 3590 3316 3647 quoque
3347 3573 3535 3640 modo,

1929 3677 2395 3751 quemadmodum
2424 3693 2523 3731 rex
2552 3674 2621 3730 ad
2656 3673 2913 3744 prtelium
2950 3669 3334 3741 proficiscens,
3363 3666 3536 3723 debet

1931 3773 2170 3845 primum
2205 3771 2545 3835 consultare,
2593 3768 2669 3823 ita
2705 3775 2762 3822 et
2787 3767 2876 3821 bic
2917 3765 3158 3836 primum
3218 3761 3539 3818 consultare

1929 3865 2115 3926 debet.
2166 3879 2236 3918 an
2275 3861 2451 3933 possit
2486 3875 2612 3916 cum
2663 3858 2857 3929 paucis
2904 3855 3185 3927 Evangelii
3243 3850 3541 3925 praeceptis

1931 3959 2188 4014 resistere
2212 3956 2456 4021 Satante,
2487 3953 2577 4010 cui
2613 3969 2740 4008 cum
2777 3950 2970 4007 multis
2999 3949 3288 4005 daemoniis
3319 3956 3376 4003 et
3427 3961 3543 4002 ma-

1930 4051 2110 4106 cbinis
2142 4066 2206 4106 ac
2228 4047 2623 4106 an'ectionibus
2652 4045 2811 4102 venit
2831 4052 3026 4103 contra
3067 4057 3152 4098 se.

1998 4241 2158 4298 Vers.
2177 4238 2270 4295 52.
2309 4236 2493 4308 Aliqui
2512 4266 2584 4277 —
2609 4250 2728 4304 qua!
2753 4235 2904 4306 pacis
2928 4240 3071 4287 sunt.
3089 4229 3328 4287 Rursum
3354 4231 3541 4301 ἐρωτᾷ

1929 4329 2204 4402 signiﬁcat
2273 4335 2526 4398 precatur
2555 4334 2651 4380 aut
2698 4325 2853 4395 petit.
2890 4323 3020 4379 Haac
3068 4330 3254 4378 autem
3297 4323 3536 4389 addidit,

1929 4435 2041 4476 non
2097 4419 2404 4474 adhortans
2435 4426 2495 4472 ut
2526 4415 2622 4487 qui
2669 4430 2782 4469 non
2810 4414 3032 4485 possint
3083 4426 3404 4475 occurrere,
3438 4427 3536 4482 pa-

216 4506 508 4576 ἀπαντᾷν,
551 4506 862 4579 εἰρηνεύειν
913 4511 1056 4580 μετὰ
1109 4509 1206 4564 τοῦ
1258 4513 1512 4566 Σατανᾶ·
1559 4511 1677 4576 πῶς
1709 4512 1819 4584 γὰρ

1932 4528 2051 4569 cem
2082 4511 2271 4566 ineant
2298 4525 2421 4565 cum
2447 4508 2681 4565 Satana:
2706 4521 2947 4578 quonam
2972 4506 3120 4560 enim
3142 4505 3307 4560 modo
3337 4505 3388 4559 id
3419 4505 3536 4559 ﬁeri

212 4597 312 4651 τοῦ
346 4578 801 4671 ἀνθρωποκτόνου
849 4578 946 4656 καὶ
976 4603 1364 4676 ψυχολέθρους
1395 4604 1547 4660 ἀλλὰ¹
1579 4609 1649 4678 τῇ
1686 4578 1819 4662 ἀποζ

1932 4613 2134 4676 potest,
2169 4618 2298 4658 cum
2329 4602 2423 4658 ille
2451 4601 2706 4656 homines
2735 4597 2952 4666 enecet,
2980 4613 3046 4653 ac
3065 4596 3263 4669 perdat
3286 4597 3540 4652 animas?

213 4690 410 4761 λουθίᾳ
465 4691 562 4745 τοῦ
618 4694 1079 4766 παραδείγματος
1135 4698 1438 4770 ἐχρήσατο,
1503 4698 1689 4763 καθὼς
1721 4701 1820 4754 καὶ

213 4782 478 4853 ἀνωτέρω
505 4785 835 4855 πεποίηκεν.
867 4787 1023 4858 Ἀμα
1051 4787 1109 4841 δὲ
1139 4791 1236 4843 καὶ
1267 4789 1350 4853 εἰς
1383 4789 1662 4862 ἐντροπὴν
1706 4790 1818 4844 τῶν

216 4875 360 4947 μετα
384 4876 447 4929 τδ
479 4878 892 4950 μαθητευθῆναι
921 4881 1335 4952 χαυνουμένων.
1378 4882 1490 4936 Καὶ
1521 4881 1818 4954 τοῦτοζγὰρ

215 4970 405 5039 σχῆμα
438 4970 623 5039 λόγου,
649 4972 920 5044 διεγεῖρον
958 4977 1041 5038 εἰς
1069 4976 1383 5048 εὐανδρίαν,
1412 4975 1552 5030 καθὸ
1579 4978 1674 5031 καὶ
1703 4977 1816 5048 (70)

214 5061 399 5131 λέγειν
433 5062 732 5135 εἰώθαμεν,
792 5067 876 5120 ὅτι
931 5071 1184 5139 κρεῖττον
1230 5069 1306 5140 μὴ
1344 5069 1618 5141 ἄρξασθαι
1661 5070 1820 5125 τοῦδε

214 5153 310 5207 τοῦ
348 5155 704 5226 πράγματος,
735 5157 770 5231 ἡ
805 5159 1122 5231 ἀρξάμενον
1149 5162 1226 5233 μὴ
1255 5161 1572 5220 τελειῶσαι.

325 5423 544 5483 “Eccli.
577 5441 638 5494 ιι,
684 5427 740 5486 1.

1929 4696 2038 4752 Sed
2085 4696 2321 4768 exempli
2375 4697 2775 4767 consequentia
2825 4708 2958 4749 usus
2989 4701 3099 4754 est,
3149 4691 3301 4746 sicut
3364 4691 3534 4745 etiam

1930 4787 2065 4846 fecit
2111 4789 2373 4860 superius
2407 4806 2421 4841 :
2458 4787 2626 4842 simul
2653 4786 2821 4842 etiam
2853 4785 2921 4840 ad
2939 4781 3323 4840 confusionem
3341 4795 3536 4836 eorum

1928 4884 2021 4955 qui
2046 4893 2336 4956 postquam
2369 4882 2498 4938 facti
2540 4881 2967 4952 suntdiscipuli,
2992 4878 3368 4934 emolliuntur.
3397 4878 3532 4932 Nam

1930 4986 1986 5033 et
2013 4967 2103 5032 bic
2134 4985 2218 5032 est
2243 4976 2443 5032 modus
2469 4975 2731 5046 loquendi
2798 4973 2866 5028 ad
2890 4973 3325 5046 generositatem
3379 4973 3534 5026 exci-

1930 5080 2079 5133 tans,
2101 5085 2211 5139 quo
2241 5069 2426 5126 dicere
2458 5069 2703 5123 solemus
2737 5084 2751 5123 :
2802 5065 2999 5122 Melius
3022 5074 3107 5121 est
3127 5066 3235 5121 boc
3283 5065 3368 5120 vel
3402 5064 3534 5118 illud

1932 5163 2278 5221 facinusnon
2320 5162 2606 5228 inchoare,
2627 5175 2793 5233 quam
2826 5175 2938 5216 non
2981 5157 3278 5232 perlicere,
3313 5166 3537 5228 postea-

1932 5268 2096 5325 quam
2131 5252 2506 5309 inchoaveris.

1431 5501 1635 5566 Varite
1669 5500 1981 5566 lectiones
2025 5511 2088 5567 et
2132 5512 2327 5570 notua.

292 5670 408 5752 (99)
453 5670 575 5752 δεῖ
599 5671 694 5725 τδν
714 5671 936 5752 Iresiae
967 5673 1181 5752 ξαὶτὴν
1216 5676 1451 5752 μηῖέραο
1483 5679 1551 5752 Α·

292 5692 408 5744 (νο)
466 5692 575 5752 Νξι
599 5692 694 5725 τον
718 5692 936 5741 πατερα
967 5692 1064 5728 και
1081 5692 1181 5746 την
1216 5692 1254 5746 μ
1295 5692 1451 5748 τερα.
1483 5692 1551 5733 Δ.

287 5741 404 5815 (67)
453 5743 559 5797 Του
596 5742 1056 5815 κατᾲᾼΜατθαῖον
1100 5761 1226 5802 cum
1255 5692 1581 5815 1’1ientenio,
1621 5763 1680 5803 re
1733 5749 1809 5803 ita

215 5813 548 5940 ggélulante,
580 5813 785 5870 addidi.
823 5813 900 5870 ita
929 5822 1077 5872 enim
1097 5818 1352 5890 exposuit
1382 5820 1446 5876 ad
1468 5813 1660 5877 Matth.
1695 5835 1809 5889 ινι,

1998 5679 2114 5748 (68)
2139 5679 2217 5736 lta
2259 5690 2514 5752 uterque,
2551 5692 2653 5751 pro
2702 5677 3372 5750 προπαρεσκευασμένος.

1996 5752 2106 5819 (69)
2126 5755 2294 5806 Δίτεῖ.
2323 5751 2390 5806 Α.

1995 5823 2105 5892 (70)
2156 5824 2262 5878 Καί
2295 5823 2499 5880 omittit
2530 5821 2596 5878 Δ.
