  <div class='ocr_page' id='page_1' title='image "/cluster/home/n/w/nwhite01/storage/ocr_20150623/129/uva.x030341099/521.png"; bbox 0 0 4084 6392; ppageno 0'>
   <div class='ocr_carea' id='block_1_1' title="bbox 619 381 761 447">
    <p class='ocr_par' dir='ltr' id='par_1_1' title="bbox 619 381 761 447">
     <span class='ocr_line' id='line_1_1' title="bbox 619 381 761 447; baseline 0.014 -1"><span class='ocrx_word' id='word_1_1' title='bbox 619 381 761 447; x_wconf 73' lang='lat'><strong>1023</strong></span> 
     </span>
    </p>
   </div>
   <div class='ocr_carea' id='block_1_2' title="bbox 1870 378 2657 441">
    <p class='ocr_par' dir='ltr' id='par_1_2' title="bbox 1870 378 2657 441">
     <span class='ocr_line' id='line_1_2' title="bbox 1870 378 2657 441; baseline -0.003 -1"><span class='ocrx_word' id='word_1_2' title='bbox 1870 380 2253 440; x_wconf 81' lang='lat' dir='ltr'><strong>EUTHYMII</strong></span> <span class='ocrx_word' id='word_1_3' title='bbox 2298 378 2657 441; x_wconf 80' lang='lat' dir='ltr'><strong>ZIGABENI</strong></span> 
     </span>
    </p>
   </div>
   <div class='ocr_carea' id='block_1_3' title="bbox 3762 367 3898 433">
    <p class='ocr_par' dir='ltr' id='par_1_3' title="bbox 3762 367 3898 433">
     <span class='ocr_line' id='line_1_3' title="bbox 3762 367 3898 433; baseline -0.015 0"><span class='ocrx_word' id='word_1_4' title='bbox 3762 367 3898 433; x_wconf 65' lang='grc' dir='ltr'><strong>ιοὲι</strong></span> 
     </span>
    </p>
   </div>
   <div class='ocr_carea' id='block_1_4' title="bbox 606 482 2204 555">
    <p class='ocr_par' dir='ltr' id='par_1_4' title="bbox 606 484 2191 555">
     <span class='ocr_line' id='line_1_4' title="bbox 606 484 2191 555; baseline -0.005 -10"><span class='ocrx_word' id='word_1_5' title='bbox 606 491 886 545; x_wconf 78' lang='lat' dir='ltr'><strong>humanus</strong></span> <span class='ocrx_word' id='word_1_6' title='bbox 932 500 1035 553; x_wconf 87' lang='lat' dir='ltr'><strong>est,</strong></span> <span class='ocrx_word' id='word_1_7' title='bbox 1078 488 1217 543; x_wconf 87' lang='lat' dir='ltr'><strong>duos</strong></span> <span class='ocrx_word' id='word_1_8' title='bbox 1251 495 1435 542; x_wconf 82' lang='lat' dir='ltr'><strong>autem</strong></span> <span class='ocrx_word' id='word_1_9' title='bbox 1484 486 1629 542; x_wconf 83' lang='lat' dir='ltr'><strong>ﬁlios</strong></span> <span class='ocrx_word' id='word_1_10' title='bbox 1677 484 1822 554; x_wconf 85' lang='lat' dir='ltr'><strong>ejus,</strong></span> <span class='ocrx_word' id='word_1_11' title='bbox 1850 501 2071 539; x_wconf 84' lang='lat' dir='ltr'><strong>omnem</strong></span> <span class='ocrx_word' id='word_1_12' title='bbox 2101 488 2191 555; x_wconf 66' lang='lat' dir='ltr'><strong>ju.</strong></span> 
     </span>
    </p>
   </div>
   <div class='ocr_carea' id='block_1_5' title="bbox 2313 482 3898 555">
    <p class='ocr_par' dir='ltr' id='par_1_5' title="bbox 2313 482 3898 553">
     <span class='ocr_line' id='line_1_5' title="bbox 2313 482 3898 553; baseline -0.002 -14"><span class='ocrx_word' id='word_1_13' title='bbox 2313 487 2391 539; x_wconf 73' lang='grc' dir='ltr'><strong>Ξύο</strong></span> <span class='ocrx_word' id='word_1_14' title='bbox 2419 485 2475 539; x_wconf 71' lang='grc' dir='ltr'><strong>δὲ</strong></span> <span class='ocrx_word' id='word_1_15' title='bbox 2506 486 2666 546; x_wconf 74' lang='grc' dir='ltr'><strong>υἱοὺς</strong></span> <span class='ocrx_word' id='word_1_16' title='bbox 2692 483 2882 548; x_wconf 84' lang='grc' dir='ltr'><strong>αὐτοῦ,</strong></span> <span class='ocrx_word' id='word_1_17' title='bbox 2910 482 3088 537; x_wconf 86' lang='grc' dir='ltr'><strong>πάντα</strong></span> <span class='ocrx_word' id='word_1_18' title='bbox 3113 483 3325 539; x_wconf 78' lang='grc' dir='ltr'><strong>δίκαιον</strong></span> <span class='ocrx_word' id='word_1_19' title='bbox 3357 483 3452 538; x_wconf 79' lang='grc' dir='ltr'><strong>καὶ</strong></span> <span class='ocrx_word' id='word_1_20' title='bbox 3486 484 3666 540; x_wconf 59' lang='grc' dir='ltr'><strong>ναίντα</strong></span> <span class='ocrx_word' id='word_1_21' title='bbox 3713 484 3898 553; x_wconf 81' lang='grc' dir='ltr'><strong>ἁμαρ-</strong></span> 
     </span>
    </p>
   </div>
   <div class='ocr_carea' id='block_1_6' title="bbox 605 573 2197 645">
    <p class='ocr_par' dir='ltr' id='par_1_6' title="bbox 605 573 2197 645">
     <span class='ocr_line' id='line_1_6' title="bbox 605 573 2197 645; baseline -0.003 -13"><span class='ocrx_word' id='word_1_22' title='bbox 605 590 780 644; x_wconf 72' lang='lat' dir='ltr'><strong>stum,</strong></span> <span class='ocrx_word' id='word_1_23' title='bbox 807 591 1137 645; x_wconf 87' lang='lat' dir='ltr'><strong>omnemque</strong></span> <span class='ocrx_word' id='word_1_24' title='bbox 1164 584 1533 645; x_wconf 86' lang='lat' dir='ltr'><strong>peccatorem;</strong></span> <span class='ocrx_word' id='word_1_25' title='bbox 1562 583 1645 629; x_wconf 89' lang='lat' dir='ltr'><strong>est</strong></span> <span class='ocrx_word' id='word_1_26' title='bbox 1668 573 1812 627; x_wconf 88' lang='lat' dir='ltr'><strong>euim</strong></span> <span class='ocrx_word' id='word_1_27' title='bbox 1843 581 1899 627; x_wconf 92' lang='lat' dir='ltr'><strong>et</strong></span> <span class='ocrx_word' id='word_1_28' title='bbox 1922 574 2197 641; x_wconf 88' lang='lat' dir='ltr'><strong>justorum</strong></span> 
     </span>
    </p>
   </div>
   <div class='ocr_carea' id='block_1_7' title="bbox 605 668 2199 741">
    <p class='ocr_par' dir='ltr' id='par_1_7' title="bbox 605 668 2199 741">
     <span class='ocr_line' id='line_1_7' title="bbox 605 668 2199 741; baseline -0.003 -15"><span class='ocrx_word' id='word_1_29' title='bbox 605 672 766 728; x_wconf 77' lang='lat' dir='ltr'><strong>Pater</strong></span> <span class='ocrx_word' id='word_1_30' title='bbox 799 682 853 727; x_wconf 90' lang='lat' dir='ltr'><strong>et</strong></span> <span class='ocrx_word' id='word_1_31' title='bbox 883 680 1257 741; x_wconf 78' lang='lat' dir='ltr'><strong>peccatorum,</strong></span> <span class='ocrx_word' id='word_1_32' title='bbox 1291 679 1482 740; x_wconf 89' lang='lat' dir='ltr'><strong>utpote</strong></span> <span class='ocrx_word' id='word_1_33' title='bbox 1514 685 1613 739; x_wconf 88' lang='lat' dir='ltr'><strong>per</strong></span> <span class='ocrx_word' id='word_1_34' title='bbox 1647 668 1847 724; x_wconf 80' lang='lat' dir='ltr'><strong>lavacri</strong></span> <span class='ocrx_word' id='word_1_35' title='bbox 1901 684 2165 739; x_wconf 85' lang='lat' dir='ltr'><strong>regenera</strong></span> <span class='ocrx_word' id='word_1_36' title='bbox 2187 697 2199 709; x_wconf 86' lang='lat'><strong>-</strong></span> 
     </span>
    </p>
   </div>
   <div class='ocr_carea' id='block_1_8' title="bbox 606 761 2201 833">
    <p class='ocr_par' dir='ltr' id='par_1_8' title="bbox 606 761 2201 833">
     <span class='ocr_line' id='line_1_8' title="bbox 606 761 2201 833; baseline -0.002 -16"><span class='ocrx_word' id='word_1_37' title='bbox 606 766 810 818; x_wconf 88' lang='lat' dir='ltr'><strong>tionem</strong></span> <span class='ocrx_word' id='word_1_38' title='bbox 837 765 903 817; x_wconf 90' lang='lat' dir='ltr'><strong>ab</strong></span> <span class='ocrx_word' id='word_1_39' title='bbox 922 765 1041 831; x_wconf 89' lang='lat' dir='ltr'><strong>ipso</strong></span> <span class='ocrx_word' id='word_1_40' title='bbox 1063 762 1466 833; x_wconf 87' lang='lat' dir='ltr'><strong>adnptatorum,</strong></span> <span class='ocrx_word' id='word_1_41' title='bbox 1488 762 1555 815; x_wconf 93' lang='lat' dir='ltr'><strong>de</strong></span> <span class='ocrx_word' id='word_1_42' title='bbox 1580 761 1829 816; x_wconf 80' lang='lat' dir='ltr'><strong>fidelibus</strong></span> <span class='ocrx_word' id='word_1_43' title='bbox 1848 761 1991 815; x_wconf 91' lang='lat' dir='ltr'><strong>enim</strong></span> <span class='ocrx_word' id='word_1_44' title='bbox 2018 775 2201 815; x_wconf 81' lang='lat' dir='ltr'><strong>sermo</strong></span> 
     </span>
    </p>
   </div>
   <div class='ocr_carea' id='block_1_9' title="bbox 601 849 2197 918">
    <p class='ocr_par' dir='ltr' id='par_1_9' title="bbox 601 849 2197 918">
     <span class='ocr_line' id='line_1_9' title="bbox 601 849 2197 918; baseline -0.002 -13"><span class='ocrx_word' id='word_1_45' title='bbox 601 860 709 905; x_wconf 74' lang='lat' dir='ltr'><strong>est.</strong></span> <span class='ocrx_word' id='word_1_46' title='bbox 747 849 1027 905; x_wconf 77' lang='lat' dir='ltr'><strong>Juniorem</strong></span> <span class='ocrx_word' id='word_1_47' title='bbox 1072 865 1201 904; x_wconf 90' lang='lat' dir='ltr'><strong>vero</strong></span> <span class='ocrx_word' id='word_1_48' title='bbox 1245 849 1551 903; x_wconf 74' lang='lat' dir='ltr'><strong>nominavit</strong></span> <span class='ocrx_word' id='word_1_49' title='bbox 1580 858 1954 918; x_wconf 88' lang='lat' dir='ltr'><strong>peccatorem,</strong></span> <span class='ocrx_word' id='word_1_50' title='bbox 2002 857 2061 901; x_wconf 92' lang='lat' dir='ltr'><strong>ut</strong></span> <span class='ocrx_word' id='word_1_51' title='bbox 2101 849 2197 917; x_wconf 90' lang='lat' dir='ltr'><strong>qui</strong></span> 
     </span>
    </p>
   </div>
   <div class='ocr_carea' id='block_1_10' title="bbox 604 936 2194 1007">
    <p class='ocr_par' dir='ltr' id='par_1_10' title="bbox 604 936 2194 1007">
     <span class='ocr_line' id='line_1_10' title="bbox 604 936 2194 1007; baseline 0 -17"><span class='ocrx_word' id='word_1_52' title='bbox 604 937 890 1004; x_wconf 55' lang='lat' dir='ltr'><strong>pueriliter</strong></span> <span class='ocrx_word' id='word_1_53' title='bbox 922 938 1063 1007; x_wconf 89' lang='lat' dir='ltr'><strong>sapit</strong></span> <span class='ocrx_word' id='word_1_54' title='bbox 1116 937 1383 1005; x_wconf 77' lang='lat' dir='ltr'><strong>facileque</strong></span> <span class='ocrx_word' id='word_1_55' title='bbox 1418 936 1669 990; x_wconf 88' lang='lat' dir='ltr'><strong>fallitur:</strong></span> <span class='ocrx_word' id='word_1_56' title='bbox 1724 938 1815 1005; x_wconf 90' lang='lat' dir='ltr'><strong>qui</strong></span> <span class='ocrx_word' id='word_1_57' title='bbox 1852 937 2019 990; x_wconf 90' lang='lat' dir='ltr'><strong>etiam</strong></span> <span class='ocrx_word' id='word_1_58' title='bbox 2056 937 2194 990; x_wconf 86' lang='lat' dir='ltr'><strong>sub-</strong></span> 
     </span>
    </p>
   </div>
   <div class='ocr_carea' id='block_1_11' title="bbox 604 1027 2199 1098">
    <p class='ocr_par' dir='ltr' id='par_1_11' title="bbox 604 1027 2199 1098">
     <span class='ocr_line' id='line_1_11' title="bbox 604 1027 2199 1098; baseline 0.001 -17"><span class='ocrx_word' id='word_1_59' title='bbox 604 1031 827 1081; x_wconf 74' lang='lat' dir='ltr'><strong>stantia:</strong></span> <span class='ocrx_word' id='word_1_60' title='bbox 868 1038 1077 1098; x_wconf 89' lang='lat' dir='ltr'><strong>partem</strong></span> <span class='ocrx_word' id='word_1_61' title='bbox 1103 1043 1225 1097; x_wconf 61' lang='lat' dir='ltr'><strong>quas</strong></span> <span class='ocrx_word' id='word_1_62' title='bbox 1262 1027 1368 1081; x_wconf 88' lang='lat' dir='ltr'><strong>sibi</strong></span> <span class='ocrx_word' id='word_1_63' title='bbox 1403 1028 1758 1089; x_wconf 85' lang='lat' dir='ltr'><strong>obveniebat,</strong></span> <span class='ocrx_word' id='word_1_64' title='bbox 1809 1027 2006 1097; x_wconf 88' lang='lat' dir='ltr'><strong>petivit</strong></span> <span class='ocrx_word' id='word_1_65' title='bbox 2043 1045 2056 1081; x_wconf 91' lang='lat'><strong>:</strong></span> <span class='ocrx_word' id='word_1_66' title='bbox 2092 1028 2199 1083; x_wconf 87' lang='lat' dir='ltr'><strong>hoc</strong></span> 
     </span>
    </p>
   </div>
   <div class='ocr_carea' id='block_1_12' title="bbox 602 1118 2197 1189">
    <p class='ocr_par' dir='ltr' id='par_1_12' title="bbox 602 1118 2197 1189">
     <span class='ocr_line' id='line_1_12' title="bbox 602 1118 2197 1189; baseline -0.001 -15"><span class='ocrx_word' id='word_1_67' title='bbox 602 1130 689 1174; x_wconf 84' lang='lat' dir='ltr'><strong>est</strong></span> <span class='ocrx_word' id='word_1_68' title='bbox 718 1121 948 1173; x_wconf 64' lang='lat' dir='ltr'><strong>libvrum</strong></span> <span class='ocrx_word' id='word_1_69' title='bbox 969 1120 1280 1183; x_wconf 84' lang='lat' dir='ltr'><strong>arbitrium,</strong></span> <span class='ocrx_word' id='word_1_70' title='bbox 1313 1120 1458 1189; x_wconf 85' lang='lat' dir='ltr'><strong>quod</strong></span> <span class='ocrx_word' id='word_1_71' title='bbox 1487 1120 1537 1172; x_wconf 87' lang='lat' dir='ltr'><strong>ei</strong></span> <span class='ocrx_word' id='word_1_72' title='bbox 1559 1134 1626 1172; x_wconf 80' lang='lat' dir='ltr'><strong>ex</strong></span> <span class='ocrx_word' id='word_1_73' title='bbox 1648 1128 1845 1171; x_wconf 83' lang='lat' dir='ltr'><strong>natura</strong></span> <span class='ocrx_word' id='word_1_74' title='bbox 1870 1118 2197 1173; x_wconf 85' lang='lat' dir='ltr'><strong>debebatur.</strong></span> 
     </span>
    </p>
   </div>
   <div class='ocr_carea' id='block_1_13' title="bbox 601 1208 2202 1281">
    <p class='ocr_par' dir='ltr' id='par_1_13' title="bbox 601 1208 2202 1281">
     <span class='ocr_line' id='line_1_13' title="bbox 601 1208 2202 1281; baseline -0.002 -18"><span class='ocrx_word' id='word_1_75' title='bbox 601 1210 864 1280; x_wconf 83' lang='lat' dir='ltr'><strong>Quisquis</strong></span> <span class='ocrx_word' id='word_1_76' title='bbox 897 1212 1043 1265; x_wconf 92' lang='lat' dir='ltr'><strong>enim</strong></span> <span class='ocrx_word' id='word_1_77' title='bbox 1079 1210 1370 1281; x_wconf 87' lang='lat' dir='ltr'><strong>pueriliter</strong></span> <span class='ocrx_word' id='word_1_78' title='bbox 1402 1209 1564 1278; x_wconf 82' lang='lat' dir='ltr'><strong>sapit,</strong></span> <span class='ocrx_word' id='word_1_79' title='bbox 1618 1209 1851 1263; x_wconf 87' lang='lat' dir='ltr'><strong>liberum</strong></span> <span class='ocrx_word' id='word_1_80' title='bbox 1901 1208 2079 1279; x_wconf 88' lang='lat' dir='ltr'><strong>poscit</strong></span> <span class='ocrx_word' id='word_1_81' title='bbox 2114 1221 2202 1261; x_wconf 85' lang='lat' dir='ltr'><strong>ar-</strong></span> 
     </span>
    </p>
   </div>
   <div class='ocr_carea' id='block_1_14' title="bbox 608 1301 854 1356">
    <p class='ocr_par' dir='ltr' id='par_1_14' title="bbox 608 1301 854 1356">
     <span class='ocr_line' id='line_1_14' title="bbox 608 1301 854 1356; baseline 0 -1"><span class='ocrx_word' id='word_1_82' title='bbox 608 1301 854 1356; x_wconf 89' lang='lat' dir='ltr'><strong>bitrium.</strong></span> 
     </span>
    </p>
   </div>
   <div class='ocr_carea' id='block_1_15' title="bbox 679 1390 2197 1462">
    <p class='ocr_par' dir='ltr' id='par_1_15' title="bbox 679 1390 2197 1462">
     <span class='ocr_line' id='line_1_15' title="bbox 679 1390 2197 1462; baseline -0.001 -18"><span class='ocrx_word' id='word_1_83' title='bbox 679 1393 1177 1462; x_wconf 81' lang='lat' dir='ltr'><strong>Autobtingenteiu</strong></span> <span class='ocrx_word' id='word_1_84' title='bbox 1212 1392 1538 1447; x_wconf 71' lang='lat' dir='ltr'><strong>substantias</strong></span> <span class='ocrx_word' id='word_1_85' title='bbox 1559 1400 1771 1461; x_wconf 91' lang='lat' dir='ltr'><strong>partem</strong></span> <span class='ocrx_word' id='word_1_86' title='bbox 1795 1390 1926 1446; x_wconf 87' lang='lat' dir='ltr'><strong>dicit</strong></span> <span class='ocrx_word' id='word_1_87' title='bbox 1956 1390 2197 1445; x_wconf 86' lang='lat' dir='ltr'><strong>debitam</strong></span> 
     </span>
    </p>
   </div>
   <div class='ocr_carea' id='block_1_16' title="bbox 608 1479 2199 1555">
    <p class='ocr_par' dir='ltr' id='par_1_16' title="bbox 608 1479 2199 1555">
     <span class='ocr_line' id='line_1_16' title="bbox 608 1479 2199 1555; baseline -0.001 -19"><span class='ocrx_word' id='word_1_88' title='bbox 608 1497 673 1536; x_wconf 81' lang='lat' dir='ltr'><strong>ex</strong></span> <span class='ocrx_word' id='word_1_89' title='bbox 704 1483 975 1553; x_wconf 87' lang='lat' dir='ltr'><strong>baptismo</strong></span> <span class='ocrx_word' id='word_1_90' title='bbox 1004 1484 1256 1555; x_wconf 89' lang='lat' dir='ltr'><strong>gratiam.</strong></span> <span class='ocrx_word' id='word_1_91' title='bbox 1292 1482 1479 1536; x_wconf 85' lang='lat' dir='ltr'><strong>Cuivis</strong></span> <span class='ocrx_word' id='word_1_92' title='bbox 1509 1482 1659 1536; x_wconf 92' lang='lat' dir='ltr'><strong>enim</strong></span> <span class='ocrx_word' id='word_1_93' title='bbox 1702 1481 1981 1551; x_wconf 75' lang='lat' dir='ltr'><strong>baptisato</strong></span> <span class='ocrx_word' id='word_1_94' title='bbox 2010 1479 2199 1545; x_wconf 81' lang='lat' dir='ltr'><strong>divina</strong></span> 
     </span>
    </p>
   </div>
   <div class='ocr_carea' id='block_1_17' title="bbox 609 1572 2199 1643">
    <p class='ocr_par' dir='ltr' id='par_1_17' title="bbox 609 1572 2199 1643">
     <span class='ocr_line' id='line_1_17' title="bbox 609 1572 2199 1643; baseline -0.001 -18"><span class='ocrx_word' id='word_1_95' title='bbox 609 1573 772 1627; x_wconf 91' lang='lat' dir='ltr'><strong>datur</strong></span> <span class='ocrx_word' id='word_1_96' title='bbox 820 1575 1012 1643; x_wconf 87' lang='lat' dir='ltr'><strong>gratia.</strong></span> <span class='ocrx_word' id='word_1_97' title='bbox 1075 1573 1397 1629; x_wconf 84' lang='lat' dir='ltr'><strong>Substantia</strong></span> <span class='ocrx_word' id='word_1_98' title='bbox 1438 1581 1621 1626; x_wconf 88' lang='lat' dir='ltr'><strong>autem</strong></span> <span class='ocrx_word' id='word_1_99' title='bbox 1674 1572 1791 1625; x_wconf 79' lang='lat' dir='ltr'><strong>sive</strong></span> <span class='ocrx_word' id='word_1_100' title='bbox 1830 1572 2033 1626; x_wconf 64' lang='lat' dir='ltr'><strong>divitia</strong></span> <span class='ocrx_word' id='word_1_101' title='bbox 2081 1572 2199 1638; x_wconf 87' lang='lat' dir='ltr'><strong>Dei,</strong></span> 
     </span>
    </p>
   </div>
   <div class='ocr_carea' id='block_1_18' title="bbox 608 1661 2204 1733">
    <p class='ocr_par' dir='ltr' id='par_1_18' title="bbox 608 1661 2204 1733">
     <span class='ocr_line' id='line_1_18' title="bbox 608 1661 2204 1733; baseline -0.003 -15"><span class='ocrx_word' id='word_1_102' title='bbox 608 1675 735 1718; x_wconf 87' lang='lat' dir='ltr'><strong>sunt</strong></span> <span class='ocrx_word' id='word_1_103' title='bbox 774 1666 1125 1733; x_wconf 86' lang='lat' dir='ltr'><strong>charismata,</strong></span> <span class='ocrx_word' id='word_1_104' title='bbox 1180 1666 1233 1720; x_wconf 94' lang='lat' dir='ltr'><strong>id</strong></span> <span class='ocrx_word' id='word_1_105' title='bbox 1290 1673 1398 1729; x_wconf 91' lang='lat' dir='ltr'><strong>est,</strong></span> <span class='ocrx_word' id='word_1_106' title='bbox 1463 1664 1604 1718; x_wconf 89' lang='lat' dir='ltr'><strong>dona</strong></span> <span class='ocrx_word' id='word_1_107' title='bbox 1645 1677 1767 1732; x_wconf 70' lang='lat' dir='ltr'><strong>qua:</strong></span> <span class='ocrx_word' id='word_1_108' title='bbox 1829 1662 2025 1717; x_wconf 81' lang='lat' dir='ltr'><strong>dividit</strong></span> <span class='ocrx_word' id='word_1_109' title='bbox 2071 1661 2204 1715; x_wconf 83' lang='lat' dir='ltr'><strong>fide-</strong></span> 
     </span>
    </p>
   </div>
   <div class='ocr_carea' id='block_1_19' title="bbox 610 1754 774 1813">
    <p class='ocr_par' dir='ltr' id='par_1_19' title="bbox 610 1754 774 1813">
     <span class='ocr_line' id='line_1_19' title="bbox 610 1754 774 1813; baseline 0.037 -6"><span class='ocrx_word' id='word_1_110' title='bbox 610 1754 774 1813; x_wconf 84' lang='lat' dir='ltr'><strong>libus.</strong></span> 
     </span>
    </p>
   </div>
   <div class='ocr_carea' id='block_1_20' title="bbox 2307 575 3900 645">
    <p class='ocr_par' dir='ltr' id='par_1_20' title="bbox 2307 575 3900 645">
     <span class='ocr_line' id='line_1_20' title="bbox 2307 575 3900 645; baseline -0.003 -14"><span class='ocrx_word' id='word_1_111' title='bbox 2307 577 2499 632; x_wconf 85' lang='grc' dir='ltr'><strong>τωλόν.</strong></span> <span class='ocrx_word' id='word_1_112' title='bbox 2536 578 2691 629; x_wconf 83' lang='grc' dir='ltr'><strong>Ἐστι</strong></span> <span class='ocrx_word' id='word_1_113' title='bbox 2732 576 2839 645; x_wconf 82' lang='grc' dir='ltr'><strong>γὰρ</strong></span> <span class='ocrx_word' id='word_1_114' title='bbox 2872 575 3064 645; x_wconf 77' lang='grc' dir='ltr'><strong>Πατὴρ</strong></span> <span class='ocrx_word' id='word_1_115' title='bbox 3105 576 3336 629; x_wconf 77' lang='grc' dir='ltr'><strong>καὶτῶν</strong></span> <span class='ocrx_word' id='word_1_116' title='bbox 3378 578 3610 631; x_wconf 80' lang='grc' dir='ltr'><strong>δικαίων</strong></span> <span class='ocrx_word' id='word_1_117' title='bbox 3647 578 3744 630; x_wconf 79' lang='grc' dir='ltr'><strong>καὶ</strong></span> <span class='ocrx_word' id='word_1_118' title='bbox 3791 576 3900 627; x_wconf 75' lang='grc' dir='ltr'><strong>τῶν</strong></span> 
     </span>
    </p>
   </div>
   <div class='ocr_carea' id='block_1_21' title="bbox 2307 664 3899 739">
    <p class='ocr_par' dir='ltr' id='par_1_21' title="bbox 2307 664 3899 739">
     <span class='ocr_line' id='line_1_21' title="bbox 2307 664 3899 739; baseline -0.004 -17"><span class='ocrx_word' id='word_1_119' title='bbox 2307 666 2674 739; x_wconf 78' lang='grc' dir='ltr'><strong>ἁμαρτωλῶν,</strong></span> <span class='ocrx_word' id='word_1_120' title='bbox 2704 666 2778 727; x_wconf 83' lang='grc' dir='ltr'><strong>ὡς</strong></span> <span class='ocrx_word' id='word_1_121' title='bbox 2807 664 3230 735; x_wconf 74' lang='grc' dir='ltr'><strong>υίοθετηθέντων</strong></span> <span class='ocrx_word' id='word_1_122' title='bbox 3268 665 3419 736; x_wconf 85' lang='grc' dir='ltr'><strong>αὐτῷ</strong></span> <span class='ocrx_word' id='word_1_123' title='bbox 3442 667 3531 720; x_wconf 71' lang='grc' dir='ltr'><strong>διὰ</strong></span> <span class='ocrx_word' id='word_1_124' title='bbox 3552 666 3645 720; x_wconf 78' lang='grc' dir='ltr'><strong>τοῦ</strong></span> <span class='ocrx_word' id='word_1_125' title='bbox 3669 664 3899 735; x_wconf 83' lang='grc' dir='ltr'><strong>λουτροῦ</strong></span> 
     </span>
    </p>
   </div>
   <div class='ocr_carea' id='block_1_22' title="bbox 2307 755 3896 829">
    <p class='ocr_par' dir='ltr' id='par_1_22' title="bbox 2307 755 3896 829">
     <span class='ocr_line' id='line_1_22' title="bbox 2307 755 3896 829; baseline -0.001 -19"><span class='ocrx_word' id='word_1_126' title='bbox 2307 759 2405 827; x_wconf 84' lang='grc' dir='ltr'><strong>τῆς</strong></span> <span class='ocrx_word' id='word_1_127' title='bbox 2441 759 2886 827; x_wconf 81' lang='grc' dir='ltr'><strong>ἀναγεννήσεως·</strong></span> <span class='ocrx_word' id='word_1_128' title='bbox 2913 755 3044 825; x_wconf 79' lang='grc' dir='ltr'><strong>περὶ</strong></span> <span class='ocrx_word' id='word_1_129' title='bbox 3063 756 3173 809; x_wconf 82' lang='grc' dir='ltr'><strong>τῶν</strong></span> <span class='ocrx_word' id='word_1_130' title='bbox 3222 758 3431 810; x_wconf 82' lang='grc' dir='ltr'><strong>πιστῶν</strong></span> <span class='ocrx_word' id='word_1_131' title='bbox 3472 760 3580 829; x_wconf 78' lang='grc' dir='ltr'><strong>γὰρ</strong></span> <span class='ocrx_word' id='word_1_132' title='bbox 3630 758 3660 810; x_wconf 82' lang='grc' dir='ltr'>ὀ</span> <span class='ocrx_word' id='word_1_133' title='bbox 3713 757 3896 824; x_wconf 84' lang='grc' dir='ltr'><strong>λόγος.</strong></span> 
     </span>
    </p>
   </div>
   <div class='ocr_carea' id='block_1_23' title="bbox 2309 848 3901 920">
    <p class='ocr_par' dir='ltr' id='par_1_23' title="bbox 2309 848 3901 920">
     <span class='ocr_line' id='line_1_23' title="bbox 2309 848 3901 920; baseline -0.001 -18"><span class='ocrx_word' id='word_1_134' title='bbox 2309 850 2593 920; x_wconf 81' lang='grc' dir='ltr'><strong>Νεὼτερον</strong></span> <span class='ocrx_word' id='word_1_135' title='bbox 2630 849 2687 903; x_wconf 73' lang='grc' dir='ltr'><strong>δι</strong></span> <span class='ocrx_word' id='word_1_136' title='bbox 2738 848 2999 917; x_wconf 70' lang='grc' dir='ltr'><strong>ὀνομάζει</strong></span> <span class='ocrx_word' id='word_1_137' title='bbox 3031 848 3122 902; x_wconf 81' lang='grc' dir='ltr'><strong>τὸν</strong></span> <span class='ocrx_word' id='word_1_138' title='bbox 3172 850 3531 920; x_wconf 74' lang='grc' dir='ltr'><strong>ἁμαρτωλὸν,</strong></span> <span class='ocrx_word' id='word_1_139' title='bbox 3579 849 3657 915; x_wconf 82' lang='grc' dir='ltr'><strong>ὡς</strong></span> <span class='ocrx_word' id='word_1_140' title='bbox 3709 849 3901 919; x_wconf 76' lang='grc' dir='ltr'><strong>νηπιό-</strong></span> 
     </span>
    </p>
   </div>
   <div class='ocr_carea' id='block_1_24' title="bbox 2308 940 3898 1013">
    <p class='ocr_par' dir='ltr' id='par_1_24' title="bbox 2308 940 3898 1013">
     <span class='ocr_line' id='line_1_24' title="bbox 2308 940 3898 1013; baseline -0.001 -20"><span class='ocrx_word' id='word_1_141' title='bbox 2308 959 2480 1013; x_wconf 81' lang='grc' dir='ltr'><strong>φρονα</strong></span> <span class='ocrx_word' id='word_1_142' title='bbox 2515 944 2607 995; x_wconf 75' lang='grc' dir='ltr'><strong>καὶ</strong></span> <span class='ocrx_word' id='word_1_143' title='bbox 2640 940 3068 1011; x_wconf 79' lang='grc' dir='ltr'><strong>εὐεξαπάτητον,</strong></span> <span class='ocrx_word' id='word_1_144' title='bbox 3126 940 3185 1004; x_wconf 86' lang='grc' dir='ltr'><strong>δς</strong></span> <span class='ocrx_word' id='word_1_145' title='bbox 3240 942 3336 994; x_wconf 79' lang='grc' dir='ltr'><strong>καὶ</strong></span> <span class='ocrx_word' id='word_1_146' title='bbox 3386 942 3624 1012; x_wconf 74' lang='grc' dir='ltr'><strong>ιζήτησε</strong></span> <span class='ocrx_word' id='word_1_147' title='bbox 3666 944 3730 995; x_wconf 68' lang='grc' dir='ltr'><strong>τὸ</strong></span> <span class='ocrx_word' id='word_1_148' title='bbox 3781 943 3898 994; x_wconf 59' lang='grc' dir='ltr'><strong>ἑπι-</strong></span> 
     </span>
    </p>
   </div>
   <div class='ocr_carea' id='block_1_25' title="bbox 2310 1032 3906 1102">
    <p class='ocr_par' dir='ltr' id='par_1_25' title="bbox 2310 1032 3906 1102">
     <span class='ocr_line' id='line_1_25' title="bbox 2310 1032 3906 1102; baseline 0 -17"><span class='ocrx_word' id='word_1_149' title='bbox 2310 1033 2509 1087; x_wconf 76' lang='grc' dir='ltr'><strong>σάλ).ον</strong></span> <span class='ocrx_word' id='word_1_150' title='bbox 2542 1035 2707 1102; x_wconf 74' lang='grc' dir='ltr'><strong>μέρος</strong></span> <span class='ocrx_word' id='word_1_151' title='bbox 2739 1032 2840 1101; x_wconf 79' lang='grc' dir='ltr'><strong>τῆς</strong></span> <span class='ocrx_word' id='word_1_152' title='bbox 2874 1032 3085 1096; x_wconf 95' lang='grc' dir='ltr'><strong>οὐσίας,</strong></span> <span class='ocrx_word' id='word_1_153' title='bbox 3112 1032 3255 1101; x_wconf 74' lang='grc' dir='ltr'><strong>ἦτοι,</strong></span> <span class='ocrx_word' id='word_1_154' title='bbox 3302 1032 3365 1085; x_wconf 79' lang='grc' dir='ltr'><strong>τὸ</strong></span> <span class='ocrx_word' id='word_1_155' title='bbox 3392 1034 3456 1085; x_wconf 73' lang='grc' dir='ltr'><strong>ὲκ</strong></span> <span class='ocrx_word' id='word_1_156' title='bbox 3484 1035 3704 1101; x_wconf 80' lang='grc' dir='ltr'><strong>φύσεως</strong></span> <span class='ocrx_word' id='word_1_157' title='bbox 3755 1035 3906 1101; x_wconf 72' lang='grc' dir='ltr'><strong>ὀφει-</strong></span> 
     </span>
    </p>
   </div>
   <div class='ocr_carea' id='block_1_26' title="bbox 2305 1124 3906 1195">
    <p class='ocr_par' dir='ltr' id='par_1_26' title="bbox 2305 1124 3906 1195">
     <span class='ocr_line' id='line_1_26' title="bbox 2305 1124 3906 1195; baseline 0 -17"><span class='ocrx_word' id='word_1_158' title='bbox 2305 1125 2531 1195; x_wconf 85' lang='grc' dir='ltr'><strong>λόμενον</strong></span> <span class='ocrx_word' id='word_1_159' title='bbox 2566 1124 2933 1189; x_wconf 81' lang='grc' dir='ltr'><strong>αὐτεξούσιον.</strong></span> <span class='ocrx_word' id='word_1_160' title='bbox 2969 1125 3084 1186; x_wconf 81' lang='grc' dir='ltr'><strong>Πᾶς</strong></span> <span class='ocrx_word' id='word_1_161' title='bbox 3126 1124 3235 1195; x_wconf 84' lang='grc' dir='ltr'><strong>γὰρ</strong></span> <span class='ocrx_word' id='word_1_162' title='bbox 3270 1124 3585 1195; x_wconf 81' lang='grc' dir='ltr'><strong>νηπιόφρων</strong></span> <span class='ocrx_word' id='word_1_163' title='bbox 3640 1124 3793 1195; x_wconf 79' lang='grc' dir='ltr'><strong>ζητεῖ</strong></span> <span class='ocrx_word' id='word_1_164' title='bbox 3846 1126 3906 1178; x_wconf 71' lang='grc' dir='ltr'><strong>τι</strong></span> 
     </span>
    </p>
   </div>
   <div class='ocr_carea' id='block_1_27' title="bbox 2311 1215 2686 1283">
    <p class='ocr_par' dir='ltr' id='par_1_27' title="bbox 2311 1215 2686 1283">
     <span class='ocr_line' id='line_1_27' title="bbox 2311 1215 2686 1283; baseline 0.003 -12"><span class='ocrx_word' id='word_1_165' title='bbox 2311 1215 2686 1283; x_wconf 70' lang='grc' dir='ltr'><strong>αὐτεξούσιον.</strong></span> 
     </span>
    </p>
   </div>
   <div class='ocr_carea' id='block_1_28' title="bbox 2386 1382 3906 1456">
    <p class='ocr_par' dir='ltr' id='par_1_28' title="bbox 2386 1382 3906 1456">
     <span class='ocr_line' id='line_1_28' title="bbox 2386 1382 3906 1456; baseline -0.003 -15"><span class='ocrx_word' id='word_1_166' title='bbox 2386 1387 2456 1441; x_wconf 83' lang='grc' dir='ltr'><strong><em>Ἦ</em></strong></span> <span class='ocrx_word' id='word_1_167' title='bbox 2480 1384 2778 1440; x_wconf 75' lang='grc' dir='ltr'><strong>επιδάλλον</strong></span> <span class='ocrx_word' id='word_1_168' title='bbox 2812 1386 2981 1456; x_wconf 81' lang='grc' dir='ltr'><strong>μέρος</strong></span> <span class='ocrx_word' id='word_1_169' title='bbox 3022 1385 3215 1447; x_wconf 89' lang='grc' dir='ltr'><strong>οὐσίας</strong></span> <span class='ocrx_word' id='word_1_170' title='bbox 3256 1384 3430 1453; x_wconf 79' lang='grc' dir='ltr'><strong>λέγει,</strong></span> <span class='ocrx_word' id='word_1_171' title='bbox 3464 1384 3525 1437; x_wconf 77' lang='grc' dir='ltr'><strong>τὸ</strong></span> <span class='ocrx_word' id='word_1_172' title='bbox 3572 1387 3639 1437; x_wconf 73' lang='grc' dir='ltr'><strong>ἐκ</strong></span> <span class='ocrx_word' id='word_1_173' title='bbox 3677 1382 3773 1437; x_wconf 87' lang='grc' dir='ltr'><strong>τοῦ</strong></span> <span class='ocrx_word' id='word_1_174' title='bbox 3809 1382 3906 1454; x_wconf 83' lang='grc' dir='ltr'><strong>βα-</strong></span> 
     </span>
    </p>
   </div>
   <div class='ocr_carea' id='block_1_29' title="bbox 2311 1472 3909 1546">
    <p class='ocr_par' dir='ltr' id='par_1_29' title="bbox 2311 1472 3909 1546">
     <span class='ocr_line' id='line_1_29' title="bbox 2311 1472 3909 1546; baseline -0.004 -15"><span class='ocrx_word' id='word_1_175' title='bbox 2311 1475 2615 1545; x_wconf 80' lang='grc' dir='ltr'><strong>πτίσματος</strong></span> <span class='ocrx_word' id='word_1_176' title='bbox 2646 1474 3096 1546; x_wconf 82' lang='grc' dir='ltr'><strong>χρεωστούμενον</strong></span> <span class='ocrx_word' id='word_1_177' title='bbox 3134 1475 3408 1546; x_wconf 81' lang='grc' dir='ltr'><strong>χάρισμα.</strong></span> <span class='ocrx_word' id='word_1_178' title='bbox 3448 1474 3621 1527; x_wconf 81' lang='grc' dir='ltr'><strong>Παντὶ</strong></span> <span class='ocrx_word' id='word_1_179' title='bbox 3659 1474 3775 1543; x_wconf 81' lang='grc' dir='ltr'><strong>γὰρ</strong></span> <span class='ocrx_word' id='word_1_180' title='bbox 3812 1472 3909 1542; x_wconf 80' lang='grc' dir='ltr'><strong>βα-</strong></span> 
     </span>
    </p>
   </div>
   <div class='ocr_carea' id='block_1_30' title="bbox 2300 1565 3907 1638">
    <p class='ocr_par' dir='ltr' id='par_1_30' title="bbox 2300 1565 3907 1638">
     <span class='ocr_line' id='line_1_30' title="bbox 2300 1565 3907 1638; baseline -0.003 -18"><span class='ocrx_word' id='word_1_181' title='bbox 2300 1567 2601 1627; x_wconf 74' lang='grc' dir='ltr'><strong>·ιττισθέντι</strong></span> <span class='ocrx_word' id='word_1_182' title='bbox 2640 1567 2889 1638; x_wconf 81' lang='grc' dir='ltr'><strong>χάρισμα</strong></span> <span class='ocrx_word' id='word_1_183' title='bbox 2922 1565 3079 1619; x_wconf 87' lang='grc' dir='ltr'><strong>Θεῖον</strong></span> <span class='ocrx_word' id='word_1_184' title='bbox 3125 1566 3351 1620; x_wconf 87' lang='grc' dir='ltr'><strong>δίδοται.</strong></span> <span class='ocrx_word' id='word_1_185' title='bbox 3400 1567 3575 1619; x_wconf 86' lang='grc' dir='ltr'><strong>Οὐσία</strong></span> <span class='ocrx_word' id='word_1_186' title='bbox 3608 1565 3687 1628; x_wconf 67' lang='grc' dir='ltr'><strong>δὲ,</strong></span> <span class='ocrx_word' id='word_1_187' title='bbox 3746 1565 3866 1635; x_wconf 72' lang='grc' dir='ltr'><strong>ἦτοι</strong></span> <span class='ocrx_word' id='word_1_188' title='bbox 3893 1603 3907 1625; x_wconf 84' lang='grc'><strong>,</strong></span> 
     </span>
    </p>
   </div>
   <div class='ocr_carea' id='block_1_31' title="bbox 2315 1656 3910 1729">
    <p class='ocr_par' dir='ltr' id='par_1_31' title="bbox 2315 1656 3910 1729">
     <span class='ocr_line' id='line_1_31' title="bbox 2315 1656 3910 1729; baseline -0.002 -17"><span class='ocrx_word' id='word_1_189' title='bbox 2315 1660 2549 1720; x_wconf 79' lang='grc' dir='ltr'><strong>πλοῦτος</strong></span> <span class='ocrx_word' id='word_1_190' title='bbox 2614 1657 2794 1722; x_wconf 83' lang='grc' dir='ltr'>Θεοῦ,</span> <span class='ocrx_word' id='word_1_191' title='bbox 2829 1658 2900 1709; x_wconf 77' lang='grc' dir='ltr'><strong>τὰ</strong></span> <span class='ocrx_word' id='word_1_192' title='bbox 2969 1657 3288 1729; x_wconf 74' lang='grc' dir='ltr'><strong>χαρίσματα</strong></span> <span class='ocrx_word' id='word_1_193' title='bbox 3322 1699 3335 1724; x_wconf 93' lang='grc'><strong>,</strong></span> <span class='ocrx_word' id='word_1_194' title='bbox 3388 1656 3426 1711; x_wconf 73' lang='grc' dir='ltr'><strong>ἃ.</strong></span> <span class='ocrx_word' id='word_1_195' title='bbox 3485 1656 3739 1727; x_wconf 81' lang='grc' dir='ltr'><strong>διανέμει</strong></span> <span class='ocrx_word' id='word_1_196' title='bbox 3801 1657 3910 1717; x_wconf 81' lang='grc' dir='ltr'><strong>τοῖς</strong></span> 
     </span>
    </p>
   </div>
   <div class='ocr_carea' id='block_1_32' title="bbox 2311 1750 2684 1818">
    <p class='ocr_par' dir='ltr' id='par_1_32' title="bbox 2311 1750 2684 1818">
     <span class='ocr_line' id='line_1_32' title="bbox 2311 1750 2684 1818; baseline 0.005 -16"><span class='ocrx_word' id='word_1_197' title='bbox 2311 1753 2525 1812; x_wconf 80' lang='grc' dir='ltr'><strong>πιστοῖς</strong></span> <span class='ocrx_word' id='word_1_198' title='bbox 2546 1750 2684 1818; x_wconf 86' lang='grc'><strong>(75).</strong></span> 
     </span>
    </p>
   </div>
   <div class='ocr_carea' id='block_1_33' title="bbox 676 1844 3033 1916">
    <p class='ocr_par' dir='ltr' id='par_1_33' title="bbox 676 1844 3033 1916">
     <span class='ocr_line' id='line_1_33' title="bbox 676 1844 3033 1916; baseline -0 -18"><span class='ocrx_word' id='word_1_199' title='bbox 676 1845 714 1914; x_wconf 71' lang='grc' dir='ltr'><strong>-ι-</strong></span> <span class='ocrx_word' id='word_1_200' title='bbox 751 1846 871 1899; x_wconf 86' lang='lat' dir='ltr'><strong>Non</strong></span> <span class='ocrx_word' id='word_1_201' title='bbox 904 1848 1031 1915; x_wconf 88' lang='lat' dir='ltr'><strong>quia</strong></span> <span class='ocrx_word' id='word_1_202' title='bbox 1063 1856 1308 1915; x_wconf 89' lang='lat' dir='ltr'><strong>tempore</strong></span> <span class='ocrx_word' id='word_1_203' title='bbox 1332 1845 1539 1913; x_wconf 88' lang='lat' dir='ltr'><strong>junior,</strong></span> <span class='ocrx_word' id='word_1_204' title='bbox 1572 1847 1669 1900; x_wconf 87' lang='lat' dir='ltr'><strong>sed</strong></span> <span class='ocrx_word' id='word_1_205' title='bbox 1691 1846 1819 1916; x_wconf 87' lang='lat' dir='ltr'><strong>quia</strong></span> <span class='ocrx_word' id='word_1_206' title='bbox 1846 1861 2016 1900; x_wconf 89' lang='lat' dir='ltr'><strong>sensu</strong></span> <span class='ocrx_word' id='word_1_207' title='bbox 2047 1844 2321 1916; x_wconf 74' lang='lat' dir='ltr'><strong>indigens,</strong></span> <span class='ocrx_word' id='word_1_208' title='bbox 2356 1853 2651 1914; x_wconf 87' lang='lat' dir='ltr'><strong>menteque</strong></span> <span class='ocrx_word' id='word_1_209' title='bbox 2686 1844 3033 1898; x_wconf 83' lang='lat' dir='ltr'><strong>inconstans.</strong></span> 
     </span>
    </p>
   </div>
   <div class='ocr_carea' id='block_1_34' title="bbox 676 1931 3897 2009">
    <p class='ocr_par' dir='ltr' id='par_1_34' title="bbox 676 1931 3897 2009">
     <span class='ocr_line' id='line_1_34' title="bbox 676 1931 3897 2009; baseline -0.002 -19"><span class='ocrx_word' id='word_1_210' title='bbox 676 1935 718 2000; x_wconf 74' lang='grc' dir='ltr'><strong>-Ι-</strong></span> <span class='ocrx_word' id='word_1_211' title='bbox 751 1939 825 1990; x_wconf 78' lang='lat' dir='ltr'><strong>Ac</strong></span> <span class='ocrx_word' id='word_1_212' title='bbox 854 1938 884 1989; x_wconf 82' lang='lat' dir='ltr'><strong>ii</strong></span> <span class='ocrx_word' id='word_1_213' title='bbox 918 1939 1169 1992; x_wconf 77' lang='lat' dir='ltr'><strong>dieeret:</strong></span> <span class='ocrx_word' id='word_1_214' title='bbox 1220 1938 1375 2000; x_wconf 84' lang='lat' dir='ltr'><strong>Nolo,</strong></span> <span class='ocrx_word' id='word_1_215' title='bbox 1420 1947 1611 2008; x_wconf 85' lang='lat' dir='ltr'><strong>urgeat</strong></span> <span class='ocrx_word' id='word_1_216' title='bbox 1638 1954 1726 1992; x_wconf 90' lang='lat' dir='ltr'><strong>me</strong></span> <span class='ocrx_word' id='word_1_217' title='bbox 1767 1936 2047 1993; x_wconf 83' lang='lat' dir='ltr'><strong>serviendi</strong></span> <span class='ocrx_word' id='word_1_218' title='bbox 2093 1938 2443 2001; x_wconf 83' lang='lat' dir='ltr'><strong>necessitas;</strong></span> <span class='ocrx_word' id='word_1_219' title='bbox 2510 1938 2744 1991; x_wconf 91' lang='lat' dir='ltr'><strong>liberum</strong></span> <span class='ocrx_word' id='word_1_220' title='bbox 2813 1945 2897 1990; x_wconf 89' lang='lat' dir='ltr'><strong>est</strong></span> <span class='ocrx_word' id='word_1_221' title='bbox 2953 1935 3101 1989; x_wconf 86' lang='lat' dir='ltr'><strong>enim</strong></span> <span class='ocrx_word' id='word_1_222' title='bbox 3128 1934 3261 1989; x_wconf 91' lang='lat' dir='ltr'><strong>mihi</strong></span> <span class='ocrx_word' id='word_1_223' title='bbox 3286 1934 3601 1988; x_wconf 87' lang='lat' dir='ltr'><strong>arbitrium.</strong></span> <span class='ocrx_word' id='word_1_224' title='bbox 3662 1932 3722 1987; x_wconf 93' lang='lat' dir='ltr'><strong>Si</strong></span> <span class='ocrx_word' id='word_1_225' title='bbox 3754 1931 3897 2009; x_wconf 51' lang='lat' dir='ltr'><strong>volo,</strong></span> 
     </span>
    </p>
   </div>
   <div class='ocr_carea' id='block_1_35' title="bbox 608 2030 2825 2103">
    <p class='ocr_par' dir='ltr' id='par_1_35' title="bbox 608 2030 2825 2103">
     <span class='ocr_line' id='line_1_35' title="bbox 608 2030 2825 2103; baseline 0 -20"><span class='ocrx_word' id='word_1_226' title='bbox 608 2030 892 2083; x_wconf 80' lang='lat' dir='ltr'><strong>modestus</strong></span> <span class='ocrx_word' id='word_1_227' title='bbox 929 2046 1048 2084; x_wconf 88' lang='lat' dir='ltr'><strong>sum</strong></span> <span class='ocrx_word' id='word_1_228' title='bbox 1084 2046 1099 2097; x_wconf 90' lang='lat'><strong>;</strong></span> <span class='ocrx_word' id='word_1_229' title='bbox 1145 2032 1189 2085; x_wconf 90' lang='lat' dir='ltr'><strong>si</strong></span> <span class='ocrx_word' id='word_1_230' title='bbox 1228 2032 1378 2097; x_wconf 87' lang='lat' dir='ltr'><strong>nolo,</strong></span> <span class='ocrx_word' id='word_1_231' title='bbox 1425 2033 1541 2101; x_wconf 92' lang='lat' dir='ltr'><strong>cogi</strong></span> <span class='ocrx_word' id='word_1_232' title='bbox 1578 2046 1813 2100; x_wconf 82' lang='lat' dir='ltr'><strong>nequeo.</strong></span> <span class='ocrx_word' id='word_1_233' title='bbox 1857 2030 2021 2086; x_wconf 83' lang='lat' dir='ltr'><strong>Pater</strong></span> <span class='ocrx_word' id='word_1_234' title='bbox 2065 2047 2195 2103; x_wconf 88' lang='lat' dir='ltr'><strong>ergo</strong></span> <span class='ocrx_word' id='word_1_235' title='bbox 2234 2031 2467 2087; x_wconf 81' lang='lat' dir='ltr'><strong>candide</strong></span> <span class='ocrx_word' id='word_1_236' title='bbox 2506 2030 2774 2100; x_wconf 82' lang='lat' dir='ltr'><strong>impertiit</strong></span> <span class='ocrx_word' id='word_1_237' title='bbox 2810 2047 2825 2095; x_wconf 87' lang='lat'><strong>;</strong></span> 
     </span>
    </p>
   </div>
   <div class='ocr_carea' id='block_1_36' title="bbox 2905 2024 3907 2088">
    <p class='ocr_par' dir='ltr' id='par_1_36' title="bbox 2905 2024 3907 2088">
     <span class='ocr_line' id='line_1_36' title="bbox 2905 2024 3907 2088; baseline -0.004 -7"><span class='ocrx_word' id='word_1_238' title='bbox 2905 2028 3019 2088; x_wconf 77' lang='lat' dir='ltr'><strong>vult</strong></span> <span class='ocrx_word' id='word_1_239' title='bbox 3050 2028 3199 2081; x_wconf 89' lang='lat' dir='ltr'><strong>enim</strong></span> <span class='ocrx_word' id='word_1_240' title='bbox 3257 2026 3524 2081; x_wconf 87' lang='lat' dir='ltr'><strong>Dominus</strong></span> <span class='ocrx_word' id='word_1_241' title='bbox 3565 2036 3628 2080; x_wconf 93' lang='lat' dir='ltr'><strong>ut</strong></span> <span class='ocrx_word' id='word_1_242' title='bbox 3657 2024 3765 2079; x_wconf 85' lang='lat' dir='ltr'><strong>sibi</strong></span> <span class='ocrx_word' id='word_1_243' title='bbox 3809 2039 3907 2077; x_wconf 83' lang='lat' dir='ltr'><strong>v0-</strong></span> 
     </span>
    </p>
   </div>
   <div class='ocr_carea' id='block_1_37' title="bbox 608 2119 3906 2196">
    <p class='ocr_par' dir='ltr' id='par_1_37' title="bbox 608 2119 3906 2196">
     <span class='ocr_line' id='line_1_37' title="bbox 608 2119 3906 2196; baseline -0.002 -20"><span class='ocrx_word' id='word_1_244' title='bbox 608 2124 846 2177; x_wconf 86' lang='lat' dir='ltr'><strong>luntarie</strong></span> <span class='ocrx_word' id='word_1_245' title='bbox 883 2130 1177 2179; x_wconf 79' lang='lat' dir='ltr'><strong>servatur.</strong></span> <span class='ocrx_word' id='word_1_246' title='bbox 1240 2125 1445 2179; x_wconf 87' lang='lat' dir='ltr'><strong>Deinde</strong></span> <span class='ocrx_word' id='word_1_247' title='bbox 1494 2140 1720 2195; x_wconf 83' lang='lat' dir='ltr'><strong>peregre</strong></span> <span class='ocrx_word' id='word_1_248' title='bbox 1758 2126 2039 2196; x_wconf 83' lang='lat' dir='ltr'><strong>profectus</strong></span> <span class='ocrx_word' id='word_1_249' title='bbox 2089 2135 2191 2179; x_wconf 90' lang='lat' dir='ltr'><strong>est.</strong></span> <span class='ocrx_word' id='word_1_250' title='bbox 2234 2125 2355 2190; x_wconf 83' lang='lat' dir='ltr'><strong>Quo</strong></span> <span class='ocrx_word' id='word_1_251' title='bbox 2388 2126 2410 2177; x_wconf 88' lang='lat'><strong>?</strong></span> <span class='ocrx_word' id='word_1_252' title='bbox 2449 2122 2568 2178; x_wconf 82' lang='lat' dir='ltr'><strong>Non</strong></span> <span class='ocrx_word' id='word_1_253' title='bbox 2632 2139 2661 2177; x_wconf 91' lang='lat' dir='ltr'><strong>a</strong></span> <span class='ocrx_word' id='word_1_254' title='bbox 2735 2123 2856 2177; x_wconf 83' lang='lat' dir='ltr'><strong>loco</strong></span> <span class='ocrx_word' id='word_1_255' title='bbox 2888 2122 2952 2177; x_wconf 91' lang='lat' dir='ltr'><strong>ad</strong></span> <span class='ocrx_word' id='word_1_256' title='bbox 2987 2121 3189 2184; x_wconf 92' lang='lat' dir='ltr'><strong>locum,</strong></span> <span class='ocrx_word' id='word_1_257' title='bbox 3224 2121 3320 2175; x_wconf 89' lang='lat' dir='ltr'><strong>sed</strong></span> <span class='ocrx_word' id='word_1_258' title='bbox 3361 2129 3547 2174; x_wconf 89' lang='lat' dir='ltr'><strong>mente</strong></span> <span class='ocrx_word' id='word_1_259' title='bbox 3596 2119 3853 2173; x_wconf 85' lang='lat' dir='ltr'><strong>discessit</strong></span> <span class='ocrx_word' id='word_1_260' title='bbox 3881 2134 3906 2171; x_wconf 67' lang='grc' dir='ltr'><strong><em>λ</em></strong></span> 
     </span>
    </p>
   </div>
   <div class='ocr_carea' id='block_1_38' title="bbox 611 2207 3909 2286">
    <p class='ocr_par' dir='ltr' id='par_1_38' title="bbox 611 2207 3909 2286">
     <span class='ocr_line' id='line_1_38' title="bbox 611 2207 3909 2286; baseline -0.002 -18"><span class='ocrx_word' id='word_1_261' title='bbox 611 2214 725 2269; x_wconf 85' lang='lat' dir='ltr'><strong>Deo</strong></span> <span class='ocrx_word' id='word_1_262' title='bbox 765 2222 819 2271; x_wconf 90' lang='lat' dir='ltr'><strong>et</strong></span> <span class='ocrx_word' id='word_1_263' title='bbox 872 2215 1015 2269; x_wconf 84' lang='lat' dir='ltr'><strong>Dcus</strong></span> <span class='ocrx_word' id='word_1_264' title='bbox 1049 2216 1116 2269; x_wconf 83' lang='lat' dir='ltr'><strong>ab</strong></span> <span class='ocrx_word' id='word_1_265' title='bbox 1157 2216 1289 2271; x_wconf 89' lang='lat' dir='ltr'><strong>illo:</strong></span> <span class='ocrx_word' id='word_1_266' title='bbox 1345 2230 1569 2286; x_wconf 84' lang='lat' dir='ltr'><strong>propter</strong></span> <span class='ocrx_word' id='word_1_267' title='bbox 1610 2217 1756 2285; x_wconf 93' lang='lat' dir='ltr'><strong>quod</strong></span> <span class='ocrx_word' id='word_1_268' title='bbox 1808 2216 1973 2270; x_wconf 87' lang='lat' dir='ltr'><strong>etiam</strong></span> <span class='ocrx_word' id='word_1_269' title='bbox 2024 2218 2161 2271; x_wconf 84' lang='lat' dir='ltr'><strong>facta</strong></span> <span class='ocrx_word' id='word_1_270' title='bbox 2208 2228 2291 2272; x_wconf 90' lang='lat' dir='ltr'><strong>cst</strong></span> <span class='ocrx_word' id='word_1_271' title='bbox 2317 2216 2390 2270; x_wconf 91' lang='lat' dir='ltr'><strong>illi</strong></span> <span class='ocrx_word' id='word_1_272' title='bbox 2424 2215 2596 2270; x_wconf 88' lang='lat' dir='ltr'><strong>fames</strong></span> <span class='ocrx_word' id='word_1_273' title='bbox 2644 2212 2841 2276; x_wconf 87' lang='lat' dir='ltr'><strong>valida,</strong></span> <span class='ocrx_word' id='word_1_274' title='bbox 2893 2227 3004 2266; x_wconf 93' lang='lat' dir='ltr'><strong>non</strong></span> <span class='ocrx_word' id='word_1_275' title='bbox 3044 2212 3217 2266; x_wconf 82' lang='lat' dir='ltr'><strong>fames</strong></span> <span class='ocrx_word' id='word_1_276' title='bbox 3269 2210 3428 2281; x_wconf 87' lang='lat' dir='ltr'><strong>panis</strong></span> <span class='ocrx_word' id='word_1_277' title='bbox 3484 2216 3541 2263; x_wconf 91' lang='lat' dir='ltr'><strong>et</strong></span> <span class='ocrx_word' id='word_1_278' title='bbox 3578 2224 3757 2279; x_wconf 69' lang='lat' dir='ltr'><strong>aquae,</strong></span> <span class='ocrx_word' id='word_1_279' title='bbox 3821 2207 3909 2263; x_wconf 79' lang='lat' dir='ltr'><strong>sed</strong></span> 
     </span>
    </p>
   </div>
   <div class='ocr_carea' id='block_1_39' title="bbox 610 2308 2645 2378">
    <p class='ocr_par' dir='ltr' id='par_1_39' title="bbox 610 2308 2645 2378">
     <span class='ocr_line' id='line_1_39' title="bbox 610 2308 2645 2378; baseline 0 -17"><span class='ocrx_word' id='word_1_280' title='bbox 610 2308 787 2365; x_wconf 75' lang='lat' dir='ltr'><strong>fames</strong></span> <span class='ocrx_word' id='word_1_281' title='bbox 828 2308 1085 2361; x_wconf 79' lang='lat' dir='ltr'><strong>audiendi</strong></span> <span class='ocrx_word' id='word_1_282' title='bbox 1139 2308 1289 2363; x_wconf 84' lang='lat' dir='ltr'><strong>verbi</strong></span> <span class='ocrx_word' id='word_1_283' title='bbox 1338 2310 1474 2373; x_wconf 90' lang='lat' dir='ltr'><strong>Dei;</strong></span> <span class='ocrx_word' id='word_1_284' title='bbox 1522 2310 1646 2378; x_wconf 87' lang='lat' dir='ltr'><strong>quia</strong></span> <span class='ocrx_word' id='word_1_285' title='bbox 1689 2308 1861 2363; x_wconf 86' lang='lat' dir='ltr'><strong>fames</strong></span> <span class='ocrx_word' id='word_1_286' title='bbox 1912 2308 2179 2363; x_wconf 90' lang='lat' dir='ltr'><strong>bonorum</strong></span> <span class='ocrx_word' id='word_1_287' title='bbox 2214 2310 2513 2364; x_wconf 82' lang='lat' dir='ltr'><strong>vehemens</strong></span> <span class='ocrx_word' id='word_1_288' title='bbox 2538 2316 2645 2362; x_wconf 87' lang='lat' dir='ltr'><strong>est.</strong></span> 
     </span>
    </p>
   </div>
   <div class='ocr_carea' id='block_1_40' title="bbox 682 2392 2204 2465">
    <p class='ocr_par' dir='ltr' id='par_1_40' title="bbox 682 2398 2204 2455">
     <span class='ocr_line' id='line_1_40' title="bbox 682 2398 2204 2455; baseline 0.003 -4"><span class='ocrx_word' id='word_1_289' title='bbox 682 2398 841 2453; x_wconf 76' lang='lat' dir='ltr'><strong>Vers.</strong></span> <span class='ocrx_word' id='word_1_290' title='bbox 880 2400 969 2453; x_wconf 73' lang='grc' dir='ltr'><strong>Η.</strong></span> <span class='ocrx_word' id='word_1_291' title='bbox 1003 2398 1072 2452; x_wconf 81' lang='lat' dir='ltr'><strong>Et</strong></span> <span class='ocrx_word' id='word_1_292' title='bbox 1106 2428 1177 2441; x_wconf 88' lang='lat'><strong>—</strong></span> <span class='ocrx_word' id='word_1_293' title='bbox 1205 2402 1586 2454; x_wconf 72' lang='lat' dir='ltr'><strong>substantiam.</strong></span> <span class='ocrx_word' id='word_1_294' title='bbox 1639 2400 1901 2455; x_wconf 84' lang='lat' dir='ltr'><strong>Liberum</strong></span> <span class='ocrx_word' id='word_1_295' title='bbox 1948 2402 2204 2455; x_wconf 87' lang='lat' dir='ltr'><strong>videlicet</strong></span> 
     </span>
    </p>
   </div>
   <div class='ocr_carea' id='block_1_41' title="bbox 2313 2392 3909 2465">
    <p class='ocr_par' dir='ltr' id='par_1_41' title="bbox 2378 2392 3909 2465">
     <span class='ocr_line' id='line_1_41' title="bbox 2378 2392 3909 2465; baseline -0.006 -11"><span class='ocrx_word' id='word_1_296' title='bbox 2378 2400 2582 2455; x_wconf 74' lang='lat' dir='ltr'><strong>Kal—</strong></span> <span class='ocrx_word' id='word_1_297' title='bbox 2611 2398 2779 2463; x_wconf 75' lang='grc' dir='ltr'><strong>βίον.</strong></span> <span class='ocrx_word' id='word_1_298' title='bbox 2830 2399 3041 2465; x_wconf 84' lang='grc' dir='ltr'><strong>Ἥγονν</strong></span> <span class='ocrx_word' id='word_1_299' title='bbox 3095 2393 3488 2461; x_wconf 72' lang='grc' dir='ltr'><strong>αὐτεξουσίως</strong></span> <span class='ocrx_word' id='word_1_300' title='bbox 3528 2393 3733 2455; x_wconf 73' lang='grc' dir='ltr'><strong>αὐτοὺς</strong></span> <span class='ocrx_word' id='word_1_301' title='bbox 3780 2392 3909 2445; x_wconf 76' lang='grc' dir='ltr'><strong>ἀπέ⁶</strong></span> 
     </span>
    </p>
   </div>
   <div class='ocr_carea' id='block_1_42' title="bbox 608 2489 2209 2561">
    <p class='ocr_par' dir='ltr' id='par_1_42' title="bbox 608 2489 2209 2561">
     <span class='ocr_line' id='line_1_42' title="bbox 608 2489 2209 2561; baseline 0.001 -17"><span class='ocrx_word' id='word_1_302' title='bbox 608 2489 899 2544; x_wconf 88' lang='lat' dir='ltr'><strong>arbitrium</strong></span> <span class='ocrx_word' id='word_1_303' title='bbox 956 2489 1061 2544; x_wconf 83' lang='lat' dir='ltr'><strong>illis</strong></span> <span class='ocrx_word' id='word_1_304' title='bbox 1126 2490 1757 2554; x_wconf 79' lang='lat' dir='ltr'><strong>divisit;substantiam</strong></span> <span class='ocrx_word' id='word_1_305' title='bbox 1817 2507 2054 2561; x_wconf 87' lang='lat' dir='ltr'><strong>namque</strong></span> <span class='ocrx_word' id='word_1_306' title='bbox 2115 2502 2209 2546; x_wconf 90' lang='lat' dir='ltr'><strong>aut</strong></span> 
     </span>
    </p>
   </div>
   <div class='ocr_carea' id='block_1_43' title="bbox 611 2580 2206 2651">
    <p class='ocr_par' dir='ltr' id='par_1_43' title="bbox 611 2580 2206 2651">
     <span class='ocr_line' id='line_1_43' title="bbox 611 2580 2206 2651; baseline 0.003 -18"><span class='ocrx_word' id='word_1_307' title='bbox 611 2580 901 2637; x_wconf 75' lang='lat' dir='ltr'><strong>facultates</strong></span> <span class='ocrx_word' id='word_1_308' title='bbox 935 2582 1058 2634; x_wconf 75' lang='lat' dir='ltr'><strong>filiis</strong></span> <span class='ocrx_word' id='word_1_309' title='bbox 1084 2582 1329 2636; x_wconf 84' lang='lat' dir='ltr'><strong>dividere</strong></span> <span class='ocrx_word' id='word_1_310' title='bbox 1358 2583 1493 2637; x_wconf 84' lang='lat' dir='ltr'><strong>nihil</strong></span> <span class='ocrx_word' id='word_1_311' title='bbox 1515 2583 1663 2637; x_wconf 86' lang='lat' dir='ltr'><strong>aliud</strong></span> <span class='ocrx_word' id='word_1_312' title='bbox 1689 2594 1796 2647; x_wconf 86' lang='lat' dir='ltr'><strong>est,</strong></span> <span class='ocrx_word' id='word_1_313' title='bbox 1846 2600 2010 2651; x_wconf 88' lang='lat' dir='ltr'><strong>quam</strong></span> <span class='ocrx_word' id='word_1_314' title='bbox 2031 2585 2206 2638; x_wconf 88' lang='lat' dir='ltr'><strong>libero</strong></span> 
     </span>
    </p>
   </div>
   <div class='ocr_carea' id='block_1_44' title="bbox 610 2673 2211 2746">
    <p class='ocr_par' dir='ltr' id='par_1_44' title="bbox 610 2673 2211 2746">
     <span class='ocr_line' id='line_1_44' title="bbox 610 2673 2211 2746; baseline 0 -17"><span class='ocrx_word' id='word_1_315' title='bbox 610 2674 835 2729; x_wconf 77' lang='lat' dir='ltr'><strong>arbitrio</strong></span> <span class='ocrx_word' id='word_1_316' title='bbox 891 2674 1011 2727; x_wconf 87' lang='lat' dir='ltr'><strong>illos</strong></span> <span class='ocrx_word' id='word_1_317' title='bbox 1067 2673 1384 2741; x_wconf 86' lang='lat' dir='ltr'><strong>relinquere</strong></span> <span class='ocrx_word' id='word_1_318' title='bbox 1432 2691 1446 2725; x_wconf 87' lang='lat'><strong>:</strong></span> <span class='ocrx_word' id='word_1_319' title='bbox 1515 2673 1795 2728; x_wconf 88' lang='lat' dir='ltr'><strong>neminem</strong></span> <span class='ocrx_word' id='word_1_320' title='bbox 1857 2675 2006 2729; x_wconf 91' lang='lat' dir='ltr'><strong>enim</strong></span> <span class='ocrx_word' id='word_1_321' title='bbox 2064 2676 2211 2746; x_wconf 85' lang='lat' dir='ltr'><strong>cogit</strong></span> 
     </span>
    </p>
   </div>
   <div class='ocr_carea' id='block_1_45' title="bbox 610 2763 1483 2833">
    <p class='ocr_par' dir='ltr' id='par_1_45' title="bbox 610 2763 1483 2833">
     <span class='ocr_line' id='line_1_45' title="bbox 610 2763 1483 2833; baseline -0.002 -14"><span class='ocrx_word' id='word_1_322' title='bbox 610 2766 775 2828; x_wconf 89' lang='lat' dir='ltr'><strong>Deus,</strong></span> <span class='ocrx_word' id='word_1_323' title='bbox 804 2765 896 2833; x_wconf 91' lang='lat' dir='ltr'><strong>qui</strong></span> <span class='ocrx_word' id='word_1_324' title='bbox 938 2763 1039 2833; x_wconf 91' lang='lat' dir='ltr'><strong>ipsi</strong></span> <span class='ocrx_word' id='word_1_325' title='bbox 1071 2765 1208 2818; x_wconf 91' lang='lat' dir='ltr'><strong>nolit</strong></span> <span class='ocrx_word' id='word_1_326' title='bbox 1234 2765 1483 2819; x_wconf 86' lang='lat' dir='ltr'><strong>obedire.</strong></span> 
     </span>
    </p>
   </div>
   <div class='ocr_carea' id='block_1_46' title="bbox 681 2853 2211 2925">
    <p class='ocr_par' dir='ltr' id='par_1_46' title="bbox 681 2853 2211 2925">
     <span class='ocr_line' id='line_1_46' title="bbox 681 2853 2211 2925; baseline 0.002 -18"><span class='ocrx_word' id='word_1_327' title='bbox 681 2854 789 2908; x_wconf 80' lang='lat' dir='ltr'><strong>Aut</strong></span> <span class='ocrx_word' id='word_1_328' title='bbox 828 2856 994 2907; x_wconf 90' lang='lat' dir='ltr'><strong>etiam</strong></span> <span class='ocrx_word' id='word_1_329' title='bbox 1058 2853 1247 2907; x_wconf 89' lang='lat' dir='ltr'><strong>divisit</strong></span> <span class='ocrx_word' id='word_1_330' title='bbox 1284 2855 1365 2908; x_wconf 90' lang='lat' dir='ltr'><strong>eis</strong></span> <span class='ocrx_word' id='word_1_331' title='bbox 1411 2855 1776 2925; x_wconf 89' lang='lat' dir='ltr'><strong>congruentia</strong></span> <span class='ocrx_word' id='word_1_332' title='bbox 1829 2855 1997 2922; x_wconf 90' lang='lat' dir='ltr'><strong>dona,</strong></span> <span class='ocrx_word' id='word_1_333' title='bbox 2045 2865 2211 2925; x_wconf 91' lang='lat' dir='ltr'><strong>prout</strong></span> 
     </span>
    </p>
   </div>
   <div class='ocr_carea' id='block_1_47' title="bbox 612 2946 952 3001">
    <p class='ocr_par' dir='ltr' id='par_1_47' title="bbox 612 2946 952 3001">
     <span class='ocr_line' id='line_1_47' title="bbox 612 2946 952 3001; baseline -0.012 0"><span class='ocrx_word' id='word_1_334' title='bbox 612 2946 817 3001; x_wconf 91' lang='lat' dir='ltr'><strong>dictum</strong></span> <span class='ocrx_word' id='word_1_335' title='bbox 847 2954 952 3000; x_wconf 89' lang='lat' dir='ltr'><strong>est.</strong></span> 
     </span>
    </p>
   </div>
   <div class='ocr_carea' id='block_1_48' title="bbox 686 3042 2213 3114">
    <p class='ocr_par' dir='ltr' id='par_1_48' title="bbox 686 3042 2213 3114">
     <span class='ocr_line' id='line_1_48' title="bbox 686 3042 2213 3114; baseline 0.003 -20"><span class='ocrx_word' id='word_1_336' title='bbox 686 3042 838 3095; x_wconf 79' lang='lat' dir='ltr'><strong>Vers.</strong></span> <span class='ocrx_word' id='word_1_337' title='bbox 868 3042 952 3097; x_wconf 76' lang='grc'><strong>13.</strong></span> <span class='ocrx_word' id='word_1_338' title='bbox 992 3043 1062 3094; x_wconf 78' lang='lat' dir='ltr'><strong>Et</strong></span> <span class='ocrx_word' id='word_1_339' title='bbox 1085 3070 1147 3079; x_wconf 95' lang='lat'><strong><em>—</em></strong></span> <span class='ocrx_word' id='word_1_340' title='bbox 1175 3042 1537 3113; x_wconf 78' lang='lat' dir='ltr'><strong>longinquam.</strong></span> <span class='ocrx_word' id='word_1_341' title='bbox 1578 3042 1774 3097; x_wconf 84' lang='lat' dir='ltr'><strong>Senior</strong></span> <span class='ocrx_word' id='word_1_342' title='bbox 1807 3043 2027 3113; x_wconf 85' lang='lat' dir='ltr'><strong>quidem</strong></span> <span class='ocrx_word' id='word_1_343' title='bbox 2065 3044 2213 3114; x_wconf 90' lang='lat' dir='ltr'><strong>apud</strong></span> 
     </span>
    </p>
   </div>
   <div class='ocr_carea' id='block_1_49' title="bbox 611 3132 2210 3204">
    <p class='ocr_par' dir='ltr' id='par_1_49' title="bbox 611 3132 2210 3204">
     <span class='ocr_line' id='line_1_49' title="bbox 611 3132 2210 3204; baseline 0.004 -20"><span class='ocrx_word' id='word_1_344' title='bbox 611 3142 823 3201; x_wconf 82' lang='lat' dir='ltr'><strong>patrem</strong></span> <span class='ocrx_word' id='word_1_345' title='bbox 850 3132 1133 3195; x_wconf 84' lang='lat' dir='ltr'><strong>remansit,</strong></span> <span class='ocrx_word' id='word_1_346' title='bbox 1172 3143 1432 3203; x_wconf 85' lang='lat' dir='ltr'><strong>tanquam</strong></span> <span class='ocrx_word' id='word_1_347' title='bbox 1482 3134 1724 3203; x_wconf 84' lang='lat' dir='ltr'><strong>prudens</strong></span> <span class='ocrx_word' id='word_1_348' title='bbox 1761 3152 1775 3188; x_wconf 90' lang='lat'><strong>:</strong></span> <span class='ocrx_word' id='word_1_349' title='bbox 1822 3136 2012 3204; x_wconf 90' lang='lat' dir='ltr'><strong>junior</strong></span> <span class='ocrx_word' id='word_1_350' title='bbox 2055 3152 2210 3201; x_wconf 89' lang='lat' dir='ltr'><strong>vero,</strong></span> 
     </span>
    </p>
   </div>
   <div class='ocr_carea' id='block_1_50' title="bbox 614 3225 2209 3296">
    <p class='ocr_par' dir='ltr' id='par_1_50' title="bbox 614 3225 2209 3296">
     <span class='ocr_line' id='line_1_50' title="bbox 614 3225 2209 3296; baseline 0.004 -19"><span class='ocrx_word' id='word_1_351' title='bbox 614 3225 965 3295; x_wconf 86' lang='lat' dir='ltr'><strong>congregatis</strong></span> <span class='ocrx_word' id='word_1_352' title='bbox 991 3227 1271 3291; x_wconf 89' lang='lat' dir='ltr'><strong>omnibus,</strong></span> <span class='ocrx_word' id='word_1_353' title='bbox 1327 3236 1480 3296; x_wconf 80' lang='lat' dir='ltr'><strong>puta,</strong></span> <span class='ocrx_word' id='word_1_354' title='bbox 1525 3227 1700 3282; x_wconf 91' lang='lat' dir='ltr'><strong>libero</strong></span> <span class='ocrx_word' id='word_1_355' title='bbox 1740 3228 1993 3287; x_wconf 90' lang='lat' dir='ltr'><strong>arbitrio.</strong></span> <span class='ocrx_word' id='word_1_356' title='bbox 2030 3244 2093 3283; x_wconf 92' lang='lat' dir='ltr'><strong>ac</strong></span> <span class='ocrx_word' id='word_1_357' title='bbox 2117 3229 2209 3284; x_wconf 91' lang='lat' dir='ltr'><strong>Dci</strong></span> 
     </span>
    </p>
   </div>
   <div class='ocr_carea' id='block_1_51' title="bbox 614 3311 2216 3383">
    <p class='ocr_par' dir='ltr' id='par_1_51' title="bbox 614 3311 2216 3383">
     <span class='ocr_line' id='line_1_51' title="bbox 614 3311 2216 3383; baseline 0.004 -18"><span class='ocrx_word' id='word_1_358' title='bbox 614 3311 786 3376; x_wconf 91' lang='lat' dir='ltr'><strong>dono,</strong></span> <span class='ocrx_word' id='word_1_359' title='bbox 825 3313 913 3367; x_wconf 91' lang='lat' dir='ltr'><strong>vel</strong></span> <span class='ocrx_word' id='word_1_360' title='bbox 950 3314 1211 3369; x_wconf 87' lang='lat' dir='ltr'><strong>omnibus</strong></span> <span class='ocrx_word' id='word_1_361' title='bbox 1240 3315 1357 3369; x_wconf 86' lang='lat' dir='ltr'><strong>suis</strong></span> <span class='ocrx_word' id='word_1_362' title='bbox 1396 3315 1793 3379; x_wconf 89' lang='lat' dir='ltr'><strong>voluntatibus,</strong></span> <span class='ocrx_word' id='word_1_363' title='bbox 1829 3316 1880 3370; x_wconf 92' lang='lat' dir='ltr'><strong>id</strong></span> <span class='ocrx_word' id='word_1_364' title='bbox 1900 3326 2005 3383; x_wconf 87' lang='lat' dir='ltr'><strong>est,</strong></span> <span class='ocrx_word' id='word_1_365' title='bbox 2036 3317 2216 3371; x_wconf 89' lang='lat' dir='ltr'><strong>domi-</strong></span> 
     </span>
    </p>
   </div>
   <div class='ocr_carea' id='block_1_52' title="bbox 614 3405 2212 3476">
    <p class='ocr_par' dir='ltr' id='par_1_52' title="bbox 614 3405 2212 3476">
     <span class='ocr_line' id='line_1_52' title="bbox 614 3405 2212 3476; baseline 0.004 -19"><span class='ocrx_word' id='word_1_366' title='bbox 614 3420 716 3458; x_wconf 89' lang='lat' dir='ltr'><strong>nus</strong></span> <span class='ocrx_word' id='word_1_367' title='bbox 760 3405 975 3458; x_wconf 89' lang='lat' dir='ltr'><strong>illorum</strong></span> <span class='ocrx_word' id='word_1_368' title='bbox 1024 3408 1383 3466; x_wconf 87' lang='lat' dir='ltr'><strong>constitutus.</strong></span> <span class='ocrx_word' id='word_1_369' title='bbox 1423 3421 1652 3476; x_wconf 88' lang='lat' dir='ltr'><strong>peregre</strong></span> <span class='ocrx_word' id='word_1_370' title='bbox 1696 3408 1977 3476; x_wconf 85' lang='lat' dir='ltr'><strong>profectus</strong></span> <span class='ocrx_word' id='word_1_371' title='bbox 2015 3418 2097 3463; x_wconf 90' lang='lat' dir='ltr'><strong>est</strong></span> <span class='ocrx_word' id='word_1_372' title='bbox 2142 3410 2212 3463; x_wconf 84' lang='lat' dir='ltr'><strong>nd</strong></span> 
     </span>
    </p>
   </div>
   <div class='ocr_carea' id='block_1_53' title="bbox 616 3493 2214 3571">
    <p class='ocr_par' dir='ltr' id='par_1_53' title="bbox 616 3493 2214 3571">
     <span class='ocr_line' id='line_1_53' title="bbox 616 3493 2214 3571; baseline 0.004 -22"><span class='ocrx_word' id='word_1_373' title='bbox 616 3493 927 3563; x_wconf 74' lang='lat' dir='ltr'><strong>p&#39;eccatum,</strong></span> <span class='ocrx_word' id='word_1_374' title='bbox 956 3498 1103 3565; x_wconf 92' lang='lat' dir='ltr'><strong>quod</strong></span> <span class='ocrx_word' id='word_1_375' title='bbox 1138 3513 1166 3550; x_wconf 91' lang='lat' dir='ltr'><strong>a</strong></span> <span class='ocrx_word' id='word_1_376' title='bbox 1199 3498 1309 3552; x_wconf 87' lang='lat' dir='ltr'><strong>Deo</strong></span> <span class='ocrx_word' id='word_1_377' title='bbox 1341 3498 1500 3568; x_wconf 89' lang='lat' dir='ltr'><strong>longe</strong></span> <span class='ocrx_word' id='word_1_378' title='bbox 1529 3508 1853 3568; x_wconf 87' lang='lat' dir='ltr'><strong>separatur:</strong></span> <span class='ocrx_word' id='word_1_379' title='bbox 1882 3500 2042 3571; x_wconf 83' lang='lat' dir='ltr'><strong>longe</strong></span> <span class='ocrx_word' id='word_1_380' title='bbox 2063 3504 2214 3557; x_wconf 90' lang='lat' dir='ltr'><strong>enim</strong></span> 
     </span>
    </p>
   </div>
   <div class='ocr_carea' id='block_1_54' title="bbox 617 3585 2209 3657">
    <p class='ocr_par' dir='ltr' id='par_1_54' title="bbox 617 3585 2209 3657">
     <span class='ocr_line' id='line_1_54' title="bbox 617 3585 2209 3657; baseline 0.002 -18"><span class='ocrx_word' id='word_1_381' title='bbox 617 3586 755 3639; x_wconf 86' lang='lat' dir='ltr'><strong>llunt</strong></span> <span class='ocrx_word' id='word_1_382' title='bbox 791 3600 821 3637; x_wconf 73' lang='grc' dir='ltr'>ι</span> <span class='ocrx_word' id='word_1_383' title='bbox 858 3585 988 3649; x_wconf 89' lang='lat' dir='ltr'><strong>Deo,</strong></span> <span class='ocrx_word' id='word_1_384' title='bbox 1029 3587 1127 3654; x_wconf 87' lang='lat' dir='ltr'><strong>qui</strong></span> <span class='ocrx_word' id='word_1_385' title='bbox 1158 3594 1430 3655; x_wconf 83' lang='lat' dir='ltr'><strong>peccant:</strong></span> <span class='ocrx_word' id='word_1_386' title='bbox 1484 3602 1593 3640; x_wconf 89' lang='lat' dir='ltr'><strong>non</strong></span> <span class='ocrx_word' id='word_1_387' title='bbox 1648 3588 1752 3642; x_wconf 92' lang='lat' dir='ltr'><strong>loci</strong></span> <span class='ocrx_word' id='word_1_388' title='bbox 1807 3587 2209 3657; x_wconf 85' lang='lat' dir='ltr'><strong>segregatione,</strong></span> 
     </span>
    </p>
   </div>
   <div class='ocr_carea' id='block_1_55' title="bbox 616 3678 982 3734">
    <p class='ocr_par' dir='ltr' id='par_1_55' title="bbox 616 3678 982 3734">
     <span class='ocr_line' id='line_1_55' title="bbox 616 3678 982 3734; baseline 0.005 -3"><span class='ocrx_word' id='word_1_389' title='bbox 616 3678 719 3731; x_wconf 87' lang='lat' dir='ltr'><strong>sed</strong></span> <span class='ocrx_word' id='word_1_390' title='bbox 744 3678 982 3734; x_wconf 88' lang='lat' dir='ltr'><strong>virtutis.</strong></span> 
     </span>
    </p>
   </div>
   <div class='ocr_carea' id='block_1_56' title="bbox 2316 2484 3909 2560">
    <p class='ocr_par' dir='ltr' id='par_1_56' title="bbox 2316 2484 3909 2560">
     <span class='ocr_line' id='line_1_56' title="bbox 2316 2484 3909 2560; baseline -0.005 -16"><span class='ocrx_word' id='word_1_391' title='bbox 2316 2493 2467 2545; x_wconf 87' lang='grc' dir='ltr'><strong>λυσε.</strong></span> <span class='ocrx_word' id='word_1_392' title='bbox 2500 2492 2573 2543; x_wconf 79' lang='grc' dir='ltr'><strong>Τὸ</strong></span> <span class='ocrx_word' id='word_1_393' title='bbox 2600 2492 2709 2560; x_wconf 79' lang='grc' dir='ltr'><strong>γὰρ</strong></span> <span class='ocrx_word' id='word_1_394' title='bbox 2742 2489 2939 2542; x_wconf 75' lang='grc' dir='ltr'><strong>διελεῖν</strong></span> <span class='ocrx_word' id='word_1_395' title='bbox 2995 2488 3086 2541; x_wconf 79' lang='grc' dir='ltr'><strong>τὸν</strong></span> <span class='ocrx_word' id='word_1_396' title='bbox 3139 2487 3275 2557; x_wconf 88' lang='grc' dir='ltr'><strong>βίον,</strong></span> <span class='ocrx_word' id='word_1_397' title='bbox 3317 2486 3517 2545; x_wconf 81' lang='grc' dir='ltr'><strong>είτουν,</strong></span> <span class='ocrx_word' id='word_1_398' title='bbox 3547 2486 3650 2555; x_wconf 79' lang='grc' dir='ltr'><strong>τὴν</strong></span> <span class='ocrx_word' id='word_1_399' title='bbox 3705 2484 3909 2549; x_wconf 77' lang='grc' dir='ltr'><strong>οὐσίαν,</strong></span> 
     </span>
    </p>
   </div>
   <div class='ocr_carea' id='block_1_57' title="bbox 2320 2577 3912 2651">
    <p class='ocr_par' dir='ltr' id='par_1_57' title="bbox 2320 2577 3912 2651">
     <span class='ocr_line' id='line_1_57' title="bbox 2320 2577 3912 2651; baseline -0.006 -14"><span class='ocrx_word' id='word_1_400' title='bbox 2320 2588 2429 2648; x_wconf 83' lang='grc' dir='ltr'><strong>τοῖς</strong></span> <span class='ocrx_word' id='word_1_401' title='bbox 2463 2585 2624 2647; x_wconf 72' lang='grc' dir='ltr'><strong>υἱοῖς,</strong></span> <span class='ocrx_word' id='word_1_402' title='bbox 2652 2583 2809 2636; x_wconf 73' lang='grc' dir='ltr'><strong>οὐδὲν</strong></span> <span class='ocrx_word' id='word_1_403' title='bbox 2839 2582 3026 2651; x_wconf 70' lang='grc' dir='ltr'><strong>ἕτερόν</strong></span> <span class='ocrx_word' id='word_1_404' title='bbox 3049 2582 3222 2642; x_wconf 68' lang='grc' dir='ltr'><strong>ἔστιν,</strong></span> <span class='ocrx_word' id='word_1_405' title='bbox 3245 2580 3277 2649; x_wconf 80' lang='grc' dir='ltr'>ἢ</span> <span class='ocrx_word' id='word_1_406' title='bbox 3310 2578 3370 2631; x_wconf 82' lang='grc' dir='ltr'><strong>τὸ</strong></span> <span class='ocrx_word' id='word_1_407' title='bbox 3395 2577 3791 2642; x_wconf 72' lang='grc' dir='ltr'><strong>αὐτεξουσίως</strong></span> <span class='ocrx_word' id='word_1_408' title='bbox 3817 2578 3912 2629; x_wconf 87' lang='grc' dir='ltr'><strong>αὐ-</strong></span> 
     </span>
    </p>
   </div>
   <div class='ocr_carea' id='block_1_58' title="bbox 2316 2669 3912 2741">
    <p class='ocr_par' dir='ltr' id='par_1_58' title="bbox 2316 2669 3912 2741">
     <span class='ocr_line' id='line_1_58' title="bbox 2316 2669 3912 2741; baseline -0.004 -12"><span class='ocrx_word' id='word_1_409' title='bbox 2316 2677 2443 2738; x_wconf 79' lang='grc' dir='ltr'><strong>τοὺς</strong></span> <span class='ocrx_word' id='word_1_410' title='bbox 2484 2673 2777 2729; x_wconf 85' lang='grc' dir='ltr'><strong>ἀπολύσαι.</strong></span> <span class='ocrx_word' id='word_1_411' title='bbox 2809 2673 3019 2726; x_wconf 82' lang='grc' dir='ltr'><strong>Οὐδένα</strong></span> <span class='ocrx_word' id='word_1_412' title='bbox 3075 2672 3185 2741; x_wconf 80' lang='grc' dir='ltr'><strong>γὰρ</strong></span> <span class='ocrx_word' id='word_1_413' title='bbox 3226 2673 3253 2725; x_wconf 82' lang='grc' dir='ltr'><strong>ὁ</strong></span> <span class='ocrx_word' id='word_1_414' title='bbox 3298 2669 3433 2733; x_wconf 74' lang='grc' dir='ltr'><strong>Θεὸς</strong></span> <span class='ocrx_word' id='word_1_415' title='bbox 3486 2670 3789 2739; x_wconf 76' lang='grc' dir='ltr'><strong>ἀναγκάζει</strong></span> <span class='ocrx_word' id='word_1_416' title='bbox 3842 2671 3912 2740; x_wconf 79' lang='grc' dir='ltr'><strong>μὴ</strong></span> 
     </span>
    </p>
   </div>
   <div class='ocr_carea' id='block_1_59' title="bbox 2320 2763 3200 2838">
    <p class='ocr_par' dir='ltr' id='par_1_59' title="bbox 2320 2763 3200 2838">
     <span class='ocr_line' id='line_1_59' title="bbox 2320 2763 3200 2838; baseline -0.002 -17"><span class='ocrx_word' id='word_1_417' title='bbox 2320 2768 2649 2838; x_wconf 85' lang='grc' dir='ltr'><strong>βουλόμενον</strong></span> <span class='ocrx_word' id='word_1_418' title='bbox 2681 2767 3005 2836; x_wconf 67' lang='grc' dir='ltr'><strong>πειθαρχεῖν</strong></span> <span class='ocrx_word' id='word_1_419' title='bbox 3029 2763 3200 2834; x_wconf 86' lang='grc' dir='ltr'><strong>αὐτῷ.</strong></span> 
     </span>
    </p>
   </div>
   <div class='ocr_carea' id='block_1_60' title="bbox 2395 2856 3886 2927">
    <p class='ocr_par' dir='ltr' id='par_1_60' title="bbox 2395 2856 3886 2927">
     <span class='ocr_line' id='line_1_60' title="bbox 2395 2856 3886 2927; baseline -0.004 -15"><span class='ocrx_word' id='word_1_420' title='bbox 2395 2860 2466 2912; x_wconf 85' lang='grc' dir='ltr'><strong>’Ἡ</strong></span> <span class='ocrx_word' id='word_1_421' title='bbox 2504 2864 2595 2912; x_wconf 75' lang='grc' dir='ltr'><strong>καὶ</strong></span> <span class='ocrx_word' id='word_1_422' title='bbox 2623 2858 2819 2911; x_wconf 75' lang='grc' dir='ltr'><strong>διεῖλεν</strong></span> <span class='ocrx_word' id='word_1_423' title='bbox 2859 2857 3043 2919; x_wconf 81' lang='grc' dir='ltr'><strong>αὐτοῖς</strong></span> <span class='ocrx_word' id='word_1_424' title='bbox 3077 2856 3144 2908; x_wconf 78' lang='grc' dir='ltr'><strong>τὰ</strong></span> <span class='ocrx_word' id='word_1_425' title='bbox 3183 2856 3536 2927; x_wconf 73' lang='grc' dir='ltr'><strong>προσήκοντα</strong></span> <span class='ocrx_word' id='word_1_426' title='bbox 3572 2857 3886 2925; x_wconf 67' lang='grc' dir='ltr'><strong>χαρίσματα</strong></span> 
     </span>
    </p>
   </div>
   <div class='ocr_carea' id='block_1_61' title="bbox 2321 2951 2780 3024">
    <p class='ocr_par' dir='ltr' id='par_1_61' title="bbox 2321 2951 2780 3024">
     <span class='ocr_line' id='line_1_61' title="bbox 2321 2951 2780 3024; baseline 0.002 -19"><span class='ocrx_word' id='word_1_427' title='bbox 2321 2951 2504 3015; x_wconf 84' lang='grc' dir='ltr'><strong>καθὼς</strong></span> <span class='ocrx_word' id='word_1_428' title='bbox 2533 2954 2780 3024; x_wconf 71' lang='grc' dir='ltr'><strong>εἴρηται.</strong></span> 
     </span>
    </p>
   </div>
   <div class='ocr_carea' id='block_1_62' title="bbox 2390 3042 3907 3115">
    <p class='ocr_par' dir='ltr' id='par_1_62' title="bbox 2390 3042 3907 3115">
     <span class='ocr_line' id='line_1_62' title="bbox 2390 3042 3907 3115; baseline -0.003 -18"><span class='ocrx_word' id='word_1_429' title='bbox 2390 3045 2499 3097; x_wconf 97' lang='lat' dir='ltr'><strong>Kal</strong></span> <span class='ocrx_word' id='word_1_430' title='bbox 2532 3074 2604 3084; x_wconf 94' lang='lat'><strong>—</strong></span> <span class='ocrx_word' id='word_1_431' title='bbox 2632 3044 2894 3113; x_wconf 80' lang='grc' dir='ltr'><strong>μακράν.</strong></span> <span class='ocrx_word' id='word_1_432' title='bbox 2943 3043 3003 3096; x_wconf 85' lang='grc' dir='ltr'><strong>Ὀ</strong></span> <span class='ocrx_word' id='word_1_433' title='bbox 3043 3043 3144 3112; x_wconf 74' lang='grc' dir='ltr'><strong>μὶν</strong></span> <span class='ocrx_word' id='word_1_434' title='bbox 3190 3042 3565 3115; x_wconf 74' lang='grc' dir='ltr'><strong>πρεσϐύτερος</strong></span> <span class='ocrx_word' id='word_1_435' title='bbox 3614 3042 3907 3113; x_wconf 74' lang='grc' dir='ltr'><strong>παρέμεινε</strong></span> 
     </span>
    </p>
   </div>
   <div class='ocr_carea' id='block_1_63' title="bbox 2323 3133 3907 3206">
    <p class='ocr_par' dir='ltr' id='par_1_63' title="bbox 2323 3133 3907 3206">
     <span class='ocr_line' id='line_1_63' title="bbox 2323 3133 3907 3206; baseline 0 -20"><span class='ocrx_word' id='word_1_436' title='bbox 2323 3133 2433 3206; x_wconf 78' lang='grc' dir='ltr'><strong>(Ἰϐ)</strong></span> <span class='ocrx_word' id='word_1_437' title='bbox 2477 3136 2552 3204; x_wconf 85' lang='grc' dir='ltr'><strong>τῷ</strong></span> <span class='ocrx_word' id='word_1_438' title='bbox 2600 3137 2792 3203; x_wconf 74' lang='grc' dir='ltr'><strong>πατρὶ,</strong></span> <span class='ocrx_word' id='word_1_439' title='bbox 2836 3134 2911 3197; x_wconf 78' lang='grc' dir='ltr'><strong>ὡς</strong></span> <span class='ocrx_word' id='word_1_440' title='bbox 2947 3134 3213 3205; x_wconf 84' lang='grc' dir='ltr'><strong>φρόνιμος</strong></span> <span class='ocrx_word' id='word_1_441' title='bbox 3236 3151 3249 3164; x_wconf 87' lang='grc'><strong>·</strong></span> <span class='ocrx_word' id='word_1_442' title='bbox 3283 3135 3312 3185; x_wconf 80' lang='grc' dir='ltr'><strong>ὁ</strong></span> <span class='ocrx_word' id='word_1_443' title='bbox 3341 3134 3399 3187; x_wconf 70' lang='grc' dir='ltr'><strong>δι</strong></span> <span class='ocrx_word' id='word_1_444' title='bbox 3441 3134 3711 3206; x_wconf 83' lang='grc' dir='ltr'><strong>νεώτερος</strong></span> <span class='ocrx_word' id='word_1_445' title='bbox 3746 3152 3907 3188; x_wconf 86' lang='grc' dir='ltr'><strong>συνα-</strong></span> 
     </span>
    </p>
   </div>
   <div class='ocr_carea' id='block_1_64' title="bbox 2322 3224 3911 3295">
    <p class='ocr_par' dir='ltr' id='par_1_64' title="bbox 2322 3224 3911 3295">
     <span class='ocr_line' id='line_1_64' title="bbox 2322 3224 3911 3295; baseline 0.001 -18"><span class='ocrx_word' id='word_1_446' title='bbox 2322 3225 2508 3294; x_wconf 86' lang='grc' dir='ltr'><strong>γαγὼν</strong></span> <span class='ocrx_word' id='word_1_447' title='bbox 2542 3224 2784 3290; x_wconf 72' lang='grc' dir='ltr'><strong>ἅπαντα,</strong></span> <span class='ocrx_word' id='word_1_448' title='bbox 2817 3226 2879 3278; x_wconf 86' lang='grc' dir='ltr'><strong>τό</strong></span> <span class='ocrx_word' id='word_1_449' title='bbox 2916 3242 2976 3277; x_wconf 88' lang='grc' dir='ltr'><strong>τε</strong></span> <span class='ocrx_word' id='word_1_450' title='bbox 3006 3224 3357 3289; x_wconf 79' lang='grc' dir='ltr'><strong>αὐτεξούσιον</strong></span> <span class='ocrx_word' id='word_1_451' title='bbox 3409 3226 3504 3278; x_wconf 76' lang='grc' dir='ltr'><strong>καὶ</strong></span> <span class='ocrx_word' id='word_1_452' title='bbox 3542 3226 3603 3279; x_wconf 82' lang='grc' dir='ltr'><strong>τὸ</strong></span> <span class='ocrx_word' id='word_1_453' title='bbox 3641 3226 3785 3279; x_wconf 85' lang='grc' dir='ltr'><strong>θεῖον</strong></span> <span class='ocrx_word' id='word_1_454' title='bbox 3820 3227 3911 3295; x_wconf 79' lang='grc' dir='ltr'><strong>χάο</strong></span> 
     </span>
    </p>
   </div>
   <div class='ocr_carea' id='block_1_65' title="bbox 2326 3315 3907 3388">
    <p class='ocr_par' dir='ltr' id='par_1_65' title="bbox 2326 3315 3907 3388">
     <span class='ocr_line' id='line_1_65' title="bbox 2326 3315 3907 3388; baseline 0 -19"><span class='ocrx_word' id='word_1_455' title='bbox 2326 3334 2519 3387; x_wconf 86' lang='grc' dir='ltr'><strong>ρισμα,</strong></span> <span class='ocrx_word' id='word_1_456' title='bbox 2568 3315 2601 3388; x_wconf 80' lang='grc' dir='ltr'>ἢ</span> <span class='ocrx_word' id='word_1_457' title='bbox 2657 3316 2876 3371; x_wconf 71' lang='grc' dir='ltr'><strong>ἅπαντα</strong></span> <span class='ocrx_word' id='word_1_458' title='bbox 2928 3316 2999 3370; x_wconf 86' lang='grc' dir='ltr'><strong>τὰ</strong></span> <span class='ocrx_word' id='word_1_459' title='bbox 3052 3317 3247 3370; x_wconf 74' lang='grc' dir='ltr'><strong>ἑαυτοῦ</strong></span> <span class='ocrx_word' id='word_1_460' title='bbox 3299 3316 3604 3387; x_wconf 79' lang='grc' dir='ltr'><strong>θελήματα,</strong></span> <span class='ocrx_word' id='word_1_461' title='bbox 3647 3320 3907 3377; x_wconf 80' lang='grc' dir='ltr'><strong>τουτέστι.</strong></span> 
     </span>
    </p>
   </div>
   <div class='ocr_carea' id='block_1_66' title="bbox 2322 3410 3910 3483">
    <p class='ocr_par' dir='ltr' id='par_1_66' title="bbox 2322 3410 3910 3483">
     <span class='ocr_line' id='line_1_66' title="bbox 2322 3410 3910 3483; baseline 0.003 -22"><span class='ocrx_word' id='word_1_462' title='bbox 2322 3410 2514 3480; x_wconf 81' lang='grc' dir='ltr'><strong>κύριος</strong></span> <span class='ocrx_word' id='word_1_463' title='bbox 2546 3410 2729 3462; x_wconf 83' lang='grc' dir='ltr'><strong>αὐτῶν</strong></span> <span class='ocrx_word' id='word_1_464' title='bbox 2768 3410 3073 3475; x_wconf 83' lang='grc' dir='ltr'><strong>καταστὰς,</strong></span> <span class='ocrx_word' id='word_1_465' title='bbox 3106 3410 3463 3480; x_wconf 72' lang='grc' dir='ltr'><strong>ἀπεδήμησεν</strong></span> <span class='ocrx_word' id='word_1_466' title='bbox 3492 3414 3574 3473; x_wconf 87' lang='grc' dir='ltr'><strong>είς</strong></span> <span class='ocrx_word' id='word_1_467' title='bbox 3599 3412 3700 3482; x_wconf 75' lang='grc' dir='ltr'><strong>τὴν</strong></span> <span class='ocrx_word' id='word_1_468' title='bbox 3731 3414 3910 3483; x_wconf 82' lang='grc' dir='ltr'><strong>ἁμαρ-</strong></span> 
     </span>
    </p>
   </div>
   <div class='ocr_carea' id='block_1_67' title="bbox 2322 3501 3909 3577">
    <p class='ocr_par' dir='ltr' id='par_1_67' title="bbox 2322 3501 3909 3577">
     <span class='ocr_line' id='line_1_67' title="bbox 2322 3501 3909 3577; baseline 0.003 -22"><span class='ocrx_word' id='word_1_469' title='bbox 2322 3502 2465 3568; x_wconf 88' lang='grc' dir='ltr'><strong>τίαν,</strong></span> <span class='ocrx_word' id='word_1_470' title='bbox 2506 3505 2607 3575; x_wconf 79' lang='grc' dir='ltr'><strong>τὴν</strong></span> <span class='ocrx_word' id='word_1_471' title='bbox 2640 3504 2863 3575; x_wconf 77' lang='grc' dir='ltr'><strong>μακρὰν</strong></span> <span class='ocrx_word' id='word_1_472' title='bbox 2917 3501 3014 3556; x_wconf 83' lang='grc' dir='ltr'><strong>τοῦ</strong></span> <span class='ocrx_word' id='word_1_473' title='bbox 3068 3502 3205 3556; x_wconf 84' lang='grc' dir='ltr'><strong>Θεοῦ</strong></span> <span class='ocrx_word' id='word_1_474' title='bbox 3230 3504 3515 3573; x_wconf 63' lang='grc' dir='ltr'><strong>κειμένην.</strong></span> <span class='ocrx_word' id='word_1_475' title='bbox 3552 3505 3752 3577; x_wconf 80' lang='grc' dir='ltr'><strong>Πόρρω</strong></span> <span class='ocrx_word' id='word_1_476' title='bbox 3806 3508 3909 3575; x_wconf 78' lang='grc' dir='ltr'><strong>γὰρ</strong></span> 
     </span>
    </p>
   </div>
   <div class='ocr_carea' id='block_1_68' title="bbox 2321 3594 3908 3669">
    <p class='ocr_par' dir='ltr' id='par_1_68' title="bbox 2321 3594 3908 3669">
     <span class='ocr_line' id='line_1_68' title="bbox 2321 3594 3908 3669; baseline 0.001 -20"><span class='ocrx_word' id='word_1_477' title='bbox 2321 3595 2416 3649; x_wconf 84' lang='grc' dir='ltr'><strong>τοῦ</strong></span> <span class='ocrx_word' id='word_1_478' title='bbox 2440 3594 2577 3649; x_wconf 86' lang='grc' dir='ltr'><strong>Θεοῦ</strong></span> <span class='ocrx_word' id='word_1_479' title='bbox 2609 3595 2855 3664; x_wconf 88' lang='grc' dir='ltr'><strong>γίνονται</strong></span> <span class='ocrx_word' id='word_1_480' title='bbox 2881 3596 2932 3648; x_wconf 81' lang='grc' dir='ltr'><strong>οι</strong></span> <span class='ocrx_word' id='word_1_481' title='bbox 2963 3595 3398 3666; x_wconf 83' lang='grc' dir='ltr'><strong>ἁμαρτάνοντες,</strong></span> <span class='ocrx_word' id='word_1_482' title='bbox 3429 3597 3533 3650; x_wconf 82' lang='grc' dir='ltr'><strong>οὐκ</strong></span> <span class='ocrx_word' id='word_1_483' title='bbox 3563 3598 3908 3669; x_wconf 76' lang='grc' dir='ltr'><strong>ἀναχωρήσει</strong></span> 
     </span>
    </p>
   </div>
   <div class='ocr_carea' id='block_1_69' title="bbox 2318 3689 3435 3760">
    <p class='ocr_par' dir='ltr' id='par_1_69' title="bbox 2318 3689 3435 3760">
     <span class='ocr_line' id='line_1_69' title="bbox 2318 3689 3435 3760; baseline 0.003 -19"><span class='ocrx_word' id='word_1_484' title='bbox 2318 3689 2508 3752; x_wconf 83' lang='grc' dir='ltr'><strong>τόπου,</strong></span> <span class='ocrx_word' id='word_1_485' title='bbox 2542 3690 2658 3741; x_wconf 75' lang='grc' dir='ltr'><strong>ἀλλ’</strong></span> <span class='ocrx_word' id='word_1_486' title='bbox 2682 3690 3033 3759; x_wconf 80' lang='grc' dir='ltr'><strong>ἀναχωρήσει</strong></span> <span class='ocrx_word' id='word_1_487' title='bbox 3086 3689 3186 3757; x_wconf 78' lang='grc' dir='ltr'><strong>τῆς</strong></span> <span class='ocrx_word' id='word_1_488' title='bbox 3210 3689 3435 3760; x_wconf 77' lang='grc' dir='ltr'><strong>ἀρετῆς.</strong></span> 
     </span>
    </p>
   </div>
   <div class='ocr_carea' id='block_1_70' title="bbox 687 3774 2204 3865">
    <p class='ocr_par' dir='ltr' id='par_1_70' title="bbox 687 3793 2204 3865">
     <span class='ocr_line' id='line_1_70' title="bbox 687 3793 2204 3865; baseline 0.003 -20"><span class='ocrx_word' id='word_1_489' title='bbox 687 3793 841 3847; x_wconf 83' lang='lat' dir='ltr'><strong>Vers.</strong></span> <span class='ocrx_word' id='word_1_490' title='bbox 875 3794 959 3847; x_wconf 78' lang='lat' dir='ltr'><strong>l5.</strong></span> <span class='ocrx_word' id='word_1_491' title='bbox 986 3794 1059 3847; x_wconf 78' lang='lat' dir='ltr'><strong>Ac</strong></span> <span class='ocrx_word' id='word_1_492' title='bbox 1083 3794 1158 3847; x_wconf 84' lang='lat' dir='ltr'><strong>ibi</strong></span> <span class='ocrx_word' id='word_1_493' title='bbox 1181 3812 1452 3849; x_wconf 85' lang='lat' dir='ltr'><strong>——suam.</strong></span> <span class='ocrx_word' id='word_1_494' title='bbox 1502 3793 1762 3865; x_wconf 85' lang='lat' dir='ltr'><strong>Corrupit</strong></span> <span class='ocrx_word' id='word_1_495' title='bbox 1796 3794 2028 3861; x_wconf 89' lang='lat' dir='ltr'><strong>donum,</strong></span> <span class='ocrx_word' id='word_1_496' title='bbox 2062 3795 2204 3865; x_wconf 90' lang='lat' dir='ltr'><strong>quod</strong></span> 
     </span>
    </p>
   </div>
   <div class='ocr_carea' id='block_1_71' title="bbox 2313 3774 3907 3865">
    <p class='ocr_par' dir='ltr' id='par_1_71' title="bbox 2391 3780 3907 3855">
     <span class='ocr_line' id='line_1_71' title="bbox 2391 3780 3907 3855; baseline 0.001 -20"><span class='ocrx_word' id='word_1_497' title='bbox 2391 3782 2501 3835; x_wconf 88' lang='lat' dir='ltr'><strong>Kal</strong></span> <span class='ocrx_word' id='word_1_498' title='bbox 2526 3783 2659 3837; x_wconf 81' lang='grc' dir='ltr'><strong>ἐκεῖ</strong></span> <span class='ocrx_word' id='word_1_499' title='bbox 2685 3812 2753 3823; x_wconf 92' lang='grc'><strong><em>-</em></strong></span> <span class='ocrx_word' id='word_1_500' title='bbox 2783 3782 2993 3836; x_wconf 83' lang='grc' dir='ltr'><strong>αὐτοῦ.</strong></span> <span class='ocrx_word' id='word_1_501' title='bbox 3026 3780 3314 3852; x_wconf 80' lang='grc' dir='ltr'><strong>Διέφθειρε</strong></span> <span class='ocrx_word' id='word_1_502' title='bbox 3357 3784 3419 3835; x_wconf 82' lang='grc' dir='ltr'><strong>τὸ</strong></span> <span class='ocrx_word' id='word_1_503' title='bbox 3448 3785 3513 3837; x_wconf 75' lang='grc' dir='ltr'><strong>ὲκ</strong></span> <span class='ocrx_word' id='word_1_504' title='bbox 3559 3783 3656 3838; x_wconf 82' lang='grc' dir='ltr'><strong>τοῦ</strong></span> <span class='ocrx_word' id='word_1_505' title='bbox 3713 3785 3907 3855; x_wconf 81' lang='grc' dir='ltr'><strong>βαπτί-</strong></span> 
     </span>
    </p>
   </div>
   <div class='ocr_carea' id='block_1_72' title="bbox 615 3883 2211 3956">
    <p class='ocr_par' dir='ltr' id='par_1_72' title="bbox 615 3883 2211 3956">
     <span class='ocr_line' id='line_1_72' title="bbox 615 3883 2211 3956; baseline 0.002 -19"><span class='ocrx_word' id='word_1_506' title='bbox 615 3898 646 3937; x_wconf 81' lang='lat' dir='ltr'><strong>a</strong></span> <span class='ocrx_word' id='word_1_507' title='bbox 683 3883 956 3953; x_wconf 87' lang='lat' dir='ltr'><strong>baptismo</strong></span> <span class='ocrx_word' id='word_1_508' title='bbox 986 3901 1325 3956; x_wconf 82' lang='lat' dir='ltr'><strong>susceperat,</strong></span> <span class='ocrx_word' id='word_1_509' title='bbox 1351 3896 1480 3955; x_wconf 90' lang='lat' dir='ltr'><strong>puta</strong></span> <span class='ocrx_word' id='word_1_510' title='bbox 1511 3886 1706 3942; x_wconf 69' lang='lat' dir='ltr'><strong>anima:</strong></span> <span class='ocrx_word' id='word_1_511' title='bbox 1740 3886 2105 3953; x_wconf 89' lang='lat' dir='ltr'><strong>nobilitatem,</strong></span> <span class='ocrx_word' id='word_1_512' title='bbox 2144 3886 2211 3940; x_wconf 90' lang='lat' dir='ltr'><strong>ad</strong></span> 
     </span>
    </p>
   </div>
   <div class='ocr_carea' id='block_1_73' title="bbox 2316 3873 3908 3945">
    <p class='ocr_par' dir='ltr' id='par_1_73' title="bbox 2316 3873 3908 3945">
     <span class='ocr_line' id='line_1_73' title="bbox 2316 3873 3908 3945; baseline 0.003 -20"><span class='ocrx_word' id='word_1_513' title='bbox 2316 3888 2523 3942; x_wconf 82' lang='grc' dir='ltr'><strong>σματος</strong></span> <span class='ocrx_word' id='word_1_514' title='bbox 2550 3873 2821 3943; x_wconf 86' lang='grc' dir='ltr'><strong>χάρισμα,</strong></span> <span class='ocrx_word' id='word_1_515' title='bbox 2848 3875 2949 3942; x_wconf 82' lang='grc' dir='ltr'><strong>τὴν</strong></span> <span class='ocrx_word' id='word_1_516' title='bbox 2982 3874 3081 3943; x_wconf 83' lang='grc' dir='ltr'><strong>τῆς</strong></span> <span class='ocrx_word' id='word_1_517' title='bbox 3112 3874 3295 3942; x_wconf 77' lang='grc' dir='ltr'><strong>ψυχῆς</strong></span> <span class='ocrx_word' id='word_1_518' title='bbox 3324 3874 3633 3941; x_wconf 82' lang='grc' dir='ltr'><strong>εὐγένειαν,</strong></span> <span class='ocrx_word' id='word_1_519' title='bbox 3656 3876 3755 3945; x_wconf 85' lang='grc' dir='ltr'><strong>τὴν</strong></span> <span class='ocrx_word' id='word_1_520' title='bbox 3782 3877 3908 3945; x_wconf 73' lang='grc' dir='ltr'><strong>πρὸς</strong></span> 
     </span>
    </p>
   </div>
   <div class='ocr_carea' id='block_1_74' title="bbox 615 3965 2204 4049">
    <p class='ocr_par' dir='ltr' id='par_1_74' title="bbox 615 3977 2204 4049">
     <span class='ocr_line' id='line_1_74' title="bbox 615 3977 2204 4049; baseline 0.003 -20"><span class='ocrx_word' id='word_1_521' title='bbox 615 3978 851 4032; x_wconf 80' lang='lat' dir='ltr'><strong>virtutes</strong></span> <span class='ocrx_word' id='word_1_522' title='bbox 917 3978 1303 4049; x_wconf 88' lang='lat' dir='ltr'><strong>aptitudincm.</strong></span> <span class='ocrx_word' id='word_1_523' title='bbox 1358 3977 1485 4033; x_wconf 59' lang='lat' dir='ltr'><strong>Haec</strong></span> <span class='ocrx_word' id='word_1_524' title='bbox 1515 3978 1660 4033; x_wconf 88' lang='lat' dir='ltr'><strong>enim</strong></span> <span class='ocrx_word' id='word_1_525' title='bbox 1694 3988 1750 4033; x_wconf 91' lang='lat' dir='ltr'><strong>et</strong></span> <span class='ocrx_word' id='word_1_526' title='bbox 1802 3979 2002 4034; x_wconf 89' lang='lat' dir='ltr'><strong>similia</strong></span> <span class='ocrx_word' id='word_1_527' title='bbox 2061 3989 2204 4033; x_wconf 74' lang='lat' dir='ltr'><strong>erant</strong></span> 
     </span>
    </p>
   </div>
   <div class='ocr_carea' id='block_1_75' title="bbox 2313 3965 3909 4049">
    <p class='ocr_par' dir='ltr' id='par_1_75' title="bbox 2316 3965 3909 4037">
     <span class='ocr_line' id='line_1_75' title="bbox 2316 3965 3909 4037; baseline 0.004 -20"><span class='ocrx_word' id='word_1_528' title='bbox 2316 3965 2518 4036; x_wconf 75' lang='grc' dir='ltr'><strong>ἀρετὰς</strong></span> <span class='ocrx_word' id='word_1_529' title='bbox 2566 3966 3010 4035; x_wconf 66' lang='grc' dir='ltr'><strong>ἐπιτηδειότητα.</strong></span> <span class='ocrx_word' id='word_1_530' title='bbox 3047 3965 3237 4019; x_wconf 87' lang='grc' dir='ltr'><strong>Ταῦτα</strong></span> <span class='ocrx_word' id='word_1_531' title='bbox 3278 3966 3390 4037; x_wconf 87' lang='grc' dir='ltr'><strong>γὰρ</strong></span> <span class='ocrx_word' id='word_1_532' title='bbox 3432 3968 3529 4020; x_wconf 78' lang='grc' dir='ltr'><strong>καὶ</strong></span> <span class='ocrx_word' id='word_1_533' title='bbox 3575 3968 3647 4022; x_wconf 76' lang='grc' dir='ltr'><strong>τά</strong></span> <span class='ocrx_word' id='word_1_534' title='bbox 3692 3970 3909 4023; x_wconf 67' lang='grc' dir='ltr'><strong>τοιαῦτα</strong></span> 
     </span>
    </p>
   </div>
   <div class='ocr_carea' id='block_1_76' title="bbox 614 4068 1449 4135">
    <p class='ocr_par' dir='ltr' id='par_1_76' title="bbox 614 4068 1449 4135">
     <span class='ocr_line' id='line_1_76' title="bbox 614 4068 1449 4135; baseline 0.001 -15"><span class='ocrx_word' id='word_1_535' title='bbox 614 4068 736 4135; x_wconf 84' lang='lat' dir='ltr'><strong>ejus</strong></span> <span class='ocrx_word' id='word_1_536' title='bbox 768 4069 1078 4125; x_wconf 84' lang='lat' dir='ltr'><strong>substantia</strong></span> <span class='ocrx_word' id='word_1_537' title='bbox 1119 4084 1183 4123; x_wconf 89' lang='lat' dir='ltr'><strong>ac</strong></span> <span class='ocrx_word' id='word_1_538' title='bbox 1223 4068 1449 4123; x_wconf 68' lang='lat' dir='ltr'><strong>divitize.</strong></span> 
     </span>
    </p>
   </div>
   <div class='ocr_carea' id='block_1_77' title="bbox 689 4159 2212 4232">
    <p class='ocr_par' dir='ltr' id='par_1_77' title="bbox 689 4159 2212 4232">
     <span class='ocr_line' id='line_1_77' title="bbox 689 4159 2212 4232; baseline -0.001 -18"><span class='ocrx_word' id='word_1_539' title='bbox 689 4159 845 4215; x_wconf 84' lang='lat' dir='ltr'><strong>Vers.</strong></span> <span class='ocrx_word' id='word_1_540' title='bbox 902 4160 991 4216; x_wconf 76' lang='lat' dir='ltr'><strong>i3.</strong></span> <span class='ocrx_word' id='word_1_541' title='bbox 1064 4159 1290 4213; x_wconf 76' lang='lat' dir='ltr'><strong>Vivendo</strong></span> <span class='ocrx_word' id='word_1_542' title='bbox 1337 4190 1407 4202; x_wconf 90' lang='grc'><strong><em>-</em></strong></span> <span class='ocrx_word' id='word_1_543' title='bbox 1476 4161 1766 4215; x_wconf 76' lang='lat' dir='ltr'><strong>luxuriose.</strong></span> <span class='ocrx_word' id='word_1_544' title='bbox 1822 4160 2212 4232; x_wconf 71' lang='lat' dir='ltr'><strong>Prodigaliter,</strong></span> 
     </span>
    </p>
   </div>
   <div class='ocr_carea' id='block_1_78' title="bbox 616 4251 1688 4322">
    <p class='ocr_par' dir='ltr' id='par_1_78' title="bbox 616 4251 1688 4322">
     <span class='ocr_line' id='line_1_78' title="bbox 616 4251 1688 4322; baseline 0.001 -17"><span class='ocrx_word' id='word_1_545' title='bbox 616 4253 1073 4322; x_wconf 84' lang='lat' dir='ltr'><strong>intemperanter,</strong></span> <span class='ocrx_word' id='word_1_546' title='bbox 1108 4251 1423 4315; x_wconf 86' lang='lat' dir='ltr'><strong>libidinose,</strong></span> <span class='ocrx_word' id='word_1_547' title='bbox 1457 4251 1688 4306; x_wconf 85' lang='lat' dir='ltr'><strong>lascive.</strong></span> 
     </span>
    </p>
   </div>
   <div class='ocr_carea' id='block_1_79' title="bbox 690 4338 2210 4410">
    <p class='ocr_par' dir='ltr' id='par_1_79' title="bbox 690 4338 2210 4410">
     <span class='ocr_line' id='line_1_79' title="bbox 690 4338 2210 4410; baseline 0.001 -16"><span class='ocrx_word' id='word_1_548' title='bbox 690 4340 844 4395; x_wconf 83' lang='lat' dir='ltr'><strong>Vers.</strong></span> <span class='ocrx_word' id='word_1_549' title='bbox 901 4339 993 4395; x_wconf 75' lang='grc'><strong>14.</strong></span> <span class='ocrx_word' id='word_1_550' title='bbox 1053 4338 1286 4410; x_wconf 77' lang='lat' dir='ltr'><strong>Cumque</strong></span> <span class='ocrx_word' id='word_1_551' title='bbox 1347 4341 1528 4393; x_wconf 82' lang='lat' dir='ltr'><strong>omnia</strong></span> <span class='ocrx_word' id='word_1_552' title='bbox 1586 4343 2015 4409; x_wconf 80' lang='lat' dir='ltr'><strong>consumpsisset.</strong></span> <span class='ocrx_word' id='word_1_553' title='bbox 2072 4342 2210 4397; x_wconf 87' lang='lat' dir='ltr'><strong>Cum</strong></span> 
     </span>
    </p>
   </div>
   <div class='ocr_carea' id='block_1_80' title="bbox 616 4434 2211 4505">
    <p class='ocr_par' dir='ltr' id='par_1_80' title="bbox 616 4434 2211 4505">
     <span class='ocr_line' id='line_1_80' title="bbox 616 4434 2211 4505; baseline 0.002 -19"><span class='ocrx_word' id='word_1_554' title='bbox 616 4434 929 4502; x_wconf 85' lang='lat' dir='ltr'><strong>abjecisset,</strong></span> <span class='ocrx_word' id='word_1_555' title='bbox 967 4442 1063 4487; x_wconf 90' lang='lat' dir='ltr'><strong>aut</strong></span> <span class='ocrx_word' id='word_1_556' title='bbox 1106 4435 1430 4504; x_wconf 87' lang='lat' dir='ltr'><strong>respuisset,</strong></span> <span class='ocrx_word' id='word_1_557' title='bbox 1494 4449 1836 4505; x_wconf 61' lang='lat' dir='ltr'><strong>quaecunque</strong></span> <span class='ocrx_word' id='word_1_558' title='bbox 1895 4436 2132 4490; x_wconf 88' lang='lat' dir='ltr'><strong>habebat</strong></span> <span class='ocrx_word' id='word_1_559' title='bbox 2182 4450 2211 4489; x_wconf 89' lang='lat' dir='ltr'><strong>a</strong></span> 
     </span>
    </p>
   </div>
   <div class='ocr_carea' id='block_1_81' title="bbox 618 4524 935 4581">
    <p class='ocr_par' dir='ltr' id='par_1_81' title="bbox 618 4524 935 4581">
     <span class='ocr_line' id='line_1_81' title="bbox 618 4524 935 4581; baseline -0.003 -2"><span class='ocrx_word' id='word_1_560' title='bbox 618 4525 729 4579; x_wconf 90' lang='lat' dir='ltr'><strong>Deo</strong></span> <span class='ocrx_word' id='word_1_561' title='bbox 769 4524 935 4581; x_wconf 87' lang='lat' dir='ltr'><strong>bona.</strong></span> 
     </span>
    </p>
   </div>
   <div class='ocr_carea' id='block_1_82' title="bbox 690 4612 2210 4673">
    <p class='ocr_par' dir='ltr' id='par_1_82' title="bbox 690 4612 2210 4673">
     <span class='ocr_line' id='line_1_82' title="bbox 690 4612 2210 4673; baseline 0.001 -4"><span class='ocrx_word' id='word_1_562' title='bbox 690 4614 846 4669; x_wconf 83' lang='lat' dir='ltr'><strong>Vers.</strong></span> <span class='ocrx_word' id='word_1_563' title='bbox 880 4615 989 4670; x_wconf 57' lang='grc' dir='ltr'><strong>λι.</strong></span> <span class='ocrx_word' id='word_1_564' title='bbox 1042 4612 1220 4669; x_wconf 83' lang='lat' dir='ltr'><strong>Facta</strong></span> <span class='ocrx_word' id='word_1_565' title='bbox 1278 4625 1353 4669; x_wconf 81' lang='lat' dir='ltr'><strong>est</strong></span> <span class='ocrx_word' id='word_1_566' title='bbox 1402 4645 1473 4657; x_wconf 94' lang='lat'><strong><em>—</em></strong></span> <span class='ocrx_word' id='word_1_567' title='bbox 1522 4615 1641 4673; x_wconf 83' lang='lat' dir='ltr'><strong>illa.</strong></span> <span class='ocrx_word' id='word_1_568' title='bbox 1686 4614 1788 4671; x_wconf 87' lang='lat' dir='ltr'><strong>Ubi</strong></span> <span class='ocrx_word' id='word_1_569' title='bbox 1831 4616 1976 4671; x_wconf 89' lang='lat' dir='ltr'><strong>enim</strong></span> <span class='ocrx_word' id='word_1_570' title='bbox 2038 4617 2210 4672; x_wconf 91' lang='lat' dir='ltr'><strong>divini</strong></span> 
     </span>
    </p>
   </div>
   <div class='ocr_carea' id='block_1_83' title="bbox 618 4705 2207 4773">
    <p class='ocr_par' dir='ltr' id='par_1_83' title="bbox 618 4705 2207 4773">
     <span class='ocr_line' id='line_1_83' title="bbox 618 4705 2207 4773; baseline 0.001 -14"><span class='ocrx_word' id='word_1_571' title='bbox 618 4705 831 4759; x_wconf 91' lang='lat' dir='ltr'><strong>timoris</strong></span> <span class='ocrx_word' id='word_1_572' title='bbox 861 4705 1199 4760; x_wconf 82' lang='lat' dir='ltr'><strong>frumentum</strong></span> <span class='ocrx_word' id='word_1_573' title='bbox 1240 4723 1347 4762; x_wconf 90' lang='lat' dir='ltr'><strong>non</strong></span> <span class='ocrx_word' id='word_1_574' title='bbox 1392 4708 1615 4772; x_wconf 78' lang='lat' dir='ltr'><strong>seritur,</strong></span> <span class='ocrx_word' id='word_1_575' title='bbox 1654 4708 1726 4761; x_wconf 85' lang='lat' dir='ltr'><strong>ibi</strong></span> <span class='ocrx_word' id='word_1_576' title='bbox 1785 4708 1961 4765; x_wconf 85' lang='lat' dir='ltr'><strong>fames</strong></span> <span class='ocrx_word' id='word_1_577' title='bbox 2006 4708 2207 4773; x_wconf 85' lang='lat' dir='ltr'><strong>valida,</strong></span> 
     </span>
    </p>
   </div>
   <div class='ocr_carea' id='block_1_84' title="bbox 615 4798 2206 4867">
    <p class='ocr_par' dir='ltr' id='par_1_84' title="bbox 615 4798 2206 4867">
     <span class='ocr_line' id='line_1_84' title="bbox 615 4798 2206 4867; baseline 0.001 -16"><span class='ocrx_word' id='word_1_578' title='bbox 615 4813 723 4851; x_wconf 89' lang='lat' dir='ltr'><strong>non</strong></span> <span class='ocrx_word' id='word_1_579' title='bbox 752 4799 927 4867; x_wconf 87' lang='lat' dir='ltr'><strong>panis,</strong></span> <span class='ocrx_word' id='word_1_580' title='bbox 959 4798 1054 4852; x_wconf 89' lang='lat' dir='ltr'><strong>sed</strong></span> <span class='ocrx_word' id='word_1_581' title='bbox 1085 4799 1305 4855; x_wconf 86' lang='lat' dir='ltr'><strong>virtutis</strong></span> <span class='ocrx_word' id='word_1_582' title='bbox 1334 4817 1349 4867; x_wconf 91' lang='lat'><strong>;</strong></span> <span class='ocrx_word' id='word_1_583' title='bbox 1412 4801 1499 4854; x_wconf 91' lang='lat' dir='ltr'><strong>ubi</strong></span> <span class='ocrx_word' id='word_1_584' title='bbox 1533 4799 1799 4855; x_wconf 85' lang='lat' dir='ltr'><strong>fertilitas</strong></span> <span class='ocrx_word' id='word_1_585' title='bbox 1835 4800 2018 4855; x_wconf 90' lang='lat' dir='ltr'><strong>omnis</strong></span> <span class='ocrx_word' id='word_1_586' title='bbox 2054 4800 2206 4866; x_wconf 89' lang='lat' dir='ltr'><strong>mali,</strong></span> 
     </span>
    </p>
   </div>
   <div class='ocr_carea' id='block_1_85' title="bbox 615 4891 1373 4948">
    <p class='ocr_par' dir='ltr' id='par_1_85' title="bbox 615 4891 1373 4948">
     <span class='ocr_line' id='line_1_85' title="bbox 615 4891 1373 4948; baseline 0.001 -2"><span class='ocrx_word' id='word_1_587' title='bbox 615 4892 689 4946; x_wconf 89' lang='lat' dir='ltr'><strong>ibi</strong></span> <span class='ocrx_word' id='word_1_588' title='bbox 722 4891 983 4946; x_wconf 88' lang='lat' dir='ltr'><strong>sterilitas</strong></span> <span class='ocrx_word' id='word_1_589' title='bbox 1012 4893 1193 4946; x_wconf 88' lang='lat' dir='ltr'><strong>omnis</strong></span> <span class='ocrx_word' id='word_1_590' title='bbox 1224 4893 1373 4948; x_wconf 87' lang='lat' dir='ltr'><strong>boni.</strong></span> 
     </span>
    </p>
   </div>
   <div class='ocr_carea' id='block_1_86' title="bbox 686 4982 2205 5054">
    <p class='ocr_par' dir='ltr' id='par_1_86' title="bbox 686 4982 2205 5054">
     <span class='ocr_line' id='line_1_86' title="bbox 686 4982 2205 5054; baseline 0 -15"><span class='ocrx_word' id='word_1_591' title='bbox 686 4983 844 5039; x_wconf 85' lang='lat' dir='ltr'><strong>Vers.</strong></span> <span class='ocrx_word' id='word_1_592' title='bbox 884 4983 971 5036; x_wconf 75' lang='grc' dir='ltr'><strong>Η.</strong></span> <span class='ocrx_word' id='word_1_593' title='bbox 1004 4982 1073 5037; x_wconf 81' lang='lat' dir='ltr'><strong>Et</strong></span> <span class='ocrx_word' id='word_1_594' title='bbox 1104 5013 1168 5025; x_wconf 89' lang='lat'><strong>—-</strong></span> <span class='ocrx_word' id='word_1_595' title='bbox 1200 5000 1371 5053; x_wconf 81' lang='lat' dir='ltr'><strong>egere.</strong></span> <span class='ocrx_word' id='word_1_596' title='bbox 1403 4985 1569 5039; x_wconf 83' lang='lat' dir='ltr'><strong>Fame</strong></span> <span class='ocrx_word' id='word_1_597' title='bbox 1620 4986 1819 5054; x_wconf 91' lang='lat' dir='ltr'><strong>premi,</strong></span> <span class='ocrx_word' id='word_1_598' title='bbox 1870 4984 2085 5054; x_wconf 87' lang='lat' dir='ltr'><strong>dilapso</strong></span> <span class='ocrx_word' id='word_1_599' title='bbox 2135 4984 2205 5040; x_wconf 93' lang='lat' dir='ltr'><strong>ab</strong></span> 
     </span>
    </p>
   </div>
   <div class='ocr_carea' id='block_1_87' title="bbox 612 5074 2064 5146">
    <p class='ocr_par' dir='ltr' id='par_1_87' title="bbox 612 5074 2064 5146">
     <span class='ocr_line' id='line_1_87' title="bbox 612 5074 2064 5146; baseline 0 -15"><span class='ocrx_word' id='word_1_600' title='bbox 612 5091 679 5131; x_wconf 91' lang='lat' dir='ltr'><strong>eo</strong></span> <span class='ocrx_word' id='word_1_601' title='bbox 702 5075 852 5131; x_wconf 89' lang='lat' dir='ltr'><strong>omni</strong></span> <span class='ocrx_word' id='word_1_602' title='bbox 889 5074 1057 5140; x_wconf 91' lang='lat' dir='ltr'><strong>bono,</strong></span> <span class='ocrx_word' id='word_1_603' title='bbox 1094 5076 1319 5146; x_wconf 87' lang='lat' dir='ltr'><strong>solaque</strong></span> <span class='ocrx_word' id='word_1_604' title='bbox 1357 5078 1757 5133; x_wconf 89' lang='lat' dir='ltr'><strong>incontinentia</strong></span> <span class='ocrx_word' id='word_1_605' title='bbox 1782 5078 2064 5133; x_wconf 85' lang='lat' dir='ltr'><strong>derelicta.</strong></span> 
     </span>
    </p>
   </div>
   <div class='ocr_carea' id='block_1_88' title="bbox 694 5251 2200 5330">
    <p class='ocr_par' dir='ltr' id='par_1_88' title="bbox 694 5251 2200 5330">
     <span class='ocr_line' id='line_1_88' title="bbox 694 5251 2200 5330; baseline 0.005 -23"><span class='ocrx_word' id='word_1_606' title='bbox 694 5251 853 5309; x_wconf 76' lang='lat' dir='ltr'><strong>Vers.</strong></span> <span class='ocrx_word' id='word_1_607' title='bbox 886 5253 973 5311; x_wconf 74' lang='lat' dir='ltr'><strong>i5.</strong></span> <span class='ocrx_word' id='word_1_608' title='bbox 1006 5253 1075 5308; x_wconf 79' lang='lat' dir='ltr'><strong>Et</strong></span> <span class='ocrx_word' id='word_1_609' title='bbox 1101 5288 1165 5298; x_wconf 95' lang='lat'><em>—</em></span> <span class='ocrx_word' id='word_1_610' title='bbox 1188 5257 1355 5311; x_wconf 79' lang='lat' dir='ltr'><strong>illius.</strong></span> <span class='ocrx_word' id='word_1_611' title='bbox 1387 5256 1545 5313; x_wconf 79' lang='lat' dir='ltr'><strong>Cives</strong></span> <span class='ocrx_word' id='word_1_612' title='bbox 1589 5259 1834 5330; x_wconf 86' lang='lat' dir='ltr'><strong>regionis</strong></span> <span class='ocrx_word' id='word_1_613' title='bbox 1866 5259 2033 5324; x_wconf 88' lang='lat' dir='ltr'><strong>illius,</strong></span> <span class='ocrx_word' id='word_1_614' title='bbox 2072 5272 2200 5330; x_wconf 88' lang='lat' dir='ltr'><strong>puta</strong></span> 
     </span>
    </p>
   </div>
   <div class='ocr_carea' id='block_1_89' title="bbox 614 5344 2199 5423">
    <p class='ocr_par' dir='ltr' id='par_1_89' title="bbox 614 5344 2199 5423">
     <span class='ocr_line' id='line_1_89' title="bbox 614 5344 2199 5423; baseline 0.008 -27"><span class='ocrx_word' id='word_1_615' title='bbox 614 5344 846 5412; x_wconf 84' lang='lat' dir='ltr'><strong>peccati,</strong></span> <span class='ocrx_word' id='word_1_616' title='bbox 889 5356 1017 5402; x_wconf 87' lang='lat' dir='ltr'><strong>sunt</strong></span> <span class='ocrx_word' id='word_1_617' title='bbox 1047 5347 1346 5404; x_wconf 68' lang='lat' dir='ltr'><strong>daemones.</strong></span> <span class='ocrx_word' id='word_1_618' title='bbox 1375 5348 1681 5405; x_wconf 90' lang='lat' dir='ltr'><strong>Distractus</strong></span> <span class='ocrx_word' id='word_1_619' title='bbox 1716 5367 1848 5423; x_wconf 90' lang='lat' dir='ltr'><strong>ergo</strong></span> <span class='ocrx_word' id='word_1_620' title='bbox 1875 5368 1905 5406; x_wconf 92' lang='lat' dir='ltr'><strong>a</strong></span> <span class='ocrx_word' id='word_1_621' title='bbox 1940 5362 2120 5422; x_wconf 86' lang='lat' dir='ltr'><strong>patre,</strong></span> <span class='ocrx_word' id='word_1_622' title='bbox 2165 5369 2199 5408; x_wconf 88' lang='grc' dir='ltr'><strong>ο</strong></span> 
     </span>
    </p>
   </div>
   <div class='ocr_carea' id='block_1_90' title="bbox 611 5439 2203 5515">
    <p class='ocr_par' dir='ltr' id='par_1_90' title="bbox 611 5439 2203 5515">
     <span class='ocr_line' id='line_1_90' title="bbox 611 5439 2203 5515; baseline 0.006 -24"><span class='ocrx_word' id='word_1_623' title='bbox 611 5450 863 5509; x_wconf 84' lang='lat' dir='ltr'><strong>magnam</strong></span> <span class='ocrx_word' id='word_1_624' title='bbox 893 5439 1225 5496; x_wconf 88' lang='lat' dir='ltr'><strong>dementiam</strong></span> <span class='ocrx_word' id='word_1_625' title='bbox 1256 5445 1269 5497; x_wconf 90' lang='lat' dir='ltr'><strong>i</strong></span> <span class='ocrx_word' id='word_1_626' title='bbox 1300 5443 1527 5498; x_wconf 64' lang='lat' dir='ltr'><strong>adhaesit</strong></span> <span class='ocrx_word' id='word_1_627' title='bbox 1554 5443 1775 5499; x_wconf 89' lang='lat' dir='ltr'><strong>inimico</strong></span> <span class='ocrx_word' id='word_1_628' title='bbox 1809 5464 1820 5498; x_wconf 90' lang='lat'>:</span> <span class='ocrx_word' id='word_1_629' title='bbox 1851 5456 1908 5500; x_wconf 89' lang='lat' dir='ltr'><strong>et</strong></span> <span class='ocrx_word' id='word_1_630' title='bbox 1956 5446 2048 5515; x_wconf 92' lang='lat' dir='ltr'><strong>qui</strong></span> <span class='ocrx_word' id='word_1_631' title='bbox 2092 5462 2203 5501; x_wconf 92' lang='lat' dir='ltr'><strong>non</strong></span> 
     </span>
    </p>
   </div>
   <div class='ocr_carea' id='block_1_91' title="bbox 2315 4052 3266 4128">
    <p class='ocr_par' dir='ltr' id='par_1_91' title="bbox 2315 4052 3266 4128">
     <span class='ocr_line' id='line_1_91' title="bbox 2315 4052 3266 4128; baseline 0.003 -19"><span class='ocrx_word' id='word_1_632' title='bbox 2315 4052 2458 4128; x_wconf 76' lang='grc' dir='ltr'><strong>ἦσαν</strong></span> <span class='ocrx_word' id='word_1_633' title='bbox 2491 4057 2653 4112; x_wconf 86' lang='grc' dir='ltr'><strong>οὐσία</strong></span> <span class='ocrx_word' id='word_1_634' title='bbox 2684 4060 2777 4111; x_wconf 80' lang='grc' dir='ltr'><strong>καὶ</strong></span> <span class='ocrx_word' id='word_1_635' title='bbox 2810 4058 3043 4118; x_wconf 81' lang='grc' dir='ltr'><strong>πλοῦτος</strong></span> <span class='ocrx_word' id='word_1_636' title='bbox 3074 4057 3266 4116; x_wconf 79' lang='grc' dir='ltr'><strong>αὑτοῦ.</strong></span> 
     </span>
    </p>
   </div>
   <div class='ocr_carea' id='block_1_92' title="bbox 2386 4148 3883 4226">
    <p class='ocr_par' dir='ltr' id='par_1_92' title="bbox 2386 4148 3883 4226">
     <span class='ocr_line' id='line_1_92' title="bbox 2386 4148 3883 4226; baseline 0.005 -24"><span class='ocrx_word' id='word_1_637' title='bbox 2386 4148 2519 4204; x_wconf 78' lang='grc' dir='ltr'><strong>Ζῶν</strong></span> <span class='ocrx_word' id='word_1_638' title='bbox 2546 4178 2615 4189; x_wconf 88' lang='lat'><strong>-</strong></span> <span class='ocrx_word' id='word_1_639' title='bbox 2635 4150 2907 4219; x_wconf 79' lang='grc' dir='ltr'><strong>ἀσώτως.</strong></span> <span class='ocrx_word' id='word_1_640' title='bbox 2945 4151 3233 4222; x_wconf 79' lang='grc' dir='ltr'><strong>Ἀφειὸὦς,</strong></span> <span class='ocrx_word' id='word_1_641' title='bbox 3250 4154 3513 4226; x_wconf 78' lang='grc' dir='ltr'><strong>ἀκρατῶς</strong></span> <span class='ocrx_word' id='word_1_642' title='bbox 3530 4194 3545 4220; x_wconf 89' lang='grc'><strong>,</strong></span> <span class='ocrx_word' id='word_1_643' title='bbox 3566 4156 3883 4219; x_wconf 70' lang='grc' dir='ltr'><strong>ἀκολάστως</strong></span> 
     </span>
    </p>
   </div>
   <div class='ocr_carea' id='block_1_93' title="bbox 2385 4336 3905 4407">
    <p class='ocr_par' dir='ltr' id='par_1_93' title="bbox 2385 4336 3905 4407">
     <span class='ocr_line' id='line_1_93' title="bbox 2385 4336 3905 4407; baseline 0.006 -19"><span class='ocrx_word' id='word_1_644' title='bbox 2385 4336 2866 4405; x_wconf 77' lang='grc' dir='ltr'><strong>Δαπανήσαντος</strong></span> <span class='ocrx_word' id='word_1_645' title='bbox 2901 4339 2970 4393; x_wconf 80' lang='grc' dir='ltr'><strong>δὲ</strong></span> <span class='ocrx_word' id='word_1_646' title='bbox 3000 4341 3191 4395; x_wconf 81' lang='grc' dir='ltr'><strong>αὐτοῦ</strong></span> <span class='ocrx_word' id='word_1_647' title='bbox 3243 4341 3464 4396; x_wconf 78' lang='grc' dir='ltr'><strong>πάντα.</strong></span> <span class='ocrx_word' id='word_1_648' title='bbox 3513 4342 3905 4407; x_wconf 80' lang='grc' dir='ltr'><strong>Ἀποδαλόντος</strong></span> 
     </span>
    </p>
   </div>
   <div class='ocr_carea' id='block_1_94' title="bbox 2315 4426 3317 4502">
    <p class='ocr_par' dir='ltr' id='par_1_94' title="bbox 2315 4426 3317 4502">
     <span class='ocr_line' id='line_1_94' title="bbox 2315 4426 3317 4502; baseline 0.008 -21"><span class='ocrx_word' id='word_1_649' title='bbox 2315 4429 2513 4494; x_wconf 87' lang='grc' dir='ltr'><strong>πάντα,</strong></span> <span class='ocrx_word' id='word_1_650' title='bbox 2541 4432 2641 4484; x_wconf 85' lang='grc' dir='ltr'><strong>ὅσα</strong></span> <span class='ocrx_word' id='word_1_651' title='bbox 2668 4426 2815 4502; x_wconf 74' lang='grc' dir='ltr'><strong>εἶχεν</strong></span> <span class='ocrx_word' id='word_1_652' title='bbox 2839 4434 2903 4485; x_wconf 77' lang='grc' dir='ltr'><strong>ὲκ</strong></span> <span class='ocrx_word' id='word_1_653' title='bbox 2923 4433 3084 4500; x_wconf 82' lang='grc' dir='ltr'><strong>Θεοῦ,</strong></span> <span class='ocrx_word' id='word_1_654' title='bbox 3114 4434 3317 4499; x_wconf 78' lang='grc' dir='ltr'><strong>ἀγαθά.</strong></span> 
     </span>
    </p>
   </div>
   <div class='ocr_carea' id='block_1_95' title="bbox 2397 4614 3903 4687">
    <p class='ocr_par' dir='ltr' id='par_1_95' title="bbox 2397 4614 3903 4687">
     <span class='ocr_line' id='line_1_95' title="bbox 2397 4614 3903 4687; baseline 0.003 -20"><span class='ocrx_word' id='word_1_655' title='bbox 2397 4614 2673 4682; x_wconf 74' lang='grc' dir='ltr'><strong>Ἐγένετο</strong></span> <span class='ocrx_word' id='word_1_656' title='bbox 2694 4646 2763 4656; x_wconf 92' lang='grc'><strong><em>-</em></strong></span> <span class='ocrx_word' id='word_1_657' title='bbox 2793 4615 3063 4683; x_wconf 75' lang='grc' dir='ltr'><strong>ἐκείνην.</strong></span> <span class='ocrx_word' id='word_1_658' title='bbox 3092 4616 3268 4669; x_wconf 86' lang='grc' dir='ltr'><strong>Ὅπου</strong></span> <span class='ocrx_word' id='word_1_659' title='bbox 3307 4615 3416 4687; x_wconf 82' lang='grc' dir='ltr'><strong>γὰρ</strong></span> <span class='ocrx_word' id='word_1_660' title='bbox 3447 4620 3477 4672; x_wconf 82' lang='grc' dir='ltr'>ὀ</span> <span class='ocrx_word' id='word_1_661' title='bbox 3501 4616 3601 4671; x_wconf 89' lang='grc' dir='ltr'><strong>τοῦ</strong></span> <span class='ocrx_word' id='word_1_662' title='bbox 3627 4616 3777 4671; x_wconf 83' lang='grc' dir='ltr'><strong>θείου</strong></span> <span class='ocrx_word' id='word_1_663' title='bbox 3811 4621 3903 4685; x_wconf 77' lang='grc' dir='ltr'><strong>φό-</strong></span> 
     </span>
    </p>
   </div>
   <div class='ocr_carea' id='block_1_96' title="bbox 2312 4706 3900 4782">
    <p class='ocr_par' dir='ltr' id='par_1_96' title="bbox 2312 4706 3900 4782">
     <span class='ocr_line' id='line_1_96' title="bbox 2312 4706 3900 4782; baseline 0.004 -24"><span class='ocrx_word' id='word_1_664' title='bbox 2312 4706 2410 4759; x_wconf 75' lang='grc' dir='ltr'><strong>ϐου</strong></span> <span class='ocrx_word' id='word_1_665' title='bbox 2444 4709 2589 4769; x_wconf 86' lang='grc' dir='ltr'><strong>σῖτος</strong></span> <span class='ocrx_word' id='word_1_666' title='bbox 2628 4708 2689 4760; x_wconf 90' lang='grc' dir='ltr'><strong>οὐ</strong></span> <span class='ocrx_word' id='word_1_667' title='bbox 2741 4710 3096 4777; x_wconf 80' lang='grc' dir='ltr'><strong>γεωργεῖται,</strong></span> <span class='ocrx_word' id='word_1_668' title='bbox 3142 4711 3264 4763; x_wconf 79' lang='grc' dir='ltr'><strong>ἐκεῖ</strong></span> <span class='ocrx_word' id='word_1_669' title='bbox 3344 4709 3505 4780; x_wconf 73' lang='grc' dir='ltr'><strong>λιμὸς</strong></span> <span class='ocrx_word' id='word_1_670' title='bbox 3536 4711 3784 4782; x_wconf 81' lang='grc' dir='ltr'><strong>ίσχυρὸς,</strong></span> <span class='ocrx_word' id='word_1_671' title='bbox 3809 4713 3900 4765; x_wconf 74' lang='grc' dir='ltr'><strong>οὐκ</strong></span> 
     </span>
    </p>
   </div>
   <div class='ocr_carea' id='block_1_97' title="bbox 2310 4798 3899 4872">
    <p class='ocr_par' dir='ltr' id='par_1_97' title="bbox 2310 4798 3899 4872">
     <span class='ocr_line' id='line_1_97' title="bbox 2310 4798 3899 4872; baseline 0.004 -21"><span class='ocrx_word' id='word_1_672' title='bbox 2310 4798 2499 4869; x_wconf 76' lang='grc' dir='ltr'><strong>ἄρτου,</strong></span> <span class='ocrx_word' id='word_1_673' title='bbox 2556 4799 2671 4851; x_wconf 82' lang='grc' dir='ltr'><strong>ἀλλ’</strong></span> <span class='ocrx_word' id='word_1_674' title='bbox 2702 4800 2905 4871; x_wconf 82' lang='grc' dir='ltr'><strong>ἀρετῆς</strong></span> <span class='ocrx_word' id='word_1_675' title='bbox 2934 4816 2945 4829; x_wconf 96' lang='grc'><strong>·</strong></span> <span class='ocrx_word' id='word_1_676' title='bbox 2987 4802 3125 4854; x_wconf 75' lang='grc' dir='ltr'><strong>ὅπου</strong></span> <span class='ocrx_word' id='word_1_677' title='bbox 3172 4801 3401 4872; x_wconf 79' lang='grc' dir='ltr'><strong>εὐφορία</strong></span> <span class='ocrx_word' id='word_1_678' title='bbox 3453 4805 3657 4869; x_wconf 77' lang='grc' dir='ltr'><strong>παντὸς</strong></span> <span class='ocrx_word' id='word_1_679' title='bbox 3713 4806 3899 4867; x_wconf 75' lang='grc' dir='ltr'><strong>κακοῦ,</strong></span> 
     </span>
    </p>
   </div>
   <div class='ocr_carea' id='block_1_98' title="bbox 2312 4890 3121 4961">
    <p class='ocr_par' dir='ltr' id='par_1_98' title="bbox 2312 4890 3121 4961">
     <span class='ocr_line' id='line_1_98' title="bbox 2312 4890 3121 4961; baseline 0.007 -19"><span class='ocrx_word' id='word_1_680' title='bbox 2312 4890 2431 4942; x_wconf 66' lang='grc' dir='ltr'><strong>ἐκεῖ</strong></span> <span class='ocrx_word' id='word_1_681' title='bbox 2464 4890 2669 4961; x_wconf 78' lang='grc' dir='ltr'><strong>ἀφορία</strong></span> <span class='ocrx_word' id='word_1_682' title='bbox 2696 4892 2899 4954; x_wconf 83' lang='grc' dir='ltr'><strong>παντὸς</strong></span> <span class='ocrx_word' id='word_1_683' title='bbox 2927 4892 3121 4948; x_wconf 82' lang='grc' dir='ltr'><strong>καλοῦ.</strong></span> 
     </span>
    </p>
   </div>
   <div class='ocr_carea' id='block_1_99' title="bbox 2386 4982 3899 5061">
    <p class='ocr_par' dir='ltr' id='par_1_99' title="bbox 2386 4982 3899 5061">
     <span class='ocr_line' id='line_1_99' title="bbox 2386 4982 3899 5061; baseline 0.005 -25"><span class='ocrx_word' id='word_1_684' title='bbox 2386 4982 2490 5036; x_wconf 90' lang='lat' dir='ltr'><strong>Kal</strong></span> <span class='ocrx_word' id='word_1_685' title='bbox 2526 5013 2594 5023; x_wconf 95' lang='lat'><strong>—</strong></span> <span class='ocrx_word' id='word_1_686' title='bbox 2621 4985 3030 5051; x_wconf 82' lang='grc' dir='ltr'><strong>ὑστερεῖσθαι.</strong></span> <span class='ocrx_word' id='word_1_687' title='bbox 3054 4987 3321 5042; x_wconf 87' lang='grc' dir='ltr'><strong>Πένεσθαι</strong></span> <span class='ocrx_word' id='word_1_688' title='bbox 3342 5028 3359 5054; x_wconf 87' lang='grc'><strong>,</strong></span> <span class='ocrx_word' id='word_1_689' title='bbox 3381 4988 3736 5061; x_wconf 73' lang='grc' dir='ltr'><strong>διαρῤυὲντος</strong></span> <span class='ocrx_word' id='word_1_690' title='bbox 3762 4991 3899 5060; x_wconf 80' lang='grc' dir='ltr'><strong>αὐτῷ</strong></span> 
     </span>
    </p>
   </div>
   <div class='ocr_carea' id='block_1_100' title="bbox 2311 5076 3898 5153">
    <p class='ocr_par' dir='ltr' id='par_1_100' title="bbox 2311 5076 3898 5153">
     <span class='ocr_line' id='line_1_100' title="bbox 2311 5076 3898 5153; baseline 0.006 -27"><span class='ocrx_word' id='word_1_691' title='bbox 2311 5076 2513 5137; x_wconf 83' lang='grc' dir='ltr'><strong>παντὸς</strong></span> <span class='ocrx_word' id='word_1_692' title='bbox 2543 5076 2775 5143; x_wconf 81' lang='grc' dir='ltr'><strong>ἀγαθοῦ,</strong></span> <span class='ocrx_word' id='word_1_693' title='bbox 2800 5080 2895 5130; x_wconf 73' lang='grc' dir='ltr'><strong>καὶ</strong></span> <span class='ocrx_word' id='word_1_694' title='bbox 2926 5079 3099 5151; x_wconf 85' lang='grc' dir='ltr'><strong>μόνης</strong></span> <span class='ocrx_word' id='word_1_695' title='bbox 3129 5080 3557 5153; x_wconf 81' lang='grc' dir='ltr'><strong>ὑπολειφθείσης</strong></span> <span class='ocrx_word' id='word_1_696' title='bbox 3605 5082 3708 5152; x_wconf 81' lang='grc' dir='ltr'><strong>τῆς</strong></span> <span class='ocrx_word' id='word_1_697' title='bbox 3736 5084 3898 5153; x_wconf 62' lang='grc' dir='ltr'><strong>άκραυ</strong></span> 
     </span>
    </p>
   </div>
   <div class='ocr_carea' id='block_1_101' title="bbox 2315 5168 2608 5241">
    <p class='ocr_par' dir='ltr' id='par_1_101' title="bbox 2315 5168 2608 5241">
     <span class='ocr_line' id='line_1_101' title="bbox 2315 5168 2608 5241; baseline 0.01 -20"><span class='ocrx_word' id='word_1_698' title='bbox 2315 5168 2437 5231; x_wconf 83' lang='grc' dir='ltr'><strong>σίας</strong></span> <span class='ocrx_word' id='word_1_699' title='bbox 2472 5170 2608 5241; x_wconf 89' lang='lat'><strong>(77).</strong></span> 
     </span>
    </p>
   </div>
   <div class='ocr_carea' id='block_1_102' title="bbox 2387 5264 3893 5339">
    <p class='ocr_par' dir='ltr' id='par_1_102' title="bbox 2387 5264 3893 5339">
     <span class='ocr_line' id='line_1_102' title="bbox 2387 5264 3893 5339; baseline 0.003 -22"><span class='ocrx_word' id='word_1_700' title='bbox 2387 5264 2493 5317; x_wconf 87' lang='lat' dir='ltr'><strong>Kal</strong></span> <span class='ocrx_word' id='word_1_701' title='bbox 2530 5293 2593 5302; x_wconf 91' lang='lat'><strong>-—</strong></span> <span class='ocrx_word' id='word_1_702' title='bbox 2619 5264 2883 5333; x_wconf 78' lang='grc' dir='ltr'><strong>ἐκείνης.</strong></span> <span class='ocrx_word' id='word_1_703' title='bbox 2923 5267 3145 5321; x_wconf 87' lang='grc' dir='ltr'><strong>[Ιολῖται</strong></span> <span class='ocrx_word' id='word_1_704' title='bbox 3185 5268 3283 5339; x_wconf 86' lang='grc' dir='ltr'><strong>τῆς</strong></span> <span class='ocrx_word' id='word_1_705' title='bbox 3307 5268 3494 5337; x_wconf 83' lang='grc' dir='ltr'><strong>χώρας</strong></span> <span class='ocrx_word' id='word_1_706' title='bbox 3523 5268 3766 5339; x_wconf 68' lang='grc' dir='ltr'><strong>ἑκείνης,</strong></span> <span class='ocrx_word' id='word_1_707' title='bbox 3786 5271 3893 5338; x_wconf 59' lang='lat' dir='ltr'><strong>ﬁrm</strong></span> 
     </span>
    </p>
   </div>
   <div class='ocr_carea' id='block_1_103' title="bbox 2315 5356 3891 5431">
    <p class='ocr_par' dir='ltr' id='par_1_103' title="bbox 2315 5356 3891 5431">
     <span class='ocr_line' id='line_1_103' title="bbox 2315 5356 3891 5431; baseline 0.001 -20"><span class='ocrx_word' id='word_1_708' title='bbox 2315 5357 2412 5426; x_wconf 82' lang='grc' dir='ltr'><strong>τῆς</strong></span> <span class='ocrx_word' id='word_1_709' title='bbox 2460 5356 2773 5427; x_wconf 83' lang='grc' dir='ltr'><strong>ἁμαρτίας,</strong></span> <span class='ocrx_word' id='word_1_710' title='bbox 2834 5359 2886 5411; x_wconf 85' lang='grc' dir='ltr'><strong>οῑ</strong></span> <span class='ocrx_word' id='word_1_711' title='bbox 2934 5359 3222 5424; x_wconf 77' lang='grc' dir='ltr'><strong>δαίμονεςο</strong></span> <span class='ocrx_word' id='word_1_712' title='bbox 3280 5361 3625 5431; x_wconf 75' lang='grc' dir='ltr'><strong>άπορῤαγεὶς</strong></span> <span class='ocrx_word' id='word_1_713' title='bbox 3674 5359 3767 5414; x_wconf 84' lang='grc' dir='ltr'><strong>οῦν</strong></span> <span class='ocrx_word' id='word_1_714' title='bbox 3805 5357 3891 5412; x_wconf 84' lang='grc' dir='ltr'><strong>τοῦ</strong></span> 
     </span>
    </p>
   </div>
   <div class='ocr_carea' id='block_1_104' title="bbox 2315 5447 3889 5525">
    <p class='ocr_par' dir='ltr' id='par_1_104' title="bbox 2315 5447 3889 5525">
     <span class='ocr_line' id='line_1_104' title="bbox 2315 5447 3889 5525; baseline 0.003 -26"><span class='ocrx_word' id='word_1_715' title='bbox 2315 5449 2551 5519; x_wconf 75' lang='grc' dir='ltr'><strong>πατρὸς,</strong></span> <span class='ocrx_word' id='word_1_716' title='bbox 2599 5447 2644 5502; x_wconf 85' lang='grc' dir='ltr'><strong>ὣ</strong></span> <span class='ocrx_word' id='word_1_717' title='bbox 2668 5448 2868 5522; x_wconf 85' lang='grc' dir='ltr'><strong>πολλῆς</strong></span> <span class='ocrx_word' id='word_1_718' title='bbox 2897 5451 3116 5516; x_wconf 77' lang='grc' dir='ltr'><strong>ἀνοίαςί</strong></span> <span class='ocrx_word' id='word_1_719' title='bbox 3152 5449 3419 5524; x_wconf 70' lang='grc' dir='ltr'><strong>ἐκολλήθη</strong></span> <span class='ocrx_word' id='word_1_720' title='bbox 3454 5452 3535 5523; x_wconf 80' lang='grc' dir='ltr'><strong>τῷ</strong></span> <span class='ocrx_word' id='word_1_721' title='bbox 3567 5453 3771 5525; x_wconf 66' lang='grc' dir='ltr'><strong>δχθρῷ,</strong></span> <span class='ocrx_word' id='word_1_722' title='bbox 3802 5451 3889 5504; x_wconf 82' lang='grc' dir='ltr'><strong>καὶ</strong></span> 
     </span>
    </p>
   </div>
   <div class='ocr_carea' id='block_1_105' title="bbox 1815 5629 2691 5693">
    <p class='ocr_par' dir='ltr' id='par_1_105' title="bbox 1815 5629 2691 5693">
     <span class='ocr_line' id='line_1_105' title="bbox 1815 5629 2691 5693; baseline 0.003 -4"><span class='ocrx_word' id='word_1_723' title='bbox 1815 5630 2024 5691; x_wconf 66' lang='lat' dir='ltr'><strong>Variis</strong></span> <span class='ocrx_word' id='word_1_724' title='bbox 2060 5629 2367 5692; x_wconf 75' lang='lat' dir='ltr'><strong>lectiones</strong></span> <span class='ocrx_word' id='word_1_725' title='bbox 2406 5637 2469 5693; x_wconf 91' lang='lat' dir='ltr'><strong>et</strong></span> <span class='ocrx_word' id='word_1_726' title='bbox 2501 5638 2691 5693; x_wconf 64' lang='lat' dir='ltr'><strong>nota).</strong></span> 
     </span>
    </p>
   </div>
   <div class='ocr_carea' id='block_1_106' title="bbox 690 5791 2197 5867">
    <p class='ocr_par' dir='ltr' id='par_1_106' title="bbox 690 5791 2197 5867">
     <span class='ocr_line' id='line_1_106' title="bbox 690 5791 2197 5867; baseline 0.007 -23"><span class='ocrx_word' id='word_1_727' title='bbox 690 5793 801 5867; x_wconf 63' lang='lat'><strong>(75)</strong></span> <span class='ocrx_word' id='word_1_728' title='bbox 833 5791 965 5867; x_wconf 56' lang='lat' dir='ltr'><strong>Post</strong></span> <span class='ocrx_word' id='word_1_729' title='bbox 995 5792 1111 5867; x_wconf 82' lang='lat' dir='ltr'><strong>b:e_c</strong></span> <span class='ocrx_word' id='word_1_730' title='bbox 1139 5793 1250 5846; x_wconf 93' lang='lat' dir='ltr'><strong>duo</strong></span> <span class='ocrx_word' id='word_1_731' title='bbox 1273 5794 1485 5848; x_wconf 81' lang='lat' dir='ltr'><strong>scholia</strong></span> <span class='ocrx_word' id='word_1_732' title='bbox 1512 5811 1541 5849; x_wconf 90' lang='lat' dir='ltr'><strong>c</strong></span> <span class='ocrx_word' id='word_1_733' title='bbox 1577 5797 1822 5867; x_wconf 82' lang='lat' dir='ltr'><strong>margine</strong></span> <span class='ocrx_word' id='word_1_734' title='bbox 1850 5797 1933 5851; x_wconf 89' lang='lat' dir='ltr'><strong>sui</strong></span> <span class='ocrx_word' id='word_1_735' title='bbox 1990 5798 2197 5855; x_wconf 84' lang='lat' dir='ltr'><strong>codicis</strong></span> 
     </span>
    </p>
   </div>
   <div class='ocr_carea' id='block_1_107' title="bbox 618 5861 2146 5941">
    <p class='ocr_par' dir='ltr' id='par_1_107' title="bbox 618 5861 2146 5941">
     <span class='ocr_line' id='line_1_107' title="bbox 618 5861 2146 5941; baseline 0.005 -23"><span class='ocrx_word' id='word_1_736' title='bbox 618 5862 824 5921; x_wconf 84' lang='lat' dir='ltr'><strong>addidit</strong></span> <span class='ocrx_word' id='word_1_737' title='bbox 858 5861 1178 5931; x_wconf 87' lang='lat' dir='ltr'><strong>llcntcnius,</strong></span> <span class='ocrx_word' id='word_1_738' title='bbox 1212 5881 1446 5935; x_wconf 85' lang='lat' dir='ltr'><strong>quorum</strong></span> <span class='ocrx_word' id='word_1_739' title='bbox 1480 5868 1629 5922; x_wconf 86' lang='lat' dir='ltr'><strong>nulla</strong></span> <span class='ocrx_word' id='word_1_740' title='bbox 1662 5861 1876 5940; x_wconf 71' lang='lat' dir='ltr'><strong>réperio</strong></span> <span class='ocrx_word' id='word_1_741' title='bbox 1901 5870 2146 5941; x_wconf 81' lang='lat' dir='ltr'><strong>vestigia.</strong></span> 
     </span>
    </p>
   </div>
   <div class='ocr_carea' id='block_1_108' title="bbox 2378 5800 2937 5869">
    <p class='ocr_par' dir='ltr' id='par_1_108' title="bbox 2378 5800 2937 5869">
     <span class='ocr_line' id='line_1_108' title="bbox 2378 5800 2937 5869; baseline 0.002 -16"><span class='ocrx_word' id='word_1_742' title='bbox 2378 5800 2490 5867; x_wconf 83' lang='lat'><strong>(76)</strong></span> <span class='ocrx_word' id='word_1_743' title='bbox 2523 5800 2829 5869; x_wconf 79' lang='grc' dir='ltr'><strong>Παρέμενε.</strong></span> <span class='ocrx_word' id='word_1_744' title='bbox 2870 5802 2937 5854; x_wconf 77' lang='grc' dir='ltr'><strong>Α.</strong></span> 
     </span>
    </p>
   </div>
   <div class='ocr_carea' id='block_1_109' title="bbox 2377 5872 3111 5946">
    <p class='ocr_par' dir='ltr' id='par_1_109' title="bbox 2377 5872 3111 5946">
     <span class='ocr_line' id='line_1_109' title="bbox 2377 5872 3111 5946; baseline 0.005 -22"><span class='ocrx_word' id='word_1_745' title='bbox 2377 5872 2489 5944; x_wconf 81' lang='grc'><strong>(77)</strong></span> <span class='ocrx_word' id='word_1_746' title='bbox 2519 5872 2631 5941; x_wconf 75' lang='grc' dir='ltr'><strong>Τῆς</strong></span> <span class='ocrx_word' id='word_1_747' title='bbox 2654 5872 3018 5946; x_wconf 67' lang='grc' dir='ltr'><strong>ἀκαθαρσίας.</strong></span> <span class='ocrx_word' id='word_1_748' title='bbox 3046 5874 3111 5929; x_wconf 86' lang='grc' dir='ltr'><strong>Λ.</strong></span> 
     </span>
    </p>
   </div>
  </div>
