4084 6390
189 387 335 453 1025

1178 380 1575 444 COMMENT.
1617 380 1703 445 ΙΝ
1742 382 2021 446 LUi‘AM.
2056 406 2126 420 —
2165 379 2332 445 CAP.
2373 383 2502 446 XV.

3359 374 3493 440 1026

188 505 266 575 μὴ
295 501 669 573 ἀνασχόμενος
711 498 1029 571 πειθαρχεῖν
1073 495 1154 568 τῷ
1213 495 1586 568 φιλανθρώπῳ
1635 495 1788 567 Θεῷ,

1925 493 2237 551 ustinuerat
2265 510 2461 566 parere
2485 495 2596 551 Deo
2619 493 3044 562 humanissimo,
3065 495 3296 554 servivit
3322 496 3480 553 inhu-

183 599 438 653 ἐδούλευε
463 595 540 667 τῷ
573 591 951 666 μισανθρώπῳ
982 592 1223 662 δαίμονι.

266 691 376 745 Καὶ
409 717 484 731 --
510 686 780 758 χοίρους.
825 685 1012 750 Οὕτως
1061 686 1110 738 oi
1163 685 1419 755 δαίμονες
1461 682 1785 754 ἀμείϐονται

185 785 316 846 τοὺς
347 782 726 850 κολλωμένους
761 778 970 840 αὐτοῖς.
1005 776 1170 846 Δηλοί
1209 776 1264 828 δὲ
1305 775 1335 826 6
1367 775 1554 844 λόγος,
1596 775 1695 846 τὴν
1735 778 1786 828 ὲ.

190 880 399 950 σχάτην
427 874 520 929 τοῦ
539 872 723 928 ἀθλίου
748 870 1015 933 δουλείαν,
1048 870 1480 940 ὲπιταττομένου
1505 869 1572 922 τὰ
1595 867 1790 938 ἀτιμόο

188 986 354 1023 τατα.
383 966 483 1020 Διά
508 964 670 1018 τοῦτο
699 963 810 1032 γὰρ
840 961 935 1014 καὶ
979 958 1242 1012 πλατύνει
1271 960 1372 1032 τὴν
1405 957 1724 1030 παραϐολὴν
1760 959 1789 1012 6

189 1059 449 1132 Χριστὸς,
485 1053 961 1124 καὶγλεπτομερῶς
995 1052 1338 1123 ἐκτραγῳδεί
1369 1051 1440 1104 τὰ
1488 1050 1592 1120 τῆς
1641 1066 1787 1120 συμ-

193 1155 390 1224 φορᾶς,
426 1152 514 1205 ἵνα
553 1149 821 1222 μάθωμεν
869 1140 959 1200 οἶα
990 1145 1298 1215 πάσχουσιν
1334 1145 1384 1197 οί
1450 1142 1789 1212 ἀποφοιτῶν-

191 1264 287 1310 τες
309 1245 418 1298 τῶν
449 1241 682 1296 ἐντολῶν
712 1238 806 1293 τοῦ
839 1237 1000 1302 Θεοῦ,
1028 1237 1124 1290 καὶ
1160 1235 1526 1307 πορευόμενοι
1556 1235 1698 1289 κατά
1728 1233 1789 1286 τὸ

196 1336 332 1389 ἴδιον
357 1332 596 1402 θέλημα.

271 1419 396 1476 Εἶεν
427 1421 470 1474 δ’
493 1420 559 1474 ἂν
583 1419 745 1492 ἀγροὶ
787 1419 887 1490 μὲν
917 1417 1013 1472 τοῦ
1045 1417 1306 1488 δαίμονος
1335 1416 1394 1471 αἱ
1424 1415 1655 1485 ᾶσεμνοι
1677 1414 1792 1467 διαο

193 1514 404 1586 τριῦαίο
452 1517 629 1585 χοῖροι
676 1511 756 1578 st,
786 1514 835 1565 οί
867 1511 1140 1582 φιλήδονοι
1171 1510 1269 1564 καὶ
1311 1508 1674 1581 βορϐορώδεις
1703 1506 1794 1559 λο-

194 1608 413 1677 γισμοὶ,
450 1605 543 1668 οὒς
591 1606 620 1666 6
668 1604 1024 1674 ταλαίπωρος
1081 1603 1307 1674 τρέφειν
1355 1603 1451 1654 καὶ
1508 1599 1794 1671 περιέπειν

197 1698 630 1770 προσετέτακτο.

270 1793 383 1846 Καὶ
409 1819 479 1831 -
509 1791 721 1860 χοῖροι.
770 1790 1018 1860 Κεράτια
1051 1788 1193 1842 κατὰ
1229 1785 1540 1855 ἀναγωγὴν,
1579 1784 1634 1837 αί
1674 1782 1796 1852 ἡδο-

1891 585 2217 640 manissimo
2237 586 2497 641 daemoni.

1955 678 2122 733 'V'ers.
2168 679 2256 733 15.
2299 678 2466 748 Atque
2501 707 2571 721 —-
2599 694 2809 748 porcos.
2852 677 2934 734 Ita
2983 679 3268 736 daemones
3297 695 3483 736 remu-

1889 781 2090 826 nerant
2131 786 2248 834 eos,
2295 772 2388 841 qui
2423 771 2530 826 sibi
2581 772 2890 829 adhaerent.
2954 771 3248 844 Signiﬁcat
3306 783 3494 831 autem

1891 874 2076 914 sermo
2109 868 2414 928 extremam
2448 860 2633 915 miseri
2688 861 3041 926 servitutem,
3085 863 3174 917 cui
3220 864 3496 935 indiguis-
3555 873 3557 875 ’

1892 954 2028 1008 sima
2056 952 2467 1022 praecipiuntur.
2509 953 2806 1022 Propterea
2832 956 2981 1010 enim
3009 956 3203 1010 dilatat
3231 950 3492 1013 Christus

1892 1045 2231 1115 parabolam,
2250 1052 2306 1098 et
2325 1044 2632 1099 minutatim
2653 1047 2975 1116 ampliﬁcat,
3024 1064 3148 1117 qua:
3172 1048 3502 1105 calamitatis

1889 1144 2050 1189 erant
2081 1151 2094 1187 :
2129 1142 2189 1188 ut
2225 1134 2508 1190 discamus
2557 1136 2745 1206 qualia
2793 1138 3078 1206 patiantur
3108 1137 3146 1191 ii
3179 1139 3272 1208 qui
3329 1154 3360 1193 a
3401 1139 3502 1194 Dei

1893 1229 2182 1298 praeceptis
2241 1227 2530 1293 recedunt,
2573 1234 2629 1283 et
2659 1227 2777 1283 suis
2825 1228 3203 1286 voluntatibus
3241 1229 3504 1301 gradiun-

1895 1328 2006 1374 ιυτ.

1958 1411 2148 1467 Potest
2177 1425 2398 1482 quoque
2431 1410 2558 1465 villa
2604 1411 2878 1467 damonis
2919 1411 3028 1466 dici
3084 1411 3314 1485 indigna
3359 1427 3504 1468 con-

1896 1505 2190 1572 versatio;
2249 1505 2401 1576 porci
2457 1519 2628 1571 vero,
2701 1505 3015 1576 voluptates
3080 1521 3145 1560 ac
3212 1506 3507 1562 lutulentae

1895 1598 2279 1668 cogitationes,
2325 1611 2464 1666 quas
2508 1595 2679 1650 miser
2712 1610 2943 1666 pascere
2979 1612 3043 1652 ac
3089 1596 3284 1652 fovere
3316 1598 3509 1668 jussus

1896 1697 1999 1744 est.

1980 1780 2140 1836 Vers.
2172 1780 2260 1837 16.
2302 1780 2374 1835 Et
2409 1808 2478 1823 --
2507 1781 2676 1850 porci.
2700 1779 2948 1850 Siliquae.
2997 1779 3154 1850 juxta
3194 1793 3509 1851 anagogen.

197 1887 312 1949 ναὶ,
342 1879 428 1946 αἶς
456 1886 504 1937 oi
530 1883 861 1953 δηλωθέντες
899 1881 1154 1952 λογισμοὶ
1201 1881 1520 1951 τρέφονται.
1579 1877 1795 1944 Ὠσπερ

1925 1873 2226 1943 voluptates
2303 1881 2456 1938 sunt,
2494 1874 2736 1943 -quihus
2809 1871 3084 1942 praedictae
3149 1871 3513 1942 cogitationes

199 1979 312 2048 γὰρ
339 1978 524 2030 ἐκεῖνα
548 1974 933 2045 γλυκαίνουσιν
962 1975 1055 2026 ἐπὶ
1080 1973 1256 2042 βραχὺ
1287 1974 1385 2042 τὴν
1415 1967 1628 2039 γεῦσιν,
1677 1961 1798 2020 εἷτα

198 2071 499 2140 οτΰφουσιν
530 2069 624 2123 ὲπὶ
660 2068 866 2121 πλεῖοψ
899 2066 1043 2120 οὕτω
1068 2066 1163 2120 καὶ
1193 2057 1355 2118 αὗται
1385 2063 1446 2115 τὸ
1481 2060 1583 2132 μὲν
1605 2058 1801 2130 ήδύνον

193 2166 420 2236 πρῶτον
471 2163 564 2217 καὶ
623 2161 960 2234 πρόσκαιρον
1013 2159 1221 2230 έχουσι·
1282 2156 1346 2211 τδ
1367 2155 1423 2210 δὲ
1484 2156 1800 2224 πικραϊνον,

199 2257 433 2328 ὕστερον
461 2257 552 2309 καὶ
593 2255 837 2309 αίώνιον.

278 2447 391 2505 Καὶ
439 2445 647 2511 οὐδεὶς
697 2441 895 2499 ἐδίδου
948 2438 1130 2506 αὐτῷ.
1187 2437 1378 2502 Οὐδεὶς
1431 2436 1604 2491 ὲδίδου
1658 2433 1806 2506 αὑτῷ

201 2541 556 2613 κορεσθῆναι.
590 2537 835 2591 Τοιοῦτοι
863 2535 972 2605 γὰρ
1000 2536 1050 2587 οί
1075 2534 1350 2604 δαίμονες,
1385 2531 1486 2584 οὑκ
1519 2527 1650 2582 ὲῶσί
1683 2546 1806 2582 τινα

204 2635 538 2705 κορεσθῆναι
577 2631 915 2700 φιληδονίας,
947 2630 1036 2684 ῐνα
1078 2627 1154 2698 μὴ
1201 2627 1342 2696 ταχὺ
1376 2624 1656 2695 παύσηται
1706 2622 1806 2692 τῆς

177 2727 510 2800 ἁμαρτίας,
556 2725 643 2779 ἀεὶ
675 2724 732 2778 δὲ
762 2726 862 2794 τὴν
915 2722 1097 2794 ὄρεξιν
1148 2718 1456 2791 ἐρεθίζουσι
1507 2705 1603 2770 καὶ
1655 2717 1806 2769 ἀπο-

205 2825 531 2893 κάμνουσαν
557 2820 960 2889 ἀνεγείρουσιν.

279 2919 387 2982 Είς
402 2914 622 2968 ἑαυτὸν
635 2911 704 2964 δὲ
731 2909 945 2964 ἐλθών.
980 2905 1207 2961 Ἑαυτοῦ
1239 2905 1555 2974 γενόμενος,
1580 2902 1608 2955 ὅ
1631 2902 1806 2964 ἐστιν,

209 3008 520 3078 ἀνανήψας,
556 3005 631 3069 ὡς
665 3003 779 3077 (78)
813 3003 876 3056 ἐκ
929 3001 1104 3072 μέθης
1129 2999 1224 3053 καὶ
1274 2997 1481 3069 κάρου·
1535 2996 1808 3063 ἀφυπνισε

206 3101 322 3170 γὰρ
344 3099 507 3153 αὑτὸν
538 3100 572 3169 ἡ
612 3095 982 3150 κακοπάθεια.

283 3190 434 3250 Elite
464 3222 532 3232 —
556 3191 926 3258 ἀπόλλυμαι.
962 3185 1227 3248 Μισθίους
1274 3185 1373 3254 μὲν
1400 3182 1508 3235 νόει
1541 3181 1652 3250 (79)
1695 3195 1810 3261 μοι,
1841 3221 1885 3279 c

206 3288 338 3349 τοὺς
379 3285 460 3338 ἔτι
493 3281 972 3353 κατηχουμένους,
1027 3279 1121 3332 καὶ
1157 3277 1326 3347 μήπω
1363 3275 1453 3328 διὰ
1484 3273 1577 3326 τοῦ
1615 3272 1812 3342 βαπτί-

211 3394 424 3449 σματος
449 3373 888 3442 υίοθετηθέντας,
915 3366 995 3436 οἷς
1023 3370 1215 3442 μισθὸς
1232 3370 1330 3439 τῆς
1355 3369 1592 3431 πίστεως
1613 3367 1815 3421 δίδοται

213 3475 250 3541 ὴ
290 3469 574 3523 υἱοθεσία·
632 3466 833 3537 ἄρτους
882 3464 961 3527 δὲ,
991 3464 1088 3526 τὰς
1134 3461 1443 3531 θρεπτικάς
1478 3459 1589 3512 τῶν
1627 3457 1815 3528 ψυχῶν

211 3560 599 3620 διδασκαλίας.
635 3558 804 3627 Φησὶν
837 3553 931 3609 οὖν
958 3558 1023 3608 ὲκ
1046 3554 1244 3624 βάθους
1275 3552 1527 3623 καρδίας·
1565 3551 1630 3604 Ὠ
1655 3551 1812 3602 πόσοι

217 3654 426 3726 μίσθιοι
475 3651 569 3705 τοῦ
635 3649 842 3720 πατρός
902 3665 1002 3719 μου
1049 3646 1112 3701 οῦ
1160 3646 1324 3717 μόνον
1373 3644 1557 3716 ἔχουσι
1606 3642 1814 3714 τροφὴν

211 3746 482 3818 ψυχικὴν,
500 3743 635 3797 ἀλλά
666 3744 759 3795 καὶ
787 3741 1002 3811 τρυφήν
1021 3758 1034 3770 ·
1062 3738 1226 3791 τοῦτο
1254 3737 1362 3809 γὰρ
1381 3735 1442 3790 τὸ
1465 3734 1815 3808 περισσεύειν

217 3837 518 3910 σημαίνειο
555 3834 666 3903 ιγὼ
692 3834 750 3887 δὲ
782 3835 810 3887 6
853 3834 990 3895 υίὸς,
1028 3830 1174 3902 λιμῴ
1227 3829 1562 3900 ἀπόλλυμαι.
1626 3826 1816 3881 Ταῦτα

217 3932 316 3984 καὶ
373 3929 442 3981 τὰ
500 3927 626 3996 ἑξῆς
680 3923 1070 3995 παραϐολικῶς
1117 3920 1475 3992 διηγούμενος
1519 3921 1547 3972 6
1597 3918 1813 3989 Σωτὴρ,

221 4017 401 4071 τύπον
434 4017 567 4086 ἡμῖν
603 4013 893 4085 μετανοίας
923 4011 1162 4083 ἀληθοῦς
1202 4009 1596 4083 παραδίδωσιν.

303 4107 607 4173 Ἀναστὰς
636 4137 706 4148 —
723 4124 868 4176 μου.
909 4104 1181 4169 Ἀναστὰς
1241 4103 1351 4158 ἀπὸ
1382 4103 1476 4158 τοῦ
1516 4102 1814 4174 πτώματος

217 4202 322 4274 τῆς
354 4201 632 4273 ἁμαρτίας
660 4198 794 4272 (80).

301 4381 413 4438 Kal
445 4379 558 4450 ἐρῶ
583 4409 657 4420 -
684 4377 975 4447 οὐρανόν.
1021 4376 1111 4440 Ὠς
1140 4377 1489 4450 προτιμήσας
1529 4375 1698 4430 αὐτοῦ
1723 4374 1823 4448 τὴν

222 4473 355 4544 γῆν,
387 4471 508 4540 ἤτοι
542 4469 652 4523 τῶν
686 4467 957 4539 οὐρανίων
989 4466 1214 4536 ἀγαθῶν
1245 4469 1314 4520 τὰ
1351 4467 1541 4537 γήϊνα.

1902 1968 2248 2021 nutriuntur.
2284 1964 2762 2031 Quemadmodum
2795 1964 2944 2020 enim
2984 1964 3204 2033 siliquae
3235 1964 3304 2018 ad
3346 1964 3514 2019 breve

1903 2059 2143 2129 spatium
2199 2058 2385 2130 gustui
2443 2058 2790 2116 dulcescunt.
2847 2056 3050 2112 deinde
3106 2065 3165 2110 ut
3212 2057 3512 2128 plurimum

1904 2151 2291 2222 constringunt
2318 2167 2330 2204 :
2354 2151 2427 2204 ita
2459 2158 2516 2204 et
2556 2150 2613 2203 in
2640 2150 2745 2212 bis,
2773 2148 2921 2218 quod
2944 2163 3114 2202 suave
3134 2155 3240 2210 est,
3269 2145 3513 2217 primum

1905 2254 1961 2302 et
1991 2246 2060 2300 ad
2092 2255 2310 2315 tempus
2341 2242 2570 2308 habent,
2593 2243 2742 2312 quod
2768 2254 2955 2296 autem
2990 2255 3244 2296 amarum
3268 2249 3325 2295 et
3354 2254 3516 2295 acer—

1905 2336 2061 2400 bum,
2097 2334 2376 2407 posterius
2406 2343 2490 2389 est
2522 2349 2587 2388 ac
2624 2344 2917 2388 aeternum.

1976 2430 2136 2486 ‘Vers.
2167 2428 2254 2482 16.
2277 2427 2388 2481 Nec
2405 2427 2687 2498 quisquam
2707 2424 2787 2479 illi
2814 2425 3000 2480 dabat.
3024 2423 3218 2478 Nullus
3245 2423 3320 2478 illi
3343 2424 3510 2478 dabat

1909 2521 1982 2577 ad
2031 2521 2344 2576 satietatem
2384 2536 2401 2585 ;
2451 2516 2771 2587 huiusmodi
2824 2515 2975 2571 enim
3016 2516 3298 2570 daemones
3342 2513 3518 2569 nemi-

1907 2631 2037 2672 nem
2062 2615 2254 2670 sinunt
2286 2612 2476 2668 satiari
2501 2610 2901 2681 voluptatibus,
2925 2623 2997 2663 ne
3023 2608 3191 2663 citius
3223 2623 3255 2662 a
3285 2617 3523 2678 peccato

1909 2710 2160 2780 quiescat
2191 2725 2205 2762 :
2243 2721 2464 2776 semper
2487 2705 2634 2760 enim
2650 2703 2897 2759 excitant
2921 2702 3236 2773 appetitum
3267 2717 3333 2756 ac
3363 2700 3524 2757 defa-

1913 2802 2232 2874 tigationem
2273 2799 2568 2855 suscitant.

1982 2893 2140 2949 Vere.
2191 2892 2280 2946 17.
2336 2888 2407 2943 In
2467 2903 2524 2942 se
2569 2895 2749 2940 autem
2803 2901 3069 2941 reversus.
3129 2883 3228 2938 Sui
3287 2898 3518 2955 compos

1912 2985 2209 3043 eﬂ'ectus:
2288 2984 2395 3038 hoc
2454 2991 2563 3048 est,
2643 2991 2904 3050 tanquam
2977 2978 3372 3050 expergiscens
3452 2975 3527 3030 ab

1911 3079 2197 3140 ebrietate,
2224 3075 2487 3146 gravique
2515 3089 2743 3136 somno,
2770 3081 2826 3125 et
2847 3069 3202 3140 resipiscens.

1988 3171 2145 3228 Vers.
2179 3169 2271 3224 17.
2321 3167 2474 3221 Dixit
2510 3192 2581 3206 -—
2613 3180 2791 3236 pereo.
2830 3161 3204 3217 Mercenarios
3251 3157 3526 3228 intelligi-

1919 3282 2041 3323 mus
2063 3280 2160 3322 eos
2187 3263 2279 3333 qui
2313 3262 2496 3316 adhuc.
2532 3267 2663 3315 sunt
2711 3253 3126 3314 catechumeni.
3172 3261 3228 3307 et
3277 3251 3526 3305 nondum

1918 3375 2017 3431 per
2041 3357 2376 3428 baptismum
2409 3353 2676 3424 adoptati,
2712 3351 2914 3421 quibus
2937 3361 3153 3403 merces
3179 3345 3307 3401 ﬁdei
3343 3346 3527 3409 datur,

1919 3459 2050 3522 puta
2106 3448 2379 3520 adoptio;
2432 3460 2603 3516 panes
2658 3458 2813 3508 vero,
2870 3440 3154 3496 doctrinas
3209 3438 3529 3491 animarum

1920 3544 2234 3598 nutritivas.
2299 3541 2441 3594 Dicit
2487 3553 2618 3608 ergo
2665 3537 2735 3590 ab
2785 3534 2986 3589 intimo
3050 3531 3281 3587 cordis:
3327 3527 3532 3598 Oquot

1919 3632 2248 3690 mercenarii
2314 3631 2492 3703 patris
2542 3628 2650 3684 mei
2701 3642 2814 3682 non
2867 3622 3032 3679 modo
3080 3623 3266 3677 cibum
3320 3621 3532 3675 habent

1919 3727 2259 3789 animarum,
2306 3723 2402 3779 sed
2453 3731 2510 3776 et
2564 3717 2842 3775 delicias!
2929 3713 2988 3769 ld
3045 3713 3195 3767 enim
3255 3711 3534 3783 signiﬁcat

1920 3820 2215 3875 abundare.
2250 3817 2362 3888 Ego
2390 3824 2579 3870 autem
2614 3811 2709 3883 qui
2763 3808 2910 3862 ﬁlius
2950 3821 3097 3869 sum,
3142 3803 3288 3859 fame
3335 3818 3528 3873 pereo.

1922 3911 2049 3968 Haec
2079 3917 2136 3965 et
2161 3924 2226 3963 ea
2254 3922 2375 3978 qua:
2401 3912 2739 3974 sequuntur,
2790 3897 3103 3970 parabolice
3138 3909 3375 3949 narrans
3411 3893 3535 3949 Sal-

1919 4014 2098 4069 vator,
2138 4017 2285 4059 verae
2313 3998 2660 4070 paenitentia:
2701 3994 2936 4065 ﬁguram
2962 3988 3126 4044 nobis
3171 3985 3358 4042 tradit.

1995 4095 2152 4149 Vers.
2200 4093 2287 4147 18.
2332 4089 2568 4160 Surgens
2617 4114 2690 4127 —-
2740 4100 2940 4139 meum.
3008 4078 3256 4152 Surgens
3323 4091 3355 4130 a
3399 4091 3536 4132 casu

1928 4188 2168 4260 peccati.

2005 4281 2046 4352 1-
2079 4278 2324 4334 Honeste
2361 4291 2429 4331 eo
2453 4281 2702 4330 revertar
2741 4268 2887 4326 unde
2927 4266 3071 4324 male
3110 4264 3279 4321 exivi.

1998 4367 2270 4428 Vers.18.
2302 4364 2599 4433 Dicamque
2643 4390 2717 4402 —
2737 4359 2949 4415 calum.
2977 4356 3315 4426 Prteponens
3345 4352 3536 4408 videli-

1925 4473 2013 4520 cet
2043 4461 2121 4516 illi
2155 4469 2382 4521 terram,
2415 4456 2532 4511 sive
2563 4453 2724 4510 bonis
2747 4450 3071 4508 cmlestibus
3104 4456 3349 4505 terrena.

279 4563 534 4636 fTimeo
575 4561 725 4617 enim
781 4560 1113 4615 (imitamenti
1169 4571 1476 4631 aspectum,
1533 4571 1798 4632 tanquam
1829 4557 2170 4618 accusatoris
2191 4569 2407 4611 vocem.

301 4661 414 4717 Kal
446 4660 707 4715 ἐνώπιον
733 4674 872 4714 σου.
901 4660 1188 4722 Τουτέστι,
1221 4661 1317 4714 καὶ
1346 4661 1426 4723 είς
1457 4661 1539 4727 σὲ,
1565 4661 1641 4725 ώς
1694 4676 1828 4731 προ-

226 4758 475 4828 τιμήσας
500 4754 595 4808 τοῦ
628 4755 724 4809 σοῦ
758 4755 1069 4824 θελήματος
1092 4753 1153 4805 τὸ
1187 4754 1343 4824 ὲμόν.

2013 4658 2172 4712 Vers.
2202 4654 2290 4708 18.
2322 4653 2392 4706 Et
2414 4666 2598 4706 coram
2628 4659 2700 4703 te.
2725 4645 2841 4702 Hoc
2857 4653 2942 4701 est
2975 4643 3030 4698 in
3066 4651 3142 4708 te,
3166 4649 3225 4694 ut
3247 4635 3341 4709 qui
3383 4644 3533 4695 tuam

1939 4750 2284 4806 voluntatem
2313 4743 2609 4817 posthabui
2634 4755 2792 4795 mea).

307 4850 348 4920 ἰ’
375 4849 581 4906 Vereor
610 4859 716 4905 tua:
760 4848 1067 4904 divinitatis
1101 4848 1277 4902 luccm
1319 4847 1521 4903 iutueri
1556 4865 1569 4901 :
1625 4847 1880 4902 sordidos
1901 4845 2050 4900 enim
2082 4842 2261 4896 habeo
2291 4841 2542 4910 corporis
2567 4846 2624 4893 et
2651 4835 2853 4890 animae
2878 4833 3087 4889 oculos.

308 4941 518 4998 Καὶ-
546 4959 685 4996 σου.
739 4943 827 5004 Ὡς
866 4940 1100 5005 ἀναξίως
1145 4941 1392 4993 τοιούτου
1433 4940 1634 5011 πατρὸς
1671 4939 1808 4992 πολι-

2026 4935 2184 4992 Vers.
2226 4933 2318 4991 19.
2354 4931 2468 4987 Nec
2493 4963 2563 4975 —
2588 4945 2731 4985 tuus.
2773 4928 2915 4995 Quia
2961 4927 3054 4981 tali
3100 4934 3259 4996 patre
3295 4922 3539 4995 indigne

231 5035 597 5105 τευσάμενος.

311 5129 587 5195 Ποίησον
635 5154 704 5166 -
751 5143 892 5182 σου.
949 5127 1104 5179 Ἐπεὶ
1136 5125 1234 5195 τῆς
1284 5124 1512 5196 πρώτης
1564 5122 1829 5190 ἐξέπεσον

234 5220 469 5284 τάξεως,
501 5218 735 5282 ἀξίωσον
769 5235 838 5288 με
873 5218 970 5287 τῆς
1006 5217 1289 5287 δευτέρας,
1323 5217 1483 5287 μόνον
1522 5215 1596 5288 μὴ
1635 5232 1835 5268 παντε-

232 5311 348 5374 λῶς
364 5310 678 5382 ἀπορρίψῃς
708 5325 798 5380 με.
824 5307 1213 5380 Δυσωπητικδς
1235 5309 1263 5360 6
1281 5308 1460 5378 λόγος,
1480 5309 1576 5362 καὶ
1602 5308 1833 5380 καρδίας

237 5396 519 5476 πατρικῆς
550 5401 689 5455 ἀπτό
696 5418 880 5473 μενος.

1940 5035 2300 5084 conversatus
2332 5040 2453 5080 sum
2464 5064 2480 5079 .

2008 5121 2168 5175 Vers.
2230 5117 2320 5170 19.
2373 5114 2484 5169 Fac
2525 5143 2592 5156 ——
2629 5112 2754 5166 tuis.
2807 5111 2885 5166 Ex
2936 5124 3046 5181 quo
3103 5107 3284 5180 primo
3344 5104 3541 5160 ordine

1941 5212 2142 5276 excidi,
2165 5211 2392 5281 dignare
2411 5223 2500 5263 me
2521 5208 2606 5264 vel
2631 5205 2877 5263 secundo
2900 5221 2916 5258 :
2965 5213 3200 5269 tantum,
3224 5215 3296 5255 ne
3318 5198 3542 5270 penitus

1943 5305 2173 5375 abjicias
2205 5319 2317 5360 me.
2344 5301 2638 5359 Placabilis
2664 5305 2752 5355 est
2783 5312 2990 5364 sermo,
3026 5306 3083 5352 et
3118 5310 3220 5352 cor
3263 5291 3544 5364 attingens

1944 5408 2260 5469 paternum.

1406 5556 1609 5620 Variae
1652 5555 1959 5619 lectiones
2002 5561 2065 5617 et
2109 5559 2304 5616 notua.

318 5727 432 5799 (78)
465 5720 557 5799 ᾯς
582 5726 775 5799 abest.
811 5724 878 5799 ᾼ.

320 5791 430 5871 (Ῑῼ)
466 5796 715 5871 ﬁoribus):
745 5791 1290 5871 videtur__inveni_sse
1323 5793 1652 5871 Heutenius.

321 5863 434 5942 (80)
469 5867 566 5925 Hic
597 5863 930 5940 etdeinCeps
965 5865 1277 5923 lienlenius
1319 5879 1390 5921 ex
1447 5865 1693 5934 margine
1744 5863 1830 5917 sui

1941 5718 2150 5774 codicis
2200 5715 2452 5771 breviora
2477 5712 2660 5768 crucis
2709 5711 2866 5784 signo
2916 5707 3239 5774 inculcavit,
3293 5720 3419 5779 qua
3476 5707 3534 5759 in

1941 5801 2139 5845 neutro
2156 5803 2405 5843 meorum
2434 5788 2712 5856 leguntur.
2745 5851 2750 5857 κ
