4084 6404
616 355 750 424 1031
1853 359 2240 422 ΕυΤΗΥΜΙΙ
2282 361 2648 425 ΖΙϐΛΒΕΝΙ

684 471 854 527 Nobis
877 480 1059 526 autem
1090 479 1304 526 nonest
1363 470 1582 526 curiose
1643 471 2026 534 scrutandum,
2084 471 2198 542 quis

2397 475 2564 548 Ἦμῖν
2611 477 2668 530 δὲ
2719 477 2780 530 οὐ
2834 479 3290 550 περιεργαστέον,
3333 479 3417 544 τίς
3463 481 3618 534 ἐστιν
3650 482 3676 534 ό
3703 480 3910 552 ἔριφος,

608 563 680 616 sit
707 562 925 627 bardus,
958 571 1050 617 aut
1083 562 1173 632 qui
1201 561 1316 616 sint
1347 563 1505 618 amici
1531 581 1544 617 :
1575 579 1699 616 nam
1730 563 2052 632 periculosa
2076 575 2198 616 sunt

2310 571 2405 625 καὶ
2436 573 2579 634 τινες
2606 572 2658 624 ol
2702 571 2867 640 φίλοι.
2901 571 3241 645 Ἐπισφαλὴς
3277 573 3387 646 γὰρ
3427 574 3460 640 ἡ
3494 575 3554 626 ἐν
3594 575 3708 638 τοῖς
3748 577 3915 630 τοιού·

3781 366 3910 431 1032

609 655 663 708 in
693 656 891 710 talibus
950 655 1182 708 subtiles
1247 655 1586 724 quaestiones
1646 671 1709 708 ac
1766 655 2198 724 disputationes,

608 747 752 800 sicut
787 747 839 800 in
871 747 1056 800 multis
1087 747 1360 816 parabolis
1390 747 1679 817 protestati
1706 762 1920 801 sumus.

681 842 834 897 Vers.
877 841 965 895 30.
1005 839 1108 894 Sed
1167 857 1287 894 cum
1341 871 1412 884 —-
1467 841 1798 910 saginatum.
1848 838 2023 894 Etiam
2087 841 2204 895 haec

607 932 856 1001 ejusdem
918 940 1048 985 sunt
1113 933 1543 1000 consequentiae,
1604 943 1659 986 et
1711 932 1967 986 similiter
2026 931 2201 988 clIii-tz.

605 1034 752 1078 sunt.
790 1025 884 1078 Dei
912 1040 1041 1078 vero
1072 1025 1436 1078 substantiam
1469 1024 1602 1078 dicit
1640 1025 1781 1079 dona
1812 1024 1894 1077 vel
1948 1024 2199 1094 gratiam,

607 1119 776 1171 veluti
805 1119 1061 1187 superius
1096 1117 1462 1188 signiﬁcatum
1490 1127 1608 1172 est:
1643 1116 1964 1171 meretrices
1992 1127 2199 1180 autem,

604 1211 944 1279 voluptatum
979 1226 1216 1265 amores.

679 1301 842 1356 Vers.
885 1303 976 1356 3i.
1018 1306 1091 1356 Ac
1117 1303 1206 1356 ille
1232 1331 1300 1342 ——
1334 1319 1408 1358 es.
1475 1301 1768 1372 Nunquam
1801 1317 1831 1356 a
1897 1318 1983 1357 me
2015 1303 2200 1358 disce-

603 1393 810 1457 dendo,
844 1395 938 1448 sed
973 1395 1230 1448 mandata
1273 1409 1393 1448 mea
1437 1411 1660 1464 semper
1702 1395 2003 1464 implendo.

678 1487 829 1540 Vcrs.
867 1487 956 1540 51.
990 1486 1056 1539 Et
1097 1515 1156 1525 —
1193 1495 1339 1541 sunt.
1370 1486 1507 1542 Cum
1525 1486 1673 1541 enim
1714 1487 1836 1540 tatis
1877 1487 1983 1550 sis,
2015 1485 2198 1540 omnia

603 1596 724 1633 mea
759 1581 1109 1634 haereditario
1134 1579 1262 1648 jure
1293 1581 1599 1650 possidebis
1627 1598 1641 1647 ;
1672 1581 1990 1648 hujnsmodi
2039 1596 2200 1634 nam-

602 1689 707 1742 que
749 1672 841 1726 ﬁlii
880 1675 933 1726 in
955 1673 1334 1727 lucreditatem
1363 1674 1646 1740 accipiunt
1675 1689 1908 1744 regnum
1939 1672 2115 1726 Patris
2146 1682 2200 1726 ιιι

603 1760 721 1814 Dei.
757 1762 833 1815 Ne
861 1779 991 1832 ergo
1023 1763 1281 1822 tristeris.
1316 1778 1443 1816 nam
1476 1765 1528 1814 in
1561 1764 1712 1816 nullo
1755 1761 1988 1816 allectus
2023 1778 2082 1816 es
2107 1763 2195 1815 in-

595 1853 764 1921 juria.
800 1854 864 1905 Et
898 1854 970 1906 ita
1007 1863 1293 1908 mansuete
1328 1853 1481 1906 illum
1534 1854 1871 1916 consolatus,
1935 1854 2197 1923 deinceps
2230 1833 2272 1886 Β

598 1943 763 1996 etiam
778 1942 843 1995 de
864 1943 916 1995 lii
933 1973 946 1989 ς
965 1936 1277 2011 respondet,
1293 1959 1414 2012 (ιιιιυ
1437 1943 1487 1995 in
1507 1943 1729 1996 fratrem
1751 1943 2024 2014 ejusl‘acta
2045 1955 2195 1999 sunt.

675 2032 827 2088 Vers.
859 2035 946 2087 32.
979 2033 1525 2088 Lwtari—inventus
1557 2043 1653 2087 est.
1714 2035 1961 2088 05tendit
2001 2049 2199 2088 neces-

597 2127 798 2181 Suriam
826 2126 994 2181 fuisse
1015 2128 1255 2180 laetitiam
1279 2137 1334 2180 et
1355 2129 1634 2197 gaudium.
1655 2127 1791 2192 Quis
1808 2128 1955 2181 cnim
1979 2167 1993 2191 ,
2026 2143 2197 2199 quum

598 2229 878 2272 mortuum
929 2220 1132 2273 viderit
1187 2219 1456 2274 revixisse
1511 2234 1622 2272 nou
1673 2219 1936 2274 laetatur?
1987 2231 2042 2273 et
2074 2223 2198 2290 quis

599 2309 691 2363 ubi
726 2309 798 2370 id,
824 2310 969 2378 quod
1020 2312 1279 2377 perierat,
1333 2311 1629 2376 invenerit,
1667 2327 1775 2364 non
1811 2313 2009 2381 gaudet
2041 2313 2064 2364 ’ἶ
2112 2312 2200 2366 Vi-

597 2400 751 2466 disti,
788 2400 1253 2469 quemadmodum
1285 2411 1338 2456 et
1361 2403 1582 2471 quando
1629 2417 1856 2473 peregre
1916 2403 2197 2473 profectus

596 2503 684 2545 est
713 2494 991 2561 patienter
1026 2495 1294 2548 sustinuit
1342 2505 1398 2550 et
1439 2510 1771 2548 conversum
1806 2510 2075 2550 immenso
2101 2511 2198 2550 ex-

596 2584 1003 2653 cepitgaudio:
1040 2600 1140 2639 nec
1181 2585 1358 2639 solum
1395 2587 1718 2641 substantiae
1760 2589 2028 2643 rationem
2084 2604 2194 2643 non

598 2677 842 2745 repetiit,
873 2677 969 2730 sed
1010 2685 1065 2730 et
1093 2677 1252 2731 donis
1285 2677 1438 2730 illum
1479 2678 1740 2747 dignatus
1794 2691 1899 2745 est,
1952 2695 2055 2735 nec
2105 2696 2197 2736 so-

598 2767 712 2821 lum
746 2783 854 2822 non
883 2769 1260 2838 exprobravit,
1288 2770 1382 2822 sed
1417 2769 1648 2839 insuper
1676 2786 1776 2840 pro
1793 2786 1859 2825 eo
1887 2773 2194 2843 respondit.

678 2857 814 2912 Vere
841 2875 1032 2930 magna
1063 2869 1166 2920 est,
1216 2860 1467 2925 Domine,
1535 2862 1848 2931 benignitas
1905 2875 2040 2928 tua,
2094 2881 2197 2922 nec

598 2951 745 3004 ullus
778 2953 1056 3021 explicare
1093 2952 1528 3008 sullicietsi-rmo
1566 2955 1631 3009 ad
1688 2956 1986 3026 gratiarum
2020 2960 2194 3014 actio-

596 3059 721 3098 nem
754 3044 922 3097 illius.
961 3042 1178 3098 Utinam
1195 3056 1377 3099 autem
1405 3057 1460 3100 et
1487 3063 1606 3112 nos,
1642 3049 2038 3119 quiaqualiter
2068 3069 2194 3108 cum

595 3137 820 3204 pruuigu
853 3151 1044 3188 sumus
1076 3151 1305 3207 peregre
1341 3137 1595 3206 profecti,
1651 3155 1716 3195 ac
1771 3143 1993 3196 divitias
2062 3158 2196 3198 con-

2305 682 2422 728 τοις
2474 665 2826 734 λεπτολογία,
2859 665 3044 731 καθὼς
3092 667 3368 739 πολλαχοῦ
3415 665 3526 721 τῶν
3581 668 3913 739 παραϐολῶν

2305 758 2814 827 διεμαρτυράμεθα.

2380 856 2522 908 Ὅτε
2543 855 2612 908 δὲ
2641 886 2709 896 -—
2732 857 3039 912 σιτευτόν.
3072 857 3182 911 Καὶ
3202 857 3379 913 ταῦτα
3415 860 3514 930 τῆς
3544 859 3718 928 αὐτῆς
3775 860 3914 910 εἰσιν

2306 949 2664 1014 ἀκολουθίας,
2700 951 2796 1002 καὶ
2840 947 3042 1018 ὁμοίως
3095 951 3606 1023 ἐσχηματίσθησαν.
3641 952 3769 1004 Βίον
3813 951 3916 1020 μὲν

2304 1040 2400 1095 οὖν
2427 1041 2542 1114 (85)
2569 1041 2664 1095 τοῦ
2694 1041 2832 1095 Θεοῦ
2865 1041 3014 1110 λέγει
3044 1043 3106 1095 τὸ
3135 1044 3410 1114 χάρισμα,
3435 1043 3620 1108 καθὼς
3652 1045 3913 1116 ἀνωτέρω

2303 1136 2638 1208 δεδήλωται·
2677 1137 2882 1208 πόρνας
2913 1137 2992 1202 δέ,
3017 1137 3118 1201 τὰς
3150 1138 3490 1208 φιληδονίας.

2387 1305 2451 1358 '0
2476 1303 2545 1357 δὲ
2572 1301 2745 1358 εἶπεν
2772 1333 2841 1342 -
2873 1299 2947 1358 εἶ.
2974 1303 3107 1356 Οὐδέ
3119 1301 3248 1356 πυτέ
3287 1318 3391 1372 μου
3422 1300 3766 1370 ἀποφοιτῶν,
3789 1298 3908 1355 ἀλλ’

2300 1398 2387 1450 ἀεὶ
2415 1397 2515 1459 τὰς
2542 1397 2764 1461 ἐντολάς
2793 1416 2895 1468 μου
2925 1397 3173 1466 πληρῶν.

2374 1491 2484 1544 Καὶ
2533 1521 2604 1531 -
2635 1491 2791 1546 ἐστι.
2842 1491 3101 1554 Τοιοῦτος
3165 1491 3274 1560 γὰρ
3325 1489 3422 1553 ὣν,
3454 1491 3636 1542 πάντα
3688 1487 3759 1542 τὰ
3799 1486 3913 1557 ἐμὰ

2301 1585 2758 1657 κληρονομήσεις.
2797 1586 2860 1636 Oi
2910 1583 3142 1636 τοιοῦτοι
3181 1582 3200 1656 [
3240 1585 3351 1654 γὰρ
3406 1581 3518 1654 (86)
3569 1583 3678 1634 ulol
3709 1580 3914 1649 κληρο-

2302 1679 2532 1750 νομοῦσι
2589 1679 2688 1747 τὴν
2741 1676 3024 1747 βασιλειαν
3085 1674 3180 1728 τοῦ
3233 1674 3447 1746 Πατρδς
3502 1674 3598 1727 καὶ
3629 1671 3912 1740 Θεοῦ.Μη

2301 1774 2476 1828 λυποῦ
2509 1771 2714 1837 τοίνυν,
2739 1771 2895 1824 οὐδὲν
2946 1770 3058 1841 γὰρ
3094 1769 3386 1840 ἠδικήθης.
3413 1767 3603 1830 Οὕτως
3647 1765 3910 1827 ἐπιεικῶς

2308 1868 2708 1940 παρηγορήσας
2742 1867 2929 1928 αὐτὸν,
2950 1865 3305 1932 ἀπολογεῖται
3364 1864 3554 1915 λοιπὸν
3618 1862 3714 1914 καὶ
3770 1860 3908 1931 ὑπὲρ

2306 1961 2415 2012 τῶν
2455 1957 2842 2028 γεγενημένων
2877 1958 2956 2018 εἰς
2997 1956 3090 2009 τὸν
3121 1953 3352 2022 ἀδελφὸν
3389 1951 3581 2006 αὐτοῦ.

2382 2049 2818 2120 Εὐφρανθῆναι
2875 2079 2945 2088 —
3001 2050 3102 2103 και
3137 2047 3377 2115 εὑρέθη.
3409 2046 3697 2098 Δεεκνυσιν
3736 2044 3910 2109 ἀναγ-

2307 2145 2473 2198 καίαν
2551 2144 2652 2214 τὴν
2704 2142 3049 2212 εὐφροσύνην
3089 2141 3186 2194 καὶ
3237 2142 3434 2212 χαράν.
3484 2138 3582 2202 Τίς
3641 2137 3754 2206 γὰρ
3789 2135 3910 2188 ἰδὼν

2305 2238 2500 2306 νεκρδν
2531 2236 2904 2305 ἀναζήσαντα,
2933 2235 3033 2287 οὐκ
3064 2232 3442 2304 εὐφραίνεται,
3465 2232 3561 2285 καί
3591 2229 3676 2292 τίς
3698 2229 3910 2282 τδάπο-

2307 2330 2473 2393 λωλὸς
2507 2329 2705 2398 εὑρὼν,
2733 2329 2793 2381 οὐ
2829 2323 3249 2399 χαίρει;Εἷδες,
3289 2325 3408 2388 πῶς
3465 2325 3564 2376 καὶ
3619 2321 3911 2390 ἀποδημή-

2307 2438 2501 2486 σαντος
2525 2421 2930 2493 ἐμακροθύμει,
2971 2421 3066 2474 καὶ
3124 2419 3536 2489 ἐπιστρέψαντα
3587 2413 3906 2486 περιχαρῶς

2308 2514 2634 2581 ὑπεδέξατο.
2661 2515 2771 2568 Καὶ
2812 2515 2874 2567 οὐ
2938 2515 3097 2584 μόνον
3154 2513 3256 2565 οὐκ
3286 2512 3539 2582 ἀπῄτησε
3570 2508 3757 2577 δίκην,
3775 2507 3908 2558 ἀλλὰ

2305 2610 2402 2662 καὶ
2431 2609 2673 2679 χαρίτων
2703 2609 2926 2680 ἠξίωσε.
2960 2607 3072 2662 Kal
3115 2609 3176 2661 οὐ
3224 2607 3388 2677 μόνον
3441 2603 3552 2658 οὐδ’
3597 2601 3906 2666 ὠνείδισεν,

2305 2702 2443 2756 ἀλλὰ
2476 2703 2574 2757 καὶ
2612 2705 2714 2756 ὐπε
2724 2703 3170 2774 ραπελογησατο.

2380 2878 2590 2940 Ὄντως
2623 2876 2859 2947 μεγάλη,
2888 2877 3156 2942 Δέσποτα,
3178 2876 3209 2946 ἡ
3241 2872 3627 2944 φιλανθρωπία
3675 2885 3796 2935 σου,
3815 2867 3907 2920 καὶ

2304 2971 2484 3033 οὐδεὶς
2540 2971 2832 3041 ἐξαρκέσει
2886 2971 3046 3038 λόγος
3102 2971 3240 3040 πρὸς
3295 2969 3655 3038 εὐχαριστίαν
3713 2965 3901 3036 αὐτῆς.

2305 3064 2402 3135 Εἵη
2430 3064 2487 3117 δὲ
2533 3064 2628 3119 καὶ
2682 3065 2998 3135 ἡμᾶςπῶς
3033 3063 3228 3134 ἐπίσης
3261 3063 3340 3133 τῷ
3369 3061 3566 3130 ἀσώτῳ
3619 3059 3906 3129 ἀποδημή-

2304 3175 2506 3222 σαντας
2546 3158 2658 3229 (87)
2693 3161 2786 3212 καὶ
2816 3158 3318 3228 διασκορπίσαντας
3372 3155 3464 3208 τὸν
3498 3153 3756 3216 πλοῦτον,
3783 3153 3902 3218 ἴσην

593 3230 949 3297 sumpsimus,
977 3229 1239 3296 aequalem
1269 3245 1395 3283 eum
1433 3246 1498 3285 eo
1536 3235 1954 3290 conversionem
1984 3237 2181 3292 demon

2307 3249 2455 3320 αὐτῷ
2480 3252 2575 3304 καὶ
2605 3251 2703 3322 τὴν
2735 3252 3078 3323 ἐπιστροφὴν
3111 3249 3477 3315 ἐνδείξασθαι,
3507 3250 3602 3300 καὶ
3634 3249 3736 3316 τῆς
3781 3244 3900 3312 ἴσης

593 3330 852 3384 stremus,
883 3332 933 3373 et
977 3322 1170 3391 animali
1207 3322 1546 3392 benignitate
1577 3324 1727 3396 digni
1765 3327 2088 3386 habeantur.

837 3411 990 3466 CAP.
1024 3411 1208 3466 LVIII.
1238 3415 1314 3466 De
1340 3416 1704 3483 dispensatore
1736 3417 1941 3485 iniquo.

664 3503 803 3573 Cap.
832 3501 969 3557 XVI.
1000 3506 1159 3559 γει-ε.
1205 3505 1256 3558 1.
1306 3505 1528 3560 Dicebat
1565 3520 1749 3562 autent
1772 3511 1998 3564 -bona
2021 3509 2194 3566 illius.

592 3594 857 3650 Parabula
897 3598 1012 3651 haec
1047 3598 1382 3652 Christianis
1445 3603 1710 3656 attributa
1775 3614 1881 3669 est,
1937 3605 2029 3674 qui
2083 3621 2191 3661 non

593 3689 786 3740 volunt
825 3689 1052 3740 omnino
1076 3693 1459 3758 possessiones
1489 3709 1550 3746 ac
1579 3695 1847 3763 pecunias
1895 3696 2187 3767 despicere

597 3782 906 3833 admonens
941 3780 1087 3843 illus,
1128 3791 1187 3834 ut
1210 3785 1263 3835 in
1308 3799 1583 3854 pauperes
1615 3787 1728 3842 sint
1751 3789 2009 3845 beneﬁci.
2036 3790 2190 3847 Dicta

486 3879 492 3888 '
591 3881 677 3926 cst
707 3882 891 3927 autem
934 3876 1000 3927 ad
1036 3873 1358 3946 discipulos,
1413 3881 1541 3948 quia
1567 3891 1620 3934 et
1676 3882 1730 3937 lii
1767 3895 1896 3939 sunt
1963 3885 2190 3957 dispen-

591 3974 826 4017 satores.

664 4057 1048 4128 iteprzesentat
1104 4064 1273 4119 etiam
1352 4065 1634 4122 hominem
1704 4069 1958 4135 divitem,
2023 4080 2184 4142 puta,

590 4147 764 4202 Deum
791 4149 1115 4212 humanum.
1135 4155 1394 4225 nulloque
1424 4156 1760 4228 indigentem
1785 4177 1799 4212 ι
1836 4175 2190 4217 ωοοηοωυιιι

590 4256 745 4308 vero,
775 4242 890 4296 sive
927 4243 1388 4314 dispensatorem,
1422 4265 1669 4317 omnem,
1695 4253 1786 4323 qui
1818 4255 2066 4324 possidet
2096 4255 2184 4312 di-

591 4333 755 4387 vitias
787 4352 799 4387 :
837 4336 975 4390 tales
1004 4340 1152 4391 enim
1176 4354 1286 4393 non
1317 4343 1702 4410 suntdomini,
1748 4347 1845 4400 sed
1902 4348 2186 4418 dispenso:

588 4433 756 4480 tores.
796 4427 936 4482 Dicit
969 4445 1204 4500 namque
1231 4431 1377 4487 Deus
1412 4433 1630 4488 :Meum
1660 4446 1974 4505 estaurum,
2011 4458 2183 4497 meum

2295 3343 2601 3413 ἀξιωθῆναι
2628 3345 3070 3416 φιλανθρωπίας.

2406 3441 2565 3492 ΚΕΦ.
2584 3438 2718 3494 NH'.
2742 3438 2880 3507 Περὶ
2902 3439 3007 3492 τοῦ
3039 3439 3359 3506 οἰκονόμου
3386 3436 3497 3505 τῆς
3534 3435 3805 3502 ἀδικίας.

2369 3538 2584 3605 Ἔλεγε
2617 3534 2686 3586 δὲ
2735 3563 2806 3574 --
2851 3533 3207 3601 ὑπάρχοντα
3247 3531 3456 3588 αὑτοῦ.
3490 3531 3555 3583 'H
3613 3527 3897 3600 παραϐολὴ

2295 3627 2436 3697 αὓτη
2469 3628 2610 3698 πρὸς
2666 3627 2796 3690 τοὺς
2843 3625 3211 3695 Χριστιανοὺς
3267 3624 3628 3688 ἀποτέταται,
3665 3621 3793 3684 τοὺς
3825 3621 3896 3691 μὴ

2295 3720 2662 3791 βουλομένους
2705 3721 2885 3790 πάντη
2920 3719 3028 3772 τῶν
3069 3718 3375 3788 χρημάτων
3439 3717 3746 3787 ὑπερορᾷν,
3778 3731 3895 3768 νου-

2293 3811 2526 3866 θετοῦσα
2557 3813 2809 3876 τούτους,
2834 3814 2920 3865 ἵνα
2953 3813 3058 3866 κᾶν
3099 3810 3440 3882 εὐεργετῶσι
3470 3812 3598 3873 τοὺς
3629 3810 3890 3880 πένητας.

2292 3905 2526 3976 Εἴρηται
2565 3905 2625 3960 δέ
2662 3907 2800 3970 ποὺς
2833 3906 2963 3970 τοὺς
2995 3905 3271 3976 μαθητὰς..
3310 3903 3445 3958 διότι
3484 3902 3598 3975 (88)
3653 3902 3891 3974 μαθηταὶ

2291 4002 2386 4054 καὶ
2414 3993 2586 4056 οὗτοι.

2362 4094 2475 4148 Kal
2506 4094 2795 4162 ἄνθρωπον
2826 4093 2925 4164 μὲν
2954 4091 3211 4147 πλούσιον
3253 4093 3535 4164 ἐμφαίνει,
3572 4091 3668 4146 τδν
3701 4093 3889 4162 φιλάν-

2290 4185 2512 4257 θρωπον
2538 4189 2632 4240 καὶ
2678 4186 2901 4258 ἀνενδεῆ
2941 4186 3076 4240 Θεόν
3097 4204 3112 4218 ο
3147 4187 3435 4256 οἰκονόμον
3469 4186 3548 4252 δὲ,
3584 4186 3769 4239 πάντα
3799 4189 3888 4239 τὸν

2289 4279 2635 4350 κεκτημένον
2665 4280 2929 4333 πλοῦτον·
2957 4281 3008 4334 οἱ
3043 4281 3280 4334 τοιοῦτοι
3314 4282 3421 4350 γὰρ
3453 4281 3515 4333 οὐ
3552 4279 3886 4350 κύριοι,ἀλλ⁹

2287 4371 2566 4440 οἰκονόμοι
2626 4371 2758 4425 εἰσί.
2801 4371 2943 4441 Φησὶ
2996 4371 3107 4441 γὰρ
3137 4373 3164 4424 ό
3194 4371 3365 4434 Θεόςο
3405 4372 3586 4442 Ἐμόν
3641 4373 3775 4426 ἐστι
3824 4372 3883 4425 τὸ

2286 4462 2571 4529 χρυσίον,
2591 4462 2690 4514 καὶ
2720 4462 2868 4531 ἐμόν
2910 4461 3044 4515 ἐστι
3083 4464 3150 4515 τὸ
3178 4463 3485 4532 ἀργύριον.
3528 4463 3804 4534 Διεϐλήθη
3830 4463 3883 4517 δὲ

583 4522 660 4567 est
687 4527 966 4585 argentum
1009 4520 1071 4572 η.
1120 4520 1346 4577 Delatus
1400 4534 1485 4578 est
1541 4535 1726 4581 autem
1791 4531 1938 4600 apud
2007 4530 2177 4592 Deum

2305 4520 2365 4622 ᾗῇ
2391 4552 2512 4623 Θεῷ
2601 4520 2763 4617 κακὸς
2783 4557 3070 4625 οἰκονόμος
3094 4520 3522 4626 ὑπὸντηςνκακῆς
3546 4520 3879 4626 οἰκονομίας,

586 4609 764 4661 malus
797 4610 1148 4682 dispensator
1176 4617 1315 4669 mala
1335 4618 1752 4688 dispensatione
1773 4663 1788 4687 ,
1821 4598 2001 4695 utqui
2031 4629 2148 4682 dis-
2213 4598 2257 4653 θ

583 4702 808 4769 siparet,
853 4721 973 4774 quie
1042 4707 1139 4762 Dei
1194 4720 1374 4777 erant,
1412 4714 1558 4768 inea
1579 4732 1700 4785 quae
1752 4733 1857 4774 non
1916 4722 2184 4792 oportuit,

583 4810 686 4848 nec
711 4797 983 4864 superﬂua
1045 4803 1381 4872 pauperibus
1418 4805 1798 4866 distribueret.

655 4971 811 5028 V'ers.
843 4975 893 5029 2.
937 4979 1230 5038 Ειυοεαυίι
1260 5017 1330 5029 -
1379 4989 1802 5061 dispensationis
1849 5008 1980 5055 tum.
2047 5002 2177 5060 Haec

2289 4647 2366 4710 ὡς
2420 4647 2835 4720 διασκορπίζων
2887 4650 2960 4702 τὰ
2993 4649 3085 4703 τοῦ
3121 4649 3281 4716 Θεοῦ,
3316 4654 3396 4715 εἰς
3432 4651 3467 4706 ἃ
3489 4652 3592 4704 οὐκ
3633 4653 3764 4721 ἔδει,
3794 4654 3881 4704 καὶ

2289 4741 2366 4813 μὴ
2393 4741 2671 4814 διανέμων
2713 4745 2780 4798 τὰ
2806 4748 3041 4817 περιττὰ
3068 4749 3182 4810 τοῖς
3209 4750 3428 4818 πένησι.

2349 5006 2459 5060 Kal
2492 5007 2786 5076 φωνήσας
2826 5040 2896 5050 -
2946 5013 3294 5083 οἰκονομίας
3341 5028 3484 5069 σου.
3528 5012 3698 5072 Εἶπεν
3734 5019 3871 5089 αὐτῷ

581 5057 657 5112 illi
698 5078 796 5130 per
823 5066 1034 5122 divinas
1069 5071 1208 5126 dixit
1243 5057 1576 5148 Scripturas,
1615 5099 1736 5152 quae
1768 5087 1836 5142 de
1860 5089 2048 5146 futuro
2079 5057 2179 5148 do;

581 5164 704 5182 nnnl
743 5156 946 5182 :...l:-!-
1015 5173 1059 5182 -.
1109 5166 1154 5182 J,
1276 5169 1286 5182 ι
1313 5169 1388 5182 ιη.
1628 5179 1635 5182 .
1725 5181 1733 5182 ,

2350 5057 2454 5060 πί-
2492 5057 2521 5076 ι
2631 5057 2778 5076 1-",
2948 5057 3285 5083 ---παρη
3342 5057 3484 5069 ..ν-ι.
3528 5057 3696 5072 μη.-.
3734 5057 3871 5089 -..γ

2305 5102 2456 5154 ταῦτα
2489 5102 2579 5157 διὰ
2612 5104 2721 5158 τῶν
2761 5104 2925 5159 Θεῑων
2975 5107 3234 5177 Γραφῶν,
3267 5109 3325 5162 αἶ
3375 5109 3698 5167 διδάσκουσι
3751 5115 3871 5182 περὶ

581 5164 708 5208 cent
735 5156 972 5226 judicio,
1007 5173 1063 5216 ct
1095 5166 1164 5220 de
1193 5169 1505 5228 redditione
1537 5179 1785 5235 rationis.

692 5338 734 5368 ³³
762 5339 942 5409 Αεεεεὶ
984 5357 1045 5406 ιι,
1075 5347 1128 5402 9.

2279 5193 2380 5263 τῆς
2403 5193 2712 5267 μελλούσης
2741 5199 2979 5269 κρίσεως
3014 5201 3111 5254 καὶ
3139 5201 3481 5268 λογοθεσίας.

1787 5455 1982 5517 Varia:
2027 5460 2335 5526 lectiones
2366 5475 2424 5529 et
2458 5477 2650 5532 notae.

652 5599 764 5669 (85)
795 5600 900 5654 υῦν
936 5603 1090 5659 abest
1112 5605 1181 5662 A.

651 5671 782 5750 (86)Δ
806 5679 936 5754 Quae
966 5677 1048 5731 his
1081 5677 1249 5747 signis
1285 5677 1376 5754 [“]
1401 5682 1745 5750 inclusimus.
1776 5707 1839 5746 ea
1883 5710 1947 5749 ex
1980 5696 2170 5753 codice

581 5739 645 5794 Β.
670 5745 1005 5800 exciderant.

648 5808 765 5883 (87)
802 5817 877 5869 Ita
901 5821 1113 5874 correxi
1153 5837 1257 5893 pro
1313 5823 1794 5902 ἐπιδημήσαντας,
1856 5833 1971 5893 Nec
1999 5838 2161 5894 aliter

2280 5629 2587 5689 lientenius

2353 5704 2467 5790 (88)
2493 5704 2859 5790 Hoeprorsus
2895 5725 3136 5790 alienum
3169 5729 3274 5774 est.
3301 5722 3373 5777 Ex
3412 5724 3690 5788 ﬂente-nio
3711 5733 3862 5790 colli-

2279 5788 2395 5841 gas,
2435 5777 2722 5847 legendum
2755 5799 2876 5841 esse
2892 5788 3169 5860 οἰκονόμοι
3204 5805 3302 5848 aut
3343 5777 3639 5872 διᾱίιέῆἑᾶὶζ
