4070 6390
164 397 313 464 1033

1157 384 1545 448 COMMENT.
1593 383 1672 443 IN
1716 378 2001 442 LUCAM.
2034 406 2103 417 —
2139 383 2295 442 CAP.
2321 383 2478 443 XVI.

3319 383 3448 446 101i!

231 520 319 572 Οὐ
351 516 460 586 γὰρ
498 543 568 555 -—-
603 507 962 576 οἰκονομεῖν.
1017 506 1123 558 Τοῦ
1171 506 1406 559 θανάτου
1436 505 1559 557 ὅσον
1616 499 1765 552 οὔπω

1948 496 2104 554 Vers.
2137 499 2190 552 2.
2234 498 2413 569 Neque
2439 501 2574 554 enim
2600 526 2669 540 -
2700 499 3024 566 dispensare.
3046 496 3216 552 Morte
3253 515 3451 570 propc-

162 607 591 682 μετακινοῦντός
626 622 686 657 σε

239 699 390 756 Eius
433 699 501 753 δὲ
532 727 602 738 --
632 696 1022 764 αἰσχύνομαι.
1058 690 1214 744 Μετὰ
1250 689 1341 741 τὸν
1389 687 1621 741 θάνατον
1652 685 1759 752 γὰρ

159 790 511 864 ἐργάσασθαι
539 789 639 842 οὐκ
671 786 847 856 ἰσχύει
881 802 990 846 τις.
1026 780 1327 852 Ἐργασίας
1359 778 1467 850 γὰρ
1507 780 1534 830 6
1569 777 1760 847 παρὼν

160 884 359 956 καιρός
388 896 400 910 ·
433 885 460 935 6
491 881 548 935 δὲ
590 879 827 950 μέλλων,
868 876 1307 940 ἁνταποδόσεως,
1336 873 1432 926 καὶ
1466 873 1522 924 τὸ
1581 889 1763 941 παρα-

159 976 356 1031 καλεῖν
387 974 668 1043 ἀνόνητον.

239 1070 480 1137 Ἕγνων
533 1066 591 1120 τι
625 1062 883 1131 ποιήσω.
944 1059 1127 1130 Ἔγνω
1180 1059 1341 1114 τοῦτο
1427 1058 1760 1122 συνετισθεὶς

161 1161 274 1213 ὑπὸ
305 1159 413 1211 τῶν
449 1158 524 1230 Γρ
536 1156 707 1224 αφῶν.

234 1252 312 1305 Ἵι
323 1267 372 1303 ἀ
404 1249 553 1303 ὅταν
575 1281 646 1289 -
666 1249 874 1315 οἴκους
891 1243 1112 1302 αὐτῶν.
1139 1239 1319 1313 Οὗτοι,
1344 1247 1476 1316 περὶ
1498 1238 1573 1298 ὧν
1598 1246 1758 1314 ἔγνω,

154 1343 442 1395 τουτέστιν
477 1344 523 1394 οἱ
555 1341 792 1412 ῥηθῆναι
825 1341 1136 1410 μέλλοντες.

236 1439 342 1490 Καὶ
365 1435 948 1504 προσκαλεσάμενος
986 1463 1054 1474 ——
1085 1432 1480 1502 ὀγδοήκοντα.
1528 1432 1625 1495 Τίς
1662 1433 1762 1496 μὲν

157 1527 505 1597 ὀχρειῦστης
550 1525 647 1578 τοῦ
683 1527 890 1588 ἐλαίου,
925 1527 1020 1579 καὶ
1081 1525 1166 1588 τίς
1205 1527 1234 1574 6
1285 1526 1380 1577 τοῦ
1441 1527 1610 1588 σίτου,
1668 1527 1763 1575 καὶ

157 1620 431 1672 διατίὰνὰ
463 1617 659 1670 ἑκατὸν
685 1615 942 1685 ὤφειλον,
985 1615 1078 1667 καὶ
1133 1614 1186 1666 τί
1248 1615 1308 1667 τὸ
1366 1614 1604 1682 γράμμα
1667 1616 1761 1666 τοῦ

160 1711 383 1779 χρέους,
415 1710 510 1762 καὶ
564 1708 704 1762 διατί
734 1710 762 1761 6
799 1711 898 1777 μὲν
938 1707 1285 1776 πεντήκοντα
1349 1707 1614 1775 ἔγραψεν,
1643 1708 1672 1758 6
1704 1706 1761 1758 δὲ

1866 590 2087 644 modum
2125 602 2177 645 te
2204 591 2593 644 transferente.

1947 678 2103 735 Vcrs.
2138 682 2190 734 5.
2227 683 2312 734 Ait
2343 691 2520 734 autem
2582 712 2648 722 —-
2707 683 2972 734 erubesco.
3038 680 3167 735 Post
3223 691 3451 737 mortem

1867 774 2012 828 enim
2051 789 2212 828 nemo
2244 775 2445 844 poterit
2474 774 2687 844 operari
2727 791 2738 826 :
2776 789 2903 826 nam
2945 790 3187 842 pnesens
3241 785 3456 844 tempus

1864 865 2201 934 operationis
2235 874 2338 929 est,
2372 865 2617 920 futurum
2654 881 2781 920 vero
2835 866 3233 932 retributionis,
3268 876 3324 920 et
3365 866 3457 920 de-

1868 959 2079 1028 precari
2108 962 2214 1011 erit
2234 958 2468 1012 .inutile.

1941 1048 2102 1103 Vers.
2154 1052 2206 1105 4.
2260 1048 2403 1116 Scio,
2451 1050 2577 1120 quid
2606 1050 2828 1120 faciam.
2856 1049 3117 1105 Eruditus
3145 1067 3174 1105 a
3205 1051 3458 1122 Scriptu-

1865 1141 1960 1195 ris.

1940 1235 2092 1287 Vers.
2124 1231 2173 1286 ιι.
2209 1235 2270 1289 Ut
2301 1251 2418 1287 cum
2444 1263 2514 1274 -ο
2540 1239 2721 1288 domos
2752 1252 2900 1290 suas.
2939 1236 3028 1301 lli,
3070 1251 3209 1306 quos
3237 1236 3372 1299 scio,
3406 1247 3461 1288 ct

1865 1342 2002 1395 quos
2033 1341 2178 1380 nunc
2204 1328 2452 1380 dicturus
2475 1335 2578 1381 est.

1945 1417 2099 1470 Vers.
2130 1419 2182 1471 5.
2219 1416 2286 1469 Et
2318 1418 2576 1470 advocato
2607 1415 2838 1471 -—-Vers.
2874 1417 2928 1471 7.
2955 1419 3259 1488 Octoginta.
3293 1402 3459 1483 Quisi

1867 1524 1990 1562 nam
2024 1509 2242 1564 debitor
2273 1510 2347 1563 sit
2383 1509 2510 1572 olei,
2544 1519 2601 1562 et
2654 1511 2777 1580 quis
2829 1511 3022 1576 tritici,
3061 1513 3254 1580 quisve
3286 1528 3428 1564 unus

1866 1603 2102 1672 quisque
2169 1602 2408 1665 debitor,
2442 1613 2648 1671 etqua:
2699 1603 2883 1657 cautio
2914 1603 3108 1665 debiti,
3177 1614 3232 1657 et
3288 1619 3457 1672 quare.

1869 1696 2016 1764 prior
2039 1696 2256 1764 scripsit
2275 1696 2692 1766 quinquaginta,
2714 1697 2983 1765 posterior
3006 1712 3133 1750 vero
3150 1699 3450 1768 octoginta,

157 1803 519 1873 ὁγδοήκοντα,
555 1802 648 1854 καὶ
681 1801 751 1853 τὰ
797 1799 1026 1852 τοιαῦτα
1056 1799 1155 1868 τῆς
1182 1801 1555 1870 προκειμένης
1586 1817 1762 1868 παρα-

1872 1800 1933 1839 ac
1963 1785 2185 1847 similia,
2216 1802 2337 1855 qua:
2372 1787 2425 1839 in
2461 1787 2720 1856 praesenti
2764 1789 3116 1856 reperiuntur
3176 1789 3458 1857 parabola,

159 1894 346 1964 βολῆς,
397 1895 654 1965 περιττὴν
711 1893 1012 1960 ἐξετάζειν.
1064 1894 1142 1943 Δι’
1193 1892 1347 1945 οὐδὲν
1399 1893 1507 1959 γὰρ
1573 1892 1763 1962 ἕτερον

159 1986 638 2055 συνεπλάσθησαν,
686 1985 842 2055 ἢῖνα
909 1982 1093 2053 δειχθῇ
1165 1983 1348 2052 μόνον,
1399 1983 1481 2034 ὅτι
1517 1983 1547 2033 6
1579 1981 1765 2053 ῥηθεὶς

157 2079 468 2145 οἰκονόμος,
501 2077 607 2138 ἕως
670 2075 783 2146 εἶχε
839 2075 1034 2144 καιρὸν
1087 2073 1426 2142 οἰκονομίας,
1479 2076 1765 2143 φρονίμως

156 2174 271 2233 τοῖς
302 2169 398 2223 τοῦ
437 2169 705 2221 δεσπότου
737 2167 1068 2237 πράγμασιν
1102 2169 1182 2229 εἰς
1215 2168 1275 2219 τὸ
1305 2168 1507 2219 οἰκεῖον
1556 2167 1766 2236 συμφέ-

161 2280 256 2332 ρον
289 2262 666 2332 ἁπεχρήσατο,
690 2263 783 2312 καὶ
813 2259 885 2311 δι’
915 2257 1098 2310 αὐτῶν
1139 2259 1218 2321 είς
1267 2257 1327 2311 τὸ
1365 2257 1556 2328 μέλλον
1593 2274 1766 2327 σωτη-

161 2355 288 2422 ρίαν
323 2351 504 2422 ἐαυτῷ
523 2352 978 2422 περιεποιήσατο,
1010 2352 1086 2413 ὡς
1120 2349 1371 2403 ἐντεῦθεν
1413 2350 1608 2420 μαθεῖν
1639 2352 1766 2416 τοὺς

159 2445 388 2515 ἔχοντας
425 2443 680 2507 πλοῦτον,
706 2443 790 2496 δτι
821 2443 929 2513 χρὴ
961 2443 1211 2505 τούτους,
1234 2442 1564 2512 οἰκονόμους
1595 2443 1763 2496 αὑτοῦ

161 2537 569 2599 καταστάντας,
617 2535 724 2598 ἓως
783 2536 970 2606 ἔχουσι
1034 2534 1227 2603 καιρὸν
1261 2537 1430 2606 ζωῆς,
1483 2539 1766 2608 φρονίμως

159 2633 274 2692 τοῖς
309 2628 406 2682 τοῦ
438 2627 576 2681 Θεοῦ
626 2628 953 2698 πράγμασιν
994 2629 1073 2690 εἰς
1127 2630 1189 2680 τὸ
1240 2629 1442 2682 οἰκεῖον
1484 2633 1766 2700 συμφέρον

162 2719 738 2791 ἁποχρήσασϐαι,κα“ι
779 2718 847 2771 δι’
907 2719 1094 2772 έαὺτῶν
1153 2719 1582 2788 εὐεργετοῦντας
1639 2724 1767 2788 τοὺς

165 2813 432 2884 πένητας,
466 2813 547 2876 εἰς
585 2812 645 2864 τὸ
681 2811 878 2880 μέλλον
929 2811 1209 2882 σωτηρίαν
1242 2813 1459 2876 ἑαυτοῖς
1501 2831 1765 2885 πραγμαι

164 2904 489 2958 τεύσασοαι.
538 2904 709 2967 Bai-.0;
744 2905 844 2974 μὲν
868 2903 965 2958 οὖν
994 2900 1064 2974 ἦν
1108 2907 1308 2976 μέτρον
1337 2905 1519 2959 ἐλαίου
1541 2923 1556 2937 ·
1603 2908 1767 2978 κόρος

159 2998 242 3058 δὲ.
267 2998 468 3067 μέτρον
505 2997 680 3050 σίτου.

233 3093 345 3145 Kal
394 3091 701 3159 ἐπῄνεσεν
729 3122 800 3131 -
829 3093 1130 3160 φρονίμως
1177 3093 1448 3159 ἐποίησε.
1500 3093 1574 3146 Τὸ
1614 3093 1765 3162 ἑξῆς,

1869 1879 2210 1946 superﬂuum
2240 1886 2323 1934 est
2347 1879 2632 1949 inquirere
2665 1897 2676 1932 :
2714 1880 2991 1949 siquidem
3023 1882 3090 1934 ad
3125 1882 3259 1934 nihil
3313 1882 3460 1937 aliud

1867 1969 2046 2023 eﬂicta
2074 1979 2221 2034 sunt,
2259 1985 2422 2040 quam
2480 1981 2538 2024 ut
2592 1973 2917 2025 ostendatur
2955 1974 3100 2040 quod
3136 1973 3314 2028 dictus
3346 1975 3463 2028 dis-

1869 2071 2154 2130 pensator,
2190 2062 2320 2116 dum
2379 2063 2812 2131 dispensationis
2842 2075 3058 2134 tempus
3086 2066 3295 2132 habuit,
3327 2085 3459 2136 pru-

1870 2157 2064 2207 denter
2091 2154 2299 2208 domini
2338 2155 2503 2208 rebus
2539 2154 2603 2208 ad
2634 2172 2792 2209 suum
2844 2157 3195 2212 commodum
3256 2163 3460 2214 abusus

1867 2257 1973 2312 est,
1997 2254 2053 2300 et
2078 2261 2175 2315 per
2203 2261 2299 2300 eas
2321 2247 2371 2299 in
2393 2245 2640 2301 futurum
2672 2263 2826 2301 suam
2849 2250 3081 2303 salutem
3114 2252 3426 2320 procuravit
3451 2274 3459 2304 :

1871 2347 1930 2389 ut
1967 2337 2093 2391 hinc
2123 2337 2362 2401 discant,
2385 2338 2476 2408 qui
2509 2336 2715 2393 habuit
2757 2340 2999 2407 divitias,
3033 2344 3178 2410 quod
3208 2353 3460 2412 oporteat

1866 2442 1986 2487 eos.
2015 2443 2140 2482 cum
2171 2429 2386 2482 illarum
2421 2429 2828 2498 dispensatores
2851 2433 3138 2485 constituti
3167 2433 3298 2495 sint,
3334 2435 3462 2487 dum

1871 2521 1998 2576 vitae
2037 2531 2254 2590 tempus
2288 2521 2515 2587 habent,
2550 2522 2850 2590 prudenter
2900 2523 2994 2578 Dei
3021 2525 3186 2582 rebus
3216 2527 3283 2582 ad
3303 2543 3463 2580 suum

1869 2612 2020 2666 abuti
2050 2612 2402 2666 commodum
2446 2630 2461 2664 :
2493 2622 2546 2666 ct
2587 2629 2683 2682 per
2715 2614 2856 2678 illas,
2894 2616 3230 2685 pauperibus
3286 2618 3460 2672 benc-

1872 2704 2144 2767 l'aciendo,
2183 2707 2237 2758 in
2276 2705 2524 2758 futurum
2552 2706 2786 2760 salutem
2818 2707 2921 2762 sibi
2955 2712 3268 2778 acquirere.
3299 2712 3465 2767 Batus

1871 2797 2055 2866 itaque
2090 2813 2347 2852 mensura
2375 2808 2494 2852 erat
2522 2798 2653 2863 olei,
2682 2816 2850 2855 corus
2903 2817 3031 2856 vero
3084 2804 3251 2860 tritici
3306 2823 3467 2862 mena-

1871 2902 2018 2940 Slll‘i].

1951 3075 2106 3129 Vers.
2150 3076 2202 3130 8.
2237 3075 2301 3130 Et
2333 3077 2667 3132 luudavit—
2691 3082 2984 3148 prudenter
3031 3085 3260 3146 fecisset.
3324 3089 3466 3154 Quid

159 3183 241 3245 ὡς
281 3183 463 3252 δῆλον,
496 3186 610 3246 τοῖς
641 3185 945 3254 ἀκροαταῖς
991 3186 1177 3255 ἀφῆκε
1227 3184 1670 3254 συλλογίζεσθαι.
1702 3188 1765 3239 Εἰ

1876 3167 2166 3223 manifeste
2217 3180 2618 3239 consequatur,
2677 3174 3020 3229 auditoribus
3048 3177 3273 3248 reliquit
3320 3185 3467 3250 cogi-

163 3279 279 3346 γάρ
309 3278 337 3328 6
372 3276 709 3347 ἠδικημένος
745 3277 1016 3349 δεσπότης
1075 3277 1311 3349 ἐπῄνεσε
1351 3279 1445 3332 τὸν
1477 3281 1764 3350 οἰκονόμον

166 3370 272 3437 τῆς
308 3369 546 3434 ἀδικίας,
576 3370 747 3438 ἣγουν
783 3369 876 3422 τὸν
919 3371 1019 3441 τὴν
1055 3372 1265 3425 οἰκείαν
1313 3375 1596 3443 σωτηρίαν
1618 3376 1765 3428 οἱκο-

166 3464 488 3531 νομὴσαντα
519 3461 578 3527 ἐξ
620 3462 858 3528 ἀδικίας,
885 3462 1066 3534 πολλῷ
1105 3467 1306 3534 μᾶλλον
1336 3469 1364 3519 6
1403 3467 1765 3538 ἀδικούμενος

165 3553 305 3616 Θεὸς
351 3555 631 3608 ἐπαινέσει
659 3556 749 3608 τὸν
798 3557 1087 3627 οἰκονόμον
1123 3559 1220 3628 τῆς
1254 3558 1628 3629 δικαιοσύνης.
1671 3563 1764 3613 Δι-

167 3645 440 3718 καιοσύνη
471 3648 600 3718 γὰρ,
631 3648 693 3701 τὲ
729 3651 801 3701 τὰ
840 3651 1076 3720 περιττὰ
1100 3654 1214 3715 τοῖς
1268 3653 1468 3724 πένησι
1507 3654 1764 3726 διανέμε-

168 3738 322 3794 σθαι.

243 3982 375 4036 Ὀτι
403 4014 470 4024 -
498 3982 731 4038 ἑαυτῶν
756 3985 947 4038 εἰσιν.
974 3985 1137 4049 Υίους
1174 3987 1270 4057 μὲν
1291 3987 1386 4041 τοῦ
1411 3989 1608 4052 αἰῶνος
1638 3991 1763 4044 τού-

165 4092 264 4127 του
320 4075 478 4129 καλεῖ
531 4077 658 4140 τοὺς
715 4080 796 4148 τῷ
839 4079 1029 4148 κ’ἓσμῳ
1091 4083 1765 4151 προσκειμένουςάἱῶνα

167 4170 280 4238 γὰρ
312 4170 426 4234 νῦν,
444 4171 537 4222 τὸν
564 4172 775 4240 ,κόσμον
809 4174 1000 4227 τοῦτον
1032 4174 1341 4245 ὠνόμασεν.
1378 4178 1543 4242 Υἰοὺς
1583 4181 1765 4248 ιξωτὸς

166 4263 317 4328 λέγει
357 4263 484 4325 τοὺς
518 4264 608 4316 τοῦ
651 4265 859 4336 κόσμου
914 4269 1339 4338 ἁποστήσαντας
1373 4272 1624 4336 ἑαυτούς.
1653 4273 1765 4327 Καί

170 4372 362 4424 φησιν,
393 4358 475 4410 ὅτι
515 4353 663 4412 οὗτοι
691 4359 1097 4432 φρονιμώτεροί
1128 4366 1269 4416 εἰσιν
1325 4367 1575 4432 ἐκείνων,
1622 4370 1765 4422 κατὰ

167 4447 331 4500 τοῦτο
369 4449 425 4502 δὲ
461 4451 640 4518 μόνον,
672 4454 807 4506 καθὸ
833 4455 1179 4524 φροντίζουσι
1210 4457 1305 4511 τοῦ
1349 4460 1663 4527 μέλλοντος,
1687 4464 1765 4526 ὡς

1879 3259 2126 3314 tandum.
2158 3259 2292 3314 Nam
2334 3262 2378 3315 si
2424 3263 2688 3317 Dominus
2735 3265 3001 3333 injustitia
3064 3268 3296 3325 affectus
3349 3273 3468 3326 lau-

1875 3351 2026 3404 davit
2066 3351 2316 3420 iniquum
2347 3352 2813 3422 dispensatorem,
2861 3358 2954 3425 qui
3001 3358 3252 3415 videlicet
3312 3379 3464 3417 suam

1876 3445 2048 3516 ipsius
2073 3445 2305 3499 salutem
2335 3461 2399 3498 ex
2461 3446 2725 3515 injustitia
2781 3461 3174 3517 procuraverat
3227 3469 3242 3507 :
3295 3457 3468 3509 multo

1874 3539 2046 3609 magis
2071 3539 2235 3599 Deus,
2255 3537 2348 3607 qui
2372 3537 2423 3590 in
2458 3539 2609 3592 nullo
2642 3537 2912 3607 iujustitia
2935 3541 3194 3605 aﬂicitur,
3223 3546 3469 3602 laudabit

1871 3634 2083 3702 justum
2111 3631 2226 3686 sive
2274 3629 2504 3701 justitia:
2556 3631 3011 3701 dispensatorem,
3063 3637 3154 3704 qui
3218 3637 3468 3694 vidi-Lcet

1875 3741 2030 3780 suam
2067 3726 2239 3792 ipsius
2296 3724 2527 3778 salutem
2561 3738 2624 3777 ex
2673 3725 2884 3792 justitia
2924 3727 3326 3796 dispensaverit
3360 3747 3374 3788 ;
3411 3734 3465 3786 id

1875 3819 2021 3873 enim
2059 3816 2485 3888 habetjustitia,
2517 3826 2575 3870 ut
2602 3818 2875 3886 superﬂua
2932 3820 3268 3890 pauperibus
3325 3825 3465 3878 divi-

1875 3912 2095 3966 dantur.

1950 4001 2105 4057 Vcrs.
2141 4002 2193 4054 8.
2230 4003 2372 4067 Quia
2404 4033 2465 4042 —
2498 4019 2596 4056 sua
2650 4013 2792 4057 sunt.
2846 4003 3015 4059 Filios
3070 4005 3233 4076 hujus
3284 4011 3467 4064 saeculi

1878 4093 2034 4153 dicit,
2072 4092 2277 4146 mundo
2331 4092 2716 4158 adh-.crentes;
2765 4093 3026 4147 saeculum
3063 4096 3210 4148 enim
3296 4113 3466 4162 nunc,

1875 4186 2144 4240 mundum
2173 4184 2508 4253 appellavit;
2558 4184 2697 4238 ﬁlios
2757 4194 2939 4240 autem
2968 4186 3108 4240 lucis
3153 4200 3312 4243 vocat
3375 4207 3468 4244 eos

1875 4280 1968 4350 qui
2025 4295 2084 4333 se
2125 4280 2270 4348 ipsos
2305 4294 2336 4330 a
2380 4276 2588 4330 mundo
2623 4287 3036 4344 separaverunt.
3094 4278 3160 4333 Et
3183 4281 3310 4335 dicit
3347 4282 3469 4336 illos

1877 4373 2259 4445 prudentiores
2283 4385 2408 4426 esse
2447 4371 2567 4424 istis
2600 4371 2654 4424 in
2687 4371 2789 4424 hoc
2829 4373 2966 4438 solo,
3009 4374 3154 4442 quod
3185 4375 3252 4428 dc
3284 4374 3470 4430 futuro

1878 4467 1983 4520 illis
2013 4480 2143 4518 cura
2191 4473 2295 4526 est,
2349 4462 2491 4516 sicut
2523 4462 2654 4516 dicti
2725 4462 3128 4532 dispensatoris
3158 4468 3466 4535 exetuplum

170 4540 341 4606 ἔδειξε
402 4543 463 4595 τὸ
527 4545 878 4616 παράδειγμα
962 4547 1054 4602 τοῦ
1117 4549 1378 4620 ῥηθέντος
1451 4554 1761 4625 οἰκονόμου.

1873 4554 2295 4613 demonstravit.
2325 4554 2660 4608 Exhortatur
2685 4563 2870 4609 autem
2907 4571 3090 4611 sermo
3125 4573 3242 4622 eos,
3274 4559 3364 4628 qui
3394 4561 3461 4613 de

181 4631 356 4701 Ὑπὲρ
374 4635 501 4696 τοὺς
519 4638 668 4699 υἱοὺς
690 4638 746 4689 δὲ
764 4638 858 4691 τοῦ
878 4642 1058 4709 φωτὸς
1089 4644 1217 4707 τοὺς
1244 4645 1325 4708 είς
1340 4645 1438 4718 τὴν
1455 4650 1650 4718 γενεὰν
1663 4653 1762 4721 τὴν

1875 4653 2065 4707 futuro
2107 4648 2451 4719 negligentes
2476 4657 2626 4702 sunt.

172 4727 410 4790 ἑαυτῶν,
455 4731 624 4799 ἤγουν
679 4732 806 4793 τοὺς
860 4735 923 4786 ὲκ
979 4735 1082 4804 τῆς
1138 4741 1331 4808 γενεᾶς
1390 4743 1492 4813 τῆς
1552 4745 1763 4801 ἑαυτῶν
1794 4751 1945 4812 υἱοὺς
1998 4743 2178 4816 φωτὸς
2226 4741 2573 4811 γενομένους.
2644 4741 2929 4812 Ἐντρέπει
2978 4743 3034 4796 δὲ
3079 4742 3108 4794 6
3150 4743 3310 4813 λόγος
3341 4747 3465 4810 τοὺς

169 4819 518 4889 ἀμελοῦντας
565 4822 659 4874 τοῦ
758 4826 1064 4895 μέλλοντος.

249 4912 426 4979 Κάγὼ
463 4913 609 4981 ὑμῖν
640 4944 707 4957 σ-
761 4917 832 4970 ἐκ
889 4919 996 4973 τοῦ
1041 4923 1297 4990 μαμωνᾶ
1359 4925 1472 4996 τῆς
1509 4930 1769 5000 ἀδικίας.

183 5007 460 5076 Μαμωνᾶ.
492 5008 602 5079 (89)
635 5012 732 5078 μὲν
752 5013 780 5064 6
806 5011 1036 5090 πλοῦτος
1054 5016 1272 5082 λέγεται
1291 5020 1424 5089 παρ’
1459 5020 1732 5093 Ἑϐραίοις
1757 5043 1771 5056 ·

186 5098 304 5166 Τῆς
343 5097 576 5167 ἀδικίας
610 5101 666 5153 δὲ
697 5103 883 5156 τοῦτον
914 5099 1089 5169 εἶπεν,
1120 5105 1195 5168 ὠς
1225 5108 1284 5172 ἐξ
1322 5110 1534 5176 ἀδικίας
1569 5115 1775 5184 θησαυ-

182 5192 443 5258 ρισῠέντα
472 5195 569 5264 τῆς
604 5198 665 5248 ὲκ
696 5198 791 5250 τοῦ
827 5201 902 5270 μὴ
957 5201 1376 5272 διαμερίζεσίιαι
1407 5206 1473 5257 τὰ
1529 5210 1766 5277 περιττὰ

177 5285 373 5337 τούτου
404 5290 518 5349 τοῖς
550 5289 798 5362 πένησιν.
858 5291 1031 5355 Ἐπεὶ,
1090 5299 1277 5363 φησὶν,
1334 5296 1464 5366 ἄχρι
1519 5297 1614 5350 τοῦ
1673 5298 1770 5352 νῦν

172 5378 364 5440 κακῶς
388 5379 802 5453 ᾠκονομήσατε,
824 5387 918 5436 καὶ
947 5386 1015 5438 τὰ
1044 5387 1535 5456 ὲμπιπιστευμένα
1570 5406 1768 5458 μαμω·

174 5473 274 5526 νᾶν
305 5473 527 5538 ἀδικίας
558 5478 955 5550 κατεστήσατε,
977 5478 1083 5532 κᾶν
1130 5479 1260 5548 γοῦν
1309 5479 1408 5549 ὀψέ
1446 5495 1574 5532 ποτε
1608 5481 1767 5550 ποιή-

1956 4925 2111 4981 Vers.
2147 4925 2199 4978 9.
2233 4919 2302 4978 Et
2364 4937 2456 4992 ego
2489 4920 2634 4974 vobis
2669 4949 2737 4958 —-
2793 4922 2855 4973 de
2907 4922 3088 4992 iniquo
3135 4940 3465 4979 mammona.

1877 5020 2184 5074 Hammona
2209 5016 2352 5085 apud
2379 5014 2635 5069 Hebraeos
2665 5013 2866 5067 divitia:
2900 5015 3172 5071 dicuntur.
3216 5019 3466 5087 Iniquum

1875 5128 2058 5175 autem
2089 5118 2250 5181 dixit,
2279 5118 2393 5170 sive
2429 5114 2762 5184 Iniqui—iratis.
2801 5115 2945 5183 qum]
2972 5130 3036 5167 ex
3066 5115 3351 5183 iniquitate
3380 5131 3464 5167 rc-

1873 5211 2172 5271 condatur,
2198 5224 2316 5278 qua:
2340 5211 2392 5260 in
2418 5207 2521 5260 hoc
2553 5220 2657 5269 est,
2682 5206 2806 5275 quia
2839 5205 3110 5275 superﬂua
3137 5206 3466 5274 panperibns

1874 5319 1984 5356 non
2015 5301 2358 5355 dividuntur.
2399 5298 2534 5353 Cum
2581 5314 2733 5368 ergo,
2774 5299 2970 5366 inquit,
3019 5298 3286 5351 hactenus
3322 5299 3463 5352 male

1879 5394 2354 5464 dispensaveritis,
2403 5402 2457 5446 et
2515 5385 2877 5446 'concrcditas
2938 5393 3096 5445 vobis
3160 5391 3464 5461 iniquitatis

1882 5489 2103 5540 divitias
2135 5485 2274 5540 male
2304 5485 2675 5555 expenderitis
2710 5504 2721 5539 :
2757 5487 2837 5540 vel
2872 5487 3091 5541 tandem
3125 5502 3249 5540 sero
3303 5485 3464 5539 facite

1379 5683 1573 5742 Varias
1619 5682 1928 5745 lectiones
1967 5693 2025 5747 et
2062 5694 2249 5748 noue.

244 5845 354 5916 (89)
393 5845 694 5900 llcntenins
720 5847 916 5916 duplici
953 5867 1035 5918 μμ
1066 5850 1256 5903 edidit.
1322 5852 1431 5920 ligo
1490 5850 1718 5922 simplici
1763 5853 1960 5923 reperi.

503 5945 772 6002 Parnm”
829 5947 945 5998 tiu.
988 5944 1253 6004 CXXlX.

3068 5945 3098 5980 ’τ

3065 5981 3097 6004 υ

3110 5946 3140 6005 3
