4070 6408
242 381 394 446 18ίὶ

1281 380 1671 443 COMMENT.
1721 383 1801 442 1N
1848 383 2129 446 LUCAM.
2173 410 2238 420 -
2276 387 2437 447 L‘AP.
2475 385 2628 448 XVI.

3408 387 3550 450 10$?

229 495 524 564 Λάζαρον,
559 491 987 563 ὑπολαμϐάνων,
1033 492 1118 546 ὅτι
1161 495 1494 564 μνησικακεῖ
1536 493 1705 565 αύτῷ·
1752 496 1832 548 rbi

1947 512 2134 552 zarutn
2153 496 2567 569 deprecabatur,
2586 500 2974 572 suspicabatur
2990 516 3248 571 namque,
3267 501 3412 571 quod
3433 517 3551 554 ma-

238 584 511 657 ’Λὸραάμ
540 585 597 638 δὲ
621 585 894 652 ἱκέτευσε,
920 584 1159 656 νομίζων
1189 585 1272 642 ὅτι
1294 588 1481 655 ἀγνοεῖ
1509 588 1578 643 τά
1607 586 1727 640 κατ’
1752 587 1850 641 αύ-

1953 589 2130 644 lorum
2159 590 2264 660 ipsi
2287 590 2645 654 indictorum,
2669 593 2937 650 adversus
2954 609 3014 649 so
3039 609 3248 648 memor
3266 601 3432 649 esset:
3455 591 3550 646 sed

224 679 354 734 τόν.
393 679 608 746 Ὠσπερ
657 678 713 732 δὲ
742 679 822 744 τῷ
871 678 1112 751 Λαζάρῳ
1149 679 1436 752 πρότερον,
1473 681 1531 733 ἐν
1576 680 1832 742 τοσούτοις

1950 682 2230 738 Abraham
2283 683 2559 748 obsecrat,
2606 686 2882 757 Opinatus,
2933 687 3081 756 quod
3136 686 3282 743 hunc
3331 685 3548 750 lateret,

218 772 354 836 ὄντι
407 773 601 833 κακοῖς
651 770 944 843 προσθήκη
985 773 1283 845 συμφορῶν
1311 768 1400 844 ἧν,
1433 773 1493 826 τὸ
1515 772 1736 844 βλέπειν
1756 773 1832 826 τδπ

1949 787 2071 843 qua:
2092 773 2236 829 circa
2263 789 2321 829 se
2334 774 2697 845 Contigerant.
2724 773 3194 843 Quemadmodum
3226 781 3408 828 autem
3439 770 3546 826 La-

220 860 502 914 πλούσιον
529 863 586 914 ἐν
618 863 898 926 τοσούτοις
929 862 1180 932 ἀγαθοῖς·
1209 863 1354 918 οὕτω
1395 864 1490 918 καὶ
1508 863 1587 935 τῷ
1605 863 1846 935 πλουσίῳ

224 952 334 1006 νῦν
398 954 457 1006 ἐν
479 954 760 1018 τοσούτοις
782 955 898 1008 ὄντι
952 955 1172 1020 δεινοῖς,
1223 955 1515 1027 προσθήκη
1561 955 1846 1026 τιμωριῶν

221 1045 379 1109 ἐστι,
411 1045 472 1098 τὸ
505 1046 726 1116 βλέπειν
753 1046 845 1102 τὸν
877 1047 1135 1118 Λάζαρον
1164 1051 1223 1103 ἐν
1256 1049 1540 1114 τοσούτοις
1584 1049 1840 1119 ἀγαθοῖς.

308 1224 464 1282 Eius
484 1259 554 1269 —
574 1229 894 1285 ὀδυνᾶσαι.
931 1231 1048 1286 Οὐκ
1066 1231 1318 1298 ὀνειδίζει
1347 1232 1526 1304 τούτῳ
1545 1231 1646 1303 τήν
1668 1233 1844 1286 ἀπαν-

218 1320 254 1371 θ
265 1319 512 1389 ρωπίαν,
558 1320 674 1373 ἀλλ’
705 1323 966 1386 ἐπιεικῶς
992 1323 1103 1395 (99)
1122 1324 1504 1396 ἀποκρίνεται·
1530 1325 1842 1394 γέγραπται

219 1415 367 1479 γάρ,
401 1414 482 1466 ὅτι
525 1414 740 1483 Ψυχὴν
789 1416 1316 1485 τεταπεινωμένην
1345 1415 1426 1489 (Ι)
1450 1415 1536 1486 μὴ
1575 1431 1839 1486 προστα-

222 1505 460 1572 ιςάξῃς·
499 1505 595 1560 καὶ
627 1507 818 1560 τέκνον
849 1508 1110 1578 ὀνομάζει
1141 1509 1358 1572 τοῦτον,
1381 1509 1457 1572 ὡς
1489 1508 1839 1579 πατριάρχης

228 1595 413 1648 αὑτοῦ
469 1596 564 1651 καὶ
589 1596 665 1661 ὠς
692 1598 1033 1670 πρεσϐύτης.
1063 1601 1179 1655 Οὐκ
1210 1595 1334 1654 εἶπε
1362 1602 1439 1668 δὲ,
1462 1601 1546 1655 δτι
1580 1600 1835 1666 Ἔλασες,

218 1688 348 1740 ἀλλ’
379 1689 459 1741 ὅτι
496 1689 798 1751 ’Δπέλαόες
832 1692 904 1746 τὰ
927 1692 1110 1761 ἀγαθά
1141 1711 1233 1747 σου
1264 1695 1324 1748 ἐν
1344 1696 1412 1766 τῇ
1439 1694 1557 1766 ζωῇ
1584 1711 1703 1760 σου,
1740 1693 1836 1747 καὶ

222 1781 488 1852 Λάζαρος
524 1783 728 1851 ὁμοίως
757 1784 826 1838 τὰ
856 1786 1023 1840 κακά.
1071 1785 1146 1840 T6
1171 1786 1277 1858 γὰρ
1306 1785 1716 1856 ἀπολαμϐάνειν
1743 1785 1836 1838 ἐπὶ

226 1871 350 1924 τῶν
378 1875 856 1945 χρεωστουμένων
878 1877 1165 1944 τάττεται,
1191 1878 1288 1931 καὶ
1315 1875 1576 1948 δηλοῦται
1615 1877 1833 1939 πάντως

218 1963 509 2031 ἐντεῦθεν,
542 1967 623 2022 ὅτι
656 1969 749 2022 καὶ
783 1969 812 2022 6
847 1969 1127 2033 πλούσιος,
1154 1971 1203 2023 εί
1239 1969 1337 2024 καὶ
1369 1968 1700 2041 ἁμαρτωλὸς
1740 1963 1831 2038 ἦν,

221 2057 389 2124 ὅμως
417 2052 532 2126 εἶχέ
568 2075 693 2112 τινα
725 2059 952 2132 ἀρετὴν,
995 2060 1138 2131 ὑπὲρ
1164 2056 1232 2133 ἧς
1247 2057 1491 2115 ἀπὲλασε
1523 2058 1634 2125 ζῶν
1662 2058 1743 2112 ἔτι
1764 2058 1833 2112 τά

218 2148 562 2219 ὀρειλόμενα
585 2150 789 2219 ἀγαθά·
823 2152 918 2206 καὶ
939 2154 968 2206 6
999 2152 1275 2222 Λάζαρος,
1303 2154 1353 2206 εί
1382 2153 1478 2207 καὶ
1505 2151 1714 2214 δίκαιος
1740 2146 1834 2222 ἦν,

218 2240 385 2306 ὅμως
412 2232 528 2308 εἶχέ
579 2256 702 2293 τινα
773 2240 999 2305 κακίαν,
1051 2241 1101 2294 δί
1130 2241 1198 2312 ἠν
1232 2241 1330 2294 καὶ⁵
1379 2240 1544 2302 αὐτὸς
1589 2239 1833 2294 άπέλαὸε

221 2331 258 2397 ζ
281 2333 342 2384 ἰν
394 2331 474 2385 ἔτι
531 2333 602 2386 τά
633 2331 968 2403 ὀφειλόμενα
1002 2331 1173 2385 κακά.
1214 2332 1337 2386 Τῶν
1377 2330 1685 2403 ἀνθρώπων
1725 2332 1834 2402 γάρ

220 2426 412 2490 οὐδεὶς
455 2426 687 2498 ἄμοιρος
715 2425 942 2494 ἀρετῆς,
969 2425 1080 2479 οὐδ’
1106 2427 1133 2479 6
1154 2424 1297 2478 πάνυ
1332 2425 1593 2495 πονηρός·
1619 2424 1711 2478 καὶ
1741 2424 1834 2476 ού-

217 2519 342 2580 δεὶς
392 2519 621 2589 ἄμοιρος
677 2516 896 2582 κακίας,
945 2516 1056 2570 οὐδ’
1089 2517 1119 2570 6
1165 2515 1309 2569 πάνυ
1340 2513 1567 2584 ἁγαθός.
1600 2513 1698 2567 Διὸ
1736 2513 1831 2566 καὶ

218 2609 657 2679 τελευτήσαντες
686 2607 956 2676 ἀπῆλθον,
982 2606 1010 2660 6
1041 2606 1140 2677 μὲν
1169 2605 1412 2677 ἄκρατον
1441 2605 1581 2676 ἔχων
1602 2605 1700 2676 τὴν
1729 2621 1830 2658 κα·

222 2700 377 2753 κίαν·
416 2702 444 2753 ὁ
465 2701 522 2753 δέ
550 2700 790 2756 ἄκρατον
815 2698 1158 2770 κεκτημένος
1188 2699 1288 2770 τὴν
1319 2699 1542 2768 ἀρετήν.

297 2792 409 2848 Kal
429 2793 528 2847 ἐπὶ
557 2823 628 2834 --
649 2792 1004 2862 διαπερῶσι.
1031 2793 1236 2863 Χάσμα
1266 2792 1409 2863 μέγα
1433 2790 1610 2860 λέγει,
1626 2791 1685 2850 τὸ
1706 2792 1830 2846 ἀνε-

221 2886 553 2959 πιχείρητον
600 2887 939 2960 πρόσταγμα
973 2886 1069 2940 τοῦ
1105 2885 1266 2940 Θεοῦ⁸
1317 2885 1392 2949 ὡς
1423 2885 1580 2955 δίκην
1611 2884 1830 2955 χάσμα-

219 2995 316 3042 τος
351 2978 578 3032 κωλύων
603 2979 703 3050 τὴν
725 2979 1012 3048 ἐπιμιξίαν
1034 2980 1242 3033 τούτων
1265 2976 1560 3034 κάκείνων.

297 3156 450 3218 Eine
475 3193 548 3204 —
575 3163 780 3233 πάτερ.
821 3164 1134 3235 Παρακαλῶ
1177 3181 1257 3219 σε.

297 3349 430 3403 Ἵνα
475 3378 546 3392 --
589 3347 898 3414 βασάνου.
941 3349 1256 3419 Ἀποτυχὼν
1292 3349 1389 3419 τῆς
1437 3349 1580 3421 ύπέρ
1633 3346 1827 3402 ἐαυτ,ὖ

209 3440 490 3511 δεήσεως,
520 3439 662 3510 ὑπὲρ
691 3439 801 3494 τῶν
833 3439 1081 3509 ἀδελφῶν
1106 3440 1368 3505 δυσωπεῖ,
1411 3441 1716 3511 ἐμφαίνων,
1747 3439 1830 3493 ὅτι

223 3533 420 3603 ῶσπερ
449 3533 613 3597 αὐτὸς
632 3532 740 3604 πρὸ
759 3532 854 3588 τοῦ
885 3533 1208 3599 ἀποθανεῖν,
1249 3533 1392 3587 οὕτω
1415 3536 1510 3587 καὶ
1543 3533 1700 3587 αὐτοὶ
1729 3533 1830 3604 λῆ-

229 3645 322 3697 ρον
352 3625 614 3697 ἡγοῦνται
651 3625 754 3690 τὰς
777 3627 836 3680 ἐν
863 3628 983 3690 ταῖς
1013 3627 1264 3696 Γραφαίς
1303 3625 1537 3689 ἀπειλὰς
1580 3625 1688 3678 τῶν
1735 3625 1828 3679 τοῦ

230 3719 528 3786 μέλλοντος
566 3718 764 3782 αἰῶνος
827 3718 1126 3783 κολάσεων,
1168 3719 1262 3772 καὶ
1299 3717 1388 3771 διὰ
1428 3717 1608 3781 τοῦτο,
1661 3717 1830 3789 μόνην

227 3816 329 3884 τὴν
361 3811 675 3882 φιληδονίαν
710 3810 1132 3881 μεταδιώκουσι.

303 3904 478 3974 Λέγει
501 3933 571 3944 --
602 3902 937 3974 προφήτας.
966 3904 1080 3968 Τάς
1144 3904 1450 3967 Μωσαῖκας
1482 3901 1698 3973 βίϐλους
1736 3904 1830 3956 καὶ

230 4001 329 4062 τὰς
367 3999 738 4070 προφητικάς.
763 3997 840 4052 Οὐ
869 3997 980 4069 γάρ
1000 3995 1147 4052 οὕτω
1170 3997 1236 4051 σὺ
1266 3997 1408 4071 κήδῃ
1425 3995 1534 4051 τῶν
1560 3995 1825 4065 ἀδελφῶν,

233 4092 310 4154 ὡς
365 4092 392 4144 6
423 4091 658 4160 ποιήσας
692 4090 890 4154 αὐτοὺς
921 4090 1080 4157 Θεὸς,
1115 4089 1176 4154 δς
1195 4091 1293 4144 καὶ
1337 4087 1565 4162 μυρίους
1599 4088 1833 4158 ἐπέστη-

231 4199 325 4235 σεν
356 4181 542 4246 αὐτοῖς
564 4181 943 4248 διδασκάλους.

333 4272 804 4329 ’Δκουσάτωσιιν
873 4271 1095 4332 αὐτῶν.
1169 4272 1617 4343 ’Υποτιθεμένων
1697 4269 1815 4341 βίον

231 4367 516 4436 ἐ·.άρετον.

316 4460 370 4512 Ὁ
409 4459 478 4513 δὲ
504 4488 577 4500 --
613 4460 892 4530 Ἀϐραάμ.
937 4460 1052 4514 Οὐκ
1074 4459 1366 4513 ἀκούουσιν
1405 4460 1586 4514 αὐτῶν

1949 880 2100 930 zaro,
2143 881 2270 921 cum
2307 866 2362 920 in
2412 873 2493 921 tot
2544 867 2704 923 malis
2735 867 2962 938 positus
2992 863 3548 930 esset,calamitatutn

1944 967 2064 1013 erat
2101 968 2454 1030 augmentum
2488 959 2688 1014 intueri
2734 958 2960 1015 divitem
2994 961 3049 1014 in
3089 967 3169 1013 tot
3200 957 3360 1012 bonis
3402 973 3417 1010 :
3471 955 3546 1010 ita

1945 1065 2094 1104 nunc
2127 1050 2308 1118 diviti,
2354 1050 2409 1105 in
2444 1051 2611 1106 tantis
2641 1051 2862 1122 degenti
2898 1050 3136 1106 miseriis
3167 1047 3373 1104 additio
3423 1060 3552 1116 sup-

1947 1138 2234 1212 pliciorum
2269 1151 2374 1207 est,
2398 1143 2586 1199 videre
2617 1142 2888 1198 Lazarum
2916 1143 2970 1198 in
2993 1143 3161 1197 tantis
3186 1141 3365 1196 bonis.

2017 1235 2170 1289 Vcrs.
2206 1235 2296 1290 95.
2331 1234 2862 1290 Dixit—cruciaris.
2919 1233 3383 1289 Inhumanitatcm
3424 1234 3550 1290 huic

1942 1341 2053 1380 non
2089 1327 2444 1398 improperat,
2473 1327 2567 1382 sed
2593 1336 2880 1384 mansuete
2903 1326 3223 1397 respondet.
3265 1325 3546 1392 Scriptum

1942 1419 2186 1475 esteuim
2205 1439 2218 1473 :
2237 1418 2485 1473 Animam
2503 1420 2842 1474 humiliatam
2860 1436 2924 1474 ne
2939 1418 3296 1473 turbaveris".
3325 1417 3387 1470 Et
3407 1417 3548 1471 hunc

1941 1511 2196 1567 nominat
2230 1511 2421 1576 tilium,
2480 1522 2671 1582 utpote
2721 1512 3056 1583 patriarcha,
3101 1527 3200 1566 seu
3235 1511 3547 1580 progenitor

1941 1601 2134 1671 ipsius,
2155 1610 2210 1656 et
2228 1609 2484 1673 tanquam
2521 1617 2712 1658 senex.
2756 1602 2873 1658 Non
2917 1600 3056 1656 dixit
3092 1610 3274 1655 autem
3316 1619 3329 1654 :
3379 1599 3546 1655 Acce-

1937 1693 2065 1764 pisti
2107 1694 2252 1750 bona
2287 1703 2399 1759 tua,
2426 1696 2521 1750 sed
2555 1693 2856 1765 Recepisti.
2883 1692 3018 1748 Nam
3077 1693 3322 1763 recipere
3369 1697 3454 1749 ob"
3481 1707 3544 1746 ea

1939 1781 2180 1851 ponitur.
2205 1799 2326 1852 qua:
2353 1783 2650 1842 debentur:
2689 1793 2746 1839 et
2777 1784 2908 1839 hinc
2937 1783 3166 1840 omnino
3198 1780 3545 1854 signiﬁcatur

1941 1873 2087 1944 quod
2144 1882 2201 1930 et
2257 1874 2410 1930 dives
2467 1889 2778 1946 quanquam
2807 1883 3063 1946 peccator
3114 1883 3255 1940 erat,
3303 1873 3542 1942 aliquam

1943 1974 2126 2020 tamen
2157 1966 2397 2022 habebat
2428 1967 2714 2031 virtutem,
2747 1981 2848 2037 pro
2873 1983 2979 2038 qua
3022 1967 3166 2021 bona
3195 1965 3380 2021 debita
3442 1962 3542 2019 ad-

1944 2059 2050 2114 huc
2067 2060 2260 2115 vivens
2289 2069 2594 2131 receperat;
2621 2070 2678 2116 et
2699 2059 2964 2125 Lazarus,
3003 2073 3319 2128 quanquam
3357 2057 3544 2128 justus

1941 2159 2080 2218 erat,
2109 2150 2328 2221 aliquod
2372 2159 2556 2205 tamen
2584 2151 2779 2206 vitium
2817 2149 3076 2214 habebat,
3114 2156 3344 2220 propter
3394 2146 3540 2216 quod

1940 2244 2120 2300 adhuc
2141 2229 2330 2299 vivens
2348 2242 2531 2300 debita
2549 2243 2692 2298 mala
2718 2252 3028 2313 receperat.
3050 2242 3334 2312 Siquidem
3356 2240 3542 2295 nullus

1941 2333 2228 2391 hominum
2256 2350 2453 2406 expers
2489 2343 2576 2390 est
2624 2333 2868 2401 virtutis,
2914 2342 3009 2389 aut
3052 2333 3279 2390 omnino
3313 2331 3488 2388 malus
3520 2348 3537 2386 :

1939 2428 2232 2498 nullusque
2258 2443 2453 2498 expers
2479 2435 2563 2482 est
2593 2427 2849 2492 vitii,aaut
2876 2426 3102 2482 omnino
3135 2426 3342 2489 bonus;
3381 2425 3536 2480 ideo-

1937 2533 2045 2590 que
2099 2519 2212 2589 jam
2243 2519 2550 2574 morientes
2597 2518 3000 2582 discesserunt,
3036 2516 3128 2571 ille
3173 2515 3396 2587 quidem
3427 2529 3542 2570 me-

1938 2627 2055 2666 ram
2090 2611 2303 2667 habens
2357 2611 2650 2678 malitiam,
2694 2611 2786 2666 hic
2841 2617 3025 2666 autem
3075 2622 3270 2680 puram
3331 2607 3540 2662 habens

1940 2705 2222 2760 virtutem.

2008 2795 2162 2852 Vers.
2205 2795 2295 2851 26.
2331 2796 2400 2851 Et
2461 2812 2620 2866 super
2651 2824 2716 2837 -—
2746 2799 3138 2848 transcendere.
3174 2791 3395 2847 Hiatum
3426 2806 3539 2846 ma-

1935 2903 2101 2959 gnum
2120 2887 2276 2954 dicit,
2301 2887 2675 2943 ﬁrmissimum
2695 2886 2788 2941 Dei
2813 2896 3170 2956 praeceptum,
3190 2895 3446 2954 tanquam
3467 2883 3536 2938 ad

1934 2979 2155 3034 modum
2175 2977 2358 3033 hiatus
2382 2977 2682 3050 prohibens
2712 2977 2910 3032 horum
2965 2985 3022 3030 et
3047 2975 3263 3030 illorum
3296 2976 3534 3029 commi-

1935 3071 2192 3126 suonenn

1851 3195 1898 3258 ρ
2005 3162 2161 3219 Vers.
2193 3162 2283 3217 27.
2316 3162 2404 3216 Ait
2437 3191 2508 3203 —-
2547 3172 2723 3232 pater.
2749 3159 2925 3216 Etiam
2963 3161 3049 3217 hic
3074 3159 3298 3230 ponitur
3320 3159 3532 3230 ἐρωτῶ,

1938 3271 2038 3328 pro
2053 3255 2315 3312 Obsecro.

2010 3349 2163 3407 Vers.
2194 3349 2286 3404 ‘27.
2317 3347 2382 3404 Ut
2406 3378 2470 3389 —
2499 3349 2656 3405 Vers.
2681 3345 2777 3401 28.
2817 3344 3202 3400 Cruciatua.—
3235 3343 3531 3414 ltepulsam

1938 3457 2131 3514 passus
2158 3442 2213 3496 in
2241 3456 2326 3506 eo,
2357 3439 2501 3511 quod
2525 3455 2622 3508 pro
2646 3454 2705 3494 se
2737 3438 2950 3501 orabat,
2995 3453 3093 3508 pro
3111 3436 3376 3492 fratribus
3400 3451 3530 3505 sup-

1936 3535 2122 3604 plicat,
2149 3534 2442 3590 insinuans
2472 3533 2620 3603 quod
2664 3531 2810 3587 sicut
2869 3531 2989 3602 ipse
3013 3538 3143 3585 ante
3169 3539 3427 3595 mortem,
3454 3527 3530 3582 ita

1938 3637 1992 3684 et
2024 3628 2102 3684 illi
2131 3643 2233 3699 pro
2256 3625 2456 3683 fabulis
2502 3625 2714 3682 ducunt
2749 3623 2951 3690 minas,
2985 3637 3108 3693 quae
3135 3621 3192 3677 in
3227 3619 3530 3690 Scripturis

1939 3722 2212 3778 habentur
2229 3721 2296 3777 de
2313 3718 2481 3775 l'uturi
2501 3717 2684 3774 saeculi
2705 3713 3015 3787 suppliciis,
3042 3725 3098 3770 et
3118 3722 3412 3785 propterea
3440 3726 3530 3766 so~

1938 3817 2044 3870 lam
2077 3813 2462 3884 voluptuosam
2497 3811 2663 3866 vitam
2695 3810 3081 3880 insequuntur.

2009 3907 2165 3964 Vere.
2203 3907 2295 3964 29.
2319 3906 2456 3961 Dicit
2482 3934 2556 3946 —
2587 3905 2894 3975 prophetas.
2945 3900 3216 3956 Mosaicos
3249 3899 3419 3955 libros
3462 3914 3527 3954 ac

1939 3997 2272 4072 prophetias:
2308 4011 2489 4067 neque
2512 3996 2659 4051 enim
2695 3994 2768 4049 ita
2806 3993 2907 4048 tibi
2953 4008 3101 4048 cura:
3154 4001 3285 4047 sunt
3308 3991 3529 4055 fratres,

1939 4105 1997 4150 ut
2019 4094 2152 4156 Deo,
2181 4092 2274 4163 qui
2301 4090 2430 4146 fecit
2456 4088 2600 4154 illos,
2617 4098 2672 4144 et
2709 4095 2999 4142 sexcentos
3020 4085 3100 4141 eis
3122 4083 3371 4141 adhibuit
3393 4099 3532 4155 pras-

1938 4191 2209 4253 ceptores.

2011 4277 2166 4334 Vers.
2194 4275 2284 4330 29.
2323 4272 2560 4327 Audiam
2588 4270 2728 4324 illos.
2765 4299 2836 4310 ——
2869 4267 3007 4323 Cum
3046 4266 3214 4322 vitam
3261 4264 3532 4321 suadeant

1939 4369 2124 4426 virtuti
2158 4368 2520 4423 conformem.

2007 4457 2168 4513 Vers.
2209 4456 2300 4512 50.
2333 4456 2401 4508 At
2430 4453 2590 4508 ille—
2614 4451 2914 4508 Abraham.
2954 4447 3076 4503 Non
3109 4447 3340 4506 audiunt
3384 4449 3528 4503 illos.

317 4552 482 4607 Ἀλλ’
520 4579 587 4592 -
615 4553 1096 4622 μετανοήσουσι.
1130 4553 1264 4616 Ταῖς
1295 4551 1504 4624 βίϐλοις
1562 4552 1663 4622 μὲν
1697 4551 1825 4606 άπι-

2006 4552 2158 4609 Vers.
2183 4552 2274 4605 30.
2309 4547 2413 4604 Sed
2439 4577 2508 4589 -
2539 4544 2849 4614 resipiscent
2918 4540 3100 4596 Libris
3131 4541 3350 4611 quidem
3413 4557 3530 4596 non

237 4648 474 4710 στοῦσιν,
514 4645 590 4710 ὡς
621 4647 776 4715 παρὰ
807 4645 1029 4712 ζώντων
1059 4645 1417 4717 γραφείσαις,
1464 4646 1632 4716 μήπω
1681 4644 1824 4697 θεα-

1927 4646 2130 4702 babent
2165 4643 2350 4707 fidem,
2385 4648 2576 4710 utpote
2607 4636 2830 4707 scriptis
2888 4636 2956 4690 ah
3012 4635 3096 4688 his
3120 4632 3211 4704 qui
3244 4632 3527 4694 vivebant.

237 4739 488 4808 σαμένων
516 4741 584 4794 τὰ
613 4739 708 4792 τοῦ
744 4739 1041 4811 μέλλοντος
1083 4739 1286 4803 αἰῶνος
1312 4757 1325 4770 ·
1379 4739 1476 4794 ἐάν
1506 4757 1590 4802 τις
1625 4738 1681 4792 δὲ
1713 4738 1825 4792 άπὸ

1940 4748 1980 4793 et
2004 4737 2239 4791 necdum
2263 4749 2326 4788 ea
2355 4733 2621 4796 viderant,
2643 4743 2765 4800 qua:
2791 4727 2846 4781 in
2869 4725 3055 4780 futuro
3075 4735 3205 4782 sunt
3230 4724 3459 4780 saaculo:
3485 4727 3528 4780 si

237 4831 450 4900 νεκρῶν
495 4831 739 4903 πορευθῇ
783 4833 922 4904 πρὸς
989 4833 1217 4898 αὐτοὺς,
1277 4832 1692 4897 πιστεύσουσιν,
1749 4831 1825 4893 ὼς

240 4924 398 4977 ἰδόντι
424 4924 626 4978 πάντα.

307 5012 453 5070 Eius
509 5043 581 5056 -ν-
624 5015 1084 5083 πεισθήσονται.
1141 5019 1248 5070 Καὶ
1293 5018 1343 5070 οί
1405 5018 1651 5071 Ἰουδαῖοι
1687 5020 1821 5088 γὰρ,

238 5108 428 5179 ἐπειδὴ
457 5109 738 5172 Μωῦσέως
781 5108 879 5162 καὶ
937 5109 1044 5163 τῶν
1104 5109 1405 5181 προφητῶν
1453 5110 1554 5164 ούκ
1598 5111 1819 5182 ἢκουον,

237 5200 359 5253 ούδέ
397 5203 509 5264 τοῖς
541 5204 606 5254 ἐκ
656 5201 870 5272 νεκρῶν
905 5203 1206 5258 ἀναστάσιν
1261 5202 1637 5273 ἐπείσθησαν,
1686 5204 1824 5256 ἀλλὰ

240 5285 448 5340 καὶτὸν
487 5287 719 5356 ἀδελφὺν
776 5289 1010 5360 Μάρθας
1055 5292 1151 5344 καὶ
1174 5292 1396 5365 Μαρίας
1450 5293 1729 5365 Λάζαρον,
1761 5295 1822 5346 ἐκ

348 5472 392 5503 ὀ
455 5470 621 5528 Eecli.
679 5488 753 5534 tv,
794 5472 847 5528 3.

1926 4828 2245 4898 quisautem
2287 4841 2353 4878 ex
2409 4821 2639 4878 mortuis
2666 4819 2792 4875 ierit
2828 4818 2896 4874 ad
2933 4817 3081 4881 illos,
3121 4816 3371 4882 credent,
3399 4826 3530 4872 tan-

1928 4939 2088 4993 quam
2113 4921 2185 4986 ei,
2227 4918 2319 4988 qui
2349 4915 2546 4974 viderit
2580 4914 2855 4969 universa.

2008 5013 2162 5068 Vers.
2210 5013 2298 5066 51.
2329 5009 2758 5063 Ait—credent.
2813 5002 3095 5074 Siquidem
3149 5000 3345 5062 Judaei,
3403 5002 3528 5072 quia

1933 5105 2136 5161 Mosetu
2162 5115 2218 5159 et
2252 5102 2543 5175 prophetas
2567 5116 2676 5155 non
2718 5097 3034 5165 audiebam,
3065 5110 3240 5164 neque
3283 5096 3347 5149 iis
3372 5095 3464 5165 qui
3500 5112 3529 5148 a

1933 5199 2162 5254 mortuis
2193 5205 2626 5262 resurrexerant,
2651 5192 2968 5249 credebant:
2998 5191 3128 5260 quin
3155 5200 3210 5245 et
3239 5188 3526 5252 Lazarum,

1933 5293 2154 5348 Martha:
2178 5300 2232 5346 et
2256 5289 2437 5346 Mariae
2462 5288 2712 5354 fratrem,
2735 5285 2828 5358 qui
2859 5300 2888 5340 a
2923 5283 3155 5339 mortuis
3187 5291 3526 5344 surrexerat,

1381 5545 1581 5605 Variis
1631 5543 1936 5606 lectiones
1971 5551 2025 5604 et
2072 5549 2257 5603 nota).

311 5711 451 5784 (99)_
479 5710 919 5784 ’Λμποκρύπτεται
956 5713 1018 5784 Β.

318 5779 393 5852 (1)
532 5781 568 5833 l.
608 5779 806 5850 legitur
853 5783 1081 5856 καρδίαν
1144 5785 1629 5856 πσρωργισμένην.
1671 5783 1824 5839 lluuc

243 5851 416 5924 ipsum
445 5853 626 5908 locum
672 5862 911 5910 tractans
943 5851 1180 5913 Joannes
1227 5851 1582 5926 ‘Xiphilinus
1613 5855 1810 5911 eodem

1937 5712 2334 5837 modoqlémdat.
2363 5709 2499 5767 Vide
2528 5709 2829 5765 editionem
2857 5719 3101 5765 nostram
3138 5705 3523 5777 llosqucnscnt

1937 5800 2054 5837 ωε.
2101 5823 2129 5836 ..
2173 5823 2186 5837 .

1933 5800 2054 5854 pag.
2097 5800 2186 5837 "..'U.
