4070 6418
214 395 362 462 10·ίὸ

1156 396 1543 457 (ῘΟΜΜΕΝΓ.
1591 395 1672 454 ΙΝ
1717 394 1995 456 LUCAM.
2043 416 2105 425 ·-
2149 391 2303 450 ΟΜ).
2350 390 2534 450 XVII.

3360 390 3495 454 lﬁ'iﬁ

293 513 387 573 Τίς
433 539 494 550 -
524 510 968 578 πεποιήκαμεν.
1020 508 1119 560 Διὰ
1153 509 1260 560 τῶν
1303 508 1688 580 προλαϐόντων
1737 507 1817 558 λό-

1993 505 2147 559 Vers.
2209 503 2261 556 7.
2323 502 2451 568 Quis
2478 535 2547 543 —
2583 503 2732 558 Vers.
2784 501 2867 557 10.
2904 501 3169 557 Fecimus.
3209 502 3497 575 l’ostquam

211 620 332 672 γων
381 605 466 665 είς
493 601 870 671 άγαΟοεργίαν
895 602 973 673 (5)
1009 588 1337 670 παραθήξας
1367 602 1492 662 τοὺς
1529 599 1804 668 μαθητὰς,

209 694 316 748 νῦν
342 694 433 748 διὰ
463 694 558 747 τοῦ
590 693 1036 764 παραδείγματος
1072 695 1266 746 τούτου
1301 695 1558 762 κατασπᾷ
1582 692 1640 745 τὸ
1669 708 1809 761 παρ-

209 789 489 856 επόμενον
547 785 723 857 ταύτῃ
775 786 949 848 πάθος
1006 787 1108 853 τῆς
1187 786 1442 855 οἰήσεως.
1503 783 1804 845 διδάσκων,

209 879 545 951 ὃτι,ὦσπερ
607 879 785 941 οὐδεὶς
835 879 928 932 τὸν
983 876 1398 948 άροτριῶνταῆ
1451 875 1809 944 ποιμαίνοντα

207 971 404 1025 δοῦλον
431 973 619 1038 αὐτοῦ,
656 972 749 1025 καὶ
780 970 840 1035 ἐξ
870 969 1044 1041 ἀγροῦ
1077 969 1410 1030 εἰσελθόντα,
1444 969 1613 1036 τιμῆς
1640 967 1808 1031 ἀξιοῖ,

206 1063 304 1116 διὰ
334 1063 428 1116 τὸν
468 1063 710 1117 τοιοῦτον
742 1063 933 1124 κόπον,
985 1061 1122 1114 ἀλλά
1157 1060 1318 1113 πάλιν
1367 1059 1674 1120 ἐπιτάττει,
1711 1057 1809 1109 καὶ

206 1156 316 1226 τὴν
376 1155 884 1226 προσοφειλομένην
933 1155 1162 1208 άπαιτεῖ
1219 1153 1491 1217 δουλείαν,
1548 1153 1642 1204 καὶ
1697 1151 1807 1206 οὐδ’

206 1245 392 1309 οὕτως
422 1248 573 1312 αὐτῷ
606 1249 765 1319 χάριν
800 1248 937 1319 ἔχει·
996 1250 1089 1300 τὸν
1129 1248 1295 1300 αὑτὸν
1324 1247 1434 1318 ἄρα
1480 1246 1684 1316 τρόπον
1716 1247 1810 1299 καὶ

207 1342 238 1392 ὁ
271 1341 427 1405 Θεός.
466 1343 632 1394 Ὥστε
671 1343 814 1395 κατὰ
837 1345 932 1395 τδν
956 1341 1055 1394 τοῦ
1089 1339 1302 1395 δικαίου
1329 1339 1511 1409 λόγον,
1544 1343 1659 1402 τοῖς
1708 1339 1809 1410 μὲν

214 1434 295 1503 μὴ
325 1434 598 1504 πληροῦσι
622 1435 690 1488 τὰ
722 1435 1179 1505 προστεταγμένα
1205 1433 1456 1496 κίνδυνος
1488 1433 1806 1486 ἀπόκειται’

209 1527 334 1589 τοῖς
367 1526 423 1578 δὲ
480 1526 788 1596 πληροῦσιν
838 1525 1020 1591 αὐτὰ,
1074 1526 1238 1596 χάρις
1271 1525 1525 1594 οὐδεμία.
1587 1525 1697 1576 Καὶ
1748 1524 1810 1576 οὐ

213 1619 324 1685 χρὴ
357 1617 446 1669 διὰ
473 1617 632 1671 τοῦτο
683 1619 826 1688 μέγα
862 1621 1108 1689 φρονεῖν,
1167 1619 1306 1684 ὅπερ
1359 1617 1544 1679 καλῶς
1579 1615 1736 1679 εἰδὼς
1783 1616 1812 1667 ὁ

213 1705 519 1767 απόστολος
545 1707 976 1775 Παῦλος-ἔλεγεν
997 1709 1102 1774 ὅτι,
1150 1708 1294 1760 Ἐὰν
1321 1705 1809 1776 εὐαγγελίζωμαι,

210 1799 333 1851 οὐκ
384 1799 520 1853 ἔστι
589 1817 689 1868 μοι
741 1800 1058 1870 καύχημα*
1095 1800 1332 1869 ἀνάγκη
1376 1799 1485 1869 γάρ
1529 1817 1632 1870 μοι
1681 1800 1811 1854 ἐπί-

1919 596 2358 668 praecedentibus
2415 595 2764 650 sermonibus
2810 597 2877 649 ad
2940 595 3068 650 boui
3122 596 3498 665 operationem

1918 687 2216 758 discipulos
2241 688 2457 741 exacuit
2486 704 2498 740 :
2547 686 2651 741 hoc
2683 702 2834 741 nunc
2871 686 3146 755 exemplo,
3187 687 3502 756 iactationis

1917 779 2197 843 allectum,
2255 781 2347 850 qui
2391 781 2531 836 hanc
2580 781 2959 850 consequitur,
3010 780 3220 842 avellit,
3272 779 3500 844 docens,

1917 872 2062 941 quod
2107 873 2249 928 sicut
2295 873 2479 928 nullus
2513 888 2732 928 servum
2779 887 2939 927 suum
2983 882 3230 926 arantem
3271 883 3367 926 aut
3409 891 3506 944 pa-

1917 974 2184 1028 scentem,
2210 975 2265 1021 et
2283 981 2346 1020 ex
2371 981 2502 1036 agro
2529 967 2749 1020 domum
2779 974 3171 1026 revertentem.
3207 968 3416 1022 honore
3430 967 3509 1021 di-

1919 1072 2084 1126 gnum
2127 1057 2279 1111 ducit
2332 1058 2402 1112 ob
2459 1057 2772 1126 huiusmodi
2834 1057 3103 1120 laborem,
3142 1058 3238 1113 sed
3285 1074 3503 1114 rursum

1913 1149 2090 1219 jubet,
2125 1163 2188 1202 ac
2230 1149 2468 1203 debitam
2507 1149 2689 1202 adhuc
2727 1148 2897 1217 exigit
2942 1149 3288 1215 servitutem,
3319 1160 3508 1204 etnec

1920 1240 1999 1293 sie
2043 1240 2117 1292 illi
2153 1240 2383 1310 gratiam
2407 1239 2610 1306 habet;
2643 1239 2713 1293 ad
2773 1239 3032 1294 eumdem
3081 1255 3215 1294 sane
3282 1242 3505 1296 modum

1921 1339 1977 1383 et
2018 1327 2182 1384 Deus.
2249 1330 2437 1400 Itaque
2476 1331 2779 1386 secundum
2808 1330 3041 1401 iustitiae
3080 1347 3392 1387 sermonem
3426 1335 3508 1388 bis

1919 1422 2010 1492 qui
2045 1431 2320 1492 praecepta
2347 1439 2458 1477 non
2506 1423 2831 1493 adimpleut,
2875 1423 3184 1494 periculum
3218 1425 3505 1479 imminet:

1921 1514 2038 1584 ipsa
2078 1530 2210 1570 vero
2241 1516 2613 1586 implentibus,
2644 1517 2816 1587 gratia
2865 1517 3034 1582 nulla,
3066 1533 3170 1572 nec
3210 1528 3508 1589 propterea

1921 1607 2108 1662 extolli
2155 1615 2396 1679 Oportet.
2427 1607 2584 1674 Quod
2615 1608 2756 1664 bene
2786 1607 2970 1663 sciens
2996 1607 3199 1663 Paulus
3230 1609 3513 1678 apostolus

1923 1691 2141 1749 dicebat
2167 1710 2182 1748 :
2214 1693 2275 1750 Si
2303 1695 2658 1766 Euangelium
2692 1698 2942 1764 pra’dico,
2970 1714 3071 1751 non
3101 1707 3200 1761 est,
3228 1701 3366 1773 quod
3391 1701 3512 1752 inde

1921 1786 2158 1857 glorier;
2235 1789 2517 1843 necessitas
2571 1790 2835 1856 siquidem
2890 1791 3021 1844 mihi
3082 1791 3384 1844 incumbit!
3434 1807 3513 1846 me

215 1903 409 1942 κειται
435 1904 449 1918 ·
481 1888 617 1942 οὐαὶ
655 1888 770 1958 γάρ
819 1907 918 1959 μοι
971 1890 1166 1955 ἐστιν,
1199 1891 1310 1945 ἐὰν
1355 1891 1444 1959 μὴ
1504 1892 1816 1960 εὐαγγελί-

1930 1881 2061 1931 enlm
2101 1878 2230 1932 mihi
2263 1887 2360 1945 est,
2398 1881 2446 1933 si
2496 1879 2849 1952 Evangelium
2901 1898 3005 1935 non
3038 1883 3398 1951 pradicavcro
3427 1883 3510 1933 ’δε

211 1979 416 2048 Ceyca.
479 1981 629 2051 Πλὴν
663 1983 870 2052 ἀγαθὸς
906 1981 982 2036 ὣν
1034 1985 1063 2036 ό
1098 1983 1252 2048 Θεὸς,
1303 1984 1397 2036 καὶ
1436 1986 1547 2046 τοῖς
1581 1983 1816 2050 δούλοις,

211 2073 294 2133 ὡς
323 2072 584 2141 μισθίοις,
614 2075 1013 2144 προσφέρεται,
1040 2075 1136 2128 καὶ
1173 2076 1275 2146 τήν
1325 2075 1576 2128 δουλείαν
1628 2076 1814 2129 αὐτῶν

218 2163 403 2234 μισθῷ
435 2163 752 2233 ἀμείϐεται,
782 2165 880 2219 καὶ
916 2164 1017 2236 τὴν
1047 2165 1410 2238 ὀφειλομένην
1436 2168 1722 2238 λατρείαν,
1741 2167 1817 2231 ὡς

217 2255 561 2327 κατόρθωμα
584 2256 826 2328 δέχεται,
862 2258 960 2312 καὶ
988 2261 1128 2330 γέρα
1165 2260 1382 2312 δίδωσιν
1413 2260 1818 2331 ὑπερϐαίνοντα

210 2345 349 2409 τοὺς
404 2348 711 2420 καμάτους.
777 2349 929 2421 Νικᾷ
983 2349 1092 2421 γὰρ
1134 2353 1168 2422 ὴ
1218 2351 1495 2422 άγαθότης
1529 2351 1698 2405 αὐτοῦ
1756 2351 1820 2405 τὸ

211 2437 453 2500 δίκαιον.

473 2554 634 2610 ΚΕΦ.
669 2554 727 2610 Ξ⁴
753 2595 766 2611 .
794 2555 938 2625 Περὶ
970 2555 1090 2612 τῶν
1122 2557 1270 2612 δέκα
1307 2557 1566 2628 λεπρῶν.
1623 2605 1626 2608 .

295 2644 409 2698 Καί
439 2645 680 2715 ἐγένετο
708 2677 782 2689 -
826 2648 1042 2716 λεπροὶ
1083 2648 1321 2718 ἄνδρες.
1370 2651 1436 2702 Ol
1480 2649 1638 2702 ὲννὲα
1691 2649 1817 2721 μὲν,

229 2737 487 2792 ’Σουδαῖοι
510 2735 673 2810 ἦσαν’
707 2740 736 2792 ὀ
761 2740 817 2794 δὲ
840 2736 922 2804 εἷς
947 2741 1324 2813 Σαμαρείτης.
1367 2742 1433 2796 Ἠ
1470 2744 1730 2797 κοινωνία
1759 2742 1819 2797 δι

216 2819 320 2899 τῆς
353 2831 510 2885 νόσου
547 2833 668 2886 τότε
700 2833 1060 2905 συνήθροισεν
1092 2836 1315 2900 αὐτοὺς,
1349 2835 1818 2901 άκούσαντας,ὃτι

213 2919 499 2990 διέρχεται
524 2924 553 2976 ὀ
583 2923 842 2993 Χριστός.

295 3009 367 3063 Οτ
400 3011 681 3080 ἔστησαν
707 3014 1036 3084 πόρῤωθεν.
1077 3015 1167 3078 Ὧς
1201 3016 1527 3087 ἀκάθαρτοι.

294 3101 406 3159 Kal
438 3135 509 3146 —-
546 3105 728 3175 ἡμᾶς.
793 3106 1114 3174 Ἐπιστάτα,
1152 3110 1298 3182 ἦτοι,
1354 3109 1532 3183 Κύριε
1580 3111 1616 3184 ἢ
1673 3112 1820 3170 διδά·

219 3196 418 3251 σκαλε.

295 3288 408 3342 Kal
442 3287 588 3343 ἰδὼν
625 3319 696 3331 -
743 3289 994 3361 ἱερεῦσι.
1051 3291 1232 3364 Μήπω
1275 3293 1581 3367 καθαρίσας
1622 3297 1824 3362 αὐτοὺς

221 3381 438 3451 πέμπει
472 3383 1065 3456 ὲμφανισθησομένους
1095 3390 1208 3450 τοῖς
1255 3387 1518 3458 ίερεῦσιν,
1553 3389 1631 3452 ὡς
1663 3391 1722 3444 ἐν
1743 3390 1822 3461 τῷ

222 3468 559 3536 πορεύεσθαι
589 3471 889 3542 μέλλοντας
941 3474 1366 3550 καθαρισθῆναι.
1417 3479 1588 3534 Τοῦτο
1619 3479 1677 3534 δὲ
1725 3497 1822 3534 πει-

223 3562 452 3632 ττοίηκε,
484 3564 800 3635 δοκιμάζων
827 3567 927 3638 τὴν
957 3568 1144 3623 πίστιν
1168 3570 1371 3626 αὐτῶν.
1399 3573 1461 3624 Ol
1505 3572 1562 3630 δὲ
1597 3575 1828 3627 πιστεύ-

225 3671 446 3720 σαντες,
473 3656 556 3709 an
584 3656 808 3711 δύναται
840 3661 1250 3731 πορευομένους
1272 3663 1471 3723 αὐτους
1494 3665 1822 3737 καθαρίσαι,

223 3748 575 3812 αδιστάκτως
621 3751 892 3818 ἐϐάδιζον.
957 3753 1375 3822 Ἐνεφανίζοντο
1403 3756 1459 3809 δὲ
1493 3760 1606 3819 τοῖς
1641 3757 1824 3827 ἱερεῦ-

229 3857 316 3890 σιν
346 3841 397 3892 οί
427 3841 880 3912 καθαρισθέντες,
915 3843 1024 3898 ίναο
1048 3848 1183 3914 παρ’
1234 3846 1417 3899 αὐτῶν
1467 3847 1820 3916 δνομασθῶσι

226 3929 486 4000 καθαροὶ,
520 3935 613 3986 καὶ
643 3932 839 3987 λοιπὸν
868 3937 1287 4005 προσενέγκωσι
1317 3938 1534 4002 θυσίαν,
1568 3942 1712 3992 κατὰ
1733 3940 1825 3992 τὸν

225 4022 420 4092 νόμον.

307 4112 415 4169 Καὶ
443 4113 686 4185 ἐγένετο
709 4145 782 4156 -—
803 4116 912 4170 τὸν
948 4118 1120 4172 Θεόν.
1165 4119 1359 4188 Μέγαν
1391 4123 1492 4190 μὲν
1535 4126 1642 4195 γάρ
1680 4143 1828 4190 τινα,

226 4209 327 4261 καὶ
393 4208 873 4280 μεγαλοδύναμον,
905 4211 996 4265 τὶν
1046 4212 1287 4283 Χριστὸν
1332 4217 1623 4270 ἐπίστευον
1659 4215 1826 4283 εἶναι,

226 4302 389 4355 οὔπω
413 4302 470 4354 δὲ
497 4304 591 4356 καὶ
621 4303 784 4371 φύσει
808 4305 963 4364 Θεόν.

303 4394 414 4448 Kal
447 4393 675 4451 ἔπεσεν
721 4427 794 4438 -
833 4403 1018 4468 αὐτῷ.
1055 4403 1435 4476 Καθαρισθεὶς
1488 4405 1620 4477 γάρ,
1657 4408 1832 4478 ἐπλη-

229 4488 413 4541 σίασε.

1920 1968 2178 2025 Attamen
2239 1985 2367 2026 cum
2414 1970 2595 2027 bonus
2642 1975 2714 2027 sit
2765 1971 2935 2036 Deus.
2993 1973 3194 2036 servis.
3251 1983 3512 2045 tanquam

1921 2063 2302 2129 mercenariis,
2334 2063 2527 2130 utitur,
2560 2073 2617 2120 et
2645 2066 2973 2121 servitutem
3015 2065 3235 2121 illorum
3260 2067 3515 2123 mercede

1920 2154 2214 2224 rependit:
2250 2170 2314 2210 ac
2343 2156 2592 2212 debitum
2615 2157 2967 2228 obsequium,
2995 2167 3258 2229 tanquam
3298 2159 3516 2215 facinus

1919 2246 2222 2318 egregium,
2252 2247 2506 2319 suscipit,
2541 2258 2595 2303 et
2630 2250 2914 2319 praemium
2957 2250 3169 2315 tribuit,
3196 2251 3342 2321 quod
3370 2252 3519 2307 labo-

1921 2352 2012 2393 res
2034 2338 2200 2393 etiam
2233 2340 2486 2397 excedat.
2521 2338 2707 2397 Vincit
2745 2356 2986 2412 namque
3038 2344 3258 2399 bonitas
3297 2342 3417 2414 ejus
3439 2345 3516 2411 id,

1920 2430 2067 2500 quod
2102 2431 2314 2501 justum
2335 2440 2422 2488 est
2444 2441 2500 2489 et
2532 2449 2770 2510 aequum.

2281 2547 2435 2605 CAP.
2469 2549 2583 2604 LX.
2608 2550 2685 2605 De
2712 2552 2888 2610 decem
2921 2551 3162 2630 leprosis.

1993 2638 2150 2694 νει-ε.
2178 2640 2264 2695 11.
2297 2641 2363 2695 Et
2420 2644 2624 2716 factum
2643 2651 2720 2699 est
2746 2642 2989 2703 —Vers.
3029 2645 3113 2700 l2.
3143 2645 3379 2718 chrosi.
3407 2647 3518 2702 No-

1922 2745 2044 2785 vem
2068 2732 2291 2802 quidem
2321 2744 2482 2790 erant
2507 2735 2708 2803 Judaei,
2730 2752 2874 2792 unus
2895 2747 3080 2793 autem
3094 2737 3484 2802 Samaritanus
3503 2757 3520 2806 ;

1921 2824 2100 2879 morbi
2142 2841 2275 2882 vero
2327 2830 2757 2884 communicatio
2802 2838 2933 2886 tunc
2976 2845 3072 2886 eos
3151 2829 3517 2897 adunaverat,

1922 2917 2114 2972 audito
2157 2918 2305 2988 quod
2338 2921 2719 2989 pertransireL
2738 2919 3023 2977 Christus.

1993 3007 2149 3066 Vers.
2180 3010 2263 3065 12.
2297 3007 2398 3076 ριιί
2419 3021 2676 3067 steterunt
2694 3012 2895 3081 procul.
2919 3010 3202 3084 Tanquam
3228 3014 3520 3072 immundi.

1995 3098 2156 3157 Vers.
2204 3102 2292 3156 13.
2335 3102 2405 3157 Et
2448 3133 2520 3144 —
2559 3105 2748 3160 nostri.
2775 3103 3097 3172 Ἐπιστάτα,
3138 3106 3248 3162 hoc
3281 3117 3387 3175 est,
3419 3109 3522 3165 do-

1847 3224 1892 3281 c
1923 3194 2095 3261 mine,
2127 3206 2427 3266 praeceptor
2455 3205 2553 3251 aut
2582 3197 2863 3267 magister.

2003 3282 2158 3341 Vers.
2193 3283 2281 3340 14.
2319 3283 2460 3350 Quos
2492 3296 2551 3340 ut
2582 3287 2716 3341 vidit
2746 3316 2823 3328 —
2849 3288 3234 3345 sacerdotibus.
3268 3290 3522 3345 Nondum

1927 3374 2215 3431 inundavit
2258 3390 2377 3439 eos,
2410 3377 2506 3432 sed
2545 3378 2712 3432 mittit
2754 3379 3133 3433 sacerdotibus
3163 3380 3523 3436 manifestan-

1928 3468 2050 3532 dos,
2105 3477 2167 3522 ut
2216 3468 2360 3523 inter
2414 3469 2657 3524 eundum
2707 3470 3125 3528 niundarentur.
3175 3472 3287 3529 Hoc
3337 3483 3522 3531 autem

1929 3560 2059 3616 fecit
2118 3561 2361 3632 probans
2415 3561 2577 3617 ﬁdem
2630 3562 2870 3622 illorum.
2921 3562 3000 3617 llli
3051 3580 3182 3620 vero
3224 3567 3523 3633 credendo,

1929 3654 2075 3725 quod
2106 3654 2290 3710 eundo
2317 3665 2509 3725 posset
2557 3655 2680 3710 illos
2710 3656 3001 3721 mundare,
3043 3657 3200 3714 ibant
3247 3676 3358 3715 non
3385 3662 3530 3732 diju-

1930 3748 2179 3803 dicantes
2205 3747 2272 3804 de
2302 3747 2426 3817 ejus
2461 3755 2756 3819 praecepto.
2796 3747 3297 3807 Manifestabantur
3339 3762 3527 3810 autem

1929 3840 2330 3905 sacerdotibus,
2365 3841 2458 3912 qui
2505 3841 2752 3896 mundati
2807 3850 2988 3907 erant,
3022 3851 3078 3897 ut
3111 3844 3178 3897 ab
3210 3843 3316 3899 illis
3338 3849 3527 3916 mundi

1930 3934 2292 4002 dicerentur;
2332 3944 2386 3990 et
2441 3944 2573 3988 tunc
2609 3933 2764 4003 juxta
2816 3935 2991 4006 legem
3034 3935 3270 3992 hostiam
3325 3938 3528 3994 oﬁerc-

1933 4027 2085 4082 baut.

2006 4120 2160 4175 Vers.
2199 4120 2286 4175 16.
2322 4120 2389 4174 Et
2411 4121 2607 4175 accidit
2657 4149 2727 4162 —
2767 4119 2901 4177 Vers
2938 4122 3023 4177 15.
3062 4121 3249 4178 Deum.
3277 4123 3532 4197 Magnum

1932 4214 2226 4281 quemdam
2258 4229 2324 4268 ac
2373 4229 2584 4281 magna:
2631 4214 2894 4285 potentia:
2927 4217 3163 4272 credens
3210 4232 3333 4273 esse
3365 4218 3529 4275 Cbri-

1934 4315 2102 4371 stum,
2136 4305 2383 4360 nondum
2428 4317 2610 4362 tamen
2653 4316 2848 4361 natura
2885 4307 3076 4363 Deum.

2008 4398 2166 4454 Vers.
2202 4399 2290 4455 16.
2320 4401 2383 4453 Et
2417 4401 2644 4470 procidit
2672 4430 2742 4441 —
2770 4401 2872 4459 illi.
2896 4400 3034 4457 Cum
3058 4404 3204 4458 enim
3232 4405 3531 4462 mundatus

1939 4504 2106 4553 esset,
2134 4493 2245 4561 jam
2280 4493 2777 4562 apprOpinquabat.

303 4579 416 4633 Kal
468 4581 746 4648 αὶντὸς-
777 4587 808 4636 ό
867 4584 1214 4653 ἀλλογενὴς
1270 4583 1472 4655 οὗτος.
1541 4589 1817 4646 Ἐντεῦθεν

2011 4583 2162 4636 Vi-rs.
2197 4583 2282 4636 16.
2321 4581 2385 4635 Et
2412 4584 2496 4636 hic
2525 4611 2594 4622 -—
2625 4581 2756 4637 Vers
2791 4583 2875 4638 l8.
2907 4583 3008 4637 llic
3037 4584 3359 4654 alienigena.
3395 4583 3533 4642 Hinc

230 4672 462 4739 ἔδειξεν,
518 4675 602 4728 ὅτι
646 4676 1152 4749 εὐγνωμονέστεροι
1194 4680 1308 4733 τῶν
1373 4681 1645 4737 Ἰουδαίων
1692 4686 1817 4739 elati

1934 4674 2198 4735 ostendit.
2252 4675 2398 4746 quod
2463 4676 2636 4747 magis
2684 4675 2822 4748 grati
2885 4684 3016 4731 sunt
3067 4677 3324 4747 gentiles,
3367 4694 3530 4733 auaui

231 4767 286 4818 οἱ
317 4764 379 4830 ἐξ
413 4765 606 4821 ἐθνῶν.
654 4769 889 4822 Ἐκεῖνοι
937 4772 1042 4840 γὰρ
1088 4773 1292 4827 αὐτίκα
1346 4774 1447 4844 τῆς
1509 4777 1817 4848 εὐεργεσίας

1931 4767 2144 4824 Iudici;
2193 4768 2247 4822 hi
2281 4771 2426 4821 enim
2461 4767 2789 4823 beneﬁcium
2818 4769 3083 4823 continuo
3116 4769 3380 4824 oblivioni
3417 4781 3530 4826 tra-

230 4857 409 4928 λήθην
459 4859 738 4925 λαϐόντες,
786 4861 1075 4932 ἀχάριστοι
1120 4865 1217 4918 καὶ
1278 4869 1409 4936 περὶ
1455 4867 1549 4920 fbv
1601 4870 1829 4944 Πατέρα

231 4956 333 5004 καί
365 4952 496 5019 περὶ
520 4953 615 5005 τὸν
648 4953 779 5007 Υίδν
809 4957 1114 5025 ἐφάνησαν.

305 5040 416 5093 Kal
443 5037 617 5096 εἶπεν
640 5073 712 5085 -—
736 5043 976 5099 σέσωκέ
1017 5063 1117 5100 σε.
1181 5048 1293 5101 Kal.
1333 5037 1463 5122 μὴν
1480 5051 1774 5116 κάκείνους
1801 5053 1836 5124 ἡ

231 5131 425 5195 πίστις
460 5134 646 5188 αὐτῶν
703 5136 974 5190 σέσωκεν.
1029 5138 1196 5193 Ἀλλά
1237 5144 1422 5195 πιστοὶ
1452 5143 1553 5213 μὲν
1596 5143 1830 5210 οίδικα,

231 5224 402 5293 μόνος
421 5224 478 5277 δὲ
512 5219 668 5289 οὗτος
696 5227 1026 5300 εὐγνώμων.

318 5314 752 5388 Ἐπερωτηθεις
782 5350 851 5360 -
891 5323 999 5377 τοῦ
1035 5324 1209 5382 Θεοῦ.
1279 5327 1500 5401 Ἐπειδὴ
1562 5327 1832 5395 πολλάκις

229 5406 614 5476 ὲδίδαξεν,ὄτι
643 5412 885 5482 ἧγγικεν
937 5416 972 5486 ἠ
1019 5415 1272 5486 βασιλεία
1322 5419 1418 5473 τοῦ
1475 5419 1637 5484 Θεοῦ,
1699 5422 1831 5492 περὶ

341 5591 390 5625 ³⁸
419 5590 438 5645 l
471 5591 597 5647 Cor.
634 5609 712 5658 Ix,
742 5593 830 5647 16.

1933 4861 2147 4923 dentes,
2184 4860 2376 4931 ingrati
2406 4868 2460 4913 et
2499 4875 2626 4930 erga
2663 4858 2876 4914 Patrem
2896 4871 2951 4913 et
2975 4874 3102 4930 erga
3142 4859 3338 4915 Filium
3363 4879 3533 4934 appa-

1937 4954 2154 5009 rebant.

2006 5046 2162 5120 Vers.
2202 5047 2286 5102 19.
2315 5050 2384 5101 Et
2412 5048 2493 5100 ait
2535 5077 2604 5089 -
2642 5056 2691 5101 te
2735 5047 2944 5103 salvum
2975 5049 3120 5118 fecit.
3156 5048 3320 5119 Atqui
3358 5051 3530 5105 etiam

1931 5140 2057 5196 illos
2099 5139 2234 5196 ﬁdes
2257 5155 2449 5196 eorum
2483 5140 2666 5195 salvos
2697 5138 2956 5195 effecerat
2985 5142 3002 5195 ξ
3047 5141 3145 5196 sed
3186 5140 3375 5198 ﬁdeles
3407 5144 3536 5210 qui-

1941 5233 2065 5288 dem
2101 5233 2293 5289 decem
2350 5232 2594 5299 fuerunt,
2639 5233 2791 5288 solus
2824 5241 3009 5288 autem
3061 5233 3152 5289 hic
3178 5242 3368 5304 gratus
3402 5235 3528 5290 fuit.

2016 5324 2166 5380 Vers.
2196 5323 2286 5380 9.0.
2320 5324 2881 5396 Interrogatus—Dei.
2907 5324 3048 5393 Quia
3080 5325 3401 5397 frequenter
3430 5327 3521 5382 do-

1941 5428 2152 5486 cuerat,
2180 5418 2387 5474 instare
2406 5434 2633 5492 regnum
2664 5418 2760 5476 Dei
2779 5419 2987 5491 deipso
3004 5419 3112 5476 hoc
3136 5419 3359 5487 dicens;
3385 5436 3534 5475 nunc

1405 5684 1606 5749 Varias
1650 5685 1954 5752 lectiones
1999 5697 2058 5751 et
2100 5697 2289 5752 notae.

305 5867 389 5938 (3)
456 5865 850 5938 ’Δγαθοεργίας
880 5869 946 5920 A.

2024 5865 2100 5930 (ί)
2131 5861 2651 5931 Φωνηθησομινους.
2697 5861 2757 5916 Β.
2792 5862 2902 5920 Sic.
