4084 6384
205 376 351 448 1073

1163 377 1546 442 COMMENT.
1596 381 1678 441 IN
1719 379 1998 440 LUCAM.
2035 405 2103 417 --
2132 382 2291 443 CAP.
2321 383 2517 444 XXII.

3341 385 3483 454 1074

285 492 504 545 Ἔσται
527 517 601 530 -
624 484 839 543 ἐθνῶν.
905 486 1079 558 Φησὶν
1105 490 1132 542 ὁ
1164 489 1448 554 Ματθαῖος
1475 492 1558 544 ὅτι
1589 493 1804 547 Ἔσται

1982 492 2140 549 Vers.
2172 491 2264 549 25.
2295 493 2410 548 Erit
2435 523 2506 536 —-
2531 511 2588 550 ν.
2615 494 2706 551 ει.
2733 495 2990 567 gentium.
3019 497 3162 554 Dicit
3180 495 3472 558 Mattbasus

201 587 345 639 τότε
383 583 588 650 θλίψις
607 581 871 651 μεγάλη,
915 582 1014 635 οἷα
1042 583 1115 636 οὐ
1172 584 1426 652 γέγονεν
1467 584 1569 639 ἀπ’
1605 584 1802 654 ἀρχῆς

1914 586 2050 656 quod
2077 585 2196 640 Erit
2234 597 2358 641 tunc
2394 587 2602 659 afﬂictio
2633 605 2828 658 magna
2864 590 3036 661 qualis
3055 607 3157 645 non
3177 594 3329 664 [uita
3358 597 3502 666 prin-

205 677 316 732 τοῦ
335 676 450 748 (45)
470 677 702 744 κόσμου
731 674 843 740 ἕως
881 675 989 731 τοῦ
1019 677 1306 740 νῦν,οὑδ⁹
1337 680 1408 731 οὺ
1428 677 1513 746 μὴ
1537 676 1800 748 γένηται.

223 769 367 823 Ἀπὸ
399 769 531 837 γοῦν
562 769 662 838 τῆς
715 770 897 822 ἐκεῖσε
946 770 1206 841 κειμένης
1242 773 1548 844 ἑρμηνείας
1573 773 1806 840 διαγνω-

210 864 508 931 σῸήσονται
541 864 636 916 καὶ
666 862 870 917 ταῦτα.

286 955 397 1010 Kal
425 956 597 1010 ἔσται
640 985 708 995 -
755 957 1269 1024 σαλευθήσονται.
1324 957 1513 1014 Ταῦτα
1547 962 1675 1033 περὶ
1707 962 1806 1032 τῆς

212 1047 474 1118 δευτέρας
511 1047 678 1101 αὑτοῦ
713 1049 1020 1120 παρουσίας
1058 1050 1212 1120 φησί.
1240 1053 1485 1122 Ζήτησον
1518 1054 1576 1108 δέ
1603 1054 1808 1125 ὁμοίως

212 1141 366 1210 παρά
383 1140 461 1211 τῷ
491 1140 758 1212 Ματθαίῳ
786 1141 886 1210 τὴν
916 1141 1178 1213 ἐξήγησιν
1217 1144 1331 1196 τοῦο
1359 1144 1592 1213 Εὐθέως
1607 1145 1806 1218 ειμι)

201 1231 360 1300 μετὰ
405 1231 523 1299 τὴν
547 1233 762 1300 θλίψιν
824 1231 945 1286 τῶν
977 1233 1216 1303 ἡμερῶν
1248 1235 1520 1300 ἐκείνων,
1558 1241 1592 1292 d
1634 1238 1810 1306 ἥλιος

208 1322 707 1390 σκοτισθήσεται,
734 1325 833 1378 καὶ
861 1324 900 1394 ἡ
927 1325 1165 1394 σελήνη
1193 1327 1266 1382 οὐ
1285 1326 1466 1383 δώσει
1493 1329 1559 1384 τὸ
1587 1329 1809 1401 φέγγος

211 1415 428 1483 αὐτῆς,
469 1415 567 1470 καί
599 1418 656 1470 οί
694 1417 950 1485 ἀστέρες
997 1418 1334 1473 πεσοῦνται
1381 1420 1501 1473 ἀπὸ
1545 1421 1652 1476 τοῦ
1704 1424 1811 1476 οὐ·

206 1507 425 1576 ρανοῦ,
461 1509 551 1562 καὶ
580 1509 680 1579 τὴν
711 1507 806 1562 τοῦ
836 1508 1035 1579 ἐφεξῆς
1059 1509 1254 1581 ρητοῦο
1288 1509 1383 1564 καὶ
1416 1511 1673 1582 εὑρήσεις
1714 1513 1810 1566 καὶ

214 1601 592 1670 περὶτούτων.

284 1692 392 1746 Kal
434 1693 567 1745 τότε
603 1722 666 1732 -
693 1693 956 1762 πολλῆς.
993 1694 1165 1748 Πάλιν
1198 1695 1318 1748 ἐκεῖ
1369 1694 1603 1764 καθεξῆς
1675 1695 1810 1750 ἀνά-

214 1784 388 1852 γνωθι
421 1784 519 1848 τὰς
567 1785 884 1856 ἐξηγήσεις,
922 1787 1231 1855 ἀναγκαίας
1288 1781 1457 1850 οσσας
1502 1788 1633 1860 ἄχρι
1668 1788 1763 1842 τού
1794 1803 1806 1817 ·

229 1876 367 1933 Ἀπὸ
394 1877 462 1930 δὲ
489 1875 596 1944 τῆς
617 1877 820 1945 συκῆς
843 1877 1068 1948 μάθετε
1089 1882 1204 1948 τὴν
1243 1881 1618 1949 παραϐολήν.

301 1969 666 2038 Ἀρχομένων
691 1969 759 2023 δὲ
790 1972 1022 2027 τούτων
1050 1975 1325 2043 γίνεσθαι
1352 2003 1422 2013 -
1447 1973 1616 2028 Θεοῦ.
1648 1968 1814 2036 Αὖθις

216 2064 338 2115 ἐκεῖ
365 2063 465 2132 τὴν
497 2062 778 2117 ἐπίλοιπον
799 2063 1063 2136 ἐξήγησιν
1091 2065 1472 2126 ἀναγνωστέον
1517 2065 1645 2135 ἄχρι
1691 2063 1812 2118 τοῦο

227 2154 412 2221 Ἀμὴν
439 2153 593 2222 ,λέγω
647 2153 806 2222 ὑμῖν,
841 2155 914 2208 οὐ
938 2151 1025 2223 μὴ
1051 2151 1322 2222 παρέλθῃ
1349 2152 1388 2220 ἠ
1443 2152 1620 2223 γενεὰ
1636 2151 1811 2218 αὕτη,

213 2243 328 2308 ἓως
353 2242 564 2311 div-(i5)
586 2244 786 2299 πάντα
822 2245 1010 2299 ταῦτα
1053 2243 1294 2314 γένηται
1329 2261 1342 2273 '
1372 2247 1431 2297 ἐν
1473 2243 1659 2316 ἐκείνῃ
1699 2243 1813 2312 γὰρ

213 2335 710 2407 ἐμνημονεύθησάν
731 2353 790 2390 τι
817 2338 912 2391 καὶ
940 2336 1396 2409 ἡρμηντύθησαν,
1428 2336 1504 2400 ὡς
1537 2335 1704 2399 είκός.

304 2525 320 2547 ’
344 2524 520 2593 Αμὴν
545 2554 619 2566 —
659 2528 1068 2595 παρέλθωσιν.
1119 2525 1269 2580 Ἐκεῖ
1296 2524 1390 2576 καὶ
1439 2526 1571 2597 περὶ
1599 2523 1811 2580 τούτων

214 2618 446 2689 ιῤῥὴοηο

291 2709 627 2780 Προσέχετε
683 2739 753 2751 -
809 2711 1105 2780 γίνεσθαι.
1179 2711 1269 2764 Ἑν
1325 2711 1406 2784 τῷ
1455 2709 1814 2782 πεντηκοστῷ

216 2799 390 2869 ὀγδόῳ
419 2801 698 2872 κεφαλαίῳ
748 2800 845 2855 τοῦ
893 2801 1037 2855 κατά
1095 2802 1379 2856 Ματθαῖον
1427 2804 1668 2875 ζήτησον
1714 2804 1814 2874 τὴν

216 2894 519 2964 ἑρμηνείαν
548 2893 682 2946 τοῦ·
723 2893 1081 2964 Γρηγορεῖτε
1123 2889 1259 2962 οὖν,
1311 2894 1400 2950 ὅτι
1444 2897 1556 2950 οὐκ
1610 2896 1815 2953 οἴδατε

217 2988 360 3052 ποίᾳ
386 2983 508 3054 ὥρᾳ
549 2988 581 3040 d
630 2986 846 3054 Κύριος
877 2983 1044 3051 ὑμῶν
1105 2986 1348 3056 ἔρχεται
1385 3002 1398 3014 °
1432 2989 1490 3041 ἐν
1529 2990 1668 3061 αὐτῇ
1704 2989 1814 3061 γὰρ

214 3077 392 3132 ταῦτα
434 3078 655 3148 μνήμης
684 3077 778 3130 καὶ
823 3075 1128 3141 ἐπιλύσεως
1155 3080 1517 3148 τετυχήκασι.
1559 3080 1812 3150 Σημειω-

1905 678 2042 746 cipio
2073 679 2260 733 mundi
2292 678 2364 732 ad
2396 679 2491 733 hoc
2526 696 2688 750 usque
2719 690 2940 750 tempus,
2972 700 3136 750 neque
3158 685 3248 754 ﬁet
3275 687 3320 718 "
3361 700 3378 752 ;
3429 703 3495 742 ex

1909 770 2374 841 interpretatione
2404 785 2558 843 ergo,
2579 787 2701 842 qua:
2727 773 2800 829 ibi
2833 775 3011 844 posita
3036 785 3139 841 est,
3169 776 3336 832 etiam
3383 776 3501 834 tunc

1905 871 2324 932 cognoscentur.

1978 953 2136 1009 Vers.
2162 954 2256 1011 25.
2290 955 2359 1009 Et
2380 966 2535 1012 erunt
2567 988 2637 998 —
2656 958 2815 1014 Vcrs.
2843 956 2937 1014 ‘26.
2979 959 3352 1016 movebuntur.
3373 958 3502 1017 Haec

1908 1044 1976 1102 de
2002 1047 2246 1103 secundo
2269 1052 2506 1105 adventu
2531 1065 2632 1106 suo
2655 1049 2808 1107 dicit.
2844 1049 3048 1116 Quatre
3081 1061 3266 1107 autem
3304 1054 3502 1108 simili-

1912 1144 1995 1190 ter
2010 1137 2155 1207 apud
2189 1135 2505 1194 Mattbaeum
2527 1139 2656 1195 dicti
2686 1139 2833 1194 illius
2859 1141 3265 1196 enarrationem
3297 1159 3311 1196 :
3373 1141 3502 1198 Sta-

1910 1230 2004 1282 tim
2033 1239 2212 1283 autem
2237 1240 2350 1298 post
2372 1231 2705 1300 afﬂictionem
2729 1232 2935 1286 dierum
2970 1231 3182 1286 illorum
3207 1233 3288 1288 sol
3320 1235 3503 1288 obscu-

1912 1321 2140 1386 rabitur,
2163 1331 2210 1376 et
2239 1322 2364 1376 luna
2386 1338 2487 1376 non
2519 1323 2670 1377 dabit
2687 1323 3015 1394 splendorem
3050 1341 3226 1386 suum.
3259 1337 3304 1380 et
3338 1325 3505 1380 stella:

1910 1416 2098 1469 cadent
2121 1413 2186 1469 de
2202 1413 2328 1470 εωιο
2346 1415 2416 1481 ⁸⁸,
2439 1429 2502 1470 ac
2523 1415 2653 1471 dicti
2689 1417 2973 1488 sequentis
3002 1435 3016 1485 ;
3050 1427 3107 1473 et
3135 1417 3204 1473 de
3231 1417 3319 1474 his
3335 1417 3500 1475 etiam

1912 1522 2186 1563 Invenies.

1986 1696 2145 1750 Vers.
2174 1697 2266 1751 27.
2303 1695 2368 1748 Et
2396 1706 2520 1749 tunc
2549 1725 2617 1735 —
2643 1713 2862 1766 magna.
2917 1695 3128 1751 Rursus
3170 1696 3244 1750 ibi
3276 1712 3377 1751 suo
3419 1712 3511 1751 or-

1917 1786 2046 1841 dine
2086 1787 2204 1856 lege
2233 1787 2638 1848 enarrationes.
2664 1802 2787 1854 qua:
2814 1786 3145 1841 necessaria:
3175 1796 3307 1842 sunt
3337 1803 3510 1859 usque

1921 1879 1990 1932 ibi
2014 1897 2028 1933 :
2060 1878 2099 1933 Α
2123 1879 2228 1948 ﬁcu
2255 1889 2436 1933 autent
2457 1879 2644 1933 discite
2673 1879 3078 1948 parabolam".

1991 1971 2144 2026 Vers.
2185 1970 2278 2026 28.
2318 1970 2415 2024 llis
2463 1980 2643 2024 autem
2693 1971 2808 2039 ﬁeri
2857 1971 3226 2041 incipientibus
3258 2001 3322 2012 ---
3351 1973 3509 2029 Vers.

1918 2063 2010 2117 3i.
2047 2062 2166 2118 Dei.
2204 2062 2424 2118 Rursus
2448 2062 2520 2117 ibi
2568 2062 2778 2132 reliqua
2827 2063 3108 2118 enarratio
3153 2064 3381 2134 legenda
3428 2075 3512 2118 est
3539 2053 3565 2066 ’

1917 2170 2093 2224 usque
2117 2154 2224 2214 ibi:
2259 2154 2445 2212 Amen.
2481 2155 2599 2208 dico
2625 2155 2788 2220 vobis,
2820 2171 3151 2224 nequaquam
3217 2157 3512 2224 prtcteribit

1917 2245 2188 2315 generatio
2217 2245 2346 2303 haec.
2383 2245 2547 2298 donec
2579 2245 2759 2299 omnia
2800 2246 2901 2299 ista
2919 2245 3054 2314 ﬁant
3082 2245 3128 2280 "
3155 2265 3167 2300 :
3205 2246 3260 2301 in
3283 2262 3345 2301 ea
3365 2247 3512 2302 enim

1917 2344 1976 2390 et
2006 2334 2203 2389 horum
2228 2335 2367 2391 facta
2393 2344 2480 2390 est
2511 2337 2741 2401 mentio,
2794 2345 2850 2392 et
2874 2337 2998 2391 data
3045 2337 3510 2409 interpretatatio.

1919 2441 1979 2480 ut
2011 2443 2110 2496 par
2139 2436 2280 2482 erat.

1991 2516 2148 2574 Vers.
2199 2517 2290 2572 ⁸52.
2340 2518 2502 2573 Amcn
2537 2519 2794 2575 —Vers.
2845 2521 2935 2575 33.
2983 2523 3357 2592 praleribunt.
3420 2523 3503 2580 Ibi

1917 2609 2082 2664 etiam
2122 2610 2189 2665 de
2222 2611 2310 2665 bis
2334 2611 2541 2666 dictum
2573 2622 2677 2669 est.

1988 2703 2148 2760 νει-ε.
2209 2706 2298 2761 54.
2354 2705 2723 2760 Attendite—
2762 2705 2918 2760 Vers.
2957 2705 3049 2761 36.
3107 2723 3224 2777 qua:
3281 2717 3504 2764 ventura

1916 2806 2058 2851 sunt.
2088 2798 2562 2868 Quinquagcsimo
2601 2809 2797 2854 octavo
2837 2797 3117 2869 Evangelii
3168 2799 3329 2871 juxta
3373 2800 3515 2857 Mat-

1920 2891 2122 2946 tbzeum
2166 2891 2350 2961 capite
2375 2906 2561 2961 quaere
2590 2890 2998 2946 enarrationem
3030 2891 3173 2962 ejus,
3195 2893 3342 2963 quod
3373 2895 3514 2950 dici-

1917 2994 2006 3039 tur
2042 3003 2055 3038 :
2100 2983 2327 3056 Vigilate
2355 3001 2497 3055 ergo,
2517 2985 2643 3054 quia
2671 2985 2910 3050 nescitis,
2941 3002 3066 3055 qua
3090 2987 3220 3041 hora
3245 2987 3510 3042 Dominus

1917 3083 2091 3129 vester
2117 3085 2367 3131 uenturus
2393 3076 2462 3129 sit
2481 3076 2526 3107 "
2560 3093 2576 3143 ;
2612 3091 2741 3131 nam
2783 3077 2836 3130 in
2872 3092 2938 3132 eo
2957 3077 3123 3132 etiam
3157 3077 3224 3133 de
3259 3078 3347 3134 his
3373 3079 3510 3134 facta

217 3172 342 3223 τέον
369 3169 427 3222 δέ
475 3170 557 3223 ὅτι
586 3169 649 3223 ού
691 3169 912 3240 μόνονή
952 3168 1114 3239 μέθη,
1159 3168 1296 3223 ἀλλὰ
1331 3170 1426 3224 καὶ
1452 3171 1509 3225 al
1545 3171 1809 3242 μέριμναι

1921 3177 2006 3224 est
2045 3170 2278 3232 mentio,
2314 3169 2552 3239 dataque
2577 3171 2876 3226 enarratio.
2909 3170 3251 3242 Signandum
3301 3181 3386 3227 est
3416 3187 3514 3228 ειε-

217 3259 315 3313 τοῦ
346 3259 464 3330 βίου
489 3259 816 3330 βαπτίζουσι
845 3261 946 3329 τὴν
972 3258 1175 3332 ψυχὴν,
1201 3259 1297 3313 καὶ
1345 3261 1815 3328 καταποντίζουσι

219 3351 316 3404 τὸν
359 3349 504 3402 νοῦν.

296 3441 405 3496 Kal
428 3471 500 3482 —
523 3440 862 3510 ἀνθρώπου.
888 3443 1246 3515 Παραστῆναι
1296 3444 1378 3517 τῷ
1413 3444 1639 3517 Χριστῷ
1675 3445 1816 3516 μετά

217 3532 328 3584 τῶν
355 3533 623 3600 ἀγγέλων.

291 3619 405 3679 Ἦν
435 3655 494 3666 -
522 3623 849 3680 διδάσκων.
895 3626 976 3679 Δι’
1024 3627 1296 3697 ὠφέλειαν
1346 3628 1458 3683 τῶν
1485 3629 1664 3684 ἐκεῖσε
1702 3629 1814 3701 (ιῦ)

221 3733 344 3771 συνε
354 3717 654 3787 ρχομένων.

297 3810 408 3873 Τὰς
437 3807 512 3860 δὲ
539 3811 764 3874 νύκτας
782 3839 852 3849 -
892 3809 1163 3865 Ἐλαιῶν.
1187 3811 1288 3866 Διά
1316 3814 1379 3865 το
1400 3813 1815 3884 ἀπερίσπαστον

218 3901 313 3954 καῖ
338 3899 650 3970 ἐπιτήδειον
678 3902 758 3964 είς
786 3902 1098 3973 προσευχήν
1119 3917 1135 3933 ο
1181 3904 1280 3974 οὐχ
1312 3898 1479 3973 ἦττον
1518 3905 1576 3959 δέ
1621 3907 1712 3959 καὶ
1733 3907 1814 3970 είς

221 3992 641 4063 μυστικωτέραν
665 3993 1015 4048 διδασκαλίαν
1041 3995 1151 4048 τῶν
1177 3995 1439 4067 μαθητῶν
1475 4012 1491 4029 ο
1517 3996 1680 4068 δῆλον
1701 3998 1811 4071 γὰρ

215 4087 304 4141 ὅτι
338 4085 458 4158 μετ’
493 4085 674 4140 αὐτῶν
707 4087 970 4158 ἐξήρχετο
1002 4090 1123 4142 ἐκεί
1156 4089 1252 4144 καὶ
1281 4089 1558 4162 ηὐλίζετο.

288 4268 403 4323 Καί
431 4267 551 4335 πᾶς
569 4299 637 4312 -
652 4269 860 4326 αὑτοῦ.
891 4268 955 4325 El
979 4273 1008 4325 ὁ
1027 4271 1156 4337 λαὸς
1186 4274 1394 4338 ἐκεῖνος
1415 4273 1588 4339 οὕτως
1610 4277 1809 4343 ἐποίει,

217 4360 407 4432 πολλῷ
438 4360 643 4430 μᾶλλον
684 4364 832 4433 ἡμᾶς
863 4363 989 4436 χρὴ,
1018 4364 1112 4419 τὸν
1168 4368 1500 4436 οίκειότερον
1531 4368 1683 4432 λαὸν,
1711 4370 1812 4441 ὁρ..

218 4453 430 4524 ϐρίζειν
462 4453 599 4524 πρὸς
631 4455 796 4509 αὐτὸν
829 4458 888 4509 ἐν
910 4457 991 4529 τῷ
1035 4457 1167 4528 ίερῷ
1202 4459 1296 4512 ἐπὶ
1337 4461 1416 4531 τῷ
1448 4459 1673 4515 ἀκούειν
1709 4461 1809 4514 αύ-

1924 3269 2056 3324 tem,
2084 3258 2230 3328 quod
2257 3274 2368 3314 non
2398 3259 2510 3314 sola
2546 3258 2807 3326 ebrietas,
2855 3259 2951 3315 sed
2985 3269 3040 3316 et
3071 3275 3219 3316 cura:
3279 3263 3510 3318 smcula-

1922 3367 2010 3405 res
2035 3350 2275 3405 animam
2317 3351 2635 3414 absorbent,
2663 3363 3014 3423 mentemque
3042 3353 3394 3422 demergunt.

1992 3446 2150 3502 Vers.
2191 3443 2282 3500 36.
2325 3443 2389 3498 Et
2416 3475 2489 3488 —-
2520 3445 2770 3500 hominis.
2797 3451 2990 3501 Astare
3011 3445 3238 3502 Christo
3256 3463 3382 3502 cum
3403 3463 3505 3502 au-

1919 3538 2072 3609 gelis.

1994 3629 2154 3685 γεγε.
2186 3628 2278 3684 37.
2311 3626 2760 3684 Erat—docens.
2797 3627 3032 3698 Propter
3065 3643 3264 3683 eorum
3299 3629 3510 3685 utilita-

1920 3731 2051 3785 tem,
2086 3721 2181 3792 qui
2214 3721 2343 3776 illuc
2365 3722 2789 3778 concurrebant.

1988 3812 2145 3869 Vcrs.
2181 3812 2271 3867 37.
2319 3810 2574 3866 Noctibus
2603 3829 2811 3866 vero—
2841 3810 3139 3868 Oliuarum.
3192 3810 3272 3866 Ne
3320 3820 3510 3867 mente

1916 3904 2335 3968 distraheretur,
2373 3910 2430 3958 et
2453 3903 2580 3973 quia
2612 3910 2773 3973 aptus
2809 3911 2928 3957 erat
2949 3902 3019 3956 ad
3043 3901 3378 3972 precandum
3407 3915 3511 3956 nec

1915 3998 2100 4054 minus
2127 4010 2346 4066 quoque
2375 3994 2447 4052 ob
2482 3995 2838 4050 secretiorem
2869 3993 3269 4064 discipulorum
3305 3993 3512 4048 instru-

1913 4091 2152 4147 ctionem
2181 4105 2196 4155 ;
2224 4103 2352 4142 nam
2385 4085 2738 4141 manifestum
2761 4093 2865 4152 est,
2899 4085 3046 4157 quod
3089 4085 3220 4141 illuc
3244 4100 3373 4141 cum
3417 4085 3505 4142 eis

1912 4184 2099 4239 exibat
2139 4190 2196 4237 et
2229 4179 2683 4236 conversabatur.

1984 4275 2139 4332 Vere.
2171 4275 2262 4330 38.
2292 4272 2576 4343 Omnisque
2603 4300 2674 4313 —
2711 4270 2883 4324 illum.
2932 4268 2987 4325 Si
3021 4270 3256 4342 populus
3277 4271 3370 4327 ille
3404 4273 3508 4329 hcc

1911 4371 2171 4434 faciebat,
2217 4367 2390 4422 multo
2417 4365 2591 4437 magis
2617 4380 2736 4430 nos,
2771 4365 2862 4435 qui
2883 4365 3308 4438 populusfmagis
3331 4367 3406 4422 illi
3428 4367 3510 4422 fa-

1914 4461 2146 4517 miliaris
2178 4474 2372 4515 sumus
2404 4465 2625 4529 oportet
2654 4456 2898 4512 diluculo
2929 4458 3123 4513 venire
3167 4461 3234 4514 ad
3263 4472 3414 4519 eum.
3444 4467 3505 4512 ut

216 4544 339 4607 τοῦ,
368 4543 458 4600 διά
481 4545 592 4600 τῶν
622 4545 786 4601 θείων
808 4547 1044 4620 Γραφῶν
1065 4548 1436 4617 διδάσκοντος,
1465 4553 1561 4606 καὶ
1597 4552 1673 4624 μὴ
1709 4551 1808 4622 μό-

1915 4555 1972 4609 in
2001 4551 2203 4621 templo
2240 4549 2530 4605 audiamus
2559 4547 2712 4602 illum
2750 4563 2848 4617 per
2910 4545 3230 4618 Scripturas
3280 4555 3504 4601 sanctas

221 4655 314 4693 νον
343 4638 589 4707 ἀκούειν,
619 4639 760 4694 ἀλλὰ
789 4640 887 4695 καὶ
915 4640 1238 4696 ὑπακούειν.

541 4903 700 4955 ΚΕΦ.
737 4901 876 4969 θεῖ’.
916 4904 1058 4971 Περί
1085 4901 1194 4958 τοῦ
1221 4901 1461 4972 Πάσχα.

294 5030 616 5107 ’ῌτγιζε-
649 5033 886 5102 Πάσχα.
928 5033 1124 5106 Ἐορτὴ
1153 5033 1262 5089 τῶν
1287 5032 1543 5104 ’Λζύμων
1581 5032 1804 5101 ἐλέγετο

216 5125 315 5178 καὶ
348 5124 384 5192 ὴ
421 5124 515 5176 τοῦ
553 5123 743 5193 Πάσχα
775 5123 962 5194 ἑορτὴ,
989 5124 1124 5178 διότι
1157 5124 1300 5178 κατά
1362 5125 1423 5177 τὸ
1470 5123 1665 5194 Πάσχα
1691 5125 1804 5186 τοῖς

215 5212 316 5268 τοῦ
343 5212 519 5284 ἀμνοῦ
546 5215 742 5287 κρέασι
775 5216 868 5269 καὶ
900 5216 1087 5287 ἄζυμα
1111 5215 1422 5288 συνήσθιον.
1447 5215 1653 5269 Λοιπὸν
1683 5213 1799 5279 οὖν,

326 5393 375 5426 ⁸⁸
401 5391 597 5448 Matth.
629 5407 779 5455 mv,
827 5391 920 5447 21.
1033 5393 1079 5426 ⁸⁸
1139 5391 1276 5448 Ibid.
1336 5393 1428 5450 29.

1541 5393 1585 5425 "
1610 5391 1749 5450 Ibid.
1787 5391 1876 5448 29.

1911 4648 2201 4703 docentem
2237 4658 2255 4709 ;
2297 4657 2401 4698 nec
2427 4641 2606 4696 solum
2670 4649 2732 4696 ut
2765 4641 3074 4704 audiamus,
3099 4640 3387 4696 sed‘etiam
3444 4650 3501 4696 ut

1910 4739 2256 4796 obediamus.

2303 4901 2456 4960 CAP.
2493 4899 2728 4957 LXXVI.
2763 4898 2839 4954 De
2881 4897 3112 4953 Pascha.

1983 5039 2115 5109 Cap.
2172 5034 2342 5092 XXII.
2383 5033 2537 5090 νοτε.
2596 5032 2670 5088 ί..
2693 5031 3242 5102 Appropinquauit—
3269 5028 3498 5085 Pascha.

1913 5131 2136 5188 Festum
2171 5128 2494 5198 Azymorum
2516 5123 2685 5181 etiam
2721 5122 3014 5178 dicebatur
3051 5122 3232 5190 ipsum
3273 5121 3500 5177 Pascha:

1913 5223 2135 5287 festum,
2172 5218 2299 5290 quia
2347 5216 2404 5270 in
2454 5212 2668 5271 Pascha
2714 5213 2974 5271 carnibus
3031 5212 3156 5284 agni
3193 5220 3248 5267 et
3296 5211 3500 5282 azymis

1989 5389 2196 5446 "Ibid.
2231 5387 2322 5444 54.
2433 5390 2480 5423 ⁸⁸
2513 5387 2650 5443 Ibid.
2693 5386 2783 5441 δί.

1458 5550 1654 5615 νει-ἰῶ
1681 5549 1994 5615 lectiones
2031 5557 2094 5613 et
2121 5553 2314 5612 noue.

289 5717 403 5787 (ιδ)
461 5715 572 5770 Τοῦ
607 5725 804 5773 neuter
833 5717 1082 5789 agnoscit
1109 5717 1167 5774 in
1195 5726 1459 5778 contextu
1489 5718 1636 5792 apud
1665 5717 1807 5776 Mat-

217 5790 444 5846 tbaeum.

296 5857 408 5928 (44)
442 5856 509 5911 Δὶ
541 5857 696 5914 acht
719 5859 784 5913 Α.

1991 5716 2104 5784 (ιε)
2140 5717 2242 5768 Ἀν
2274 5716 2478 5772 omittit
2513 5714 2573 5773 Β.

1993 5785 2390 5860 μωοεηιο.
