4070 6432
562 355 699 418 1079

555 468 681 538 gclii
733 466 914 538 capite
962 486 974 521 :

553 560 843 630 quisquam
869 560 1041 631 major
1059 560 1283 615 essetin
1304 574 1476 629 regno
1505 558 1792 623 caelorum,
1834 560 1923 615 hic
1948 570 2133 616 autem

552 652 655 705 alia
689 651 757 707 de
796 666 960 705 causa
1003 650 1308 716 contentio,
1352 651 1471 705 sive
1520 650 1811 720 inquisitio
1840 650 1985 705 inter
2034 666 2132 706 eos

552 743 745 797 incidit
780 760 796 809 ;
830 743 943 812 jam
974 742 1120 797 enim
1156 743 1423 798 certiores
1457 741 1588 796 facti
1612 742 1680 797 de
1720 752 1899 798 morte
1960 742 2135 813 mag-i-

548 835 671 895 stri,
704 834 1075 904 inquirebant,
1095 835 1215 905 quis
1250 849 1441 889 eorum
1466 834 1752 890 videretur
1782 849 1902 891 esse
1936 834 2132 906 major,

553 938 612 981 ut
636 935 959 981 ceterorum
992 926 1158 983 ﬁeret.
1174 926 1453 996 magister.

618 1110 773 1163 Vers.
806 1109 898 1166 25.
939 1109 1009 1164 At
1038 1104 1129 1163 ille
1154 1137 1228 1151 —-
1257 1111 1353 1165 eis.
1392 1108 1562 1165 Docet
1588 1124 1748 1173 sane,
1788 1109 1933 1180 quod
1966 1108 2011 1165 is
2038 1108 2135 1179 qui

547 1199 947 1268 pra-ponendus
1001 1208 1171 1265 esset,
1221 1214 1333 1255 non
1373 1199 1597 1254 deberet
1661 1199 1955 1264 dominari,
2008 1207 2133 1252 tan-

544 1306 704 1359 quam
729 1290 1027 1357 dominus;
1055 1306 1184 1345 nam
1213 1292 1269 1347 id
1296 1306 1449 1362 reges
1488 1300 1650 1346 terra
1693 1290 1906 1347 faciunt
1946 1289 2125 1345 inﬂati

545 1384 872 1453 principatu,
934 1394 991 1439 et
1016 1382 1145 1439 elati
1197 1392 1419 1454 propter
1448 1398 1545 1438 eos
1594 1383 1797 1455 quibus
1840 1384 2133 1439 dominan-

547 1483 656 1529 tur.

619 1566 775 1622 Vere.
804 1568 895 1622 25.
938 1566 1009 1621 Et
1046 1568 1137 1638 qui
1162 1598 1230 1610 --
1254 1578 1529 1622 vocantur.
1571 1566 1857 1638 Tanquam
1898 1566 2130 1638 judicatt

545 1662 800 1727 majores,
830 1669 925 1713 aut
955 1661 1121 1714 etiam
1154 1670 1411 1730 tanquam
1442 1660 1629 1731 gloriae
1658 1660 1867 1730 cupidi.

612 1751 767 1807 Vers.
799 1752 889 1806 26.
925 1752 1021 1807 Vas
1054 1782 1119 1795 «-
1148 1754 1238 1824 qui
1270 1755 1561 1808 ministrat.
1596 1752 1925 1818 Fiantttazc,
1953 1767 2129 1823 quan-

1809 356 2193 419 EUTHYMII
2233 357 2596 421 ZIGABENI

1032 468 1129 523 sed
1193 476 1327 522 tunc
1381 467 1604 537 quidem
1692 466 1761 524 de
1820 470 1926 524 boc
1992 478 2132 535 erat,

2244 469 2394 540 λαίιιν
2438 469 2628 525 αὐτοῦ.
2682 467 2847 524 Ἀλλά
2899 469 3020 525 τότε
3076 471 3178 542 μὲν
3232 468 3367 541 περὶ
3408 468 3531 532 τοῦ,
3584 469 3679 533 Τίς
3724 467 3834 533 ἄρα

3700 353 3839 421 1080

2240 564 2455 633 μείζων
2476 562 2648 617 ἐστιν
2678 563 2749 616 ἐν
2772 562 2845 631 τῇ
2870 563 3154 630 βασιλείᾳ
3171 563 3291 617 τῶν
3309 560 3593 630 οὐρανῶν
3614 578 3634 625 ;
3667 560 3759 611 νῦν
3782 558 3835 612 δὲ

2248 657 2370 711 καθ’
2404 656 2599 726 ἑτέραν
2646 656 2828 709 αἰτίαν
2865 657 2898 725 ἠ
2938 656 3243 725 φιλονεικία
3294 655 3511 717 τούτοις
3549 653 3831 715 ἐνέπεσεν,

2244 747 2422 799 εῐτουν
2452 748 2485 817 ἡ
2534 746 2783 813 ἐξέτασις
2815 763 2827 778 ’
2871 746 3395 818 πληροφορηθωτες
3430 748 3544 816 γὰρ
3572 744 3676 816 ἤδη
3707 746 3833 814 περὶ

2243 839 2345 909 τῆς
2367 840 2462 893 τοῦ
2500 840 2828 895 διδασκάλου
2863 840 3146 910 τελευτῆς,
3180 840 3486 910 ἐζήτησαν,
3520 841 3608 902 τίς
3653 841 3713 905 ἐξ
3735 838 3834 890 aii-

2244 930 2355 984 τῶν
2384 931 2534 984 δοκεῖ
2562 930 2702 985 εἶναι
2738 932 2964 1003 μείζων,
3000 931 3090 986 ἵνα
3119 931 3443 995 διδάσκαλος
3460 932 3695 1001 γένηται
3726 928 3833 982 τῶν

2241 1022 2418 1078 ἄλλων
2444 1037 2460 1054 ⁶

2327 1115 2390 1169 '0
2420 1114 2569 1169 δὲ-
2597 1115 2820 1170 αὐτῶν.
2846 1114 3100 1168 Διδάσκει
3148 1113 3336 1167 λοιπὸν
3386 1112 3462 1172 ὡς
3494 1112 3524 1165 ό
3554 1111 3831 1181 προεστά-

2244 1226 2334 1263 ναι
2386 1208 2592 1263 τούτων
2643 1208 2856 1277 μέλλων
2908 1208 3008 1260 οὐκ
3085 1206 3295 1276 ὀφείλει
3349 1207 3702 1275 κυριαρχείν,
3761 1203 3831 1265 ὡς

2242 1301 2514 1371 δεσπότης
2538 1319 2551 1332 ·
2576 1300 2738 1355 τοῦτο
2759 1302 2869 1372 γάρ
2890 1302 2937 1355 oi
2964 1300 3210 1371 βασιλεῖς
3241 1300 3354 1353 τῶν
3383 1298 3561 1351 δθνῶν
3593 1295 3826 1355 ποιοῦσι,

2241 1394 2618 1462 τετυφωμένοι
2665 1394 2785 1456 ταῖς
2834 1393 3032 1463 ἀρχαῖς
3066 1392 3172 1445 καὶ
3222 1391 3695 1459 κατεπαιρόμενοι
3726 1385 3831 1438 τῶν

2241 1486 2591 1556 ἀρχομένων.

2313 1577 2422 1632 Καὶ
2458 1579 2514 1631 οὶ
2544 1606 2611 1617 -—-
2659 1574 3011 1630 καλοῦνται.
3054 1573 3140 1638 Ὦς
3176 1573 3461 1633 δοκοῦντες
3494 1566 3827 1641 μείζονες,ῆ

2240 1670 2335 1723 καὶ
2365 1670 2441 1732 ὡς
2468 1667 2756 1736 φιλόδοξοι.

2324 1763 2524 1831 ’Υμεῖς
2549 1786 2620 1800 -·
2650 1759 2965 1814 διακονῶν.
3024 1756 3276 1811 Γενέσθω
3311 1753 3513 1819 ταῦτα,
3564 1756 3693 1807 ὅσον
3743 1751 3831 1805 ἐπὶ

548 1856 661 1898 tum
706 1844 773 1898 ad
823 1844 992 1898 animi
1043 1846 1391 1902 modestiam.
1443 1844 1730 1902 iuniorem
1775 1858 1959 1902 autem
2004 1844 2132 1901 dicit

2247 1854 2708 1929 μετριοφροσύνῃ.
2742 1854 3027 1921 Νεώτερον
3060 1851 3115 1904 δὲ
3144 1850 3296 1918 λέγει
3327 1848 3419 1902 τὸν
3450 1846 3709 1916 ἔσχατον.

546 1946 903 2006 postremum.

620 2026 775 2082 Vers.
817 2027 908 2082 27.
964 2026 1090 2082 Uter
1125 2058 1195 2068 —
1231 2031 1319 2099 qui
1364 2030 1652 2083 ministrat.
1711 2027 1783 2083 Se
1838 2028 2014 2098 ipsum
2074 2026 2131 2081 in

542 2120 853 2189 exemplum
880 2119 1151 2174 sermonis
1175 2120 1400 2190 praebet.
1424 2121 1562 2176 Cum
1599 2122 1744 2175 enim
1771 2121 1873 2190 ipsi
1907 2133 2129 2175 accum-

542 2210 761 2275 berent,
813 2220 1069 2280 tanquam
1104 2212 1339 2279 majores
1394 2212 1463 2266 ab
1506 2227 1573 2267 eo
1606 2210 1799 2274 habiti,
1842 2210 1931 2264 ille
1972 2209 2136 2265 mini-

543 2301 771 2368 strabat,
804 2302 960 2370 quasi
991 2310 1328 2371 postremum
1363 2317 1423 2359 se
1449 2304 1631 2374 ipsum
1654 2304 1883 2368 ducens,
1917 2318 2040 2358 cum
2074 2311 2131 2358 et

543 2392 712 2462 pedes
736 2408 926 2447 eorum
960 2395 1188 2450 lararet.

622 2484 777 2541 Vers.
819 2487 909 2543 28.
956 2486 1053 2542 Vos
1081 2517 1150 2528 —
1184 2487 1339 2542 Vers.
1372 2486 1465 2543 29.
1522 2503 1762 2559 regnum.
1793 2515 1862 2527 --
1899 2478 2129 2555 Dispono

542 2581 689 2635 vobis
746 2600 986 2651 regnum,
1042 2582 1147 2638 hoc
1202 2592 1309 2647 est,
1367 2582 1649 2652 promitto.
1696 2580 1945 2651 Regnum
2002 2594 2131 2635 vero

544 2673 770 2729 cmleste
814 2674 1089 2746 intelligit,
1122 2676 1279 2744 cujus
1322 2690 1418 2744 spe
1471 2673 1775 2728 roborabat
1810 2686 1908 2727 eos
1963 2672 2131 2727 etiam

544 2765 612 2820 ad
644 2765 1071 2835 magnitudinem
1103 2782 1166 2821 ac
1189 2766 1556 2820 tolerantiam.

616 2858 773 2913 Vera.
799 2859 887 2913 50.
919 2859 981 2914 Ut
1010 2888 1079 2899 —
1109 2876 1345 2913 mensam
1376 2876 1565 2913 meam.
1604 2858 1845 2914 Mensam
1878 2858 2138 2913 videlicet

2323 2024 2511 2089 Τίς-
2542 2019 2865 2074 διακονῶν.
2920 2016 3146 2071 Ἑαυτὸν
3197 2016 3386 2079 αὐτοῖς
3433 2014 3656 2067 δίδωσιν
3706 2013 3833 2064 ὑπό-

2244 2116 2446 2184 δειγμα
2492 2112 2587 2167 τοῦ
2640 2111 2823 2180 λόγου.
2861 2109 3084 2163 Τούτων
3140 2108 3251 2179 γὰρ
3298 2106 3712 2177 ἀνακειμένων,
3763 2103 3834 2163 ὡς

2246 2204 2513 2275 μειζόνων
2564 2204 2655 2256 ὑπ’
2692 2200 2863 2257 αὐτοῦ
2909 2198 3239 2270 κριθέντων,
3276 2188 3439 2259 οὗτος
3486 2195 3833 2265 διηκόνησεν,

2242 2299 2319 2360 ὡς
2352 2298 2582 2365 ἔσχατον
2615 2294 2810 2348 ἑαυτὸν
2844 2291 3227 2362 λογισάμενος,
3262 2290 3355 2342 ὅτε
3390 2288 3547 2357 ενιψε
3576 2287 3708 2349 τοὺς
3736 2283 3834 2337 πός-

2244 2390 2341 2445 δαε
2375 2387 2579 2441 αὐτῶν.

2326 2480 2515 2550 Ὑμεῖς
2550 2508 2621 2520 --
2655 2475 3009 2542 βασιλείαν.
3063 2474 3404 2541 Διατίθεμαι
3468 2469 3619 2539 ὑμῖν
3653 2468 3835 2532 ,βασι-

2242 2575 2438 2639 λείαν,
2480 2574 2603 2627 ἀντὶ
2634 2570 2751 2634 τοῦ,
2824 2567 3285 2638 ἐπαγγέλλομαιο
3336 2562 3627 2634 βασιλείαν
3659 2561 3716 2613 δὲ
3747 2561 3834 2612 οὒ-

2245 2668 2452 2740 ράνιον,
2500 2660 2564 2733 ἧς
2614 2664 2732 2725 ταῖς
2770 2660 2954 2714 ἐλπίσι
2995 2659 3272 2727 διανευροί
3311 2654 3539 2717 τούτους
3585 2653 3669 2705 ἐτι
3704 2651 3835 2723 πρὸς

2241 2758 2509 2827 εὐψυχίαν
2536 2754 2630 2807 καὶ
2660 2753 2965 2823 ὑπομονήν.

2315 2852 2439 2902 Ἵνα
2468 2847 2851 2915 -τραπέζης
2891 2863 3033 2914 μου.
3084 2847 3197 2916 Τῆς
3250 2841 3543 2913 βασιλικῆς
3593 2836 3835 2908 ἐκείνης,

544 2950 696 3004 illam
743 2951 947 3021 regiam
1008 2966 1071 3005 ac
1120 2951 1415 3007 caelestem.
1476 2950 1713 3006 Possunt
1778 2959 1960 3007 autem
2022 2949 2132 3004 dici

2244 2941 2342 3010 τῆς
2370 2938 2646 3007 οὐρανίου.
2689 2934 2814 2991 Εἶεν
2850 2937 2893 2989 δ’
2949 2937 3016 2990 ἂν
3067 2936 3317 3005 τράπεζα
3367 2932 3470 3002 μὲν
3520 2929 3593 2984 τὰ
3643 2926 3836 3021 αἰώνια

544 3056 756 3107 mensa,
790 3042 930 3097 bona
956 3052 1159 3097 eterna
1186 3050 1241 3097 et
1282 3042 1603 3106 ineﬂabilia,
1627 3059 1751 3114 qua
1778 3042 2132 3114 diligentibus

2246 3034 2339 3086 καὶ
2366 3030 2662 3102 ἀπόρρητα
2692 3028 2898 3097 ἀγαθὰ,
2927 3028 2996 3081 τὰ
3020 3024 3409 3097 ἡτοιμασμένα
3438 3024 3549 3085 τοῖς
3576 3020 3835 3114 ἀγαπῶσι

548 3130 720 3186 Deum
769 3142 1071 3202 praeparata
1120 3142 1269 3199 sunt,
1323 3132 1481 3188 cibus
1537 3110 1670 3190 vero
1696 3149 1760 3190 ac
1814 3110 2000 3205 potus,
2050 3140 2132 3188 est

2246 3124 2338 3176 τὸν
2393 3122 2566 3175 Θεόν·
2627 3120 2833 3191 βρῶσις
2860 3120 2919 3173 δὲ
2951 3120 3048 3174 καὶ
3100 3118 3259 3181 πόσις
3301 3118 3335 3187 ἡ
3395 3114 3710 3175 ἀπόλαυσις
3740 3110 3835 3164 αὑ-

546 3221 760 3280 ilorum
797 3224 1007 3279 fruitio.
2166 3217 2208 3240 υ
2238 3217 2374 3271 τῶν.

620 3312 775 3369 Vers.
812 3314 1005 3370 50..Et
1032 3344 1099 3358 --
1132 3313 1325 3371 Israel.
1363 3314 1475 3371 [Ioc
1517 3317 1683 3371 etiam
1736 3316 1846 3371 illis
1891 3313 2132 3387 promisit

2316 3312 2426 3367 Kal
2459 3341 2528 3352 —
2562 3309 2839 3381 Ἰσραήλ.
2872 3309 3050 3363 Τοῦτο
3100 3308 3372 3379 ὑπέσχετο
3420 3307 3614 3370 αὐτοῖς
3654 3307 3752 3359 καὶ
3780 3306 3836 3358 ὲν

549 3406 971 3477 quadragesimo
1030 3408 1212 3478 primo
1258 3407 1545 3479 Evangelii
1612 3410 1767 3477 juxta
1826 3408 2132 3463 ﬂatthteum

2244 3404 2321 3476 τῷ
2348 3403 2777 3475 τεσσαρακοστῷ
2822 3402 3028 3475 πρώτῳ
3075 3401 3363 3472 κεφαλαίῳ
3392 3399 3487 3453 τοῦ
3514 3400 3662 3453 κατά
3688 3400 3838 3452 Ματ-

548 3497 750 3567 capite,
786 3498 876 3551 ubi
925 3501 1191 3570 scriptum
1240 3510 1326 3554 est
1363 3498 1564 3555 :Jesus
1608 3508 1792 3555 autem
1825 3500 1964 3555 dixit
2007 3499 2089 3555 eis
2123 3514 2132 3552 :

2244 3500 2419 3561 θαῐον,
2455 3498 2586 3551 ἔνθα
2635 3498 2954 3567 γέγραπται
2993 3498 3087 3550 τό·
3135 3497 3163 3549 ὁ
3193 3496 3249 3548 δὲ
3296 3493 3511 3563 Ἰησοῦς
3546 3488 3706 3547 εἶπεν
3744 3490 3837 3543 αὖ·

548 3589 717 3642 Amen
749 3589 864 3643 dico
892 3591 1054 3655 vobis,
1086 3592 1226 3660 quod
1255 3608 1343 3645 vos
1376 3593 1466 3661 qui
1501 3594 1665 3646 secuti
1695 3594 1817 3646 estis
1858 3608 1939 3647 me
1961 3597 2036 3659 ὀ,
2083 3601 2132 3648 et

2245 3595 2355 3655 τοῖς
2385 3608 2399 3621 ο
2439 3591 2628 3661 ’Δμὴν
2662 3590 2819 3659 λέγω
2859 3589 3023 3657 ὑμῖν,
3054 3588 3145 3641 ὅτι
3174 3586 3347 3655 ὑμεῖς
3390 3588 3446 3640 οἱ
3494 3582 3835 3646 ἀκολουθήο

548 3688 745 3734 caetera
784 3697 798 3734 :
836 3681 906 3735 ibi
940 3695 1071 3751 ergo
1104 3681 1221 3751 lege
1249 3684 1441 3736 horum
1476 3682 2005 3752 interpretationem.

2244 3685 2467 3749 σαντές
2498 3701 2623 3751 μοι,
2651 3684 2721 3737 ἐν
2763 3682 2836 3750 τῇ
2869 3682 3326 3749 παλιγγενεσία,
3366 3679 3518 3733 ὅταν
3542 3678 3767 3743 καθίσῃ
3806 3676 3839 3727 ό

551 3774 688 3839 Υἱὸς
743 3772 848 3827 τοῦ
905 3772 1224 3843 ἀνθρώπου
1272 3776 1369 3829 ἐπὶ
1430 3778 1647 3845 θρόνου
1694 3778 1883 3845 δόξης
1927 3778 2137 3845 αὐτοῦ,
2180 3782 2509 3835 καθίσεσθε
2581 3780 2680 3834 καὶ
2732 3778 2903 3849 ὑμεῖς
2946 3779 3039 3830 ἐπὶ
3086 3776 3318 3830 δώδεκα
3388 3777 3670 3845 θρόνους,
3715 3774 3839 3841 upi-

550 3881 770 3931 rortec
818 3867 929 3933 τὰς
975 3865 1204 3920 δώδεκα
1259 3867 1463 3936 φυλὰς
1521 3869 1627 3923 τοῦ
1690 3870 1942 3939 Ἰσραήλ
1970 3885 1988 3904 ⁸
2019 3872 2115 3926 καὶ
2150 3873 2429 3943 ἀνάγνωθι
2464 3874 2561 3943 τὴν
2584 3871 2791 3926 τούτων
2815 3873 3099 3941 ἐξήγησιν.

747 3983 900 4039 CAP.
935 3981 1222 4038 LXXVIII.
1252 3984 1329 4037 De
1358 3986 1678 4053 expetitione
1710 3984 1958 4042 Satamn.

2323 3991 2481 4043 ΚΕΦ.
2520 3988 2649 4043 ΟΗ’.
2686 3990 2819 4057 Περὶ
2851 3987 2957 4054 τῆς
2980 3987 3345 4055 ἐξαιτήσεως
3372 3985 3480 4039 τοῦ
3508 3983 3768 4039 Σατανᾶ.

625 4077 784 4134 Vera.
827 4078 917 4132 51.
943 4074 1091 4129 Dixit
1128 4105 1197 4117 —
1226 4077 1483 4131 triticum.
1515 4076 1589 4131 Illi
1640 4079 1789 4133 enim
1847 4080 2015 4135 moris
2063 4095 2132 4141 est

2320 4076 2469 4134 Εἶπε
2498 4110 2563 4120 -
2592 4079 2793 4135 σῖτον.
2836 4078 2999 4141 Ἐθος
3038 4079 3149 4147 γὰρ
3188 4076 3341 4147 αὒτῷ
3376 4075 3503 4138 τοὺς
3535 4073 3837 4142 δοκιμωτέ-

558 4174 969 4244 ρτιεειαηιίοτεε
1032 4182 1290 4242 expetere
1336 4173 1404 4228 ad
1452 4175 1787 4244 palaestram,
1828 4176 1973 4233 sicut
2019 4175 2132 4233 Iob.

2251 4188 2376 4241 pou;
2411 4171 2743 4237 ἐξαιτεῖσθαι
2798 4171 2937 4241 πρὸς
2970 4169 3167 4237 πάληνς
3210 4168 3287 4231 ὡς
3318 4169 3408 4221 τὸν
3447 4166 3591 4222 Ἰώσ.
3620 4166 3832 4221 Συντά-

552 4269 808 4323 Cribrare
836 4281 989 4331 vero,
1028 4264 1082 4320 i.I
1122 4275 1231 4329 est,
1268 4266 1512 4331 turbare,
1552 4282 1796 4334 movere,
1834 4270 2132 4326 concitare.

2245 4280 2350 4317 σαι
2402 4265 2480 4330 δὲ,
2535 4265 2657 4317 ἀντὶ
2696 4264 2815 4326 τοῦ,
2868 4264 2977 4333 (55)
3046 4260 3371 4333 θορυϐῆσαι,
3431 4260 3699 4328 κυκῆσαι,
3743 4276 3834 4312 τα-

553 4362 808 4416 Cribrum
840 4359 1138 4428 siquidem,
1162 4358 1311 4427 quod
1341 4357 1686 4428 frequentius
1708 4361 1986 4427 κόσκικον,
2027 4362 2132 4417 sive

2256 4355 2436 4427 ράξαι.
2490 4356 2665 4407 Σινίον
2704 4355 2817 4423 (54)
2852 4354 2961 4424 γὰρ
2985 4355 3132 4423 παρά
3164 4370 3276 4406 τισι
3329 4354 3581 4405 καλεῖται
3616 4351 3677 4404 τὸ
3712 4349 3831 4420 παρ’

556 4452 895 4522 σινιατήριον
933 4450 1007 4522 (y)
1044 4459 1289 4513 vocatur,
1326 4464 1356 4503 a
1399 4450 1727 4519 quibusdam
1760 4452 1926 4505 etiam
1972 4453 2132 4505 civim

2254 4447 2387 4516 ἡμῖν
2424 4445 2699 4510 κόσκινον,
2756 4446 2813 4497 ἐν
2842 4440 2887 4513 ᾦ
2926 4447 2953 4497 ό
2993 4446 3139 4508 σῖτος
3170 4444 3297 4513 τῇδε
3328 4444 3558 4496 κάκεῖσε
3600 4459 3832 4513 μεταφε-

556 4544 779 4608 dicitur,
805 4558 835 4597 a
865 4558 972 4611 quo
997 4543 1220 4597 verbum
1251 4543 1477 4609 σινιάζω
1504 4544 1711 4604 cribro.
1746 4544 1831 4600 vel
1864 4548 2145 4602 concutio.

2254 4539 2486 4609 ρόμενος
2524 4538 2888 4609 ταράσσεται.
2922 4537 3186 4609 Προλέγει
3227 4537 3286 4590 δὲ
3336 4537 3526 4600 αὐτοῖς
3580 4537 3715 4606 περὶ
3746 4534 3831 4588 τοῦ

556 4640 692 4691 Nam
740 4636 792 4689 in
840 4635 1021 4689 cribro
1066 4636 1303 4690 triticum
1340 4636 1669 4691 transfertur
1728 4646 1785 4692 et
1831 4639 2132 4695 concutitui

2253 4625 2545 4693 μέλλοντος
2593 4628 2923 4698 πειρασμοῦ,
2949 4626 3060 4693 ὅτε,
3114 4626 3318 4691 πάντες
3374 4627 3621 4696 ἀφέντες
3652 4625 3829 4687 αὑτὸν,

561 4742 627 4782 ac
690 4727 1073 4783 confunditur.
1136 4728 1391 4783 Przedicit
1448 4738 1632 4783 autem
1696 4730 1778 4784 eis
1842 4731 1911 4787 de
1964 4729 2148 4787 futura
2250 4714 2473 4785 ἔφυγονσ

560 4822 882 4885 tcntatione,
919 4821 1139 4889 quando
1171 4826 1365 4877 omnes
1399 4821 1590 4877 relicto
1618 4836 1686 4877 eo
1721 4822 2001 4895 fugerunt.

630 4906 792 4963 Vers.
813 4910 1209 4977 32.Ego—-tua.
1229 4909 1459 4981 Rogavi,
1483 4910 1686 4981 inquit.
1708 4912 1925 4967 Patrem
1956 4928 2143 4968 meum

558 5005 815 5067 tanquam
841 4998 1028 5061 homo,
1058 5015 1127 5054 ne
1162 5000 1360 5068 perdas
1395 5002 1620 5057 tandem
1653 5002 1722 5073 (ι)
1762 5002 1925 5057 (idem
1958 5012 2134 5069 tuam,

558 5103 724 5158 quam
756 5090 810 5144 in
837 5104 923 5146 me
950 5090 1142 5158 habes,
1168 5092 1221 5145 in
1257 5100 1505 5164 tempore
1537 5094 1871 5166 negationis.

668 5263 716 5297 "
740 5264 933 5319 Matth.
962 5281 1077 5331 xu,
1126 5265 1217 5323 28.

2334 4904 2480 4974 Ἐγὼ
2514 4937 2581 4947 -
2616 4920 2757 4961 σου.
2801 4905 3064 4978 Ἐδεήθην
3096 4906 3193 4961 τοῦ
3223 4908 3442 4979 Πατρός
3475 4924 3607 4979 μου,
3651 4904 3826 4976 φησὶν.

2250 4998 2326 5061 ὡς
2383 4997 2692 5068 ἄνθρωπος,
2726 4998 2816 5050 ἵνα
2852 4997 2928 5068 μὴ
2973 4997 3157 5051 τέλεον
3208 4996 3491 5069 ἀπολέσῃς
3520 4998 3624 5067 τὴν
3654 4996 3827 5050 πίστιν

2254 5109 2365 5153 σου,
2410 5090 2508 5160 τὴν
2544 5090 2625 5153 είς
2654 5089 2780 5160 ἐμὲ,
2820 5091 2879 5143 ἐν
2907 5090 2984 5161 τῷ
3018 5090 3200 5162 καιρῷ
3232 5089 3332 5161 τῆς
3363 5092 3678 5159 ἀρνήσεως.

1761 5337 1964 5399 Varias
2001 5338 2307 5400 lectiones
2346 5344 2405 5400 et
2434 5343 2625 5401 notm.

634 5498 748 5572 (εξ)
783 5497 1063 5572 Chrysost.
1089 5508 1222 5555 tom.
1255 5496 1391 5566 VIII,
1426 5514 1483 5570 p.
1550 5497 1674 5566 785,
1720 5497 1784 5553 D.
1823 5499 2147 5572 θορυϐῆσαι,

561 5570 817 5641 ταράξαι,
842 5570 1125 5640 πειρᾶσαι.

636 5752 709 5822 (qi
741 5750 861 5807 Sive
892 5751 1287 5818 σινιατήριον,
1314 5760 1424 5804 etc.
1460 5751 1559 5807 Ilic
1603 5751 1851 5821 quadam
1888 5752 1953 5807 de
2017 5752 2130 5807 suis

565 5825 781 5881 videtur
804 5822 1080 5879 addidisse
1112 5823 1412 5892 interpres.

2329 5502 2441 5571 (54)
2471 5502 2609 5558 Vide
2631 5502 2999 5557 Wetstenium
3020 5502 3087 5559 ad
3121 5502 3177 5557 h.
3246 5503 3282 5557 1.
3330 5503 3498 5555 σινίοδ
3560 5515 3672 5556 non
3729 5495 3821 5569 legi

2255 5572 2383 5627 alibi
2423 5574 2671 5627 κόσκινον
2707 5574 2870 5627 habet
2897 5573 3073 5642 I‘lato,
3108 5591 3162 5644 p.
3197 5573 3323 5641 320,
3357 5574 3483 5629 584.

2317 5753 2387 5827 (z)
2422 5754 2672 5811 Tandem.
2710 5755 2907 5811 Τέλεον
2930 5765 3014 5812 est
3053 5772 3292 5825 prorsus.
