4070 6396
165 370 313 437 1ῡ81

1153 376 1541 440 COMMENT.
1584 379 1666 438 ΙΝ
1710 377 2064 442 LUCAM.-
2100 382 2261 446 CAP.
2301 386 2436 446 XXI
2452 388 2500 450 ί.

3317 382 3458 448 1082

247 486 363 540 Kal
412 515 478 528 —-
519 501 662 542 σου.
727 485 1120 558 Ἐπιστρέψας.
1186 489 1328 560 μετὰ
1377 491 1476 562 τὴν
1532 492 1736 562 ἇρνησι

1847 534 1850 542 .
1941 495 2098 550 Vers.
2133 496 2223 552 32.
2259 500 2371 572 Ego
2393 532 2458 542 —
2488 511 2628 558 tuos.
2660 533 2726 546 --
2754 502 3093 566 Conversus,
3136 509 3260 570 post
3288 516 3457 574 nega-
3506 539 3510 543 ρ

158 575 438 649 δηλονότι,
470 577 560 632 διὰ
590 578 874 649 κλαυθμοῦ
903 580 1126 650 πικροῦ,
1165 581 1444 636 τουτέστιν
1471 586 1760 636 ἀποκατα-

1867 587 2069 643 tionem
2099 591 2372 656 videlicet,
2413 610 2509 663 per
2543 593 2728 650 ﬂetum
2756 610 3006 648 amarum
3040 611 3056 659 ;
3106 594 3211 648 hoc.
3235 601 3346 656 est.
3396 595 3452 648 in

163 669 309 730 στὰς
365 668 528 721 πάλιν
556 689 558 691 ν
587 670 667 731 είς
707 669 808 738 τὴν
863 670 1090 740 πρώτην
1144 673 1326 738 τάξιν.
1379 673 1670 744 Ἀδελφοὺς
1701 674 1736 726 δὲ

1862 678 2154 747 pristinum
2196 681 2378 736 locum
2420 683 2602 738 denuo
2649 684 2954 738 restitutus.
2998 682 3220 737 Fratres
3266 692 3450 737 autem

157 759 338 813 αὑτοῦ
389 777 527 829 φησι
567 762 695 822 τοὺς
751 761 948 824 ἄλλους
977 764 1398 836 ἀποστόλους,ἢ
1436 766 1564 828 τοὺς
1625 765 1754 836 μέλ·

157 847 362 911 λοντας
391 849 460 900 δι’
497 848 667 902 αὑτοῦ
703 850 1012 906 πιστεύειν.

247 938 308 993 '0
340 940 409 994 δὲ
438 973 505 985 -
534 944 924 1010 πορεύεσθαι.
965 945 1138 1010 Ἔδει,
1186 945 1418 1002 τοιαῦτα
1461 948 1616 1020 παρὰ
1654 951 1755 1020 τῆς

155 1031 565 1102 αὑτοαληθείας
595 1036 931 1102 ἀκούσαντα,
970 1039 1125 1108 ισχὺν
1165 1041 1388 1109 αἰτῆσαι
1419 1044 1552 1112 παρ’
1584 1039 1753 1096 αὐτοῦ

157 1126 260 1176 καὶ
291 1124 579 1194 βοήθειαν·
614 1129 643 1180 ὁ
672 1128 730 1182 δὲ
759 1129 963 1196 μᾶλλον
995 1120 1484 1202 ὐπὺ”θερμότητος
1513 1133 1752 1187 ἀντιτεί-

153 1232 266 1279 νει,
300 1217 467 1286 μηδὲν
492 1218 739 1272 τοιοῦτον
767 1221 982 1276 παθεῖν.

248 1300 316 1352 Ὀ
370 1301 650 1371 dli—ps.
701 1304 955 1374 Σήμερον
1013 1301 1156 1369 εἷπε,
1212 1306 1302 1360 διὰ
1350 1308 1410 1360 τὸ
1459 1304 1601 1364 εἶναι
1648 1309 1750 1381 τὴν

152 1391 429 1446 ἐπιοῦσαν
488 1392 665 1447 νύκτα
715 1398 815 1464 τῆς
871 1398 1086 1467 ἡμέρας
1139 1398 1378 1469 ἐκείνης.
1430 1401 1637 1470 Γράφει
1690 1403 1747 1456 δὲ

150 1482 441 1547 Ματθαῖος
475 1486 533 1538 ὲν
584 1485 664 1555 τῷ
722 1487 1005 1559 ἑξηκοστῷ
1051 1492 1302 1562 τετάρτῳ
1335 1494 1618 1564 κεφαλαίῳ
1651 1496 1746 1550 αὖ·

148 1571 254 1624 τοῦ
296 1589 310 1602 ·
342 1575 424 1627 ὅτι
455 1574 560 1646 ἔφη
607 1577 758 1648 αὑτῷ
791 1581 820 1631 ὀ
865 1578 1076 1648 Ἰησοῦς
1122 1595 1134 1607 ·
1182 1580 1394 1650 Ἀμὴν,
1426 1582 1582 1652 λέγω
1619 1601 1741 1648 σοι,

149 1665 248 1718 ὅτι
300 1665 372 1718 ἐν
399 1669 586 1739 ταύτῃ
627 1667 704 1738 τῇ
734 1669 1093 1740 rvat/Lapis.
1121 1672 1417 1740 ἀλέκτορα
1445 1674 1745 1742 φωνῆσαι,

147 1757 283 1826 τρίς
322 1759 650 1828 ἀπαρνήσῃ
688 1777 763 1830 με
793 1778 807 1793 ο
842 1763 937 1815 καὶ
991 1764 1268 1832 ἀνάγνωθι
1321 1768 1440 1819 ἐκεῖ
1481 1767 1594 1837 (55)
1644 1766 1746 1837 τὴν

148 1846 446 1917 ἐξήγησιν.

222 1939 337 1992 Kal
393 1937 563 1995 εἶπεν
610 1972 682 1983 -
733 1944 1003 2011 οὐδενός.
1043 1946 1218 2014 Ἀτερ
1255 1947 1392 2019 (56),
1434 1949 1558 2002 ἀντὶ
1621 1951 1740 2011 τοῦ,

146 2030 347 2100 χωρίς.
419 2033 530 2087 Καὶ
587 2034 695 2103 μὴν
754 2036 856 2090 οὐκ
904 2038 1278 2108 ἐμνημόνευσε
1338 2041 1462 2093 τότε
1548 2041 1744 2111 βαλαν-

144 2120 270 2172 τίου
308 2121 444 2191 (57),
511 2124 653 2196 πλὴν
706 2126 783 2196 τῷ
835 2129 1024 2197 χρυσῷ
1074 2131 1169 2182 καὶ
1225 2130 1305 2201 τῷ
1358 2130 1591 2203 ἀργύρῳ
1645 2133 1742 2185 καὶ

143 2209 312 2265 τοῦτο
344 2215 793 2285 συνεπεδήλωσεν
817 2218 955 2288 (58).
994 2220 1210 2274 Ἐκεῖνα
1246 2222 1356 2294 γὰρ
1389 2223 1535 2293 ἔχειν
1564 2224 1741 2278 κωλύ-

147 2315 277 2366 σας,
315 2302 583 2372 πρόδηλον
620 2315 639 2334 ⁶
669 2306 750 2359 ὅτι
801 2307 1076 2361 καὶτοῦτο
1117 2311 1432 2366 κεκώλυκεν
1481 2315 1625 2378 ἐπεὶ,
1664 2314 1738 2385 μὴ

142 2390 308 2454 ὄντος
329 2393 646 2465 θησαυροῦ,
679 2399 938 2467 περιττὸν
967 2401 1076 2469 ἄρα
1106 2403 1166 2454 τὸ
1199 2403 1735 2474 θησαυροφυλάκιον.

143 2479 227 2552 Τῇ
262 2486 417 2554 πήρᾳ
473 2485 576 2555 μὲν
626 2488 735 2559 γὰρ
780 2489 894 2559 (59)
942 2490 1031 2544 τὸν
1080 2494 1248 2562 ἄρτον
1303 2497 1626 2551 ἐνέϐαλλον*
1659 2499 1738 2570 τῷ

142 2576 434 2648 φασκολίῳ
487 2578 543 2631 δὲ
610 2580 701 2632 τὸν
748 2581 972 2650 χαλκὸν,
1016 2585 1135 2640 ἤτοι
1184 2587 1310 2650 τοὺς
1346 2589 1606 2652 ὀϐολούς⁸
1656 2593 1736 2663 τῷ

141 2665 425 2736 βαλαντίῳ
452 2668 566 2739 (60)
600 2670 655 2724 δὲ
695 2672 789 2725 τὸν
813 2674 1017 2744 χρυσὸν
1053 2678 1147 2730 καὶ
1173 2678 1263 2732 τὸν
1295 2679 1560 2754 ἄργυρον.
1608 2684 1737 2739 ’Υσ-

137 2757 373 2830 τὲρησιν
411 2761 524 2832 (6|)
556 2763 614 2816 δὲ
644 2763 796 2831 λέγει
828 2765 927 2836 τὴν
963 2766 1198 2826 ἔνδειαν.

211 2920 403 2976 Εἶπεν
422 2953 490 2964 -
515 2922 737 2992 πήραν.
769 2925 870 2999 ['0
895 2928 1009 3001 (62)
1032 2931 1192 3000 ἔχων
1209 2935 1554 2999 βαλάντιον
1587 2941 1732 3013 (63),

135 3015 390 3107 τουτέστι
443 3017 670 3086 γνῶσιν,
719 3019 935 3090 ἀράτω.
996 3023 1093 3078 καί
1146 3026 1372 3096 πήραν,
1430 3031 1599 3102 ἤγουν
1638 3034 1735 3107 θη-

1775 1823 1823 1881 Β

1861 769 1984 838 ejus
2012 770 2147 826 dicit
2174 774 2416 842 reliquos
2442 777 2741 845 apostolos,
2781 785 2874 828 aut
2907 776 3045 839 illos,
3089 776 3182 845 qui
3219 790 3317 844 per
3355 791 3453 829 eos

1860 869 2019 914 erant
2047 863 2330 918 credituri.

1935 950 2088 1006 Vcrs.
2125 954 2214 1008 53.
2247 961 2312 1008 At
2344 956 2433 1010 ille
2457 959 2647 1012 —.ire.
2693 958 3019 1028 Oportebat.
3054 974 3178 1012 cum
3222 958 3338 1010 lucc
3381 957 3450 1010 ab

1857 1038 1973 1110 ipsa
1999 1043 2228 1099 veritate
2255 1047 2521 1111 audisset,
2551 1051 2930 1106 fortitudinem
2981 1061 3148 1119 atque
3178 1050 3442 1104 auxilium

1855 1133 1924 1187 ab
1954 1149 2021 1189 eo
2046 1145 2231 1205 petere
2262 1157 2275 1193 :
2307 1148 2363 1194 at
2396 1140 2487 1194 ille
2513 1158 2624 1211 prie
2645 1143 2859 1198 fervore
2888 1141 3215 1198 contradicit
3241 1142 3446 1211 potius,

1855 1239 2137 1291 assuetis,
2170 1245 2230 1284 se
2258 1231 2397 1285 nihil
2441 1233 2547 1289 tale
2578 1250 2895 1304 passurum.

1930 1315 2082 1374 Vcrs.
2114 1321 2204 1376 δι.
2240 1319 2360 1390 Ipse
2392 1341 2509 1378 vero
2538 1357 2605 1367 —
2635 1343 2735 1383 me.
2756 1324 2950 1391 llodie,
2982 1325 3179 1394 inquit,
3215 1339 3281 1378 eo
3303 1321 3446 1392 quod

1853 1409 2093 1466 instabat
2140 1430 2249 1469 nox
2312 1417 2419 1471 diei
2469 1418 2632 1472 illius.
2687 1419 2891 1473 Scribit
2946 1427 3130 1472 autem
3162 1414 3448 1470 Mattltzeus

1851 1503 2192 1572 sexagesimo
2244 1517 2438 1575 quarto
2481 1509 2679 1578 capite,
2721 1510 2866 1579 quod
2921 1499 3229 1564 dixeritilli
3264 1505 3444 1560 .lesus:

1850 1593 1981 1647 Dico
2000 1596 2114 1659 tibi,
2151 1596 2326 1663 Petre,
2359 1601 2500 1669 quod
2533 1602 2585 1655 in
2623 1603 2724 1654 hac
2755 1611 2921 1662 nocte.
2947 1602 3259 1672 priusquam
3274 1598 3448 1671 gallus

1850 1697 2031 1756 canat,
2063 1698 2140 1742 ter
2179 1706 2260 1744 me
2293 1691 2578 1760 abneqabis
2607 1695 2675 1759 7';
2709 1694 2911 1765 ibilege
2940 1694 3375 1749 enarrationem.

1921 1947 2072 2002 Vers.
2115 1947 2207 2000 '55.
2251 1946 2316 2000 Et
2369 1947 2500 2001 dixit
2569 1977 2640 1987 —
2698 1947 2852 2001 nihil.
2918 1946 3022 2018 (ﬁ-
3080 1949 3272 2017 Ἀτερ,
3327 1948 3448 2004 loco

1844 2038 2016 2108 χωρὶς
2045 2053 2144 2092 seu
2175 2039 2290 2091 sine
2320 2038 2360 2104 .)
2386 2039 2551 2108 Atqui
2620 2048 2752 2094 tunc
2804 2039 2874 2093 de
2920 2039 3117 2092 loculis
3155 2039 3302 2094 nulla
3361 2051 3449 2095 est

1843 2127 1986 2182 facta
2009 2127 2235 2182 mentio.
2271 2127 2472 2182 Verum
2508 2143 2607 2196 per
2645 2143 2842 2182 aurum
2882 2136 2936 2182 et
2966 2136 3254 2198 argentum
3277 2128 3443 2184 etiam

1845 2219 1950 2273 hoc
1996 2217 2158 2272 simul
2190 2218 2390 2272 innuit.
2451 2217 2590 2274 Cum
2634 2218 2783 2273 enint
2826 2218 2916 2273 illa
2945 2219 3228 2288 possidere
3259 2227 3442 2276 vetas-

1843 2320 1949 2376 ιρι,
2005 2310 2381 2373 manifestum,
2437 2312 2581 2380 quod
2638 2320 2696 2365 et
2750 2311 2853 2369 hoc
2900 2310 3294 2380 prohibuerit:
3346 2311 3439 2367 ubi

1841 2416 2080 2470 namque
2135 2417 2247 2455 non
2310 2410 2396 2455 est
2460 2402 2777 2465 thesaurus,
2843 2402 3047 2469 utique,
3096 2399 3442 2472 superﬂuum

1841 2504 1924 2548 est
1988 2493 2229 2547 thesauri
2313 2492 2721 2562 repositorium.
2805 2490 2864 2545 in
2916 2507 3102 2562 peram
3168 2492 3441 2562 siquidem

1841 2599 2038 2652 panem
2077 2582 2443 2637 immittebant
2497 2600 2510 2636 :
2566 2582 2620 2635 in
2672 2583 3016 2652 marsupium
3066 2595 3198 2644 vero
3261 2581 3444 2636 coria-

1842 2691 2022 2737 cctun,
2053 2676 2195 2744 quod
2231 2674 2541 2744 φασκώλιον
2559 2681 2780 2736 vocant,
2805 2689 2902 2737 aes,
2935 2674 3054 2728 sive
3081 2673 3309 2736 obolos.
3349 2689 3443 2728 re-

1841 2770 2140 2838 ponebam;
2187 2767 2240 2820 in
2287 2767 2493 2822 loculos
2523 2777 2736 2830 autem,
2775 2781 2973 2820 aurum
3023 2774 3082 2820 et
3128 2773 3439 2838 argentum.

1849 2857 2176 2926 ’Υστέρησιν
2220 2866 2404 2911 autem
2438 2866 2598 2911 vocat
2615 2855 2875 2928 defectum
2920 2855 3224 2926 (inopiam).

1908 2949 2070 3005 Vers.
2115 2947 2207 3003 56.
2265 2948 2406 3002 Dicit
2437 2965 2739 3018 —perum.
2797 2947 2944 3017 1-0ιεὶ
3009 2948 3162 3002 habet
3215 2946 3437 3009 loculos.

1838 3041 1944 3096 hoc
1981 3050 2085 3106 est,
2123 3041 2431 3105 scientiam,
2463 3039 2616 3095 tollat
2653 3048 2704 3095 et
2770 3058 2981 3108 peram,
3007 3041 3327 3096 thesaurum
3359 3039 3443 3096 vi-

140 3105 347 3175 σαυρδν
377 3109 631 3178 ἀρετῶνο
680 3110 983 3180 ἀναγκαῖον
1031 3114 1140 3187 γὰρ
1203 3117 1284 3188 τῷ
1343 3124 1634 3196 γνωστικῷ
1693 3105 1734 3181 *ὁ

1847 3134 2037 3190 delicet
2063 3105 2351 3199 uirtutum;
2370 3149 2497 3188 nam
2525 3133 2748 3189 babenti
2779 3133 3064 3189 scientiam
3115 3132 3440 3189 necessaria

138 3201 400 3298 ’πλοῦτος⁸
426 3202 538 3256 τῶν
587 3205 826 3276 ἀρετῶν.
900 3207 962 3263 '0
1005 3208 1063 3262 δὲ
1122 3209 1198 3282 μὴ
1240 3209 1381 3282 Ιχων
1441 3215 1733 3289 ἀμφότερα

1847 3238 1969 3282 sunt
1998 3237 2052 3282 et
2069 3225 2330 3282 virtutum
2368 3224 2597 3282 divitia.
2622 3224 2727 3292 Qui
2756 3241 2886 3298 ergo
2908 3241 3018 3280 non
3037 3225 3202 3281 habet
3225 3235 3441 3280 utrum-

136 3291 484 3357 πωλησάτω
536 3293 604 3347 τὸ
644 3295 882 3364 ιμάτιον
928 3297 1138 3365 αὑτοῦ,
1177 3301 1463 3355 τουτέστιν
1528 3304 1734 3358 ἐκδότω

135 3385 200 3436 τὸ
243 3384 406 3453 σῶμα
440 3388 554 3449 τοῖς
603 3387 786 3450 πόνοις
835 3388 946 3442 τῶν
995 3391 1229 3461 ἀρετῶν,
1291 3394 1386 3448 καὶ
1432 3397 1734 3467 ac:chan

137 3478 381 3548 πῦλεμον
415 3481 552 3550 πρὸς
575 3481 643 3534 τὰ
675 3481 823 3557 πάθη
857 3483 1109 3548 καὶτοὺς
1142 3487 1456 3561 δαίμονας.]

213 3572 349 3624 Τότε
385 3571 485 3640 μὲν
531 3562 849 3643 ἀναγκαίως
900 3576 1084 3638 αὐτοῖς
1134 3579 1374 3648 ἐπέθηκε
1424 3582 1525 3654 τὴν
1553 3583 1730 3654 ἀκτη-

143 3662 411 3734 μοσύνην,
468 3664 554 3717 ἵνα
608 3665 1039 3736 κατορθώσωσιν
1073 3670 1277 3740 αὐτήν*
1311 3673 1434 3726 ἐπεὶ
1469 3674 1526 3728 δὲ
1569 3675 1732 3731 τοῦτο

138 3756 393 3824 γέγονεν,
435 3757 668 3827 ἀφαιρεῖ
697 3756 794 3812 νῦν
824 3759 924 3830 τὴν
951 3760 1202 3833 ἀνάγκην
1251 3765 1346 3818 καὶ
1402 3771 1732 3840 παραχωρεῖ

137 3847 358 3911 τούτοις
409 3846 555 3918 ἔχειν
606 3849 702 3902 καὶ
733 3849 850 3921 (οι)
905 3850 1196 3921 βαλάντιον
1247 3859 1342 3910 καὶ
1399 3861 1606 3930 πήραν,
1640 3861 1729 3916 ἵνα

140 3941 288 4010 φανῇ
303 3937 509 3993 τούτων
529 3941 562 4010 ή
585 3941 778 4010 ἀρετὴ,
797 3943 966 4013 χωρὶς
983 3944 1227 4018 ἀνάγκης
1247 3948 1727 4018 ὰκτημονούντων.

137 4035 252 4087 Καὶ
286 4033 556 4104 πρότερον
592 4035 702 4104 μὲν⁸
736 4036 899 4102 αὐτὸς
951 4037 1310 4104 διεϐάσταζεν
1361 4045 1586 4111 αὐτοὺς,
1624 4047 1728 4102 οὐκ

136 4123 245 4175 ἐῶν
274 4140 422 4185 τινος
449 4125 722 4193 ὑστερεῖν,
751 4125 840 4179 διὰ
860 4125 957 4198 τὴν
980 4126 1268 4183 ἀσθένειαν
1300 4134 1484 4187 αὐτῶν
1521 4149 1536 4164 ·
1566 4135 1729 4190 ὕστε-

139 4232 235 4286 ρον
283 4213 343 4268 δὲ
397 4215 625 4279 τούτους
678 4217 864 4287 ἀφῆκε
917 4217 1136 4289 βοηθεῖν
1193 4222 1434 4290 ἑαυτοῖς,
1496 4226 1574 4292 ὥς
1625 4228 1729 4300 ἥδη

138 4307 536 4379 στερροτέρους
584 4310 990 4379 γεγενημένους
1027 4327 1041 4341 ο
1087 4312 1250 4393 τοῦτο
1310 4314 1419 4384 γὰρ
1465 4316 1739 4387 δηλοῦται-

138 4402 235 4452 καὶ
273 4398 389 4468 (65)
420 4397 509 4451 διὰ
561 4399 656 4452 τοῦ
709 4398 997 4470 βαλαντίου
1033 4401 1147 4474 (66)
1202 4404 1300 4457 καὶ
1357 4407 1457 4476 τῆς
1517 4409 1725 4480 πήρας.

1839 3334 1966 3389 que,
2035 3318 2228 3373 vendat
2269 3317 2505 3371 tunicam
2538 3333 2714 3383 suam,
2771 3316 2827 3374 id
2866 3325 2970 3382 est,
3013 3319 3251 3387 exponat
3315 3332 3444 3372 cor-

1836 3427 1941 3482 pus
1971 3410 2250 3464 laboribus
2282 3410 2573 3474 virtutum,
2614 3418 2671 3464 et
2690 3418 2831 3464 emat
2856 3409 3119 3480 gladium,
3170 3411 3276 3466 hoc
3328 3418 3437 3474 est,

1837 3504 2056 3560 dimicet
2081 3503 2341 3559 adversus
2362 3501 2680 3558 affectiones
2709 3511 2767 3556 et
2796 3499 3097 3557 daemones.

1908 3596 2065 3650 Tunc
2091 3595 2316 3666 quidem
2335 3594 2652 3650 necessario
2665 3602 2966 3664 egestatem
2980 3593 3061 3647 eis
3079 3591 3361 3663 imposuit,
3377 3598 3441 3648 ut

1835 3689 1902 3745 ad
1931 3689 2076 3743 illam
2116 3687 2536 3758 accingerentur
2566 3702 2582 3749 ;
2625 3693 2915 3755 postquam
2944 3700 3077 3739 vero
3103 3684 3210 3738 hoc
3252 3691 3434 3741 actum

1834 3791 1939 3846 est,
1971 3779 2151 3834 aufert
2200 3795 2348 3833 nunc
2377 3777 2807 3842 necessitatem,
2829 3787 2886 3832 et
2937 3777 3209 3846 permittit
3240 3776 3324 3832 eis
3377 3787 3432 3832 ut

1832 3874 2044 3930 loculos
2079 3873 2321 3927 habeant
2349 3879 2403 3925 et
2432 3884 2646 3940 peram.
2685 3884 2796 3939 quo
2828 3868 3006 3923 virtus
3035 3883 3228 3923 eorum
3268 3883 3436 3939 appa-

1833 3966 2068 4035 reat,qui
2092 3964 2238 4020 nulla
2256 3972 2488 4034 cogente
2516 3961 2848 4017 necessitate
2871 3961 3434 4031 sectanturinopiam;

1831 4069 1888 4114 et
1918 4059 2153 4128 primum
2181 4055 2400 4126 quidem
2460 4055 2582 4124 ipse
2612 4055 2835 4109 tenebat
2863 4053 3008 4117 illos,
3081 4068 3189 4108 nou
3239 4053 3438 4108 sinetis

1833 4155 1893 4202 ut
1917 4147 2098 4216 aliquo
2136 4152 2381 4216 egerent,
2425 4153 2652 4214 propter
2721 4158 2912 4197 eorum
2964 4142 3434 4208 imbecillitatem;

1833 4237 2183 4309 postmodum
2215 4252 2347 4291 vero
2397 4236 2612 4290 dimisit
2638 4234 2809 4306 ipsos,
2839 4245 2896 4290 ut
2923 4234 3026 4290 sibi
3078 4235 3214 4305 ipsis
3243 4243 3434 4290 essent

1831 4329 2061 4396 auxilio,
2122 4328 2282 4398 quasi
2314 4328 2427 4398 jam
2472 4328 2816 4383 robustiores
2847 4327 3076 4382 effectos
3106 4342 3122 4382 :
3152 4342 3279 4381 nam
3326 4327 3432 4382 hoc

1832 4435 1928 4490 per
1957 4419 2166 4474 loculos
2196 4434 2258 4473 ac
2290 4432 2476 4488 peram
2508 4417 2872 4489 significatur.
2908 4419 3048 4472 Cum
3072 4410 3202 4486 ergo
3235 4416 3429 4507 probi-

134 4489 250 4542 Kal
278 4488 369 4541 ὅτε
418 4488 516 4559 μὶν
552 4486 832 4542 ἐκώλυσεν
872 4490 1070 4554 αὐτοὺς
1102 4491 1250 4561 ἔχειν
1284 4493 1590 4564 βαλάντιον,
1630 4499 1725 4552 καὶ

1847 4512 1952 4566 iuit
1981 4525 2077 4566 eos
2098 4486 2304 4566 habere
2337 4510 2547 4565 loculos
2566 4486 2633 4564 vet
2659 4523 2845 4579 peram
2905 4525 2969 4564 ac
3016 4509 3240 4572 similia,
3293 4489 3430 4564 tunc

134 4584 348 4650 πήραν,
401 4579 499 4632 καὶ
543 4582 612 4633 τὰ
657 4575 906 4647 τοιαῦτα,
959 4583 1080 4636 τότε
1126 4584 1343 4650 οὐδενὸς
1391 4587 1721 4660 ὑστέρησαν,

1827 4602 1979 4657 nullo
2039 4602 2426 4672 indiguerunt,
2460 4608 2523 4656 ut
2576 4601 2694 4671 ejus
2725 4603 3028 4671 p0tentiam
3068 4607 3136 4655 ac
3193 4601 3425 4670 gratiam

133 4672 224 4726 ῖνα
257 4669 432 4738 γνῶσι
468 4669 566 4740 τὴν
595 4669 761 4724 αὐτοῦ
793 4671 1031 4742 δύναμιν
1061 4675 1156 4728 καὶ
1179 4679 1340 4746 χάριν
1363 4693 1377 4708 ·
1409 4678 1498 4731 ὅτε
1524 4680 1580 4732 δὲ
1615 4697 1725 4735 πα-

1847 4669 2190 4767 ignoscerent
2218 4711 2236 4761 ;
2269 4694 2493 4766 quando
2510 4669 2638 4749 vero
2655 4669 2913 4764 permisit
2930 4701 2994 4747 ut
3021 4693 3115 4747 illa
3134 4669 3427 4758 haberent,

132 4761 456 4834 ρεχώρησεν
489 4760 638 4831 ἔχειν
671 4761 835 4829 αὐτὰ,
867 4765 989 4818 τότε
1019 4760 1114 4818 καὶ
1145 4768 1441 4824 ὲπείνασαν
1473 4769 1589 4842 (67)
1627 4773 1724 4826 καὶ

1849 4760 1955 4840 tiuc
1979 4794 2033 4840 et
2071 4760 2390 4839 esurierunt
2435 4795 2494 4839 et
2525 4760 2786 4839 sitiet-unt
2816 4792 2871 4838 et
2916 4783 3224 4837 nuditatent
3275 4780 3424 4852 passi

131 4855 406 4923 ὲδίψησαν
432 4854 530 4906 καὶ
565 4855 1009 4927 ἑγυμνήτευσαν,
1056 4860 1146 4914 ῐνα
1176 4861 1397 4936 γνωσθῇ
1431 4865 1643 4920 τούτων
1689 4869 1723 4939 ἡ

133 4948 442 5020 στερῥότης
476 4948 569 5001 καὶ
611 4950 906 5022 καρτερία.

244 5080 294 5111 ⁷⁸
351 5079 545 5136 Matth.
600 5097 750 5150 xxvt,
802 5083 893 5140 54.

1815 4887 1974 4943 nsunt,
2003 4887 2061 4932 ut
2089 4878 2334 4949 ipsorum
2386 4875 2651 4931 fortitudo
2696 4889 2762 4931 ac
2813 4874 3101 4930 tolerantia
3122 4886 3426 4945 cognosca-

1819 4978 1937 5027 tur.

1345 5161 1545 5224 Varias
1579 5161 1891 5228 lectiones
1935 5173 1998 5229 et
2027 5175 2222 5232 notat.

205 5323 325 5394 (55)
348 5323 460 5394 Τὴν
489 5326 607 5378 ἐκεῖ
642 5325 701 5381 Β.

348 5395 438 5468 _A|t_
458 5395 607 5468 Δειτερ
638 5398 702 5450 ad
732 5396 901 5468 χωρίς
928 5396 1130 5454 omittit
1187 5397 1516 5458 Hentenius.

228 5464 322 5528 57)
347 5463 673 5518 Βαλλαντὲον
707 5463 769 5522 Α.

347 5535 426 5608 Eu
438 5535 868 5608 μπαρξδήλωσεν
909 5538 972 5593 Β.

200 5603 319 5674 (59)
346 5604 461 5674 Γάρ
507 5603 708 5659 omittit
730 5608 796 5663 Α.

197 5672 314 5744 (60)
356 5672 670 5744 Παλλαντίῳ
698 5677 764 5731 Α.

136 5745 432 5870 mpm-Ab
464 5746 760 5817 ὑστέρησιν
782 5749 850 5805 ad
879 5749 1040 5807 ﬁnem
1073 5753 1266 5809 scholii
1292 5751 1496 5811 omittit
1557 5753 1710 5812 Hen-

1923 5333 2014 5409 ϐξ)
2039 5334 2176 5409 ῐξθιερΔ
2202 5345 2432 5407 uterque
2458 5337 2513 5392 in
2552 5339 2816 5409 margine.

1926 5402 2016 5475 63)
2055 5402 2379 5461 Βαλλάντιον
2411 5409 2478 5463 Α.
2538 5417 2540 5419 ’

1920 5474 2009 5544 64)
2046 5475 2153 5528 Καί
2182 5477 2389 5532 omittit
2417 5478 2476 5532 Β.
2512 5477 2840 5533 Βαλλάντιον
2871 5478 3038 5533 habet
3067 5477 3132 5531 Α.

1921 5544 2010 5614 65)
2043 5546 2152 5598 Καί
2189 5546 2346 5601 abest
2373 5547 2432 5603 Β.

1918 5614 2009 5696 66)
2041 5615 2373 5696 ιξαλλαντίου
2422 5616 2501 5696 _A,
2531 5632 2694 5691 atquc
2724 5621 2798 5676 ita
2843 5625 3160 5677 constanter
3191 5615 3413 5675 dissen-

1824 5682 1965 5738 tiunt
1995 5685 2048 5737 in
2071 5685 2176 5740 hoc
2205 5682 2495 5744 vocabulo.

1895 5753 2010 5828 (67)
2053 5755 2382 5829 Ἐπείνησαν
2423 5757 2489 5816 Α.

1896 5479 1916 5685 ἓ
