4070 6390
159 407 314 475 1089

154 524 332 585 διίοι,
376 519 451 592 μὴ
507 518 768 590 φέροντες
808 516 879 572 τά
937 517 1328 588 ἀνυπέρϐλητα
1362 515 1535 579 δεινὰ,
1581 515 1652 566 τά

156 613 280 666 ἀπὸ
308 613 410 682 τῆς
445 610 761 681 πολιορκίας
794 608 904 663 τῶν
942 609 1266 679 Ῥωμαίων,
1301 608 1515 663 καὶτοῦ
1542 606 1754 678 λοιμοῦ,

158 705 265 756 καὶ
296 706 396 772 τῆς
422 701 688 771 ἐμφυλίου
718 701 984 762 στάσεως.

241 797 366 847 Ὀτι
396 797 448 847 ει
475 823 548 833 -
588 793 873 862 γένηται;
931 792 995 846 Εἰ
1023 794 1082 847 ὲν
1132 794 1257 863 ἐμοὶ
1284 793 1362 864 τῷ
1408 792 1554 864 ζωὴν
1603 792 1756 845 θείαν

155 884 344 954 ἔχοντι
373 885 548 938 ταῦτα
579 884 829 937 ποιοῦσιν
863 888 910 938 oi
951 884 1240 954 Ῥωμαῖοι,
1297 883 1752 954 παρορμηθέντες

154 976 274 1028 ὑπὸ
306 975 414 1028 τῶν
458 975 748 1041 Ἰουδαίων,
780 977 837 1027 ἐν
863 975 1015 1045 ὑμῖν,
1050 977 1166 1038 τοῖς
1190 976 1463 1042 νέκρωσιν
1492 974 1553 1038 ἐξ
1575 976 1754 1044 ἀμαρ-

151 1069 285 1130 τίας
321 1068 700 1138 κεκτημένοις,
737 1067 791 1120 τί
822 1068 1048 1136 γένηται
1072 1069 1202 1136 παρ’
1229 1066 1444 1133 abstini;

238 1159 498 1227 Ἥγοντο
551 1185 620 1199 —-
671 1156 1024 1226 ἀριστερῶν.
1089 1157 1148 1211 '0
1206 1157 1263 1210 δὲ
1317 1158 1601 1221 Ματθαίος
1661 1157 1756 1210 καὶ

152 1250 355 1319 ἕτερον
401 1250 635 1320 ἔγραφε,
665 1251 760 1304 καὶ
795 1250 1072 1319 ἀνάγνωθι
1113 1251 1366 1317 κάκεῖνα,
1403 1254 1500 1303 καὶ
1533 1250 1754 1312 πάντως

162 1343 437 1412 εὑρήσεις
489 1345 585 1397 καὶ
619 1344 748 1413 περὶ
781 1343 1009 1396 τούτων.
1061 1344 1149 1395 Ἐν
1175 1342 1252 1412 τῷ
1280 1342 1421 1397 κατά
1474 1344 1752 1396 Ματθαῖον

151 1432 272 1498 γάρ
306 1433 373 1486 τά
403 1432 533 1501 περὶ
570 1433 679 1484 τῶν
715 1432 1062 1486 Δεσποτικῶν
1108 1435 1461 1504 παθημάτων
1523 1435 1750 1503 ἀπαρα-

151 1521 400 1584 λείπτως
423 1523 516 1574 καὶ
542 1521 785 1592 ἀκριϐῶς
815 1522 938 1575 καθ’
970 1522 1163 1593 εἱρμὸν
1194 1521 1639 1593 ἡρμηνεύθησαν.

243 1705 309 1758 '0
340 1704 410 1757 δὲ
447 1705 681 1771 Ἰησοῦς
713 1703 954 1772 -ἇφες
986 1704 1212 1770 αὐτοῖς.
1241 1703 1414 1774 ’Υπὲρ
1445 1704 1554 1757 τῶν
1583 1721 1749 1757 σταυ-

149 1797 453 1868 ρωσάντων
508 1798 780 1851 Ἰουδαίων
807 1797 1276 1867 προσευξάμενος,
1312 1797 1388 1860 ὡς
1435 1797 1744 1867 ἄνθρωπος,

1108 409 1495 471 COMMENT.
1542 409 1620 470 ΙΝ
1666 409 1946 470 LUCAM.
1985 436 2054 446 -
2093 414 2250 474 CAP.
2296 417 2522 478 ΧΧῐΙῐ..

3313 427 3451 494 1090

1701 534 1758 566 ’ἱδ
1789 514 1836 573 Δ
1862 515 2034 571 Judrri
2069 561 2083 584 ,
2116 536 2225 574 non
2261 521 2504 578 ferentes
2534 525 2778 593 pericula
2827 527 3117 586 innumera
3165 548 3227 588 ac
3283 544 3451 593 vene-

1859 610 2220 666 meritissima.

1929 791 2086 848 Vers.
2115 794 2208 850 3i.
2256 794 2320 851 Si
2373 799 2514 852 enim
2540 828 2612 844 —
2636 800 2726 868 ῥα
2750 803 2781 856 γ
2822 801 2878 858 Si
2917 805 2971 858 in
3023 821 3129 872 me,
3158 807 3250 876 qui
3279 816 3447 862 Vitam

1858 881 2035 938 habeo
2067 885 2328 953 divinam,
2362 889 2480 944 haec
2527 891 2734 947 faciunt
2767 892 2996 950 Romani
3043 914 3070 950 a
3101 889 3303 954 ludatis
3355 917 3446 954 m-

1856 974 2065 1043 stigati;
2099 976 2151 1030 in
2203 979 2378 1035 vobis.
2405 981 2495 1050 qui
2533 993 2768 1038 mortem
2805 987 2961 1041 vobis
3001 1004 3066 1042 ex
3098 1004 3322 1059 peccato
3350 1008 3446 1061 pa-

1858 1064 2039 1127 rastis,
2085 1067 2212 1134 quid
2255 1069 2324 1122 ab
2357 1070 2466 1123 illis
2490 1070 2630 1126 ﬁet?

1926 1150 2084 1206 Vers.
2138 1155 2229 1208 32.
2291 1155 2641 1213 Ducebantur
2694 1192 2758 1203 -—
2808 1161 2964 1220 Vers.
3031 1165 3122 1221 33.
3196 1173 3443 1236 sinistris.

1859 1239 2145 1298 Matthaws
2192 1245 2296 1300 alia
2327 1263 2545 1319 quoque
2577 1253 2799 1323 scripsit
2827 1272 2841 1319 ;
2879 1256 2972 1310 illa
3002 1258 3118 1329 lege
3163 1273 3219 1319 et
3251 1281 3442 1336 aperte

1855 1332 2048 1389 dehis
2103 1336 2266 1390 etiam
2318 1340 2591 1398 invenies.
2647 1344 2786 1399 Nam
2846 1348 2898 1400 in
2946 1349 3242 1422 Evangelia
3285 1332 3444 1428 iuxta

1857 1424 2167 1481 Matthzeum
2231 1429 2300 1484 de
2362 1432 2576 1487 Domini
2647 1436 3035 1496 aﬂlictionibus
3101 1446 3250 1501 nullo
3290 1424 3445 1520 pra-.-

1856 1518 2131 1582 tcrmisso,
2189 1534 2402 1589 suaque
2455 1522 2601 1576 serie
2647 1539 2892 1581 omnium
2933 1540 3124 1584 exacte
3183 1518 3315 1589 data
3361 1547 3446 1592 est

1855 1603 2259 1673 interpretatio.

1928 1693 2080 1749 Vers.
2145 1697 2237 1750 54.
2300 1698 2454 1754 Jesus
2515 1713 2696 1759 autem
2745 1737 2812 1747 —
2855 1711 3066 1765 remitte
3139 1714 3267 1772 illis.
3337 1719 3444 1775 Pro

1853 1786 2273 1844 crucifixuribus
2361 1793 2570 1852 Juda‘is
2637 1814 2835 1862 orans.
2917 1813 3173 1873 tanquam
3241 1808 3442 1877 homo,

150 1889 408 1953 ὑπέδειξε
443 1891 558 1951 τοῖς
590 1889 904 1957 ἀνθρώποις
946 1887 1118 1942 τύπον
1169 1889 1271 1958 τῆς
1322 1890 1405 1954 εἰς
1462 1891 1588 1952 τοὺς
1619 1889 1737 1942 ἀδι-

1850 1880 2247 1946 compassionis
2334 1884 2564 1941 formam
2647 1890 2970 1948 hominibus
3025 1897 3441 1972 demonstravit,

147 1983 433 2050 κήσαντας
463 1980 834 2051 συμπαθείας.

241 2148 566 2218 Ἦπόρησαν
619 2150 679 2202 δέ
740 2165 910 2213 τινες,
941 2149 1045 2214 ὅτι,
1097 2149 1194 2203 ἐὰν
1221 2149 1420 2221 ἀφείθη
1475 2153 1658 2216 αὐτοῖς
1708 2154 1741 2223 ἠ

148 2241 428 2311 ἁμαρτία,
457 2240 574 2303 πῶς
608 2241 679 2294 δι’
709 2240 878 2311 αὐτὴν
932 2240 1162 2310 ὕστερον
1196 2241 1580 2314 παρεδόθησαν
1631 2247 1747 2306 τοῖς

163 2332 464 2400 Ῥωμαίοις
497 2333 578 2395 είς
615 2330 1029 2402 πανωλεθρίανς
1055 2332 1202 2402 Πρὸς
1236 2333 1330 2396 οὓς
1371 2333 1630 2404 λέγομεν,
1661 2337 1743 2389 ὃτι

147 2418 255 2486 οὐχ
289 2417 430 2488 ὑπὲρ
487 2418 705 2471 πάντων
740 2419 774 2488 η
813 2419 1093 2490 προσευχὴ
1131 2421 1383 2488 γέγονεν,
1433 2423 1550 2474 ἀλλ’
1603 2424 1744 2494 ὑπὲρ

149 2510 338 2576 μόνων
370 2509 479 2560 τῶν
531 2511 847 2580 περαιτέρω
889 2511 1058 2580 μηδέν
1109 2529 1164 2565 τι
1197 2517 1739 2584 κακουργησάντωνο

143 2602 266 2652 ὅσοι
325 2601 380 2652 δὲ
442 2601 582 2669 μετά
621 2600 802 2664 τοῦτο,
843 2601 940 2654 τοῦ
987 2602 1141 2672 ὴλίου
1195 2594 1596 2670 σκοτισθέντος,
1643 2609 1741 2661 καὶ

142 2692 244 2745 τοῦ
298 2693 799 2762 καταπετάσματος
853 2696 1189 2765 σχισθέντος,
1223 2698 1322 2753 καὶ
1365 2698 1464 2769 τῆς
1503 2701 1605 2770 γῆς
1639 2719 1744 2756 σει-

145 2782 511 2854 σθείσης,καὶ
543 2784 650 2838 τῶν
683 2787 902 2857 πετρῶν
934 2786 1281 2856 σχισθεισῶν,
1313 2790 1407 2842 καὶ
1434 2791 1541 2843 τῶν
1564 2792 1742 2847 ἄλλων

145 2873 408 2942 σημείων
443 2873 554 2926 τῶν
590 2877 732 2928 κατὰ
763 2876 864 2946 τὴν
902 2878 1206 2930 ἀνάστασιν
1244 2879 1410 2932 αὑτοῦ
1458 2879 1742 2933 τελεσθέν-

139 2982 278 3029 των,
346 2967 676 3034 προσέθεντο
715 2970 782 3038 τῇ
844 2969 1102 3040 πονηρίᾳ,
1161 2970 1257 3023 καὶ
1313 2973 1528 3040 τυχηρὰ
1567 2972 1740 3026 ταῦτα

141 3057 521 3124 λογισάμενοι,
587 3059 877 3130 κακοήθως
925 3060 1380 3129 ἐσυκοφάντησαν
1435 3061 1534 3132 τὴν
1585 3063 1739 3115 θείαν

139 3147 470 3214 ἀνάστασιν,
504 3149 601 3219 οὐχ
646 3149 787 3218 ὑπὲρ
821 3147 1028 3202 τούτων
1076 3150 1465 3221 προσηύξατο·
1519 3150 1600 3204 διὸ
1643 3153 1738 3207 καὶ

138 3233 294 3293 οὗτοι
327 3242 542 3301 πάντως
578 3241 956 3313 παρεδόθησαν
985 3244 1095 3306 τοῖς
1122 3243 1360 3314 ἐχθροῖς.

224 3333 310 3385 Οὐ
341 3333 453 3400 τὰρ
483 3361 553 3372 -
579 3331 842 3386 ποιοῦσι.
882 3332 974 3403 Τῷ
1005 3333 1191 3404 φθόνῳ
1227 3335 1545 3404 μεθύοντες.
1577 3339 1736 3403 Τινὲς

138 3423 201 3476 δέ
259 3440 447 3493 φασιν⁹
483 3423 558 3485 ὡς
609 3423 709 3494 οὐχ
764 3424 912 3494 ὑπὲρ
946 3425 1056 3477 τῶν
1102 3426 1396 3492 Ἰουδαίων,
1449 3429 1562 3482 ἀλλ’
1594 3431 1735 3500 ὑπὲρ

137 3513 252 3564 τῶν
285 3513 753 3583 ὑπηρετησάντων
783 3517 848 3584 τῇ
888 3514 1197 3584 σταυρώσει
1227 3517 1394 3570 αὐτοῦ
1437 3518 1734 3589 Ῥωμαίων

139 3603 497 3672 στρατιωτῶν
545 3605 645 3673 τὴν
704 3604 1017 3676 προσευχὴν
1065 3603 1576 3677 ὲποιήσατοοοῦτοι
1623 3612 1733 3684 γὰρ

138 3695 495 3748 παντάπασιν
533 3695 791 3765 ἠγνόουν,
828 3698 927 3749 ὅσα
959 3697 1094 3768 περὶΙ
1121 3699 1287 3753 αὑτοῦ
1332 3702 1734 3776 προανεφὼνη-

139 3803 236 3838 σεν
264 3787 293 3839 ὁ
326 3786 492 3856 νόμος
522 3789 618 3841 καὶ
651 3788 702 3840 ol
734 3788 1040 3858 προφῆται.

212 3876 506 3949 Θεὼρησον
570 3878 626 3930 δὲ
678 3878 760 3931 ὅτι
804 3878 979 3933 ὀπίσω
1029 3881 1128 3950 μὲν
1181 3884 1429 3948 είπόντος
1463 3901 1478 3917 ο
1537 3886 1736 3955 Πάτερ

131 3985 277 4036 μου,
312 3972 363 4020 εὶ
391 3967 602 4039 οὐβθ)
633 3967 882 4022 δύναται
900 3968 1074 4023 τοῦτο
1102 3970 1169 4024 τὸ
1192 3972 1484 4042 ποτήριον
1504 3981 1730 4044 παρελ-

135 4057 270 4111 θεῖν
299 4057 401 4111 ἀπ’
426 4057 597 4126 ἐμοῦ,
641 4057 947 4126 γενηθήτω
977 4057 1044 4110 τὸ
1075 4058 1307 4128 θέλημά
1336 4076 1488 4116 σουο
1525 4062 1730 4136 eam;

134 4150 217 4219 τῷ
256 4150 430 4220 [lupi
481 4149 733 4218 φαίνεται
777 4151 811 4218 η
849 4149 1035 4220 σφαγὴ
1061 4149 1154 4202 τοῦ
1183 4150 1340 4204 Υἱοῦο
1385 4153 1624 4210 ἐνταῦθα
1671 4157 1730 4211 δὲ

139 4240 422 4307 λέγοντος·
483 4238 695 4306 Πάτερ,
753 4238 904 4308 ἄφες
934 4239 1164 4306 αὐτοῖς,
1189 4241 1490 4313 ’ἀθέλητος’
1526 4245 1588 4298 οὐ
1619 4247 1727 4316 γὰρ

136 4330 207 4382 ἂν
243 4327 656 4397 ὲξεμειλίσσετο
698 4328 798 4400 τὴν
828 4329 1044 4381 ἐκείνου
1087 4331 1230 4383 κατά
1273 4331 1384 4384 τῶν
1421 4335 1728 4402 μιαιφόνων

135 4420 334 4489 ὀργήν.
372 4417 437 4470 Τί
470 4414 565 4470 οὖν
596 4420 746 4471 ἐστιν
779 4418 994 4486 είπεῖνς
1053 4421 1178 4473 Ὀτι
1212 4420 1337 4474 καθ’
1388 4423 1591 4495 ἑαυτὴν
1625 4426 1725 4496 μὲν

1851 1983 2014 2037 quam
2057 1985 2188 2044 erga
2245 1974 2366 2031 illos
2399 1976 2604 2035 habere
2639 1993 2880 2052 oportet.
2915 1985 3008 2056 qui
3060 1989 3206 2059 ipsos
3240 1992 3441 2064 injuria

1851 2060 2152 2118 allicerent.

1924 2153 2319 2217 Dubitavcrunt
2351 2170 2534 2218 autem
2586 2165 2833 2235 quidam,
2874 2181 3092 2240 sumpta
3149 2173 3277 2230 hinc
3341 2191 3440 2233 oc-

1849 2245 2092 2301 casione.
2129 2248 2186 2302 Si
2255 2251 2403 2305 cnim
2479 2256 2768 2311 remissum
2831 2271 2947 2314 erat
3003 2263 3086 2317 eis
3132 2275 3437 2336 peccatum,

1849 2339 2124 2405 quomodo
2156 2344 2508 2410 postmodum
2550 2347 2815 2404 Romanis
2849 2351 2920 2406 ob
2951 2353 3082 2409 illud
3125 2357 3192 2411 ad
3261 2359 3436 2415 inter-

1847 2428 2137 2484 necionem
2167 2432 2365 2496 ,traditi
2414 2446 2544 2490 sunt
2581 2438 2840 2505 ?Quibus
2866 2459 2970 2498 nos
3004 2446 3260 2514 dicimus,
3286 2455 3434 2520 quod

1846 2534 1956 2574 non
1993 2537 2094 2591 pro
2132 2525 2392 2580 omnibus
2430 2532 2674 2597 precatio
2710 2533 2853 2587 facta
2902 2547 3009 2603 est,
3041 2541 3136 2595 sed
3179 2558 3278 2611 pro
3349 2545 3438 2599 bis

1845 2607 2108 2667 dunxatat
2190 2614 2282 2682 qui
2337 2615 2473 2669 nihil
2561 2618 2690 2672 mali
2756 2621 3020 2693 deinceps
3070 2607 3437 2696 perpetraturi

1845 2712 2022 2756 erant.
2065 2702 2169 2769 Qui
2217 2721 2349 2760 vero
2406 2723 2527 2762 cum
2560 2710 2640 2764 sol
2673 2711 3091 2779 obscuraretur,
3128 2729 3185 2772 et
3253 2721 3432 2774 velum

1843 2792 2207 2860 scinderetur,
2276 2805 2530 2867 terraque
2613 2812 3071 2871 commoveretur,
3137 2821 3204 2861 ac
3264 2819 3433 2877 petrae

1843 2882 2204 2947 lindcrentur.
2249 2890 2477 2959 aliaque
2536 2890 2690 2961 signa
2723 2893 2777 2946 in
2861 2898 3262 2954 resurrectione
3314 2903 3434 2969 ejus

1844 2973 2060 3040 tierent,
2097 2979 2362 3034 malitiam
2393 2981 2748 3050 addiderunt,
2792 2995 2849 3040 et
2878 2986 3105 3043 fortuita
3143 2991 3258 3044 haec
3310 3007 3434 3046 esse

1841 3065 2163 3135 cogitantes,
2192 3067 2391 3125 divina:
2417 3073 2803 3127 resurrectioni
2829 3077 3156 3132 calumniam
3191 3080 3432 3152 maligne

1841 3160 2208 3209 struxerunt:
2255 3173 2364 3211 non
2424 3174 2523 3228 pro
2585 3159 2670 3214 his
2723 3163 2919 3228 oravit,
2974 3165 3097 3220 ideo
3154 3167 3317 3220 etiam
3376 3169 3433 3222 hi

1839 3245 2066 3300 omnino
2101 3248 2281 3302 traditi
2315 3259 2446 3304 sunt
2477 3250 2733 3306 inimicis.

1908 3335 2058 3393 Vers.
2097 3340 2188 3395 54.
2225 3340 2348 3393 Non
2373 3343 2512 3396 enim
2550 3373 2620 3383 -
2652 3345 2881 3415 faciunt.
2919 3347 3125 3404 Invidia
3177 3352 3434 3410 videlicet

1837 3433 2148 3488 temulenti.
2195 3432 2428 3500 Quidam
2463 3452 2592 3490 vero
2625 3439 2838 3506 dicunt,
2865 3451 3010 3512 quod
3062 3461 3171 3500 non
3203 3463 3302 3517 pro
3334 3449 3433 3505 Ju-

1835 3523 1997 3588 daeis,
2045 3524 2140 3578 sed
2199 3539 2298 3594 pro
2349 3525 2610 3583 Romanis
2667 3531 2954 3599 militibus,
3015 3537 3106 3606 qui
3149 3539 3205 3593 in
3246 3544 3431 3597 cruci-

1836 3612 2033 3667 ﬁxione
2093 3615 2624 3679 subministrabant.
2691 3622 2994 3678 orationem
3075 3627 3305 3694 fecerit;
3375 3630 3430 3684 bi

1835 3701 1982 3755 enim
2039 3703 2382 3773 ignorabant,
2437 3721 2556 3776 quae
2606 3709 2676 3763 de
2727 3710 2849 3780 ipso
2895 3712 2979 3767 lex
3029 3729 3094 3770 ac
3149 3719 3431 3789 propheta)

1833 3792 2221 3860 prwdixerant.

1903 3883 2203 3940 Considera
2242 3896 2446 3953 autem,
2493 3888 2636 3957 quod
2658 3889 2893 3946 dicendo
2952 3893 3011 3949 in
3065 3898 3426 3965 praecedenti-

1831 3974 1938 4030 bus
1983 3994 1995 4029 :
2029 3975 2192 4029 Pater
2234 3979 2323 4042 mi,
2364 3979 2412 4031 si
2442 3994 2544 4031 non
2573 3990 2740 4046 potest
2773 3983 2868 4035 hoc
2925 3987 3168 4048 poculum
3201 3992 3433 4045 transire

1832 4085 1864 4121 a
1899 4085 1999 4131 me,
2026 4069 2123 4137 ﬁat
2156 4070 2397 4125 uoluntas
2430 4082 2520 4125 tua
2557 4073 2626 4138 ",
2688 4075 2902 4129 videtur
2949 4078 3126 4132 caedes
3181 4079 3300 4134 Filii
3334 4098 3425 4137 se-

1831 4162 2068 4216 cundum
2103 4163 2280 4216 Patris
2315 4165 2433 4218 fieri
2476 4165 2857 4230 voluntatem;
2898 4185 3043 4224 nunc
3088 4188 3240 4238 vero,
3300 4191 3424 4229 cum

1831 4253 1974 4307 dicat
2017 4272 2030 4307 ε
2075 4254 2257 4321 Pater,
2309 4257 2519 4310 remitte
2563 4258 2690 4325 illis,
2742 4262 2957 4314 videtur
3017 4277 3206 4319 contra
3275 4267 3424 4322 illius

1833 4345 1947 4398 lieri
1989 4345 2380 4411 voluntatem;
2424 4363 2604 4415 neque
2669 4350 2815 4403 enim
2871 4351 3008 4406 alias
3057 4354 3193 4409 iram
3249 4357 3426 4426 ipsius

1830 4437 2126 4508 mitigaret,
2190 4453 2353 4507 quam
2405 4449 2595 4492 contra
2626 4438 2932 4496 homicidas
2981 4443 3234 4501 habebat.
3271 4449 3419 4513 Quid

135 4513 406 4580 ἀθέλητος
423 4506 512 4581 ἦν,
567 4510 657 4562 διὰ
685 4510 742 4564 δὲ
771 4512 871 4583 τὴν
901 4511 1179 4584 ἡμετέραν
1203 4515 1476 4586 σωτηρίαν
1495 4514 1721 4588 θελητή.

1842 4506 2282 4598 ergo—dicendum
2313 4528 2437 4584 est?
2465 4528 2618 4595 Quod
2667 4531 2719 4585 in
2772 4549 2831 4587 se
2872 4534 3092 4603 quidem
3160 4539 3419 4594 involuti-

142 4602 421 4672 Καθάπερ
452 4602 546 4654 καὶ
570 4603 670 4664 τὰς
701 4603 970 4673 ἀριστέως
1002 4603 1216 4673 πληγὰς
1249 4605 1374 4660 καθ’
1401 4608 1599 4670 ἑαυτὰς
1627 4608 1728 4679 μὲν

137 4695 325 4766 ἀηδεῖς
366 4693 669 4762 ἡγούμεθα,
703 4694 793 4748 διὰ
822 4695 878 4749 δὲ
923 4695 1025 4766 τὴν
1066 4697 1210 4750 κατὰ
1247 4697 1357 4752 τῶν
1401 4699 1611 4770 ὶχθρῶν
1634 4701 1726 4755 ἀν·

133 4787 462 4858 δραγαθίαν,
497 4786 584 4858 ηδε
596 4790 700 4849 ίας.

208 5067 682 5137 Διαμεριζόμενοι
727 5099 799 5110 -
848 5069 1102 5138 θεωρῶν.
1168 5072 1256 5125 Ἐν
1305 5073 1382 5144 τῷ
1425 5074 1725 5148 προδιαλη-

134 5161 332 5231 φθέντι
376 5159 656 5228 κεφαλαίῳ
701 5161 797 5213 τοῦ
855 5163 998 5214 κατὰ
1043 5162 1325 5216 Ματθαῖον
1357 5165 1592 5236 ζήτησον
1625 5169 1724 5239 τὴν

134 5250 404 5319 ἐξήγησιν
436 5249 552 5302 τοῦ·
623 5251 1090 5318 Σταυρώσαντες
1135 5254 1203 5307 δὲ
1231 5257 1440 5325 αὑτὸν,
1474 5259 1724 5330 διεμερίο

133 5356 331 5395 σαντο
377 5341 448 5395 τὰ
499 5341 697 5410 lycisca
754 5343 983 5410 αὑτοῦ,
1038 5344 1383 5413 βάλλοντες
1442 5349 1676 5419 κλῆρον
1704 5370 1718 5385 ο

135 5433 270 5487 ἔνθα
294 5431 481 5495 λύσεις
507 5435 900 5506 ἀνεγράφησαν
929 5436 1220 5507 χαρίεσσαι
1249 5437 1360 5510 (8i)
1385 5441 1720 5513 ζητημάτων

135 5525 461 5592 ἀξιολόγων.

246 5616 292 5647 ⁸⁸
322 5614 512 5671 Matth.
543 5632 694 5683 xxxi,
722 5616 812 5674 42.
922 5619 968 5651 ⁸³
997 5617 1189 5676 Matth.
1218 5635 1389 5687 τινα,
1421 5623 1512 5679 55.

1834 4621 1969 4676 taria
2009 4629 2145 4686 erat,
2183 4629 2406 4691 propter
2462 4633 2706 4676 nostram
2773 4633 2954 4680 tamen
3009 4630 3240 4682 salutem
3302 4645 3422 4688 erat

1837 4713 2162 4766 voluntaria.
2197 4711 2664 4778 Quemadmodum
2716 4725 2770 4767 ct
2819 4718 3028 4770 strenui
3076 4720 3267 4775 militis
3308 4723 3423 4791 pla-

1830 4819 1947 4874 gas,
1981 4805 2037 4858 in
2070 4820 2128 4858 se
2163 4805 2540 4862 consideratus
2589 4809 2816 4864 acerbas
2864 4811 3138 4878 ducimus,
3198 4831 3423 4885 pr0pt¢r

1831 4901 2215 4956 strenuitatem
2245 4911 2426 4957 tamen
2459 4919 2622 4974 quam
2649 4905 2914 4960 adversus
2947 4908 3201 4964 inimicos
3232 4922 3419 4965 osten-

1833 4992 1934 5054 dit,
1985 4992 2218 5046 dicimus
2243 5007 2365 5048 esse
2395 5009 2614 5049 suaves.

1905 5083 2060 5140 Vers.
2127 5085 2232 5139 δι.
2314 5085 2609 5139 Dividentes
2671 5115 2740 5126 -—
2786 5087 2946 5143 Vers.
2997 5090 3097 5145 55.
3154 5103 3415 5158 spectans.

1831 5175 2097 5230 Prmdicto
2131 5176 2402 5247 Evangelii
2449 5179 2604 5247 juxta
2638 5177 2952 5235 Matthaaum
3009 5183 3187 5251 capite
3226 5199 3413 5253 quaere

1831 5267 1960 5322 dicti
2013 5269 2160 5322 illius
2192 5269 2697 5337 interpretationem
2745 5289 2759 5325 :
2808 5272 3045 5343 Cumque
3113 5276 3415 5344 cruriﬁxis-

1829 5368 1940 5412 sent
1999 5375 2139 5425 eum,
2193 5360 2480 5412 diviserunt
2521 5363 2827 5415 vestimenta
2869 5363 2983 5431 ejus
3035 5376 3227 5418 sortem
3286 5367 3416 5419 mit-

1829 5462 1993 5504 tentes
2023 5451 2092 5516 ⁸⁸,
2155 5452 2248 5507 ubi
2312 5453 2557 5522 pulchra:
2599 5455 2738 5510 datae
2790 5466 2920 5512 sunt
2956 5457 3283 5526 solutiones,
3344 5461 3414 5518 ad

1828 5543 2157 5613 quaestiones
2189 5559 2309 5614 quae
2340 5546 2754 5616 responsionem
2790 5561 3095 5605 merentur.

1333 5743 1530 5806 Variae
1587 5743 1892 5812 lectiones
1921 5756 1981 5810 et
2014 5757 2208 5812 noun.

217 5843 327 5913 (80)
385 5841 459 5896 oo
490 5843 690 5897 omittit
721 5842 780 5902 B.

1907 5851 2018 5923 (8i)
2054 5852 2319 5923 Χαρίεσαι
2351 5854 2519 5911 codex
2549 5866 2797 5927 uterque.
