4084 6392
175 421 325 487 1097

1114 414 1503 475 COMMENT.
1547 413 1626 474 IN
1672 414 1956 476 LUCAM.

2102 415 2260 475 CAP.
2304 414 2515 476 XXIV.
3332 414 3471 479 1093

178 546 282 614 μὲν
347 539 441 597 οὖν
497 541 604 594 νόει
670 540 736 593 τὰ
793 541 1040 610 σημεῐα,
1101 537 1260 606 λόγον
1338 538 1395 590 δέ
1461 537 1560 600 τὰς
1633 537 1775 591 διδα·

1893 537 1997 591 Per
2064 553 2203 608 opus
2237 538 2421 607 itaque
2470 536 2624 605 signa
2673 531 2916 601 intellige
2953 550 2964 586 ε
2997 546 3096 602 per
3152 545 3466 588 sermonem

177 635 436 697 σιαλίας.

253 728 450 794 Ὅπως
483 757 551 767 -
576 727 786 784 αὐτόν.
827 725 919 790 Είς
949 724 1254 798 καταδίκην
1277 724 1533 781 θανάτου.

265 908 461 980 Ἡμεῖς
507 940 576 952 -
655 908 934 978 Ἰσραήλ.
1000 907 1340 976 Ἥλπίζομεν
1401 908 1568 962 αὑτὸν
1645 904 1783 960 εῖναι

187 1002 278 1056 ιον
339 1000 445 1054 ὑπὸ
493 1000 604 1053 τῶν
657 999 894 1070 Γραφῶν
949 997 1461 1068 καταγγελλόμενον
1501 997 1784 1071 λυτρωτὴν

189 1093 388 1164 ἡμῶν·
468 1093 565 1148 νῦν
632 1094 691 1147 δὲ
767 1091 942 1157 οὕτως
1031 1093 1378 1148 ἀποθανόντα
1464 1093 1783 1162 ἀπηλπίσα·

186 1204 293 1256 μεν
356 1185 521 1256 (88).

276 1277 456 1332 Ἀλλά
488 1295 556 1346 γε
584 1306 650 1318 --
673 1275 930 1345 ἐγένετο.
949 1305 1020 1316 -
1050 1277 1175 1331 Σὺν
1207 1275 1362 1333 πᾶσι
1386 1277 1783 1344 τούτοις,ἀντὶ

181 1368 300 1431 τοῦ,
331 1369 558 1421 Πάντων
597 1367 808 1420 τούτων
846 1367 1180 1438 γενομένων.

274 1458 466 1513 Ἀλλὰ
516 1458 710 1512 xal—
766 1456 898 1526 ζῇν.
965 1459 1233 1522 Γυναῖκές
1283 1477 1427 1523 τινες
1485 1459 1544 1527 ἐξ
1598 1459 1780 1530 ήμῶν,

179 1551 351 1623 ἧγουν
378 1551 670 1622 ἡμέτεραι,
734 1550 870 1619 ἢὼς
913 1551 1076 1621 ἡμεῖς
1124 1552 1336 1606 πισταί.
1369 1552 1536 1620 Λέγει
1573 1551 1628 1604 δέ
1680 1551 1782 1615 τὰς

181 1647 316 1714 περὶ
337 1644 560 1714 Μαρίαν
590 1645 688 1714 τὴν
717 1643 1113 1714 Μαγδαληνήν.
1149 1644 1486 1715 Ἐξέστησαν
1513 1644 1572 1698 δὲ
1609 1645 1780 1714 ἡμᾶς,

178 1737 256 1800 ὡς
287 1737 498 1791 ἄπιστα
529 1737 1023 1807 διισχυριζόμεναι.

1892 645 2042 698 vero,
2086 632 2390 686 doctrinas.

1964 722 2118 778 Vers.
2173 723 2264 778 20.
2293 721 2563 787 Quomodo
2590 749 2659 759 —-
2687 736 2828 774 cum.
2875 717 2986 772 Iloc
3014 719 3068 772 in
3094 719 3216 773 loco
3275 719 3472 791 κρῖμα,

1881 818 2171 887 judicium,
2194 818 2412 886 capitur
2442 831 2539 886 pro
2570 813 3064 870 Condemnatione.

1960 910 2116 964 Vers.
2147 911 2236 964 2|.
2273 909 2382 962 Νοε
2407 939 2474 949 —-
2503 906 2696 962 Israel.
2723 889 3115 976 Sperabamus,
3174 907 3320 974 quod
3356 906 3477 974 ipse

1887 1010 2034 1057 esset
2110 1004 2425 1071 redemptor
2471 1015 2654 1055 ItUStCl’
2685 1000 2778 1070 qui
2839 998 3138 1068 Scripturis
3181 999 3476 1051 annuntia-

1888 1096 2072 1150 batur.
2717 1091 2735 1105 ’

1957 1269 2112 1325 Vers.
2143 1268 2234 1322 21.
2267 1268 2425 1336 Atqui
2455 1266 2684 1333 -=—facta
2721 1264 3081 1319 sunt—Cum
3117 1263 3196 1315 liis
3223 1261 3479 1323 omnibus,

1887 1363 1995 1416 hoc
2020 1371 2127 1426 est,
2159 1359 2320 1414 factis
2363 1359 2451 1413 bis
2490 1357 2767 1412 omnibus.

1963 1453 2119 1509 Vers.
2159 1452 2252 1506 22.
2321 1451 2424 1506 Sed
2456 1463 2576 1505 et—
2606 1451 2764 1506 Vers.
2819 1448 2912 1502 23.
2986 1449 3174 1500 vivere.
3227 1443 3482 1526 Mulieres

1885 1545 2132 1616 quaedam
2173 1560 2240 1598 ex
2276 1543 2454 1608 nobis.
2488 1544 2605 1598 sive
2658 1551 2880 1608 uostrze,
2930 1547 3024 1593 aut
3067 1537 3280 1599 ﬁdeles,
3342 1536 3482 1591 sicut

1885 1646 1942 1692 et
1971 1653 2093 1692 nos.
2114 1637 2258 1690 Dicit
2277 1647 2459 1691 autem
2491 1635 2630 1702 illas,
2660 1651 2780 1706 qua:
2806 1648 2930 1688 cum
2967 1631 3134 1685 Maria
3163 1629 3482 1700 Magdalene

1883 1741 2062 1794 erant,
2095 1738 2152 1785 ct
2176 1730 2352 1800 ipsam
2395 1728 2774 1798 Maglalenen.
2806 1724 3108 1790 Attonitos,
3144 1723 3343 1792 inquit,
3381 1737 3483 1776 nos

1885 1823 2264 1886 reddiderunt,
2291 1827 2480 1889 utpote
2500 1819 2841 1875 incredibilia
2878 1827 3289 1873 asseverantes.

255 1919 365 1972 Kal
420 1947 490 1956 —
540 1916 860 1986 μνημεῖον.
923 1915 1131 1986 Πέτρος
1191 1916 1284 1970 καὶ
1358 1915 1638 1985 Ἰωάννης,
1703 1918 1775 1979 ὡς

1957 1915 2109 1970 Vers.
2138 1915 2231 1970 24.
2268 1913 2335 1967 Et
2357 1887 2429 1956 ﬁ—
2470 1921 2888 1967 monumentum.
2921 1910 3118 1964 Petrus
3151 1906 3404 1962 videlicet
3430 1917 3482 1961 et

177 2008 630 2078 προειρήκαμεν.

252 2094 697 2153 Καὶ-εἷδον.-
735 2078 937 2164 Ε’ὗρον
963 2095 1138 2162 οὕτω,
1165 2095 1462 2162 τουτέστιν,
1481 2097 1592 2168 Οὐχ
1621 2093 1779 2169 εὗρον

174 2192 238 2243 τ).
269 2191 433 2260 σῶμα
463 2187 656 2244 αὑτοῦ.

245 2279 360 2335 Kal
408 2309 478 2321 —
540 2279 862 2350 προφῆται.
930 2279 1221 2351 ’Δνοήτους
1271 2280 1370 2350 μέν
1414 2279 1611 2344 αὐτοὺς
1661 2281 1777 2353 (89)

182 2369 444 2439 ὠνόμασε
468 2411 483 2436 ,
520 2369 804 2441 διεγείρων
838 2371 1024 2440 ἠρέμα
1059 2372 1196 2441 πρὸς
1233 2371 1533 2440 ἐπίγνωσιν
1562 2372 1731 2426 αὑτοῦ
1759 2389 1773 2403 ο

181 2461 406 2532 βραδεῖς
446 2464 502 2516 δὲ.
538 2465 602 2533 τῇ
636 2460 836 2532 καρδίᾳ
858 2503 873 2526 ,
907 2462 983 2525 ὡς
1011 2459 1257 2532 νωθροὺς
1293 2464 1374 2523 είς
1405 2463 1465 2514 τὸ
1495 2461 1777 2516 πιστεύειν

179 2553 280 2604 ἐπὶ
309 2553 496 2618 πᾶσιν,
519 2547 598 2616 οἷς
625 2552 894 2623 ἐλάλησαν
925 2554 974 2606 ol
1011 2554 1288 2624 προφῆται
1318 2553 1446 2625 περί
1475 2571 1536 2607 τε
1561 2555 1656 2608 τοῦ
1681 2554 1778 2608 0a-

182 2643 350 2696 νάτου
375 2645 466 2697 καὶ
484 2644 584 2712 τῆς
605 2647 957 2708 ἀναστάσεως
980 2645 1168 2699 αὐτοῦ.

254 2735 405 2804 Οὐχί
432 2764 505 2776 -
525 2735 714 2790 αὑτοῦ
737 2751 756 2800 ;
783 2737 993 2801 Ταῦτα,
1020 2735 1057 2790 ἃ.
1083 2735 1361 2805 ἐλάλησαν
1389 2736 1437 2789 οξ
1469 2737 1772 2808 προφῆται.

183 2826 362 2892 Δόξαν
388 2826 444 2879 δὲ
475 2826 665 2893 αὐτοῦ,
691 2827 792 2899 τὴν
818 2828 914 2899 τῆς
945 2828 1224 2899 Θεότητος.
1249 2828 1388 2882 Κατ’
1416 2829 1693 2900 ἐρώτησιν
1717 2829 1774 2884 δέ

235 2935 416 2987 λογος.

251 3099 364 3152 Kal
398 3128 472 3141 —-
498 3099 738 3154 ἑαυτοῦ.
799 3098 934 3154 Ἀπὸ
966 3099 1280 3166 Μωῦσέως,
1323 3103 1491 3171 ἤγουν
1521 3101 1628 3155 ἀπὸ
1663 3101 1772 3155 τῶν

184 3191 501 3246 Diumab/.th
531 3192 752 3264 βίϐλων.

253 3283 361 3336 Kal
391 3311 458 3323 —
486 3283 871 3352 ἐπορεύοντο.
907 3283 1088 3337 Ὀπου
1119 3284 1465 3356 ἐπορεύοντο.

251 3376 366 3429 Kal
399 3405 470 3417 —
507 3377 890 3444 πορεύεσθαι.
955 3376 1390 3448 Ἐσχηματίζετο
1438 3379 1778 3453 πορρωτέρω

179 3473 540 3544 πορεύεσθαι,
571 3474 646 3537 ὡς
675 3473 862 3538 ἁπλῶς
900 3475 1306 3546 συνοδοιπόρος.

254 3566 364 3619 Kal
391 3598 460 3608 -—-
489 3567 699 3636 ἡμέρα.
738 3566 990 3621 Ἕκλινεν
1022 3569 1100 3631 εἰς
1132 3567 1196 3620 τὸ
1221 3565 1402 3623 δῦναι.

252 3745 358 3799 Kal
391 3774 460 3784 —
484 3747 690 3800 αὐτόν.
734 3746 974 3799 Ἰδόντων
1004 3745 1103 3814 τὴν
1127 3744 1337 3815 συνήθη
1371 3745 1464 3798 καὶ
1495 3739 1776 3812 γνώριμον

177 3834 440 3900 εὐλογίαν
482 3833 576 3887 τοῦ
609 3836 799 3905 ἄρτου.
833 3836 970 3889 Τότε
1017 3834 1127 3906 γὰρ
1163 3832 1628 3904 συνεχωρήθησαν
1652 3834 1775 3884 ἐπι-

174 3925 387 3993 γνῶναι
417 3926 604 3980 αὐτόν.

252 4016 362 4071 Kal
384 4047 452 4059 --
480 4017 701 4073 αὐτῶν.
740 4019 858 4074 Ἵνα
894 4018 969 4090 μὴ
1005 4017 1344 4089 βραδύνωσιν
1367 4016 1447 4070 ἐτι
1469 4057 1485 4082 ,
1513 4015 1649 4069 ἀλλὰ
1675 4016 1774 4069 τάο

172 4126 294 4180 χιον
323 4110 739 4180 ὑποστρέψωσιν
775 4114 855 4175 είς
885 4113 1012 4176 τοὺς
1043 4098 1298 4182 μαθητάς
1321 4125 1337 4141 °
1372 4109 1631 4163 ἐϐούλετο
1661 4111 1773 4179 γὰρ

179 4202 501 4272 αὐθημερὸν
536 4203 944 4276 ἐμφανισθῆναι
982 4206 1150 4258 πᾶσιν
1185 4205 1393 4266 αὐτοῖς.

251 4297 362 4349 Kal
391 4325 460 4334 —
492 4295 784 4366 Ffaspdc;
846 4297 1131 4368 Καιομένη
1157 4337 1172 4362 ,
1226 4297 1400 4368 ἠγουν
1448 4296 1730 4366 σφύζουσα
1754 4335 1770 4360 ,

180 4388 519 4459 παλλομένη.

253 4482 360 4534 Kal
393 4511 462 4520 —
504 4480 916 4551 Ἰερουσαλήμ.
964 4482 1297 4550 Ἀνέστησαν
1327 4482 1470 4553 αὐτῇ
1498 4487 1564 4555 τῇ
1613 4483 1733 4557 ὥρᾳ
1755 4522 1770 4550 ,

1887 2005 2146 2068 Joannes,
2173 2016 2227 2059 ut
2260 2006 2631 2075 prmdiximus.

1959 2098 2114 2152 Vc'rs.
2166 2098 2257 2152 24.
2313 2095 2471 2149 Et—
2512 2099 2855 2150 viderunt.-—
2877 2095 2961 2150 Ita
2999 2096 3332 2157 invenerunt,
3381 2091 3483 2146 boe

1887 2199 1992 2251 est.
2013 2181 2128 2244 Non
2166 2189 2501 2243 invenerunt
2536 2204 2738 2258 corpus
2764 2189 2906 2257 ejus.

1958 2281 2113 2334 Vers.
2142 2281 2232 2335 25.
2268 2279 2337 2334 Et
2372 2310 2436 2322 -—
2467 2282 2753 2350 prop/ictae.
2792 2280 3107 2334 lnsensatos
3163 2277 3286 2332 illos
3322 2276 3474 2339 dixit.

1887 2371 2051 2426 tacite
2082 2372 2150 2426 ad
2194 2372 2281 2426 sui
2336 2374 2711 2444 cognitionem
2768 2372 3066 2436 excitans;
3125 2369 3314 2424 tardos
3349 2384 3482 2421 vero

1887 2465 2073 2527 corde,
2137 2474 2329 2533 utpote
2418 2464 2605 2518 tardos
2660 2463 2728 2518 ad
2812 2462 3150 2517 credendqu
3224 2476 3288 2515 ea
3361 2475 3482 2530 qua:

1886 2556 2169 2627 propheta:
2225 2556 2394 2610 locuti
2469 2555 2694 2611 fuerant
2755 2555 2824 2610 de
2886 2564 3062 2610 morte
3116 2563 3172 2609 et
3227 2569 3478 2608 rcsmrc-

1887 2649 2070 2703 ctione
2111 2648 2306 2718 ipsius.

1957 2739 2110 2794 Vers.
2159 2739 2254 2794 26.
2297 2738 2778 2795 Nonne—suam.
2835 2737 2982 2804 llaec,
3052 2752 3172 2806 qua:
3218 2736 3480 2791 videlicet

1883 2830 2052 2886 locuti
2088 2829 2310 2886 fuerant
2337 2832 2645 2901 prophetas.
2681 2828 2926 2886 Gloriam
2959 2843 3140 2890 suam,
3174 2843 3297 2898 quae
3328 2827 3480 2881 vidc-

1887 2923 2013 2977 licet
2042 2937 2154 2978 sua:
2180 2931 2304 2986 erat
2331 2922 2656 2978 divinitatis.
2685 2922 2786 2977 Est
2815 2930 2998 2976 autem
3020 2921 3480 2992 interrogatorius

1884 3029 2090 3070 sermo.

1961 3106 2118 3162 Vers.
2178 3107 2273 3162 27.
2323 3104 2392 3160 Et
2425 3136 2492 3146 —
2521 3107 2656 3174 ipso.
2693 3108 2738 3160 Α
2774 3105 2924 3162 Move
2974 3105 3093 3161 sive
3125 3121 3158 3160 a
3211 3103 3470 3161 Mosaicis

1884 3199 2063 3255 libris.

1957 3293 2113 3348 Vera.
2148 3295 2240 3349 28.
2268 3293 2336 3347 Et
2372 3324 2439 3334 —
2464 3293 2636 3348 ibant.
2666 3292 2788 3358 Quo
2815 3291 2990 3347 ibant.

1955 3387 2114 3442 Vers.
2159 3387 2250 3442 28.
2286 3385 2354 3439 Et
2386 3412 2455 3426 -ο
2489 3387 2592 3440 ire.
2627 3385 2956 3451 Simulabat,
2999 3399 3060 3439 so
3093 3382 3314 3454 longius
3369 3382 3473 3448 ire,

1881 3489 2142 3547 tanquam
2185 3479 2425 3549 vulgaris
2457 3493 2643 3532 comes
2670 3477 2867 3532 luisset
2911 3477 3147 3531 itineris.

1953 3571 2110 3625 Vers.
2159 3570 2250 3625 29.
2296 3567 2376 3654 .Et
2417 3597 2486 3608 ——
2529 3571 2660 3624 dies.
2733 3569 3035 3626 lnclinatus
3087 3577 3171 3624 est
3209 3568 3277 3623 ad
3317 3584 3476 3625 occa-

1879 3679 2023 3718 811111.

1955 3757 2104 3811 Vers.
2139 3756 2230 3812 99.
2276 3755 2343 3810 Et
2382 3785 2451 3795 -
2484 3756 2642 3811 Vers.
2677 3756 2769 3812 51.
2815 3771 2956 3809 eum.
3009 3753 3150 3809 Cum
3203 3753 3477 3809 vidissent

1877 3860 2153 3905 assuetam
2189 3865 2251 3904 ac
2281 3850 2560 3921 cognitam
2616 3849 2780 3920 panis
2802 3846 3294 3912 benedictionem;
3343 3861 3472 3902 nam

1880 3952 2014 3997 tunc
2045 3942 2299 4012 permissi
2341 3951 2492 4003 sunt.
2538 3950 2599 3996 ut
2623 3957 2750 3996 eum
2787 3946 3186 4011 agnoscerent.

1979 4035 2134 4090 Vers.
2184 4035 2272 4088 51.
2303 4034 2370 4086 Et
2426 4062 2499 4073 -
2522 4034 2759 4086 illorum.
2794 4031 2872 4086 Ne
2905 4031 3140 4100 amplius
3167 4029 3471 4091 tardarent.

1879 4126 1973 4181 sed
2032 4125 2196 4180 citius
2245 4125 2312 4180 ad
2372 4123 2672 4194 discipulos
2729 4129 3140 4176 reverterentur
3200 4119 3474 4174 :volebat

1877 4232 2115 4286 namque
2145 4217 2339 4271 eodem
2367 4216 2456 4270 die
2486 4214 2743 4268 omnibus
2771 4213 2934 4267 simul
2967 4223 3256 4280 apparere.

1947 4309 2107 4364 Vers.
2165 4309 2258 4362 '59..
2294 4305 2362 4361 Et
2391 4338 2458 4347 —
2491 4305 2820 4374 Scripturas.
2847 4302 3275 4370 lncendebatur,
3312 4302 3475 4357 salie-

1875 4403 1970 4458 bat
1996 4402 2125 4472 (bb).
2159 4401 2486 4456 movebatur
2512 4417 2576 4455 ac
2615 4400 2891 4454 vibrabat.

1949 4496 2105 4550 Vers.
2142 4495 2233 4551 55.
2270 4494 2340 4547 Et
2369 4525 2442 4536 -
2492 4493 2814 4549 Jerusalem.
2869 4490 3247 4545 Surrexerunt
3281 4489 3472 4544 eadem

177 4575 242 4628 οὐ
293 4575 402 4644 μὴν
437 4576 574 4647 αὐτῇ
618 4579 683 4646 τῇ
733 4575 854 4646 ὥρᾳ
908 4577 1299 4647 ὑπέστρεψαν·
1345 4576 1616 4647 ἐξήκοντα
1663 4581 1771 4651 γὰρ

1883 4589 2037 4651 hora,
2068 4603 2179 4642 non
2223 4597 2406 4642 tamen
2442 4587 2651 4642 reversi
2683 4593 2814 4642 sunt
2869 4583 3063 4638 eadem
3101 4583 3273 4649 liora;
3345 4596 3471 4636 nam

181 4668 416 4721 σταδίων
447 4664 515 4738 ἦν
551 4671 583 4738 ὴ
625 4671 763 4734 ὁδός.
813 4671 973 4733 Εἰκὸς
1005 4671 1063 4724 δὲ
1084 4711 1100 4734 ,
1134 4669 1420 4732 κλίναντος
1467 4670 1560 4723 τοῦ
1593 4671 1770 4741 ἡλίου,

180 4761 417 4832 δραμεῖν
453 4763 649 4827 αὐτοὺς
695 4764 802 4816 ὑπὸ
842 4764 1213 4834 περιχαρείας
1242 4762 1365 4816 ὅλον
1403 4764 1464 4816 τὸ
1492 4763 1774 4834 διάστημα

186 4854 356 4923 μέχρι
385 4852 486 4922 τῆς
511 4855 730 4920 νυκτὸς,
767 4855 846 4918 εἰς
873 4853 1018 4908 ὀκτὼ
1048 4854 1144 4906 καὶ
1171 4855 1344 4926 ἥμισυ
1380 4853 1535 4923 μίλια
1560 4870 1774 4924 συμπο-

183 4945 467 5005 σουμένων
490 4945 597 4999 τῶν
623 4947 888 5019 ἐξήκοντα
914 4947 1166 5001 σταδίων.

251 5145 359 5199 Kal
396 5177 466 5186 —
514 5147 740 5212 αὐτοῖς.
787 5149 892 5203 Σὺν
936 5147 1123 5211 αὐτοῖς
1172 5142 1336 5220 ἦσαν,
1383 5147 1418 5218 ἡ
1469 5160 1613 5206 τινες
1656 5143 1766 5198 τῶν

1880 4691 2001 4736 erat
2028 4679 2112 4734 via
2144 4680 2424 4751 sexaginta
2460 4679 2780 4733 stadiorum.
2810 4676 3122 4732 Verisimile
3145 4684 3230 4731 est
3263 4685 3467 4739 autem,

1881 4775 2025 4844 quod
2068 4773 2384 4828 declinante
2408 4772 2522 4826 sole
2543 4767 2897 4824 cucurrerint
2928 4783 3039 4839 pra:
3070 4768 3243 4824 nimio
3274 4769 3472 4840 gaudio

1883 4875 2058 4920 totum
2091 4865 2440 4921 intervallum
2473 4863 2540 4919 ad
2581 4872 2801 4928 noctem
2831 4873 3029 4930 usque,
3064 4870 3272 4931 septem
3315 4860 3468 4915 vide-

1878 4958 2009 5012 licet
2035 4957 2206 5012 millia
2241 4965 2299 5012 et
2330 4954 2620 5010 dimidium
2649 4991 2665 5019 ,
2695 4967 2818 5024 qua
2871 4952 2928 5006 in
2977 4949 3256 5022 praedictis
3309 4960 3467 5006 erant

1879 5052 2095 5108 stadiis.

1950 5146 2111 5202 Vers.
2137 5146 2229 5203 55.
2269 5143 2340 5200 Ει
2371 5144 2593 5200 -ίίίὶε,
2626 5142 2888 5210 Quicum
2931 5139 3040 5200 illis
3091 5151 3270 5209 erant,
3313 5150 3462 5213 puta,

1376 5329 1585 5390 Varite
1626 5327 1936 5390 lectiones
1975 5332 2038 5389 et
2067 5334 2261 5390 notae.

252 5490 363 5561 (88)
385 5491 512 5564 Νῦν
537 5491 604 5564 δὲ
623 5524 693 5533 ——
720 5493 1178 5564 ἀξζηλπίσαμεγ.
1211 5492 1338 5547 llazc
1358 5492 1636 5564 interpres
1654 5507 1766 5546 non

1883 5490 2045 5564 alicui
2106 5492 2163 5564 i_n_
2211 5491 2689 5564 mentemvenire
2745 5487 3112 5564 ἀποθανόντος
3187 5485 3466 5541 intellecto

181 5561 445 5631 agnuscit.
479 5563 662 5615 lletlde
696 5581 706 5615 :
748 5561 904 5632 Nunt:
943 5578 1062 5632 vero
1093 5564 1167 5616 ita
1201 5573 1468 5616 mortuum
1510 5561 1762 5632 'desperao

185 5630 326 5686 nitu.
364 5632 627 5703 Intellige,
659 5634 824 5686 αὑτὸν
847 5630 987 5687 εἶναι
1047 5631 1350 5703 λυτρωτὴν.
1391 5633 1570 5687 Possit
1603 5630 1768 5689 etiam

259 5788 365 5856 (bb)
403 5787 664 5844 Snlicbat.
694 5798 800 5841 etc.
833 5787 1048 5843 Omisso

1879 5562 2074 5624 αὐτοῦ,
2111 5560 2270 5615 Nunc
2319 5577 2440 5615 vero
2461 5563 2536 5614 ita
2564 5572 2772 5614 mortuo
2802 5561 3164 5628 desperemus.

1954 5632 2066 5706 (ss)
2121 5632 2332 5697 Αύτούς
2380 5633 2554 5688 abest.
2579 5633 2646 5686 A.

1103 5790 1298 5859 ἤγουν,
1355 5791 1627 5860 interpres
1659 5805 1757 5858 pro

1883 5790 2117 5859 τφύζειν,
2159 5793 2456 5846 adtrahi
2482 5793 2547 5848 de
2584 5798 2732 5845 motu
2769 5795 2824 5842 et
2886 5785 3047 5854 pulsu
3091 5787 3275 5839 eordls
3331 5788 3460 5840 .i'i-

187 5860 404 5913 duobus
434 5859 709 5912 vocabulis
741 5861 978 5913 reddidit
1002 5861 1122 5913 tria.
1171 5860 1444 5915 Cmtcrutu
1470 5859 1763 5928 utrumque
1875 5875 1982 5915 tur.

506 5953 776 6018 PATRuL.
821 5957 936 6018 GR.
973 5956 1232 6018 CXXIX.

3068 5947 3143 6009 35
