4084 6404
212 396 357 460 ΗΞ5

1154 402 1540 474 COMMENT.
1586 405 1669 466 IN
1706 404 2087 470 JOANNEM.
2130 436 2194 449 -
2235 409 2395 474 CAP.
2436 413 2484 473 Ι.

3362 419 3504 485 1126

209 507 482 580 ἐδόθησαν
517 512 630 574 τοῖς
664 510 925 577 λαϐοῦσι,
968 513 1336 584 χαριζομένου
1373 516 1470 570 τοῦ
1503 516 1640 570 Θεοῦ
1673 520 1786 572 τού-

1904 528 2207 591 utrumque
2249 540 2301 594 gr
2321 525 2427 578 alis
2448 523 2856 594 accipientibus
2875 527 3072 583 datum
3095 541 3200 596 est,
3229 533 3340 588 Deo
3369 537 3504 605 ipsis

205 614 325 662 τοις
339 599 408 652 δι’
423 600 572 654 ἔλεον
589 604 812 668 οίκείον,
828 603 930 656 οὒκ
944 603 1316 674 ἀμειϐομένου
1333 605 1560 669 τούτους
1581 607 1667 660 διὰ
1685 607 1798 678 (ιε)

206 692 594 760 προλασούσας
624 694 828 764 ἀρετὰς
858 695 1060 749 αὐτῶν.

281 783 495 857 Ὠσπερ
525 784 582 837 δὲ
642 783 879 856 διαθήκη
929 788 1024 839 καὶ
1083 786 1318 860 διαθήκη
1362 788 1640 859 λέγονται,
1704 794 1799 846 καὶ

204 871 376 939 νόμος
409 875 502 925 καὶ
534 876 718 944 νόμος,
754 877 849 928 καὶ
883 876 1058 930 πολλὰ
1091 880 1322 932 τοιαῦτα
1369 881 1611 951 ὀνόματα
1639 885 1799 938 κοινὰ

203 963 426 1032 ἔχουσιν
455 981 468 995 ⁸
502 965 648 1020 οὕτω
675 969 768 1023 καὶ
796 969 961 1041 χάρις
1004 967 1117 1042 (45)
1169 972 1266 1026 καὶ
1298 975 1460 1046 χάρις
1499 976 1798 1047 ὀνομάζον-

201 1072 317 1110 ται.

291 1145 638 1218 Ὁμωνύμως
685 1151 744 1204 δὲ
787 1151 992 1219 πάντα,
1056 1156 1153 1210 καὶ
1197 1157 1259 1211 οὐ
1315 1159 1675 1229 συνωνύμως.
1713 1159 1797 1215 Τὰ

201 1235 425 1308 enim;
451 1241 551 1308 μὲν
572 1242 679 1312 γὰρ
699 1247 1059 1316 στοιχείωσις,
1083 1248 1153 1302 τὰ
1179 1249 1384 1321 ταύτης
1413 1251 1471 1305 δὲ
1487 1251 1794 1316 τελείωσιςο

201 1329 439 1385 κάκεῖνα
471 1335 575 1404 μὲν
599 1337 763 1390 παισὶ
791 1342 1146 1412 προσήκοντα
1166 1382 1182 1410 ,
1205 1343 1385 1399 ταῦτα
1409 1343 1469 1400 δὲ
1501 1345 1791 1418 ἀνδράσιν.

274 1608 347 1660 ’Ἡ
375 1607 561 1664 ἐκεῖνα
596 1611 700 1682 μὲν
737 1614 986 1686 ἀνδράσι,
1026 1617 1202 1673 ταῦτα
1245 1619 1302 1674 δὲ
1339 1621 1619 1691 ἀγγέλοις.
1657 1623 1792 1684 Εἶτα

197 1699 441 1754 δεικνύει
463 1704 524 1755 τὸ
549 1703 812 1776 διάφορον
845 1708 1030 1763 αὐτῶν
1088 1711 1202 1765 ἀπὸ
1229 1713 1341 1768 τῶν
1378 1714 1791 1790 διακονησαμέ-

197 1808 308 1844 νων
338 1795 544 1858 αὐτοῖς.

1911 614 2130 681 propria
2163 631 2256 668 sua
2289 616 2668 671 misericordia
2702 620 3066 690 gratiﬁcante,
3101 639 3211 678 non
3253 627 3325 680 ob
3359 646 3505 698 pm:-

1910 703 2170 759 cedentes
2201 706 2418 761 illorum
2455 711 2683 764 virtutes
2716 713 3074 780 rependente.

1980 795 2449 861 Quemadmodum
2491 812 2672 856 autem
2704 803 2962 858 dicuntur
2998 805 3081 859 lex
3118 817 3171 860 et
3204 809 3312 877 lex,
3336 820 3503 866 testa-

1909 897 2157 942 mentum
2210 906 2274 944 ac
2317 901 2735 960 testamentum,
2789 897 3072 966 multaque
3124 901 3226 954 alia
3277 905 3501 960 nomina

1908 978 2116 1034 habent
2172 987 2535 1040 communia:
2591 986 2664 1040 ita
2715 1002 2935 1058 quoque
2986 993 3160 1060 gratia
3215 1006 3270 1048 et
3326 1000 3500 1065 gratia

1907 1072 2286 1129 nominantur.
2918 1074 2921 1077 ’

1979 1161 2105 1219 limo
2135 1176 2316 1221 autem
2359 1168 2636 1238 mquivo’ca
2676 1180 2831 1239 sunt,
2865 1188 2974 1227 non
3016 1189 3312 1247 synonyma
3353 1199 3365 1233 :
3410 1181 3499 1234 illa

1905 1249 2180 1320 siquidem
2226 1270 2348 1324 qua:
2386 1267 2592 1312 veteris
2639 1269 2792 1324 sunt,
2841 1264 3034 1317 rudem
3086 1269 3500 1335 expressionem

1903 1342 2170 1400 duntaxat
2190 1347 2500 1417 signiﬁcant
2520 1361 2575 1404 et
2593 1350 2979 1423 imitationem,
3003 1372 3122 1424 qua:
3146 1368 3328 1412 autem
3353 1363 3500 1427 novi,

1902 1437 2299 1506 perfectionem
2330 1455 2344 1494 :
2383 1451 2438 1496 et
2467 1442 2558 1497 illa
2590 1458 2723 1498 sane
2751 1446 3008 1502 omnibus
3048 1450 3110 1520 (f)
3138 1456 3498 1521 conveniunt,

1902 1527 2021 1584 haec
2050 1542 2232 1586 autem
2266 1531 2400 1588 solis
2431 1534 2583 1590 viris.

1972 1619 2068 1674 Vel
2099 1623 2283 1690 potius
2319 1623 2407 1678 illa
2447 1627 2600 1691 viris,
2653 1629 2753 1682 ista
2801 1645 2932 1683 vero
2963 1632 3194 1701 angelis.
3230 1633 3498 1691 Differcn-

1900 1710 2030 1765 tiam
2062 1727 2466 1784 consequenter
2515 1719 2759 1790 ipsorum
2793 1721 2862 1776 ab
2895 1722 2979 1776 his
3023 1724 3114 1793 qui
3151 1739 3212 1778 ea
3263 1726 3493 1782 admini.

1899 1812 2212 1860 straverunt
2244 1809 2507 1864 ostendit.

268 1885 400 1938 ’Ότι
427 1917 493 1924 -
522 1888 781 1957 ἐγένετο.
831 1891 889 1945 '0
927 1892 1093 1961 νόμος
1143 1896 1266 1963 μὲν,
1307 1897 1486 1953 εῐτουν
1516 1902 1548 1970 ή
1580 1902 1786 1957 παλαιὰ

1967 1892 2123 1950 Vers.
2162 1897 2242 1950 l7.
2268 1899 2601 1970 Quia—fuit.
2643 1902 2751 1956 Lex
2774 1903 3021 1974 quidem,
3053 1906 3167 1960 sive
3202 1917 3361 1963 vetus
3388 1907 3494 1964 Tc-

194 1977 444 2047 Διαθήκη
472 1979 560 2034 διὰ
615 1982 898 2046 Μωΰσέως
957 1984 1442 2057 μεσολαϐήσαντος
1485 1989 1642 2060 ἐδόθη
1674 1996 1789 2057 τοῖς

204 2067 590 2142 Ἐϐραιοιςοή
643 2074 804 2143 χάρις
859 2074 938 2138 δὲ,
974 2077 1148 2147 ήγουν
1209 2080 1241 2148 ὴ
1293 2081 1415 2145 νέα,
1475 2083 1564 2136 διὰ
1608 2085 1788 2155 Ἰησοῦ

193 2161 438 2231 Χριστοῦ
493 2164 735 2233 ἐγένετο,
777 2167 995 2232 οὐδενὸς
1041 2171 1234 2240 ἐτέρου
1279 2174 1786 2246 μεσολαϐήσαντος.

194 2253 308 2306 Καὶ
333 2255 576 2326 Μωῦσῆς
610 2257 710 2328 μὲν
758 2258 945 2324 δοῦλος
1003 2258 1092 2332 ἦν,
1155 2265 1254 2318 καὶ
1296 2265 1434 2337 ὅπερ
1494 2269 1690 2322 ἐλαϐεν
1723 2272 1788 2324 ἐκ

190 2344 354 2412 Θεοῦ,
384 2347 547 2402 τοῦτο
575 2349 740 2404 ἔδωκε
764 2366 778 2379 °
826 2354 1070 2422 Χριστὸς
1119 2357 1178 2408 δὲ
1237 2361 1522 2430 Δεσπότης
1565 2356 1655 2432 ἦν,
1688 2364 1788 2416 καὶ

190 2439 358 2502 αὐτὸς
392 2440 619 2512 ἐποίησε
659 2441 757 2513 τὴν
801 2444 928 2497 νάειν
954 2445 1029 2509 ὡς
1066 2447 1221 2511 Θεός.
1264 2451 1431 2503 Ὅσον
1465 2447 1561 2506 οὖν
1586 2454 1645 2507 τὸ
1665 2454 1786 2510 διά-

191 2547 362 2600 φορον
390 2532 678 2599 Μωῦσέως
735 2538 830 2590 καὶ
887 2540 1152 2609 Χριστοῦ,
1217 2543 1476 2597 τοσοῦτον
1530 2545 1640 2616 ἄρα
1689 2550 1787 2602 καὶ

189 2623 420 2679 τούτων.
460 2626 608 2680 Ἀνω
637 2629 740 2697 μὲν
771 2625 864 2683 οὖν
890 2631 1073 2699 Χάριν
1131 2633 1230 2688 καί
1279 2635 1459 2704 χάριν
1506 2634 1629 2692 εἷπε
1694 2642 1787 2696 διὰ

190 2717 293 2785 τὴν
331 2719 450 2769 ἐκεῖ
504 2721 772 2790 ῥηθεῖσαν
815 2723 1031 2775 αἰτίανο
1088 2725 1326 2779 ἐνταῦθα
1376 2729 1433 2781 δὲ
1481 2731 1654 2801 μόνην
1683 2735 1785 2804 τὴν

191 2808 322 2860 νέαν
365 2811 648 2881 Διαθήκην
684 2812 913 2866 ἐκάλεσε
960 2816 1164 2886 Χάριν,
1203 2818 1279 2880 ώς
1336 2821 1541 2888 μᾶλλον
1599 2827 1782 2894 χάριν.

188 2898 349 2969 Μόνη
393 2901 502 2970 γὰρ
534 2903 678 2974 αῦτη
714 2905 1006 2976 χαρίζεται
1042 2909 1244 2978 ἄφεσιν
1293 2914 1609 2985 ἁμαρτιῶν,
1649 2924 1785 2975 ἀνα.

188 2989 474 3062 γέννησιν,
500 2995 801 3059 υἱοθεσίαν,
836 3001 1122 3066 βασιλείαν
1145 3004 1421 3072 οὐρανῶν,
1449 3011 1545 3062 καὶ
1574 3013 1781 3080 ἀγαθὰ,

185 3082 228 3137 ἅ
274 3085 429 3153 ὀρθιι
453 3090 584 3155 ίμλς
632 3091 742 3144 οὐκ
777 3087 920 3155 εἶδε,
968 3094 1065 3146 καί
1099 3091 1210 3160 οὖς
1248 3100 1360 3152 οὐκ
1394 3101 1648 3169 ἤκουσε,
1681 3109 1782 3160 καὶ

185 3176 285 3231 ἐπὶ
311 3180 565 3247 καρδίαν
585 3183 906 3251 ἀνθρώπου
927 3189 1040 3240 οὐκ
1075 3187 1276 3256 ἀνέϐη.

1894 1989 2228 2038 stamentum
2265 2002 2363 2056 per
2393 1987 2599 2045 Moscm
2653 1993 3016 2048 mediatorem
3075 1995 3324 2051 Hebraeis
3366 1999 3493 2052 data

1892 2083 1998 2138 est,
2028 2078 2199 2146 gratia
2223 2095 2352 2134 vero
2374 2083 2491 2136 sive
2513 2100 2714 2139 novum
2742 2085 3162 2141 Testamentum
3190 2105 3287 2160 per
3303 2089 3490 2148 Jc-sum

1891 2159 2172 2239 Christum
2215 2168 2366 2223 nullo
2403 2171 2576 2226 altero
2611 2174 2906 2229 mediante.
2949 2175 3017 2229 Et
3048 2176 3224 2233 Moses
3266 2180 3491 2250 quidem

1892 2267 2086 2312 servus
2108 2269 2245 2326 erat,
2270 2263 2526 2333 quodque
2556 2280 2583 2318 a
2610 2265 2719 2321 Deo
2745 2269 2976 2338 aci-epit,
2995 2269 3098 2326 hoc
3122 2271 3270 2327 dedit
3296 2293 3311 2328 :
3334 2274 3494 2329 Chri-

1891 2357 2011 2403 stus
2060 2360 2243 2406 autem
2305 2354 2570 2410 Dominus
2607 2364 2747 2423 erat,
2783 2365 2837 2412 et
2868 2358 2985 2429 ipse
3031 2372 3289 2432 tanquam
3348 2366 3493 2420 Deus

1891 2457 2094 2497 novum
2123 2445 2370 2500 condidit
2396 2447 2832 2503 Testamentum.
2877 2449 3153 2517 Quantum
3195 2463 3283 2510 ea
3325 2457 3493 2528 igitur

1883 2531 2057 2589 Mosis
2089 2551 2118 2589 a
2152 2536 2373 2593 Christo
2423 2538 2742 2605 discrimen,
2778 2551 2988 2596 tantum
3025 2559 3156 2600 sane
3186 2555 3242 2600 et
3266 2548 3486 2606 horum.

1893 2622 2159 2696 Superius
2189 2639 2358 2696 certe,
2386 2630 2633 2687 Gratiam
2661 2642 2711 2686 et
2739 2636 2974 2704 gratiam
3000 2637 3136 2690 dixit
3160 2642 3229 2690 ob
3256 2655 3486 2698 causam

1890 2719 2091 2775 ibidem
2125 2720 2322 2776 dictam
2355 2740 2370 2789 ;
2412 2724 2499 2779 hic
2529 2736 2712 2780 autem
2746 2743 2950 2783 novum
2984 2729 3255 2787 duntaxat
3290 2735 3484 2789 'l‘esta-

1890 2819 2136 2865 mentum
2159 2809 2402 2866 Gratiam
2435 2815 2761 2882 nominavit,
2794 2826 2983 2887 utpote
3013 2821 3196 2874 verius
3224 2826 3482 2893 gratiam.

1888 2899 2025 2954 Nam
2078 2903 2254 2957 solum
2310 2903 2487 2974 ipsum
2546 2918 2895 2975 peccatorum
2958 2911 3234 2967 condonat
3284 2922 3486 2970 remis-

1888 2995 2126 3061 sionem,
2160 2999 2668 3068 regenerationem,
2707 3002 3083 3073 adoptionem;
3120 3023 3346 3076 regnum
3375 3027 3485 3066 cu:-

1887 3085 2068 3139 lorum
2105 3087 2381 3144 tribuitac
2412 3091 2556 3145 bona
2597 3107 2719 3161 quae
2765 3094 2956 3149 oculus
3005 3112 3117 3151 non
3167 3099 3322 3164 vidit,
3379 3119 3481 3157 nec

1888 3178 2037 3229 auris
2077 3179 2306 3245 audivit,
2347 3196 2451 3235 nec
2501 3182 2555 3235 in
2592 3199 2687 3236 cor
2726 3182 2967 3241 hominis
3004 3192 3440 3248 ascenderunt‘.

502 3273 559 3325 δὲ
595 3230 791 3328 aur'n
813 3276 1008 3344 χάρις,
1061 3230 1425 3349 προσέθηκεν,
1472 3285 1554 3339 ὅτι
1584 3291 1698 3344 Καὶ
1740 3296 1777 3363 ὴ

1962 3267 2059 3322 Ubi
2094 3285 2224 3324 vero
2256 3271 2486 3327 dixisset
2518 3271 2732 3336 Gratia,
2765 3275 2997 3342 addidit,
3032 3278 3100 3332 Et
3149 3283 3364 3346 veritas,
3395 3285 3481 3338 in-

190 3363 482 3430 ὰλήθειαι
538 3367 600 3420 τὸ
653 3368 888 3437 ἀψευδὲς
937 3372 1074 3442 αὐτῇ
1135 3378 1672 3454 προσμαρτυρῶν,ῆ
1721 3387 1782 3440 τὸ

186 3457 418 3511 τέλειον.
463 3457 680 3531 Ἐκείνη
728 3463 827 3529 μὲν
862 3461 970 3533 γὰρ
1003 3464 1034 3534 η
1069 3463 1230 3533 χάρις
1283 3464 1523 3537 ἀτελής·
1577 3470 1641 3526 '0
1680 3479 1782 3532 νό-

180 3565 300 3617 μος
341 3549 454 3619 γὰρ
503 3549 688 3605 οὐδὲν
728 3551 1066 3618 ἐτελείωσε,
1121 3557 1287 3624 φησὶν
1319 3559 1348 3608 ὁ
1404 3559 1731 3632 auem-01°;
1760 3581 1778 3601 .

188 3641 334 3711 αὕτη
369 3643 424 3694 δὲ
455 3643 660 3710 τελεία,
701 3645 777 3708 ὼς
812 3645 1167 3712 τελειοποιὸς.
1204 3650 1372 3705 Ὅσον
1402 3647 1496 3708 οὖν
1530 3656 1779 3726 μείζονος

188 3736 415 3807 χάριτος
506 3735 865 3809 ἠξιώθημεν,
943 3742 1199 3796 τοσοῦτον
1271 3743 1498 3810 μείζονα
1571 3751 1777 3823 ἀρετὴν

183 3828 499 3898 ὀφείλομεν,
537 3829 624 3883 ἵνα
684 3831 783 3900 μὴ,
823 3829 1064 3895 ἀναξίως
1099 3830 1200 3902 τῆς
1235 3831 1572 3907 τηλικαύτης
1619 3839 1778 3912 εὐερ-

185 3921 378 3988 γεσίας
414 3919 892 3992 πολιτευσάμενοι,
923 3923 1082 3987 ἀξίαν
1104 3922 1203 3992 τῆς
1236 3922 1573 3998 τηλικαύτης
1605 3928 1776 4001 paen-

188 4014 319 4084 μίας
351 4013 507 4085 δίκην
540 4014 835 4085 ὑφέξομεν.

256 4108 409 4184 Geor
450 4136 522 4147 —
562 4105 932 4176 ἐξηγήσατο.
985 4107 1084 4163 Ἐκ
1136 4109 1298 4173 ποίας
1332 4110 1657 4176 ἀκολουθίας
1689 4116 1773 4177 εἰς

1888 3361 2162 3418 fallibilcm
2203 3365 2376 3434 ipsam
2422 3382 2545 3422 esse
2589 3376 2858 3424 attestans
2896 3386 2960 3425 ac
2993 3372 3332 3440 perfectam:
3382 3376 3474 3431 illa

1885 3449 2154 3519 siquidem
2183 3455 2353 3523 gratia
2387 3465 2503 3510 erat
2547 3457 2886 3528 imperfecta.
2933 3459 3042 3515 Lex
3083 3465 3246 3520 enim.
3297 3477 3357 3521 ut
3400 3469 3478 3523 ait

1883 3541 2200 3611 Apostolus,
2219 3545 2351 3598 nihil
2377 3547 2449 3600 ad
2463 3549 2744 3619 perfectura
2778 3551 3002 3606 adduxit
3023 3551 3062 3585 "
3091 3569 3106 3618 ;
3139 3555 3257 3610 haec
3290 3569 3476 3616 autem

1882 3633 2148 3706 perfecta,
2167 3648 2357 3708 utpote
2372 3640 2613 3709 perfecte
2626 3655 2878 3710 operans.
2904 3641 3121 3709 Quanto
3133 3661 3264 3717 ergo
3282 3652 3474 3721 majori

1881 3730 2052 3799 gratia
2079 3730 2228 3803 digni
2273 3730 2443 3789 habiti
2473 3749 2685 3800 sumus,
2709 3747 2861 3794 tanto
2885 3739 2952 3794 ad
2968 3740 3230 3811 maiorem
3263 3743 3477 3816 obliga-

1879 3836 2006 3882 mur
2030 3823 2284 3880 virtutem
2310 3841 2379 3880 ne
2404 3835 2556 3882 tanto
2586 3831 2851 3886 beneficio
2885 3834 3108 3905 indigne
3141 3853 3476 3894 conversan-

1883 3919 2236 3990 tes,dignum
2275 3929 2425 3975 tanta
2456 3920 2672 3993 ignavia
2703 3927 3038 3996 supplicium
3071 3932 3473 3992 sustineamus.

1947 4103 2104 4159 ναι-ε.
2135 4105 2220 4160 18.
2252 4105 2422 4160 Deum
2473 4135 2545 4150 ---
2579 4109 2872 4162 enarrat-it.
2897 4107 3016 4175 Qua
3073 4120 3468 4184 consequentia

183 4198 344 4251 τοῦτο
387 4195 550 4270 ἦλθεν
600 4200 630 4250 ὀ
685 4199 1105 4271 εύαγγελιστὴς,
1145 4205 1406 4272 πρόσχες.
1459 4203 1657 4269 Δείξας
1707 4206 1772 4259 τὸ

1892 4200 2094 4253 venerit
2157 4198 2226 4253 ad
2283 4199 2387 4254 hoc
2440 4200 2800 4270 evangelista,
2867 4203 3114 4259 adverte.
3170 4205 3467 4279 Postquam

180 4292 439 4362 διάφορον
476 4292 572 4345 τοῦ
605 4292 774 4362 νόμου
805 4311 863 4346 τε
897 4295 992 4346 καὶ
1019 4294 1117 4365 τῆς
1150 4295 1392 4365 χάριτος,
1449 4297 1646 4367 ἐπάγει
1675 4301 1771 4355 καὶ

1892 4291 2240 4347 lifferentiam
2267 4292 2667 4347 demonstravit
2720 4291 2862 4364 legis
2915 4303 2971 4349 et
3002 4298 3192 4365 gratiae
3241 4341 3256 4365 ,
3295 4303 3467 4357 ratio-

181 4384 366 4436 αίτὶσν
424 4383 648 4450 εὔλογον
695 4387 797 4455 τῆς
839 4384 1130 4455 διαφορᾶς,
1163 4389 1245 4438 ὅτι
1310 4387 1400 4440 τὸν
1446 4390 1546 4459 μὲν
1603 4391 1770 4460 νόμον

1892 4386 2108 4440 labilem
2148 4385 2312 4438 etiam
2347 4384 2676 4440 differentiae
2715 4401 2941 4441 causam
2976 4389 3129 4445 addit
3158 4408 3170 4443 :
3207 4394 3354 4460 quod
3383 4395 3462 4450 Ie-

183 4474 424 4541 Μωῢσῆς
455 4474 736 4542 ἐκόμισεν,
765 4471 1055 4542 ἄνθρωπος
1084 4478 1160 4543 μη
1190 4472 1455 4544 ὲωρικὼς
1486 4477 1579 4529 τἰν
1609 4476 1765 4530 Θεόν·

1892 4493 1991 4549 gem
2023 4478 2244 4549 quidem
2276 4478 2457 4532 attulit
2496 4479 2692 4543 Moses,
2751 4478 2916 4534 homo
2970 4481 3065 4550 qui
3122 4481 3293 4536 Deum
3353 4502 3464 4540 non

183 4566 294 4619 Καὶ
348 4565 458 4634 γὰρ
502 4563 652 4618 Θεὸν
689 4561 891 4628 οὐδεὶς
929 4561 1149 4630 ἑώρακε
1211 4563 1472 4617 τώποτε³
1523 4567 1620 4618 καὶ
1679 4566 1765 4620 διὰ

1892 4573 2014 4627 ridit
2062 4589 2077 4626 :
2127 4569 2299 4624 Deum
2324 4573 2467 4624 enim
2520 4587 2672 4624 uento
2735 4571 2863 4624 vidit
2917 4589 3172 4642 unquam,
3231 4575 3467 4646 ideoque

181 4656 341 4709 τοῦτό
370 4658 521 4710 ἐστιν
563 4656 805 4709 ἐλάττων
832 4658 860 4708 ὁ
893 4655 1080 4725 νόμος,
1132 4656 1209 4722 ὡς
1261 4657 1414 4726 παρὰ
1469 4656 1768 4727 ἀνθρώπου

1892 4682 1958 4721 ex
1989 4664 2218 4719 inferior
2246 4673 2355 4729 est,
2389 4673 2579 4734 utpote
2618 4665 2687 4718 ab
2723 4664 2946 4720 homine
2979 4667 3181 4721 delata.
3213 4666 3461 4725 Gratiam

182 4747 466 4818 κομισθείς
491 4764 505 4778 ο
532 4747 630 4819 τὴν
659 4749 716 4802 δὲ
742 4750 926 4819 χάριν,
961 4749 1084 4820 ἢτοι
1121 4748 1184 4801 τὸ
1219 4749 1573 4818 Εὑαγγέλιον,
1609 4753 1642 4804 ὁ
1661 4766 1771 4819 μο-

1892 4774 2000 4815 νετο
2028 4759 2146 4814 sive
2175 4759 2531 4830 Evangehum
2562 4758 2866 4829 unigenitus
2905 4759 3082 4814 Filius
3133 4761 3226 4830 qui
3263 4777 3455 4817 versa-

179 4836 444 4906 νογενὴς
483 4837 638 4904 Υἱὸς,
668 4840 697 4890 ὁ
724 4837 1146 4906 ἐνδιαιτώμενος
1188 4837 1268 4908 τῷ
1305 4839 1493 4910 κόλπῳ
1520 4837 1618 4892 τοῦ
1650 4839 1768 4892 Πα-

1893 4869 1957 4907 ιιι·
1993 4852 2048 4906 in
2073 4853 2200 4907 sinu
2238 4852 2450 4915 Patris,
2481 4866 2809 4922 semperque
2838 4851 3010 4907 Deum
3047 4854 3218 4918 videt,
3258 4870 3460 4925 nempe

177 4932 330 5000 τρὸς,
373 4929 470 4984 καὶ
527 4931 615 4983 ἀεὶ
669 4929 816 5000 ὀρῶν
869 4931 959 4983 τὸν
1021 4929 1176 4991 Θεὸν,
1213 4930 1288 4994 ὡς
1341 4930 1498 4995 Θεὸς,
1530 4929 1768 4996 ἐκεῖνος

1892 4946 2011 4999 )eus
2043 4945 2182 5015 ipse,
2205 4944 2339 4998 illud
2367 4944 2662 5009 enarravit,
2690 4945 2961 5000 ordinavit
2982 4961 3047 4999 ac
3069 4946 3253 5002 docuit
3277 4964 3291 5012 ;
3314 4949 3465 5003 ideo-

177 5023 548 5092 ἐξηγήσατο,
611 5021 939 5088 συνέταξεν,
1012 5022 1259 5089 ἐδίδαξεο
1317 5022 1413 5076 καὶ
1465 5022 1554 5076 διὰ
1605 5023 1764 5077 τοῦτο

1892 5053 1972 5107 [ue
2013 5041 2192 5108 potior
2221 5047 2306 5092 est
2334 5038 2502 5108 gratia
2533 5038 2736 5107 quippe
2765 5053 2794 5091 a
2827 5036 2940 5092 Deo
2965 5037 3133 5105 facta,
3167 5039 3260 5110 qui
3291 5041 3457 5096 Deum

183 5116 386 5186 μείζων
423 5118 454 5185 ἠ
491 5117 672 5186 χάρις,
699 5116 774 5179 ὡς
803 5115 956 5186 παρὰ
987 5117 1123 5168 Θεου
1154 5119 1440 5183 γεγονυῖα,
1467 5116 1562 5170 τοῦ
1590 5117 1761 5187 ὁρῶνο

1892 5140 2134 5194 ntuetur,
2163 5139 2218 5184 et
2251 5144 2314 5183 ea
2343 5145 2464 5200 quae
2496 5128 2590 5184 Dei
2621 5139 2752 5186 sunt
2781 5131 3088 5201 cognoscit.

179 5224 270 5271 τος
298 5207 390 5261 τὸν
417 5207 574 5272 Θεὸν,
613 5209 707 5261 καὶ
737 5206 1102 5276 γινώσκοντος
1148 5212 1220 5260 τὰ.
1254 5209 1348 5263 τοῦ
1377 5208 1538 5266 Θεοῦ.

261 5318 426 5373 Ἀλλὰ
453 5317 572 5383 πῶς
601 5314 757 5373 εἶπεν
809 5319 892 5373 ὃτι
926 5319 1078 5374 Θεὸν
1118 5318 1322 5386 οὐδεὶς
1374 5320 1598 5390 ἑώρακε
1640 5320 1762 5374 πώς-

283 5463 326 5497 “
364 5463 384 5517 l
415 5465 541 5520 Cor.
581 5467 719 5531 ",9.
836 5464 1061 5520 H‘chr.
1095 5479 1194 5530 vu,
1233 5464 1318 5520 19.

1941 5319 2050 5377 Sed
2083 5321 2365 5390 quomodo
2393 5321 2534 5378 dixit
2577 5339 2592 5376 :
2635 5321 2802 5376 Deum
2844 5338 2995 5378 nemo
3028 5322 3157 5378 vidit
3189 5323 3465 5395 unquam!

1379 5561 1582 5624 Varia:
1615 5560 1925 5624 lectiones
1959 5566 2024 5623 et
2060 5567 2253 5622 notae.

249 5731 363 5802 (ιε)
405 5731 518 5794 Τὰς
551 5729 850 5800 interponit
889 5728 954 5784 A.

1956 5730 2066 5800 (45)
2096 5729 2255 5782 Οῦτω
2288 5731 2382 5782 καὶ
2401 5729 2562 5799 χάριν
2592 5729 2955 5798 ὀνομάζονται
2985 5732 3054 5784 Δ.

252 5889 318 5960 (Γ)
351 5889 625 5945 Cantibus.
670 5889 1008 5944 Permutavit
1035 5905 1164 5961 ergo
1200 5891 1335 5947 rtth
1398 5907 1522 5944 cum
1592 5887 1772 5942 παισί.
1807 5886 1946 5942 Solis
1980 5899 2199 5942 nonest
2237 5890 2290 5941 in
2323 5887 2533 5943 Graeco.
