4070 6400
585 423 717 490 1121

1848 414 2228 477 EUTHYMII
2270 413 2632 476 ZIGABENI

3730 420 3866 485 1128

577 536 712 590 Nam
747 541 803 586 et
843 529 1010 585 Isaias
1061 528 1228 583 Deum
1263 528 1391 581 vidit
1468 526 1752 582 sedentem
1784 539 1949 593 super
1975 523 2170 578 solium

2279 540 2460 586 :zors;
2487 525 2596 577 Καὶ
2629 521 2737 594 γὰρ
2787 519 3012 587 Ἡσαΐας
3056 527 3154 594 μὲν
3190 523 3299 580 εἶδε
3331 529 3420 582 τὸν
3455 530 3669 600 Κύριον
3698 533 3869 602 καθή-

577 627 854 684 excelsnm
889 636 942 680 et
981 625 1247 678 elevatum
1280 623 1361 687 ¹⁶;
1396 621 1644 676 Ezechiel
1702 627 1884 674 autem
1925 619 2060 673 vidit
2093 618 2173 688 ip-

577 735 698 774 smn
732 720 1014 772 sedentem
1046 730 1213 784 super
1245 714 1544 769 Cherubim
1568 714 1634 779 ";
1678 711 1872 765 Daniel
1901 721 2171 780 praeterea

579 810 758 877 ipsum
808 808 941 861 vidit
975 805 1256 861 sedentem
1309 807 1604 872 Antiquum
1653 803 1864 857 dierum
1885 800 1952 868 ι’,
1986 811 2042 856 et
2083 801 2171 855 alii

579 914 795 971 quoque
838 899 1014 968 ipsum
1046 900 1301 953 viderunt
1323 938 1335 951 .
1366 895 1470 950 Sed
1503 895 1556 950 id
1605 910 1710 950 non
1758 895 1928 950 veluti
1963 909 2170 948 secun-

577 995 703 1047 dum
759 1002 1004 1045 naturam
1038 1002 1173 1052 erat,
1210 989 1305 1044 sed
1357 990 1501 1042 sicut
1547 988 1698 1057 juxta
1755 987 2172 1041 similitudinem

575 1081 1045 1153 app;irebat.Nam
1077 1083 1121 1147 si
1165 1081 1343 1150 ipsum
1391 1080 1546 1149 juxta
1602 1094 1755 1133 suam
1810 1086 2061 1132 naturam
2091 1080 2167 1130 vi-

576 1177 810 1240 dissent,
864 1191 1204 1245 nequaquam
1259 1174 1422 1226 variis
1478 1173 1657 1227 modis
1698 1170 2168 1226 vidissent:sim-

577 1267 697 1337 pler
735 1266 882 1320 enim
932 1276 986 1322 et
1017 1269 1134 1321 sine
1164 1266 1331 1334 ﬁgura
1370 1274 1498 1329 est,
1539 1277 1594 1319 et
1634 1262 1814 1334 nehue
1860 1263 2034 1330 sedet,
2078 1278 2175 1317 ne-

575 1376 682 1428 que
716 1369 822 1412 stat
851 1373 1030 1427 neque
1057 1358 1295 1412 ambulat
1323 1375 1336 1412 :
1372 1373 1496 1412 nam
1530 1358 1644 1411 haec
1695 1371 1988 1424 corporum
2021 1364 2170 1410 sunt.

575 1450 730 1505 Unde
765 1461 813 1504 et
847 1452 1006 1505 dicit:
1031 1448 1141 1521 Ego
1177 1452 1400 1504 visiones
1447 1450 1820 1519 muttiplicavi,
1856 1460 1905 1503 et
1931 1451 1984 1504 in
2011 1467 2174 1505 manu

575 1547 945 1611 prophetarum
1010 1542 1336 1597 assimilatas
1385 1561 1499 1597 sum
1530 1546 1594 1611 ",
1623 1545 1861 1597 visiones
1931 1541 2175 1598 diversas

573 1647 638 1685 ac
671 1633 1086 1686 similitudinem
1121 1632 1463 1704 significans.

643 1743 967 1799 Nominatur
993 1757 1176 1798 autem
1240 1744 1557 1814 unigenitus
1610 1746 1802 1812 Filius,
1850 1747 1994 1818 quod
2021 1747 2175 1803 solus

2280 631 2441 683 μενον
2471 615 2565 667 ἐπὶ
2588 614 2781 684 θρόνου
2819 614 3025 684 ὑψηλοῦ
3071 618 3166 670 καὶ
3189 618 3506 690 ἐπηρμένου
3531 636 3546 649 ·
3605 621 3870 690 ἰεξεκιὴλ

2274 706 2330 757 δὲ
2361 701 2504 757 εἶδεν
2539 704 2706 759 αὑτὸν
2758 705 3073 776 καθήμενον
3129 708 3225 760 ἐπὶ
3268 710 3381 762 τῶν
3413 711 3738 780 Χερουϐξμ·
3774 715 3866 761 καὶ

2276 795 2475 865 Δανιὴλ
2503 795 2559 848 δὲ
2583 791 2725 848 εῐδεν
2751 795 2916 849 αὐτὸν
2966 797 3280 866 καθήμενον
3328 800 3567 854 Παλαιὸν
3610 802 3868 870 ἡμερῶν·

2276 887 2371 940 καὶ
2413 886 2563 940 ἄλλοι
2612 886 2670 940 δὲ
2718 885 2913 940 τοῦτον
2966 889 3267 959 ἑωράκασι.
3327 894 3475 964 Πλὴν
3522 895 3622 964 οὐχ
3673 897 3750 956 ὡς
3802 891 3869 964 ἦν

2278 979 2424 1033 κατὰ
2460 981 2648 1048 φύσιν,
2692 979 2812 1033 ἀλλ’
2859 980 2934 1045 ὡς
2994 983 3252 1052 ἐφαίνετο
3305 985 3430 1039 καθ’
3476 989 3768 1058 ὁμοίωσιν.
3807 988 3870 1040 Εἰ

2278 1075 2386 1144 γὰρ
2421 1073 2591 1143 αὐτὴν
2627 1075 2818 1143 ἑώρων
2841 1076 2942 1146 τὴν
2971 1077 3139 1130 αὐτοῦ
3163 1080 3344 1145 φύσιν,
3372 1082 3472 1133 οὐκ
3501 1081 3566 1133 ἂν
3591 1082 3820 1148 διαφόρω
3843 1097 3871 1143 ς

2281 1163 2454 1232 αὐτὴν
2503 1162 2722 1232 ἑώρωνο
2770 1163 2921 1234 ἁπλῆ
2970 1166 3081 1237 γάρ
3131 1167 3215 1231 τις
3263 1170 3379 1222 ἐστι
3416 1171 3515 1226 καὶ
3553 1173 3872 1242 ἀσχημάτι-

2280 1268 2430 1314 στος,
2465 1251 2562 1304 καὶ
2595 1251 2722 1304 οὗτε
2756 1254 3017 1325 κάθηται,
3067 1255 3192 1310 οὔτε
3250 1258 3508 1331 ἕστηκεν,
3542 1261 3670 1314 οὔτε
3707 1279 3871 1332 περι-

2278 1347 2460 1397 πατεῖ.
2498 1344 2686 1399 Ταῦτα
2737 1345 2847 1414 γὰρ
2894 1348 2991 1401 καὶ
3041 1349 3112 1423 τὰ
3160 1352 3384 1403 τοιαῦτα
3431 1355 3539 1405 τῶν
3590 1355 3874 1424 σωμάτων

2277 1435 2404 1490 εἰσι.
2436 1437 2530 1489 Διὸ
2581 1437 2675 1490 καὶ
2725 1436 2950 1506 ἔλεγεν·
3002 1439 3154 1509 Ἐγὼ
3226 1442 3467 1509 ὁράσεις
3526 1444 3871 1510 ἐπλήθυε-α,

2276 1528 2376 1582 καὶ
2440 1528 2510 1580 ἐν
2565 1528 2740 1598 χερσὶ
2772 1530 3101 1599 προφητῶν
3134 1526 3484 1602 ὠμοιώθην·
3529 1541 3629 1599 τὰς
3680 1538 3876 1602 διαφό-

2283 1635 2407 1687 ρους
2438 1619 2660 1688 ὁράσεις
2695 1622 2788 1672 καὶ
2834 1620 2936 1691 τὴν
2965 1621 3232 1689 ὁμοίωσιν
3267 1621 3466 1692 δηλῶν.

2350 1729 2669 1801 Μονογενης
2703 1731 2804 1800 μὲν
2844 1728 2937 1783 οὖν
2965 1730 2994 1782 ό
3029 1731 3157 1794 Υἱὸς
3201 1731 3555 1802 ὀνομάζεται,
3589 1733 3674 1783 ὅτι
3707 1733 3874 1800 μόνος

571 1829 718 1884 Patri
745 1842 907 1885 natus
937 1833 1029 1908 sit,
1097 1836 1321 1901 soloque
1354 1831 1512 1888 Patre
1543 1836 1778 1904 genitus.
1847 1833 2005 1888 Pater
2037 1850 2170 1904 quo-

2279 1821 2543 1890 γεννᾶται
2573 1819 2652 1890 τῷ
2684 1820 2880 1891 Πατρὶ,
2923 1821 3018 1874 καὶ
3047 1823 3129 1874 ὄτι
3161 1823 3228 1874 ὲκ
3265 1824 3428 1891 μόνου
3460 1825 3723 1891 γεννὶται
3758 1825 3878 1877 [Ια-

572 1936 676 1989 que
705 1922 880 1975 solum
940 1933 1025 1975 est
1055 1922 1232 1986 Pater,
1275 1938 1383 1977 non
1424 1925 1589 1977 etiam
1629 1925 1778 1978 filius
1818 1926 2072 1995 alicujus,
2113 1936 2171 1978 ut

571 2013 660 2066 alii
695 2023 822 2068 sunt
853 2023 1036 2081 patres
1067 2033 1078 2067 :
1111 2015 1282 2069 Filius
1317 2025 1481 2068 etiam
1515 2015 1691 2068 solum
1736 2026 1897 2070 natus
1926 2025 2030 2078 est,
2064 2031 2172 2070 non

580 2115 737 2174 pater
761 2105 924 2158 etiam
962 2106 1216 2174 alicujus,
1249 2114 1308 2160 ut
1340 2106 1522 2175 plures
1548 2117 1731 2162 essent
1765 2106 1882 2160 ﬁlii.
1943 2107 2024 2161 Ad
2057 2108 2174 2161 haec

574 2196 701 2263 quia
731 2195 894 2251 unico
920 2212 983 2251 ac
1017 2197 1236 2266 proprio
1268 2199 1430 2252 modo
1458 2206 1616 2254 natus
1645 2208 1750 2261 est,
1774 2198 1866 2268 qui
1901 2199 2004 2253 nec
2035 2198 2165 2264 dici,

575 2302 678 2340 nec
721 2288 946 2357 cogitari
998 2297 1196 2357 potest,
1223 2303 1332 2341 non
1386 2303 1680 2356 corporum
1723 2303 1895 2343 more.
1951 2288 2163 2343 Dicitur

574 2389 756 2432 autem
773 2378 961 2439 Filius.
982 2379 1121 2444 quod
1139 2378 1382 2448 ejusdem
1408 2378 1626 2432 sitcum
1644 2377 1802 2433 Patre
1820 2380 2170 2436 subetsntiazz

575 2483 679 2521 nec
727 2468 902 2535 solum
957 2467 1082 2533 hoc,
1117 2467 1210 2521 sed
1242 2467 1368 2536 quia
1423 2468 1589 2521 etiam
1636 2467 1705 2522 ab
1738 2482 1804 2522 eo
1834 2478 1939 2522 est.
1970 2468 2165 2522 Sinum

575 2575 707 2613 vero
735 2559 872 2613 dixit
901 2557 1100 2622 Patris,
1129 2574 1232 2612 non
1256 2558 1401 2628 quod
1429 2558 1570 2612 Deus
1597 2559 1776 2612 sinum
1810 2558 2173 2621 babeat,nam

572 2652 730 2705 sinus
782 2666 1076 2720 corporum
1118 2659 1202 2704 est
1231 2667 1248 2716 ;
1281 2655 1375 2704 sed
1411 2666 1505 2719 per
1535 2650 1637 2705 hoc
1668 2651 1813 2720 quod
1861 2651 2020 2714 dicit,
2070 2649 2172 2715 Qui

571 2757 645 2796 est
681 2743 736 2794 in
775 2741 896 2794 sinu
927 2740 1138 2807 Patris,
1175 2743 1458 2813 proprium
1482 2751 1535 2795 et
1570 2741 2010 2796 consubtantiale
2047 2739 2172 2794 Filii

570 2833 927 2905 signiﬁcavit.

642 3049 830 3103 Potest
848 3063 1065 3118 quoque
1078 3049 1255 3103 etalio
1276 3049 1439 3103 modo
1466 3050 1595 3114 uici,
1621 3049 1765 3117 quod
1799 3047 1998 3120 prioris
2021 3047 2171 3113 dicti,

2277 1914 2427 1977 τρός.
2478 1915 2537 1966 ὐ
2578 1915 2690 1984 γὰρ
2742 1914 2929 1985 πατὴρ
2967 1915 3136 1968 αὑτοῦ
3199 1917 3358 1986 μόνον
3391 1919 3508 1969 ἐστὶ
3542 1917 3768 1986 Πατὴρ,
3803 1918 3864 1969 οὗ

2279 2005 2388 2077 μὴν
2437 2006 2535 2058 καὶ
2583 2005 2699 2068 υἱός
2730 2023 2902 2071 τινος,
2939 2006 3014 2069 ὡς
3052 2009 3102 2059 οἱ
3136 2007 3288 2060 ἄλλοι
3331 2011 3567 2078 πατέρες
3595 2024 3610 2037 ⁸
3652 2012 3749 2061 καὶ
3790 2012 3877 2062 ὅτι

2279 2100 2442 2165 μόνον
2474 2098 2734 2164 γεννᾶται
2787 2098 2917 2158 Υἱὸς
2939 2137 2954 2162 ,
2992 2099 3054 2151 οὐ
3104 2099 3211 2169 μὴν
3243 2103 3337 2152 καὶ
3372 2103 3556 2171 πατήρ
3584 2119 3757 2162 τινος,
3795 2102 3876 2163 ὡς

2275 2191 2326 2243 οἱ
2361 2189 2514 2243 ἄλλοι
2547 2190 2652 2243 υιοι
2676 2207 2690 2222 ·
2725 2190 2821 2243 καὶ
2859 2191 2941 2243 ὅτι
2989 2193 3344 2263 μονοτρόπως
3377 2197 3663 2260 γεννᾶται,
3698 2196 3874 2267 ἧγηυν

2283 2281 2628 2350 ἰδιοτρόπως,
2683 2283 2778 2334 καὶ
2835 2281 2977 2352 ὑπὲρ
3029 2283 3241 2337 ἔννοιαν
3298 2284 3393 2337 καὶ
3425 2288 3606 2353 λόγον,
3642 2289 3740 2339 καὶ
3771 2289 3874 2355 οὐχ

2277 2375 2354 2430 ὡς
2399 2373 2466 2426 τὰ
2527 2372 2778 2441 σώματα.
2832 2373 2958 2436 Υἱὸς
3006 2373 3062 2426 δὲ
3112 2375 3352 2442 λέγεται,
3385 2376 3465 2429 ὅτι
3495 2377 3696 2430 ταυτόν
3752 2380 3875 2429 ἐστι

2278 2466 2358 2534 τῷ
2418 2466 2596 2533 Πατρὶ
2647 2467 2772 2518 κατ’
2803 2466 3014 2528 οὐσίαν,
3046 2467 3143 2519 καὶ
3197 2467 3297 2520 οὐκ
3329 2468 3506 2520 ἐκεῖνο
3535 2470 3723 2537 μόνον,
3755 2469 3876 2521 ἀλλ’

2278 2559 2359 2609 ὅτι
2391 2557 2673 2610 κάκεῖθεν.
2707 2557 2924 2610 Κόλπον
2958 2558 3015 2610 δὲ
3041 2557 3136 2610 τοῦ
3166 2558 3379 2627 Πατρὶς
3416 2556 3594 2622 εἶπεν,
3653 2561 3755 2629 οὐχ
3798 2561 3874 2621 ὼς

2280 2646 2374 2699 τοῦ
2404 2647 2540 2700 Θεοῦ
2575 2649 2778 2700 κόλπον
2811 2651 3028 2718 ἔχοντος
3052 2664 3067 2680 ⁶
3101 2650 3212 2702 τῶν
3243 2651 3515 2720 σωμάτων
3551 2653 3660 2722 γὰρ
3685 2655 3712 2704 ό
3742 2654 3874 2704 κόλ-

2282 2757 2381 2800 πος
2405 2755 2418 2769 °
2457 2739 2594 2791 ἀλλὰ
2628 2738 2716 2792 διὰ
2748 2741 2842 2793 τοῦ
2875 2743 3074 2802 εἰπεῖν,
3121 2741 3184 2794 '0
3232 2739 3319 2794 ὢν
3353 2743 3439 2808 εις
3474 2744 3580 2796 τὸν
3632 2747 3877 2797 κόλπον

2279 2829 2386 2882 τοῦ
2428 2830 2689 2908 Πατρός,
2741 2831 2801 2882 τὸ
2851 2816 3078 2900 γνήσιον
3133 2829 3227 2884 τοῦ
3262 2831 3394 2884 Υἱοῦ
3453 2835 3548 2887 καὶ
3576 2833 3875 2904 ὁμοούσιον

2280 2921 2379 2974 καὶ
2408 2921 2717 2991 ἀχώριστον
2753 2924 3047 2994 ἐσήμανεν.

2359 3031 2518 3086 Ἐστι
2558 3033 2616 3087 δὲ
2659 3035 2752 3086 καὶ
2803 3036 3010 3105 ἑτέρως
3039 3037 3238 3103 εἰπεῖν,
3279 3039 3364 3092 ὅτι
3413 3036 3512 3091 τοῦ
3549 3038 3716 3108 ρητοῦ
3754 3037 3870 3106 (ιι)

570 3143 843 3205 videlicet,
875 3141 1040 3195 Deum
1071 3157 1220 3194 nemo
1248 3142 1376 3195 vidit
1405 3157 1659 3211 unquam,
1721 3141 2065 3195 conﬁrmatio
2091 3148 2170 3197 est

2282 3121 2380 3174 τοῦ
2413 3123 2665 3190 λέγοντος
2690 3124 2772 3176 ὅτι
2807 3126 2956 3178 Θεὸν
2976 3125 3178 3193 οὐδεὶς
3203 3125 3430 3197 ἑώρακε
3455 3127 3722 3195 πώποτε,
3754 3130 3874 3180 sm-

574 3237 626 3290 id
677 3191 1125 3303 quod'sequitur,
1157 3233 1462 3299 Uniqenitus
1481 3191 1682 3288 vFiliuvs
1729 3235 1818 3305 qui
1857 3236 2018 3288 estin
2056 3235 2170 3288 sinu

2284 3215 2583 3280 ϐεϐαίωσίς
2633 3218 2751 3269 last
2800 3218 2861 3270 τὸ
2910 3218 3100 3288 ἕτερον
3156 3191 3326 3288 ρητόν
3390 3221 3450 3272 τὸ
3508 3191 3721 3289 φάσκον
3783 3220 3866 3273 ὃτι

570 3325 752 3380 Patris
802 3325 911 3394 ipse
935 3327 1230 3390 enarravit,
1289 3326 1392 3381 hoc
1419 3334 1532 3391 est,
1600 3325 1720 3396 Ipse
1788 3327 1976 3381 docuit
2023 3327 2169 3397 quod

571 3417 742 3472 Deum
773 3433 922 3471 nemo
952 3417 1080 3471 vidit
1115 3433 1370 3488 unquam.
1403 3415 1536 3470 Nam
1569 3418 1635 3472 de
1694 3419 1799 3473 hoc
1851 3419 2014 3473 variis
2045 3419 2177 3472 locis

571 3510 824 3565 Christus
864 3511 1081 3565 locutus
1103 3520 1206 3573 est,
1251 3509 1392 3565 sicut
1431 3510 1485 3563 in
1513 3510 1873 3580 sequentibus
1901 3511 2170 3564 manifes-

572 3609 685 3656 tum
709 3602 832 3657 erit.
849 3601 1005 3658 Nulla
1026 3602 1214 3671 itaque
1247 3610 1504 3656 creatura
1525 3600 1698 3654 Deum
1731 3599 1904 3666 videt,
1928 3615 2037 3655 non
2059 3617 2176 3655 ma-

576 3693 784 3748 terialis
848 3701 1078 3759 tantum,
1137 3695 1234 3749 sed
1296 3703 1351 3748 et
1395 3693 1773 3749 irmnaterialis
1836 3709 1850 3747 :
1907 3693 2176 3764 siquidem

577 3784 712 3854 ipsis
754 3799 973 3854 quoque
1025 3785 1490 3840 immaterialibus
1536 3785 1835 3840 virtutibus
1882 3768 2177 3840 invisibilis

577 3888 669 3934 est
697 3879 842 3934 Deus
873 3879 931 3934 in
974 3894 1072 3935 sua
1105 3889 1324 3944 natura,
1363 3880 1493 3936 licet
1529 3890 1696 3950 prout
1726 3880 1832 3936 sibi
1859 3879 2180 3935 conceditur

578 3970 752 4024 Deum
791 3971 1037 4025 videant.

645 4082 805 4171 Vers.
840 4085 926 4140 19.
965 4083 1035 4138 Ει
1078 4116 1149 4128 σ-ν
1180 4085 1429 4140 Joannis.
1478 4083 1616 4152 Hoc,
1668 4085 1917 4155 inquam,
1968 4084 2037 4140 de
2065 4100 2175 4156 quo

577 4193 724 4232 nunc
775 4192 830 4230 In
870 4192 1165 4249 progressu
1193 4179 1444 4233 dicturus
1477 4186 1581 4232 est.

647 4290 802 4346 Vcrs.
847 4292 935 4347 19.
968 4289 1191 4356 Quando
1235 4322 1306 4331 —
1339 4309 1391 4345 es
1413 4292 1440 4345 .9
1465 4291 1859 4348 Testimonium
1914 4293 2170 4347 videlicet

574 4383 764 4438 datum
793 4384 1303 4453 quandoimiserunt
1331 4383 1531 4450 Judaei,
1569 4395 1624 4440 et
1645 4395 1864 4440 caetera.
1889 4385 2168 4454 Siquidem

577 4475 867 4546 pontiﬁces
915 4484 970 4530 et
1021 4476 1331 4531 sacerdotes
1378 4477 1591 4546 pepuli,
1620 4492 1741 4531 cum
1775 4478 1918 4531 circa
1955 4476 2167 4531 Christi

2291 3306 2354 3359 Ὀ
2398 3306 2740 3375 μονογενὴς
2787 3307 2939 3373 Υἱὸς,
2970 3310 3002 3361 d
3045 3304 3130 3360 ὢν
3185 3310 3274 3374 εις
3321 3308 3429 3363 τὸν
3470 3309 3708 3363 κόλπον
3762 3309 3874 3363 τοῦ

2285 3399 2528 3469 Πατρός,
2586 3399 2820 3466 ἐκεῖνος
2878 3400 3224 3471 ἐξηγήσατο
3251 3443 3266 3464 ,
3319 3403 3604 3454 τουτέστιν
3657 3405 3866 3463 ἐκεῖνος

2283 3489 2522 3554 ἐδίδαξεν
2559 3491 2641 3543 ὅτι
2692 3491 2844 3544 Θεὸν
2881 3490 3082 3556 οὐδεὶς
3135 3489 3359 3559 ἑώρακε
3411 3491 3675 3545 πώποτε.
3735 3492 3872 3561 Περὶ

2281 3583 2474 3636 τούτου
2508 3585 2618 3654 γὰρ
2661 3583 2934 3653 διαφόρως
2976 3585 3004 3637 ό
3053 3583 3293 3654 Χριστός
3323 3578 3499 3649 εἶπεν,
3531 3583 3608 3647 ὡς
3635 3583 3873 3656 προϐαίο

2283 3691 2466 3738 νοντες
2506 3677 2840 3747 εὑρήσομεν.
2881 3675 3071 3738 Οὐδεὶς
3102 3677 3157 3728 δὲ
3189 3676 3430 3741 κτιστὺς,
3463 3677 3525 3730 οὐ
3561 3676 3728 3746 μόνον
3753 3675 3868 3729 ὑλι-

2287 3769 2404 3831 κὺς,
2437 3768 2555 3822 ἀλλ’
2591 3767 2712 3821 οὐδὲ
2756 3769 2953 3834 ἇῦλοςο
2989 3773 3082 3822 καὶ
3130 3771 3324 3834 αὐταῖς
3356 3771 3468 3842 γὰρ
3511 3773 3633 3834 ταῖς
3674 3771 3870 3832 ὰΰλαις

2279 3862 2580 3930 δυνάμεσιν
2630 3861 2864 3931 ἀόρατός
2917 3862 3036 3914 ἔστι
3095 3862 3240 3915 κατὰ
3274 3862 3460 3932 φύσιν,
3501 3862 3767 3934 ὁρώσαις.
3795 3863 3869 3926 ὡς

2280 3955 2507 4022 ἐφικτὸν
2560 3955 2774 4017 αὐταῖς.

2350 4069 2457 4123 Καὶ
2489 4067 2892 4125 α-.Ἰωάννου.
2951 4069 3125 4140 Αὕτη,
3177 4069 3308 4140 περὶ
3350 4064 3419 4140 ἧς
3450 4068 3632 4123 εἰπεῖν
3683 4070 3862 4140 μέλλει

2280 4161 2506 4233 προϊών.

2350 4273 2492 4326 Ὀτε
2531 4300 2595 4312 -ο
2632 4266 2726 4335 ei;
2772 4272 2838 4324 Ἦ
2875 4271 3139 4341 γενομένη
3189 4270 3454 4342 δηλονότι,
3486 4273 3578 4325 ὅτε
3607 4273 3860 4327 ἁπέστει·

2277 4366 2376 4419 λαν
2409 4369 2460 4419 οι
2500 4365 2771 4430 Ἰουδαῖοι,
2803 4367 2900 4418 καὶ
2928 4364 2996 4418 τὰ
3025 4365 3172 4434 ἑξῆς.
3203 4366 3266 4418 0t
3318 4366 3427 4436 γὰρ
3458 4365 3741 4435 ἀρχιερεῖς
3771 4367 3860 4419 καὶ

2278 4462 2326 4513 οἱ
2372 4457 2736 4530 πρεσϐύτεροι
2781 4457 2876 4511 τοῦ
2929 4457 3084 4523 λαοῦ,
3136 4455 3537 4528 πυνθανόμενοι
3592 4458 3698 4526 μὲν
3748 4456 3856 4526 (45)

576 4539 795 4639 partum
850 4567 1171 4622 admiranda
1205 4539 1509 4634 audissent;
1542 4539 1767 4638 sumpto
1807 4577 2065 4637 praeterea
2094 4569 2164 4622 de

2278 4554 2344 4606 τὰ
2382 4550 2525 4605 κατὰ
2554 4551 2715 4603 τόκον
2749 4548 2844 4602 τοῦ
2895 4550 3138 4621 Χριστοῦ
3183 4549 3488 4621 παράδοξα,
3525 4549 3782 4612 λαϐόντες
3805 4549 3858 4602 δὲ

578 4661 848 4731 sapientia
907 4676 972 4715 ac
1001 4660 1290 4731 prudentia
1343 4660 1489 4714 illius
1529 4661 1926 4730 experimento,
1951 4661 2170 4732 quando

577 4753 864 4807 duodecim
899 4769 1167 4807 annorum
1202 4753 1375 4809 factus
1405 4753 1683 4808 immistus
1711 4760 1796 4807 est
1827 4753 2168 4818 doctoribus,

578 4842 811 4898 audiens
839 4842 961 4896 illos
981 4852 1038 4898 et
1073 4843 1436 4916 interrogans,
1459 4843 1626 4898 veluti
1649 4843 1872 4913 scripsit
1907 4843 2158 4907 Lucas",

578 4937 1062 5006 obstupescebant,
1091 4936 1408 5006 invidiaque
1434 4935 1627 5006 agitari
1666 4944 1977 5004 creperum.
2013 4932 2154 4986 Cum

580 5037 763 5082 autem
795 5036 849 5081 et
887 5026 1155 5082 Joannem
1205 5040 1397 5099 postea
1448 5027 1617 5081 multa
1661 5041 1726 5080 ac
1779 5024 2050 5080 mirabilia
2099 5024 2168 5078 de

584 5123 702 5191 ipso
727 5120 792 5175 ad
823 5137 980 5175 suum
1015 5121 1283 5190 baptisma
1314 5119 1703 5174 accedentibus
1740 5117 1944 5172 dixisse
1979 5116 2168 5171 audis-

584 5225 727 5278 sem,
768 5214 1156 5268 intellexerunt
1181 5213 1323 5267 enim
1356 5212 1500 5281 quod
1555 5213 1679 5266 talia
1712 5211 1780 5266 de
1807 5210 1896 5263 illo
1932 5208 2165 5270 diceret,

584 5307 756 5374 magis
787 5305 986 5360 turbati
1022 5314 1186 5358 sunt:
1241 5305 1530 5374 missisque
1555 5303 1622 5357 ab
1652 5299 2044 5371 Hierosolymis
2078 5313 2166 5352 sa-

582 5398 894 5453 cerdotibus
950 5413 1012 5452 ac
1061 5396 1240 5452 levitis
1305 5399 1420 5452 sive
1469 5395 1733 5450 ministris
1796 5395 2166 5461 interrogaveo

693 5563 734 5592 “
765 5561 866 5615 lsa.
898 5577 977 5623 vt,
1016 5561 1064 5614 ί.
1181 5564 1222 5593 ¹⁴¹
1254 5561 1453 5617 Ezecb.
1491 5578 1544 5626 ι,
1580 5562 1666 5615 18.

1781 5559 1822 5589 ¹³
1882 5556 2014 5610 Dan.
2042 5572 2137 5619 vn,
2193 5556 2246 5610 9.

2278 4645 2375 4697 καὶ
2400 4646 2601 4713 πεῖραν
2622 4641 2726 4712 τῆς
2753 4642 3024 4705 συνέσεως
3059 4641 3245 4706 αὐτοῦ,
3275 4644 3365 4696 ὅτε
3409 4642 3755 4714 δωδεκαέτης
3784 4640 3855 4694 ὢν

2271 4734 2527 4806 συνέμιξε
2556 4737 2670 4798 τοῖς
2691 4733 3055 4802 διδασκάλοις,
3084 4736 3299 4790 ἁκούων
3328 4737 3426 4790 καὶ
3456 4737 3752 4806 ιπιρωτῶν
3771 4737 3854 4789 αὑ·

2268 4830 2415 4894 τοὺς,
2430 4827 2505 4892 ὡς
2528 4830 2555 4880 ό
2575 4828 2792 4890 Λουκᾶς
2815 4827 3126 4898 ἱστόρησεν,
3153 4826 3533 4898 ἐθορυϐοῦντο,
3557 4828 3652 4879 καὶ
3670 4827 3852 4896 φθόνον

2270 4919 2486 4973 ὠδίνειν
2534 4920 2809 4989 ἦρχοντο·
2868 4918 3202 4990 θεασάμενοι
3251 4919 3308 4972 δὲ
3363 4921 3458 4972 καὶ
3511 4917 3610 4972 τὸν
3684 4920 3853 4972 Ίωάνο

2272 5031 2371 5083 νην
2429 5012 2657 5082 ὕστερον
2716 5011 2888 5064 πολλὰ
2939 5013 3035 5064 καὶ
3104 5011 3320 5082 μεγάλα
3361 5010 3492 5080 περὶ
3540 5011 3711 5064 αὐτοῦ
3767 5009 3852 5061 λέ-

2271 5123 2442 5175 γοντα
2495 5106 2635 5175 πρὸς
2673 5105 2800 5166 τοὺς
2851 5105 3181 5176 ἐρχομένους
3246 5106 3338 5158 ἐπὶ
3403 5105 3464 5156 τὸ
3548 5104 3845 5174 βάπτισμα,

2276 5200 2517 5268 συνῆκαν
2566 5201 2676 5269 γὰρ
2720 5197 2806 5250 ὅτι
2851 5199 2982 5266 περὶ
3032 5197 3246 5250 ἐκείνου
3291 5197 3359 5249 τὰ
3399 5195 3628 5248 τοιαῦτα
3672 5197 3833 5262 λέγει,

2279 5292 2481 5362 μᾶλλον
2524 5289 2945 5358 ἐταράχθησαν,
2993 5290 3088 5342 καὶ
3127 5287 3551 5352 ἀποστείλαντες
3589 5286 3647 5351 ἐξ
3690 5286 3848 5353 Ἱεροι

2289 5383 2557 5459 σολυμων⁶
2597 5383 2764 5452 ἱερεῖς
2795 5380 2890 5434 καὶ
2933 5380 3173 5446 λευῖτας,
3223 5381 3341 5451 ἦτοι
3397 5380 3425 5433 δ
3454 5381 3849 5444 ακὸνους,ὲπη-

2360 5552 2402 5585 ¹⁹
2465 5550 2602 5604 Osee
2637 5566 2690 5612 ιι,
2762 5546 2848 5602 i0.
2959 5545 3344 5613 "Luminiti.

1800 5717 2000 5780 Varia:
2034 5715 2344 5778 lectiones
2389 5720 2449 5773 et
2485 5715 2670 5771 notis.

659 5885 769 5955 (ii)
813 5886 1018 5938 Τούτου
1077 5902 1173 5955 pro
1235 5883 1325 5938 τοὶ
1388 5886 1454 5940 Δ.

2358 5878 2475 5948 (55)
2545 5879 2655 5932 Καὶ
2692 5876 2993 5948 interponit
3035 5875 3103 5931 Δ.
