  <div class='ocr_page' id='page_1' title='image "/cluster/home/n/w/nwhite01/storage/ocr_20150623/129/uva.x030341099/578.png"; bbox 0 0 4070 6382; ppageno 0'>
   <div class='ocr_carea' id='block_1_1' title="bbox 230 323 366 387">
    <p class='ocr_par' dir='ltr' id='par_1_1' title="bbox 230 323 366 387">
     <span class='ocr_line' id='line_1_1' title="bbox 230 323 366 387; baseline 0.007 -1"><span class='ocrx_word' id='word_1_1' title='bbox 230 323 366 387; x_wconf 72' lang='grc'><strong>1137</strong></span> 
     </span>
    </p>
   </div>
   <div class='ocr_carea' id='block_1_2' title="bbox 1194 298 2520 380">
    <p class='ocr_par' dir='ltr' id='par_1_2' title="bbox 1194 298 2520 380">
     <span class='ocr_line' id='line_1_2' title="bbox 1194 298 2520 380; baseline -0.016 1"><span class='ocrx_word' id='word_1_2' title='bbox 1194 316 1582 380; x_wconf 77' lang='lat' dir='ltr'><strong>COMMENT.</strong></span> <span class='ocrx_word' id='word_1_3' title='bbox 1629 312 1708 371; x_wconf 79' lang='grc' dir='ltr'><strong>ΙΝ</strong></span> <span class='ocrx_word' id='word_1_4' title='bbox 1747 306 2130 369; x_wconf 81' lang='lat' dir='ltr'><strong>JOANNEM.</strong></span> <span class='ocrx_word' id='word_1_5' title='bbox 2159 326 2229 339; x_wconf 86' lang='grc'><strong>-·-</strong></span> <span class='ocrx_word' id='word_1_6' title='bbox 2265 301 2424 361; x_wconf 80' lang='lat' dir='ltr'><strong>CAP.</strong></span> <span class='ocrx_word' id='word_1_7' title='bbox 2468 298 2520 360; x_wconf 87' lang='grc' dir='ltr'><strong>Ῑ.</strong></span> 
     </span>
    </p>
   </div>
   <div class='ocr_carea' id='block_1_3' title="bbox 3369 288 3506 351">
    <p class='ocr_par' dir='ltr' id='par_1_3' title="bbox 3369 288 3506 351">
     <span class='ocr_line' id='line_1_3' title="bbox 3369 288 3506 351; baseline -0.015 0"><span class='ocrx_word' id='word_1_8' title='bbox 3369 288 3506 351; x_wconf 70' lang='grc'><strong>1138</strong></span> 
     </span>
    </p>
   </div>
   <div class='ocr_carea' id='block_1_4' title="bbox 225 400 1824 504">
    <p class='ocr_par' dir='ltr' id='par_1_4' title="bbox 225 421 1819 504">
     <span class='ocr_line' id='line_1_4' title="bbox 225 421 1819 504; baseline -0.004 -14"><span class='ocrx_word' id='word_1_9' title='bbox 225 439 296 490; x_wconf 67' lang='grc' dir='ltr'><strong>τα</strong></span> <span class='ocrx_word' id='word_1_10' title='bbox 335 436 476 490; x_wconf 71' lang='grc' dir='ltr'><strong>αὑτά</strong></span> <span class='ocrx_word' id='word_1_11' title='bbox 527 435 707 504; x_wconf 74' lang='grc' dir='ltr'><strong>λέγειν</strong></span> <span class='ocrx_word' id='word_1_12' title='bbox 770 431 1073 496; x_wconf 77' lang='grc' dir='ltr'><strong>πάλιν,καὶ</strong></span> <span class='ocrx_word' id='word_1_13' title='bbox 1123 431 1405 496; x_wconf 70' lang='grc' dir='ltr'><strong>δευτέραις</strong></span> <span class='ocrx_word' id='word_1_14' title='bbox 1456 424 1658 494; x_wconf 78' lang='grc' dir='ltr'>φωναῖς</span> <span class='ocrx_word' id='word_1_15' title='bbox 1713 421 1819 488; x_wconf 71' lang='grc' dir='ltr'><strong>ἀφ’</strong></span> 
     </span>
    </p>
   </div>
   <div class='ocr_carea' id='block_1_5' title="bbox 1929 400 3512 504">
    <p class='ocr_par' dir='ltr' id='par_1_5' title="bbox 1935 400 3512 478">
     <span class='ocr_line' id='line_1_5' title="bbox 1935 400 3512 478; baseline -0.01 -8"><span class='ocrx_word' id='word_1_16' title='bbox 1935 429 2158 470; x_wconf 89' lang='lat' dir='ltr'><strong>rursum</strong></span> <span class='ocrx_word' id='word_1_17' title='bbox 2179 413 2300 467; x_wconf 66' lang='lat' dir='ltr'><strong>haec</strong></span> <span class='ocrx_word' id='word_1_18' title='bbox 2330 411 2399 466; x_wconf 90' lang='lat' dir='ltr'><strong>de</strong></span> <span class='ocrx_word' id='word_1_19' title='bbox 2459 409 2579 478; x_wconf 90' lang='lat' dir='ltr'><strong>ipso</strong></span> <span class='ocrx_word' id='word_1_20' title='bbox 2628 405 2812 460; x_wconf 89' lang='lat' dir='ltr'><strong>dicere</strong></span> <span class='ocrx_word' id='word_1_21' title='bbox 2863 400 3097 472; x_wconf 74' lang='lat' dir='ltr'><strong>cogitur,</strong></span> <span class='ocrx_word' id='word_1_22' title='bbox 3157 409 3512 467; x_wconf 79' lang='lat' dir='ltr'><strong>mentemque</strong></span> 
     </span>
    </p>
   </div>
   <div class='ocr_carea' id='block_1_6' title="bbox 227 516 1657 597">
    <p class='ocr_par' dir='ltr' id='par_1_6' title="bbox 227 516 1657 597">
     <span class='ocr_line' id='line_1_6' title="bbox 227 516 1657 597; baseline -0.011 -15"><span class='ocrx_word' id='word_1_23' title='bbox 227 529 447 593; x_wconf 73' lang='grc' dir='ltr'><strong>υπνίξει</strong></span> <span class='ocrx_word' id='word_1_24' title='bbox 468 526 567 597; x_wconf 81' lang='grc' dir='ltr'><strong>τὴν</strong></span> <span class='ocrx_word' id='word_1_25' title='bbox 585 526 828 582; x_wconf 73' lang='grc' dir='ltr'><strong>διάνοιαν</strong></span> <span class='ocrx_word' id='word_1_26' title='bbox 853 523 1037 578; x_wconf 83' lang='grc' dir='ltr'><strong>αὐτῶν</strong></span> <span class='ocrx_word' id='word_1_27' title='bbox 1059 523 1251 593; x_wconf 83' lang='grc' dir='ltr'><strong>ῶσπερ</strong></span> <span class='ocrx_word' id='word_1_28' title='bbox 1282 516 1657 590; x_wconf 77' lang='grc' dir='ltr'><strong>κοιμωμένην.</strong></span> 
     </span>
    </p>
   </div>
   <div class='ocr_carea' id='block_1_7' title="bbox 300 688 1820 771">
    <p class='ocr_par' dir='ltr' id='par_1_7' title="bbox 300 688 1820 771">
     <span class='ocr_line' id='line_1_7' title="bbox 300 688 1820 771; baseline -0.012 -16"><span class='ocrx_word' id='word_1_29' title='bbox 300 701 407 755; x_wconf 78' lang='grc' dir='ltr'><strong>Καὶ</strong></span> <span class='ocrx_word' id='word_1_30' title='bbox 456 701 516 754; x_wconf 82' lang='grc' dir='ltr'><strong>δν</strong></span> <span class='ocrx_word' id='word_1_31' title='bbox 571 701 776 771; x_wconf 80' lang='grc' dir='ltr'>τρόπον</span> <span class='ocrx_word' id='word_1_32' title='bbox 807 702 834 753; x_wconf 86' lang='grc' dir='ltr'><strong>δ</strong></span> <span class='ocrx_word' id='word_1_33' title='bbox 867 699 966 769; x_wconf 68' lang='grc' dir='ltr'><strong>μὲν</strong></span> <span class='ocrx_word' id='word_1_34' title='bbox 1014 695 1253 767; x_wconf 78' lang='grc' dir='ltr'><strong>νυμφίος</strong></span> <span class='ocrx_word' id='word_1_35' title='bbox 1292 694 1444 748; x_wconf 68' lang='grc' dir='ltr'><strong>οὐδὲν</strong></span> <span class='ocrx_word' id='word_1_36' title='bbox 1496 690 1639 754; x_wconf 71' lang='grc' dir='ltr'><strong>τέως</strong></span> <span class='ocrx_word' id='word_1_37' title='bbox 1671 688 1820 754; x_wconf 81' lang='grc' dir='ltr'><strong>λέγει</strong></span> 
     </span>
    </p>
   </div>
   <div class='ocr_carea' id='block_1_8' title="bbox 226 782 1816 863">
    <p class='ocr_par' dir='ltr' id='par_1_8' title="bbox 226 782 1816 863">
     <span class='ocr_line' id='line_1_8' title="bbox 226 782 1816 863; baseline -0.011 -15"><span class='ocrx_word' id='word_1_38' title='bbox 226 794 369 863; x_wconf 80' lang='grc' dir='ltr'><strong>πρὸς</strong></span> <span class='ocrx_word' id='word_1_39' title='bbox 393 793 495 863; x_wconf 81' lang='grc' dir='ltr'><strong>τὴν</strong></span> <span class='ocrx_word' id='word_1_40' title='bbox 523 791 765 861; x_wconf 79' lang='grc' dir='ltr'>νύμφην,</span> <span class='ocrx_word' id='word_1_41' title='bbox 795 791 905 845; x_wconf 78' lang='grc' dir='ltr'><strong>οὐδ’</strong></span> <span class='ocrx_word' id='word_1_42' title='bbox 937 789 1030 857; x_wconf 80' lang='grc' dir='ltr'><strong>ἀφ’</strong></span> <span class='ocrx_word' id='word_1_43' title='bbox 1055 787 1254 843; x_wconf 79' lang='grc' dir='ltr'><strong>ἑαυτοῦ</strong></span> <span class='ocrx_word' id='word_1_44' title='bbox 1276 787 1547 856; x_wconf 75' lang='grc' dir='ltr'><strong>λαμϐάνει</strong></span> <span class='ocrx_word' id='word_1_45' title='bbox 1573 782 1780 849; x_wconf 83' lang='grc' dir='ltr'><strong>ταύτην</strong></span> <span class='ocrx_word' id='word_1_46' title='bbox 1801 794 1816 810; x_wconf 75' lang='grc' dir='ltr'><strong><em>ο</em></strong></span> 
     </span>
    </p>
   </div>
   <div class='ocr_carea' id='block_1_9' title="bbox 225 874 1819 952">
    <p class='ocr_par' dir='ltr' id='par_1_9' title="bbox 225 874 1819 952">
     <span class='ocr_line' id='line_1_9' title="bbox 225 874 1819 952; baseline -0.006 -17"><span class='ocrx_word' id='word_1_47' title='bbox 225 888 256 936; x_wconf 82' lang='grc' dir='ltr'>ὁ</span> <span class='ocrx_word' id='word_1_48' title='bbox 279 883 337 935; x_wconf 75' lang='grc' dir='ltr'><strong>δὲ</strong></span> <span class='ocrx_word' id='word_1_49' title='bbox 370 882 740 952; x_wconf 76' lang='grc' dir='ltr'><strong>νυμφαγωγὸς</strong></span> <span class='ocrx_word' id='word_1_50' title='bbox 763 882 944 935; x_wconf 75' lang='grc' dir='ltr'><strong>πάντα</strong></span> <span class='ocrx_word' id='word_1_51' title='bbox 972 880 1282 948; x_wconf 80' lang='grc' dir='ltr'><strong>διαλέγεται</strong></span> <span class='ocrx_word' id='word_1_52' title='bbox 1309 877 1405 931; x_wconf 74' lang='grc' dir='ltr'><strong>καὶ</strong></span> <span class='ocrx_word' id='word_1_53' title='bbox 1449 874 1819 947; x_wconf 82' lang='grc' dir='ltr'><strong>παραδίδωσιν</strong></span> 
     </span>
    </p>
   </div>
   <div class='ocr_carea' id='block_1_10' title="bbox 228 967 1818 1043">
    <p class='ocr_par' dir='ltr' id='par_1_10' title="bbox 228 967 1818 1043">
     <span class='ocr_line' id='line_1_10' title="bbox 228 967 1818 1043; baseline -0.007 -17"><span class='ocrx_word' id='word_1_54' title='bbox 228 974 404 1042; x_wconf 78' lang='grc' dir='ltr'><strong>αὑτήν</strong></span> <span class='ocrx_word' id='word_1_55' title='bbox 424 989 437 1004; x_wconf 90' lang='grc'><strong>·</strong></span> <span class='ocrx_word' id='word_1_56' title='bbox 466 975 555 1027; x_wconf 85' lang='grc' dir='ltr'><strong>ὅτε</strong></span> <span class='ocrx_word' id='word_1_57' title='bbox 581 973 639 1026; x_wconf 76' lang='grc' dir='ltr'><strong>δὲ</strong></span> <span class='ocrx_word' id='word_1_58' title='bbox 674 972 818 1043; x_wconf 79' lang='grc' dir='ltr'><strong>λάσῃ</strong></span> <span class='ocrx_word' id='word_1_59' title='bbox 833 971 1042 1041; x_wconf 83' lang='grc' dir='ltr'><strong>ταύτην</strong></span> <span class='ocrx_word' id='word_1_60' title='bbox 1077 973 1307 1034; x_wconf 67' lang='grc' dir='ltr'><strong>ἐκεῖνος,</strong></span> <span class='ocrx_word' id='word_1_61' title='bbox 1331 968 1475 1022; x_wconf 77' lang='grc' dir='ltr'><strong>οὕτω</strong></span> <span class='ocrx_word' id='word_1_62' title='bbox 1491 967 1818 1034; x_wconf 77' lang='grc' dir='ltr'><strong>διατίθησιν,</strong></span> 
     </span>
    </p>
   </div>
   <div class='ocr_carea' id='block_1_11' title="bbox 227 1058 1821 1129">
    <p class='ocr_par' dir='ltr' id='par_1_11' title="bbox 227 1058 1821 1129">
     <span class='ocr_line' id='line_1_11' title="bbox 227 1058 1821 1129; baseline -0.005 -12"><span class='ocrx_word' id='word_1_63' title='bbox 227 1066 307 1129; x_wconf 82' lang='grc' dir='ltr'><strong>ῶς</strong></span> <span class='ocrx_word' id='word_1_64' title='bbox 337 1064 700 1118; x_wconf 75' lang='grc' dir='ltr'><strong>ἐπιλαθέσθαι</strong></span> <span class='ocrx_word' id='word_1_65' title='bbox 754 1064 978 1117; x_wconf 80' lang='grc' dir='ltr'><strong>πάντων</strong></span> <span class='ocrx_word' id='word_1_66' title='bbox 998 1082 1015 1096; x_wconf 78' lang='grc' dir='ltr'><strong>ο</strong></span> <span class='ocrx_word' id='word_1_67' title='bbox 1039 1061 1184 1116; x_wconf 78' lang='grc' dir='ltr'><strong>οὕτω</strong></span> <span class='ocrx_word' id='word_1_68' title='bbox 1213 1061 1308 1115; x_wconf 74' lang='grc' dir='ltr'><strong>καὶ</strong></span> <span class='ocrx_word' id='word_1_69' title='bbox 1345 1059 1442 1112; x_wconf 80' lang='grc' dir='ltr'><strong>νῦν</strong></span> <span class='ocrx_word' id='word_1_70' title='bbox 1470 1060 1499 1111; x_wconf 82' lang='grc' dir='ltr'><strong>ὁ</strong></span> <span class='ocrx_word' id='word_1_71' title='bbox 1531 1058 1634 1127; x_wconf 72' lang='grc' dir='ltr'><strong>μὲν</strong></span> <span class='ocrx_word' id='word_1_72' title='bbox 1685 1058 1821 1128; x_wconf 83' lang='grc' dir='ltr'><strong>Χρι-</strong></span> 
     </span>
    </p>
   </div>
   <div class='ocr_carea' id='block_1_12' title="bbox 231 1150 1824 1225">
    <p class='ocr_par' dir='ltr' id='par_1_12' title="bbox 231 1150 1824 1225">
     <span class='ocr_line' id='line_1_12' title="bbox 231 1150 1824 1225; baseline -0.004 -18"><span class='ocrx_word' id='word_1_73' title='bbox 231 1155 357 1218; x_wconf 81' lang='grc' dir='ltr'><strong>στὸς</strong></span> <span class='ocrx_word' id='word_1_74' title='bbox 394 1155 473 1209; x_wconf 63' lang='grc' dir='ltr'><strong>ἔτι</strong></span> <span class='ocrx_word' id='word_1_75' title='bbox 495 1156 625 1225; x_wconf 79' lang='grc' dir='ltr'><strong>σιγᾷ</strong></span> <span class='ocrx_word' id='word_1_76' title='bbox 645 1170 658 1184; x_wconf 93' lang='grc'>·</span> <span class='ocrx_word' id='word_1_77' title='bbox 687 1156 713 1208; x_wconf 83' lang='grc' dir='ltr'>ὁ</span> <span class='ocrx_word' id='word_1_78' title='bbox 735 1154 792 1209; x_wconf 72' lang='grc' dir='ltr'><strong>δὲ</strong></span> <span class='ocrx_word' id='word_1_79' title='bbox 818 1155 1081 1223; x_wconf 81' lang='grc' dir='ltr'><strong>Ἰωάννης</strong></span> <span class='ocrx_word' id='word_1_80' title='bbox 1111 1155 1181 1207; x_wconf 77' lang='grc' dir='ltr'><strong>τὰ</strong></span> <span class='ocrx_word' id='word_1_81' title='bbox 1204 1153 1331 1225; x_wconf 68' lang='grc' dir='ltr'><strong>περὶ</strong></span> <span class='ocrx_word' id='word_1_82' title='bbox 1372 1151 1540 1204; x_wconf 83' lang='grc' dir='ltr'><strong>αὑτοῦ</strong></span> <span class='ocrx_word' id='word_1_83' title='bbox 1589 1150 1824 1219; x_wconf 80' lang='grc' dir='ltr'><strong>διαπρα-</strong></span> 
     </span>
    </p>
   </div>
   <div class='ocr_carea' id='block_1_13' title="bbox 227 1239 1823 1312">
    <p class='ocr_par' dir='ltr' id='par_1_13' title="bbox 227 1239 1823 1312">
     <span class='ocr_line' id='line_1_13' title="bbox 227 1239 1823 1312; baseline -0.002 -18"><span class='ocrx_word' id='word_1_84' title='bbox 227 1242 594 1310; x_wconf 79' lang='grc' dir='ltr'><strong>γματεύεται.</strong></span> <span class='ocrx_word' id='word_1_85' title='bbox 631 1243 723 1296; x_wconf 77' lang='grc' dir='ltr'><strong>Διὸ</strong></span> <span class='ocrx_word' id='word_1_86' title='bbox 775 1243 874 1296; x_wconf 75' lang='grc' dir='ltr'><strong>καὶ</strong></span> <span class='ocrx_word' id='word_1_87' title='bbox 923 1243 1078 1312; x_wconf 86' lang='grc' dir='ltr'><strong>φίλος</strong></span> <span class='ocrx_word' id='word_1_88' title='bbox 1111 1243 1278 1296; x_wconf 81' lang='grc' dir='ltr'><strong>αὑτοῦ</strong></span> <span class='ocrx_word' id='word_1_89' title='bbox 1316 1241 1606 1310; x_wconf 76' lang='grc' dir='ltr'><strong>κίκληται,</strong></span> <span class='ocrx_word' id='word_1_90' title='bbox 1631 1240 1707 1303; x_wconf 78' lang='grc' dir='ltr'><strong>ὡς</strong></span> <span class='ocrx_word' id='word_1_91' title='bbox 1743 1239 1823 1310; x_wconf 83' lang='grc' dir='ltr'><strong>τῷ</strong></span> 
     </span>
    </p>
   </div>
   <div class='ocr_carea' id='block_1_14' title="bbox 226 1331 1818 1406">
    <p class='ocr_par' dir='ltr' id='par_1_14' title="bbox 226 1331 1818 1406">
     <span class='ocr_line' id='line_1_14' title="bbox 226 1331 1818 1406; baseline -0.009 -11"><span class='ocrx_word' id='word_1_92' title='bbox 226 1335 395 1406; x_wconf 81' lang='grc' dir='ltr'><strong>γάμῳ</strong></span> <span class='ocrx_word' id='word_1_93' title='bbox 426 1336 618 1406; x_wconf 80' lang='grc' dir='ltr'><strong>παρὼν</strong></span> <span class='ocrx_word' id='word_1_94' title='bbox 649 1338 742 1391; x_wconf 76' lang='grc' dir='ltr'><strong>καὶ</strong></span> <span class='ocrx_word' id='word_1_95' title='bbox 769 1337 948 1390; x_wconf 80' lang='grc' dir='ltr'><strong>πάντα</strong></span> <span class='ocrx_word' id='word_1_96' title='bbox 977 1335 1117 1406; x_wconf 70' lang='grc' dir='ltr'><strong>ὑπὲρ</strong></span> <span class='ocrx_word' id='word_1_97' title='bbox 1147 1335 1242 1389; x_wconf 84' lang='grc' dir='ltr'><strong>τοῦ</strong></span> <span class='ocrx_word' id='word_1_98' title='bbox 1260 1332 1496 1402; x_wconf 84' lang='grc' dir='ltr'>νυμφίου</span> <span class='ocrx_word' id='word_1_99' title='bbox 1514 1331 1782 1386; x_wconf 89' lang='grc' dir='ltr'><strong>διακονῶν</strong></span> <span class='ocrx_word' id='word_1_100' title='bbox 1803 1347 1818 1362; x_wconf 78' lang='grc' dir='ltr'><strong>ο</strong></span> 
     </span>
    </p>
   </div>
   <div class='ocr_carea' id='block_1_15' title="bbox 226 1422 1821 1501">
    <p class='ocr_par' dir='ltr' id='par_1_15' title="bbox 226 1422 1821 1501">
     <span class='ocr_line' id='line_1_15' title="bbox 226 1422 1821 1501; baseline -0.003 -22"><span class='ocrx_word' id='word_1_101' title='bbox 226 1426 414 1481; x_wconf 74' lang='grc' dir='ltr'><strong>λαϐὼν</strong></span> <span class='ocrx_word' id='word_1_102' title='bbox 438 1429 495 1483; x_wconf 72' lang='grc' dir='ltr'><strong>δδ</strong></span> <span class='ocrx_word' id='word_1_103' title='bbox 526 1429 624 1500; x_wconf 76' lang='grc' dir='ltr'><strong>τὴν</strong></span> <span class='ocrx_word' id='word_1_104' title='bbox 653 1429 1064 1501; x_wconf 80' lang='grc' dir='ltr'>νυμφευθεῖσαν</span> <span class='ocrx_word' id='word_1_105' title='bbox 1088 1427 1428 1498; x_wconf 82' lang='grc' dir='ltr'><strong>Ἐκκλησίαν</strong></span> <span class='ocrx_word' id='word_1_106' title='bbox 1459 1427 1692 1487; x_wconf 72' lang='grc' dir='ltr'><strong>ἐκεῖνος,</strong></span> <span class='ocrx_word' id='word_1_107' title='bbox 1726 1422 1821 1476; x_wconf 76' lang='grc' dir='ltr'><strong>οὕ-</strong></span> 
     </span>
    </p>
   </div>
   <div class='ocr_carea' id='block_1_16' title="bbox 226 1517 1816 1594">
    <p class='ocr_par' dir='ltr' id='par_1_16' title="bbox 226 1517 1816 1594">
     <span class='ocr_line' id='line_1_16' title="bbox 226 1517 1816 1594; baseline -0.001 -22"><span class='ocrx_word' id='word_1_108' title='bbox 226 1537 338 1582; x_wconf 83' lang='grc' dir='ltr'><strong>τως</strong></span> <span class='ocrx_word' id='word_1_109' title='bbox 357 1521 528 1592; x_wconf 78' lang='grc' dir='ltr'><strong>αὐτὴν</strong></span> <span class='ocrx_word' id='word_1_110' title='bbox 556 1521 832 1594; x_wconf 78' lang='grc' dir='ltr'><strong>διέθηκεν,</strong></span> <span class='ocrx_word' id='word_1_111' title='bbox 852 1522 930 1584; x_wconf 85' lang='grc' dir='ltr'><strong>ὡς</strong></span> <span class='ocrx_word' id='word_1_112' title='bbox 954 1520 1313 1575; x_wconf 70' lang='grc' dir='ltr'><strong>ἐπιλαθέσθαι</strong></span> <span class='ocrx_word' id='word_1_113' title='bbox 1340 1520 1566 1574; x_wconf 81' lang='grc' dir='ltr'><strong>πάντων</strong></span> <span class='ocrx_word' id='word_1_114' title='bbox 1590 1517 1816 1571; x_wconf 75' lang='grc' dir='ltr'><strong>αὐτίκα.</strong></span> 
     </span>
    </p>
   </div>
   <div class='ocr_carea' id='block_1_17' title="bbox 303 1693 1819 1767">
    <p class='ocr_par' dir='ltr' id='par_1_17' title="bbox 303 1693 1819 1767">
     <span class='ocr_line' id='line_1_17' title="bbox 303 1693 1819 1767; baseline -0.003 -19"><span class='ocrx_word' id='word_1_115' title='bbox 303 1696 415 1748; x_wconf 71' lang='lat' dir='ltr'><strong>Kal.</strong></span> <span class='ocrx_word' id='word_1_116' title='bbox 444 1695 698 1767; x_wconf 82' lang='grc' dir='ltr'><strong>καθάπερ</strong></span> <span class='ocrx_word' id='word_1_117' title='bbox 720 1696 817 1749; x_wconf 67' lang='grc' dir='ltr'><strong>ἐπὶ</strong></span> <span class='ocrx_word' id='word_1_118' title='bbox 842 1696 954 1749; x_wconf 85' lang='grc' dir='ltr'><strong>τῶν</strong></span> <span class='ocrx_word' id='word_1_119' title='bbox 989 1697 1206 1766; x_wconf 79' lang='grc' dir='ltr'><strong>γάμων,</strong></span> <span class='ocrx_word' id='word_1_120' title='bbox 1266 1697 1367 1766; x_wconf 75' lang='grc' dir='ltr'><strong>οὐχ</strong></span> <span class='ocrx_word' id='word_1_121' title='bbox 1393 1697 1426 1765; x_wconf 76' lang='grc' dir='ltr'>ἡ</span> <span class='ocrx_word' id='word_1_122' title='bbox 1463 1697 1650 1764; x_wconf 74' lang='grc' dir='ltr'>νύμφη</span> <span class='ocrx_word' id='word_1_123' title='bbox 1682 1693 1819 1761; x_wconf 69' lang='grc' dir='ltr'><strong>πρὸς</strong></span> 
     </span>
    </p>
   </div>
   <div class='ocr_carea' id='block_1_18' title="bbox 226 1782 1818 1856">
    <p class='ocr_par' dir='ltr' id='par_1_18' title="bbox 226 1782 1818 1856">
     <span class='ocr_line' id='line_1_18' title="bbox 226 1782 1818 1856; baseline -0.001 -19"><span class='ocrx_word' id='word_1_124' title='bbox 226 1785 322 1837; x_wconf 77' lang='grc' dir='ltr'><strong>τὸν</strong></span> <span class='ocrx_word' id='word_1_125' title='bbox 353 1785 588 1855; x_wconf 86' lang='grc' dir='ltr'>νυμφίον</span> <span class='ocrx_word' id='word_1_126' title='bbox 614 1786 858 1854; x_wconf 67' lang='grc' dir='ltr'><strong>ἄπεισιν,</strong></span> <span class='ocrx_word' id='word_1_127' title='bbox 882 1788 998 1840; x_wconf 87' lang='grc' dir='ltr'><strong>ἀλλ’</strong></span> <span class='ocrx_word' id='word_1_128' title='bbox 1035 1782 1192 1850; x_wconf 68' lang='grc' dir='ltr'><strong>οὗτος</strong></span> <span class='ocrx_word' id='word_1_129' title='bbox 1242 1787 1380 1856; x_wconf 80' lang='grc' dir='ltr'><strong>πρὸς</strong></span> <span class='ocrx_word' id='word_1_130' title='bbox 1413 1785 1615 1854; x_wconf 74' lang='grc' dir='ltr'><strong>αὐτὴν,</strong></span> <span class='ocrx_word' id='word_1_131' title='bbox 1645 1784 1753 1838; x_wconf 69' lang='grc' dir='ltr'><strong>κᾶν</strong></span> <span class='ocrx_word' id='word_1_132' title='bbox 1791 1787 1818 1836; x_wconf 86' lang='grc' dir='ltr'>ὁ</span> 
     </span>
    </p>
   </div>
   <div class='ocr_carea' id='block_1_19' title="bbox 229 1875 1815 1950">
    <p class='ocr_par' dir='ltr' id='par_1_19' title="bbox 229 1875 1815 1950">
     <span class='ocr_line' id='line_1_19' title="bbox 229 1875 1815 1950; baseline -0.002 -20"><span class='ocrx_word' id='word_1_133' title='bbox 229 1877 335 1945; x_wconf 75' lang='grc' dir='ltr'><strong>μὲν</strong></span> <span class='ocrx_word' id='word_1_134' title='bbox 369 1878 453 1949; x_wconf 82' lang='grc' dir='ltr'><strong>είη</strong></span> <span class='ocrx_word' id='word_1_135' title='bbox 497 1877 766 1948; x_wconf 72' lang='grc' dir='ltr'><strong>βασιλέως</strong></span> <span class='ocrx_word' id='word_1_136' title='bbox 810 1879 1004 1950; x_wconf 80' lang='grc' dir='ltr'><strong>υίδς,ή</strong></span> <span class='ocrx_word' id='word_1_137' title='bbox 1049 1879 1106 1932; x_wconf 76' lang='grc' dir='ltr'><strong>δὲ</strong></span> <span class='ocrx_word' id='word_1_138' title='bbox 1149 1876 1502 1931; x_wconf 78' lang='grc' dir='ltr'><strong>παντάπασιν</strong></span> <span class='ocrx_word' id='word_1_139' title='bbox 1553 1875 1815 1942; x_wconf 74' lang='grc' dir='ltr'><strong>εὐτελής”</strong></span> 
     </span>
    </p>
   </div>
   <div class='ocr_carea' id='block_1_20' title="bbox 227 1964 1822 2037">
    <p class='ocr_par' dir='ltr' id='par_1_20' title="bbox 227 1964 1822 2037">
     <span class='ocr_line' id='line_1_20' title="bbox 227 1964 1822 2037; baseline -0.001 -19"><span class='ocrx_word' id='word_1_140' title='bbox 227 1967 376 2020; x_wconf 77' lang='grc' dir='ltr'><strong>οὕτω</strong></span> <span class='ocrx_word' id='word_1_141' title='bbox 411 1970 507 2021; x_wconf 79' lang='grc' dir='ltr'><strong>καὶ</strong></span> <span class='ocrx_word' id='word_1_142' title='bbox 527 1967 765 2022; x_wconf 76' lang='grc' dir='ltr'><strong>ἐνταῦθα</strong></span> <span class='ocrx_word' id='word_1_143' title='bbox 820 1968 1072 2037; x_wconf 74' lang='grc' dir='ltr'><strong>γέγονεν.</strong></span> <span class='ocrx_word' id='word_1_144' title='bbox 1097 1968 1272 2031; x_wconf 74' lang='grc' dir='ltr'><strong>Δὺτδς</strong></span> <span class='ocrx_word' id='word_1_145' title='bbox 1312 1969 1340 2020; x_wconf 86' lang='grc' dir='ltr'><strong>δ</strong></span> <span class='ocrx_word' id='word_1_146' title='bbox 1371 1964 1633 2027; x_wconf 80' lang='grc' dir='ltr'><strong>τοσοῦτος</strong></span> <span class='ocrx_word' id='word_1_147' title='bbox 1682 1965 1822 2033; x_wconf 74' lang='grc' dir='ltr'><strong>πρὸς</strong></span> 
     </span>
    </p>
   </div>
   <div class='ocr_carea' id='block_1_21' title="bbox 227 2055 1823 2132">
    <p class='ocr_par' dir='ltr' id='par_1_21' title="bbox 227 2055 1823 2132">
     <span class='ocr_line' id='line_1_21' title="bbox 227 2055 1823 2132; baseline -0.004 -19"><span class='ocrx_word' id='word_1_148' title='bbox 227 2061 332 2127; x_wconf 71' lang='grc' dir='ltr'><strong>τὴν</strong></span> <span class='ocrx_word' id='word_1_149' title='bbox 358 2060 840 2130; x_wconf 83' lang='grc' dir='ltr'><strong>εὐκαταφρόνητον</strong></span> <span class='ocrx_word' id='word_1_150' title='bbox 896 2061 1272 2132; x_wconf 78' lang='grc' dir='ltr'><strong>παραγέγονε,</strong></span> <span class='ocrx_word' id='word_1_151' title='bbox 1302 2058 1401 2114; x_wconf 69' lang='grc' dir='ltr'><strong>καὶ</strong></span> <span class='ocrx_word' id='word_1_152' title='bbox 1433 2055 1823 2129; x_wconf 78' lang='grc' dir='ltr'><strong>ἁρμοσάμενος</strong></span> 
     </span>
    </p>
   </div>
   <div class='ocr_carea' id='block_1_22' title="bbox 224 2148 1824 2222">
    <p class='ocr_par' dir='ltr' id='par_1_22' title="bbox 224 2148 1824 2222">
     <span class='ocr_line' id='line_1_22' title="bbox 224 2148 1824 2222; baseline -0.001 -21"><span class='ocrx_word' id='word_1_153' title='bbox 224 2149 330 2203; x_wconf 80' lang='grc' dir='ltr'><strong>οὐκ</strong></span> <span class='ocrx_word' id='word_1_154' title='bbox 352 2150 536 2203; x_wconf 73' lang='grc' dir='ltr'><strong>εἴασεν</strong></span> <span class='ocrx_word' id='word_1_155' title='bbox 563 2151 736 2222; x_wconf 77' lang='grc' dir='ltr'><strong>αὐτὴν</strong></span> <span class='ocrx_word' id='word_1_156' title='bbox 761 2151 996 2205; x_wconf 76' lang='grc' dir='ltr'><strong>ἐνταῦθα</strong></span> <span class='ocrx_word' id='word_1_157' title='bbox 1030 2153 1213 2220; x_wconf 77' lang='grc' dir='ltr'><strong>μένειν</strong></span> <span class='ocrx_word' id='word_1_158' title='bbox 1242 2150 1453 2215; x_wconf 76' lang='grc' dir='ltr'><strong>λοιπὸν,</strong></span> <span class='ocrx_word' id='word_1_159' title='bbox 1476 2148 1612 2203; x_wconf 79' lang='grc' dir='ltr'><strong>ἀλλᾶ</strong></span> <span class='ocrx_word' id='word_1_160' title='bbox 1643 2159 1824 2217; x_wconf 87' lang='grc' dir='ltr'><strong>παρα-</strong></span> 
     </span>
    </p>
   </div>
   <div class='ocr_carea' id='block_1_23' title="bbox 229 2239 1816 2314">
    <p class='ocr_par' dir='ltr' id='par_1_23' title="bbox 229 2239 1816 2314">
     <span class='ocr_line' id='line_1_23' title="bbox 229 2239 1816 2314; baseline 0 -21"><span class='ocrx_word' id='word_1_161' title='bbox 229 2241 415 2296; x_wconf 73' lang='grc' dir='ltr'><strong>λαϐὼν</strong></span> <span class='ocrx_word' id='word_1_162' title='bbox 450 2244 530 2306; x_wconf 87' lang='grc' dir='ltr'><strong>είς</strong></span> <span class='ocrx_word' id='word_1_163' title='bbox 551 2242 644 2295; x_wconf 81' lang='grc' dir='ltr'><strong>τὸν</strong></span> <span class='ocrx_word' id='word_1_164' title='bbox 663 2243 929 2314; x_wconf 71' lang='grc' dir='ltr'><strong>πατρικὸν</strong></span> <span class='ocrx_word' id='word_1_165' title='bbox 953 2243 1231 2311; x_wconf 80' lang='grc' dir='ltr'><strong>ἀνήγαγεν</strong></span> <span class='ocrx_word' id='word_1_166' title='bbox 1257 2239 1430 2306; x_wconf 79' lang='grc' dir='ltr'><strong>οἶκον,</strong></span> <span class='ocrx_word' id='word_1_167' title='bbox 1449 2241 1540 2296; x_wconf 71' lang='grc' dir='ltr'><strong>τὸν</strong></span> <span class='ocrx_word' id='word_1_168' title='bbox 1560 2240 1816 2310; x_wconf 75' lang='grc' dir='ltr'><strong>οὐρανόν.</strong></span> 
     </span>
    </p>
   </div>
   <div class='ocr_carea' id='block_1_24' title="bbox 304 2328 1829 2408">
    <p class='ocr_par' dir='ltr' id='par_1_24' title="bbox 304 2328 1829 2408">
     <span class='ocr_line' id='line_1_24' title="bbox 304 2328 1829 2408; baseline -0.002 -19"><span class='ocrx_word' id='word_1_169' title='bbox 304 2335 414 2389; x_wconf 76' lang='grc' dir='ltr'><strong>Καὶ</strong></span> <span class='ocrx_word' id='word_1_170' title='bbox 441 2363 510 2376; x_wconf 84' lang='grc'><strong>--</strong></span> <span class='ocrx_word' id='word_1_171' title='bbox 530 2334 764 2401; x_wconf 74' lang='grc' dir='ltr'><strong>Ἰησοῦ.</strong></span> <span class='ocrx_word' id='word_1_172' title='bbox 815 2334 1037 2389; x_wconf 81' lang='grc' dir='ltr'><strong>Πολλῶν</strong></span> <span class='ocrx_word' id='word_1_173' title='bbox 1071 2335 1529 2408; x_wconf 53' lang='grc' dir='ltr'><strong>ἀκροασαμένων,</strong></span> <span class='ocrx_word' id='word_1_174' title='bbox 1556 2328 1702 2389; x_wconf 75' lang='grc' dir='ltr'><strong>οὗτοι</strong></span> <span class='ocrx_word' id='word_1_175' title='bbox 1736 2335 1829 2402; x_wconf 70' lang='grc' dir='ltr'><strong>μό-</strong></span> 
     </span>
    </p>
   </div>
   <div class='ocr_carea' id='block_1_25' title="bbox 230 2427 1827 2498">
    <p class='ocr_par' dir='ltr' id='par_1_25' title="bbox 230 2427 1827 2498">
     <span class='ocr_line' id='line_1_25' title="bbox 230 2427 1827 2498; baseline 0.001 -20"><span class='ocrx_word' id='word_1_176' title='bbox 230 2443 316 2480; x_wconf 88' lang='grc' dir='ltr'><strong>νοι</strong></span> <span class='ocrx_word' id='word_1_177' title='bbox 345 2428 608 2497; x_wconf 70' lang='grc' dir='ltr'><strong>ἥκουσαν,</strong></span> <span class='ocrx_word' id='word_1_178' title='bbox 638 2431 755 2490; x_wconf 81' lang='grc' dir='ltr'><strong>τοῖς</strong></span> <span class='ocrx_word' id='word_1_179' title='bbox 785 2427 892 2481; x_wconf 72' lang='grc' dir='ltr'><strong>ὠσὶ</strong></span> <span class='ocrx_word' id='word_1_180' title='bbox 932 2428 1180 2498; x_wconf 83' lang='grc' dir='ltr'><strong>δηλονότι</strong></span> <span class='ocrx_word' id='word_1_181' title='bbox 1227 2429 1326 2498; x_wconf 83' lang='grc' dir='ltr'><strong>τῆς</strong></span> <span class='ocrx_word' id='word_1_182' title='bbox 1363 2427 1567 2498; x_wconf 74' lang='grc' dir='ltr'><strong>ψυλῆς,</strong></span> <span class='ocrx_word' id='word_1_183' title='bbox 1591 2428 1699 2481; x_wconf 86' lang='grc' dir='ltr'><strong>τῶν</strong></span> <span class='ocrx_word' id='word_1_184' title='bbox 1734 2427 1827 2481; x_wconf 81' lang='grc' dir='ltr'><strong>ἄλ-</strong></span> 
     </span>
    </p>
   </div>
   <div class='ocr_carea' id='block_1_26' title="bbox 230 2517 1822 2590">
    <p class='ocr_par' dir='ltr' id='par_1_26' title="bbox 230 2517 1822 2590">
     <span class='ocr_line' id='line_1_26' title="bbox 230 2517 1822 2590; baseline 0.001 -19"><span class='ocrx_word' id='word_1_185' title='bbox 230 2517 343 2572; x_wconf 78' lang='grc' dir='ltr'><strong>λων</strong></span> <span class='ocrx_word' id='word_1_186' title='bbox 369 2522 480 2582; x_wconf 83' lang='grc' dir='ltr'><strong>τοῖς</strong></span> <span class='ocrx_word' id='word_1_187' title='bbox 510 2519 614 2573; x_wconf 73' lang='grc' dir='ltr'><strong>ὠσὶ</strong></span> <span class='ocrx_word' id='word_1_188' title='bbox 644 2519 737 2573; x_wconf 82' lang='grc' dir='ltr'><strong>τοῦ</strong></span> <span class='ocrx_word' id='word_1_189' title='bbox 777 2519 1029 2590; x_wconf 80' lang='grc' dir='ltr'><strong>σώματος</strong></span> <span class='ocrx_word' id='word_1_190' title='bbox 1056 2521 1437 2574; x_wconf 77' lang='grc' dir='ltr'><strong>ἀκουσάντων.</strong></span> <span class='ocrx_word' id='word_1_191' title='bbox 1462 2520 1558 2573; x_wconf 80' lang='grc' dir='ltr'><strong>Ἐκ</strong></span> <span class='ocrx_word' id='word_1_192' title='bbox 1589 2520 1689 2590; x_wconf 68' lang='grc' dir='ltr'><strong>μὲν</strong></span> <span class='ocrx_word' id='word_1_193' title='bbox 1713 2520 1822 2590; x_wconf 81' lang='grc' dir='ltr'><strong>γὰρ</strong></span> 
     </span>
    </p>
   </div>
   <div class='ocr_carea' id='block_1_27' title="bbox 231 2611 1824 2683">
    <p class='ocr_par' dir='ltr' id='par_1_27' title="bbox 231 2611 1824 2683">
     <span class='ocr_line' id='line_1_27' title="bbox 231 2611 1824 2683; baseline -0.001 -19"><span class='ocrx_word' id='word_1_194' title='bbox 231 2613 346 2664; x_wconf 86' lang='grc' dir='ltr'><strong>τῶν</strong></span> <span class='ocrx_word' id='word_1_195' title='bbox 407 2611 676 2682; x_wconf 80' lang='grc' dir='ltr'><strong>μαθητῶν</strong></span> <span class='ocrx_word' id='word_1_196' title='bbox 739 2612 851 2683; x_wconf 73' lang='lat'><strong>(6‘2)</strong></span> <span class='ocrx_word' id='word_1_197' title='bbox 927 2613 1177 2666; x_wconf 80' lang='grc' dir='ltr'>Ἰωάννου</span> <span class='ocrx_word' id='word_1_198' title='bbox 1234 2612 1331 2666; x_wconf 83' lang='grc' dir='ltr'><strong>δύο</strong></span> <span class='ocrx_word' id='word_1_199' title='bbox 1365 2613 1491 2666; x_wconf 72' lang='grc' dir='ltr'><strong>τότε</strong></span> <span class='ocrx_word' id='word_1_200' title='bbox 1530 2613 1824 2683; x_wconf 79' lang='grc' dir='ltr'><strong>παρῆσαν·</strong></span> 
     </span>
    </p>
   </div>
   <div class='ocr_carea' id='block_1_28' title="bbox 233 2707 1824 2779">
    <p class='ocr_par' dir='ltr' id='par_1_28' title="bbox 233 2707 1824 2779">
     <span class='ocr_line' id='line_1_28' title="bbox 233 2707 1824 2779; baseline -0.003 -14"><span class='ocrx_word' id='word_1_201' title='bbox 233 2708 388 2765; x_wconf 74' lang='grc' dir='ltr'><strong>ἄλλοι</strong></span> <span class='ocrx_word' id='word_1_202' title='bbox 444 2708 501 2761; x_wconf 80' lang='grc' dir='ltr'><strong>δὲ</strong></span> <span class='ocrx_word' id='word_1_203' title='bbox 533 2707 722 2762; x_wconf 74' lang='grc' dir='ltr'><strong>πολλοὶ</strong></span> <span class='ocrx_word' id='word_1_204' title='bbox 764 2708 1260 2779; x_wconf 81' lang='grc' dir='ltr'><strong>παρειστήκεισαν.</strong></span> <span class='ocrx_word' id='word_1_205' title='bbox 1333 2708 1739 2779; x_wconf 84' lang='grc' dir='ltr'><strong>Ἦκολούθησαν</strong></span> <span class='ocrx_word' id='word_1_206' title='bbox 1768 2709 1824 2761; x_wconf 82' lang='grc' dir='ltr'><strong>δὲ</strong></span> 
     </span>
    </p>
   </div>
   <div class='ocr_carea' id='block_1_29' title="bbox 233 2798 1424 2871">
    <p class='ocr_par' dir='ltr' id='par_1_29' title="bbox 233 2798 1424 2871">
     <span class='ocr_line' id='line_1_29' title="bbox 233 2798 1424 2871; baseline 0.001 -19"><span class='ocrx_word' id='word_1_207' title='bbox 233 2799 408 2871; x_wconf 78' lang='grc' dir='ltr'><strong>αὐτῷ,</strong></span> <span class='ocrx_word' id='word_1_208' title='bbox 427 2798 749 2870; x_wconf 80' lang='grc' dir='ltr'><strong>βουλόμενοι</strong></span> <span class='ocrx_word' id='word_1_209' title='bbox 777 2801 978 2869; x_wconf 85' lang='grc' dir='ltr'><strong>πεῖραν</strong></span> <span class='ocrx_word' id='word_1_210' title='bbox 1013 2799 1206 2854; x_wconf 77' lang='grc' dir='ltr'><strong>λαϐεῖν</strong></span> <span class='ocrx_word' id='word_1_211' title='bbox 1235 2799 1424 2853; x_wconf 80' lang='grc' dir='ltr'><strong>αὑτοῦ.</strong></span> 
     </span>
    </p>
   </div>
   <div class='ocr_carea' id='block_1_30' title="bbox 308 2971 1830 3046">
    <p class='ocr_par' dir='ltr' id='par_1_30' title="bbox 308 2971 1830 3046">
     <span class='ocr_line' id='line_1_30' title="bbox 308 2971 1830 3046; baseline -0.005 -14"><span class='ocrx_word' id='word_1_212' title='bbox 308 2976 604 3046; x_wconf 70' lang='grc' dir='ltr'><strong>Στραφείς</strong></span> <span class='ocrx_word' id='word_1_213' title='bbox 642 3003 714 3015; x_wconf 91' lang='grc'><strong><em>--</em></strong></span> <span class='ocrx_word' id='word_1_214' title='bbox 746 2971 1010 3042; x_wconf 69' lang='lat' dir='ltr'><strong>(meite;</strong></span> <span class='ocrx_word' id='word_1_215' title='bbox 1065 2973 1180 3026; x_wconf 81' lang='grc' dir='ltr'><strong>Οὐκ</strong></span> <span class='ocrx_word' id='word_1_216' title='bbox 1213 2972 1448 3042; x_wconf 82' lang='grc' dir='ltr'><strong>ἀγνοῶν,</strong></span> <span class='ocrx_word' id='word_1_217' title='bbox 1495 2975 1521 3024; x_wconf 83' lang='grc' dir='ltr'><strong>ὁ</strong></span> <span class='ocrx_word' id='word_1_218' title='bbox 1541 2976 1652 3036; x_wconf 81' lang='grc' dir='ltr'><strong>τοῖς</strong></span> <span class='ocrx_word' id='word_1_219' title='bbox 1681 2974 1830 3043; x_wconf 78' lang='grc' dir='ltr'><strong>λογιο</strong></span> 
     </span>
    </p>
   </div>
   <div class='ocr_carea' id='block_1_31' title="bbox 1925 488 3512 564">
    <p class='ocr_par' dir='ltr' id='par_1_31' title="bbox 1925 488 3512 564">
     <span class='ocr_line' id='line_1_31' title="bbox 1925 488 3512 564; baseline -0.013 -3"><span class='ocrx_word' id='word_1_220' title='bbox 1925 521 2121 562; x_wconf 83' lang='lat' dir='ltr'><strong>corum</strong></span> <span class='ocrx_word' id='word_1_221' title='bbox 2167 501 2382 558; x_wconf 76' lang='lat' dir='ltr'><strong>iteratis</strong></span> <span class='ocrx_word' id='word_1_222' title='bbox 2432 499 2659 554; x_wconf 78' lang='lat' dir='ltr'><strong>vocibus</strong></span> <span class='ocrx_word' id='word_1_223' title='bbox 2714 491 3136 564; x_wconf 82' lang='lat' dir='ltr'><strong>expergefacere</strong></span> <span class='ocrx_word' id='word_1_224' title='bbox 3182 489 3337 560; x_wconf 91' lang='lat' dir='ltr'><strong>quasi</strong></span> <span class='ocrx_word' id='word_1_225' title='bbox 3383 488 3512 545; x_wconf 86' lang='lat' dir='ltr'><strong>dor-</strong></span> 
     </span>
    </p>
   </div>
   <div class='ocr_carea' id='block_1_32' title="bbox 1924 597 2212 649">
    <p class='ocr_par' dir='ltr' id='par_1_32' title="bbox 1924 597 2212 649">
     <span class='ocr_line' id='line_1_32' title="bbox 1924 597 2212 649; baseline -0.007 0"><span class='ocrx_word' id='word_1_226' title='bbox 1924 597 2212 649; x_wconf 85' lang='lat' dir='ltr'><strong>mientem.</strong></span> 
     </span>
    </p>
   </div>
   <div class='ocr_carea' id='block_1_33' title="bbox 1998 672 3512 756">
    <p class='ocr_par' dir='ltr' id='par_1_33' title="bbox 1998 672 3512 756">
     <span class='ocr_line' id='line_1_33' title="bbox 1998 672 3512 756; baseline -0.013 -15"><span class='ocrx_word' id='word_1_227' title='bbox 1998 688 2064 741; x_wconf 87' lang='lat' dir='ltr'><strong>Et</strong></span> <span class='ocrx_word' id='word_1_228' title='bbox 2093 683 2558 756; x_wconf 69' lang='lat' dir='ltr'><strong>quemadmodum</strong></span> <span class='ocrx_word' id='word_1_229' title='bbox 2591 694 2829 749; x_wconf 88' lang='lat' dir='ltr'><strong>sponsus</strong></span> <span class='ocrx_word' id='word_1_230' title='bbox 2857 675 2992 730; x_wconf 82' lang='lat' dir='ltr'><strong>nihil</strong></span> <span class='ocrx_word' id='word_1_231' title='bbox 3043 672 3266 728; x_wconf 77' lang='lat' dir='ltr'><strong>interim</strong></span> <span class='ocrx_word' id='word_1_232' title='bbox 3295 681 3512 740; x_wconf 65' lang='lat' dir='ltr'><strong>sponsae</strong></span> 
     </span>
    </p>
   </div>
   <div class='ocr_carea' id='block_1_34' title="bbox 1923 761 3510 847">
    <p class='ocr_par' dir='ltr' id='par_1_34' title="bbox 1923 761 3510 847">
     <span class='ocr_line' id='line_1_34' title="bbox 1923 761 3510 847; baseline -0.012 -15"><span class='ocrx_word' id='word_1_233' title='bbox 1923 779 2186 847; x_wconf 75' lang='lat' dir='ltr'><strong>loquitur,</strong></span> <span class='ocrx_word' id='word_1_234' title='bbox 2244 793 2349 834; x_wconf 91' lang='lat' dir='ltr'><strong>nec</strong></span> <span class='ocrx_word' id='word_1_235' title='bbox 2382 790 2503 831; x_wconf 83' lang='lat' dir='ltr'><strong>eam</strong></span> <span class='ocrx_word' id='word_1_236' title='bbox 2548 789 2646 843; x_wconf 89' lang='lat' dir='ltr'><strong>per</strong></span> <span class='ocrx_word' id='word_1_237' title='bbox 2692 773 2936 840; x_wconf 88' lang='lat' dir='ltr'><strong>seipsum</strong></span> <span class='ocrx_word' id='word_1_238' title='bbox 2984 765 3206 835; x_wconf 76' lang='lat' dir='ltr'><strong>accipit.</strong></span> <span class='ocrx_word' id='word_1_239' title='bbox 3255 762 3351 817; x_wconf 86' lang='lat' dir='ltr'><strong>sed</strong></span> <span class='ocrx_word' id='word_1_240' title='bbox 3401 761 3510 815; x_wconf 75' lang='lat' dir='ltr'><strong>dux</strong></span> 
     </span>
    </p>
   </div>
   <div class='ocr_carea' id='block_1_35' title="bbox 1923 850 3508 940">
    <p class='ocr_par' dir='ltr' id='par_1_35' title="bbox 1923 850 3508 940">
     <span class='ocr_line' id='line_1_35' title="bbox 1923 850 3508 940; baseline -0.016 -16"><span class='ocrx_word' id='word_1_241' title='bbox 1923 884 2141 940; x_wconf 63' lang='lat' dir='ltr'><strong>sponsae</strong></span> <span class='ocrx_word' id='word_1_242' title='bbox 2171 868 2354 923; x_wconf 86' lang='lat' dir='ltr'><strong>omnia</strong></span> <span class='ocrx_word' id='word_1_243' title='bbox 2375 864 2621 926; x_wconf 85' lang='lat' dir='ltr'><strong>disserit,</strong></span> <span class='ocrx_word' id='word_1_244' title='bbox 2650 874 2882 928; x_wconf 86' lang='lat' dir='ltr'><strong>eamque</strong></span> <span class='ocrx_word' id='word_1_245' title='bbox 2908 857 2980 910; x_wconf 89' lang='lat' dir='ltr'><strong>illi</strong></span> <span class='ocrx_word' id='word_1_246' title='bbox 3012 853 3182 909; x_wconf 84' lang='lat' dir='ltr'><strong>tradit</strong></span> <span class='ocrx_word' id='word_1_247' title='bbox 3215 867 3231 916; x_wconf 90' lang='lat'><strong>;</strong></span> <span class='ocrx_word' id='word_1_248' title='bbox 3260 850 3350 904; x_wconf 90' lang='lat' dir='ltr'><strong>ubi</strong></span> <span class='ocrx_word' id='word_1_249' title='bbox 3377 861 3508 902; x_wconf 85' lang='lat' dir='ltr'><strong>vero</strong></span> 
     </span>
    </p>
   </div>
   <div class='ocr_carea' id='block_1_36' title="bbox 1924 937 3517 1031">
    <p class='ocr_par' dir='ltr' id='par_1_36' title="bbox 1924 937 3517 1031">
     <span class='ocr_line' id='line_1_36' title="bbox 1924 937 3517 1031; baseline -0.016 -16"><span class='ocrx_word' id='word_1_250' title='bbox 1924 962 2067 1016; x_wconf 85' lang='lat' dir='ltr'><strong>hanc</strong></span> <span class='ocrx_word' id='word_1_251' title='bbox 2099 962 2218 1031; x_wconf 91' lang='lat' dir='ltr'><strong>ipse</strong></span> <span class='ocrx_word' id='word_1_252' title='bbox 2248 959 2548 1028; x_wconf 88' lang='lat' dir='ltr'><strong>acceperit,</strong></span> <span class='ocrx_word' id='word_1_253' title='bbox 2589 956 2663 1009; x_wconf 92' lang='lat' dir='ltr'><strong>ita</strong></span> <span class='ocrx_word' id='word_1_254' title='bbox 2688 968 2807 1008; x_wconf 89' lang='lat' dir='ltr'><strong>eam</strong></span> <span class='ocrx_word' id='word_1_255' title='bbox 2833 953 2900 1005; x_wconf 88' lang='lat' dir='ltr'><strong>im</strong></span> <span class='ocrx_word' id='word_1_256' title='bbox 2914 956 3112 1008; x_wconf 85' lang='lat' dir='ltr'><strong>mutat,</strong></span> <span class='ocrx_word' id='word_1_257' title='bbox 3171 954 3229 998; x_wconf 92' lang='lat' dir='ltr'><strong>ut</strong></span> <span class='ocrx_word' id='word_1_258' title='bbox 3254 943 3342 997; x_wconf 90' lang='lat' dir='ltr'><strong>illa</strong></span> <span class='ocrx_word' id='word_1_259' title='bbox 3367 937 3517 1008; x_wconf 85' lang='lat' dir='ltr'><strong>prio-</strong></span> 
     </span>
    </p>
   </div>
   <div class='ocr_carea' id='block_1_37' title="bbox 1927 1031 3547 1106">
    <p class='ocr_par' dir='ltr' id='par_1_37' title="bbox 1927 1031 3547 1106">
     <span class='ocr_line' id='line_1_37' title="bbox 1927 1031 3547 1106; baseline -0.016 0"><span class='ocrx_word' id='word_1_260' title='bbox 1927 1068 2046 1106; x_wconf 88' lang='lat' dir='ltr'><strong>rum</strong></span> <span class='ocrx_word' id='word_1_261' title='bbox 2077 1051 2324 1106; x_wconf 92' lang='lat' dir='ltr'><strong>omnium</strong></span> <span class='ocrx_word' id='word_1_262' title='bbox 2356 1047 2717 1104; x_wconf 77' lang='lat' dir='ltr'><strong>obliviscatur</strong></span> <span class='ocrx_word' id='word_1_263' title='bbox 2749 1061 2762 1097; x_wconf 86' lang='lat'><strong>:</strong></span> <span class='ocrx_word' id='word_1_264' title='bbox 2797 1042 2870 1097; x_wconf 90' lang='lat' dir='ltr'><strong>ita</strong></span> <span class='ocrx_word' id='word_1_265' title='bbox 2931 1048 2988 1093; x_wconf 89' lang='lat' dir='ltr'><strong>et</strong></span> <span class='ocrx_word' id='word_1_266' title='bbox 3053 1051 3201 1091; x_wconf 92' lang='lat' dir='ltr'><strong>nunc</strong></span> <span class='ocrx_word' id='word_1_267' title='bbox 3255 1031 3512 1088; x_wconf 78' lang='lat' dir='ltr'><strong>Christus</strong></span> <span class='ocrx_word' id='word_1_268' title='bbox 3545 1099 3547 1102; x_wconf 3' lang='grc' dir='ltr'><strong>φ</strong></span> 
     </span>
    </p>
   </div>
   <div class='ocr_carea' id='block_1_38' title="bbox 1924 1120 3514 1204">
    <p class='ocr_par' dir='ltr' id='par_1_38' title="bbox 1924 1120 3514 1204">
     <span class='ocr_line' id='line_1_38' title="bbox 1924 1120 3514 1204; baseline -0.016 -5"><span class='ocrx_word' id='word_1_269' title='bbox 1924 1146 2105 1199; x_wconf 86' lang='lat' dir='ltr'><strong>adhuc</strong></span> <span class='ocrx_word' id='word_1_270' title='bbox 2137 1151 2302 1204; x_wconf 86' lang='lat' dir='ltr'><strong>tacet.</strong></span> <span class='ocrx_word' id='word_1_271' title='bbox 2328 1142 2569 1197; x_wconf 81' lang='lat' dir='ltr'><strong>Joannes</strong></span> <span class='ocrx_word' id='word_1_272' title='bbox 2603 1152 2737 1191; x_wconf 87' lang='lat' dir='ltr'><strong>vero</strong></span> <span class='ocrx_word' id='word_1_273' title='bbox 2795 1139 2992 1187; x_wconf 72' lang='lat' dir='ltr'><strong>cuncta</strong></span> <span class='ocrx_word' id='word_1_274' title='bbox 3040 1135 3326 1196; x_wconf 81' lang='lat' dir='ltr'><strong>operatur;</strong></span> <span class='ocrx_word' id='word_1_275' title='bbox 3389 1120 3514 1175; x_wconf 87' lang='lat' dir='ltr'><strong>ideo</strong></span> 
     </span>
    </p>
   </div>
   <div class='ocr_carea' id='block_1_39' title="bbox 1923 1209 3515 1301">
    <p class='ocr_par' dir='ltr' id='par_1_39' title="bbox 1923 1209 3515 1301">
     <span class='ocr_line' id='line_1_39' title="bbox 1923 1209 3515 1301; baseline -0.016 -12"><span class='ocrx_word' id='word_1_276' title='bbox 1923 1236 2087 1290; x_wconf 66' lang='lat' dir='ltr'><strong>etiam</strong></span> <span class='ocrx_word' id='word_1_277' title='bbox 2107 1233 2317 1288; x_wconf 83' lang='lat' dir='ltr'><strong>amicus</strong></span> <span class='ocrx_word' id='word_1_278' title='bbox 2338 1230 2538 1301; x_wconf 89' lang='lat' dir='ltr'><strong>Sponsi</strong></span> <span class='ocrx_word' id='word_1_279' title='bbox 2559 1235 2783 1282; x_wconf 88' lang='lat' dir='ltr'><strong>vocatus</strong></span> <span class='ocrx_word' id='word_1_280' title='bbox 2796 1232 2901 1288; x_wconf 87' lang='lat' dir='ltr'><strong>est,</strong></span> <span class='ocrx_word' id='word_1_281' title='bbox 2921 1232 3178 1289; x_wconf 86' lang='lat' dir='ltr'><strong>tanquam</strong></span> <span class='ocrx_word' id='word_1_282' title='bbox 3195 1209 3515 1286; x_wconf 70' lang='lat' dir='ltr'><strong>quinuptiis</strong></span> 
     </span>
    </p>
   </div>
   <div class='ocr_carea' id='block_1_40' title="bbox 1926 1305 3515 1394">
    <p class='ocr_par' dir='ltr' id='par_1_40' title="bbox 1926 1305 3515 1394">
     <span class='ocr_line' id='line_1_40' title="bbox 1926 1305 3515 1394; baseline -0.015 -16"><span class='ocrx_word' id='word_1_283' title='bbox 1926 1335 2141 1394; x_wconf 62' lang='lat' dir='ltr'><strong>praeest,</strong></span> <span class='ocrx_word' id='word_1_284' title='bbox 2203 1323 2499 1390; x_wconf 82' lang='lat' dir='ltr'><strong>omniaque</strong></span> <span class='ocrx_word' id='word_1_285' title='bbox 2516 1318 2868 1374; x_wconf 81' lang='lat' dir='ltr'><strong>administrat</strong></span> <span class='ocrx_word' id='word_1_286' title='bbox 2889 1330 3009 1384; x_wconf 71' lang='lat' dir='ltr'><strong>quae</strong></span> <span class='ocrx_word' id='word_1_287' title='bbox 3027 1311 3093 1365; x_wconf 89' lang='lat' dir='ltr'><strong>ad</strong></span> <span class='ocrx_word' id='word_1_288' title='bbox 3127 1310 3303 1378; x_wconf 87' lang='lat' dir='ltr'><strong>ipsum</strong></span> <span class='ocrx_word' id='word_1_289' title='bbox 3334 1305 3515 1373; x_wconf 89' lang='lat' dir='ltr'><strong>Spon-</strong></span> 
     </span>
    </p>
   </div>
   <div class='ocr_carea' id='block_1_41' title="bbox 1924 1393 3516 1486">
    <p class='ocr_par' dir='ltr' id='par_1_41' title="bbox 1924 1393 3516 1486">
     <span class='ocr_line' id='line_1_41' title="bbox 1924 1393 3516 1486; baseline -0.016 -15"><span class='ocrx_word' id='word_1_290' title='bbox 1924 1393 2045 1471; x_wconf 81' lang='lat' dir='ltr'><strong>sum</strong></span> <span class='ocrx_word' id='word_1_291' title='bbox 2078 1417 2373 1486; x_wconf 84' lang='lat' dir='ltr'><strong>pertinent.</strong></span> <span class='ocrx_word' id='word_1_292' title='bbox 2400 1412 2505 1468; x_wconf 86' lang='lat' dir='ltr'><strong>Ubi</strong></span> <span class='ocrx_word' id='word_1_293' title='bbox 2535 1426 2664 1465; x_wconf 90' lang='lat' dir='ltr'><strong>vero</strong></span> <span class='ocrx_word' id='word_1_294' title='bbox 2694 1408 2910 1477; x_wconf 86' lang='lat' dir='ltr'><strong>accepit</strong></span> <span class='ocrx_word' id='word_1_295' title='bbox 2963 1406 3358 1472; x_wconf 82' lang='lat' dir='ltr'><strong>desponsatam</strong></span> <span class='ocrx_word' id='word_1_296' title='bbox 3410 1393 3516 1447; x_wconf 84' lang='lat' dir='ltr'><strong>sibi</strong></span> 
     </span>
    </p>
   </div>
   <div class='ocr_carea' id='block_1_42' title="bbox 1924 1486 3516 1569">
    <p class='ocr_par' dir='ltr' id='par_1_42' title="bbox 1924 1486 3516 1569">
     <span class='ocr_line' id='line_1_42' title="bbox 1924 1486 3516 1569; baseline -0.017 -6"><span class='ocrx_word' id='word_1_297' title='bbox 1924 1507 2248 1569; x_wconf 87' lang='lat' dir='ltr'><strong>Ecclesiam.</strong></span> <span class='ocrx_word' id='word_1_298' title='bbox 2304 1505 2377 1560; x_wconf 89' lang='lat' dir='ltr'><strong>ita</strong></span> <span class='ocrx_word' id='word_1_299' title='bbox 2413 1520 2534 1558; x_wconf 88' lang='lat' dir='ltr'><strong>eam</strong></span> <span class='ocrx_word' id='word_1_300' title='bbox 2569 1502 2671 1556; x_wconf 84' lang='lat' dir='ltr'><strong>sibi</strong></span> <span class='ocrx_word' id='word_1_301' title='bbox 2707 1496 3007 1568; x_wconf 79' lang='lat' dir='ltr'><strong>copulavit,</strong></span> <span class='ocrx_word' id='word_1_302' title='bbox 3047 1504 3105 1547; x_wconf 91' lang='lat' dir='ltr'><strong>ut</strong></span> <span class='ocrx_word' id='word_1_303' title='bbox 3133 1491 3221 1545; x_wconf 88' lang='lat' dir='ltr'><strong>illa</strong></span> <span class='ocrx_word' id='word_1_304' title='bbox 3252 1486 3516 1544; x_wconf 88' lang='lat' dir='ltr'><strong>continuo</strong></span> 
     </span>
    </p>
   </div>
   <div class='ocr_carea' id='block_1_43' title="bbox 1925 1599 2648 1653">
    <p class='ocr_par' dir='ltr' id='par_1_43' title="bbox 1925 1599 2648 1653">
     <span class='ocr_line' id='line_1_43' title="bbox 1925 1599 2648 1653; baseline -0.007 0"><span class='ocrx_word' id='word_1_305' title='bbox 1925 1601 2172 1653; x_wconf 86' lang='lat' dir='ltr'><strong>omnium</strong></span> <span class='ocrx_word' id='word_1_306' title='bbox 2201 1599 2648 1653; x_wconf 74' lang='lat' dir='ltr'><strong>oblivisceretur.</strong></span> 
     </span>
    </p>
   </div>
   <div class='ocr_carea' id='block_1_44' title="bbox 1998 1667 3514 1760">
    <p class='ocr_par' dir='ltr' id='par_1_44' title="bbox 1998 1667 3514 1760">
     <span class='ocr_line' id='line_1_44' title="bbox 1998 1667 3514 1760; baseline -0.016 -16"><span class='ocrx_word' id='word_1_307' title='bbox 1998 1691 2063 1746; x_wconf 85' lang='lat' dir='ltr'><strong>Et</strong></span> <span class='ocrx_word' id='word_1_308' title='bbox 2094 1691 2237 1746; x_wconf 91' lang='lat' dir='ltr'><strong>sicut</strong></span> <span class='ocrx_word' id='word_1_309' title='bbox 2271 1703 2473 1760; x_wconf 88' lang='lat' dir='ltr'><strong>sponsa</strong></span> <span class='ocrx_word' id='word_1_310' title='bbox 2508 1696 2858 1755; x_wconf 83' lang='lat' dir='ltr'><strong>nequaquam</strong></span> <span class='ocrx_word' id='word_1_311' title='bbox 2886 1679 2950 1733; x_wconf 90' lang='lat' dir='ltr'><strong>ad</strong></span> <span class='ocrx_word' id='word_1_312' title='bbox 2986 1688 3251 1745; x_wconf 84' lang='lat' dir='ltr'><strong>sponsum</strong></span> <span class='ocrx_word' id='word_1_313' title='bbox 3284 1667 3514 1726; x_wconf 88' lang='lat' dir='ltr'><strong>accedit,</strong></span> 
     </span>
    </p>
   </div>
   <div class='ocr_carea' id='block_1_45' title="bbox 1923 1760 3517 1844">
    <p class='ocr_par' dir='ltr' id='par_1_45' title="bbox 1923 1760 3517 1844">
     <span class='ocr_line' id='line_1_45' title="bbox 1923 1760 3517 1844; baseline -0.014 -7"><span class='ocrx_word' id='word_1_314' title='bbox 1923 1787 2019 1837; x_wconf 90' lang='lat' dir='ltr'><strong>sed</strong></span> <span class='ocrx_word' id='word_1_315' title='bbox 2051 1782 2141 1836; x_wconf 84' lang='lat' dir='ltr'><strong>hic</strong></span> <span class='ocrx_word' id='word_1_316' title='bbox 2193 1781 2259 1835; x_wconf 86' lang='lat' dir='ltr'><strong>ad</strong></span> <span class='ocrx_word' id='word_1_317' title='bbox 2309 1780 2476 1844; x_wconf 90' lang='lat' dir='ltr'><strong>illam,</strong></span> <span class='ocrx_word' id='word_1_318' title='bbox 2521 1777 2688 1831; x_wconf 89' lang='lat' dir='ltr'><strong>etiam</strong></span> <span class='ocrx_word' id='word_1_319' title='bbox 2726 1775 2770 1827; x_wconf 89' lang='lat' dir='ltr'><strong>si</strong></span> <span class='ocrx_word' id='word_1_320' title='bbox 2816 1770 2984 1826; x_wconf 87' lang='lat' dir='ltr'><strong>fuerit</strong></span> <span class='ocrx_word' id='word_1_321' title='bbox 3010 1769 3127 1836; x_wconf 87' lang='lat' dir='ltr'><strong>ipse</strong></span> <span class='ocrx_word' id='word_1_322' title='bbox 3175 1763 3319 1833; x_wconf 79' lang='lat' dir='ltr'><strong>regis</strong></span> <span class='ocrx_word' id='word_1_323' title='bbox 3351 1760 3517 1815; x_wconf 83' lang='lat' dir='ltr'><strong>ﬁlius.</strong></span> 
     </span>
    </p>
   </div>
   <div class='ocr_carea' id='block_1_46' title="bbox 1924 1850 3514 1939">
    <p class='ocr_par' dir='ltr' id='par_1_46' title="bbox 1924 1850 3514 1939">
     <span class='ocr_line' id='line_1_46' title="bbox 1924 1850 3514 1939; baseline -0.017 -10"><span class='ocrx_word' id='word_1_324' title='bbox 1924 1875 2011 1929; x_wconf 92' lang='lat' dir='ltr'><strong>illa</strong></span> <span class='ocrx_word' id='word_1_325' title='bbox 2040 1888 2171 1930; x_wconf 81' lang='lat' dir='ltr'><strong>vero</strong></span> <span class='ocrx_word' id='word_1_326' title='bbox 2192 1873 2443 1929; x_wconf 88' lang='lat' dir='ltr'><strong>omnium</strong></span> <span class='ocrx_word' id='word_1_327' title='bbox 2479 1866 2853 1939; x_wconf 88' lang='lat' dir='ltr'><strong>abjectissima</strong></span> <span class='ocrx_word' id='word_1_328' title='bbox 2894 1879 2908 1915; x_wconf 85' lang='lat'><strong>:</strong></span> <span class='ocrx_word' id='word_1_329' title='bbox 2952 1863 3024 1915; x_wconf 88' lang='lat' dir='ltr'><strong>ita</strong></span> <span class='ocrx_word' id='word_1_330' title='bbox 3053 1869 3108 1914; x_wconf 82' lang='lat' dir='ltr'><strong>et</strong></span> <span class='ocrx_word' id='word_1_331' title='bbox 3149 1857 3236 1912; x_wconf 86' lang='lat' dir='ltr'><strong>hic</strong></span> <span class='ocrx_word' id='word_1_332' title='bbox 3296 1850 3514 1908; x_wconf 89' lang='lat' dir='ltr'><strong>accidit.</strong></span> 
     </span>
    </p>
   </div>
   <div class='ocr_carea' id='block_1_47' title="bbox 1924 1941 3522 2022">
    <p class='ocr_par' dir='ltr' id='par_1_47' title="bbox 1924 1941 3522 2022">
     <span class='ocr_line' id='line_1_47' title="bbox 1924 1941 3522 2022; baseline -0.014 -6"><span class='ocrx_word' id='word_1_333' title='bbox 1924 1962 2038 2018; x_wconf 90' lang='lat' dir='ltr'><strong>lste</strong></span> <span class='ocrx_word' id='word_1_334' title='bbox 2067 1978 2192 2017; x_wconf 91' lang='lat' dir='ltr'><strong>cum</strong></span> <span class='ocrx_word' id='word_1_335' title='bbox 2226 1971 2412 2016; x_wconf 86' lang='lat' dir='ltr'><strong>tantus</strong></span> <span class='ocrx_word' id='word_1_336' title='bbox 2433 1967 2604 2022; x_wconf 90' lang='lat' dir='ltr'><strong>esset,</strong></span> <span class='ocrx_word' id='word_1_337' title='bbox 2659 1956 2727 2011; x_wconf 89' lang='lat' dir='ltr'><strong>ad</strong></span> <span class='ocrx_word' id='word_1_338' title='bbox 2766 1970 2887 2010; x_wconf 89' lang='lat' dir='ltr'><strong>eam</strong></span> <span class='ocrx_word' id='word_1_339' title='bbox 2937 1967 3059 2022; x_wconf 65' lang='lat' dir='ltr'><strong>quae</strong></span> <span class='ocrx_word' id='word_1_340' title='bbox 3105 1941 3522 2016; x_wconf 87' lang='lat' dir='ltr'><strong>despectissima</strong></span> 
     </span>
    </p>
   </div>
   <div class='ocr_carea' id='block_1_48' title="bbox 1924 2031 3523 2118">
    <p class='ocr_par' dir='ltr' id='par_1_48' title="bbox 1924 2031 3523 2118">
     <span class='ocr_line' id='line_1_48' title="bbox 1924 2031 3523 2118; baseline -0.015 -10"><span class='ocrx_word' id='word_1_341' title='bbox 1924 2062 2070 2118; x_wconf 88' lang='lat' dir='ltr'><strong>erat,</strong></span> <span class='ocrx_word' id='word_1_342' title='bbox 2100 2053 2355 2115; x_wconf 79' lang='lat' dir='ltr'><strong>accessit,</strong></span> <span class='ocrx_word' id='word_1_343' title='bbox 2395 2059 2450 2104; x_wconf 92' lang='lat' dir='ltr'><strong>et</strong></span> <span class='ocrx_word' id='word_1_344' title='bbox 2476 2049 2812 2118; x_wconf 84' lang='lat' dir='ltr'><strong>conjunctus</strong></span> <span class='ocrx_word' id='word_1_345' title='bbox 2838 2059 2950 2098; x_wconf 92' lang='lat' dir='ltr'><strong>non</strong></span> <span class='ocrx_word' id='word_1_346' title='bbox 2996 2037 3246 2110; x_wconf 86' lang='lat' dir='ltr'><strong>permisit</strong></span> <span class='ocrx_word' id='word_1_347' title='bbox 3305 2042 3366 2088; x_wconf 91' lang='lat' dir='ltr'><strong>ut</strong></span> <span class='ocrx_word' id='word_1_348' title='bbox 3431 2031 3523 2085; x_wconf 89' lang='lat' dir='ltr'><strong>hic</strong></span> 
     </span>
    </p>
   </div>
   <div class='ocr_carea' id='block_1_49' title="bbox 1922 2130 3521 2213">
    <p class='ocr_par' dir='ltr' id='par_1_49' title="bbox 1922 2130 3521 2213">
     <span class='ocr_line' id='line_1_49' title="bbox 1922 2130 3521 2213; baseline -0.013 -15"><span class='ocrx_word' id='word_1_349' title='bbox 1922 2144 2184 2213; x_wconf 85' lang='lat' dir='ltr'><strong>deinceps</strong></span> <span class='ocrx_word' id='word_1_350' title='bbox 2251 2147 2582 2204; x_wconf 88' lang='lat' dir='ltr'><strong>remaneret,</strong></span> <span class='ocrx_word' id='word_1_351' title='bbox 2640 2139 2734 2193; x_wconf 92' lang='lat' dir='ltr'><strong>sed</strong></span> <span class='ocrx_word' id='word_1_352' title='bbox 2764 2142 3075 2204; x_wconf 83' lang='lat' dir='ltr'><strong>susceptam</strong></span> <span class='ocrx_word' id='word_1_353' title='bbox 3123 2130 3180 2184; x_wconf 90' lang='lat' dir='ltr'><strong>in</strong></span> <span class='ocrx_word' id='word_1_354' title='bbox 3237 2137 3521 2200; x_wconf 86' lang='lat' dir='ltr'><strong>paternam</strong></span> 
     </span>
    </p>
   </div>
   <div class='ocr_carea' id='block_1_50' title="bbox 1923 2226 3042 2293">
    <p class='ocr_par' dir='ltr' id='par_1_50' title="bbox 1923 2226 3042 2293">
     <span class='ocr_line' id='line_1_50' title="bbox 1923 2226 3042 2293; baseline -0.008 -6"><span class='ocrx_word' id='word_1_355' title='bbox 1923 2233 2424 2293; x_wconf 78' lang='lat' dir='ltr'><strong>deduxitdomum.</strong></span> <span class='ocrx_word' id='word_1_356' title='bbox 2458 2233 2564 2284; x_wconf 89' lang='lat' dir='ltr'><strong>hoc</strong></span> <span class='ocrx_word' id='word_1_357' title='bbox 2583 2237 2686 2293; x_wconf 71' lang='lat' dir='ltr'><strong>est,</strong></span> <span class='ocrx_word' id='word_1_358' title='bbox 2729 2229 2785 2280; x_wconf 91' lang='lat' dir='ltr'><strong>in</strong></span> <span class='ocrx_word' id='word_1_359' title='bbox 2819 2226 3042 2280; x_wconf 87' lang='lat' dir='ltr'><strong>coelum.</strong></span> 
     </span>
    </p>
   </div>
   <div class='ocr_carea' id='block_1_51' title="bbox 2000 2305 3519 2380">
    <p class='ocr_par' dir='ltr' id='par_1_51' title="bbox 2000 2305 3519 2380">
     <span class='ocr_line' id='line_1_51' title="bbox 2000 2305 3519 2380; baseline -0.015 0"><span class='ocrx_word' id='word_1_360' title='bbox 2000 2324 2155 2380; x_wconf 79' lang='lat' dir='ltr'><strong>Vers.</strong></span> <span class='ocrx_word' id='word_1_361' title='bbox 2180 2325 2270 2379; x_wconf 78' lang='lat'><strong>37.</strong></span> <span class='ocrx_word' id='word_1_362' title='bbox 2316 2324 2380 2378; x_wconf 85' lang='lat' dir='ltr'><strong>Et</strong></span> <span class='ocrx_word' id='word_1_363' title='bbox 2410 2353 2482 2363; x_wconf 96' lang='lat'>—</span> <span class='ocrx_word' id='word_1_364' title='bbox 2510 2321 2715 2376; x_wconf 68' lang='lat' dir='ltr'><strong>Iesum.</strong></span> <span class='ocrx_word' id='word_1_365' title='bbox 2751 2317 2899 2371; x_wconf 88' lang='lat' dir='ltr'><strong>Inter</strong></span> <span class='ocrx_word' id='word_1_366' title='bbox 2927 2315 3128 2370; x_wconf 88' lang='lat' dir='ltr'><strong>multos</strong></span> <span class='ocrx_word' id='word_1_367' title='bbox 3158 2310 3436 2366; x_wconf 86' lang='lat' dir='ltr'><strong>auditores</strong></span> <span class='ocrx_word' id='word_1_368' title='bbox 3466 2305 3519 2360; x_wconf 83' lang='lat' dir='ltr'><strong>hi</strong></span> 
     </span>
    </p>
   </div>
   <div class='ocr_carea' id='block_1_52' title="bbox 1927 2403 3520 2477">
    <p class='ocr_par' dir='ltr' id='par_1_52' title="bbox 1927 2403 3520 2477">
     <span class='ocr_line' id='line_1_52' title="bbox 1927 2403 3520 2477; baseline -0.014 -2"><span class='ocrx_word' id='word_1_369' title='bbox 1927 2419 2027 2475; x_wconf 88' lang='lat' dir='ltr'><strong>soli</strong></span> <span class='ocrx_word' id='word_1_370' title='bbox 2087 2417 2313 2473; x_wconf 81' lang='lat' dir='ltr'><strong>audisse</strong></span> <span class='ocrx_word' id='word_1_371' title='bbox 2368 2415 2657 2477; x_wconf 88' lang='lat' dir='ltr'><strong>dicuntur,</strong></span> <span class='ocrx_word' id='word_1_372' title='bbox 2722 2410 2952 2465; x_wconf 82' lang='lat' dir='ltr'><strong>auribus</strong></span> <span class='ocrx_word' id='word_1_373' title='bbox 3018 2405 3273 2461; x_wconf 86' lang='lat' dir='ltr'><strong>videlicet</strong></span> <span class='ocrx_word' id='word_1_374' title='bbox 3303 2403 3520 2456; x_wconf 54' lang='lat' dir='ltr'><strong>animae.</strong></span> 
     </span>
    </p>
   </div>
   <div class='ocr_carea' id='block_1_53' title="bbox 1926 2496 3524 2578">
    <p class='ocr_par' dir='ltr' id='par_1_53' title="bbox 1926 2496 3524 2578">
     <span class='ocr_line' id='line_1_53' title="bbox 1926 2496 3524 2578; baseline -0.012 -12"><span class='ocrx_word' id='word_1_375' title='bbox 1926 2526 2054 2567; x_wconf 86' lang='lat' dir='ltr'><strong>cum</strong></span> <span class='ocrx_word' id='word_1_376' title='bbox 2102 2509 2194 2563; x_wconf 88' lang='lat' dir='ltr'><strong>alii</strong></span> <span class='ocrx_word' id='word_1_377' title='bbox 2252 2508 2440 2578; x_wconf 90' lang='lat' dir='ltr'><strong>utique</strong></span> <span class='ocrx_word' id='word_1_378' title='bbox 2511 2505 2798 2560; x_wconf 80' lang='lat' dir='ltr'><strong>audissent</strong></span> <span class='ocrx_word' id='word_1_379' title='bbox 2849 2500 3077 2555; x_wconf 85' lang='lat' dir='ltr'><strong>auribus</strong></span> <span class='ocrx_word' id='word_1_380' title='bbox 3133 2496 3524 2566; x_wconf 81' lang='lat' dir='ltr'><strong>corporis;ex</strong></span> 
     </span>
    </p>
   </div>
   <div class='ocr_carea' id='block_1_54' title="bbox 1928 2588 3527 2671">
    <p class='ocr_par' dir='ltr' id='par_1_54' title="bbox 1928 2588 3527 2671">
     <span class='ocr_line' id='line_1_54' title="bbox 1928 2588 3527 2671; baseline -0.01 -14"><span class='ocrx_word' id='word_1_381' title='bbox 1928 2600 2216 2671; x_wconf 87' lang='lat' dir='ltr'><strong>discipulis</strong></span> <span class='ocrx_word' id='word_1_382' title='bbox 2277 2613 2516 2669; x_wconf 89' lang='lat' dir='ltr'><strong>namque</strong></span> <span class='ocrx_word' id='word_1_383' title='bbox 2575 2594 2806 2652; x_wconf 80' lang='lat' dir='ltr'><strong>Joannis</strong></span> <span class='ocrx_word' id='word_1_384' title='bbox 2865 2592 2966 2647; x_wconf 92' lang='lat' dir='ltr'><strong>soli</strong></span> <span class='ocrx_word' id='word_1_385' title='bbox 3001 2589 3078 2660; x_wconf 67' lang='lat' dir='ltr'><strong>(In)</strong></span> <span class='ocrx_word' id='word_1_386' title='bbox 3149 2588 3205 2643; x_wconf 90' lang='lat' dir='ltr'><strong>hi</strong></span> <span class='ocrx_word' id='word_1_387' title='bbox 3243 2588 3352 2643; x_wconf 91' lang='lat' dir='ltr'><strong>duo</strong></span> <span class='ocrx_word' id='word_1_388' title='bbox 3393 2595 3527 2641; x_wconf 82' lang='lat' dir='ltr'><strong>tunc</strong></span> 
     </span>
    </p>
   </div>
   <div class='ocr_carea' id='block_1_55' title="bbox 1925 2675 3499 2761">
    <p class='ocr_par' dir='ltr' id='par_1_55' title="bbox 1925 2675 3499 2761">
     <span class='ocr_line' id='line_1_55' title="bbox 1925 2675 3499 2761; baseline -0.012 -13"><span class='ocrx_word' id='word_1_389' title='bbox 1925 2693 2111 2748; x_wconf 88' lang='lat' dir='ltr'><strong>animo</strong></span> <span class='ocrx_word' id='word_1_390' title='bbox 2137 2699 2437 2761; x_wconf 70' lang='lat' dir='ltr'><strong>pmsentes</strong></span> <span class='ocrx_word' id='word_1_391' title='bbox 2468 2695 2656 2748; x_wconf 90' lang='lat' dir='ltr'><strong>erant.</strong></span> <span class='ocrx_word' id='word_1_392' title='bbox 2690 2691 3020 2740; x_wconf 87' lang='lat' dir='ltr'><strong>cumtamen</strong></span> <span class='ocrx_word' id='word_1_393' title='bbox 3053 2679 3146 2733; x_wconf 75' lang='lat' dir='ltr'><strong>alii</strong></span> <span class='ocrx_word' id='word_1_394' title='bbox 3195 2675 3353 2732; x_wconf 90' lang='lat' dir='ltr'><strong>multi</strong></span> <span class='ocrx_word' id='word_1_395' title='bbox 3380 2685 3499 2730; x_wconf 84' lang='lat' dir='ltr'><strong>asta</strong></span> 
     </span>
    </p>
   </div>
   <div class='ocr_carea' id='block_1_56' title="bbox 1926 2766 3529 2842">
    <p class='ocr_par' dir='ltr' id='par_1_56' title="bbox 1926 2766 3529 2842">
     <span class='ocr_line' id='line_1_56' title="bbox 1926 2766 3529 2842; baseline -0.011 -6"><span class='ocrx_word' id='word_1_396' title='bbox 1926 2792 2069 2838; x_wconf 91' lang='lat' dir='ltr'><strong>rent.</strong></span> <span class='ocrx_word' id='word_1_397' title='bbox 2089 2781 2274 2836; x_wconf 89' lang='lat' dir='ltr'><strong>Secuti</strong></span> <span class='ocrx_word' id='word_1_398' title='bbox 2317 2789 2445 2837; x_wconf 89' lang='lat' dir='ltr'><strong>sunt</strong></span> <span class='ocrx_word' id='word_1_399' title='bbox 2475 2787 2660 2833; x_wconf 92' lang='lat' dir='ltr'><strong>autem</strong></span> <span class='ocrx_word' id='word_1_400' title='bbox 2682 2790 2831 2840; x_wconf 90' lang='lat' dir='ltr'><strong>eum,</strong></span> <span class='ocrx_word' id='word_1_401' title='bbox 2863 2771 3152 2842; x_wconf 88' lang='lat' dir='ltr'><strong>cupientes</strong></span> <span class='ocrx_word' id='word_1_402' title='bbox 3177 2769 3298 2839; x_wconf 79' lang='lat' dir='ltr'><strong>ejus</strong></span> <span class='ocrx_word' id='word_1_403' title='bbox 3324 2766 3529 2822; x_wconf 88' lang='lat' dir='ltr'><strong>habere</strong></span> 
     </span>
    </p>
   </div>
   <div class='ocr_carea' id='block_1_57' title="bbox 1933 2875 2208 2930">
    <p class='ocr_par' dir='ltr' id='par_1_57' title="bbox 1933 2875 2208 2930">
     <span class='ocr_line' id='line_1_57' title="bbox 1933 2875 2208 2930; baseline -0.011 0"><span class='ocrx_word' id='word_1_404' title='bbox 1933 2875 2208 2930; x_wconf 86' lang='lat' dir='ltr'><strong>notitiam.</strong></span> 
     </span>
    </p>
   </div>
   <div class='ocr_carea' id='block_1_58' title="bbox 2003 2954 3526 3027">
    <p class='ocr_par' dir='ltr' id='par_1_58' title="bbox 2003 2954 3526 3027">
     <span class='ocr_line' id='line_1_58' title="bbox 2003 2954 3526 3027; baseline -0.012 -7"><span class='ocrx_word' id='word_1_405' title='bbox 2003 2964 2159 3020; x_wconf 80' lang='lat' dir='ltr'><strong>Vors.</strong></span> <span class='ocrx_word' id='word_1_406' title='bbox 2193 2965 2282 3019; x_wconf 76' lang='lat'><strong>38.</strong></span> <span class='ocrx_word' id='word_1_407' title='bbox 2321 2962 2621 3018; x_wconf 73' lang='lat' dir='ltr'><strong>Conversus</strong></span> <span class='ocrx_word' id='word_1_408' title='bbox 2658 2988 2727 3000; x_wconf 90' lang='lat'><strong>——</strong></span> <span class='ocrx_word' id='word_1_409' title='bbox 2757 2958 3000 3027; x_wconf 70' lang='lat' dir='ltr'><strong>quwritia</strong></span> <span class='ocrx_word' id='word_1_410' title='bbox 3033 2957 3059 3008; x_wconf 76' lang='lat'><em>7</em></span> <span class='ocrx_word' id='word_1_411' title='bbox 3087 2954 3206 3008; x_wconf 85' lang='lat' dir='ltr'><strong>Non</strong></span> <span class='ocrx_word' id='word_1_412' title='bbox 3264 2965 3526 3020; x_wconf 86' lang='lat' dir='ltr'><strong>tanquam</strong></span> 
     </span>
    </p>
   </div>
   <div class='ocr_carea' id='block_1_59' title="bbox 239 3042 1824 3158">
    <p class='ocr_par' dir='ltr' id='par_1_59' title="bbox 239 3042 1824 3141">
     <span class='ocr_line' id='line_1_59' title="bbox 239 3042 1824 3141; baseline -0.006 -16"><span class='ocrx_word' id='word_1_413' title='bbox 239 3042 399 3141; x_wconf 76' lang='grc' dir='ltr'>σμοῖς</span> <span class='ocrx_word' id='word_1_414' title='bbox 457 3042 566 3122; x_wconf 79' lang='grc' dir='ltr'><strong>τῶν</strong></span> <span class='ocrx_word' id='word_1_415' title='bbox 601 3065 907 3137; x_wconf 79' lang='grc' dir='ltr'><strong>ἀνθρώπων</strong></span> <span class='ocrx_word' id='word_1_416' title='bbox 943 3064 1287 3132; x_wconf 78' lang='grc' dir='ltr'><strong>ὲμσατεύων,</strong></span> <span class='ocrx_word' id='word_1_417' title='bbox 1334 3064 1450 3116; x_wconf 85' lang='grc' dir='ltr'><strong>ἀλλ’</strong></span> <span class='ocrx_word' id='word_1_418' title='bbox 1487 3063 1580 3116; x_wconf 83' lang='grc' dir='ltr'><strong>ἶνα</strong></span> <span class='ocrx_word' id='word_1_419' title='bbox 1609 3065 1697 3118; x_wconf 75' lang='grc' dir='ltr'><strong>διὰ</strong></span> <span class='ocrx_word' id='word_1_420' title='bbox 1727 3042 1824 3134; x_wconf 80' lang='grc' dir='ltr'><strong>τῆς</strong></span> 
     </span>
    </p>
   </div>
   <div class='ocr_carea' id='block_1_60' title="bbox 1929 3042 3529 3158">
    <p class='ocr_par' dir='ltr' id='par_1_60' title="bbox 1932 3042 3529 3158">
     <span class='ocr_line' id='line_1_60' title="bbox 1932 3042 3529 3130; baseline -0.013 -14"><span class='ocrx_word' id='word_1_421' title='bbox 1932 3064 2214 3130; x_wconf 73' lang='lat' dir='ltr'><strong>ignorans,</strong></span> <span class='ocrx_word' id='word_1_422' title='bbox 2258 3057 2352 3128; x_wconf 91' lang='lat' dir='ltr'><strong>qui</strong></span> <span class='ocrx_word' id='word_1_423' title='bbox 2402 3054 2687 3110; x_wconf 87' lang='lat' dir='ltr'><strong>hominum</strong></span> <span class='ocrx_word' id='word_1_424' title='bbox 2720 3059 2972 3121; x_wconf 79' lang='lat' dir='ltr'><strong>penetrat</strong></span> <span class='ocrx_word' id='word_1_425' title='bbox 3019 3046 3408 3118; x_wconf 78' lang='lat' dir='ltr'><strong>cogitationes,</strong></span> <span class='ocrx_word' id='word_1_426' title='bbox 3431 3042 3529 3097; x_wconf 85' lang='lat' dir='ltr'><strong>sed</strong></span> 
     </span>
     <span class='ocr_line' id='line_1_61' title="bbox 2025 3134 3526 3158; baseline 0.001 0"><span class='ocrx_word' id='word_1_427' title='bbox 2025 3153 2037 3158; x_wconf 82' lang='grc'><strong>-</strong></span> <span class='ocrx_word' id='word_1_428' title='bbox 2365 3148 2379 3158; x_wconf 78' lang='grc' dir='ltr'>ι</span> <span class='ocrx_word' id='word_1_429' title='bbox 2443 3147 2465 3158; x_wconf 77' lang='grc' dir='ltr'><strong>ιι</strong></span> <span class='ocrx_word' id='word_1_430' title='bbox 2555 3144 2610 3158; x_wconf 74' lang='grc' dir='ltr'><strong>ον</strong></span> <span class='ocrx_word' id='word_1_431' title='bbox 2778 3141 2873 3158; x_wconf 25' lang='grc' dir='ltr'><strong>γοι-</strong></span> <span class='ocrx_word' id='word_1_432' title='bbox 2907 3140 3239 3158; x_wconf 31' lang='grc' dir='ltr'><strong>Α,;ι,,,ν-.,-</strong></span> <span class='ocrx_word' id='word_1_433' title='bbox 3275 3134 3526 3158; x_wconf 67' lang='lat' dir='ltr'><strong>n.a---:.....</strong></span> 
     </span>
    </p>
   </div>
   <div class='ocr_carea' id='block_1_61' title="bbox 236 3152 1830 3233">
    <p class='ocr_par' dir='ltr' id='par_1_61' title="bbox 236 3152 1830 3233">
     <span class='ocr_line' id='line_1_62' title="bbox 236 3152 1830 3233; baseline -0.003 -20"><span class='ocrx_word' id='word_1_434' title='bbox 236 3164 563 3233; x_wconf 71' lang='grc' dir='ltr'><strong>ἐρωτήσεως</strong></span> <span class='ocrx_word' id='word_1_435' title='bbox 588 3159 943 3227; x_wconf 83' lang='grc' dir='ltr'><strong>οίκειώσηται</strong></span> <span class='ocrx_word' id='word_1_436' title='bbox 969 3157 1217 3218; x_wconf 74' lang='grc' dir='ltr'><strong>τούτους,</strong></span> <span class='ocrx_word' id='word_1_437' title='bbox 1236 3152 1338 3208; x_wconf 59' lang='grc' dir='ltr'><strong>καὶ</strong></span> <span class='ocrx_word' id='word_1_438' title='bbox 1390 3157 1648 3228; x_wconf 78' lang='grc' dir='ltr'><strong>παράσχῃ</strong></span> <span class='ocrx_word' id='word_1_439' title='bbox 1695 3156 1830 3228; x_wconf 85' lang='grc' dir='ltr'><strong>0αρ-</strong></span> 
     </span>
    </p>
   </div>
   <div class='ocr_carea' id='block_1_62' title="bbox 241 3246 1832 3325">
    <p class='ocr_par' dir='ltr' id='par_1_62' title="bbox 241 3246 1832 3325">
     <span class='ocr_line' id='line_1_63' title="bbox 241 3246 1832 3325; baseline -0.003 -19"><span class='ocrx_word' id='word_1_440' title='bbox 241 3257 377 3325; x_wconf 72' lang='grc' dir='ltr'><strong>ρεῖν.</strong></span> <span class='ocrx_word' id='word_1_441' title='bbox 410 3253 571 3316; x_wconf 75' lang='grc' dir='ltr'><strong>Εἰκὸς</strong></span> <span class='ocrx_word' id='word_1_442' title='bbox 604 3251 716 3320; x_wconf 80' lang='grc' dir='ltr'><strong>γὰρ</strong></span> <span class='ocrx_word' id='word_1_443' title='bbox 778 3250 978 3311; x_wconf 75' lang='grc' dir='ltr'><strong>αὐτοὺς</strong></span> <span class='ocrx_word' id='word_1_444' title='bbox 1028 3246 1292 3318; x_wconf 74' lang='grc' dir='ltr'><strong>ὲρυθριᾷν</strong></span> <span class='ocrx_word' id='word_1_445' title='bbox 1336 3247 1438 3311; x_wconf 76' lang='grc' dir='ltr'><strong>ἔτι,</strong></span> <span class='ocrx_word' id='word_1_446' title='bbox 1464 3249 1559 3300; x_wconf 74' lang='grc' dir='ltr'><strong>καὶ</strong></span> <span class='ocrx_word' id='word_1_447' title='bbox 1587 3251 1832 3320; x_wconf 79' lang='grc' dir='ltr'><strong>ἀγωνιᾷν</strong></span> 
     </span>
    </p>
   </div>
   <div class='ocr_carea' id='block_1_63' title="bbox 233 3346 604 3414">
    <p class='ocr_par' dir='ltr' id='par_1_63' title="bbox 233 3346 604 3414">
     <span class='ocr_line' id='line_1_64' title="bbox 233 3346 604 3414; baseline 0.003 -14"><span class='ocrx_word' id='word_1_448' title='bbox 233 3349 311 3411; x_wconf 76' lang='grc' dir='ltr'><strong>ὡς</strong></span> <span class='ocrx_word' id='word_1_449' title='bbox 336 3346 604 3414; x_wconf 82' lang='grc' dir='ltr'><strong>ἀγνῶτας.</strong></span> 
     </span>
    </p>
   </div>
   <div class='ocr_carea' id='block_1_64' title="bbox 313 3433 1831 3509">
    <p class='ocr_par' dir='ltr' id='par_1_64' title="bbox 313 3433 1831 3509">
     <span class='ocr_line' id='line_1_65' title="bbox 313 3433 1831 3509; baseline 0 -20"><span class='ocrx_word' id='word_1_450' title='bbox 313 3433 476 3489; x_wconf 73' lang='grc' dir='ltr'><strong>01δέ</strong></span> <span class='ocrx_word' id='word_1_451' title='bbox 507 3465 574 3475; x_wconf 85' lang='lat'><strong>-—</strong></span> <span class='ocrx_word' id='word_1_452' title='bbox 611 3435 839 3506; x_wconf 58' lang='grc' dir='ltr'><strong>μένεις</strong></span> <span class='ocrx_word' id='word_1_453' title='bbox 891 3439 1075 3506; x_wconf 83' lang='grc' dir='ltr'><strong>Μήπω</strong></span> <span class='ocrx_word' id='word_1_454' title='bbox 1118 3437 1290 3509; x_wconf 79' lang='grc' dir='ltr'><strong>μηδὲν</strong></span> <span class='ocrx_word' id='word_1_455' title='bbox 1334 3435 1463 3508; x_wconf 84' lang='grc' dir='ltr'><strong>παρ’</strong></span> <span class='ocrx_word' id='word_1_456' title='bbox 1509 3436 1675 3490; x_wconf 80' lang='grc' dir='ltr'><strong>αὐτοῦ</strong></span> <span class='ocrx_word' id='word_1_457' title='bbox 1731 3455 1831 3506; x_wconf 67' lang='grc' dir='ltr'><strong>μας</strong></span> 
     </span>
    </p>
   </div>
   <div class='ocr_carea' id='block_1_65' title="bbox 240 3527 1831 3598">
    <p class='ocr_par' dir='ltr' id='par_1_65' title="bbox 240 3527 1831 3598">
     <span class='ocr_line' id='line_1_66' title="bbox 240 3527 1831 3598; baseline 0.003 -21"><span class='ocrx_word' id='word_1_458' title='bbox 240 3527 448 3590; x_wconf 74' lang='grc' dir='ltr'><strong>ϐάντες,</strong></span> <span class='ocrx_word' id='word_1_459' title='bbox 486 3527 804 3580; x_wconf 68' lang='grc' dir='ltr'><strong>διδάσκαλον</strong></span> <span class='ocrx_word' id='word_1_460' title='bbox 838 3528 1001 3582; x_wconf 79' lang='grc' dir='ltr'><strong>αὐτὸν</strong></span> <span class='ocrx_word' id='word_1_461' title='bbox 1040 3527 1395 3598; x_wconf 77' lang='grc' dir='ltr'><strong>ὀνομάζουσι,</strong></span> <span class='ocrx_word' id='word_1_462' title='bbox 1427 3528 1529 3597; x_wconf 82' lang='grc' dir='ltr'><strong>τὴν</strong></span> <span class='ocrx_word' id='word_1_463' title='bbox 1559 3530 1743 3581; x_wconf 73' lang='grc' dir='ltr'><strong>αἰτίαν</strong></span> <span class='ocrx_word' id='word_1_464' title='bbox 1773 3545 1831 3581; x_wconf 87' lang='grc' dir='ltr'><strong>τε</strong></span> 
     </span>
    </p>
   </div>
   <div class='ocr_carea' id='block_1_66' title="bbox 237 3615 1832 3690">
    <p class='ocr_par' dir='ltr' id='par_1_66' title="bbox 237 3615 1832 3690">
     <span class='ocr_line' id='line_1_67' title="bbox 237 3615 1832 3690; baseline 0.003 -21"><span class='ocrx_word' id='word_1_465' title='bbox 237 3619 308 3671; x_wconf 80' lang='grc' dir='ltr'><strong>δι’</strong></span> <span class='ocrx_word' id='word_1_466' title='bbox 340 3620 406 3689; x_wconf 73' lang='grc' dir='ltr'><strong>ἣν</strong></span> <span class='ocrx_word' id='word_1_467' title='bbox 442 3615 626 3688; x_wconf 69' lang='grc' dir='ltr'><strong>ἦλθον,</strong></span> <span class='ocrx_word' id='word_1_468' title='bbox 646 3619 938 3689; x_wconf 74' lang='grc' dir='ltr'><strong>δηλοῦντες</strong></span> <span class='ocrx_word' id='word_1_469' title='bbox 959 3619 1242 3683; x_wconf 65' lang='grc' dir='ltr'><strong>ἐντεῦθεν,</strong></span> <span class='ocrx_word' id='word_1_470' title='bbox 1272 3621 1356 3674; x_wconf 82' lang='grc' dir='ltr'><strong>ὅτι</strong></span> <span class='ocrx_word' id='word_1_471' title='bbox 1386 3621 1754 3690; x_wconf 76' lang='grc' dir='ltr'><strong>ἀκουσόμενοί</strong></span> <span class='ocrx_word' id='word_1_472' title='bbox 1777 3639 1832 3674; x_wconf 86' lang='grc' dir='ltr'><strong>τι</strong></span> 
     </span>
    </p>
   </div>
   <div class='ocr_carea' id='block_1_67' title="bbox 239 3710 1830 3781">
    <p class='ocr_par' dir='ltr' id='par_1_67' title="bbox 239 3710 1830 3781">
     <span class='ocr_line' id='line_1_68' title="bbox 239 3710 1830 3781; baseline 0.003 -19"><span class='ocrx_word' id='word_1_473' title='bbox 239 3710 350 3762; x_wconf 79' lang='grc' dir='ltr'><strong>τῶν</strong></span> <span class='ocrx_word' id='word_1_474' title='bbox 373 3728 474 3779; x_wconf 81' lang='grc' dir='ltr'><strong>χρη</strong></span> <span class='ocrx_word' id='word_1_475' title='bbox 485 3710 534 3761; x_wconf 77' lang='grc' dir='ltr'><strong>τί</strong></span> <span class='ocrx_word' id='word_1_476' title='bbox 543 3728 680 3778; x_wconf 78' lang='grc' dir='ltr'><strong>μων,</strong></span> <span class='ocrx_word' id='word_1_477' title='bbox 701 3712 792 3763; x_wconf 80' lang='grc' dir='ltr'>καί</span> <span class='ocrx_word' id='word_1_478' title='bbox 814 3711 892 3775; x_wconf 81' lang='grc' dir='ltr'><strong>είς</strong></span> <span class='ocrx_word' id='word_1_479' title='bbox 927 3711 1178 3781; x_wconf 74' lang='grc' dir='ltr'><strong>μαθητὰς</strong></span> <span class='ocrx_word' id='word_1_480' title='bbox 1198 3711 1553 3774; x_wconf 71' lang='grc' dir='ltr'><strong>είσωθοῦντες</strong></span> <span class='ocrx_word' id='word_1_481' title='bbox 1581 3714 1830 3776; x_wconf 80' lang='grc' dir='ltr'><strong>ἑαυτούς.</strong></span> 
     </span>
    </p>
   </div>
   <div class='ocr_carea' id='block_1_68' title="bbox 243 3803 1834 3876">
    <p class='ocr_par' dir='ltr' id='par_1_68' title="bbox 243 3803 1834 3876">
     <span class='ocr_line' id='line_1_69' title="bbox 243 3803 1834 3876; baseline 0.004 -21"><span class='ocrx_word' id='word_1_482' title='bbox 243 3803 476 3869; x_wconf 74' lang='grc' dir='ltr'><strong>Λέγουσι</strong></span> <span class='ocrx_word' id='word_1_483' title='bbox 511 3803 586 3866; x_wconf 74' lang='grc' dir='ltr'><strong>δὲ,</strong></span> <span class='ocrx_word' id='word_1_484' title='bbox 623 3804 747 3857; x_wconf 86' lang='grc' dir='ltr'><strong>Ποῦ</strong></span> <span class='ocrx_word' id='word_1_485' title='bbox 773 3803 1002 3874; x_wconf 53' lang='lat' dir='ltr'><strong>lteram;</strong></span> <span class='ocrx_word' id='word_1_486' title='bbox 1024 3803 1342 3876; x_wconf 76' lang='grc' dir='ltr'><strong>βουλόμενοι</strong></span> <span class='ocrx_word' id='word_1_487' title='bbox 1377 3806 1518 3861; x_wconf 77' lang='grc' dir='ltr'><strong>κατὰ</strong></span> <span class='ocrx_word' id='word_1_488' title='bbox 1553 3806 1723 3876; x_wconf 86' lang='grc' dir='ltr'><strong>μόνας</strong></span> <span class='ocrx_word' id='word_1_489' title='bbox 1749 3809 1834 3862; x_wconf 78' lang='grc' dir='ltr'><strong>ἐν·</strong></span> 
     </span>
    </p>
   </div>
   <div class='ocr_carea' id='block_1_69' title="bbox 243 3893 1190 3966">
    <p class='ocr_par' dir='ltr' id='par_1_69' title="bbox 243 3893 1190 3966">
     <span class='ocr_line' id='line_1_70' title="bbox 243 3893 1190 3966; baseline 0.004 -21"><span class='ocrx_word' id='word_1_490' title='bbox 243 3897 432 3964; x_wconf 71' lang='grc' dir='ltr'><strong>τυχεῖν</strong></span> <span class='ocrx_word' id='word_1_491' title='bbox 473 3893 623 3964; x_wconf 80' lang='grc' dir='ltr'><strong>αὐτῷ</strong></span> <span class='ocrx_word' id='word_1_492' title='bbox 651 3896 746 3948; x_wconf 73' lang='grc' dir='ltr'><strong>καὶ</strong></span> <span class='ocrx_word' id='word_1_493' title='bbox 781 3895 903 3965; x_wconf 77' lang='grc' dir='ltr'><strong>μεθ’</strong></span> <span class='ocrx_word' id='word_1_494' title='bbox 934 3895 1190 3966; x_wconf 79' lang='grc' dir='ltr'><strong>ἡσυχίας.</strong></span> 
     </span>
    </p>
   </div>
   <div class='ocr_carea' id='block_1_70' title="bbox 317 4073 1833 4147">
    <p class='ocr_par' dir='ltr' id='par_1_70' title="bbox 317 4073 1833 4147">
     <span class='ocr_line' id='line_1_71' title="bbox 317 4073 1833 4147; baseline -0.001 -17"><span class='ocrx_word' id='word_1_495' title='bbox 317 4073 486 4144; x_wconf 78' lang='grc' dir='ltr'><strong>Λέγει</strong></span> <span class='ocrx_word' id='word_1_496' title='bbox 516 4107 579 4117; x_wconf 90' lang='lat'><strong>--</strong></span> <span class='ocrx_word' id='word_1_497' title='bbox 614 4076 792 4130; x_wconf 80' lang='grc' dir='ltr'><strong>ιόετε.</strong></span> <span class='ocrx_word' id='word_1_498' title='bbox 823 4076 899 4129; x_wconf 80' lang='grc' dir='ltr'><strong>Οὐ</strong></span> <span class='ocrx_word' id='word_1_499' title='bbox 931 4075 1084 4144; x_wconf 75' lang='grc' dir='ltr'><strong>λέγει</strong></span> <span class='ocrx_word' id='word_1_500' title='bbox 1111 4077 1179 4128; x_wconf 80' lang='grc' dir='ltr'><strong>τὰ</strong></span> <span class='ocrx_word' id='word_1_501' title='bbox 1210 4076 1466 4147; x_wconf 83' lang='grc' dir='ltr'>σύσσημα</span> <span class='ocrx_word' id='word_1_502' title='bbox 1503 4077 1602 4146; x_wconf 83' lang='grc' dir='ltr'><strong>τῆς</strong></span> <span class='ocrx_word' id='word_1_503' title='bbox 1633 4077 1833 4143; x_wconf 78' lang='grc' dir='ltr'><strong>οἰκίας,</strong></span> 
     </span>
    </p>
   </div>
   <div class='ocr_carea' id='block_1_71' title="bbox 247 4168 1834 4240">
    <p class='ocr_par' dir='ltr' id='par_1_71' title="bbox 247 4168 1834 4240">
     <span class='ocr_line' id='line_1_72' title="bbox 247 4168 1834 4240; baseline -0.001 -15"><span class='ocrx_word' id='word_1_504' title='bbox 247 4169 420 4225; x_wconf 82' lang='grc' dir='ltr'><strong>θέλων</strong></span> <span class='ocrx_word' id='word_1_505' title='bbox 436 4170 636 4232; x_wconf 72' lang='grc' dir='ltr'><strong>αὐτοὺς</strong></span> <span class='ocrx_word' id='word_1_506' title='bbox 658 4168 1002 4234; x_wconf 79' lang='grc' dir='ltr'><strong>ἀκολουθεῖν,</strong></span> <span class='ocrx_word' id='word_1_507' title='bbox 1031 4169 1117 4222; x_wconf 82' lang='grc' dir='ltr'><strong>ἴνα</strong></span> <span class='ocrx_word' id='word_1_508' title='bbox 1141 4170 1236 4222; x_wconf 66' lang='grc' dir='ltr'><strong>καὶ</strong></span> <span class='ocrx_word' id='word_1_509' title='bbox 1261 4169 1424 4222; x_wconf 75' lang='grc' dir='ltr'><strong>πλέον</strong></span> <span class='ocrx_word' id='word_1_510' title='bbox 1456 4168 1834 4240; x_wconf 63' lang='grc' dir='ltr'><strong>θαρρήσωσιν.</strong></span> 
     </span>
    </p>
   </div>
   <div class='ocr_carea' id='block_1_72' title="bbox 316 4343 1834 4423">
    <p class='ocr_par' dir='ltr' id='par_1_72' title="bbox 316 4343 1834 4423">
     <span class='ocr_line' id='line_1_73' title="bbox 316 4343 1834 4423; baseline -0.001 -19"><span class='ocrx_word' id='word_1_511' title='bbox 316 4343 641 4405; x_wconf 75' lang='grc' dir='ltr'><strong>Ἶιλθον-</strong></span> <span class='ocrx_word' id='word_1_512' title='bbox 687 4351 930 4418; x_wconf 81' lang='grc' dir='ltr'><strong>δεκάτη.</strong></span> <span class='ocrx_word' id='word_1_513' title='bbox 1001 4351 1454 4422; x_wconf 82' lang='grc' dir='ltr'><strong>Ἐπισημαίνεται</strong></span> <span class='ocrx_word' id='word_1_514' title='bbox 1512 4352 1613 4421; x_wconf 83' lang='grc' dir='ltr'><strong>τὴν</strong></span> <span class='ocrx_word' id='word_1_515' title='bbox 1668 4352 1834 4423; x_wconf 82' lang='grc' dir='ltr'><strong>ὥραν,</strong></span> 
     </span>
    </p>
   </div>
   <div class='ocr_carea' id='block_1_73' title="bbox 1936 3134 3527 3219">
    <p class='ocr_par' dir='ltr' id='par_1_73' title="bbox 1936 3134 3527 3219">
     <span class='ocr_line' id='line_1_74' title="bbox 1936 3134 3527 3219; baseline -0.013 -12"><span class='ocrx_word' id='word_1_516' title='bbox 1936 3161 1996 3207; x_wconf 85' lang='grc' dir='ltr'><strong>ιιι</strong></span> <span class='ocrx_word' id='word_1_517' title='bbox 2025 3148 2418 3219; x_wconf 78' lang='lat' dir='ltr'><strong>interrOgando</strong></span> <span class='ocrx_word' id='word_1_518' title='bbox 2442 3144 2742 3199; x_wconf 78' lang='lat' dir='ltr'><strong>familiares</strong></span> <span class='ocrx_word' id='word_1_519' title='bbox 2770 3141 2875 3195; x_wconf 88' lang='lat' dir='ltr'><strong>sibi</strong></span> <span class='ocrx_word' id='word_1_520' title='bbox 2905 3140 3242 3194; x_wconf 86' lang='lat' dir='ltr'><strong>redderetac</strong></span> <span class='ocrx_word' id='word_1_521' title='bbox 3274 3134 3527 3190; x_wconf 89' lang='lat' dir='ltr'><strong>ﬁduciam</strong></span> 
     </span>
    </p>
   </div>
   <div class='ocr_carea' id='block_1_74' title="bbox 1934 3227 3526 3301">
    <p class='ocr_par' dir='ltr' id='par_1_74' title="bbox 1934 3227 3526 3301">
     <span class='ocr_line' id='line_1_75' title="bbox 1934 3227 3526 3301; baseline -0.012 -3"><span class='ocrx_word' id='word_1_522' title='bbox 1934 3245 2109 3300; x_wconf 92' lang='lat' dir='ltr'><strong>daret.</strong></span> <span class='ocrx_word' id='word_1_523' title='bbox 2175 3237 2480 3295; x_wconf 75' lang='lat' dir='ltr'><strong>Verisimile</strong></span> <span class='ocrx_word' id='word_1_524' title='bbox 2536 3245 2623 3291; x_wconf 88' lang='lat' dir='ltr'><strong>est</strong></span> <span class='ocrx_word' id='word_1_525' title='bbox 2673 3233 2845 3296; x_wconf 88' lang='lat' dir='ltr'><strong>enim,</strong></span> <span class='ocrx_word' id='word_1_526' title='bbox 2900 3230 3048 3301; x_wconf 90' lang='lat' dir='ltr'><strong>quod</strong></span> <span class='ocrx_word' id='word_1_527' title='bbox 3107 3227 3526 3287; x_wconf 89' lang='lat' dir='ltr'><strong>erubescebant.</strong></span> 
     </span>
    </p>
   </div>
   <div class='ocr_carea' id='block_1_75' title="bbox 1935 3326 2796 3404">
    <p class='ocr_par' dir='ltr' id='par_1_75' title="bbox 1935 3326 2796 3404">
     <span class='ocr_line' id='line_1_76' title="bbox 1935 3326 2796 3404; baseline -0.014 -14"><span class='ocrx_word' id='word_1_528' title='bbox 1935 3347 1991 3390; x_wconf 89' lang='lat' dir='ltr'><strong>et</strong></span> <span class='ocrx_word' id='word_1_529' title='bbox 2013 3335 2166 3404; x_wconf 87' lang='lat' dir='ltr'><strong>quasi</strong></span> <span class='ocrx_word' id='word_1_530' title='bbox 2198 3330 2368 3402; x_wconf 71' lang='lat' dir='ltr'><strong>ignoti</strong></span> <span class='ocrx_word' id='word_1_531' title='bbox 2401 3326 2796 3383; x_wconf 77' lang='lat' dir='ltr'><strong>formidabant.</strong></span> 
     </span>
    </p>
   </div>
   <div class='ocr_carea' id='block_1_76' title="bbox 2008 3408 3527 3481">
    <p class='ocr_par' dir='ltr' id='par_1_76' title="bbox 2008 3408 3527 3481">
     <span class='ocr_line' id='line_1_77' title="bbox 2008 3408 3527 3481; baseline -0.013 1"><span class='ocrx_word' id='word_1_532' title='bbox 2008 3427 2163 3481; x_wconf 87' lang='lat' dir='ltr'><strong>Vers.</strong></span> <span class='ocrx_word' id='word_1_533' title='bbox 2205 3423 2295 3477; x_wconf 77' lang='lat'><strong>39.</strong></span> <span class='ocrx_word' id='word_1_534' title='bbox 2331 3421 2397 3474; x_wconf 77' lang='lat' dir='ltr'><strong>At</strong></span> <span class='ocrx_word' id='word_1_535' title='bbox 2437 3419 2518 3473; x_wconf 84' lang='lat' dir='ltr'><strong>illi</strong></span> <span class='ocrx_word' id='word_1_536' title='bbox 2546 3447 2616 3458; x_wconf 91' lang='lat'><strong>—-</strong></span> <span class='ocrx_word' id='word_1_537' title='bbox 2648 3415 2905 3469; x_wconf 73' lang='lat' dir='ltr'><strong>habitas?</strong></span> <span class='ocrx_word' id='word_1_538' title='bbox 2935 3412 3071 3471; x_wconf 85' lang='lat' dir='ltr'><strong>Cum</strong></span> <span class='ocrx_word' id='word_1_539' title='bbox 3098 3409 3341 3465; x_wconf 79' lang='lat' dir='ltr'><strong>nondum</strong></span> <span class='ocrx_word' id='word_1_540' title='bbox 3365 3408 3433 3463; x_wconf 90' lang='lat' dir='ltr'><strong>ab</strong></span> <span class='ocrx_word' id='word_1_541' title='bbox 3459 3423 3527 3462; x_wconf 90' lang='lat' dir='ltr'><strong>eo</strong></span> 
     </span>
    </p>
   </div>
   <div class='ocr_carea' id='block_1_77' title="bbox 1935 3506 3526 3589">
    <p class='ocr_par' dir='ltr' id='par_1_77' title="bbox 1935 3506 3526 3589">
     <span class='ocr_line' id='line_1_78' title="bbox 1935 3506 3526 3589; baseline -0.014 -16"><span class='ocrx_word' id='word_1_542' title='bbox 1935 3519 2235 3589; x_wconf 85' lang='lat' dir='ltr'><strong>quidquam</strong></span> <span class='ocrx_word' id='word_1_543' title='bbox 2256 3513 2562 3575; x_wconf 87' lang='lat' dir='ltr'><strong>audissent,</strong></span> <span class='ocrx_word' id='word_1_544' title='bbox 2608 3508 2930 3579; x_wconf 82' lang='lat' dir='ltr'><strong>magistrum</strong></span> <span class='ocrx_word' id='word_1_545' title='bbox 2969 3506 3086 3559; x_wconf 83' lang='lat' dir='ltr'><strong>sive</strong></span> <span class='ocrx_word' id='word_1_546' title='bbox 3139 3510 3526 3572; x_wconf 70' lang='lat' dir='ltr'><strong>prmeeptorem</strong></span> 
     </span>
    </p>
   </div>
   <div class='ocr_carea' id='block_1_78' title="bbox 1937 3597 3528 3675">
    <p class='ocr_par' dir='ltr' id='par_1_78' title="bbox 1937 3597 3528 3675">
     <span class='ocr_line' id='line_1_79' title="bbox 1937 3597 3528 3675; baseline -0.012 -13"><span class='ocrx_word' id='word_1_547' title='bbox 1937 3622 2062 3662; x_wconf 87' lang='lat' dir='ltr'><strong>eum</strong></span> <span class='ocrx_word' id='word_1_548' title='bbox 2100 3603 2381 3675; x_wconf 89' lang='lat' dir='ltr'><strong>appellant</strong></span> <span class='ocrx_word' id='word_1_549' title='bbox 2412 3618 2428 3654; x_wconf 88' lang='lat'><strong>:</strong></span> <span class='ocrx_word' id='word_1_550' title='bbox 2460 3609 2625 3669; x_wconf 91' lang='lat' dir='ltr'><strong>atque</strong></span> <span class='ocrx_word' id='word_1_551' title='bbox 2657 3597 2788 3651; x_wconf 90' lang='lat' dir='ltr'><strong>hinc</strong></span> <span class='ocrx_word' id='word_1_552' title='bbox 2828 3610 3054 3650; x_wconf 82' lang='lat' dir='ltr'><strong>causam</strong></span> <span class='ocrx_word' id='word_1_553' title='bbox 3096 3608 3196 3647; x_wconf 90' lang='lat' dir='ltr'><strong>cur</strong></span> <span class='ocrx_word' id='word_1_554' title='bbox 3230 3604 3528 3660; x_wconf 83' lang='lat' dir='ltr'><strong>sequeren-</strong></span> 
     </span>
    </p>
   </div>
   <div class='ocr_carea' id='block_1_79' title="bbox 1939 3681 3531 3759">
    <p class='ocr_par' dir='ltr' id='par_1_79' title="bbox 1939 3681 3531 3759">
     <span class='ocr_line' id='line_1_80' title="bbox 1939 3681 3531 3759; baseline -0.014 -3"><span class='ocrx_word' id='word_1_555' title='bbox 1939 3710 2029 3756; x_wconf 85' lang='lat' dir='ltr'><strong>tur</strong></span> <span class='ocrx_word' id='word_1_556' title='bbox 2067 3696 2444 3759; x_wconf 82' lang='lat' dir='ltr'><strong>manifestam,</strong></span> <span class='ocrx_word' id='word_1_557' title='bbox 2477 3691 2735 3748; x_wconf 81' lang='lat' dir='ltr'><strong>videlicet</strong></span> <span class='ocrx_word' id='word_1_558' title='bbox 2762 3698 2822 3743; x_wconf 86' lang='lat' dir='ltr'><strong>ut</strong></span> <span class='ocrx_word' id='word_1_559' title='bbox 2849 3702 2969 3757; x_wconf 68' lang='lat' dir='ltr'><strong>qua:</strong></span> <span class='ocrx_word' id='word_1_560' title='bbox 3030 3685 3210 3740; x_wconf 86' lang='lat' dir='ltr'><strong>forent</strong></span> <span class='ocrx_word' id='word_1_561' title='bbox 3254 3681 3404 3737; x_wconf 88' lang='lat' dir='ltr'><strong>utilia</strong></span> <span class='ocrx_word' id='word_1_562' title='bbox 3433 3698 3531 3735; x_wconf 88' lang='lat' dir='ltr'><strong>au-</strong></span> 
     </span>
    </p>
   </div>
   <div class='ocr_carea' id='block_1_80' title="bbox 1937 3772 3532 3857">
    <p class='ocr_par' dir='ltr' id='par_1_80' title="bbox 1937 3772 3532 3857">
     <span class='ocr_line' id='line_1_81' title="bbox 1937 3772 3532 3857; baseline -0.014 -9"><span class='ocrx_word' id='word_1_563' title='bbox 1937 3794 2142 3857; x_wconf 88' lang='lat' dir='ltr'><strong>dirent,</strong></span> <span class='ocrx_word' id='word_1_564' title='bbox 2177 3799 2346 3857; x_wconf 90' lang='lat' dir='ltr'><strong>utque</strong></span> <span class='ocrx_word' id='word_1_565' title='bbox 2370 3800 2494 3841; x_wconf 89' lang='lat' dir='ltr'><strong>sese</strong></span> <span class='ocrx_word' id='word_1_566' title='bbox 2523 3786 2578 3838; x_wconf 90' lang='lat' dir='ltr'><strong>in</strong></span> <span class='ocrx_word' id='word_1_567' title='bbox 2608 3778 2915 3850; x_wconf 90' lang='lat' dir='ltr'><strong>discipulos</strong></span> <span class='ocrx_word' id='word_1_568' title='bbox 2951 3777 3297 3846; x_wconf 77' lang='lat' dir='ltr'><strong>ingererent.</strong></span> <span class='ocrx_word' id='word_1_569' title='bbox 3329 3772 3532 3828; x_wconf 82' lang='lat' dir='ltr'><strong>Dicunt</strong></span> 
     </span>
    </p>
   </div>
   <div class='ocr_carea' id='block_1_81' title="bbox 1938 3865 3532 3940">
    <p class='ocr_par' dir='ltr' id='par_1_81' title="bbox 1938 3865 3532 3940">
     <span class='ocr_line' id='line_1_82' title="bbox 1938 3865 3532 3940; baseline -0.014 0"><span class='ocrx_word' id='word_1_570' title='bbox 1938 3894 2120 3940; x_wconf 85' lang='lat' dir='ltr'><strong>autem</strong></span> <span class='ocrx_word' id='word_1_571' title='bbox 2155 3897 2168 3934; x_wconf 89' lang='lat'><strong>:</strong></span> <span class='ocrx_word' id='word_1_572' title='bbox 2195 3881 2288 3937; x_wconf 86' lang='lat' dir='ltr'><strong>Ubi</strong></span> <span class='ocrx_word' id='word_1_573' title='bbox 2319 3878 2527 3932; x_wconf 72' lang='lat' dir='ltr'><strong>habitas</strong></span> <span class='ocrx_word' id='word_1_574' title='bbox 2558 3874 2584 3929; x_wconf 79' lang='lat'><strong>.’</strong></span> <span class='ocrx_word' id='word_1_575' title='bbox 2625 3872 2872 3928; x_wconf 87' lang='lat' dir='ltr'><strong>volentes</strong></span> <span class='ocrx_word' id='word_1_576' title='bbox 2893 3867 3104 3924; x_wconf 88' lang='lat' dir='ltr'><strong>diutius</strong></span> <span class='ocrx_word' id='word_1_577' title='bbox 3149 3875 3205 3922; x_wconf 87' lang='lat' dir='ltr'><strong>et</strong></span> <span class='ocrx_word' id='word_1_578' title='bbox 3235 3865 3290 3919; x_wconf 93' lang='lat' dir='ltr'><strong>in</strong></span> <span class='ocrx_word' id='word_1_579' title='bbox 3344 3865 3532 3935; x_wconf 85' lang='lat' dir='ltr'><strong>quiete</strong></span> 
     </span>
    </p>
   </div>
   <div class='ocr_carea' id='block_1_82' title="bbox 1939 3969 2531 4032">
    <p class='ocr_par' dir='ltr' id='par_1_82' title="bbox 1939 3969 2531 4032">
     <span class='ocr_line' id='line_1_83' title="bbox 1939 3969 2531 4032; baseline -0.017 0"><span class='ocrx_word' id='word_1_580' title='bbox 1939 3992 2063 4032; x_wconf 89' lang='lat' dir='ltr'><strong>cum</strong></span> <span class='ocrx_word' id='word_1_581' title='bbox 2093 3989 2161 4030; x_wconf 89' lang='lat' dir='ltr'><strong>eo</strong></span> <span class='ocrx_word' id='word_1_582' title='bbox 2189 3969 2531 4028; x_wconf 87' lang='lat' dir='ltr'><strong>conversari.</strong></span> 
     </span>
    </p>
   </div>
   <div class='ocr_carea' id='block_1_83' title="bbox 2014 4048 3537 4123">
    <p class='ocr_par' dir='ltr' id='par_1_83' title="bbox 2014 4048 3537 4123">
     <span class='ocr_line' id='line_1_84' title="bbox 2014 4048 3537 4123; baseline -0.014 0"><span class='ocrx_word' id='word_1_583' title='bbox 2014 4067 2174 4123; x_wconf 78' lang='lat' dir='ltr'><strong>Vers.</strong></span> <span class='ocrx_word' id='word_1_584' title='bbox 2212 4066 2302 4120; x_wconf 72' lang='grc' dir='ltr'><strong>ιο.</strong></span> <span class='ocrx_word' id='word_1_585' title='bbox 2353 4062 2494 4117; x_wconf 80' lang='lat' dir='ltr'><strong>Dicit</strong></span> <span class='ocrx_word' id='word_1_586' title='bbox 2528 4089 2595 4102; x_wconf 85' lang='lat'><em>--</em></span> <span class='ocrx_word' id='word_1_587' title='bbox 2624 4059 2815 4112; x_wconf 78' lang='lat' dir='ltr'><strong>videte.</strong></span> <span class='ocrx_word' id='word_1_588' title='bbox 2875 4054 2994 4110; x_wconf 77' lang='lat' dir='ltr'><strong>Non</strong></span> <span class='ocrx_word' id='word_1_589' title='bbox 3025 4054 3119 4109; x_wconf 88' lang='lat' dir='ltr'><strong>dat</strong></span> <span class='ocrx_word' id='word_1_590' title='bbox 3177 4048 3537 4106; x_wconf 82' lang='lat' dir='ltr'><strong>habitationis</strong></span> 
     </span>
    </p>
   </div>
   <div class='ocr_carea' id='block_1_84' title="bbox 1941 4141 3526 4231">
    <p class='ocr_par' dir='ltr' id='par_1_84' title="bbox 1941 4141 3526 4231">
     <span class='ocr_line' id='line_1_85' title="bbox 1941 4141 3526 4231; baseline -0.014 -16"><span class='ocrx_word' id='word_1_591' title='bbox 1941 4162 2117 4231; x_wconf 75' lang='lat' dir='ltr'><strong>signa,</strong></span> <span class='ocrx_word' id='word_1_592' title='bbox 2169 4157 2359 4212; x_wconf 86' lang='lat' dir='ltr'><strong>volens</strong></span> <span class='ocrx_word' id='word_1_593' title='bbox 2411 4163 2471 4208; x_wconf 90' lang='lat' dir='ltr'><strong>ut</strong></span> <span class='ocrx_word' id='word_1_594' title='bbox 2503 4151 2578 4207; x_wconf 89' lang='lat' dir='ltr'><strong>illi</strong></span> <span class='ocrx_word' id='word_1_595' title='bbox 2635 4156 3022 4219; x_wconf 82' lang='lat' dir='ltr'><strong>sequerentur,</strong></span> <span class='ocrx_word' id='word_1_596' title='bbox 3086 4159 3200 4214; x_wconf 91' lang='lat' dir='ltr'><strong>quo</strong></span> <span class='ocrx_word' id='word_1_597' title='bbox 3260 4141 3526 4210; x_wconf 86' lang='lat' dir='ltr'><strong>majorem</strong></span> 
     </span>
    </p>
   </div>
   <div class='ocr_carea' id='block_1_85' title="bbox 1943 4246 2520 4307">
    <p class='ocr_par' dir='ltr' id='par_1_85' title="bbox 1943 4246 2520 4307">
     <span class='ocr_line' id='line_1_86' title="bbox 1943 4246 2520 4307; baseline -0.016 0"><span class='ocrx_word' id='word_1_598' title='bbox 1943 4252 2211 4307; x_wconf 84' lang='lat' dir='ltr'><strong>haberent</strong></span> <span class='ocrx_word' id='word_1_599' title='bbox 2243 4246 2520 4302; x_wconf 86' lang='lat' dir='ltr'><strong>ﬁduciam.</strong></span> 
     </span>
    </p>
   </div>
   <div class='ocr_carea' id='block_1_86' title="bbox 2018 4325 3534 4397">
    <p class='ocr_par' dir='ltr' id='par_1_86' title="bbox 2018 4325 3534 4397">
     <span class='ocr_line' id='line_1_87' title="bbox 2018 4325 3534 4397; baseline -0.015 1"><span class='ocrx_word' id='word_1_600' title='bbox 2018 4344 2173 4397; x_wconf 78' lang='lat' dir='ltr'><strong>V&#39;ers.</strong></span> <span class='ocrx_word' id='word_1_601' title='bbox 2205 4339 2296 4396; x_wconf 69' lang='grc'><strong>40.</strong></span> <span class='ocrx_word' id='word_1_602' title='bbox 2332 4338 2590 4392; x_wconf 78' lang='lat' dir='ltr'><strong>Venerunt</strong></span> <span class='ocrx_word' id='word_1_603' title='bbox 2615 4365 2684 4374; x_wconf 98' lang='lat'><strong>—</strong></span> <span class='ocrx_word' id='word_1_604' title='bbox 2713 4335 2942 4387; x_wconf 85' lang='lat' dir='ltr'><strong>decima.</strong></span> <span class='ocrx_word' id='word_1_605' title='bbox 3000 4327 3201 4382; x_wconf 80' lang='lat' dir='ltr'><strong>Horam</strong></span> <span class='ocrx_word' id='word_1_606' title='bbox 3241 4325 3534 4396; x_wconf 78' lang='lat' dir='ltr'><strong>signiﬁcat,</strong></span> 
     </span>
    </p>
   </div>
   <div class='ocr_carea' id='block_1_87' title="bbox 246 4417 1824 4511">
    <p class='ocr_par' dir='ltr' id='par_1_87' title="bbox 246 4442 1824 4511">
     <span class='ocr_line' id='line_1_88' title="bbox 246 4442 1824 4511; baseline 0.002 -18"><span class='ocrx_word' id='word_1_607' title='bbox 246 4443 616 4510; x_wconf 76' lang='grc' dir='ltr'><strong>είνιττόμενος</strong></span> <span class='ocrx_word' id='word_1_608' title='bbox 654 4443 861 4496; x_wconf 84' lang='grc' dir='ltr'><strong>τούτων</strong></span> <span class='ocrx_word' id='word_1_609' title='bbox 911 4459 970 4494; x_wconf 89' lang='grc' dir='ltr'><strong>τε</strong></span> <span class='ocrx_word' id='word_1_610' title='bbox 1010 4444 1071 4495; x_wconf 84' lang='grc' dir='ltr'><strong>τὸ</strong></span> <span class='ocrx_word' id='word_1_611' title='bbox 1104 4442 1422 4511; x_wconf 76' lang='grc' dir='ltr'><strong>φιλομαθὲς,</strong></span> <span class='ocrx_word' id='word_1_612' title='bbox 1463 4444 1721 4496; x_wconf 82' lang='grc' dir='ltr'><strong>κάκείνου</strong></span> <span class='ocrx_word' id='word_1_613' title='bbox 1777 4446 1824 4496; x_wconf 66' lang='grc' dir='ltr'><strong>τὲ</strong></span> 
     </span>
    </p>
   </div>
   <div class='ocr_carea' id='block_1_88' title="bbox 1929 4417 3534 4511">
    <p class='ocr_par' dir='ltr' id='par_1_88' title="bbox 1943 4417 3534 4498">
     <span class='ocr_line' id='line_1_89' title="bbox 1943 4417 3534 4498; baseline -0.013 -7"><span class='ocrx_word' id='word_1_614' title='bbox 1943 4448 2000 4494; x_wconf 78' lang='lat' dir='ltr'><strong>et</strong></span> <span class='ocrx_word' id='word_1_615' title='bbox 2033 4439 2085 4492; x_wconf 90' lang='lat' dir='ltr'><strong>in</strong></span> <span class='ocrx_word' id='word_1_616' title='bbox 2123 4436 2213 4492; x_wconf 85' lang='lat' dir='ltr'><strong>his</strong></span> <span class='ocrx_word' id='word_1_617' title='bbox 2253 4435 2495 4489; x_wconf 88' lang='lat' dir='ltr'><strong>innuens</strong></span> <span class='ocrx_word' id='word_1_618' title='bbox 2553 4427 2909 4498; x_wconf 82' lang='lat' dir='ltr'><strong>discipulatus</strong></span> <span class='ocrx_word' id='word_1_619' title='bbox 2972 4421 3335 4484; x_wconf 83' lang='lat' dir='ltr'><strong>desiderium,</strong></span> <span class='ocrx_word' id='word_1_620' title='bbox 3385 4426 3440 4473; x_wconf 89' lang='lat' dir='ltr'><strong>et</strong></span> <span class='ocrx_word' id='word_1_621' title='bbox 3480 4417 3534 4471; x_wconf 91' lang='lat' dir='ltr'><strong>in</strong></span> 
     </span>
    </p>
   </div>
   <div class='ocr_carea' id='block_1_89' title="bbox 246 4530 1830 4606">
    <p class='ocr_par' dir='ltr' id='par_1_89' title="bbox 246 4530 1830 4606">
     <span class='ocr_line' id='line_1_90' title="bbox 246 4530 1830 4606; baseline 0.003 -24"><span class='ocrx_word' id='word_1_622' title='bbox 246 4530 653 4600; x_wconf 66' lang='grc' dir='ltr'><strong>φιλάνθρωπον,</strong></span> <span class='ocrx_word' id='word_1_623' title='bbox 676 4534 757 4586; x_wconf 78' lang='grc' dir='ltr'><strong>ὅτι</strong></span> <span class='ocrx_word' id='word_1_624' title='bbox 788 4534 899 4586; x_wconf 73' lang='grc' dir='ltr'><strong>οὐδ’</strong></span> <span class='ocrx_word' id='word_1_625' title='bbox 929 4534 1038 4587; x_wconf 80' lang='grc' dir='ltr'><strong>ὑπὸ</strong></span> <span class='ocrx_word' id='word_1_626' title='bbox 1082 4538 1182 4605; x_wconf 82' lang='grc' dir='ltr'><strong>τῆς</strong></span> <span class='ocrx_word' id='word_1_627' title='bbox 1213 4535 1366 4606; x_wconf 83' lang='grc' dir='ltr'><strong>ὥρας</strong></span> <span class='ocrx_word' id='word_1_628' title='bbox 1404 4537 1830 4606; x_wconf 76' lang='grc' dir='ltr'><strong>ἀπετράπησαν,</strong></span> 
     </span>
    </p>
   </div>
   <div class='ocr_carea' id='block_1_90' title="bbox 245 4623 1837 4700">
    <p class='ocr_par' dir='ltr' id='par_1_90' title="bbox 245 4623 1837 4700">
     <span class='ocr_line' id='line_1_91' title="bbox 245 4623 1837 4700; baseline 0.004 -25"><span class='ocrx_word' id='word_1_629' title='bbox 245 4623 347 4693; x_wconf 75' lang='grc' dir='ltr'><strong>ἠδη</strong></span> <span class='ocrx_word' id='word_1_630' title='bbox 380 4623 517 4692; x_wconf 62' lang='grc' dir='ltr'><strong>πρὸς</strong></span> <span class='ocrx_word' id='word_1_631' title='bbox 559 4623 772 4693; x_wconf 75' lang='grc' dir='ltr'>δυσμὰς</span> <span class='ocrx_word' id='word_1_632' title='bbox 823 4626 976 4688; x_wconf 74' lang='grc' dir='ltr'><strong>ὄντος</strong></span> <span class='ocrx_word' id='word_1_633' title='bbox 1025 4626 1122 4680; x_wconf 78' lang='grc' dir='ltr'><strong>τοῦ</strong></span> <span class='ocrx_word' id='word_1_634' title='bbox 1189 4625 1362 4698; x_wconf 73' lang='grc' dir='ltr'><strong>ἡλίου,</strong></span> <span class='ocrx_word' id='word_1_635' title='bbox 1389 4628 1499 4681; x_wconf 78' lang='grc' dir='ltr'><strong>οὐδ’</strong></span> <span class='ocrx_word' id='word_1_636' title='bbox 1543 4629 1837 4700; x_wconf 53' lang='grc' dir='ltr'><strong>ὲπροφασί-</strong></span> 
     </span>
    </p>
   </div>
   <div class='ocr_carea' id='block_1_91' title="bbox 249 4713 1380 4790">
    <p class='ocr_par' dir='ltr' id='par_1_91' title="bbox 249 4713 1380 4790">
     <span class='ocr_line' id='line_1_92' title="bbox 249 4713 1380 4790; baseline 0.009 -28"><span class='ocrx_word' id='word_1_637' title='bbox 249 4730 421 4765; x_wconf 85' lang='grc' dir='ltr'><strong>σαντο</strong></span> <span class='ocrx_word' id='word_1_638' title='bbox 451 4713 560 4784; x_wconf 81' lang='grc'><strong>(65)</strong></span> <span class='ocrx_word' id='word_1_639' title='bbox 595 4715 685 4767; x_wconf 80' lang='grc' dir='ltr'><strong>τὸν</strong></span> <span class='ocrx_word' id='word_1_640' title='bbox 713 4717 927 4786; x_wconf 71' lang='grc' dir='ltr'><strong>καιρδν,</strong></span> <span class='ocrx_word' id='word_1_641' title='bbox 950 4719 1057 4772; x_wconf 84' lang='grc' dir='ltr'><strong>είτε</strong></span> <span class='ocrx_word' id='word_1_642' title='bbox 1089 4735 1140 4770; x_wconf 89' lang='grc' dir='ltr'><strong>τι</strong></span> <span class='ocrx_word' id='word_1_643' title='bbox 1173 4718 1380 4790; x_wconf 76' lang='grc' dir='ltr'><strong>ἕτερον.</strong></span> 
     </span>
    </p>
   </div>
   <div class='ocr_carea' id='block_1_92' title="bbox 323 4803 1838 4880">
    <p class='ocr_par' dir='ltr' id='par_1_92' title="bbox 323 4803 1838 4880">
     <span class='ocr_line' id='line_1_93' title="bbox 323 4803 1838 4880; baseline 0.004 -26"><span class='ocrx_word' id='word_1_644' title='bbox 323 4804 384 4854; x_wconf 85' lang='grc' dir='ltr'><strong>Εἰ</strong></span> <span class='ocrx_word' id='word_1_645' title='bbox 413 4804 470 4856; x_wconf 74' lang='grc' dir='ltr'><strong>δὲ</strong></span> <span class='ocrx_word' id='word_1_646' title='bbox 505 4803 743 4873; x_wconf 62' lang='grc' dir='ltr'><strong>ἀλλαχοῦ</strong></span> <span class='ocrx_word' id='word_1_647' title='bbox 768 4805 942 4875; x_wconf 82' lang='grc' dir='ltr'><strong>λέγει,</strong></span> <span class='ocrx_word' id='word_1_648' title='bbox 993 4809 1069 4878; x_wconf 79' lang='grc' dir='ltr'>μὴ</span> <span class='ocrx_word' id='word_1_649' title='bbox 1095 4809 1264 4879; x_wconf 82' lang='grc' dir='ltr'><strong>ἔχειν.</strong></span> <span class='ocrx_word' id='word_1_650' title='bbox 1296 4809 1402 4863; x_wconf 61' lang='grc' dir='ltr'>παῦ</span> <span class='ocrx_word' id='word_1_651' title='bbox 1453 4811 1553 4880; x_wconf 76' lang='grc' dir='ltr'><strong>τὴν</strong></span> <span class='ocrx_word' id='word_1_652' title='bbox 1589 4809 1758 4879; x_wconf 69' lang='grc' dir='ltr'><strong>κεφα)</strong></span> <span class='ocrx_word' id='word_1_653' title='bbox 1773 4810 1838 4880; x_wconf 80' lang='grc' dir='ltr'><strong>ὴν</strong></span> 
     </span>
    </p>
   </div>
   <div class='ocr_carea' id='block_1_93' title="bbox 250 4897 1840 4975">
    <p class='ocr_par' dir='ltr' id='par_1_93' title="bbox 250 4897 1840 4975">
     <span class='ocr_line' id='line_1_94' title="bbox 250 4897 1840 4975; baseline 0.006 -28"><span class='ocrx_word' id='word_1_654' title='bbox 250 4897 427 4968; x_wconf 76' lang='grc' dir='ltr'><strong>κλίνῃ.</strong></span> <span class='ocrx_word' id='word_1_655' title='bbox 450 4898 511 4949; x_wconf 77' lang='grc' dir='ltr'><strong>οὐ</strong></span> <span class='ocrx_word' id='word_1_656' title='bbox 549 4899 675 4968; x_wconf 70' lang='grc' dir='ltr'><strong>περὶ</strong></span> <span class='ocrx_word' id='word_1_657' title='bbox 704 4899 880 4962; x_wconf 74' lang='grc' dir='ltr'><strong>οἰκίας</strong></span> <span class='ocrx_word' id='word_1_658' title='bbox 911 4900 1099 4965; x_wconf 76' lang='grc' dir='ltr'><strong>ἁπλῶς</strong></span> <span class='ocrx_word' id='word_1_659' title='bbox 1131 4899 1289 4955; x_wconf 76' lang='grc' dir='ltr'><strong>τοῦτό</strong></span> <span class='ocrx_word' id='word_1_660' title='bbox 1334 4920 1523 4975; x_wconf 76' lang='grc' dir='ltr'><strong>φησιν,</strong></span> <span class='ocrx_word' id='word_1_661' title='bbox 1548 4903 1684 4956; x_wconf 82' lang='grc' dir='ltr'><strong>ἀλλὰ</strong></span> <span class='ocrx_word' id='word_1_662' title='bbox 1710 4904 1840 4975; x_wconf 77' lang='grc' dir='ltr'><strong>περὶ</strong></span> 
     </span>
    </p>
   </div>
   <div class='ocr_carea' id='block_1_94' title="bbox 507 4989 1840 5068">
    <p class='ocr_par' dir='ltr' id='par_1_94' title="bbox 507 4989 1840 5068">
     <span class='ocr_line' id='line_1_95' title="bbox 507 4989 1840 5068; baseline 0.008 -28"><span class='ocrx_word' id='word_1_663' title='bbox 507 4989 664 5042; x_wconf 83' lang='grc' dir='ltr'><strong>Ίδίαν</strong></span> <span class='ocrx_word' id='word_1_664' title='bbox 743 4991 854 5062; x_wconf 73' lang='grc' dir='ltr'><strong>γὰρ</strong></span> <span class='ocrx_word' id='word_1_665' title='bbox 947 4993 1047 5046; x_wconf 79' lang='grc' dir='ltr'><strong>οὐκ</strong></span> <span class='ocrx_word' id='word_1_666' title='bbox 1115 4989 1286 5067; x_wconf 74' lang='grc' dir='ltr'><strong>εἶχεν,</strong></span> <span class='ocrx_word' id='word_1_667' title='bbox 1338 4997 1454 5051; x_wconf 85' lang='grc' dir='ltr'><strong>ἀλλ’</strong></span> <span class='ocrx_word' id='word_1_668' title='bbox 1527 4998 1840 5068; x_wconf 76' lang='grc' dir='ltr'><strong>ἀλλοτρίαις</strong></span> 
     </span>
    </p>
   </div>
   <div class='ocr_carea' id='block_1_95' title="bbox 251 4989 408 5052">
    <p class='ocr_par' dir='ltr' id='par_1_95' title="bbox 251 4989 408 5052">
     <span class='ocr_line' id='line_1_96' title="bbox 251 4989 408 5052; baseline 0.006 -13"><span class='ocrx_word' id='word_1_669' title='bbox 251 4989 349 5040; x_wconf 79' lang='grc' dir='ltr'><strong>ἑδίσ</strong></span> <span class='ocrx_word' id='word_1_670' title='bbox 361 5006 408 5052; x_wconf 86' lang='grc' dir='ltr'><strong>ς.</strong></span> 
     </span>
    </p>
   </div>
   <div class='ocr_carea' id='block_1_96' title="bbox 249 5082 536 5150">
    <p class='ocr_par' dir='ltr' id='par_1_96' title="bbox 249 5082 536 5150">
     <span class='ocr_line' id='line_1_97' title="bbox 249 5082 536 5150; baseline 0.003 -18"><span class='ocrx_word' id='word_1_671' title='bbox 249 5082 536 5150; x_wconf 75' lang='grc' dir='ltr'><strong>ἐκέχρητο.</strong></span> 
     </span>
    </p>
   </div>
   <div class='ocr_carea' id='block_1_97' title="bbox 322 5170 1843 5254">
    <p class='ocr_par' dir='ltr' id='par_1_97' title="bbox 322 5170 1843 5254">
     <span class='ocr_line' id='line_1_98' title="bbox 322 5170 1843 5254; baseline 0.007 -32"><span class='ocrx_word' id='word_1_672' title='bbox 322 5170 447 5223; x_wconf 75' lang='grc' dir='ltr'><strong>Ὀτι</strong></span> <span class='ocrx_word' id='word_1_673' title='bbox 493 5174 590 5242; x_wconf 76' lang='grc' dir='ltr'><strong>μὲν</strong></span> <span class='ocrx_word' id='word_1_674' title='bbox 649 5173 742 5227; x_wconf 76' lang='grc' dir='ltr'><strong>οὖν</strong></span> <span class='ocrx_word' id='word_1_675' title='bbox 806 5177 934 5248; x_wconf 84' lang='grc' dir='ltr'><strong>παρ’</strong></span> <span class='ocrx_word' id='word_1_676' title='bbox 987 5179 1136 5249; x_wconf 76' lang='grc' dir='ltr'><strong>αὐτῷ</strong></span> <span class='ocrx_word' id='word_1_677' title='bbox 1188 5181 1411 5252; x_wconf 78' lang='grc' dir='ltr'><strong>ἔμειναν</strong></span> <span class='ocrx_word' id='word_1_678' title='bbox 1472 5182 1570 5254; x_wconf 80' lang='grc' dir='ltr'><strong>τὴν</strong></span> <span class='ocrx_word' id='word_1_679' title='bbox 1625 5181 1843 5252; x_wconf 79' lang='grc' dir='ltr'><strong>ἡμέραν</strong></span> 
     </span>
    </p>
   </div>
   <div class='ocr_carea' id='block_1_98' title="bbox 361 5354 888 5423">
    <p class='ocr_par' dir='ltr' id='par_1_98' title="bbox 361 5354 888 5423">
     <span class='ocr_line' id='line_1_99' title="bbox 361 5354 888 5423; baseline 0.019 -18"><span class='ocrx_word' id='word_1_680' title='bbox 361 5358 404 5386; x_wconf 71' lang='grc'>³⁸</span> <span class='ocrx_word' id='word_1_681' title='bbox 439 5354 624 5411; x_wconf 71' lang='lat' dir='ltr'><strong>Matth.</strong></span> <span class='ocrx_word' id='word_1_682' title='bbox 651 5375 768 5423; x_wconf 88' lang='lat' dir='ltr'><strong>vnl,</strong></span> <span class='ocrx_word' id='word_1_683' title='bbox 798 5362 888 5415; x_wconf 71' lang='grc' dir='ltr'><strong>ΞΟ.</strong></span> 
     </span>
    </p>
   </div>
   <div class='ocr_carea' id='block_1_99' title="bbox 1935 4521 3534 4594">
    <p class='ocr_par' dir='ltr' id='par_1_99' title="bbox 1935 4521 3534 4594">
     <span class='ocr_line' id='line_1_100' title="bbox 1935 4521 3534 4594; baseline -0.019 -5"><span class='ocrx_word' id='word_1_684' title='bbox 1935 4535 2028 4589; x_wconf 91' lang='lat' dir='ltr'><strong>illo</strong></span> <span class='ocrx_word' id='word_1_685' title='bbox 2059 4529 2478 4590; x_wconf 88' lang='lat' dir='ltr'><strong>humanitatem,</strong></span> <span class='ocrx_word' id='word_1_686' title='bbox 2510 4521 2654 4594; x_wconf 87' lang='lat' dir='ltr'><strong>quod</strong></span> <span class='ocrx_word' id='word_1_687' title='bbox 2673 4535 2851 4590; x_wconf 83' lang='lat' dir='ltr'><strong>neque</strong></span> <span class='ocrx_word' id='word_1_688' title='bbox 2873 4525 3096 4589; x_wconf 84' lang='lat' dir='ltr'><strong>propter</strong></span> <span class='ocrx_word' id='word_1_689' title='bbox 3125 4524 3341 4582; x_wconf 90' lang='lat' dir='ltr'><strong>tempus</strong></span> <span class='ocrx_word' id='word_1_690' title='bbox 3360 4525 3534 4564; x_wconf 83' lang='lat' dir='ltr'><strong>avers;</strong></span> 
     </span>
    </p>
   </div>
   <div class='ocr_carea' id='block_1_100' title="bbox 1936 4607 3535 4690">
    <p class='ocr_par' dir='ltr' id='par_1_100' title="bbox 1936 4607 3535 4690">
     <span class='ocr_line' id='line_1_101' title="bbox 1936 4607 3535 4690; baseline -0.017 -10"><span class='ocrx_word' id='word_1_691' title='bbox 1936 4633 2088 4690; x_wconf 90' lang='lat' dir='ltr'><strong>sunt,</strong></span> <span class='ocrx_word' id='word_1_692' title='bbox 2122 4637 2248 4677; x_wconf 89' lang='lat' dir='ltr'><strong>cum</strong></span> <span class='ocrx_word' id='word_1_693' title='bbox 2278 4620 2388 4690; x_wconf 81' lang='lat' dir='ltr'><strong>jam</strong></span> <span class='ocrx_word' id='word_1_694' title='bbox 2421 4617 2502 4672; x_wconf 91' lang='lat' dir='ltr'><strong>sol</strong></span> <span class='ocrx_word' id='word_1_695' title='bbox 2553 4615 2620 4670; x_wconf 89' lang='lat' dir='ltr'><strong>ad</strong></span> <span class='ocrx_word' id='word_1_696' title='bbox 2661 4626 2921 4669; x_wconf 84' lang='lat' dir='ltr'><strong>occasum</strong></span> <span class='ocrx_word' id='word_1_697' title='bbox 2977 4607 3278 4664; x_wconf 87' lang='lat' dir='ltr'><strong>declinaret</strong></span> <span class='ocrx_word' id='word_1_698' title='bbox 3306 4623 3320 4660; x_wconf 88' lang='lat'><strong>:</strong></span> <span class='ocrx_word' id='word_1_699' title='bbox 3355 4618 3535 4673; x_wconf 67' lang='lat' dir='ltr'><strong>neque</strong></span> 
     </span>
    </p>
   </div>
   <div class='ocr_carea' id='block_1_101' title="bbox 1939 4701 3173 4788">
    <p class='ocr_par' dir='ltr' id='par_1_101' title="bbox 1939 4701 3173 4788">
     <span class='ocr_line' id='line_1_102' title="bbox 1939 4701 3173 4788; baseline -0.016 -14"><span class='ocrx_word' id='word_1_700' title='bbox 1939 4729 2177 4788; x_wconf 88' lang='lat' dir='ltr'><strong>tempus,</strong></span> <span class='ocrx_word' id='word_1_701' title='bbox 2206 4723 2299 4767; x_wconf 87' lang='lat' dir='ltr'><strong>aut</strong></span> <span class='ocrx_word' id='word_1_702' title='bbox 2326 4712 2470 4766; x_wconf 86' lang='lat' dir='ltr'><strong>aliud</strong></span> <span class='ocrx_word' id='word_1_703' title='bbox 2493 4708 2772 4779; x_wconf 85' lang='lat' dir='ltr'><strong>quippiam</strong></span> <span class='ocrx_word' id='word_1_704' title='bbox 2796 4701 3005 4760; x_wconf 82' lang='lat' dir='ltr'><strong>causali</strong></span> <span class='ocrx_word' id='word_1_705' title='bbox 3024 4709 3173 4756; x_wconf 88' lang='lat' dir='ltr'><strong>sunt.</strong></span> 
     </span>
    </p>
   </div>
   <div class='ocr_carea' id='block_1_102' title="bbox 2012 4794 3536 4878">
    <p class='ocr_par' dir='ltr' id='par_1_102' title="bbox 2012 4794 3536 4878">
     <span class='ocr_line' id='line_1_103' title="bbox 2012 4794 3536 4878; baseline -0.02 -12"><span class='ocrx_word' id='word_1_706' title='bbox 2012 4811 2166 4878; x_wconf 84' lang='lat' dir='ltr'><strong>Quod</strong></span> <span class='ocrx_word' id='word_1_707' title='bbox 2205 4808 2248 4862; x_wconf 74' lang='lat' dir='ltr'><strong>si</strong></span> <span class='ocrx_word' id='word_1_708' title='bbox 2279 4806 2408 4861; x_wconf 88' lang='lat' dir='ltr'><strong>alibi</strong></span> <span class='ocrx_word' id='word_1_709' title='bbox 2437 4805 2567 4860; x_wconf 86' lang='lat' dir='ltr'><strong>dicit</strong></span> <span class='ocrx_word' id='word_1_710' title='bbox 2591 4819 2650 4857; x_wconf 76' lang='lat' dir='ltr'><strong>se</strong></span> <span class='ocrx_word' id='word_1_711' title='bbox 2685 4817 2796 4855; x_wconf 86' lang='lat' dir='ltr'><strong>non</strong></span> <span class='ocrx_word' id='word_1_712' title='bbox 2831 4798 3032 4853; x_wconf 76' lang='lat' dir='ltr'><strong>habere</strong></span> <span class='ocrx_word' id='word_1_713' title='bbox 3060 4794 3150 4848; x_wconf 89' lang='lat' dir='ltr'><strong>ubi</strong></span> <span class='ocrx_word' id='word_1_714' title='bbox 3186 4801 3354 4862; x_wconf 78' lang='lat' dir='ltr'><strong>caput</strong></span> <span class='ocrx_word' id='word_1_715' title='bbox 3377 4804 3536 4842; x_wconf 80' lang='lat' dir='ltr'><strong>suum</strong></span> 
     </span>
    </p>
   </div>
   <div class='ocr_carea' id='block_1_103' title="bbox 1946 4877 3534 4964">
    <p class='ocr_par' dir='ltr' id='par_1_103' title="bbox 1946 4877 3534 4964">
     <span class='ocr_line' id='line_1_104' title="bbox 1946 4877 3534 4964; baseline -0.018 -6"><span class='ocrx_word' id='word_1_716' title='bbox 1946 4904 2234 4958; x_wconf 85' lang='lat' dir='ltr'><strong>reclinaret</strong></span> <span class='ocrx_word' id='word_1_717' title='bbox 2278 4899 2345 4964; x_wconf 79' lang='lat'><strong>”,</strong></span> <span class='ocrx_word' id='word_1_718' title='bbox 2410 4913 2517 4950; x_wconf 78' lang='lat' dir='ltr'><strong>non</strong></span> <span class='ocrx_word' id='word_1_719' title='bbox 2562 4895 2664 4948; x_wconf 87' lang='lat' dir='ltr'><strong>hoc</strong></span> <span class='ocrx_word' id='word_1_720' title='bbox 2697 4889 3022 4960; x_wconf 89' lang='lat' dir='ltr'><strong>simpliciter</strong></span> <span class='ocrx_word' id='word_1_721' title='bbox 3073 4887 3139 4939; x_wconf 88' lang='lat' dir='ltr'><strong>de</strong></span> <span class='ocrx_word' id='word_1_722' title='bbox 3174 4884 3338 4939; x_wconf 89' lang='lat' dir='ltr'><strong>domo</strong></span> <span class='ocrx_word' id='word_1_723' title='bbox 3380 4877 3534 4938; x_wconf 86' lang='lat' dir='ltr'><strong>dicit.</strong></span> 
     </span>
    </p>
   </div>
   <div class='ocr_carea' id='block_1_104' title="bbox 1948 4971 3532 5065">
    <p class='ocr_par' dir='ltr' id='par_1_104' title="bbox 1948 4971 3532 5065">
     <span class='ocr_line' id='line_1_105' title="bbox 1948 4971 3532 5065; baseline -0.02 -12"><span class='ocrx_word' id='word_1_724' title='bbox 1948 4999 2042 5053; x_wconf 85' lang='lat' dir='ltr'><strong>sed</strong></span> <span class='ocrx_word' id='word_1_725' title='bbox 2082 4998 2147 5051; x_wconf 89' lang='lat' dir='ltr'><strong>de</strong></span> <span class='ocrx_word' id='word_1_726' title='bbox 2172 4992 2391 5065; x_wconf 82' lang='lat' dir='ltr'><strong>propria</strong></span> <span class='ocrx_word' id='word_1_727' title='bbox 2424 4991 2587 5044; x_wconf 66' lang='lat' dir='ltr'><strong>dou&#39;uo</strong></span> <span class='ocrx_word' id='word_1_728' title='bbox 2620 5003 2635 5040; x_wconf 88' lang='lat'><strong>:</strong></span> <span class='ocrx_word' id='word_1_729' title='bbox 2670 4998 2848 5051; x_wconf 85' lang='lat' dir='ltr'><strong>neque</strong></span> <span class='ocrx_word' id='word_1_730' title='bbox 2887 4984 3034 5039; x_wconf 89' lang='lat' dir='ltr'><strong>enim</strong></span> <span class='ocrx_word' id='word_1_731' title='bbox 3098 4975 3380 5047; x_wconf 87' lang='lat' dir='ltr'><strong>propriam</strong></span> <span class='ocrx_word' id='word_1_732' title='bbox 3428 4971 3532 5024; x_wconf 84' lang='lat' dir='ltr'><strong>ba-</strong></span> 
     </span>
    </p>
   </div>
   <div class='ocr_carea' id='block_1_105' title="bbox 1948 5075 2788 5148">
    <p class='ocr_par' dir='ltr' id='par_1_105' title="bbox 1948 5075 2788 5148">
     <span class='ocr_line' id='line_1_106' title="bbox 1948 5075 2788 5148; baseline -0.019 -7"><span class='ocrx_word' id='word_1_733' title='bbox 1948 5084 2133 5148; x_wconf 89' lang='lat' dir='ltr'><strong>bebat,</strong></span> <span class='ocrx_word' id='word_1_734' title='bbox 2159 5082 2253 5137; x_wconf 89' lang='lat' dir='ltr'><strong>sed</strong></span> <span class='ocrx_word' id='word_1_735' title='bbox 2286 5078 2479 5134; x_wconf 91' lang='lat' dir='ltr'><strong>alienis</strong></span> <span class='ocrx_word' id='word_1_736' title='bbox 2509 5075 2788 5130; x_wconf 88' lang='lat' dir='ltr'><strong>utebatur.</strong></span> 
     </span>
    </p>
   </div>
   <div class='ocr_carea' id='block_1_106' title="bbox 2027 5151 3537 5242">
    <p class='ocr_par' dir='ltr' id='par_1_106' title="bbox 2027 5151 3537 5242">
     <span class='ocr_line' id='line_1_107' title="bbox 2027 5151 3537 5242; baseline -0.019 -11"><span class='ocrx_word' id='word_1_737' title='bbox 2027 5175 2166 5231; x_wconf 81' lang='lat' dir='ltr'><strong>Dicit</strong></span> <span class='ocrx_word' id='word_1_738' title='bbox 2224 5175 2406 5242; x_wconf 89' lang='lat' dir='ltr'><strong>itaque</strong></span> <span class='ocrx_word' id='word_1_739' title='bbox 2466 5165 2798 5238; x_wconf 77' lang='lat' dir='ltr'><strong>evangelista</strong></span> <span class='ocrx_word' id='word_1_740' title='bbox 2854 5161 3124 5217; x_wconf 85' lang='lat' dir='ltr'><strong>mansisse</strong></span> <span class='ocrx_word' id='word_1_741' title='bbox 3180 5159 3332 5227; x_wconf 83' lang='lat' dir='ltr'><strong>ipsos</strong></span> <span class='ocrx_word' id='word_1_742' title='bbox 3391 5151 3537 5222; x_wconf 57' lang='lat' dir='ltr'><strong>apud</strong></span> 
     </span>
    </p>
   </div>
   <div class='ocr_carea' id='block_1_107' title="bbox 1461 5429 2323 5490">
    <p class='ocr_par' dir='ltr' id='par_1_107' title="bbox 1461 5429 2323 5490">
     <span class='ocr_line' id='line_1_108' title="bbox 1461 5429 2323 5490; baseline -0.003 -2"><span class='ocrx_word' id='word_1_743' title='bbox 1461 5429 1656 5490; x_wconf 59' lang='lat' dir='ltr'><strong>Vario;</strong></span> <span class='ocrx_word' id='word_1_744' title='bbox 1705 5429 2007 5490; x_wconf 71' lang='lat' dir='ltr'><strong>lectiones</strong></span> <span class='ocrx_word' id='word_1_745' title='bbox 2039 5436 2098 5487; x_wconf 87' lang='lat' dir='ltr'><strong>et</strong></span> <span class='ocrx_word' id='word_1_746' title='bbox 2133 5430 2323 5486; x_wconf 64' lang='lat' dir='ltr'><strong>nolle.</strong></span> 
     </span>
    </p>
   </div>
   <div class='ocr_carea' id='block_1_108' title="bbox 329 5591 876 5659">
    <p class='ocr_par' dir='ltr' id='par_1_108' title="bbox 329 5591 876 5659">
     <span class='ocr_line' id='line_1_109' title="bbox 329 5591 876 5659; baseline 0.004 -15"><span class='ocrx_word' id='word_1_747' title='bbox 329 5592 440 5659; x_wconf 57' lang='grc' dir='ltr'><strong>(δὲ)</strong></span> <span class='ocrx_word' id='word_1_748' title='bbox 492 5591 599 5645; x_wconf 78' lang='grc' dir='ltr'><strong>Τοῦ</strong></span> <span class='ocrx_word' id='word_1_749' title='bbox 633 5593 783 5647; x_wconf 81' lang='lat' dir='ltr'><strong>addit</strong></span> <span class='ocrx_word' id='word_1_750' title='bbox 815 5595 876 5646; x_wconf 68' lang='grc' dir='ltr'><strong>Α.</strong></span> 
     </span>
    </p>
   </div>
   <div class='ocr_carea' id='block_1_109' title="bbox 2039 5584 2905 5660">
    <p class='ocr_par' dir='ltr' id='par_1_109' title="bbox 2039 5584 2905 5660">
     <span class='ocr_line' id='line_1_110' title="bbox 2039 5584 2905 5660; baseline -0.008 -15"><span class='ocrx_word' id='word_1_751' title='bbox 2039 5592 2148 5658; x_wconf 75' lang='grc' dir='ltr'><strong>(ϋό)</strong></span> <span class='ocrx_word' id='word_1_752' title='bbox 2192 5592 2329 5642; x_wconf 63' lang='grc' dir='ltr'><strong>Οᾷδὲ</strong></span> <span class='ocrx_word' id='word_1_753' title='bbox 2365 5588 2804 5660; x_wconf 73' lang='grc' dir='ltr'><strong>προφαςὶταντος</strong></span> <span class='ocrx_word' id='word_1_754' title='bbox 2840 5584 2905 5640; x_wconf 84' lang='grc' dir='ltr'><strong>Λ.</strong></span> 
     </span>
    </p>
   </div>
   <div class='ocr_carea' id='block_1_110' title="bbox 330 5744 1824 5824">
    <p class='ocr_par' dir='ltr' id='par_1_110' title="bbox 330 5749 1824 5824">
     <span class='ocr_line' id='line_1_111' title="bbox 330 5749 1824 5824; baseline -0.005 -18"><span class='ocrx_word' id='word_1_755' title='bbox 330 5751 406 5824; x_wconf 71' lang='lat' dir='ltr'><strong>(lt)</strong></span> <span class='ocrx_word' id='word_1_756' title='bbox 445 5750 579 5806; x_wconf 78' lang='lat' dir='ltr'><strong>Soli.</strong></span> <span class='ocrx_word' id='word_1_757' title='bbox 623 5749 896 5818; x_wconf 70' lang='lat' dir='ltr'><strong>lnlcrpt&#39;ca</strong></span> <span class='ocrx_word' id='word_1_758' title='bbox 930 5750 1142 5806; x_wconf 83' lang='lat' dir='ltr'><strong>videtur</strong></span> <span class='ocrx_word' id='word_1_759' title='bbox 1215 5751 1515 5817; x_wconf 58' lang='lat' dir='ltr'><strong>invenisse,</strong></span> <span class='ocrx_word' id='word_1_760' title='bbox 1578 5750 1670 5802; x_wconf 60' lang='grc' dir='ltr'><strong>δύο</strong></span> <span class='ocrx_word' id='word_1_761' title='bbox 1726 5751 1824 5801; x_wconf 49' lang='grc' dir='ltr'><strong>τύτη</strong></span> 
     </span>
    </p>
   </div>
   <div class='ocr_carea' id='block_1_111' title="bbox 1929 5744 2861 5824">
    <p class='ocr_par' dir='ltr' id='par_1_111' title="bbox 1929 5744 2861 5817">
     <span class='ocr_line' id='line_1_112' title="bbox 1929 5744 2861 5817; baseline -0.003 -18"><span class='ocrx_word' id='word_1_762' title='bbox 1929 5751 2078 5814; x_wconf 59' lang='lat' dir='ltr'><strong>town,</strong></span> <span class='ocrx_word' id='word_1_763' title='bbox 2125 5750 2266 5817; x_wconf 75' lang='lat' dir='ltr'><strong>qtmd</strong></span> <span class='ocrx_word' id='word_1_764' title='bbox 2300 5765 2396 5801; x_wconf 73' lang='lat' dir='ltr'><strong>nec</strong></span> <span class='ocrx_word' id='word_1_765' title='bbox 2425 5745 2554 5800; x_wconf 82' lang='lat' dir='ltr'><strong>mihi</strong></span> <span class='ocrx_word' id='word_1_766' title='bbox 2590 5744 2861 5813; x_wconf 72' lang='lat' dir='ltr'><strong>displicet.</strong></span> 
     </span>
    </p>
   </div>
  </div>
