4094 6390
653 251 788 313 1147

1891 261 2277 322 ΕΗΤΗΥἮΙ
2323 265 2690 325 ZlGABENl

3787 271 3910 336 liii;

649 365 703 416 in
765 374 966 420 terram
1021 373 1222 422 bonam
1289 369 1640 433 seminasset.
1704 371 1924 441 reliquit
1969 390 1983 425 :
2027 384 2084 426 ut
2137 390 2201 442 pe

2335 377 2404 428 τὰ
2462 377 2746 446 λεχθέντα.
2785 379 3124 434 Κατασαλὼν
3178 382 3289 454 γάρ
3339 384 3422 446 εξς
3456 385 3568 454 γῆν
3623 383 3794 456 καλὴν
3832 391 3912 440 τὸν

646 457 821 511 otium
853 459 1200 528 postmodum
1235 473 1581 518 nasceretur.

997 568 1152 623 CAP.
1191 569 1230 625 1.
1263 571 1338 625 De
1373 576 1565 643 nuptiis
1606 578 1661 628 in
1693 575 1870 632 Cana.

713 656 844 724 Cap.
879 656 944 710 ll.
973 660 1127 716 Vers.
1158 662 1202 717 l.
1235 663 1302 718 Et
1327 664 1582 720 Catilina.
1618 667 1804 724 Tertio
1821 682 1944 741 post
1967 672 2171 728 Christi
2197 690 2227 728 a

642 744 861 799 deserto
887 749 1238 807 descensum.

716 835 869 892 Vers.
899 839 950 891 l.
983 839 1052 894 Et
1088 872 1157 881 —
1185 844 1293 899 ibi.
1317 847 1517 903 Vocata
1552 859 1811 923 tanquam
1845 855 2130 910 familiaris
2158 857 2226 912 ab

644 926 731 979 bis
761 929 853 996 qui
886 932 1106 997 nuptias
1131 935 1508 996 celebrabant.

709 1015 864 1071 Vers.
895 1020 949 1072 ἓ.
998 1019 1222 1077 Vocatus
1267 1033 1596 1098 —nuptias.
1638 1033 1701 1087 Et
1738 1036 1842 1105 ipsi
1882 1039 2034 1106 quasi
2063 1037 2226 1094 iami-

639 1106 822 1162 liares.
855 1111 1104 1169 Accessit
1128 1128 1309 1173 autem
1340 1120 1588 1177 Salvator
1613 1141 1721 1179 non
1758 1129 1944 1182 habito
1970 1143 2224 1200 respectu

637 1200 706 1254 ad
754 1215 910 1255 suam
957 1205 1296 1276 dignitatem,
1349 1213 1442 1266 sed
1483 1216 1549 1268 ad
1587 1216 1871 1273 hominum
1910 1222 2220 1280 utilitatem.

638 1291 924 1360 Siquidem
958 1299 1051 1366 qui
1101 1303 1324 1370 nuptias
1359 1306 1708 1372 condiderat,
1743 1314 1891 1367 venit
1922 1325 1978 1368 ut
2005 1331 2100 1370 eas
2127 1318 2222 1371 ho.

633 1394 874 1448 noraret,
933 1403 1139 1458 suaque
1185 1396 1472 1461 prasentia
1527 1401 1944 1467 sanctiﬁcaret;
1996 1417 2050 1461 et
2096 1424 2221 1463 cum

635 1476 776 1528 servi
803 1474 1034 1532 formam
1072 1486 1477 1552 assumpsisset,
1515 1505 1624 1543 non
1662 1493 1988 1564 dedignatur
2028 1500 2221 1553 serv‘o-

631 1580 754 1619 rum
805 1568 1076 1626 interesse
1128 1577 1359 1644 nuptiis,
1393 1579 1525 1634 licet
1559 1583 1651 1650 qui
1707 1600 1832 1638 eum
1873 1602 2216 1656 vocaverant,

629 1670 738 1713 non
774 1659 1041 1732 baberent
1076 1680 1468 1736 congruentem
1499 1673 1568 1726 de
1600 1690 1666 1727 eo
1699 1678 2040 1746 opinionem.
2068 1681 2216 1736 Sim-

626 1751 844 1819 pliciter
865 1753 1011 1807 enim
1046 1766 1301 1826 tanquam
1337 1770 1549 1829 notum,
1581 1782 1861 1837 unumque
1893 1787 1923 1825 e
1967 1773 2216 1842 pluribus

629 1838 779 1892 illum
821 1855 1172 1898 vocaverant.

697 1928 853 1983 Vers.
887 1932 941 1985 '5.
974 1933 1042 1986 Et
1097 1965 1165 1975 —
1196 1938 1408 1998 habent.
1445 1943 1580 1997 Cum
1610 1959 1864 2003 carerent
1905 1953 2053 2010 vino.
2109 1955 2214 2010 hoc

624 2029 730 2082 est,
764 2037 887 2075 cum
925 2039 1064 2092 opus
1094 2038 1240 2082 esset
1271 2030 1418 2093 vino,
1447 2034 1564 2088 sive
1599 2052 1721 2090 cum
1749 2041 1859 2108 jam
1903 2043 2089 2098 vinum
2119 2049 2213 2100 ile-

624 2111 863 2168 fecisset.
899 2114 1053 2181 (Nam
1115 2119 1278 2174 habet
1322 2121 1510 2179 Greca
1567 2127 1749 2183 littera
1807 2133 2213 2205 ὑστερήσαντος

622 2202 818 2269 οῐνου.)
868 2205 1058 2273 Neque
1109 2210 1253 2263 enim
1297 2213 1364 2266 ad
1416 2216 1470 2268 id
1521 2233 1693 2286 usque
1744 2202 2008 2292 temporis
2043 2228 2210 2281 ullum

622 2292 825 2347 iecerat
875 2297 1228 2356 miraculum.
1261 2303 1401 2359 Cum
1456 2322 1588 2378 ergo
1636 2316 1984 2381 cognovisset
2039 2329 2212 2373 mater

622 2401 743 2456 qua:
775 2388 917 2442 circa
962 2391 1139 2459 ipsum
1173 2408 1353 2460 erant,
1411 2401 1666 2469 quodque
1701 2404 1941 2461 Joannes
1990 2421 2212 2479 propter

622 2492 749 2530 eum
793 2495 1036 2548 venerat,
1091 2500 1155 2540 ac
1199 2487 1269 2541 de
1321 2489 1466 2544 illius
1496 2492 1784 2549 divinitate
1833 2499 2209 2555 testimonium

623 2571 844 2636 tulerat,
875 2582 930 2626 et
963 2577 1106 2644 quod
1154 2581 1370 2635 caelitus
1414 2583 1480 2637 de
1519 2599 1586 2638 eo
1634 2590 2005 2645 testimonium
2047 2609 2206 2649 acce-

619 2673 796 2730 perat,
847 2665 1008 2721 simul
1039 2672 1202 2723 etiam
1255 2674 1470 2739 videns,
1513 2680 1658 2746 quod
1709 2681 2006 2751 discipulos
2049 2701 2208 2740 acce-

619 2764 796 2819 perat.
858 2755 1128 2812 intellexit
1166 2764 1309 2828 quod
1361 2766 1591 2820 revelari
1637 2784 1705 2822 ex
1743 2785 1806 2824 eo
1834 2782 2082 2842 tempore
2121 2776 2208 2828 in-

616 2841 848 2910 ciperet.
904 2846 1131 2917 Sumpta
1166 2851 1331 2920 igitur
1363 2855 1561 2910 ﬁducia
1609 2859 1900 2928 deprecata
1941 2841 2025 2918 est
2080 2880 2206 2920 eum

615 2946 716 2998 pro
749 2933 1056 2992 deﬁcientis
1075 2939 1184 2992 vini
1212 2941 1474 2998 miraculo
1507 2963 1518 2998 :
1556 2956 1612 3000 et
1643 2948 1728 3002 his
1751 2952 1843 3018 qui
1875 2967 2207 3010 vocaverant

2334 468 2558 537 σπόρον,
2606 471 2904 525 κατέλιπεν
2952 474 3044 525 ἐπὶ
3090 476 3290 545 σχολῆς
3344 476 3658 547 βλαστῆσαι
3722 478 3912 534 λοιπόν.

2565 587 2724 640 ΚΕΦ.
2750 587 2832 642 Δ’.
2863 590 3000 656 Περὶ
3027 590 3132 643 τοῦ
3163 591 3235 644 ἐν
3252 590 3422 652 Κανᾶ
3438 587 3661 663 γάμου.

2400 676 2507 728 Kal
2533 706 2603 717 —
2642 679 2996 744 Γαλιλαίας.
3026 681 3104 752 Τῇ
3135 682 3295 754 τρίτῃ
3369 689 3512 754 μετὰ
3544 688 3649 756 τὴν
3686 687 3796 740 ἀπὸ
3829 689 3915 756 τῆς

2328 765 2540 834 ἐρήμου
2579 767 2807 821 κάθοδον
2841 769 2935 822 τοῦ
2969 772 3234 840 Χριστοῦ.

2398 858 2506 911 Καὶ
2533 888 2606 898 —
2635 859 2776 914 ἐκεί.
2820 861 3101 932 κληθεῖσα
3152 865 3305 935 παρὰ
3335 869 3445 920 τῶν
3493 869 3809 923 τελούντων
3837 871 3915 924 τὶν

2326 949 2502 1017 γάμον
2541 951 2617 1012 ὡς
2647 951 2945 1022 γνώριμος.

2396 1039 2661 1106 Ἐκλήθη
2684 1074 2754 1083 -
2785 1045 2994 1112 τάμον.
3043 1048 3153 1100 Καὶ
3195 1049 3349 1102 αὐτοὶ
3388 1051 3464 1113 ὠς
3497 1054 3798 1123 γνώριμοι.
3821 1058 3917 1109 Καὶ

2325 1130 2570 1198 ἀπῆλθεν
2599 1135 2626 1185 ὁ
2653 1133 2946 1202 Σωτὴρ,οὑ
2977 1136 3115 1211 πρὸς
3140 1140 3237 1208 τὴν
3261 1141 3461 1194 ἑαυτοῦ
3496 1143 3723 1211 βλέπων
3749 1145 3913 1209 ἀξίαν,

2324 1222 2459 1276 ἀλλὰ
2495 1225 2630 1292 πρὸς
2665 1228 2763 1296 τὴν
2795 1225 2907 1280 τῶν
2946 1218 3253 1297 ἀνθρώπων
3302 1232 3601 1299 ὠφέλειαν.
3632 1239 3748 1292 Καὶ
3779 1239 3808 1289 6
3837 1230 3916 1291 τδν

2322 1314 2502 1382 γάμον
2551 1316 2928 1388 νομοθετήσας
2992 1316 3124 1390 ἧλοε
3174 1325 3424 1392 τιμήσων
3477 1325 3570 1378 τὸν
3611 1329 3917 1395 γάμον,καὶ

2323 1406 2571 1473 άγιάσων
2621 1409 2784 1462 αὑτὸν
2817 1413 2881 1479 τῇ
2920 1413 3234 1486 παρουσίᾳ·
3269 1417 3365 1468 καὶ
3395 1419 3422 1469 ὁ
3455 1420 3680 1488 μορφὴν
3737 1419 3915 1471 δούλου

2314 1496 2501 1549 -λαὸὼν
2553 1501 2653 1553 οὐκ
2686 1502 3001 1570 ἀπηξίωσεν
3036 1509 3118 1567 εἰς
3149 1507 3330 1577 γάμον
3355 1509 3468 1578 (79)
3497 1510 3613 1562 δού)
3627 1530 3708 1562 ων
3740 1529 3915 1576 παρα·-

2321 1588 2600 1655 γενισθαι,
2632 1593 2681 1642 εί
2717 1592 2812 1644 καὶ
2843 1595 2944 1664 τὴν
2981 1600 3373 1665 προσήκουσαν
3395 1600 3529 1668 περὶ
3561 1601 3738 1653 αὐτοῦ
3768 1602 3916 1665 δοξαν

2319 1679 2418 1732 οὐκ
2445 1675 2591 1749 εἶχον
2615 1682 2664 1732 οἱ
2701 1684 3052 1748 καλέσαντες.
3087 1687 3174 1750 Ὠς
3225 1691 3334 1756 γάρ
3376 1690 3569 1753 ἁπλῶς
3612 1692 3913 1763 γνώριμον,

2325 1773 2420 1824 καὶ
2447 1772 2556 1824 τῶν
2588 1774 2802 1826 πολλῶν
2837 1777 2957 1841 ἕνα,
2984 1778 3178 1832 τοῦτον
3213 1783 3506 1837 ἐκάλεσαν.

2395 1955 2504 2008 Καὶ
2543 1985 2601 1994 -
2636 1957 2912 2025 ἔχουσιν.
2960 1960 3416 2033 ’Υστερήσαντος,
3458 1969 3578 2036 ἤτοι
3637 1969 3917 2037 ἐνδεήσαν-

2322 2062 2433 2108 τος,
2467 2046 2837 2115 ἐλλείψαντος.
2870 2049 3039 2103 Οὔπω
3097 2053 3198 2120 μὲν
3241 2053 3341 2116 οὖν
3399 2056 3505 2118 ἕως
3551 2059 3682 2110 τότε
3736 2058 3916 2127 Θαῦμα

2322 2135 2647 2203 πεποίηκεν.
2698 2139 2850 2190 Ἐπεὶ
2871 2140 2926 2192 δὲ
2957 2142 3282 2211 μεμάθηκεν
3310 2146 3562 2215 ἡΜήτηρ
3591 2148 3662 2199 τὰ
3690 2153 3812 2200 κατ’
3835 2149 3916 2200 αὖε

2321 2227 2431 2293 τὸν,
2452 2229 2532 2280 ὄτι
2551 2247 2608 2280 τε
2631 2231 2698 2283 δι’
2727 2232 2888 2284 αὑτὸν
2918 2229 3084 2302 ἦλθεν
3115 2238 3142 2286 ὁ
3177 2237 3432 2308 Ἰωάννης
3462 2240 3559 2290 καὶ
3588 2240 3675 2292 ὃτι
3708 2257 3913 2308 μεμαρο

2320 2322 2528 2394 τύρηκε
2562 2328 2687 2392 περὶ
2721 2326 2818 2393 τῆς
2859 2327 3116 2398 Θεότητος
3141 2329 3308 2382 αὑτοῦ
3333 2332 3429 2384 καὶ
3465 2333 3548 2384 ὅτι
3606 2333 3704 2385 καὶ
3751 2334 3911 2402 ούρα-

2321 2416 2472 2469 νὸθεν
2530 2420 2916 2492 ἐμαρτυρήθη,
2950 2424 3067 2490 ἅμα
3129 2424 3184 2476 δὲ
3220 2427 3316 2477 καὶ
3358 2422 3496 2478 εἶδεν
3526 2428 3611 2479 ὅτι
3667 2429 3912 2496 μαθητάς

2321 2508 2710 2576 προσελάϐετο,
2745 2514 2976 2582 συνῆκεν
3001 2515 3085 2566 ὄτι
3127 2515 3328 2585 ἦρξατο
3384 2519 3576 2570 λοιπὸν
3631 2520 3911 2572 ἀποκαλύ-

2319 2599 2575 2654 πτεσθαι.
2605 2603 2698 2654 Διὸ
2730 2604 2844 2667 καὶ,
2867 2605 3220 2679 Θαρῤήσασα,
3240 2612 3622 2679 παρεκάλεσεν
3652 2613 3908 2673 diatoni;

2320 2688 2774 2761 Θαυματουργίαν
2833 2696 2982 2749 οἴνου
3036 2697 3412 2762 ἐλλείποντος,
3469 2701 3780 2773 βουλομένη
3823 2707 3909 2757 καὶ

2318 2783 2425 2842 τοῖς
2453 2782 2714 2833 καλέσασι
2748 2783 3064 2838 καταθεῖναι
3095 2791 3279 2857 χάριν,
3301 2793 3393 2843 καὶ
3436 2794 3642 2861 ἑαυτὴν
3675 2793 3908 2864 λαμπροο

2316 2873 2482 2942 τέραν
2513 2874 2797 2944 ἀποφῆναι
2843 2877 2930 2930 διὰ
2952 2880 3052 2948 τῆς
3081 2881 3177 2933 τοῦ
3207 2883 3343 2935 Υίοῡ
3373 2884 3682 2954 δυνάμεως.
3709 2887 3798 2938 Διὸ
3825 2889 3906 2940 καὶ

2315 2965 2546 3036 ἐπιτιμᾷ
2583 2969 2720 3038 αὐτῇ
2759 2970 2857 3021 οὐκ
2890 2971 3196 3040 ἀτιμάζων,
3225 2974 3364 3028 ἀλλὰ
3401 2976 3790 3048 διορθούμενος
3835 2980 3904 3041 ὡς

613 3026 842 3090 gratiam
887 3026 1080 3081 volens
1123 3032 1448 3099 rependere,
1489 3044 1544 3089 et
1571 3051 1724 3090 suam
1758 3039 1983 3104 gloriam
2019 3044 2203 3098 volens

613 3126 714 3142 nn.
736 3112 852 3142 D:I::
893 3119 1192 3142 ...ηλκιεμη
1239 3122 1385 3142 ,1,μ-
1410 3135 1480 3142 η-
1529 3141 1534 3142 ,
1671 3127 1690 3142 1
1716 3128 1726 3142 ι

2313 3026 2562 3127 ἀκαίριος
2612 3026 3098 3128 παρακαλέσασανῖ
3135 3026 3257 3119 ’ὁτι
3294 3069 3406 3137 γάρ
3451 3026 3666 3140 σξρὸδρέ
3705 3072 3902 3142 ταύτην

613 3126 714 3179 per
735 3112 853 3167 Filii
893 3119 1195 3184 potentiam
1231 3122 1630 3181 demonstrare.
1671 3127 1910 3198 Ideoque
1934 3147 2054 3186 eam
2084 3150 2203 3189 cor-

613 3201 745 3233 ιρῖηἶο
799 3221 905 3233 ..Α-ι
939 3211 1089 3233 -..--:
1121 3213 1242 3233 -.ειεῄ
1267 3230 1314 3233 __
1349 3217 1384 3233 n,
1589 3221 1602 3233 ι
1763 3223 1773 3233 .

2313 3112 2502 3219 ἐτίμα,
2535 3112 2702 3220 δῆλον
2719 3154 2828 3206 ἀπό
2851 3171 2910 3207 τε
2938 3156 3156 3210 πολλῶν
3187 3112 3628 3215 ἄλλιυνγκαὶγάπς)
3650 3165 3749 3217 τοῦ
3775 3112 3902 3233 πλη-

613 3201 766 3271 ripit,
798 3221 908 3260 non
935 3211 1089 3276 quasi
1121 3213 1488 3282 vilipendens,
1509 3221 1602 3273 sed
1632 3223 1914 3293 corrigens
1947 3233 2206 3297 tanquam

611 3295 995 3367 intempestive
1027 3314 1364 3374 precantem.
1412 3310 1543 3364 Nam
1575 3315 1718 3382 quod
1757 3331 1876 3371 eam
1907 3320 2204 3388 plurimum

610 3388 932 3458 honoraret,
972 3405 1028 3448 et
1059 3411 1124 3452 ex
1175 3400 1297 3454 aliis
1322 3403 1508 3458 multis
1535 3406 1888 3464 manifestum
1915 3422 2018 3478 est,
2049 3426 2105 3470 et
2136 3432 2203 3473 ex

2313 3243 2491 3312 ρῶσαι
2527 3244 2626 3314 τὴν
2665 3245 2926 3316 τοιαύτην
2954 3250 3125 3318 αὐτῆς
3168 3255 3542 3324 παράκλησιν·
3604 3258 3899 3327 ἐπετίμησε

2312 3334 2413 3401 μὲν
2470 3333 2580 3404 γὰρ
2636 3336 2800 3406 αὐτῇ,
2845 3339 3116 3395 παιδεύων
3171 3346 3369 3412 μηκέτι
3419 3347 3652 3399 τοιαῦτα
3701 3350 3899 3418 ζητεῖν,

2308 3425 2425 3479 ἀλλ’
2445 3429 2542 3498 ἑᾷν
2569 3429 2637 3482 τά
2669 3429 2930 3500 θαύματα
2963 3436 3104 3487 κατὰ
3138 3436 3297 3505 λόγον
3322 3440 3568 3505 γίνεσθαι
3587 3458 3601 3469 ο
3629 3443 3898 3511 ἐπήκουσε

609 3493 676 3533 eo
706 3483 853 3551 quod
899 3485 1074 3554 ipsius
1101 3492 1397 3559 complevit
1419 3495 1883 3556 exhortationem.
1925 3504 2203 3577 Corripuit

2311 3517 2364 3569 δὲ
2390 3519 2583 3589 αὐτῆς,
2618 3525 2795 3592 τιμῶν
2819 3525 2895 3588 ὡς
2928 3529 3162 3600 μητέρα.

2086 3573 2101 3577 -
2636 3573 2639 3574 ν
2822 3573 2891 3588 η.
2928 3573 3162 3600 ,ων-,ηπ

609 3573 796 3644 itaque
846 3593 964 3633 eam
989 3581 1214 3644 docens.
1245 3591 1487 3643 nondum
1538 3594 1662 3647 talia
1719 3611 1841 3652 esse
1891 3606 2206 3671 quaerenda,
2251 3625 2562 3683 quanquam
2601 3619 2861 3674 miracula
2931 3622 3102 3678 verbo
3166 3637 3354 3694 posset
3383 3629 3622 3698 operari.
3651 3629 3895 3686 Obedivit

607 3680 815 3734 autem,
848 3688 969 3727 eam
1005 3685 1260 3746 tanquam
1294 3695 1520 3739 matrem
1545 3687 1843 3747 bonorans.

677 3765 835 3823 Vers.
871 3769 924 3822 4.
957 3771 1096 3826 Dicit
1136 3804 1207 3816 --
1243 3779 1479 3834 mulier!
1501 3781 1640 3848 Quid
1673 3787 1738 3842 ad
1773 3804 1875 3844 nos
1905 3793 2102 3850 attinet
2142 3797 2194 3853 id

606 3873 708 3926 pro
744 3874 853 3926 quo
897 3859 1266 3930 deprecaris?
1306 3871 1434 3940 quid
1489 3874 1559 3928 ita
1617 3892 1718 3932 nos
1754 3881 1951 3951 urget?
2006 3884 2195 3942 Potest

604 3959 872 4017 prmterea
907 3962 962 4006 et
992 3955 1098 4008 alio
1148 3960 1313 4014 modo
1365 3962 1614 4037 intelligi.
1665 3969 1807 4034 Quid
1841 3975 1974 4028 mihi
2013 3985 2193 4034 tecum

606 4052 899 4095 commune
933 4053 1014 4098 est
1039 4047 1062 4098 τ
1087 4062 1187 4118 ego
1221 4049 1489 4120 siquidem
1524 4067 1711 4127 utpote
1741 4063 1882 4118 Deus
1910 4067 2038 4121 novi
2071 4085 2193 4138 quae

606 4139 850 4200 tempora
886 4137 1119 4192 edendis
1161 4142 1443 4200 miraculis
1474 4149 1585 4203 sint
1611 4165 1862 4222 ‘congrua
1911 4175 1924 4211 :

601 4221 691 4275 illa
731 4222 949 4292 ignoras
1000 4232 1151 4298 quasi
1185 4233 1369 4289 homo.
1410 4237 1531 4292 Non
1566 4241 1704 4296 dixit
1738 4221 1959 4312 autem.
1994 4249 2188 4322 Mater,

599 4313 715 4376 sed,
746 4315 958 4382 Mulier,
995 4328 1252 4391 tanquam
1291 4326 1454 4383 Deus.

671 4401 830 4458 Vers.
857 4407 912 4460 4.
955 4409 1205 4467 Nondum
1235 4446 1306 4455 —
1329 4436 1464 4474 mea.
1492 4420 1743 4480 Nondum
1779 4431 1937 4486 adest
1967 4443 2183 4505 tempus

598 4509 779 4549 meum
818 4498 883 4551 ad
928 4501 1203 4558 edendum
1235 4510 1379 4575 quod
1404 4515 1606 4580 quasris
1647 4518 1968 4577 miraculum
2002 4542 2018 4579 :
2051 4536 2184 4584 tunc

600 4596 782 4643 autem
834 4592 1034 4659 aderit,
1081 4611 1206 4653 cum
1243 4599 1296 4653 hi
1331 4604 1528 4670 quibus
1579 4624 1717 4678 opus
1759 4623 1844 4667 est
1890 4619 2177 4683 miraculo.

597 4684 957 4751 cognoverint
991 4689 1134 4755 quod
1180 4692 1306 4746 talia
1343 4697 1544 4764 possim
1579 4705 1816 4770 operari,
1854 4716 1906 4761 et
1949 4709 2052 4778 ipsi
2092 4728 2182 4767 me

594 4773 804 4829 iuerint
852 4777 1153 4847 deprecati.
1209 4785 1367 4840 Nunc
1405 4799 1588 4845 autem
1624 4804 1798 4851 matre
1851 4801 1927 4868 (p)
1968 4773 2178 4858 adhor-

593 4875 741 4920 tante
768 4883 876 4922 non
911 4870 1085 4924 solum
1106 4872 1547 4946 intempestivum
1580 4897 1761 4953 esset,
1790 4905 1980 4946 verum
2010 4897 2178 4950 etiam

591 4969 933 5025 suspectum,
986 4972 1042 5019 et
1077 4969 1500 5034 querulosorum
1537 4976 1804 5044 facillime.
1838 4993 2050 5052 pateret
2079 5003 2176 5043 ca-

593 5044 834 5105 littnnim.

2369 3801 2543 3872 Λέγει
2578 3831 2648 3843 ——
2697 3805 2914 3874 rt'rrat;
2966 3808 3032 3860 Τί
3087 3811 3223 3878 ἡμῖν
3273 3817 3598 3878 αναγκαῖον,
3661 3823 3792 3888 περὶ
3838 3815 3891 3874 οὗ

2295 3893 2634 3960 παρακαλεῖς
2659 3911 2672 3958 ;
2707 3895 2759 3947 τί
2787 3898 2848 3948 τὸ
2881 3902 3209 3966 κατεπεῖγον
3238 3899 3620 3972 οὖτωςήμᾶ;;
3661 3909 3818 3962 ’Ἔστι
3841 3913 3890 3965 δι

2294 3983 2387 4035 καὶ
2421 3984 2624 4054 ἑτέρως
2657 3986 2876 4057 νοῆσαιο
2914 3988 2980 4040 Τί
3010 3992 3189 4044 κοινὸν
3219 3994 3344 4061 ἐμοὶ
3375 3999 3467 4047 καὶ
3502 3998 3589 4049 σοί
3615 4016 3630 4063 ;
3663 4001 3774 4068 ἐγὼ
3799 4003 3890 4070 μὲν

2293 4073 2401 4144 γάρ
2441 4071 2559 4128 οἶδα
2590 4077 2718 4141 τοὺς
2754 4083 3136 4150 προσήκοντας
3167 4087 3397 4155 καιροὺς
3427 4087 3539 4139 τῶν
3573 4089 3884 4160 θαυμάτων,

2292 4163 2368 4227 ὡς
2401 4164 2534 4230 Θεός
2561 4182 2574 4196 '
2613 4170 2676 4222 σὺ
2708 4169 2763 4221 δὲ
2799 4171 3014 4238 ἀγνοεῖς
3057 4175 3277 4239 αὐτοὺς,
3310 4176 3387 4240 ὡς
3427 4179 3747 4249 ἄνθρωπος.
3781 4189 3884 4239 Οὐκ

2285 4251 2403 4308 εἶπε
2434 4258 2511 4324 δὲ,
2546 4257 2764 4327 Μῆτερ,
2795 4262 2953 4327 ἀλλὰ,
2987 4267 3201 4332 Γύναι,
3233 4269 3309 4332 ὡς
3338 4270 3495 4335 Θεός.

2360 4438 2535 4491 Οὔπω
2557 4457 2789 4508 -μου,
2824 4440 2992 4497 Οὔπω
3024 4446 3347 4521 πάρεστινή
3381 4452 3502 4523 ὥρα
3551 4474 3680 4523 μου,
3720 4461 3751 4528 ἡ
3792 4459 3877 4515 τοῦ

2293 4528 2806 4602 θαυματουργῆσαι,
2845 4536 2872 4588 ὃ
2901 4537 3103 4606 ζητεῖς.
3144 4541 3277 4593 Τότε
3316 4545 3423 4615 γὰρ
3471 4550 3764 4618 πάρεστιν,
3796 4555 3875 4607 ὅτε

2291 4622 2342 4673 οἱ
2377 4622 2620 4692 δεόμενοι
2665 4626 2761 4679 τοῦ
2811 4629 3092 4694 θαύματος
3139 4635 3473 4702 ἐπιγνῶσιν,
3521 4641 3606 4693 ὅτι
3649 4643 3875 4714 δύναμαι

2290 4712 2521 4768 τοιαῦτα
2551 4719 2727 4769 ποιεῖν
2745 4717 3149 4788 (80),καὶαύτοί
3175 4743 3245 4796 με
3279 4712 3869 4805 παρακαλέσουσιβί).

2284 4805 2400 4857 Νῦν
2430 4806 2486 4858 δὲ
2520 4808 2550 4876 ή
2577 4808 2678 4875 τῆς
2714 4813 2922 4880 μητρὸς
2954 4816 3326 4888 παράκλησις,
3346 4821 3408 4873 οὺ
3441 4823 3606 4892 μόνον
3632 4827 3869 4897 ἄκαιρος,

2283 4898 2422 4952 ἀλλὰ
2463 4905 2558 4955 καὶ
2611 4901 2857 4968 ὕποπτος
2911 4908 3004 4961 καὶ
3063 4913 3177 4974 τοῖς
3229 4914 3633 4986 μεμψιμοίροις
3680 4920 3867 4990 εὐετη-

2288 4994 2533 5063 ρέαστος.

1766 5230 1966 5294 Varite
2018 5233 2332 5303 lectiones
2363 5250 2427 5303 et
2468 5252 2658 5306 notas.

663 5362 776 5426 (79)
806 5365 994 5420 δούλου
1018 5367 1084 5424 Α.

662 5432 774 5505 (80)
815 5438 1039 5507 ποιῆσαι
1070 5441 1132 5498 Α.

671 5592 746 5657 (p)
782 5595 974 5662 Matre,
1017 5610 1125 5656 ctc.
1179 5603 1362 5660 Matris
1420 5609 1722 5668 admonitio
1759 5635 1866 5672 non

594 5659 786 5719 bcntcr
838 5659 1272 5743 reprehendunt,
1346 5681 1783 5743 Cavillutionilms
1834 5691 2088 5744 obnoxia.

2345 5398 2455 5469 (8|)
2492 5388 2669 5456 Malim
2705 5405 3154 5474 παρακαλέσωσι.

1919 5621 2093 5701 solum
2149 5624 2532 5695 illlCl’llpt!Sli\a
2563 5667 2578 5694 ,
2614 5631 2710 5686 scd
2745 5643 2798 5688 et
2843 5646 3099 5706 suspecta
3148 5644 3315 5709 atque
3364 5641 3582 5698 illorum
3647 5640 3732 5711 qui
3791 5639 3846 5695 li-
