4094 6396
260 413 400 477 ῙῙόἸ

1227 414 1620 478 COMMENT.
1665 416 1748 478 IN
1787 417 2170 482 JOANN’EM.
2206 448 2252 460 -ν
2311 424 2468 487 CAP.
2517 425 2600 486 ῐῐ.

3401 436 3539 503 1156

250 535 394 606 πλὴν
428 536 643 605 παρῆκε
675 532 834 586 τοῦτο
865 532 922 585 :6
951 532 1118 601 μέρος
1159 535 1186 586 ὁ
1212 533 1610 605 εὐαγγελιστὴς
1640 536 1717 600 ὡς
1741 537 1820 589 οὐκ

1948 553 2078 594 nam
2166 551 2250 596 est
2305 542 2410 598 hoc
2457 543 2528 613 (ν)
2568 546 2596 598 .’
2651 556 3028 605 verumtamen
3077 549 3132 606 id
3191 561 3538 625 pratermisit

248 627 572 695 ἀναγκαῖον.

323 717 538 772 Γινοιτο
554 717 609 771 δὲ
632 715 800 787 κάμὲ,
825 717 917 782 τὸν
936 715 1166 787 ψυχρὸν,
1197 714 1292 771 καὶ
1319 716 1538 788 χαῦνον,
1563 719 1656 772 καὶ
1681 719 1839 791 διαρο

249 810 474 880 ῥέοντα.
515 812 608 863 καὶ
649 809 791 863 κατὰ
827 810 988 863 τοῦτο
1044 807 1213 877 μηδὲν
1259 806 1448 868 ὕδατο,
1478 807 1830 880 διαφέροντα,

247 900 660 972 μεταϐληθῆναι
693 901 830 972 πρὸς
856 901 1071 972 Θέρμην
1101 899 1481 970 πνευματικὴν
1511 901 1605 953 καὶ
1638 901 1835 970 στύψιν

244 991 506 1060 ἐνάρετον
539 992 633 1044 καὶ
659 991 821 1060 πῆξιν
852 991 1024 1062 ἠθῶν,
1056 990 1202 1045 ὥστε
1229 991 1322 1044 καὶ
1348 991 1574 1061 ἑτέρους
1603 990 1834 1060 εὐφραίο

242 1098 360 1135 νειν
378 1082 663 1138 δύνασθαι.

321 1178 554 1244 ταύτην
585 1207 652 1218 -
709 1178 1070 1243 Γαλιλαίας.
1105 1178 1181 1232 Οὐ
1232 1177 1397 1249 μόνον
1445 1178 1722 1249 ἀνέγραψε
1771 1179 1833 1232 τὺ

239 1267 450 1338 θαῦμα,
505 1269 648 1324 ἀλλὰ
699 1274 794 1324 καὶ
833 1271 1076 1336 ἐδίδαξεν
1102 1273 1186 1325 ὅτι
1229 1270 1389 1325 τοῦτο
1433 1267 1504 1342 ἦν
1538 1270 1683 1340 ἀρχὴ
1721 1271 1830 1325 τῶν

238 1360 511 1428 σημείων.
578 1361 735 1414 Ἐπεὶ
774 1361 883 1432 γὰρ
913 1361 1016 1414 οὐκ
1053 1363 1332 1432 ἄχρηστον
1375 1357 1446 1432 ἦν
1495 1361 1696 1415 εἰδέναι
1732 1363 1829 1414 καὶ

234 1450 421 1511 τοῦτο.
455 1449 664 1515 λοιπον,
698 1451 775 1516 ὡς
805 1452 1244 1524 παρασιωπηθὲν
1283 1455 1396 1516 τοῖς
1429 1452 1633 1516 ἀλλοις,
1684 1453 1831 1506 [στό-

239 1558 411 1613 ρησεν
463 1543 620 1609 αὐτὸ,
671 1545 1011 1616 χρησιμεῦον
1050 1545 1131 1608 είς
1175 1544 1237 1598 τὸ
1269 1544 1346 1616 μὴ
1397 1545 1677 1599 πιστεύειν
1712 1547 1828 1607 τοῖς

234 1633 556 1704 λεγομένοις
605 1633 718 1706 (9ἓ)
780 1637 1053 1699 παιδικοῖς
1103 1635 1348 1706 θαύμασι
1394 1635 1492 1689 τοῦ
1561 1634 1822 1706 ἲριστοῦ.

235 1725 409 1780 Τοῦτο
436 1729 545 1797 γὰρ
592 1729 737 1799 ἀρχὴ
776 1730 886 1782 τῶν
934 1730 1200 1800 σημείωνο
1257 1729 1440 1783 ἐκεῖνα
1470 1727 1526 1782 δδ
1597 1728 1826 1800 πλάσμα

233 1819 386 1873 ἀστὶν
419 1821 612 1892 ἀνδρὸς
639 1821 1042 1892 λυμαινομένου
1071 1825 1137 1893 τῇ
1167 1821 1418 1892 ἀληθείᾳ.
1456 1821 1519 1874 El
1558 1822 1668 1891 γάρ
1697 1824 1826 1884 παῖς

1949 630 2283 702 evangelista
2340 641 2530 703 utpote
2555 651 2664 690 non
2713 641 3108 699 necessarium.

2019 721 2240 779 Utinam
2273 735 2455 780 autem
2483 736 2539 781 et
2564 743 2664 799 ego
2721 731 2812 799 qui
2836 732 3064 805 frigidus
3100 750 3243 800 sum,
3280 739 3434 795 laxus
3481 750 3538 796 et

1949 813 2178 877 ell’usus,
2212 815 2351 869 nihil
2380 817 2433 870 in
2477 818 2581 873 hoc
2612 826 2681 873 ab
2701 836 2838 890 aqua
2869 823 3150 889 dill‘erens,
3214 828 3266 881 in
3297 830 3532 884 calorem

1949 914 2303 960 converterer
2354 907 2719 976 spiritualcm.
2801 913 3017 970 virtutis
3060 919 3534 986 constriclionem,

1947 1011 2010 1050 ac
2032 1011 2246 1051 morum
2279 999 2612 1064 ﬁrmitatem,
2665 1017 2726 1055 ut
2777 1013 2835 1057 et
2867 1005 3003 1060 alios
3075 1006 3354 1062 implicare
3405 1025 3534 1078 pos-

1947 1101 2084 1140 sem.

2015 1177 2173 1233 Vers.
2231 1180 2318 1236 li.
2373 1181 2861 1238 Hoc—Galilww.
2920 1186 3038 1241 Non
3102 1187 3278 1242 solum
3323 1190 3531 1258 scripto

1946 1263 2188 1332 prodidit
2241 1265 2588 1331 miracislum,
2647 1272 2740 1324 sed
2800 1273 2964 1326 etiam
2988 1274 3528 1347 doeuitprincipium

1946 1353 2049 1408 hoc
2077 1355 2246 1412 fuisse
2295 1360 2599 1429 signorum.
2666 1362 2798 1416 Nam
2831 1366 2957 1433 quia
2991 1366 3045 1420 id
3097 1368 3234 1421 scitu
3301 1370 3526 1439 dignum

1944 1453 2080 1507 erat,
2118 1454 2174 1500 et
2195 1447 2264 1500 ab
2298 1449 2419 1504 aliis
2449 1453 2812 1518 praeteritum,
2848 1455 3070 1522 scripsit
3116 1457 3271 1521 illud,
3338 1469 3529 1528 utpote

1944 1535 2012 1590 ad
2038 1536 2141 1591 hoc
2169 1539 2322 1602 utile,
2357 1556 2425 1594 ne
2455 1541 2590 1597 ﬁdes
2619 1543 2952 1599 adhibeatur
2988 1546 3082 1602 his
3110 1564 3232 1618 qua:
3265 1550 3531 1606 dicuntur

1944 1628 2098 1696 pueri
2142 1628 2346 1684 Christi
2379 1633 2672 1695 miracula;
2713 1636 2817 1691 hoc
2844 1640 2990 1691 enim
3032 1639 3134 1694 fuit
3165 1641 3381 1696 initium
3414 1646 3529 1713 sig-

1942 1731 2138 1772 norum
2191 1737 2203 1771 :
2250 1721 2340 1774 illa
2399 1737 2528 1775 vero
2573 1734 2702 1779 sunt
2751 1743 2890 1795 opus
2941 1728 3038 1781 viri
3082 1730 3172 1799 qui
3213 1748 3243 1784 a
3297 1735 3529 1790 veritate

1942 1806 2237 1862 aberravit.
2270 1808 2404 1863 Nam
2445 1811 2489 1863 si
2524 1827 2659 1880 puer
2700 1813 2970 1867 u'irabilia
3012 1825 3273 1884 operatus
3305 1817 3524 1883 fuisset,

229 1910 312 1962 ὢν
345 1879 810 1983 ἐθαυματούργει,
847 1879 1013 1968 πᾶσιν
1052 1879 1380 1982 ᾱκὶἰγιζρετέ
1406 1879 1686 1982 γνὼρίμος
1724 1879 1820 1965 ait;

1935 1897 1988 1951 id
2043 1899 2232 1952 statim
2291 1901 2550 1956 omnibus
2607 1903 2958 1968 iuuotuisset,
3019 1879 3202 1976 neque
3267 1879 3528 1964 Israelitis

229 2001 386 2056 τίκα”
440 2001 852 2075 παραδοξότερα
885 2004 995 2076 γὰρ
1051 2005 1118 2059 τὰ
1169 2005 1320 2077 παρά
1355 2007 1648 2076 μειρακίου
1688 2004 1824 2057 θαυ-

232 2098 716 2167 ματουργούμεναο
749 2099 846 2151 καὶ
884 2102 985 2153 οὐκ
1018 2099 1084 2152 ἂν
1115 2099 1423 2168 ἐδεήθησαν
1445 2099 1495 2152 oi
1551 2097 1823 2168 Ἰσραηλῐο

196 2178 321 2243 ’ται
351 2189 447 2242 τοῦ
490 2190 740 2244 Ἰωάννου
767 2191 1187 2262 φανερώσαντος
1219 2191 1333 2258 (93)
1374 2191 1559 2244 αὐτόν.
1609 2192 1818 2261 Είρηκε

225 2280 341 2352 γὰρ
367 2283 532 2346 αὐτὸς
592 2283 622 2336 6
656 2284 914 2355 Ἰωάννης
964 2284 1045 2337 ὅτι
1081 2285 1216 2338 Ἵνα
1243 2282 1558 2352 φανερωθῇ
1597 2281 1677 2345 τῷ
1710 2284 1819 2337 Ἰσ-

218 2375 409 2442 ραὴλ,
446 2373 544 2427 διὰ
596 2373 774 2428 τοῦτο
807 2370 998 2444 ἦλθον
1028 2375 1144 2443 ἐγὼ
1173 2375 1243 2428 ἐν
1274 2373 1355 2438 τῷ
1404 2374 1574 2427 ὕδατι
1596 2373 1820 2437 βαπτί-

225 2463 359 2535 ζων.
387 2466 627 2530 Εἰκότως
660 2466 754 2519 οὖν
807 2468 1064 2535 ἀνέμεινε
1097 2467 1196 2536 τὴν
1226 2466 1453 2534 ἀνδράσι
1493 2467 1820 2538 πρέπουσαν

223 2559 466 2628 ἡλικίαν,
504 2559 591 2612 ἵνα
625 2559 701 2630 μὴ
750 2559 1019 2628 νομίσωσι
1058 2559 1361 2627 φαντασίαν
1391 2556 1530 2611 εἶναι
1573 2560 1639 2611 τὰ
1673 2559 1821 2626 γινό-

227 2667 390 2717 μενα.
415 2651 475 2703 Εἰ
508 2652 639 2721 γὰρ,
683 2652 745 2703 ὲν
801 2650 983 2722 τελείᾳ
1017 2651 1205 2721 ἡλικίᾳ.
1243 2649 1816 2722 θαυματουργοῦντος,

223 2742 415 2794 πολλοὶ
443 2741 604 2796 τοῦτο
657 2743 1006 2807 ὑπώπτευον,
1043 2743 1226 2814 πολλῷ
1284 2743 1486 2812 μᾶλλον
1519 2744 1576 2795 ὲν
1606 2743 1812 2797 ἀτελεῖ.

224 2835 336 2887 Καὶ
358 2833 551 2888 θᾶττον
581 2835 638 2888 δὲ
667 2836 762 2889 καὶ
795 2835 924 2906 (94)
955 2835 1062 2903 πρὸ
1084 2837 1177 2890 τοῦ
1201 2837 1573 2906 προσήκοντος
1618 2837 1814 2906 καιροῦ

221 2925 490 2994 ὥρμησαν
518 2928 585 2980 ἂν
604 2927 696 2978 ἐπὶ
723 2927 815 2979 τὸν
844 2928 1101 2995 σταυρὸν,
1148 2930 1213 2997 τῇ
1256 2927 1535 2996 βασκανίᾳ
1575 2929 1818 2998 τηκόμεο

221 3033 329 3078 νοι,
376 3019 471 3069 καὶ
530 3017 720 3070 λοιπὸν
769 3017 997 3086 ἔμελλεν
1045 3019 1107 3071 οὐ
1159 3019 1326 3088 μόνον
1373 3019 1750 3090 ἀπιστηθῆναι
1781 3023 1814 3090 ἠ

217 3110 505 3178 οἰκονομία
537 3109 640 3181 τῆς
669 3110 1163 3182 ὲνανθρωπήσεως,
1194 3111 1334 3164 ἀλλὰ
1353 3113 1447 3165 καὶ
1477 3113 1816 3184 ἐμποδισθῆ-

219 3217 307 3250 ναε
341 3198 400 3250 τὸ
429 3197 783 3267 Εὑαγγέλιον.

216 3383 524 3448 Ματθαῖον,
562 3383 709 3436 διατι
766 3382 906 3454 μετά
953 3383 1280 3453 τριακοστὸν
1331 3383 1453 3446 ἔτος
1501 3385 1530 3437 6
1574 3384 1814 3454 Χριστὸς

217 3471 386 3543 ἦλθεν
419 3475 510 3525 ἐπὶ
538 3474 598 3526 τὸ
631 3475 946 3543 βάπτισμα,
980 3475 1108 3528 ἔνθα
1135 3476 1418 3538 κεῖται-εδ,
1458 3476 1561 3530 Ἑν
1590 3474 1658 3529 δὲ
1683 3475 1815 3542 ταῖς

218 3568 471 3635 ἡμέραις
500 3569 773 3635 ἐκείναις
809 3570 1204 3636 παραγίνεται
1261 3570 1547 3637 Ἰωάννης
1610 3574 1642 3623 ό
1701 3574 1816 3625 Ba-

220 3661 498 3727 πτιστὴς.
534 3662 862 3728 κηρύσσων
885 3662 955 3714 ἐν
983 3660 1062 3729 τῇ
1090 3661 1290 3731 ἐρήμῳ
1334 3661 1444 3731 τῆς
1495 3662 1810 3729 Ἰουδαίας,

217 3754 311 3804 καὶ
346 3752 600 3823 εὑρήσεις
633 3753 816 3816 αἰτίας
855 3753 1255 3821 εὐλογωτάτας.

291 3844 403 3896 Καὶ
438 3873 508 3883 -
539 3842 750 3898 αὐτοῦ.
776 3844 890 3914 Τὴν
915 3843 1147 3913 δύναμιν
1175 3844 1368 3910 αὑτοῦ,
1419 3845 1483 3898 τὸ
1515 3847 1811 3915 μεγαλεῖον

213 3935 282 4004 τῆ
299 3978 312 3996 ,
345 3934 599 4004 θεότητος
622 3934 812 3989 αὑτοῦ.

289 4027 412 4089 ῐιῶς
461 4028 557 4080 καὶ
607 4027 714 4080 τίνι
748 4027 864 4100 (95)
899 4028 1125 4098 τρόπῳς
1152 4029 1323 4097 ὀλίγοι
1352 4028 1460 4099 γὰρ
1503 4030 1811 4101 προσέσχον

209 4117 294 4186 τῷ
322 4120 698 4189 γεγενημένῳο
736 4120 888 4190 μόνοι
915 4105 1025 4192 γάρ
1053 4121 1104 4172 οἱ
1144 4121 1440 4190 ὑπηρέται,
1475 4124 1568 4176 καὶ
1597 4125 1625 4175 6
1651 4124 1810 4194 ἀρχιο

211 4211 511 4280 τρίκλινος,
541 4215 636 4264 καὶ
665 4214 694 4266 6
727 4211 984 4280 νυμφίος,
1007 4215 1098 4266 καὶ
1123 4219 1171 4266 oi
1202 4215 1446 4285 μαθηταὶ
1475 4215 1642 4268 αὑτοῦ
1672 4217 1808 4286 (96).

214 4305 293 4356 Τό
321 4307 494 4371 γεείς
547 4304 715 4357 αὐτὸν
740 4301 903 4376 ἦχον,
939 4305 1290 4376 ἐφανέρωσεν
1344 4305 1518 4377 αὐτὴν
1595 4306 1685 4360 διὰ
1713 4307 1808 4360 τοῦ

210 4397 459 4447 τοιούτου
493 4396 790 4463 θαύματος.
825 4397 887 4449 El
917 4400 1024 4468 γὰρ
1061 4398 1157 4450 καὶ
1173 4397 1248 4468 μὴ
1268 4399 1390 4450 τότε
1421 4397 1607 4451 πολλοὶ
1637 4415 1810 4469 προσ-

211 4489 398 4558 έσχον,
434 4487 552 4540 ἀλλ’
585 4487 812 4558 ὕστερον
871 4489 1083 4560 διεδόθη
1123 4489 1184 4542 τὸ
1210 4488 1418 4559 θαῦμα,
1449 4495 1547 4543 καὶ
1575 4491 1808 4556 πολλοὺς

1835 3237 1882 3295 α

292 3293 538 3360 Ζήτησον
563 3292 618 3344 δὲ
658 3292 752 3344 καὶ
782 3293 840 3345 ἑν
894 3291 972 3362 τῷ
1001 3291 1172 3361 τρίτῳ
1226 3291 1515 3362 κεφαλαίῳ
1546 3293 1640 3347 τοῦ
1668 3291 1815 3346 κατὰ
1836 3277 1882 3300 “⁴

1934 1986 2127 2042 fuisset
2161 2002 2302 2057 opus
2334 1987 2571 2054 Joanne,
2601 2001 2660 2044 ut
2714 2007 2841 2046 eum
2895 1995 3292 2050 manifestatet.
3344 1995 3529 2066 Siqui-

1931 2086 2055 2130 dem
2083 2077 2323 2134 Joannes
2349 2079 2468 2148 ipse
2512 2081 2648 2134 dixit
2675 2099 2689 2134 :
2719 2083 2782 2137 Ut
2812 2086 3251 2156 manifestaretur
3301 2085 3522 2148 Israeli,

1932 2179 2145 2240 propter
2178 2175 2284 2230 jtoe
2331 2172 2450 2226 erui
2477 2187 2570 2238 ego
2601 2173 2655 2225 in
2706 2190 2854 2244 aqua
2883 2175 3162 2244 baptizata
3224 2175 3296 2230 ⁸⁵.
3331 2176 3524 2231 Merito

1931 2275 2061 2330 ergo
2099 2263 2436 2331 exspectavit
2471 2259 2924 2319 decentemviros
2951 2275 3190 2328 aetatem.
3222 2281 3294 2321 ne
3343 2267 3522 2336 phan-

1933 2358 2168 2404 tastnata
2201 2366 2325 2404 csse
2362 2361 2623 2421 putarent
2656 2369 2719 2408 ea
2743 2369 2868 2422 qua:
2900 2354 3116 2408 tierent.
3146 2355 3282 2410 Nam
3329 2357 3373 2411 si
3400 2359 3522 2426 plu-

1929 2439 2057 2492 rimi
2098 2440 2148 2493 id
2181 2441 2606 2509 suspicabantur
2648 2459 2772 2498 cum
2832 2446 2886 2498 iu
2915 2445 3154 2516 legitima
3185 2463 3248 2501 ac
3275 2449 3516 2518 perfecta

1926 2538 2088 2585 mtate
2131 2531 2398 2584 mirabilia
2439 2545 2782 2602 operaretur,
2821 2537 2996 2590 multo
3021 2539 3194 2608 magis
3228 2540 3283 2592 in
3317 2557 3520 2611 Imper-

1927 2621 2094 2684 l'eeta,
2130 2631 2185 2677 et
2208 2623 2527 2693 priusquam
2561 2634 2778 2694 tempus
2795 2630 3133 2682 conveniens
3179 2631 3515 2697 advenisset,

1928 2727 2052 2767 cum
2092 2713 2296 2767 invidia
2328 2715 2698 2778 tabescerent,
2727 2716 2783 2770 in
2818 2715 3160 2774 Salvatorem
3184 2721 3515 2779 insurrexis-

1929 2813 2053 2857 sent
2089 2811 2144 2858 ct
2176 2807 2248 2859 ita
2273 2821 2379 2858 non
2408 2807 2586 2860 solum
2637 2806 2906 2863 increduli
2947 2809 3181 2865 fuissent
3227 2813 3518 2883 dispensa-

1927 2895 2058 2947 tioni
2119 2895 2543 2963 Incarnationis,
2598 2898 2696 2954 sed
2747 2900 2916 2954 etiam
2981 2900 3334 2973 Evangelium
3406 2905 3516 2961 im-~

1923 2987 2295 3056 pedivissent.

1989 3290 2184 3356 Quaere
2243 3289 2407 3344 etiam
2476 3288 2643 3345 tertio
2705 3288 2862 3360 juxta
2925 3287 3241 3346 Matthteum
3307 3292 3518 3363 capite,

1918 3397 2081 3451 quam
2113 3381 2183 3436 ob
2203 3395 2427 3436 causam
2486 3391 2608 3450 post
2646 3381 2990 3435 tricesimum
3041 3396 3247 3435 annum
3298 3384 3516 3438 venerit

1916 3467 2170 3524 Christus
2217 3467 2284 3521 ad
2329 3466 2629 3536 baptisma,
2675 3469 2764 3523 ubi
2801 3469 3043 3524 dicitur:
3089 3466 3156 3522 In
3197 3471 3380 3524 diebus
3403 3471 3520 3526 illis

1917 3561 2050 3613 venit
2071 3560 2303 3614 Joannes
2331 3560 2578 3628 Baptista
2595 3561 2897 3629 pradicant
2922 3561 2978 3614 in
2993 3561 3198 3614 deserto
3217 3559 3424 3617 Iudaea
3441 3564 3510 3625 ",

1916 3661 1974 3707 et
1996 3666 2194 3707 causas
2231 3652 2480 3707 invenies
2534 3651 2845 3721 aptissimas
2903 3666 2968 3706 ac
3011 3652 3209 3706 rationi
3272 3653 3512 3710 maxime

1917 3759 2211 3800 000501188.

1991 3835 2147 3889 Vcrs.
2189 3835 2281 3892 ll.
2325 3833 2397 3888 Et
2439 3865 2512 3877 —
2544 3850 2721 3888 suam.
2785 3833 3096 3892 Potentiam
3145 3843 3203 3890 et
3243 3835 3513 3891 virtutem

1916 3941 2094 3991 suam,
2137 3924 2570 3996 magnitudinem
2605 3922 2911 3978 divinitatis
2937 3937 3072 3978 sure.

1989 4017 2186 4071 Verum
2220 4016 2497 4086 quomodo
2531 4023 2628 4069 aut
2690 4029 2801 4084 quo
2834 4023 2998 4084 pacto
3034 4014 3140 4070 hoc
3201 4015 3326 4080 fuit.
3377 4031 3512 4073 cum

1913 4109 2072 4180 pauci
2122 4109 2191 4163 ad
2226 4108 2299 4170 id,
2338 4106 2483 4177 quod
2542 4107 2746 4162 factum
2800 4117 2938 4172 erat,
2974 4107 3368 4176 advertissent,
3403 4110 3511 4166 soli

1913 4199 2168 4254 videlicet
2191 4197 2429 4253 ministri
2460 4208 2514 4252 et
2543 4195 2960 4251 architriclinus
2986 4211 3051 4252 ac
3079 4212 3318 4268 sponsus
3374 4215 3502 4255 cum

1912 4286 2193 4356 discipulis
2240 4287 2405 4356 ejus?
2429 4285 2586 4352 Quod
2623 4284 2677 4338 in
2712 4299 2772 4339 se
2800 4292 2940 4348 erat,
2978 4284 3348 4342 manifestavit
3377 4303 3508 4343 eam

1911 4399 2010 4454 per
2041 4379 2352 4450 huiusmodi
2407 4377 2732 4432 miraculum
2764 4393 2785 4444 ι
2813 4390 3130 4446 quanquam
3155 4376 3304 4432 enim
3342 4382 3502 4448 pauci

1912 4484 2044 4528 tunc
2074 4471 2458 4537 advertebant,
2490 4478 2680 4540 postea
2708 4480 2889 4523 tamen
2915 4467 3254 4538 divulgatum
3285 4479 3370 4524 est
3400 4472 3505 4525 mia

208 4580 488 4632 εἵλκυσεν.
517 4580 641 4633 Ὀτι
670 4557 729 4634 et
759 4582 815 4632 ὲν
842 4581 1031 4652 ἐκείνῃ
1057 4557 1122 4651 τῇ
1150 4557 1335 4651 ἡμέρα
1361 4582 1534 4644 οὐδεὶς
1563 4582 1673 4634 τῶν
1707 4583 1804 4636 ἀ),-

1927 4564 2180 4628 -aculum,
2210 4562 2520 4631 multosque
2563 4560 2810 4614 attraxit.
2874 4557 3030 4625 Quod
3063 4569 3244 4614 autem
3275 4559 3365 4614 die
3409 4560 3512 4616 illo

207 4672 320 4724 λων
353 4673 670 4737 ἐπίστευσε,
703 4671 862 4742 δῆλον
900 4672 1008 4725 ἀπὸ
1031 4673 1141 4725 τῶν
1172 4671 1321 4742 ἑξῆς.
1367 4672 1648 4742 Ἐπήγαγε
1672 4673 1804 4743 γάρ’

283 4854 393 4908 Καὶ
425 4883 497 4894 -
538 4854 748 4908 αὑτοῦ.
810 4853 874 4907 οι
919 4854 1016 4908 καὶ
1052 4852 1159 4924 πρὸ
1194 4851 1390 4904 τούτου
1426 4849 1805 4921 θαυμάζοντες

1910 4658 2095 4712 nullus
2125 4655 2355 4710 aliorum
2379 4652 2697 4716 crediderit,
2721 4667 2788 4706 ex
2843 4651 3204 4716 sequentibus
3235 4651 3508 4707 manifes-

1908 4758 2023 4804 tum
2048 4757 2132 4803 est
2158 4765 2173 4814 ;
2208 4761 2335 4800 nam
2366 4743 2651 4816 subiunxit
2679 4761 2692 4798 :

1979 4841 2133 4896 Vers.
2173 4841 2258 4895 tl.
2313 4837 2480 4892 Et—
2517 4837 2654 4907 ejus.
2698 4835 2802 4902 Qui
2853 4835 3024 4891 etiam
3083 4843 3248 4891 antea
3317 4834 3507 4906 ipsum

208 4943 400 4998 αὐτόν.
443 4943 607 5016 Ὁρᾷς
634 4945 714 4996 ὅτι
746 4944 870 4998 τότε
906 4943 1015 5014 χρὴ
1040 4941 1290 5012 γίνεσθαι
1320 4941 1388 4994 τά
1423 4945 1650 5012 σημεῖα,
1674 4943 1802 4996 ὅταν

1927 4934 2337 4990 ιάιοίηιηιιιιπ.
2367 4930 2533 4986 Vides
2555 4929 2700 4999 quod
2738 4937 2870 4982 tunc
2886 4933 3138 5016 oporteat
3167 4925 3284 4981 ﬂeri
3316 4926 3508 4996 signa,

209 5035 263 5087 ei
293 5035 530 5103 ὁρῶντες
557 5035 927 5105 εὐγνωμονεῖν
952 5035 1050 5089 καὶ
1083 5033 1376 5104 προσέχειν
1412 5033 1689 5102 μέλλοιεν.

322 5253 367 5282 ³⁶
401 5253 559 5308 Joan.
586 5266 624 5318 ι,
662 5251 754 5306 ⁸51.
864 5253 907 5286 ³⁷
937 5253 1129 5308 Matth.
1166 5268 1244 5312 tu,
1277 5257 1325 5306 ι.

1907 5040 2034 5081 cum
2075 5022 2321 5076 futurum
2351 5028 2434 5074 est
2467 5029 2529 5073 ut
2591 5025 2933 5088 spectatores
2987 5015 3240 5073 benevoli
3293 5016 3404 5071 siut
3441 5023 3508 5069 et

1909 5117 2154 5170 animum
2194 5113 2498 5166 advertant.

1408 5322 1605 5384 Var-im
1658 5323 1958 5385 lectiones
1994 5328 2057 5384 et
2099 5327 2290 5384 nota.

292 5487 402 5559 (Ὠ)
457 5489 630 5544 Aliter
694 5489 763 5544 de
804 5488 892 5545 liis
948 5488 1166 5544 videtur
1221 5486 1459 5559 sensisse
1514 5486 1796 5557 Origenes,

209 5558 406 5630 contra
438 5575 624 5630 quem,
667 5570 725 5615 ut
757 5562 1018 5623 arbitror,
1048 5561 1293 5628 disputat
1345 5558 1633 5630 Chrysost.
1664 5568 1798 5610 tom.

1977 5485 2091 5557 (96)
2127 5484 2240 5557 Καί
2268 5483 2424 5540 abest
2449 5484 2516 5539 Α.
2677 5555 2685 5557 _
2787 5552 2805 5557 _

1974 5552 2090 5626 (95)
2156 5555 2292 5609 Τίνα
2365 5557 2569 5625 τρόπον
2659 5555 2722 5609 Λ.
2786 5552 3052 5624 lntellige,
3129 5553 3494 5622 ἀφανερωσεν

216 5629 354 5690 νειι.
408 5628 468 5699 p.
524 5629 618 5682 l2l
674 5631 760 5695 l);
805 5631 898 5684 sed
965 5630 1217 5701 Origenis
1288 5631 1354 5684 ad
1418 5629 1565 5682 hunc
1622 5629 1801 5681 locum

1927 5628 2075 5701 15:33
2092 5643 2108 5686 :

211 5708 646 5754 (‘tittttnmttartlts
674 5702 984 5757 intercedit.

285 5771 397 5836 (95)
429 5771 624 5823 Nescio
667 5789 734 5824 an
768 5788 874 5824 non
908 5773 1176 5842 interpres
1204 5769 1399 5841 legerit
1442 5767 1795 5839 ςανερὼσον·

212 5852 326 5902 ὀη
351 5843 495 5908 quod
526 5856 624 5894 nec
653 5845 784 5895 mihi
818 5843 1163 5913 displicebat.

1974 5693 2085 5769 (96)
2123 5695 2226 5750 Aut
2261 5711 2325 5769 ex
2357 5693 2730 5769 superioribus
2761 5693 3139 5769 repetendum
3158 5694 3492 5764 προσέσχον.

1897 5765 1992 5822 aut
2013 5765 2162 5822 aliud
2199 5767 2428 5822 verbum
2459 5766 2853 5836 supplendum,
2898 5765 3068 5820 veluti
3124 5766 3455 5834 ιγινωσκον.
