4094 6406
240 339 371 414 llﬁl

1191 348 1580 411 COMMENT.
1624 349 1704 410 IN
1741 347 2122 410 JOANNEM.
2164 373 2224 386 -
2270 349 2419 412 CAP.
2475 348 2591 408 lli.

3393 351 3530 415 1162

309 460 484 528 Λέγει
542 489 609 499 -
669 456 1082 527 reseruantur;
1125 458 1189 510 Τί
1255 458 1437 523 τοῦτο,
1505 457 1831 527 Νικόδημε;

2014 457 2171 512 Vers.
2214 461 2267 514 4.
2312 458 2447 511 Dicit
2487 485 2557 496 —-
2586 459 2788 512 nasci?
2839 457 2981 525 Quid
3029 458 3155 526 hoc,
3183 458 3530 519 Nicodeme?

248 553 450 607 Ῥαδὸὶ
483 552 645 606 αὐτὸν
679 551 861 613 καλεῖς
887 591 900 614 ,
936 552 1032 605 καὶ
1066 551 1175 604 ἀπὸ
1213 551 1348 604 Θεοῦ
1385 550 1705 622 ἐληλυθέναι
1734 549 1826 603 λέ-

237 663 357 714 γεις
378 688 390 709 ,
423 646 516 699 καὶ
546 647 606 697 οὗ
640 642 916 707 πιστεύεις
942 638 1022 707 οἷς
1062 643 1239 711 λέγει;
1275 643 1448 696 Βαϐαὶ
1475 645 1574 714 τῆς
1611 643 1830 696 Ἰουδαῖ-

237 738 342 808 κῆς
374 737 688 806 παχύτητος
715 737 727 790 !
766 737 1042 788 Ἤκουσεν
1075 738 1461 805 ἀναγέννησιν,
1494 736 1630 790 ἀλλὰ
1663 752 1831 788 πνευο

242 827 521 897 ματικήν·
578 825 679 879 οὐκ
738 825 981 897 ἠδυνήθη
1030 826 1238 898 ταύτην
1291 826 1515 897 νοῆσαι,
1574 825 1666 876 καὶ
1723 827 1835 876 νοεῖ

242 919 556 988 σαρκικήν⁹
615 917 724 997 ’καὶ
791 919 1019 982 εἰκότως
1083 919 1304 988 ἀπορεῖ,
1367 919 1460 972 καὶ
1513 919 1668 989 ζητεί
1741 916 1833 968 τὸν

239 1009 468 1078 τρόπον.

323 1099 645 1165 Ἀπεκρίθη
677 1128 744 1139 -
780 1098 949 1154 Θεοῦ,
985 1098 1285 1169 Σαφηνίζει
1323 1101 1424 1173 μὲν
1463 1104 1557 1156 τὸν
1588 1105 1792 1177 τρόπον
1814 1148 1829 1173 ,

248 1191 451 1260 λέγων,
494 1192 577 1243 ὅτι
615 1191 672 1258 ἐξ
699 1190 897 1254 ὓδατος
946 1192 1040 1245 καὶ
1089 1191 1432 1264 Πνεῦματος,
1483 1194 1687 1267 δηλαδὴ
1739 1197 1834 1250 τοῦ

242 1283 433 1351 ἁγίου*
477 1282 630 1338 οὔπω
662 1283 718 1337 δὲ
754 1283 960 1347 τέλεον,
993 1283 1080 1337 ἵνα
1115 1286 1621 1360 προσεκτικὼτερος
1647 1290 1672 1341 ό
1701 1289 1838 1360 ἐρω-

247 1377 355 1430 τῶν
411 1379 664 1446 γένηται.
735 1378 1010 1436 Πολλάκις
1072 1380 1182 1450 γὰρ
1247 1380 1307 1433 τὸ
1363 1382 1573 1450 ἀσαφὲς
1630 1384 1837 1455 ἐγείρει

239 1468 341 1538 τὴν
401 1469 674 1534 διάνοιαν,
744 1470 839 1523 καὶ
899 1471 1321 1544 περιεργότερον
1388 1476 1484 1527 καὶ
1543 1476 1834 1530 σπουδαῖον

241 1561 623 1631 ἀπεργάσεται
673 1561 765 1614 τίιν
798 1563 1102 1633 ἀκριατήν.
1141 1563 1203 1620 ΤΟ
1249 1564 1348 1634 μὲν
1378 1561 1472 1618 οὖν
1523 1568 1835 1638 Νικόδημος

237 1651 502 1706 ἀδύνατον
546 1653 703 1720 ἔλεγε
747 1653 849 1724 τὴν
884 1653 1279 1725 ἀναγέννησιν·
1310 1657 1339 1709 ὁ
1371 1657 1426 1709 δὲ
1473 1658 1707 1729 Χριστὸς
1744 1660 1836 1712 καὶ

241 1744 448 1813 ϐ’ξόδρα
477 1743 735 1814 δυνατὴν,
765 1744 862 1797 καὶ
889 1745 952 1798 οὐ
983 1745 1142 1799 τοῦτο
1174 1746 1357 1817 μόνον,
1382 1748 1520 1802 ἀλλὰ
1549 1750 1643 1803 καὶ
1669 1751 1834 1819 ἀναγ-

1941 549 2114 604 Rabbi
2151 548 2331 619 ipsum
2366 565 2549 614 vocas,
2586 560 2641 604 et
2702 566 2730 604 a
2780 549 2893 606 Deo
2955 553 3174 607 venisse
3215 553 3373 620 dicis,
3428 571 3533 612 nec

1941 653 2122 698 tamen
2157 644 2337 698 credis
2373 659 2491 713 quae
2524 643 2664 698 dicit
2694 644 2718 696 ?
2751 642 2794 698 Ο
2861 643 3146 700 Judaicam
3205 648 3532 702 crassitudi-

1943 738 2114 790 nem!
2173 736 2397 791 Audivit
2456 737 2951 806 regenerationem,
3006 738 3102 793 sed
3154 739 3532 808 spiritualem;

1938 843 2046 882 non
2113 828 2291 897 potuit
2372 828 2512 882 Itane
2572 829 2884 898 concipere,
2931 829 3024 884 sed
3107 830 3380 884 carnalem
3449 830 3535 883 in-

1942 920 2153 990 telligit,
2215 931 2273 974 et
2357 919 2553 974 merito
2622 918 2857 985 dubitat,
2937 918 3269 991 modumque
3345 919 3536 974 scisci-

1944 1020 2111 1068 tatur.

2015 1101 2174 1157 Vers.
2221 1101 2273 1155 5.
2311 1101 2596 1172 Respondit
2647 1133 2717 1142 -—
2773 1102 2895 1157 Dei.
2954 1102 3171 1158 Modum
3223 1104 3537 1160 manifestat

1938 1188 2149 1254 dicens,
2187 1191 2333 1260 quod
2361 1207 2429 1245 ex
2459 1207 2598 1260 aqua
2623 1200 2678 1245 et
2716 1190 2948 1261 Spiritu,
2977 1191 3232 1247 videlicet
3297 1201 3486 1247 sancto
3519 1211 3534 1260 ;

1939 1297 2048 1335 non
2082 1290 2263 1336 tamen
2295 1282 2441 1336 clare
2469 1282 2571 1336 hoc
2603 1282 2756 1346 dicit,
2821 1298 2931 1352 quo
2984 1283 3250 1338 attentius
3299 1284 3536 1338 interro-

1939 1384 2113 1446 garet.
2147 1375 2364 1445 Stepius
2388 1374 2534 1428 enim
2553 1373 2766 1429 occulte
2798 1375 2876 1444 (ιι)
2914 1386 3163 1429 mentem
3228 1377 3450 1437 excitat,
3477 1386 3538 1429 nt

1942 1464 2349 1535 diligentiorem
2414 1481 2478 1519 ac
2530 1464 2892 1519 curiosiorem
2959 1465 3152 1520 reddat
3200 1466 3535 1542 auditorem.

1938 1556 2270 1612 Nieodemus
2318 1556 2590 1626 siquidem
2627 1556 3028 1625 impossibilCm
3064 1557 3285 1611 dicebat
3313 1573 3539 1627 regene-

1939 1648 2207 1702 rationem
2237 1663 2252 1704 :
2282 1647 2539 1703 Christus
2567 1664 2698 1704 vero
2727 1649 2957 1703 omnino
3009 1647 3324 1719 possibilem
3361 1667 3375 1701 :
3435 1664 3538 1704 nec

1942 1739 1992 1793 id
2034 1740 2209 1793 solum
2243 1739 2338 1793 sed
2370 1748 2425 1794 et
2461 1740 2872 1807 necessariam;
2917 1739 3055 1795 adeo
3074 1749 3134 1794 ut
3167 1740 3287 1795 sine
3321 1755 3382 1794 ea
3451 1756 3538 1795 re-

237 1837 425 1899 καίαν,
453 1836 529 1898 ὡς
561 1838 700 1906 μηδὲ
728 1835 988 1890 δύνασθαί
1014 1854 1137 1892 τινα
1164 1816 1334 1907 γωρὶε
1362 1840 1535 1910 αὐτῆς
1566 1816 1831 1895 είσελθείν

1957 1847 2124 1902 gnum
2163 1830 2258 1886 Dei
2289 1831 2468 1886 nullus
2505 1832 2680 1901 possit
2706 1832 2934 1893 intrare,
2970 1831 3075 1886 hoc
3111 1839 3197 1886 est
3218 1830 3336 1900 ejus
3363 1831 3540 1902 digni-

234 1929 316 1990 εἰς
356 1927 456 1999 την
490 1920 772 1997 βᾶσιλείαν
811 1928 907 1982 τοῦ
941 1928 1097 1983 Θεοῦ.
1135 1928 1233 2001 [Τὸ
1276 1931 1389 2000 (l5)
1434 1932 1489 1984 δὲ
1514 1933 1831 1989 Είσελθεῖγ

233 2023 324 2083 εις
372 2019 489 2088 τὴν
526 2019 861 2083 ,βασιλείαν
901 2019 1010 2074 τοῦ
1058 2019 1257 2093 Θεοῦ,]
1297 2021 1330 2093 ἢ
1383 2023 1444 2075 τὸ
1484 2023 1687 2092 γνῶναι
1732 2024 1833 2094 τὴν

236 2110 400 2175 ἀξίαν
434 2112 529 2165 καὶ
559 2112 962 2184 μεγαλειότητα
991 2111 1157 2166 αὐτοῦ
1181 2113 1334 2184 δηλοῖ
1357 2104 1463 2167 ’νῦν
1493 2115 1525 2185 ἢ
1554 2115 1618 2168 τι
1645 2119 1831 2185 τυχεῖν

238 2205 340 2274 τῆς
370 2203 726 2268 ἀπολαύσεως
753 2205 851 2276 τῆς
881 2203 1052 2267 θείας.

317 2297 379 2349 '0
427 2297 581 2365 λόγος
622 2296 678 2349 δὲ
721 2297 850 2368 περὶ
885 2296 998 2349 τῶν
1047 2296 1185 2368 μετὰ
1225 2296 1288 2350 τὸ
1332 2295 1697 2368 βαπτισθῆναι
1740 2297 1832 2351 τὸν

236 2385 501 2456 Χριστόν.
544 2384 773 2437 Ἕκτοτε
812 2383 922 2454 γὰρ
961 2385 994 2454 ὴ
1044 2385 1404 2454 ἀναγέννησις
1443 2385 1668 2456 ἤρξατο.
1705 2388 1831 2440 Λοι-

242 2477 346 2529 τὸν
375 2473 472 2530 οὖν
502 2479 596 2528 καὶ
630 2478 679 2528 οἱ
709 2475 999 2528 ἀπόστολοι
1033 2476 1503 2546 ἀνεγεννήοησαν,
1545 2477 1613 2528 δι’
1640 2476 1832 2541 ὓδατος

239 2565 342 2632 μὲν
375 2564 529 2634 παρα
569 2564 820 2616 Ἰωάννου
849 2602 864 2627 ,
893 2562 984 2615 διὰ
1019 2564 1338 2633 Πνεύματος
1373 2564 1451 2626 δὲ,
1487 2565 1577 2617 ὅτε
1606 2566 1832 2634 ἐπεφοί-

239 2671 408 2725 τησεν
448 2655 632 2718 αὐτοῖς
665 2656 722 2707 ὲν
757 2652 888 2707 εἴδει
922 2653 1167 2722 πυρίνων
1189 2654 1474 2722 γλωσσῶν.

312 2746 600 2817 Γράςρουσι
644 2745 700 2798 δέ
740 2760 889 2805 τινες
934 2744 1070 2815 (14),
1105 2745 1420 2813 ἐγγίζοντες
1457 2749 1570 2809 ταῖς
1621 2747 1832 2816 χρόνοις

240 2837 354 2891 τῶν
406 2837 750 2898 ἀποςτόλων,
793 2835 876 2888 ὅτι
915 2835 945 2887 ό
996 2834 1098 2906 μὲν
1141 2836 1374 2908 Χριστὸ;
1426 2837 1691 2891 ἐϐάπτισε
1742 2845 1834 2893 τὸν

240 2931 452 3002 Πέτρον
482 2930 578 2982 καὶ⁸
612 2929 714 2996 τὴν
744 2927 1032 2993 Θεοτόκον,
1078 2928 1107 2979 ὀ
1135 2927 1192 2981 δὲ
1225 2930 1435 3000 Πέτρος
1471 2930 1682 2994 πάντας
1706 2931 1834 2996 τοὺς

237 3022 600 3086 ἀποστόλους.

1935 1933 2102 1976 tatem
2135 1939 2200 1977 ac
2241 1922 2678 1992 magnitudinem
2715 1937 3076 1994 cognoscere,
3131 1930 3228 1976 aut
3277 1921 3525 1979 divinam

1940 2015 2215 2084 attingere
2251 2013 2590 2068 fruitiouetn.

2011 2299 2337 2372 lntelligitur
2369 2308 2551 2353 autem
2589 2297 2813 2352 verbum
2845 2296 2913 2350 de
2939 2295 3044 2361 his,
3069 2311 3161 2365 qui
3213 2304 3339 2365 post
3374 2296 3535 2351 Chri-

1939 2405 2088 2446 stum
2121 2391 2454 2461 baptizatum
2485 2390 2730 2445 fuerunt.
2757 2388 3049 2459 Reliquum
3102 2398 3186 2443 est
3241 2388 3426 2460 igitur,
3480 2399 3542 2444 ut

1939 2492 1995 2538 et
2017 2484 2250 2554 apostoli
2287 2481 2591 2554 regenerati
2630 2482 2742 2536 sint
2765 2496 2864 2550 per
2903 2495 3102 2550 aquam
3149 2495 3282 2535 sane
3320 2497 3350 2534 a
3376 2481 3535 2536 Joan-

1939 2589 2029 2640 ne,
2058 2590 2157 2646 per
2190 2565 2463 2644 Spiritum
2488 2587 2638 2638 vero,
2673 2572 2798 2641 quia
2813 2573 2881 2627 ad
2909 2587 3004 2626 eos
3033 2573 3087 2626 in
3118 2574 3304 2643 specie
3349 2573 3544 2644 ignita-

1941 2683 2063 2721 rum
2132 2667 2363 2721 advenit
2394 2667 2725 2737 linguarum.

2018 2761 2282 2815 Seribunt
2312 2771 2498 2814 autem
2527 2761 2751 2829 quidam
2777 2759 3148 2830 apostolorum
3201 2757 3544 2828 temporibus

1942 2851 2200 2923 proximi,
2230 2852 2376 2921 quod
2407 2851 2661 2906 Christus
2700 2851 2922 2906 Petrum
2974 2866 3039 2904 ac
3094 2849 3384 2919 Virginem
3426 2849 3543 2903 Ma-

1943 2953 2080 2996 trem
2132 2941 2515 3011 baptizaverit,
2571 2941 2766 2995 Petrus
2834 2953 2964 2994 vero
3017 2939 3261 3008 reliquos
3349 2954 3544 2994 omnes

1941 3035 2239 3105 apostolos.

317 3115 390 3171 Τὸ
415 3144 485 3154 -
513 3114 708 3168 ἐστίν.
737 3114 812 3167 Οὐ
843 3114 1082 3186 σαρκική
1101 3115 1247 3166 ἐστιν
1273 3113 1306 3184 ἠ
1335 3113 1610 3185 γέννησις,
1642 3115 1831 3186 φησὶν,

2013 3126 2167 3182 Vers.
2197 3126 2250 3181 6.
2281 3124 2430 3191 Quod
2456 3155 2523 3164 —-
2552 3133 2646 3178 est.
2685 3121 2811 3178 Non
2880 3123 3139 3190 carnalis,
3173 3122 3349 3193 inquit
3373 3139 3545 3195 gene-

235 3207 379 3260 ἀλλὰ
408 3207 752 3278 πνευματική
774 3221 790 3238 ⁸
833 3207 908 3260 Τδ
936 3205 1039 3278 μὲν
1061 3207 1167 3278 γὰρ
1199 3209 1598 3277 γεγεννημένον
1634 3209 1700 3261 ὲκ
1727 3207 1828 3278 τῆς

238 3301 447 3371 σαρκὸς
470 3302 733 3371 σαρκικόν
763 3301 883 3353 ἐστι
908 3301 1157 3370 γέννημα
1181 3313 1196 3329 ·
1228 3300 1291 3351 τδ
1321 3300 1378 3352 δὲ
1427 3300 1829 3371 γεγεννημένον

237 3396 305 3446 ἑκ
350 3393 445 3445 τοῦ
476 3391 795 3462 [li/stipato;
836 3391 1210 3462 πνευματικόν
1250 3395 1366 3446 ἐστι
1400 3392 1670 3461 γέννημα.
1703 3392 1830 3445 Λοι-

238 3485 345 3538 πον
371 3483 465 3537 οὖν
500 3485 532 3554 ή
569 3483 669 3555 μὲν
709 3483 950 3554 σαρκικὴ
984 3484 1263 3555 γέννησις,
1310 3483 1545 3554 αἰσθητή
1579 3487 1755 3549 ἐστιν,
1795 3486 1828 3554 ὴ

233 3575 293 3627 δὲ
319 3574 666 3644 πνευματικὴ
688 3574 877 3643 νοητή.
903 3576 1011 3628 Καὶ
1027 3575 1090 3628 οὐ
1109 3577 1216 3645 χρὴ
1240 3573 1514 3644 αἰσθητῶς
1545 3573 1830 3639 ἐξετάζειν

235 3667 300 3720 τὸ
330 3669 518 3735 νοητὶν
537 3707 553 3730 ,
575 3665 698 3719 οὐδὲ
725 3666 1083 3738 ἀνθρωπίνως
1109 3667 1169 3721 τὸ
1197 3667 1340 3719 Θετον
1370 3669 1627 3738 πρᾶγμα.
1674 3667 1831 3720 Ἐπεὶ⁸

237 3761 356 3827 γὰρ
401 3760 436 3828 η
468 3760 660 3831 πρώτη
704 3760 959 3829 γέννησις
1005 3755 1306 3829 ὴχρειώθη,
1348 3759 1579 3829 δευτέρα
1622 3758 1830 3812 δέδοται

238 3851 625 3922 ἁναγέννησις,
663 3851 974 3922 ὑψηλοτέρα
1003 3867 1063 3903 τε
1094 3851 1188 3903 καί⁵
1220 3850 1546 3920 τιμιωτέρα.
1574 3849 1710 3903 Θεοῦ
1738 3851 1831 3921 ερ-

236 3959 342 4012 γον
372 3945 405 4014 ἡ
435 3941 627 4014 πρώτη
653 3958 668 3974 δ
700 3942 835 3996 Θεοῦ
867 3943 1031 4014 ἔργον
1057 3944 1155 3996 καὶ
1180 3945 1214 4013 ἡ
1249 3943 1481 4014 δευτέρα
1506 3957 1520 3971 ·
1552 3941 1686 4006 Θεὸς
1721 3942 1831 4012 γὰρ

235 4037 302 4090 τὸ
336 4036 583 4107 Πνεῦμα.

315 4128 489 4183 Ὅταν
518 4127 616 4182 οὖν
660 4128 870 4202 ἀκούῃς
914 4130 1086 4184 ὅτιτὸ
1131 4129 1362 4202 Πνεῦμα
1404 4131 1700 4202 ἁναγεννᾷ,
1757 4128 1833 4201 μὴ

241 4223 399 4291 ζήτει
427 4221 519 4273 τὸν
547 4223 772 4289 τρόπον.
808 4222 873 4274 Et
903 4223 1012 4294 γὰρ
1041 4222 1428 4292 ἀκατάληπτος
1474 4225 1507 4293 ὴ
1537 4225 1595 4277 ἐν
1624 4226 1690 4293 τῇ
1726 4226 1833 4292 μή·

239 4328 352 4384 τρᾳ
399 4313 708 4380 διάπλασις,
759 4315 1255 4386 ἀκαταληπτοτέρα
1298 4317 1518 4379 πάντως
1563 4317 1595 4386 η
1645 4317 1703 4369 ὲν
1755 4314 1834 4385 τῷ

242 4403 423 4459 ὕδατι.
477 4405 588 4457 Καὶ
634 4407 684 4458 εί
748 4406 882 4478 περὶ
939 4405 1157 4476 ἐκείνης
1206 4405 1308 4458 οὐκ
1372 4405 1828 4476 ἀμφιϐάλλομεν,

1940 3221 2078 3275 ratio
2099 3229 2204 3288 est,
2237 3221 2332 3276 sed
2353 3219 2652 3289 spiritualis
2679 3236 2693 3285 ;
2731 3233 2855 3272 nam
2878 3216 3024 3287 quod
3057 3231 3125 3271 ex
3155 3232 3322 3271 carne
3348 3228 3536 3271 natum

1940 3322 2047 3378 est,
2093 3312 2326 3366 carnalis
2353 3321 2432 3366 est
2459 3313 2750 3381 progenies
2785 3329 2797 3362 :
2835 3310 2982 3380 quod
3000 3319 3183 3363 autem
3230 3320 3416 3363 natum
3460 3319 3544 3364 est

1938 3420 2004 3459 ex
2034 3404 2264 3474 Spiritu,
2300 3403 2597 3472 spiritualis
2629 3402 2912 3473 generatio
2942 3410 3048 3456 est.
3072 3400 3319 3456 Carnalis
3355 3401 3544 3471 itaque

1939 3497 2194 3551 nativitas
2220 3504 2303 3550 est
2349 3495 2645 3558 sensibilis,
2673 3494 2977 3564 spiritualis
3021 3509 3174 3555 vero,
3204 3493 3544 3547 intellectua-

1941 3588 2027 3643 lis.
2061 3586 2172 3640 Nec
2198 3595 2434 3655 Oportet,
2481 3584 2628 3655 quod
2683 3583 3053 3638 iutellectuale
3080 3592 3184 3645 est,
3209 3582 3544 3638 sensibiliter

1941 3679 2196 3749 indagare
2226 3695 2239 3731 :
2269 3692 2449 3747 neque
2473 3678 2712 3731 humano
2736 3677 2899 3731 modo
2929 3692 3088 3746 Opus,
3131 3677 3275 3746 quo]
3296 3676 3543 3730 divinum

1939 3779 2024 3824 cst
2056 3786 2072 3834 ;
2105 3768 2373 3839 siquidem
2405 3785 2468 3824 ex
2497 3785 2605 3839 quo
2650 3769 2802 3839 prior
2834 3768 3117 3839 generatio
3142 3770 3282 3822 facta
3314 3778 3396 3821 est
3424 3769 3545 3821 inu—

1945 3863 2076 3930 tilis,
2099 3863 2222 3917 data
2256 3874 2336 3919 est
2370 3863 2615 3918 secunda
2648 3863 2998 3935 regeneratio
3019 3861 3287 3917 excelsior
3317 3872 3373 3916 et
3436 3863 3538 3916 bo-

1942 3954 2265 4022 norabilior,
2299 3954 2392 4011 Dei
2417 3971 2557 4026 opus
2585 3964 2670 4011 est
2704 3955 2891 4026 prior;
2931 3953 3023 4010 Dei
3078 3969 3217 4024 opus
3243 3963 3330 4009 est
3375 3957 3540 4010 etiam

1943 4049 2218 4118 posterior
2245 4067 2258 4114 ;
2302 4049 2443 4102 Deus
2469 4050 2617 4103 enim
2652 4048 2892 4119 Spiritus
2919 4058 3023 4103 est.

2013 4141 2151 4196 Cum
2193 4142 2354 4212 igitur
2385 4141 2625 4196 audieris
2654 4141 2798 4211 quod
2835 4139 3072 4210 Spiritus
3117 4152 3428 4213 regenerat,
3473 4158 3543 4195 ne

1945 4234 2164 4288 modum
2191 4249 2423 4302 quaeras.
2460 4233 2596 4287 Nam
2632 4233 2679 4288 si
2724 4233 3306 4303 incomprehensibilis
3352 4243 3437 4288 est
3487 4236 3544 4287 in

1944 4335 2104 4382 utero
2135 4325 2413 4390 formatio,
2479 4325 2640 4395 longe
2680 4325 3284 4394 incomprehensibilior
3317 4335 3401 4380 est
3421 4340 3540 4394 quae

1945 4419 1999 4472 in
2028 4434 2167 4489 aqua
2198 4418 2257 4473 [it
2282 4437 2296 4473 :
2319 4418 2464 4489 quod
2491 4419 2536 4472 si
2567 4417 2634 4473 de
2664 4417 2754 4472 illa
2812 4433 2923 4472 non
2985 4417 3332 4485 ambigimus.
3362 4419 3539 4471 omni-

240 4499 314 4568 τῇ
340 4498 740 4570 παντοδυνάμῳ
769 4499 865 4551 τοῦ
892 4497 1028 4552 Θεοῦ
1063 4499 1226 4569 σοφίᾳ
1249 4499 1628 4565 πιστεύοντες,
1655 4498 1832 4569 πολλῷ

1951 4511 2161 4581 potenti
2188 4509 2282 4565 Dei
2312 4510 2590 4580 sapientia:
2619 4510 2931 4576 credentes,
2953 4511 3019 4564 de
3045 4511 3149 4564 hac
3174 4510 3539 4578 multomagis

248 4589 456 4660 μᾶλλον
483 4592 642 4645 τοῦτο
671 4593 779 4663 χρὴ
819 4593 997 4644 ποιεῖν
1021 4595 1150 4662 περὶ
1175 4591 1406 4663 ταύτης.

329 4681 549 4755 Ὠσπερ
579 4683 638 4737 δὲ
675 4685 734 4736 ὲν
767 4685 912 4753 ἀρχῇ
947 4682 1210 4737 ὑπέκειτο
1267 4685 1530 4754 στοιχεῖον
1571 4683 1604 4753 ή
1636 4684 1746 4752 γῆ,
1774 4683 1836 4736 τὸ

244 4786 359 4838 πᾶν
398 4784 455 4837 δὲ
487 4782 582 4837 τοῦ
628 4783 1050 4848 διαπλάττοντος
1103 4779 1171 4856 ἦν
1198 4799 1212 4814 ·
1246 4782 1390 4836 οὕτω
1434 4781 1530 4836 καὶ
1558 4781 1652 4834 νῦν
1702 4781 1836 4834 ὑπόο

245 4895 430 4932 κειται
484 4883 751 4950 στοιχεῖον
806 4879 869 4932 τὸ
906 4877 1050 4949 ὓδωρ
1078 4893 1094 4908 ο
1140 4875 1202 4930 τὸ
1255 4877 1364 4930 πᾶν
1409 4876 1466 4929 δὲ
1519 4872 1614 4926 τοῦ
1663 4871 1834 4926 Πνεῦ-

249 4971 422 5041 ματός
456 4971 628 5024 ἐστιν.

332 5148 460 5201 Ἐὰν
484 5149 766 5220 ἐρωτήσῃς
803 5165 893 5220 με,
921 5149 1073 5201 Διατί
1106 5149 1200 5202 νῦν
1231 5148 1292 5202 τὸ
1328 5147 1490 5220 ὕδωρ,
1521 5149 1836 5218 ἁντεπερω-

240 5243 399 5312 τήσω
425 5258 508 5309 σε,
535 5242 690 5298 Διατί
714 5243 837 5297 τότε
867 5245 898 5315 ἡ
921 5245 991 5314 γῆ
1017 5259 1032 5310 ;
1058 5244 1168 5297 Καὶ
1197 5244 1304 5313 γὰρ
1340 5243 1567 5312 ᾐδύνατο
1595 5242 1689 5296 καὶ
1713 5241 1837 5311 δίχα

1944 4601 2172 4656 credere
2206 4611 2448 4670 oportet.

2022 4691 2180 4746 Sicut
2206 4702 2388 4747 autem
2428 4692 2479 4746 in
2513 4692 2689 4763 prima
2725 4693 2966 4748 hominis
3017 4692 3346 4747 formatione
3408 4693 3540 4747 sub-

1947 4782 2176 4837 servivit
2201 4789 2363 4836 terra:
2395 4783 2754 4848 elementum,
2811 4798 2937 4838 cum
3003 4783 3260 4838 universa
3314 4785 3366 4837 in
3420 4800 3537 4836 ιιιει·

1945 4889 2019 4927 nu
2048 4885 2232 4928 essent
2278 4873 2577 4940 Creatoris,
2609 4875 2682 4929 ita
2712 4886 2768 4930 et
2805 4891 2952 4931 nunc
2997 4876 3328 4931 subservivit
3385 4891 3537 4945 aqua:

1945 4966 2299 5030 elementum,
2327 4980 2453 5020 cum
2487 4969 2743 5022 universa
2774 4968 2886 5022 sint
2917 4968 2971 5022 in
3023 4968 3309 5023 voluntate
3357 4967 3536 5038 Spiri-

1948 5068 2056 5112 tus.

2018 5148 2174 5215 Quod
2203 5149 2245 5204 si
2279 5165 2365 5205 me
2398 5150 2718 5224 interroges,
2753 5152 2934 5218 Quare
2983 5167 3130 5206 nunc
3151 5167 3328 5222 aqua:
3357 5167 3387 5206 e
3451 5149 3538 5203 di-

1949 5256 2107 5297 verso
2139 5251 2191 5297 te
2220 5242 2594 5315 interrogabo,
2657 5245 2838 5310 Quare
2870 5256 2999 5301 tunc
3049 5257 3189 5301 terra
3219 5245 3241 5298 ?
3315 5245 3539 5298 Poterat

1421 5451 1625 5513 Varias
1670 5449 1988 5514 lectiones
2031 5459 2094 5514 et
2139 5460 2331 5514 notae.

319 5550 437 5622 (l3)
476 5550 688 5608 Inclusa
715 5552 918 5607 omittit
951 5552 1010 5607 Β.

321 5621 436 5691 (it)
470 5622 662 5690 Papias
693 5623 946 5690 fortasse,
977 5633 1074 5680 aut
1099 5622 1386 5696 Origenes,
1417 5640 1484 5681 ex
1515 5623 1833 5680 narratione
1856 5633 2168 5680 sanctarum
2197 5624 2522 5681 vetularum.

322 5782 403 5851 (ιι)
439 5781 674 5838 Occulte.
705 5785 870 5839 Forte
902 5784 1107 5838 occulta
1134 5798 1228 5839 seu
1274 5785 1516 5842 obscura.
1574 5787 1640 5841 Et
1676 5800 1823 5854 mox,
1859 5789 2117 5842 excitant.

575 5877 853 5938 ΡΑτιιοι..
893 5879 1011 5942 GR.
1053 5880 1314 5943 CXXIX.

3141 5879 3211 5940 37
