4094 6396
232 364 364 429 1181

1171 367 1560 430 COMMENT.
1602 366 1685 428 IN
1724 363 2107 430 JOANNEM.
2142 391 2213 405 -
2248 368 2408 430 CAP.
2458 367 2575 428 ΠΙ.

3381 362 3526 431 1182

227 478 546 532 πιστοῦται.
585 479 770 532 Είπων
793 473 908 540 οὖν.
933 479 962 534 ὃ
993 477 1208 550 ἑώρακε
1238 483 1334 535 καὶ
1356 481 1384 534 δ
1409 482 1634 553 ἤκουσε,
1665 479 1826 534 τοῦτο

1951 487 2020 538 iis
2052 499 2175 554 qua:
2199 484 2343 555 apud
2375 497 2476 539 nos
2513 490 2664 547 sunt,
2689 478 3012 550 comprobat
3039 476 3203 532 etiam
3231 491 3352 548 quae
3390 486 3523 531 sunt

229 572 533 642 μαρτυρείο
564 569 840 634 ταπεινῶς
873 571 974 641 μὲν
1023 568 1148 624 εἶπε
1174 573 1262 625 διὰ
1282 571 1382 642 τὴν
1398 572 1688 626 ἀσθένειαν
1711 571 1820 624 τῶν

233 662 654 733 ἀκροωμένων·
705 662 932 716 ούδὲνδὲ
977 662 1167 732 ἕτερον
1197 659 1354 716 εἶπεν
1403 664 1438 733 ἢ
1495 664 1578 717 ὅτι
1639 662 1820 733 ἀληθῆ

232 756 530 824 μαρτυρεῖ.
554 753 664 808 Καὶ
689 755 801 823 γάρ
838 754 934 808 καὶ
959 754 1074 827 (48)
1100 756 1289 825 ἡμεῖς.
1339 755 1471 808 δταν
1509 753 1622 826 (69)
1656 754 1825 808 θέλω-

233 862 339 914 μεν
373 844 678 914 βεϐαιῶσαι
714 846 844 918 περί
899 864 1046 911 τινος
1075 847 1160 903 ὅτι
1200 846 1377 918 ἀληοῆ
1425 847 1600 916 λέγει,
1637 847 1826 918 φαμὲν

229 938 320 991 ὅτι
349 937 380 990 6
413 936 632 1008 ἑώρακε
666 940 761 993 καὶ
803 938 916 1010 (50)
956 940 1189 1010 ἥκουσι,
1217 939 1380 993 τοῦτο
1407 942 1710 1012 μαρτυρεῖ.

307 1091 512 1145 Λοιπὸν
565 1089 684 1156 οὖν,
713 1091 846 1146 ὅταν
899 1091 1110 1163 ἀκούῃς
1169 1093 1266 1146 καὶ
1313 1092 1481 1147 αὐτοῦ
1527 1092 1824 1162 λέγοντοςσ

235 1180 446 1248 Καθὼς
471 1182 694 1250 ἀκούω,
724 1182 909 1252 κρίνω
932 1199 946 1215 ·
984 1185 1082 1238 καὶ
1120 1185 1314 1238 πάλιν*
1353 1184 1417 1240 Ἦ
1448 1184 1562 1255 ἐμὴ
1609 1184 1827 1254 διδαχὴ

232 1275 348 1326 οὐκ
379 1274 551 1328 ἔστιν
600 1274 738 1344 ἐμὴ.
779 1275 943 1330 ἀλλὰ
1011 1275 1120 1331 τοῦ
1167 1275 1525 1346 πέμψαντός
1570 1293 1648 1348 με
1677 1293 1692 1306 υ
1730 1279 1830 1333 καὶ

235 1365 435 1430 αὖθιςο
478 1369 548 1422 ’Δ
585 1367 829 1437 ἥκουσα
885 1371 1022 1437 παρ’
1069 1369 1284 1430 αὐτοῦ.
1320 1371 1510 1424 ταῦτα
1538 1373 1695 1442 λέγω
1741 1371 1832 1435 είς

235 1458 350 1510 τὸν
386 1459 640 1528 κόσμον,
677 1461 773 1512 καὶ
803 1460 906 1514 ὅσα
938 1459 1197 1514 τοιαῦτα·
1240 1461 1482 1529 γίνωσκε
1506 1464 1592 1515 ὃτι
1622 1465 1834 1517 οίκονο-

243 1550 426 1620 μικῶς
475 1551 546 1605 τά
581 1551 814 1606 τοιαῦτά
873 1569 1062 1622 φησιν,
1125 1555 1214 1609 ἵνα
1275 1556 1439 1626 μόνον
1492 1553 1620 1627 δόξῃ
1655 1555 1834 1626 ἀληθῆ

239 1642 444 1710 λέγειν,
475 1643 565 1697 διὰ
594 1643 655 1697 τὸ
692 1645 867 1716 μήπω
905 1646 1002 1717 τὴν
1032 1650 1430 1720 προσήκουσαν
1488 1649 1621 1719 περὶ
1665 1646 1836 1704 αὐτοῦ

242 1733 403 1798 δόξαν
431 1733 579 1805 εχειν
611 1737 740 1800 τοὺς
773 1738 1080 1810 ἀκροατάς.

1927 573 2093 627 illius.
2138 573 2337 627 Dicens
2375 587 2526 641 ergo,
2583 569 2741 636 Quod
2777 568 2937 630 vidit,
2992 566 3247 636 quodque
3283 564 3517 628 audivit,

1927 666 2033 720 hoc
2055 672 2369 720 attestatur:
2397 663 2585 717 humili
2619 661 2782 716 modo
2808 667 3032 729 propter
3071 657 3384 711 auditorum
3413 654 3521 707 im-

1935 755 2293 810 becillitatem
2334 754 2551 808 locutus
2598 760 2704 813 est.
2760 764 2952 804 verum
2983 746 3122 800 nihil
3171 743 3318 800 aliud
3349 741 3530 796 innuit

1927 862 2091 918 quam
2117 847 2161 901 si
2187 845 2448 901 dixisset:
2473 842 2608 899 Vera
2631 842 2975 898 testiﬁcatur.
3007 837 3292 907 Siquidem
3325 835 3519 888 volen-

1928 948 2012 995 tes
2042 940 2110 993 de
2139 938 2318 1007 aliquo
2349 935 2644 999 allirmare,
2671 934 2815 1004 quod
2857 947 2985 986 vera
3017 930 3181 992 dicat,
3207 927 3530 988 asserimns,

1930 1043 2056 1083 eum
2085 1028 2138 1082 id
2171 1025 2477 1088 testiﬁcari,
2519 1024 2665 1092 quod
2697 1023 2834 1078 vidit
2867 1029 2923 1075 et
2957 1018 3188 1074 audivit.

2003 1119 2234 1187 Quando
2276 1121 2442 1190 igitur
2485 1120 2664 1189 ipsum
2706 1116 2949 1170 audieris
2997 1112 3275 1166 dicentem
3309 1124 3324 1159 :
3379 1105 3526 1161 Sicut

1932 1211 2094 1264 audio
2105 1209 2293 1280 judico
2310 1210 2376 1274 ";
2399 1216 2455 1262 et
2481 1221 2699 1261 rursum
2725 1219 2748 1256 ε’
2772 1201 2891 1256 Hea
2914 1199 3154 1254 doctrina
3172 1208 3277 1248 non
3290 1203 3366 1248 est
3393 1207 3533 1256 meo,

1931 1305 2022 1362 sed
2055 1303 2170 1371 ejus
2198 1302 2290 1372 qui
2322 1301 2466 1355 misit
2492 1297 2672 1363 me";
2710 1305 2762 1350 ct
2799 1297 2998 1348 iterum
3029 1307 3046 1344 :
3083 1289 3218 1354 Qua:
3255 1285 3436 1339 audivi
3468 1286 3537 1335 ab

1935 1406 1995 1446 eo
2027 1390 2138 1444 hac
2185 1389 2368 1458 loquor
2401 1388 2455 1442 in
2485 1385 2836 1449 mundum”,
2892 1389 2950 1436 et
2999 1389 3345 1450 quaecunque
3408 1379 3541 1426 sunt

1938 1480 2160 1544 similia,
2194 1480 2334 1534 scito
2372 1477 2499 1532 talia
2548 1473 2949 1545 dispensatorie
2991 1470 3220 1532 dixisse,
3273 1465 3450 1520 solum
3480 1470 3542 1516 ut

1939 1562 2194 1628 videatur
2225 1586 2354 1627 vera
2382 1570 2662 1631 dicere,eo
2686 1565 2832 1637 quod
2877 1573 3177 1632 congruam
3203 1559 3272 1615 de
3312 1570 3380 1613 eo
3415 1553 3541 1624 opi-

1942 1666 2162 1723 nionem
2191 1663 2436 1719 nondum
2466 1660 2738 1716 haberent
2768 1657 3073 1711 auditores.

316 1827 427 1882 Kal
484 1858 556 1868 —
623 1829 938 1901 λαμϐάνει.
1002 1832 1195 1897 Οὐδεὶς
1254 1831 1363 1887 τῶν
1437 1832 1839 1893 ἀπιστούντων.

244 1918 421 1972 Τοῦτο
443 1920 500 1972 δὲ
533 1921 665 1972 περὶ
686 1921 798 1972 τῶν
830 1923 1182 1972 ἀναισθήτων
1241 1925 1514 1972 Ἰουδαίων
1553 1927 1783 1972 elorisz
1811 1930 1840 1972 ὁ

2018 1849 2174 1906 Vere.
2199 1846 2291 1902 32.
2321 1843 2709 1912 Et—arcipit.
2736 1836 2932 1893 Nullus
2959 1834 3282 1891 lulldelium.
3307 1830 3420 1886 lloc
3447 1845 3546 1885 au-

1951 1952 2055 1972 “...
2089 1941 2155 1972 ,ιιι
2188 1937 2483 1972 mnum-3.
2546 1934 2743 1972 Ιιιιιωία
2772 1931 2907 1972 diti!
2943 1928 3203 1972 .lnsmnen-
3235 1922 3546 1972 nrznsertim

325 1920 421 1972 ῦτο
443 1920 500 1973 δὲ
533 1921 665 1990 περὶ
686 1921 798 1975 τῶν
830 1923 1182 1994 ἀναισθήτων
1241 1925 1514 1979 Ἰουδαίων
1553 1927 1783 1996 εἴρηκεν
1811 1930 1840 1981 6

1951 1952 2056 1999 lem
2089 1941 2156 1995 de
2188 1937 2485 1995 insensatis
2537 1934 2743 1990 Judaeis
2772 1931 2911 1986 dixit
2943 1928 3204 1987 Joannes.
3235 1922 3546 1995 pnesertim

257 2009 515 2081 Ἰωάννης
540 2028 555 2045 ε
599 2013 899 2084 ἐξαιρέτως
927 2015 985 2069 δὲ
1016 2015 1149 2086 περὶ
1182 2018 1290 2070 τῶν
1313 2015 1509 2076 ἑαυτοῦ
1555 2017 1837 2090 μαθητῶν,

245 2101 359 2154 τῶν
397 2101 505 2156 ὑπὸ
535 2103 846 2173 φιλοδοξίας
874 2107 971 2160 καὶ
1001 2105 1312 2178 βασκανίας
1348 2105 1716 2177 παρακνίζειν
1745 2109 1846 2160 αύ-

249 2194 346 2247 τδν
374 2197 839 2267 ἐπιχειρούντων.

338 2285 403 2340 '0
452 2287 660 2341 λαϐὼν
706 2317 780 2328 -
829 2289 990 2345 ἐστι.
1045 2290 1479 2360 Ἐσφράγισεν,
1515 2290 1684 2361 ἤγουν
1723 2289 1847 2343 ιϐι-

1946 2041 2132 2088 autem
2156 2033 2223 2087 de
2247 2029 2537 2100 discipulis
2567 2027 2705 2090 suis,
2737 2023 2833 2096 qui
2863 2036 2992 2078 eum
3024 2023 3078 2076 in
3103 2017 3462 2073 ambitionem
3490 2022 3550 2072 et

1947 2125 2208 2181 invidiam
2243 2121 2529 2191 impellere
2557 2117 2928 2174 conabantur.

2020 2305 2179 2362 Vers.
2238 2303 2332 2358 35.
2387 2298 2490 2365 Qui
2536 2299 2732 2366 accepit
2775 2323 2847 2337 —
2890 2295 2978 2349 sit.
3031 2290 3376 2362 Obsignavit,
3431 2289 3549 2344 sive

252 2378 513 2442 ϐαίωσεν,
545 2379 747 2444 ἔδειξεν
772 2381 913 2435 ὄτιό
967 2383 1160 2454 Πατὴρ
1207 2382 1421 2454 ἀληθής
1479 2385 1650 2436 ίστιν.
1708 2378 1846 2437 Εἶτα

1952 2394 2316 2459 confirmavit,
2359 2390 2778 2450 demonstrat-it,
2834 2387 2979 2456 quod
3030 2384 3196 2438 Pater
3242 2397 3407 2437 verax
3458 2380 3551 2435 sit.

251 2470 666 2536 κατασκευάζει
691 2473 752 2525 τὸ
778 2472 970 2543 ῥηθέν.

335 2566 445 2616 'Or
469 2564 581 2633 γὰρ
617 2596 679 2612 -
708 2564 910 2622 λαλεῖ.
948 2566 1106 2618 Ἐπεὶ
1137 2564 1272 2636 γάρ,
1305 2563 1726 2636 ἀπεσταλμένος
1746 2564 1847 2627 ὢν,

255 2655 330 2709 τὰ
361 2657 583 2724 ῥήματα
615 2653 713 2709 τοῦ
741 2655 880 2709 Θεοῦ
901 2654 1077 2719 λαλεῖ,
1103 2655 1294 2710 λοιπὸν
1326 2659 1354 2710 6
1380 2656 1483 2726 μὲν
1530 2655 1717 2709 λαϐὼν
1745 2656 1849 2710 αὺ-

254 2747 356 2801 τοῦ
376 2747 484 2818 »τὴν
509 2748 823 2819 μαρτυρίαν
876 2750 976 2802 καὶ
1009 2748 1290 2804 πιστεύων
1317 2750 1468 2820 αὐτῷ
1495 2749 1852 2816 ἐϐεϐαίωσεν,

258 2835 463 2902 ἔδειξεν
492 2836 574 2891 ὅτι
607 2841 635 2892 6
671 2837 805 2902 Θεὸς
838 2838 1048 2911 ἀληθής
1099 2840 1282 2906 ἐστιν,
1321 2841 1351 2894 6
1399 2838 1733 2903 ἀποστείλας
1759 2840 1846 2893 αὐ-

254 2931 373 2997 τὸν,
419 2924 631 2996 οὗτινός
663 2933 770 2986 εἰσι
806 2933 876 2987 τά
928 2934 1156 3006 ῥήματα
1184 2933 1220 2989 ἀ
1258 2934 1415 2988 λαλεῖ
1437 2951 1451 2966 ·
1484 2936 1513 2988 6
1553 2934 1610 2986 δὲ
1645 2934 1724 3005 μὴ
1754 2933 1852 2988 λα·

260 3022 376 3076 ϐὼν
417 3025 609 3094 αὐτὴν,
649 3028 746 3080 καὶ
789 3026 1040 3080 ἀπιστῶν
1097 3024 1269 3097 αὐτῷ,
1309 3025 1630 3080 τούναντίον
1686 3026 1856 3090 ποιεῖ,

262 3118 364 3173 καὶ
390 3115 544 3171 οὐδὲν
571 3117 765 3190 ἕτερον
795 3118 829 3190 ἢ
858 3117 1150 3190 προδήλως
1182 3117 1469 3189 θεομαχεῖ.

341 3297 486 3369 Ὀρα
532 3297 651 3362 πῶς
709 3297 911 3361 αὐτοὺς
971 3296 1225 3352 ιντεῦθεν
1274 3297 1516 3368 ἐφόϐησε
1581 3297 1680 3352 καὶ
1721 3314 1858 3352 κατ-

266 3390 494 3461 έπληξε,
526 3389 798 3461 μαθόντας
827 3391 910 3445 δτι
928 3393 957 3445 6
983 3392 1319 3462 παρακούων
1347 3391 1515 3447 αὑτοῦ
1549 3391 1857 3462 παρακούει

1955 2487 2162 2543 Deinde
2190 2485 2336 2556 quod
2362 2484 2566 2539 dictum
2599 2490 2704 2542 est.
2736 2478 2950 2550 probat.

2034 2578 2288 2636 Vers.55.
2319 2577 2375 2631 Is
2398 2578 2536 2630 enim
2570 2589 2725 2644 quem
2753 2600 2824 2612 --
2858 2571 3109 2640 loquitur.
3144 2563 3425 2634 Siquidem
3455 2561 3555 2630 (ee)

1956 2690 2023 2730 ex
2056 2687 2166 2742 quo
2205 2671 2250 2726 is
2277 2669 2376 2739 qui
2404 2669 2607 2723 missus
2641 2675 2746 2724 est.
2779 2663 2946 2716 verba
2987 2658 3077 2714 Dei
3115 2655 3382 2725 loquitur,
3421 2666 3558 2707 cou-

1959 2778 2197 2836 sequens
2252 2771 2338 2816 est
2391 2768 2452 2815 ut
2504 2758 2594 2830 qui
2645 2754 3028 2812 testimonium
3080 2751 3204 2818 ejus
3261 2743 3559 2814 sumpserit

1958 2833 2118 2930 eique
2160 2851 2475 2916 crediderit,
2524 2850 2818 2904 coniirmct
2867 2861 2931 2900 ac
2993 2843 3360 2897 demonstret.
3412 2833 3560 2905 quod

1962 2952 2106 3007 Deus
2136 2963 2298 3003 verax
2326 2946 2421 3010 sit,
2463 2943 2558 3014 qui
2604 2943 2782 3012 ipsum
2829 2939 2981 2992 misit
3025 2944 3084 2990 et
3113 2933 3274 3001 cujus
3322 2938 3454 2983 sunt
3492 2941 3561 2980 ea

1960 3057 2083 3113 qua:
2113 3039 2356 3110 loquitur
2397 3038 2583 3091 verba.
2614 3032 2718 3098 Qui
2754 3038 2936 3085 autem
2987 3040 3097 3080 non
3141 3021 3375 3090 suscipit
3404 3032 3557 3082 eum,

1884 3171 1930 3231 ε
1964 3151 2067 3191 nec
2092 3130 2354 3193 creditei,
2376 3127 2714 3185 contrarium
2735 3123 2865 3177 facit
2896 3139 2909 3174 :
2945 3135 3049 3174 nec
3072 3116 3220 3170 aliud
3251 3114 3362 3185 agit
3395 3125 3562 3179 quam

1966 3224 2256 3282 manifeste
2288 3229 2478 3278 contra
2511 3220 2680 3272 Deum
2713 3221 2939 3283 pugnat.

2033 3317 2173 3376 Vide
2216 3311 2497 3385 quomodo
2555 3307 2684 3363 hinc
2730 3319 2828 3361 eos
2874 3308 3103 3362 terreat,
3156 3311 3285 3352 cum
3326 3294 3563 3357 discant,

1966 3411 2113 3484 quod
2141 3407 2236 3480 qui
2266 3405 2344 3460 illi
2373 3400 2697 3457 inobediens
2727 3405 2830 3460 est,
2857 3392 2970 3447 Deo
2993 3389 3325 3446 iuobedicus
3347 3396 3430 3440 est
3463 3384 3561 3452 qui

264 3484 366 3538 τοῦ
399 3483 536 3538 θεοῦ
578 3483 672 3537 τοῦ
708 3483 1029 3554 πέμψαντος
1065 3485 1254 3540 αὐτόν.
1312 3486 1506 3554 Δείξας
1535 3486 1718 3539 τοίνυν
1757 3486 1846 3555 τὴν

1970 3474 2118 3558 misit
2160 3474 2367 3569 ipsum.
2435 3491 2736 3559 Postquam
2796 3499 2926 3556 ergo
2976 3477 3378 3537 demonstravit
3443 3474 3564 3542 ejus

265 3575 627 3631 διδασκαλίαν
675 3576 844 3630 αὐτοῦ
899 3576 1218 3643 ἀξιόπιστον
1291 3579 1402 3634 ἀπὸ
1447 3577 1546 3632 τοῦ

1619 3578 1859 3649 Πατρὸς,

1970 3592 2274 3650 doctrinam
2304 3601 2427 3643 esse
2459 3583 2565 3639 lide
2588 3580 2831 3648 dignam,
2860 3577 3024 3640 idque
3050 3589 3080 3628 a
3118 3574 3306 3637 Patre,
3331 3569 3563 3624 demon-

267 3669 547 3725 δείκνυσιν
607 3669 778 3741 αὐτὴν
845 3669 1165 3735 ἀξιόπιστον
1239 3672 1334 3726 καὶ
1381 3671 1492 3725 ἀπὸ
1549 3669 1646 3725 τοῦ
1705 3671 1846 3742 ἀγίοι

1971 3693 2109 3742 strat
2138 3695 2287 3737 nunc
2320 3678 2463 3733 idem
2490 3681 2546 3730 et
2573 3687 2606 3728 a
2636 3669 2847 3743 Spiritu
2886 3677 3098 3724 sancto.

272 3762 416 3818 Πνεύ
424 3779 614 3835 ματος.

350 3858 434 3911 Οὐ
464 3885 534 3896 -
572 3854 841 3926 Πνεῦμα.
876 3856 953 3910 Οὐ
1000 3856 1436 3929 μεμετρημίνην
1467 3857 1690 3912 δίδωσιν
1712 3855 1865 3928 αὐτῷ

2045 3865 2202 3920 Vers.
2236 3862 2328 3917 '56.
2359 3857 2479 3914 Non
2515 3884 2587 3896 —
2619 3851 2897 3923 Spiritum.
2921 3847 3043 3903 Non
3073 3851 3449 3899 mensuratam
3471 3839 3567 3893 dat

271 3951 304 4004 6
337 3947 530 4020 Πατὴρ
552 3949 654 4020 τὴν
696 3948 795 4002 τοῦ
831 3949 1158 4019 [Ινεύματος
1188 3951 1500 4020 ἐνέργειαν,
1533 3949 1726 4019 ὥσπερ
1752 3950 1846 4010 toti

1976 3959 2077 4031 ipsi
2107 3957 2268 4012 Pater
2297 3951 2539 4024 Spiritus
2563 3946 2845 4006 virtutem,
2867 3941 3012 3998 sicut
3033 3938 3158 3994 aliis
3185 3935 3394 3992 sanctis
3421 3949 3435 3986 :
3467 3930 3565 3986 sed

274 4043 459 4106 ἄλλοις
490 4040 693 4110 ἁγίοις,
730 4042 848 4095 ἀλλ’
874 4043 1190 4116 ἀμέτρητον
1211 4044 1326 4116 ἔχει
1353 4042 1560 4115 ταύτην
1589 4043 1685 4099 καὶ
1713 4043 1864 4112 ὅλην,

275 4134 355 4200 ὡς
377 4133 620 4206 ὁμοφυῆ.
657 4133 885 4204 Πνεῦμα
911 4136 1023 4208 γὰρ
1075 4135 1174 4190 νῦν
1232 4136 1387 4207 λέγει
1439 4136 1539 4206 τὴν
1566 4135 1664 4190 τοῦ
1697 4136 1868 4190 πνεύ-

281 4244 455 4298 ματος
483 4227 794 4297 ἐνέργειαν.
833 4229 907 4281 T6
955 4228 1190 4300 Πνεῦμα
1248 4231 1351 4300 μὲν
1387 4230 1498 4302 γὰρ
1530 4231 1867 4304 ἀμέτρητον·

278 4323 314 4388 ἡ
342 4319 598 4390 ἐνέργεια
628 4318 687 4373 δὲ
722 4319 892 4374 αὐτοῦ
925 4324 1206 4393 μετρεῖται
1242 4323 1341 4376 καὶ
1393 4321 1716 4394 διανίμεται
1747 4324 1872 4376 κατ’

277 4409 442 4475 ἀξίαν
471 4410 582 4465 τῶν
612 4409 1012 4482 λαμϐανόντων
1049 4415 1246 4486 αὑτήν.

363 4592 576 4657 Ἐδειξε
631 4591 689 4646 δὲ
746 4593 849 4664 τὴν
909 4595 1271 4651 διδασκαλίαν
1310 4597 1478 4653 αὑτοῦ
1557 4597 1876 4666 ἀξιόπιστον

284 4685 396 4738 ἀπὸ
425 4683 520 4737 τοῦ
550 4685 764 4757 [ἰατρὸς
797 4688 894 4739 καὶ
945 4688 1040 4742 τοῦ
1075 4689 1238 4755 ἁγίου
1296 4691 1644 4762 Πνεύματος,
1676 4694 1776 4764 οὐχ
1802 4695 1879 4760 ὼς

1978 4026 2122 4107 lianc
2151 4047 2268 4104 sine
2299 4055 2560 4099 mensura
2590 4037 2757 4093 habet
2787 4051 2852 4090 ac
2882 4042 3077 4093 totam,
3116 4038 3376 4097 tanquam
3411 4026 3565 4094 ejus-

1977 4145 2103 4199 dem
2141 4149 2352 4194 naturae
2381 4135 2482 4206 (In.
2512 4129 2780 4202 Spiritum
2800 4125 2947 4182 enim
2975 4137 3123 4178 nunc
3143 4120 3300 4185 dicit,
3327 4116 3571 4185 Spiritus

1981 4233 2274 4291 cilicaciam
2325 4244 2389 4283 ac
2443 4227 2728 4280 virtutem.
2772 4215 3053 4287 Siquidem
3100 4225 3408 4268 mensuram
3458 4223 3568 4262 non

1983 4333 2165 4398 potest
2195 4321 2470 4392 Spiritus:
2509 4316 2684 4368 virtus
2708 4319 2891 4365 autem
2926 4307 3100 4376 ipsius
3131 4309 3483 4358 mensuratur
3507 4312 3571 4352 ac

1984 4387 2265 4476 dividitur.
2290 4412 2441 4484 juxta
2464 4419 2678 4468 eorum,
2710 4400 2801 4472 qui
2829 4398 2980 4454 illam
3009 4395 3365 4467 participant.
3391 4387 3572 4459 digni-

1916 4532 1960 4588 ι)
1992 4521 2178 4567 tatem.

2056 4596 2467 4657 Demonstravit
2514 4606 2646 4663 ergo
2700 4584 3009 4645 doctrinam
3065 4581 3219 4637 illius
3279 4591 3402 4632 esse
3467 4571 3575 4627 (ide

1977 4695 2198 4765 dignam
2223 4704 2252 4744 a
2278 4689 2440 4744 Patre
2468 4693 2526 4740 et
2548 4681 2753 4753 Spiritu
2783 4684 2975 4733 sancto
3007 4690 3023 4741 ;
3053 4686 3166 4727 non
3213 4666 3373 4740 quasi
3426 4664 3577 4717 illinc

284 4774 546 4844 δεομένου
574 4756 683 4846 τῆς
699 4777 915 4831 ἐκεῖθεν
962 4779 1315 4848 ἀξιοπιστίας
1341 4798 1354 4812 ·
1381 4756 1547 4855 ἀρκεῖ
1575 4756 1686 4858 γάρ
1713 4756 1846 4842 α’ύτδ

1979 4756 2134 4858 egeat
2164 4781 2384 4836 testium
2415 4774 2832 4848 approbatione,
2865 4769 2960 4839 qui
2993 4765 3098 4821 soli
3134 4761 3245 4817 sibi
3298 4756 3577 4814 suﬂiciens

287 4863 488 4933 ἑαυτῷ,
513 4867 615 4933 τῆς
643 4865 815 4934 αὐτῆς
847 4868 1034 4932 αὐτοῖς
1061 4869 1137 4923 ὢν
1167 4871 1389 4939 φύοεως
1427 4874 1521 4927 καὶ
1546 4873 1735 4940 ἀξίας’
1762 4875 1878 4929 ἀλλ’

1985 4847 2094 4938 est.
2129 4872 2376 4944 ejusdem
2408 4847 2532 4924 cum
2564 4866 2645 4922 eis
2670 4861 2950 4936 dignitatis
2978 4867 3034 4912 et
3073 4865 3301 4914 naturae,
3338 4850 3432 4906 sed
3452 4847 3580 4918 quia

289 4955 482 5028 ἐπειδὴ
505 4955 598 5010 τὸν
632 4957 734 5027 μὲν
767 4959 989 5030 Πατέρα
1023 4963 1346 5030 ἐγίνωσκον,
1381 4965 1478 5019 καὶ
1523 4967 1607 5020 ὅτι
1642 4968 1784 5021 Πνεῦ
1798 4987 1846 5039 με

1988 4941 2206 5023 Patrem
2236 4961 2661 5035 cognoscebant,
2689 4965 2744 5013 et
2770 4952 2915 5025 quod
2940 4948 3178 5021 Spiritus
3207 4952 3356 5000 esset
3385 4941 3580 5039 crede—

289 5052 442 5104 ὲστιν
471 5051 794 5121 ἠπίσταντο,
835 5029 928 5107 τὸν
974 5029 1102 5112 Υίδν
1132 5057 1191 5110 δὲ
1219 5059 1477 5130 ἠγνόουν,
1531 5062 1625 5114 ἀπ’
1654 5029 1846 5117 ὲκείνω

1991 5029 2345 5127 bant,Filium
2373 5061 2559 5110 autem
2597 5048 2942 5124 ignorabant,
2977 5042 3294 5112 opinionem
3322 5029 3584 5106 quamde

407 5229 455 5262 ⁵⁷
482 5227 644 5284 Joan.
689 5248 740 5300 ν,
765 5233 856 5289 50.
994 5233 1042 5265 ⁸⁸
1061 5232 1224 5292 Joan.
1254 5251 1350 5293 vn.
1378 5233 1467 5290 16.

1578 5237 1625 5268 ³⁸
1651 5235 1812 5292 Joan.
1853 5254 1970 5304 vm,
1991 5235 2082 5292 26.

1386 5397 1590 5460 Varios
1630 5395 1938 5461 lectiones
1976 5405 2040 5462 et
2083 5399 2276 5460 noun.

366 5556 481 5632 με)
535 5558 669 5632 καί,
699 5560 986 5632 ροειμγάρ,
1014 5560 1172 5617 abest
1207 5559 1270 5616 B.

367 5628 484 5698 (69)
533 5629 778 5701 Θιλομεν
821 5630 890 5685 Δ.

369 5778 471 5850 (ea)
514 5777 604 5835 Ita
630 5790 678 5855 et
711 5785 874 5855 istud,
919 5793 1025 5840 etc.
1058 5785 1132 5839 Ita
1187 5793 1246 5840 ct
1299 5784 1407 5842 hoc
1468 5785 1537 5842 de
1576 5801 1656 5841 se.
1685 5784 1880 5855 Siqui-

306 5849 581 5919 Itaque.
622 5850 761 5918 Quia
795 5860 963 5925 cnim,
991 5873 1116 5912 cum
1149 5857 1352 5914 missus
1377 5863 1469 5927 sit,
1502 5857 1666 5914 verba
1711 5849 1830 5912 ou.

2067 5561 2182 5636 (50)
2213 5561 2327 5617 Καὶ
2347 5560 2377 5614 6
2400 5561 2626 5632 ἢκουσε.
2667 5556 2732 5612 Α.

2061 5784 2138 5855 (If)
2167 5781 2420 5854 Ejusdem
2441 5786 2669 5834 uatum.
2699 5774 2885 5846 Forte,
2911 5773 3075 5832 simul
3108 5731 3319 5833 natam.
