4110 6400
586 399 725 467 1187

1816 384 2200 448 ΕΠἸἮῩΜῙΙ
2240 382 2568 447 ZIGABEN
2577 382 2598 442 Ι

3728 370 3865 436 1188

576 509 875 582 discipulos
903 504 1281 579 exspectabat,
1310 500 1403 574 qui
1434 499 1685 557 abierant
1718 507 1779 553 ut
1807 499 1961 554 cibos
2003 511 2158 553 eme-

2275 515 2356 552 ται
2384 497 2495 551 τῶν
2537 490 2901 566 ἀνθρωπίνων
2959 488 3272 560 σωμάτωνο
3311 486 3430 558 ἃμα
3490 484 3547 540 δέ
3608 486 3704 539 καὶ
3738 487 3868 548 τοὺς

571 611 718 658 rent.
763 600 900 657 Vide
963 607 1147 654 autem
1193 592 1540 666 evangelista:
1582 589 1913 662 diligentiam
1949 602 2172 657 :neque

574 696 722 748 enim
774 692 948 747 dixit:
1004 689 1147 745 llora
1212 696 1332 744 erat
1386 693 1588 750 sexta,
1644 683 1740 738 sed
1790 682 1953 754 ferme
1998 692 2171 742 sexta,

574 788 853 839 instruens
873 798 991 844 nos.
1012 796 1083 837 ne
1111 782 1276 835 etiam
1312 779 1533 833 minima
1569 772 2054 846 parvipendamus,
2075 769 2169 824 sed

573 876 629 930 in
661 876 745 929 bis
766 888 885 945 qua
918 889 1043 929 sese
1080 871 1323 927 offerunt
1346 869 1633 923 veritatem
1660 876 1958 921 sectemur.
1993 862 2173 932 Siqui—

574 967 696 1019 dem
730 982 797 1018 ne
829 965 1146 1017 atlirmaudo
1178 969 1408 1025 erraret,
1461 956 1759 1012 dictionem
1809 953 2071 1020 correxit,
2108 960 2167 1007 et

574 1055 1023 1124 conjecturaliter
1050 1052 1266 1106 locutus
1298 1059 1409 1103 est.

650 1232 800 1286 Vers.
836 1231 886 1285 7.
931 1229 1179 1283 Venit—
1206 1244 1428 1299 aquam.
1474 1225 1602 1279 Inde
1646 1224 1793 1279 enim
1845 1220 2175 1276 bauriebant

576 1340 769 1393 aquam
802 1339 864 1376 ac
895 1322 1185 1385 bibebant,
1217 1322 1309 1390 qui
1338 1320 1540 1374 dictam
1574 1318 1853 1371 civitatem
1882 1314 2172 1367 inhabita-

573 1417 727 1472 bant.
758 1431 825 1470 eo
852 1418 994 1485 quod
1028 1414 1186 1485 pauci
1213 1414 1365 1482 juxta
1400 1412 1580 1465 locum
1616 1417 1809 1463 essent
1841 1406 2016 1477 putei.

634 1507 787 1561 Vers.
824 1508 875 1559 7.
909 1506 1047 1558 Dicit
1074 1534 1141 1544 —
1166 1512 1221 1555 ut
1248 1504 1441 1556 bibam.
1465 1498 1929 1567 Quemadmodum
1961 1498 2011 1549 iu
2045 1494 2170 1559 ﬁcu,

574 1612 695 1667 qua:
721 1598 930 1650 exaruit
947 1596 1014 1655 ",
1040 1594 1171 1647 ﬁcus
1193 1592 1506 1661 requirebat
1532 1605 1639 1643 non
1667 1596 1891 1659 pr0pter
1913 1590 2171 1648 esuriem,

2276 590 2529 662 μαθητὰς
2557 588 2825 657 ἀνέμενεν
2857 580 3198 645 ἀπελθόντας
3240 580 3321 643 είς
3365 577 3576 649 ἀγορὰν
3614 575 3862 651 τροφῶν.

2274 686 2418 755 Ὅρα
2446 682 2504 736 δέ
2538 680 2633 735 τοῦ
2673 674 3068 747 εὐαγγελιστοῦ
3126 676 3230 743 τὴν
3276 671 3567 743 ἀκρίϐειαν
3594 687 3609 702 ο
3657 672 3720 723 ού
3754 669 3867 740 γὰρ

2274 772 2450 839 εἴπεν,
2478 775 2621 845 Ὥρα
2635 768 2705 843 ἦν
2727 770 2886 841 ἕκτη,
2910 766 3025 823 ἀλλ’
3043 766 3188 819 ὡσεὶ
3212 766 3354 831 ἕκτη
3379 781 3394 796 °
3421 762 3695 817 παιδεύων
3719 764 3869 833 ἡμᾶς

2276 865 2399 937 μηδ’
2427 864 2522 918 ἐπὶ
2552 866 2666 927 τοῖς
2716 860 3030 931 ἐλαχίστοις
3084 857 3432 924 ἀδιαφορεϊν,
3472 854 3611 909 ἀλλὰ
3647 854 3748 907 καὶ
3803 854 3864 906 ἐν

2271 960 2386 1019 τοῖς
2418 954 2679 1026 τυχοῦσιν
2728 947 3079 1018 ἐπιτηδεύειν
3139 946 3426 1014 ἀλήθειαν.
3461 945 3582 997 Ἶνα
3640 944 3753 1014 γὰρ
3790 942 3867 1012 μῆ

2275 1046 2714 1114 ἀποφαινόμενος
2736 1043 2867 1104 ίσως
2896 1036 3171 1109 ἀποτύχῃ,
3190 1036 3420 1091 ἐκόλασε
3441 1036 3541 1106 τὴν
3567 1035 3740 1101 λέξιν,
3772 1035 3870 1087 καὶ

2278 1134 2653 1207 στοχαστικῶς
2689 1131 2894 1197 ἔλεξεν.

2350 1229 2621 1297 Ἔρχεται
2651 1256 2720 1268 -
2744 1223 2922 1291 ὕδωρ.
2971 1219 3219 1275 Ἐκεῖθεν
3254 1219 3362 1289 γὰρ
3413 1219 3464 1271 οἱ
3499 1218 3596 1289 τῆς
3634 1216 3871 1288 ειρημέ-

2274 1339 2373 1393 νης
2401 1321 2612 1383 πόλεως
2645 1318 2954 1386 ὑδρεύοντο,
2983 1313 3072 1366 διὰ
3101 1314 3163 1364 τὸ
3189 1310 3265 1382 μὴ
3292 1313 3461 1379 συχνὰ
3486 1309 3702 1378 φρέατα
3738 1307 3871 1379 περὶ

2276 1418 2367 1469 τὸν
2394 1414 2561 1468 τόπον
2594 1408 2759 1464 εἶναι.

2348 1505 2517 1575 Λέγει
2542 1535 2613 1544 -
2642 1503 2821 1557 πιεῖν.
2865 1501 3077 1571 Ὥσπερ
3108 1499 3203 1552 ἐπὶ
3236 1495 3337 1565 τῆς
3370 1493 3736 1566 ξηρανθείσης
3774 1509 3873 1545 συ-

2279 1600 2380 1671 κῆς
2428 1600 2488 1652 οὐ
2540 1595 2740 1649 πεινῶν
2787 1595 2970 1663 ἐζήτει
3022 1591 3184 1655 σῦκα,
3230 1590 3349 1644 ἀλλ’
3394 1586 3737 1656 οίκινομῶν,
3785 1586 3874 1636 ῖια

575 1690 673 1743 sed
719 1687 1123 1753 dispensatorie
1174 1698 1364 1753 agens,
1398 1691 1459 1735 ut
1495 1689 1723 1749 accepta
1769 1678 2058 1732 occasione
2106 1676 2170 1730 ad

2279 1690 2609 1759 εὐαφόρμως
2640 1684 2735 1738 ἐπὶ
2765 1685 2863 1756 τὴν
2902 1682 3355 1754 θαυματουργίαν
3390 1678 3519 1752 ἔλθῃ
3546 1694 3563 1712 ο
3597 1677 3747 1730 οὕτω
3777 1678 3874 1730 καὶ

573 1778 902 1832 miraculum
930 1774 1244 1845 perveniret
1276 1793 1290 1826 :
1327 1773 1403 1826 ita
1433 1780 1489 1826 et
1516 1786 1666 1825 nunc
1695 1770 1761 1824 de
1790 1768 1942 1822 fonte
1971 1782 2169 1837 aquam

2278 1784 2373 1837 νῦν
2406 1782 2500 1835 ἐπὶ
2527 1784 2625 1851 τῆς
2659 1778 2843 1849 πηγῆς
2871 1778 2933 1830 ού
2959 1776 3129 1845 διψῶν
3160 1773 3345 1844 ἐζήτει
3385 1772 3553 1841 ὕδωρ,
3578 1766 3700 1823 ἀλλ’
3731 1769 3875 1822 cleo-

574 1868 836 1938 postulat,
885 1882 1009 1943 non
1052 1866 1175 1919 sitis
1229 1879 1415 1927 causa,
1464 1864 1559 1917 sed
1602 1858 2030 1929 dispensatorie,
2062 1874 2169 1928 quo

2277 1872 2481 1942 νομῶν,
2508 1870 2597 1923 ἵνα
2626 1869 2958 1937 εύαφόρμως
2981 1869 3047 1935 τῇ
3078 1865 3298 1931 γυναικὶ
3324 1860 3607 1930 διαλεχθῇ.
3639 1861 3876 1930 Προεγί-

578 1963 783 2009 nactus
845 1954 1193 2007 occasionem
1253 1964 1379 2003 cum
1430 1947 1665 2001 muliere
1712 1944 2168 2015 colloqueretur;

577 2043 897 2114 praesciebat
958 2042 1103 2095 enim
1158 2041 1330 2108 ipsam
1388 2036 1721 2091 credituram
1768 2034 2172 2102 multorumque

576 2132 701 2186 lidei
732 2146 952 2185 causam
981 2128 1220 2184 futuram
1255 2143 1271 2182 :
1310 2126 1546 2196 ideoque
1577 2131 1768 2179 exorta
1800 2122 2173 2178 collocutioue

574 2237 773 2291 aquam
812 2220 1053 2287 reliquit.

646 2310 802 2366 Vers.
833 2310 887 2362 8.
923 2307 1182 2374 Discipuli
1208 2336 1282 2345 —
1310 2315 1365 2359 ut
1393 2313 1641 2359 emerent.
1678 2302 1961 2373 Siquidem
2009 2304 2173 2359 viati-

576 2417 702 2455 cum
756 2415 868 2453 non
914 2400 1295 2461 contulerant,
1334 2398 1516 2454 edocti
1564 2406 1810 2451 ventrem
1864 2395 2170 2465 despicere,

578 2508 681 2546 nec
725 2494 921 2544 anxius
979 2490 1152 2560 ipsius
1212 2504 1403 2562 gerere
1465 2487 1839 2557 obsequium,
1890 2486 1986 2541 sed
2044 2496 2173 2541 tunc

583 2586 762 2637 solum
820 2582 996 2652 ipsius
1026 2581 1230 2637 habere
1276 2596 1489 2646 curam,
1527 2595 1653 2635 cum
1704 2580 1771 2633 ad
1822 2579 1926 2633 boc
1980 2590 2173 2633 natura

575 2685 823 2745 cogeret.

647 2766 757 2819 Cur
777 2771 960 2819 autem
982 2772 1116 2818 tunc
1141 2762 1468 2817 miraculum
1501 2773 1765 2834 operatus
1787 2778 1895 2817 non
1918 2768 2002 2817 est
2029 2760 2173 2815 circa

576 2859 729 2911 cibos
762 2857 1154 2927 discipulorum
1183 2855 1393 2921 ?Quia,
1428 2857 1474 2910 si
1507 2859 1699 2911 omnia
1742 2865 1999 2924 tanquam
2030 2855 2172 2909 Deus

570 2948 903 3002 mirabiliter
929 2954 1191 3015 operatus
1214 2946 1429 3008 fuisset,
1462 2962 1807 3016 nequaquam
1844 2945 2011 2998 homo
2049 2959 2172 2999 esse

574 3039 821 3093 creditus
841 3040 1034 3093 luisset
1058 3054 1073 3103 ;
1098 3038 1559 3107 quemadmodum
1583 3053 1613 3092 e
1634 3038 1876 3102 diverso,
1897 3036 1941 3091 si
1962 3038 2168 3101 omnia,

575 3139 840 3201 tanquam
872 3133 1036 3185 homo
1070 3130 1312 3194 fecisset,
1340 3128 1416 3183 De
1429 3144 1519 3182 um
1548 3143 1671 3183 esse
1695 3129 1847 3183 nullo
1868 3127 2029 3183 modo
2055 3143 2173 3182 cre-

2275 1980 2455 2017 νωσκε
2490 1964 2599 2033 γὰρ
2639 1960 2809 2031 αὐτὴν
2848 1957 3254 2011 πιστεύσουσαν
3289 1955 3385 2008 καὶ
3418 1953 3643 2015 πολλοῖς
3680 1953 3871 2006 αἰτίαν

2277 2058 2514 2118 πίστεως
2549 2053 2934 2124 γενησομένην
2961 2065 2976 2080 ⁸
3006 2050 3089 2105 διὸ
3114 2050 3231 2116 καὶ,
3266 2048 3366 2117 τῆς
3404 2042 3700 2111 διαλέξεως
3735 2044 3877 2114 ἁψά-

2278 2165 2463 2219 μενος,
2493 2146 2674 2216 ἁιεῆκε
2704 2146 2767 2199 τὸ
2795 2144 2908 2215 (58)
2942 2144 3110 2213 ὕδωρ.

2351 2307 2416 2359 Ol
2472 2302 2583 2373 γὰρ
2631 2300 2894 2372 μαθηταὶ
2933 2329 3005 2341 -
3047 2299 3456 2369 ἀγοράσωσιν.
3500 2297 3614 2351 Ούκ
3668 2299 3876 2367 issei-

2280 2415 2434 2471 ροντο
2487 2397 2600 2468 (59)
2650 2395 2757 2465 γὰρ
2796 2394 3006 2462 ἐφόδια,
3058 2392 3447 2455 παιδευθέντες
3498 2394 3875 2460 καταφρονεῖν

2275 2488 2538 2559 γαστρὸς,
2576 2486 2671 2540 καὶ
2705 2484 2780 2555 μὴ
2821 2482 3302 2553 περισπούδαστον
3334 2480 3597 2550 ἡγεῖσθαι
3631 2482 3735 2551 τὴν
3766 2481 3876 2534 λεν.-

2275 2580 2538 2651 τουργίαν
2594 2578 2789 2647 αὐτῆς,
2840 2575 2978 2629 ἀλλὰ
3030 2574 3152 2627 τότε
3213 2574 3375 2643 μόνον
3435 2573 3874 2642 ἐπιστρέφεσθαι

2272 2672 2500 2745 ταύτης,
2530 2673 2621 2725 ὅτε
2654 2670 2842 2723 λοιπὸν
2867 2670 2899 2738 ἡ
2934 2666 3099 2736 φύσις
3128 2666 3368 2733 ἐπείγοι.

2346 2765 2473 2827 Πῶς
2532 2758 2628 2815 οὖν
2693 2764 2798 2814 οὐκ
2849 2756 3348 2828 ἐθαυματούργησε
3404 2754 3502 2811 καὶ
3556 2754 3687 2808 τότε
3741 2754 3873 2825 περὶ

2274 2858 2374 2921 τὰς
2399 2856 2607 2927 τροφὰς
2636 2854 2745 2906 τῶν
2776 2850 3075 2921 μαθητῶνς
3106 2851 3252 2903 Διότι
3287 2849 3383 2902 ἐὰν
3412 2848 3601 2904 πάντα
3630 2848 3711 2911 ὡς
3740 2846 3872 2909 Θεὸς

2275 2947 2701 3021 ἐτερατούργει,
2750 2944 3031 3015 ἠπιστήθη
3088 2942 3153 2995 ἂν
3207 2943 3289 2995 ὅτι
3348 2940 3645 3013 ἄνθρωπός
3696 2943 3869 3001 ἐστιν.

2276 3044 2470 3115 ῶσπερ
2516 3042 2683 3095 πάλιν
2730 3041 2826 3092 ἐὰν
2874 3038 3054 3093 πάντα
3105 3037 3182 3101 ὼς
3234 3033 3526 3104 ἄνθρωπος
3572 3035 3868 3106 ἐπραττεν,

2275 3132 2593 3207 ἠπιστήσθη
2628 3132 2695 3185 ἂν
2726 3131 2809 3184 ὅτι
2838 3128 2970 3189 Θεός
3002 3128 3142 3181 ἐστι.
3170 3127 3270 3181 Διὰ
3300 3126 3460 3180 τοῦτο
3491 3126 3625 3179 ποτὲ
3663 3125 3765 3195 μέν
3794 3125 3870 3188 ῶς

576 3192 873 3279 didissent.
944 3223 1072 3278 Ideo
1132 3192 1463 3291 quandoque
1526 3228 1586 3274 ut
1658 3220 1824 3275 homo
1888 3227 2169 3289 operatur,

2279 3192 2593 3297 ἀνθρωποί
2630 3223 2888 3295 πράττει,
2951 3218 3190 3291 βεϐαιῶν
3242 3220 3327 3273 ὅτι
3374 3192 3673 3291 ἄνθρωπός
3720 3222 3866 3271 ἐστι·

578 3315 900 3377 ostendens,
938 3314 1085 3383 quod
1130 3314 1293 3366 homo
1326 3314 1399 3367 sit
1435 3328 1451 3379 ;
1499 3312 1777 3367 interdum
1814 3327 1971 3376 vero,
2020 3310 2170 3381 quasi

2280 3319 2416 3374 ποτέ
2472 3318 2530 3370 δέ
2587 3315 2663 3378 ῶς
2715 3314 2857 3379 Θεὸς
2909 3313 3291 3385 τερατουργεῖ,
3362 3311 3735 3380 πιστούμενος
3789 3309 3869 3363 ὃτι

585 3405 733 3460 Deus
755 3406 1028 3459 mirabilia
1056 3414 1339 3474 operatur.

656 3497 817 3550 Solus
845 3504 1029 3549 autem
1058 3496 1285 3550 sedebat
1317 3494 1460 3548 circa
1491 3493 1720 3559 fontem,
1762 3508 1828 3547 ex
1867 3492 1974 3547 hoc
2009 3493 2174 3547 etiam

582 3589 903 3652 ostendens,
930 3588 1074 3658 quod
1104 3597 1253 3641 esset
1281 3602 1311 3640 a
1340 3586 1481 3640 fastu
1514 3586 1748 3640 alienus.

656 3678 808 3733 νει-ε.
839 3678 892 3732 9.
925 3676 1565 3731 Dicit—Samaritanis.
1602 3676 1720 3730 Non
1776 3672 2174 3731 commercium

581 3773 807 3837 habent,
835 3773 955 3826 sive
996 3785 1104 3824 non
1141 3770 1572 3835 communicant,
1601 3770 1749 3839 ipsos
1775 3768 2177 3831 abominantes,

580 3879 839 3936 tauquam
872 3868 1050 3920 solum
1074 3865 1127 3918 in
1159 3874 1316 3934 parte
1339 3865 1708 3934 judaizantes.

645 3958 753 4012 Sed
795 3957 939 4009 unde
974 3955 1223 4010 Judaeum
1268 3971 1391 4010 esse
1425 3954 1724 4025 cognovit?
1754 3955 1839 4009 Ab
1866 3953 2057 4009 habitu
2085 3961 2177 4007 aut

580 4049 744 4102 etiam
788 4063 820 4101 a
853 4046 1094 4116 loquela.
1156 4044 1289 4099 Nam
1345 4046 1607 4100 Christus
1654 4046 1872 4115 quidem
1914 4056 2174 4115 tanquam

582 4153 692 4192 non
714 4137 1007 4207 vulgariter
1036 4135 1275 4201 Judzeus,
1313 4136 1411 4190 sed
1438 4139 1605 4190 etiam
1641 4136 1810 4204 Deus,
1846 4146 2172 4208 contempta

585 4230 901 4298 bujusmodi
941 4229 1313 4293 observantia,
1350 4227 1605 4297 captabat
1647 4242 1757 4282 non
1798 4228 2172 4283 Samaritano-

584 4333 705 4371 rum
738 4325 948 4370 tantum
980 4318 1435 4380 familiaritatem,
1463 4316 1559 4371 sed
1602 4323 1657 4370 et
1687 4327 2017 4373 cunctarum
2048 4318 2174 4372 nbi-

584 4423 693 4478 que
740 4410 1007 4480 gentium.
1079 4408 1429 4462 Samaritana
1481 4422 1613 4462 vero
1661 4408 1987 4484 egistimans
2043 4424 2170 4463 eum

2277 3410 2412 3473 Θεός
2450 3411 2591 3463 ἐστι.

2350 3501 2612 3565 Μόνοςδέ
2650 3500 2944 3565 ἐκαθίζετο
2982 3496 3132 3567 παρὰ
3162 3498 3229 3568 τῇ
3270 3498 3421 3568 πηγῇ
3458 3494 3739 3550 παιδεύων
3772 3495 3868 3548 καὶ

2277 3594 2344 3646 ἐκ
2376 3591 2566 3647 τούτου
2598 3592 2658 3644 τὸ
2689 3591 2915 3660 ἄτυφον.

2349 3685 2520 3756 Λέγει
2553 3714 2623 3724 -
2649 3683 3063 3753 Σαμαρείταις.
3092 3682 3168 3737 Οὐ
3199 3678 3571 3751 συγχρῶνται,
3603 3680 3776 3752 ἤγουν
3804 3683 3864 3736 ού

2282 3778 2630 3843 κοινωνοῦσι,
2683 3775 3102 3847 βδελυττόμενοι
3139 3776 3364 3840 τούτους
3401 3773 3477 3838 ὡς
3512 3773 3571 3843 ἐξ
3606 3775 3869 3845 ἡμισείας

2282 3871 2677 3935 ἰουδαΐζοντας.

2364 3963 2528 4017 Ἀλλὰ
2578 3962 2743 4017 πόθεν
2794 3963 2939 4032 ἔγνω
3000 3960 3085 4014 δτι
3156 3958 3411 4023 Ἰουδαῐίς
3468 3959 3664 4023 ἐστινς
3738 3958 3869 4012 Ἀπὸ

2276 4054 2371 4109 τοῦ
2421 4057 2723 4125 σχήματος,
2766 4053 2799 4124 ἢ
2837 4052 2933 4105 καὶ
2978 4050 3090 4106 ἀπὸ
3132 4052 3236 4120 τῆς
3280 4048 3599 4115 διαλίξεως.
3656 4049 3719 4103 '0
3770 4049 3870 4120 μιν

2275 4148 2372 4202 οὖν
2418 4145 2677 4218 Χριστὸς,
2738 4140 2827 4199 οία
2878 4143 2957 4215 μὴ
3007 4142 3196 4207 ἁπλῶς
3254 4142 3537 4207 Ἰουδαῖος,
3579 4142 3723 4196 ἀλλὰ
3774 4144 3870 4195 καὶ

2273 4239 2426 4305 Θεὸς,
2459 4234 2683 4306 παρεῖδε
2708 4237 2808 4306 τήν
2838 4235 3099 4305 τοιαύτην
3128 4234 3537 4305 παρατήρησιν,
3574 4249 3869 4305 προοιμια-

2274 4330 2501 4401 ζόμενος
2531 4328 2631 4399 τὴν
2663 4328 2974 4391 οίκείωσιν,
3007 4327 3069 4380 οὐ
3113 4328 3278 4395 μόνον
3310 4324 3424 4377 τῶν
3464 4323 3862 4394 Σαμαρειτῶν,

2273 4417 2410 4473 ἀλλὰ
2434 4416 2530 4469 καὶ
2556 4415 2667 4469 τῶν
2692 4412 3014 4483 ἁπανταχοῦ
3043 4412 3148 4482 γῆς
3174 4411 3367 4466 ἐθνῶν.
3416 4409 3480 4464 Ἦ
3506 4410 3565 4464 δέ
3593 4410 3868 4481 Σαμαρεί-

584 4517 836 4571 peccare,
883 4500 1237 4570 corripientis
1289 4515 1443 4555 more
1485 4500 1553 4554 ad
1600 4502 1918 4556 memoriam
1960 4501 2170 4557 reducit

2276 4528 2381 4577 τις,
2429 4508 2651 4579 οἰομένη
2696 4506 2890 4560 τοῦτον
2933 4504 3296 4576 ἁμαρτάνειν,
3342 4501 3657 4574 διορθοῦται
3703 4502 3864 4573 δῆθεν

582 4595 1055 4647 observntiouem.

662 4683 820 4737 Vers.
856 4683 946 4737 l0.
981 4683 1265 4755 Respondit
1294 4708 1362 4726 -—
1393 4686 1590 4741 vivam.
1635 4682 1779 4741 Hinc
1803 4685 1965 4757 plane
1998 4688 2166 4741 mani-

585 4777 783 4832 festum
808 4786 893 4832 est
923 4778 1073 4846 quod
1108 4776 1253 4829 sitim
1284 4775 1655 4841 simulaverit,
1680 4786 1740 4830 ut
1783 4777 1849 4831 ad
1885 4790 1945 4831 se
1977 4791 2171 4831 erran-

587 4879 697 4923 tem
759 4869 1099 4933 attraberet,
1133 4883 1197 4923 ac
1239 4868 1535 4923 locutionis
1567 4868 1668 4923 reti
1715 4877 2022 4923 venaretur.
2084 4868 2172 4922 Si-

584 4960 755 5015 tiebat
804 4970 974 5022 certe,
1038 4960 1133 5014 sed
1176 4961 1474 5015 errantium
1530 4960 1969 5025 conversionem,
2004 4975 2166 5031 quam

585 5053 839 5106 etiamin
895 5066 1152 5122 processu
1205 5067 1365 5106 suum
1420 5062 1580 5108 vocat
1640 5054 1847 5118 cibum,
1902 5051 2091 5109 dicens
2147 5070 2161 5107 :

2156 4634 2164 4645 .
2277 4599 2780 4667 ὑπομιμνήσκουσα
2812 4594 2943 4664 περὶ
2976 4593 3077 4663 τῆς
3112 4596 3579 4663 παρατηρήσεως.

2355 4689 2672 4757 Ἀπεκρίθη
2702 4716 2773 4727 ——
2807 4684 2939 4746 ζῶν.
3002 4684 3286 4738 Ἐντεῦθεν
3334 4685 3575 4755 μάλιστα
3622 4686 3864 4755 φανερὸν

2270 4780 2344 4844 ὼς
2373 4779 2643 4851 ὑπεκρίθη
2678 4779 2799 4833 τότε
2834 4778 2933 4849 την
2972 4776 3172 4847 δίψαν,
3209 4778 3296 4831 τνα
3342 4777 3512 4846 ἐγγὺς
3539 4778 3729 4849 ἀγάγῃ
3762 4777 3857 4849 τὴν

2271 4872 2656 4942 πλανωμένην,
2686 4871 2781 4924 καὶ
2802 4868 3051 4941 θηρεύσῃ
3080 4870 3159 4941 τῷ
3178 4870 3380 4937 δικτύῳ
3409 4869 3511 4939 τῆς
3537 4869 3854 4935 διαλέξεως.

2285 4961 2474 5032 manu
2540 4961 2641 5032 μέν
2698 4961 2844 5032 γὰρ,
2911 4958 3050 5015 ἀλλὰ
3102 4960 3203 5032 τὴν
3258 4958 3366 5014 τῶν
3422 4960 3858 5032 πεπλανημένων

2273 5053 2614 5123 ἐπιστροφήν
2643 5069 2660 5085 ο
2708 5051 2833 5106 ἐπεὶ
2862 5052 2955 5104 καὶ
2990 5051 3229 5123 προῖὼν,
3260 5052 3392 5106 ίδιον
3424 5051 3626 5124 βρῶμα
3654 5052 3858 5123 ταύτην

584 5137 738 5192 Heus
761 5138 906 5192 cibus
932 5149 1031 5203 est,
1060 5148 1117 5193 ut
1148 5139 1347 5210 faciam
1386 5143 1713 5194 voluntatem
1744 5141 1879 5208 eius,
1900 5141 1990 5209 qui
2020 5141 2162 5194 misit

2275 5143 2447 5209 καλεῖ,
2475 5140 2663 5212 ιλέγων
2687 5158 2703 5173 ·
2764 5140 2947 5212 Ἐμὸν
2978 5141 3193 5213 ,βρῶμά
3228 5142 3421 5207 ἐστιν,
3463 5144 3567 5198 Ira
3613 5141 3765 5198 ποιῶ
3793 5142 3857 5197 τὸ

584 5244 668 5283 me
704 5228 753 5261 “
782 5246 799 5295 ;
829 5245 976 5283 nunc
1003 5246 1134 5286 vero
1178 5233 1254 5285 ait
1284 5248 1298 5284 :
1331 5230 1388 5285 Si
1418 5232 1578 5285 scires
1608 5233 1805 5286 donum
1832 5229 1952 5296 Dei,
1982 5232 2029 5287 si
2068 5246 2161 5286 co-

2268 5235 2500 5305 θέλημα
2552 5234 2659 5290 τοῦ
2711 5233 3063 5305 πέμψαντός
3117 5252 3215 5305 με.
3263 5234 3380 5289 Νῦν
3431 5236 3489 5289 δέ
3542 5251 3745 5308 φησιν·
3792 5235 3858 5288 ει

581 5337 895 5394 ειιοεεετοε,
939 5326 1201 5395 quidnam
1234 5326 1325 5392 sit,
1351 5326 1496 5395 quod
1526 5325 1691 5380 donat
1732 5328 1895 5381 Deus.
1938 5325 2164 5380 Dicebat

2275 5328 2437 5397 ᾕδεις
2460 5328 2575 5396 τὴν
2618 5327 2850 5397 δωρεὰν
2888 5326 2996 5381 τοῦ
3030 5328 3179 5381 Θεοῦ
3202 5344 3218 5359 ο
3257 5329 3307 5381 εί
3351 5326 3655 5398 ἐγίνωσκες
3700 5329 3856 5382 ὁποῖα

689 5461 735 5495 ⁸³
772 5460 1090 5532 Matth.xx|,
1120 5466 1230 5534 18;
1266 5465 1430 5522 Marc.
1459 5483 1539 5533 ιι,
1574 5467 1663 5522 ιε.

1774 5465 1818 5498 ⁵⁸
1841 5465 2001 5524 Joan.
2034 5482 2111 5533 tv,
2140 5467 2230 5523 54.

1769 5630 1967 5694 Variae
1997 5628 2312 5699 lectiones
2330 5638 2606 5696 etnotae.

658 5791 778 5866 (58)
814 5791 1075 5848 Τοιοῦτον
1107 5792 1404 5863 interponit
1441 5796 1505 5850 Α.

2344 5801 2457 5873 (59)
2496 5801 2827 5871 Ἐπεφέρετο
2867 5803 2934 5855 Α.
