4094 6440
253 407 406 472 2203

345 524 655 592 Ἀπεκρίθη
695 553 765 564 —-
809 526 1177 581 καταϐαίνει.
1227 527 1622 584 ’Υπώπτευσεν
1654 531 1737 583 ὅτι
1772 531 1859 583 διὰ
1895 539 1934 590 Α

245 616 420 669 τοῦτο
446 617 610 669 αὑτὸν
662 617 915 687 ἠρώτησε
967 616 1264 676 τοῦτο.ἴνα
1315 620 1513 690 ἐλέγξῃ
1554 622 1645 675 διὰ
1688 621 1854 693 ρᾳῢυ-

249 710 388 780 μίαν
421 711 749 780 προϊέμενον
781 709 878 781 τὴν
909 712 1075 776 τασιν,
1105 712 1137 783 ἧ
1171 714 1253 767 ὅτι
1285 713 1612 785 βουλόμενος
1660 734 1856 786 χρησι-

251 802 461 872 μεύσαι
493 805 630 874 πρὸς
663 804 723 855 τὸ
757 804 940 873 βαλεῖν
968 805 1132 857 αὑτὸν
1176 807 1258 868 είς
1287 805 1385 876 τὴν
1435 807 1851 878 κολυμϐήθραν.

247 895 347 946 Διὸ
381 896 476 947 καὶ
504 897 864 964 ἀπολογεῖται
896 897 980 949 ὅτι
1011 898 1166 968 παρά
1200 897 1260 950 τὸ
1288 898 1364 970 μὴ
1387 897 1532 970 ἔχειν
1561 900 1853 971 ἄνθρωπον

249 988 644 1056 ἀποτυγχάνει.

327 1079 509 1130 Εἰπὼν
539 1079 614 1143 δὲ,
649 1080 731 1132 ὅτι
788 1081 883 1133 Ἐν
915 1076 963 1150 ᾧ
1003 1086 1252 1151 ἔρχομαι
1303 1082 1441 1153 ἐγὼ,
1490 1083 1683 1150 ἄλλος
1737 1085 1851 1152 πρὸ

249 1173 404 1240 ἐμοῦ
457 1175 838 1228 καταϐαίνει·
892 1177 1064 1241 ἔδειξε
1132 1177 1234 1246 τὴν
1311 1179 1612 1248 καρτερίαν
1659 1178 1846 1242 αὑτοῦ,

250 1264 373 1327 πῶς
405 1267 461 1318 ἐν
503 1267 787 1330 τοσούτοις
819 1267 1000 1321 ἔτεσιν
1027 1270 1432 1338 ἀποτυγχάνων
1456 1269 1535 1322 ἔτι
1569 1273 1850 1340 παρέμενε

248 1358 347 1408 καὶ
373 1359 470 1410 οὐκ
518 1359 810 1424 ἀφίστατο,
837 1363 929 1412 καὶ
953 1359 1125 1412 ταῦτα
1154 1360 1214 1413 ού
1239 1361 1506 1431 ῥᾳθυμῶν
1537 1362 1674 1416 ἀλλὰ
1705 1379 1850 1433 παρ-

247 1449 694 1520 αγκωνιζόμενος
715 1468 775 1504 τε
829 1454 926 1504 καὶ
950 1452 1402 1523 ὲπηρεαζόμενος
1432 1456 1527 1508 xei.
1555 1454 1676 1507 ούδέ
1700 1455 1846 1509 οὕτω

243 1541 490 1608 ναρκῶν.

333 1633 522 1700 Ἡμεῖς
543 1633 622 1699 δὲ,
642 1634 853 1706 βραχύν
876 1653 1001 1690 τινα
1050 1637 1244 1708 καιρὸν
1276 1636 1739 1708 προσεδρεύοντες
1769 1636 1847 1709 τῷ

243 1723 366 1792 Θεῷ
394 1725 720 1802 σπουδαίως,
764 1728 860 1781 ἐὰν
919 1728 994 1800 μὴ
1048 1729 1326 1801 τύχωμεν,
1356 1730 1626 1799 ὀκνοῦμεν
1656 1730 1845 1784 λοιπδν

244 1817 344 1870 καὶ
382 1818 793 1890 ἀποφοιτῶμεν,
813 1823 908 1873 atat
940 1821 1346 1892 ἀναπίπτομεν.
1378 1822 1524 1876 Ἀλλ’
1555 1823 1838 1889 ἐπίπονον,

246 1909 490 1981 φησὶνιή
527 1912 784 1982 διηνεκὴς
838 1916 1276 1987 προσευχή·καὶ
1335 1917 1463 1968 ποία
1520 1917 1691 1990 ἀρετὴ
1742 1918 1842 1970 οὐκ

240 2001 531 2068 ἐπίπονος;
557 2005 702 2056 Διύτι
719 2005 775 2058 δὲ
803 2005 1086 2072 ἐπίπονος,
1108 2005 1197 2060 διὰ
1214 2006 1374 2060 τοῦτο
1394 2007 1490 2060 καὶ
1520 2007 1838 2078 ἐπικερδής.

319 2178 485 2246 Λέγει
517 2209 585 2218 -
617 2180 947 2246 περιπάτει-
975 2182 1048 2234 Ού
1083 2181 1244 2246 μόνον
1258 2183 1568 2253 ἀνίστητν,
1591 2185 1725 2238 ἀλλὰ
1747 2186 1842 2239 καὶ

239 2266 333 2318 τὸν
377 2267 690 2336 κρὰὄὸατον
722 2265 854 2336 ἆραι
900 2270 1132 2333 κελεύει,
1161 2271 1248 2321 ἵνα
1284 2274 1528 2340 πιστωοῇ
1558 2274 1617 2322 τὺ
1652 2274 1841 2343 θαῦμα

241 2356 339 2409 καὶ
371 2359 446 2427 μὴ
481 2357 606 2428 δόξῃ
657 2359 932 2427 φαντασία
978 2377 1085 2422 τις.
1125 2359 1184 2412 Ei
1214 2363 1319 2431 γὰρ
1351 2363 1424 2432 μὴ
1460 2364 1741 2435 συνεπάγη
1774 2368 1840 2421 τὰ

243 2448 382 2520 μέλη
415 2449 675 2519 βεϐαίως,
699 2451 800 2504 ούκ
826 2451 891 2506 ἂν
922 2453 1014 2506 τὸν
1033 2453 1346 2526 κράὸϐατον
1367 2453 1600 2524 ἠδύνατο
1623 2459 1834 2529 φέρειν.

311 2626 483 2680 Τοῦτο
516 2627 571 2681 δέ
598 2628 872 2699 πολλαχοῦ
921 2633 1244 2703 πεποίηκεν,
1275 2633 1648 2706 ἐπιστομίζων
1708 2639 1836 2702 τοὺς

236 2721 619 2788 ἀναισχυντεῖν
639 2721 1148 2792 βου>.ομένους.Καὶ
1175 2723 1284 2796 γὰρ
1320 2728 1413 2779 καὶ
1440 2727 1535 2780 ἐπὶ
1557 2729 1650 2780 τοῦ
1683 2729 1837 2799 παρὰ

236 2811 317 2882 τῷ
347 2811 613 2882 Ματοεςίῳ
652 2813 970 2885 παραλύτου
1020 2815 1223 2886 ὁμοίως
1254 2820 1546 2888 πεποιήκει
1572 2837 1584 2851 ·
1617 2819 1710 2872 καὶ
1739 2821 1833 2873 ἐπὶ

236 2901 345 2952 τῶν
380 2901 563 2972 ἄρτων
615 2903 705 2956 διὰ
740 2904 901 2958 τοῦτο
935 2906 1169 2975 λείψανα
1203 2906 1375 2961 πολλὰ
1412 2911 1834 2980 παρεσκεύασεν

240 2991 674 3064 ὑπολειφθῆναι·
712 2997 807 3049 καὶ
846 2997 922 3067 τῷ
953 2998 1348 3069 καθαρισθέντι
1407 3001 1595 3072 λεπρῷ
1646 3021 1826 3072 προσο

234 3081 395 3147 ἔταξε
412 3083 582 3150 δείξαι
609 3086 804 3142 ἑαυτὸν
835 3087 913 3158 τῷ
944 3091 1108 3160 ἱερεῖ·
1137 3090 1231 3142 καὶ
1261 3091 1321 3143 τὸ
1356 3090 1502 3163 ὕδωρ
1528 3089 1671 3146 οἶνον
1708 3112 1830 3148 ποι-

1263 414 1654 480 COMMENT.
1698 417 1778 476 ΙΝ
1820 415 2200 477 JOANNEM.
2241 443 2310 456 -
2347 417 2506 477 CAP.
2552 419 2619 479 ν.

3423 413 3562 478 1210

2040 530 2190 585 Vers.
2225 531 2278 584 7.
2312 530 2624 598 Rnpomlit.
2693 560 2762 570 --
2814 530 3101 584 descendit.
3167 528 3562 600 Suspicabatur

1960 622 2105 691 quod
2146 623 2250 676 hoc
2293 632 2587 692 pr0pterea
2621 621 2798 691 ipsum
2843 622 3234 692 interrogabat,
3275 631 3333 675 ut
3360 637 3559 692 argue-

1960 722 2040 766 ret
2064 713 2207 782 quod
2229 730 2336 782 prae
2355 713 2584 784 segnitie
2615 712 2972 768 frustraretur
2996 713 3228 767 sanitate
3254 729 3267 764 :
3296 721 3391 766 aut
3413 712 3559 782 quod

1959 805 2015 859 in
2049 808 2150 859 hoe
2189 805 2451 875 prodesse
2475 805 2579 859 sibi
2608 807 2789 868 vellet,
2822 815 2879 860 ut
2915 820 3038 860 eum
3071 805 3124 858 in
3158 805 3423 873 piscinam
3452 801 3578 855 im;

1958 897 2204 951 mitteret
2230 914 2243 950 :
2277 897 2400 952 ideo
2430 897 2594 951 etiatn
2620 897 2938 966 respondet,
2970 896 3113 965 quod
3141 897 3210 948 oh
3242 895 3293 948 id
3324 895 3555 948 salutent

1956 1000 2064 1039 non
2088 997 2542 1057 consequeretur,
2570 987 2694 1056 quia
2730 988 3007 1041 hominem
3035 1003 3143 1040 non
3190 987 3435 1040 haberet.

2031 1079 2224 1134 Dicens
2255 1089 2436 1134 autem
2477 1097 2492 1134 :
2531 1080 2664 1133 Dum
2689 1083 2834 1134 venio
2862 1097 2976 1149 ego,
3007 1079 3148 1133 alius
3194 1089 3320 1132 ante
3350 1095 3430 1131 me
3463 1078 3557 1130 de-

1954 1174 2178 1234 scmdit,
2216 1188 2369 1226 suam
2407 1175 2649 1228 ostendit
2673 1172 3260 1243 perseverantiamqua
3292 1179 3368 1222 tot
3395 1171 3556 1223 annis

1957 1263 2268 1328 frustratus,
2301 1266 2477 1321 adhuc
2511 1276 2691 1320 tamen
2727 1267 3109 1336 perseverabat
3141 1272 3195 1317 et
3220 1279 3328 1317 non
3351 1264 3550 1331 despe-

1956 1357 2129 1420 rabat,
2177 1357 2340 1427 idque
2368 1376 2477 1413 non
2517 1360 2720 1426 segnis,
2765 1359 2857 1413 sed
2905 1359 3161 1413 detrusus
3192 1367 3246 1411 et
3288 1357 3554 1420 oiIeusus,

1957 1465 2055 1503 nec
2085 1450 2164 1504 sic
2201 1450 2560 1522 negligentior
2590 1450 2948 1505 efﬁciebatur.

2022 1633 2131 1690 Nos
2162 1647 2343 1690 autem
2384 1637 2537 1692 brevi
2576 1638 2758 1708 aliquo
2798 1648 3048 1707 tempore
3096 1637 3393 1706 diligenter
3442 1635 3552 1689 Deo

1950 1737 2216 1794 astantes,
2256 1730 2300 1782 si
2329 1745 2439 1784 non
2467 1731 2818 1798 assequimur
2858 1731 3004 1798 quod
3041 1737 3317 1798 optamus,
3354 1729 3542 1781 statim

1949 1821 2257 1876 omittimus
2290 1836 2354 1881 ac
2382 1823 2718 1885 recedimus,
2746 1822 3125 1892 pigrioresque
3156 1819 3459 1874 reddimur.
3484 1818 3551 1871 At

1951 1915 2286 1969 laboriosum
2329 1923 2432 1978 est,
2482 1916 2726 1985 inquies,
2778 1915 3042 1968 continue
3078 1928 3258 1966 orare.
3313 1909 3378 1963 Et
3424 1927 3550 1978 qute

1946 2004 2123 2059 virtus
2147 2021 2254 2059 non
2273 2015 2354 2059 est
2374 2004 2683 2059 laboriosa?
2707 2003 2909 2058 Verum
2929 2004 3074 2058 sicut
3101 2002 3342 2056 laborem
3363 2001 3546 2066 habet,

1946 2097 2021 2150 ita
2056 2107 2122 2151 et-
2145 2098 2357 2152 lucrum
2391 2096 2572 2152 affert.

2018 2189 2171 2243 νει-δ.
2201 2190 2254 2244 8.
2292 2189 2376 2240 Ait
2409 2218 2478 2230 —
2512 2189 2752 2243 ambula.
2800 2189 2917 2241 Non
2953 2187 3129 2241 solum
3162 2185 3348 2254 erigit,
3378 2184 3472 2239 sed
3497 2190 3553 2238 et

1943 2276 2262 2348 grabbatum
2289 2276 2478 2331 tollere
2496 2277 2672 2346 jubet,
2695 2288 2751 2330 ut
2774 2277 3096 2329 miraculum
3127 2290 3248 2330 esse
3270 2277 3549 2341 credatur,

1943 2381 1998 2426 et
2028 2387 2139 2425 non
2167 2382 2424 2442 appareat
2451 2373 2736 2441 phantasia
2760 2371 2961 2440 aliqua.
2990 2369 3102 2423 Nisi
3126 2372 3271 2423 enim
3301 2371 3546 2424 membra

1945 2464 2173 2518 ﬁrmiter
2216 2473 2499 2533 compacta
2553 2463 2757 2528 forent,
2812 2479 3160 2533 nequaquam
3218 2464 3544 2534 grabbatum

1945 2555 2088 2610 ferre
2117 2564 2362 2625 possent.

2013 2643 2129 2699 Hoc
2154 2655 2337 2699 autem
2381 2644 2588 2714 pluries
2615 2643 2766 2705 fecit,
2811 2659 3002 2698 eorum
3042 2644 3132 2712 qui
3159 2642 3542 2713 -impudentes

1941 2751 2062 2791 esse
2109 2735 2333 2796 vellent,
2367 2752 2461 2790 ora
2500 2737 2814 2791 obstrueus.
2853 2735 2987 2789 Nam
3015 2745 3070 2789 et
3119 2735 3173 2788 iu
3217 2735 3537 2805 paralytiro,

1941 2833 2006 2883 de
2024 2845 2133 2899 quo
2153 2829 2299 2897 apud
2326 2827 2639 2882 Matthazum
2661 2829 2732 2891 ⁸ο,
2751 2829 3001 2882 similiter
3032 2827 3159 2881 fecit
3183 2845 3197 2890 ;
3222 2838 3274 2880 et
3300 2827 3353 2880 in
3384 2823 3544 2896 pani-

1938 2922 2042 2977 bus
2063 2921 2254 2976 eadem
2281 2922 2349 2975 de
2382 2936 2571 2984 causa,
2595 2929 2652 2974 υι
2680 2921 2914 2990 plurima
2938 2921 3236 2989 fragmenta
3267 2920 3542 2987 relinque-

1937 3025 2150 3078 rentur,
2193 3015 2555 3080 ordinavit“;
2593 3024 2648 3069 et
2689 3014 2736 3068 ei
2763 3015 2853 3083 qui
2883 3030 2912 3067 a
2939 3016 3084 3082 lepra
3116 3013 3410 3068 mundatus
3434 3023 3541 3079 est,
3573 2997 3576 3000 i

1934 3109 2120 3176 jussit,
2143 3116 2203 3161 ut
2229 3123 2286 3161 se
2317 3106 2586 3160 sacerdoti
2620 3105 3035 3168 ostenderet“;
3065 3113 3264 3157 etcum
3299 3119 3362 3157 ex
3395 3119 3537 3172 aqua

233 3175 396 3244 ήσας,
416 3172 570 3228 εἶπεν
599 3180 867 3249 ἀντλῆσαι
894 3182 989 3234 καὶ
1018 3184 1266 3249 ἐνεγκεῖν
1294 3183 1372 3253 τῷ
1400 3184 1822 3258 ἀρχιτρικλίνῳ·

1942 3203 2123 3256 vinum
2156 3201 2398 3264 fecisset,
2435 3200 2695 3269 pmeepit
2749 3207 2807 3252 ut
2862 3198 3168 3261 haurirent,
3217 3196 3536 3266 ferrentque

235 3270 329 3320 καὶ
362 3270 558 3341 νεκρὸν
605 3273 946 3344 ἀναστήσας,
992 3275 1300 3329 ἐνετείλατο
1329 3275 1511 3330 δοῦναι
1541 3279 1692 3349 αύτῷ
1723 3298 1829 3348 φα-

234 3363 378 3428 γεῖν·
409 3361 498 3415 διὰ
521 3362 631 3417 τῶν
661 3365 922 3420 τοιούτων
959 3368 1183 3421 πάντων
1233 3368 1442 3421 πείθων
1489 3369 1618 3434 τοὺς
1669 3372 1832 3443 ἀνοή-

234 3475 364 3521 τους
428 3460 511 3511 ὅτι
565 3461 667 3512 οὐκ
725 3461 875 3514 ἐστιν
911 3460 1194 3526 ἀπατεὼν,
1227 3462 1364 3516 ἀλλὰ
1400 3463 1591 3534 Σωτὴρ
1621 3465 1833 3537 ἀληθὴς

233 3549 337 3620 τῆς
372 3551 561 3623 κοινῆς
586 3552 697 3608 τῶν
723 3554 1031 3624 ἀνθρώπων
1061 3557 1301 3625 φύσεως.

308 3645 418 3699 Καὶ
469 3674 520 3684 --
554 3647 917 3714 περιεπάτει.
948 3648 1012 3700 Ἀ
1025 3667 1103 3719 μα
1127 3666 1185 3702 τε
1213 3651 1439 3722 ἤκουσε,
1469 3656 1562 3708 καὶ
1587 3656 1706 3726 ἅμα
1732 3657 1831 3723 τῆς

235 3735 424 3803 ὑγείας
453 3736 781 3808 αἰσθόμενος
811 3739 1047 3810 ἠγέρθη,
1068 3743 1162 3794 καὶ
1192 3742 1380 3797 λοιπὸν
1427 3748 1598 3816 μηδὲν
1635 3749 1832 3802 ὑπολο-

230 3829 531 3899 γισάμενος
560 3826 661 3903 ἦρε
698 3832 789 3885 τὸν
819 3834 1137 3904 κράϐὄατον
1164 3838 1331 3892 αὑτοῦ
1356 3843 1450 3893 καὶ
1477 3844 1828 3913 περιεπάτει.

302 3918 414 3978 Ἦν
439 3925 842 3992 -περιπὰτει,
884 3927 1030 3998 Ὅρα
1056 3933 1371 4003 παρρησίαν
1395 3950 1408 3964 ·
1431 3935 1492 3986 ού
1516 3936 1689 4004 μόνον
1718 3939 1829 4008 γάρ

227 4017 332 4069 οὒκ
381 4017 613 4088 ἐπείσθη
647 4017 882 4082 τούτοις,
949 4020 1089 4073 ἀλλὰ
1129 4024 1221 4075 καὶ
1255 4023 1346 4077 τὸν
1396 4025 1700 4099 εὐεργέτην
1732 4029 1828 4081 ἀν-

225 4109 489 4178 εκήρυξε,
525 4113 619 4162 καὶ
641 4111 1044 4182 προτιμότερον
1076 4114 1297 4167 πάντων
1319 4116 1593 4186 ἀπέφηνε,
1615 4118 1790 4189 λέγων
1810 4137 1824 4152 ·

243 4201 482 4267 Ἐκεῖνός
521 4221 614 4272 μοι
653 4189 830 4268 εἶπεν,
857 4206 1052 4277 ἐκείνῳ
1083 4208 1367 4278 πείθομαι.
1397 4212 1507 4264 Καὶ
1536 4213 1644 4282 γὰρ
1678 4216 1825 4266 ἐκεῖ·

226 4295 319 4358 νος
367 4313 432 4365 με
469 4296 785 4366 ἰασάμενος,
816 4299 1030 4353 ἐκεῖνον
1060 4299 1290 4369 μείζονα
1328 4303 1548 4357 πάντων
1579 4306 1826 4376 νομίζειν

228 4404 674 4458 παρεσκεύασεν.

313 4480 665 4550 Ἠρώτησαν
694 4516 764 4526 —
797 4485 978 4551 τόπῳ.
1025 4483 1180 4555 "Atta
1213 4485 1291 4556 τῷ
1344 4486 1686 4558 Θεραπεῦσαι
1731 4494 1825 4545 τὸν

1939 3294 2411 3358 arehitriclino“;
2445 3301 2638 3348 etcum
2662 3300 2936 3345 nmrtuam
2967 3293 3310 3354 suscitassct,
3335 3306 3542 3359 prarce-

1937 3388 2021 3458 pit
2065 3395 2120 3440 ut
2152 3387 2346 3440 darent
2379 3385 2452 3438 illi
2477 3385 2622 3455 quod
2653 3385 2900 3438 ederet“
2935 3401 2948 3437 :
2981 3385 3272 3439 insensatis
3297 3382 3536 3437 suadens

1943 3492 2041 3545 per
2074 3476 2256 3530 omnia
2292 3474 2629 3545 huiusmodi,
2657 3488 2714 3528 se
2746 3489 2853 3526 non
2880 3489 3002 3527 esse
3030 3473 3404 3543 impostoretu,
3438 3471 3535 3526 sed

1939 3583 2130 3623 verum
2163 3566 2504 3622 Salvatorem
2540 3566 2848 3620 communis
2885 3565 3169 3619 hominum
3204 3573 3432 3618 natura}.

2009 3659 2166 3726 νει-ε,
2202 3658 2256 3713 9.
2306 3659 2372 3713 Et
2415 3692 2478 3704 —
2516 3657 2846 3712 ambulabat.
2911 3655 3088 3711 Simul
3120 3665 3172 3710 et
3219 3657 3446 3718 audivit.
3482 3666 3538 3711 et

1936 3755 2230 3810 sanitatem
2282 3755 2529 3808 sentiens
2569 3762 2787 3807 erectus
2811 3761 2933 3806 est:
2967 3750 3152 3819 itaque
3183 3749 3389 3804 nullius
3434 3749 3534 3803 ha-

1934 3847 2046 3903 bita
2081 3847 2316 3905 ratione.
2339 3845 2461 3900 tulit
2497 3845 2697 3899 lectum
2741 3859 2898 3898 suum
2932 3853 2986 3896 et
3017 3841 3356 3896 ambulabat.

2009 3939 2168 3993 Vers.
2205 3938 2238 3992 9
2273 3937 2408 3990 Erat
2437 3965 2506 3977 —-—
2543 3934 2699 3991 Vers.
2737 3933 3097 3989 H.Ambula.
3147 3931 3284 3987 Vide
3311 3933 3538 3987 liberta-

1935 4042 2045 4087 tem
2098 4048 2111 4085 :
2158 4045 2336 4099 neque
2367 4029 2516 4083 enim
2547 4028 2721 4084 solum
2746 4041 2858 4080 non
2893 4026 3138 4080 obedivit
3168 4025 3294 4089 illis,
3331 4024 3425 4079 sed
3476 4035 3535 4078 ct

1934 4123 2182 4180 beneﬁcii
2241 4131 2523 4177 auctorem
2562 4118 2900 4190 praedicavit,
2970 4134 3036 4174 ac
3092 4119 3349 4174 omnibus
3393 4133 3536 4188 prte-

1932 4212 2254 4267 stantiorem
2276 4211 2676 4265 demonstravit
2703 4209 2915 4263 dicens.
2948 4209 3066 4278 Ipse
3085 4207 3401 4286 mihidixit,
3431 4208 3533 4277 ipsi

1930 4305 2143 4360 obedivi
2171 4322 2185 4358 :
2223 4304 2488 4373 siquidem
2521 4317 2645 4357 eum
2679 4302 2770 4373 qui
2794 4317 2880 4357 me
2900 4316 3094 4356 sanum
3121 4299 3530 4371 fecitmajOrem

1929 4396 2146 4452 cunctis
2164 4397 2366 4449 dueere
2390 4394 2634 4448 decrevi.

2009 4485 2162 4540 Vers.
2193 4487 2279 4540 12.
2316 4481 3051 4555 luterrogaverunt—Vers.
3074 4482 3231 4537 Loco.
3266 4480 3440 4535 Simul
3463 4489 3524 4534 ut

225 4573 540 4643 ἄνθρωπον,
558 4574 809 4639 ἐξένευσε
834 4574 923 4629 διὰ
945 4575 1038 4628 τὸν
1063 4574 1243 4646 ὄχλον,
1265 4578 1424 4631 τοῦτο
1455 4580 1555 4648 μὲν
1600 4583 1824 4651 φεύγων

1942 4579 2214 4636 hominem
2238 4587 2547 4638 sanaverat.
2573 4577 2913 4632 subduxerat
2932 4592 2991 4631 se
3020 4587 3243 4647 propter
3263 4575 3475 4630 turbam
3508 4589 3524 4627 :

227 4666 323 4716 τὸν
356 4665 508 4735 παρὰ
555 4665 666 4718 τῶν
716 4666 1250 4739 εύγνωμονεστὲρων
1285 4669 1531 4734 ἔπαινον,
1576 4673 1738 4726 τοῦτο
1767 4673 1823 4727 δὲ

228 4756 586 4823 περικόπτων
620 4756 711 4809 τὸν
748 4759 902 4826 παρὰ
930 4757 1040 4810 τῶν
1074 4759 1579 4832 ἁγνωμονεστέρων
1607 4764 1822 4833 φθόνον.

227 4850 404 4903 Εἴωοε
439 4853 546 4923 γὰρ
585 4853 851 4916 πολλάκις
902 4852 1026 4924 ὄψις
1087 4857 1250 4925 μόνον
1299 4856 1396 4910 τοῦ
1442 4859 1819 4931 φθονουμένου

227 4940 434 5010 πολλὴν
465 4942 668 4994 ἐνιέναι
698 4941 899 5010 φλόγα.
1673 4997 1678 5000 .

305 5037 470 5092 Μετὰ
493 5038 682 5091 ταῦτα
708 5069 774 5078 -
805 5030 1068 5107 γένηται.
1096 5041 1577 5111 Παρακμάσαντος
1601 5044 1703 5117 ἤδη
1729 5053 1824 5100 καὶ

226 5131 322 5185 τοῦ
359 5131 639 5200 Οαύματος
671 5133 765 5184 καὶ
800 5131 893 5185 τοῦ
931 5132 1104 5203 Θυμοῦ
1140 5133 1248 5186 τῶν
1295 5136 1587 5202 Ἰουδαίων,
1629 5138 1824 5207 ἐντυγ-

227 5227 384 5295 χάνει
421 5224 606 5277 λοιπὸν
639 5223 716 5293 τῷ
748 5223 1168 5294 θεραπευθέντι,
1205 5227 1376 5279 Θέλων
1405 5227 1697 5298 βελτιώσαι
1726 5227 1820 5282 καὶ

225 5319 326 5388 τὴν
380 5315 558 5385 ψυχὴν
623 5315 734 5387 (88)
793 5316 981 5370 αὑτοῦ.
1034 5317 1296 5387 Εὑρίσκει
1330 5319 1383 5371 δέ
1411 5319 1577 5373 αὑτὸν
1628 5321 1731 5372 οὐκ
1764 5322 1822 5374 ἐν

224 5411 409 5462 ἀνέσει
442 5410 537 5462 καὶ
569 5409 835 5480 ῥαθυμίᾳ,
866 5409 980 5461 ἀλλ’
1010 5411 1067 5462 ἐν
1101 5409 1178 5481 τῷ
1203 5411 1337 5482 ἱερῷ
1357 5413 1820 5484 προσευχόμενον,

335 5587 379 5618 ⁸⁸
408 5584 598 5642 Matth.
640 5606 710 5653 ιιι,
745 5589 797 5642 6.
889 5590 932 5622 ⁸¹
993 5589 1182 5645 Matth.
1219 5609 1329 5657 ειν,
1396 5590 1487 5647 ΞΟ.

1599 5590 1648 5623 ⁸³
1685 5590 1875 5646 Matth.
1942 5609 2054 5656 \‘lll,
2089 5594 2143 5647 ι.

1934 4672 2132 4743 partim
2176 4671 2397 4740 quidem
2447 4668 2686 4738 fugitans
2726 4669 2945 4724 laudent
2981 4684 3288 4739 equorum,
3324 4667 3526 4737 partim

1934 4779 2065 4821 vero
2122 4766 2382 4819 invidiam
2441 4775 2736 4836 amputans
2781 4766 3120 4836 iniquorum.
3182 4763 3334 4818 Solet
3376 4764 3525 4817 en’m

1933 4859 2250 4928 frequenter
2278 4858 2429 4912 solus
2467 4859 2588 4927 eius
2633 4870 2986 4928 conspectus,
3012 4857 3099 4913 cui
3128 4858 3253 4927 quis
3287 4855 3521 4918 invidet,

1935 4949 2162 5004 multam
2195 4949 2485 5004 infundere
2521 4949 2793 5004 flammam
2837 4950 2954 5004 irae.

2007 5042 2163 5098 Vers.
2193 5042 2279 5096 14.
2309 5039 2551 5096 Post/uec
2583 5073 2654 5081 —
2691 5042 2987 5112 contingat.
3023 5040 3160 5096 Cum
3186 5039 3296 5110 jam
3334 5048 3390 5093 et
3423 5037 3525 5090 mi-

1933 5133 2103 5187 raculi
2157 5147 2345 5187 rumor
2399 5131 2692 5187 defecisset
2726 5144 2781 5187 et
2835 5143 3018 5187 tumor
3060 5132 3398 5191 Judzeorum,
3431 5143 3526 5183 oe-

1931 5226 2107 5280 currit
2144 5225 2191 5280 ei
2216 5225 2309 5294 qui
2357 5233 2586 5280 sanatus
2613 5225 2812 5289 fuerat,
2840 5227 3031 5281 volens
3089 5225 3330 5278 animam
3382 5237 3523 5291 quo-

1929 5335 2036 5389 que
2060 5319 2202 5373 illius
2254 5318 2535 5373 meliorem
2607 5320 2859 5384 reddere,
2911 5319 3115 5390 reperit
3159 5332 3285 5372 eum
3328 5331 3439 5369 non
3467 5330 3522 5368 ιιι

1931 5412 2042 5467 otio
2071 5419 2126 5466 et
2167 5411 2421 5482 segnitie,
2448 5418 2543 5467 sed
2583 5413 2635 5466 in
2693 5413 2895 5483 templo
2966 5421 3238 5477 orantem,
3281 5417 3342 5463 ut
3401 5407 3524 5477 opi-

2253 5592 2301 5623 "
2339 5592 2498 5649 Joan.
2537 5612 2597 5660 Il,
2634 5595 2686 5650 8.
2721 5597 2763 5647 ιδ
2795 5593 2924 5649 Luc.
2949 5612 3065 5660 itu,
3094 5596 3183 5648 335.

1470 5779 1670 5841 Varia:
1701 5779 2007 5846 lectiones
2044 5793 2104 5846 et
2150 5794 2340 5846 uultu.
