  <div class='ocr_page' id='page_1' title='image "/cluster/home/n/w/nwhite01/storage/ocr_20150623/129/uva.x030341099/622.png"; bbox 0 0 4094 6410; ppageno 0'>
   <div class='ocr_carea' id='block_1_1' title="bbox 181 445 324 510">
    <p class='ocr_par' dir='ltr' id='par_1_1' title="bbox 181 445 324 510">
     <span class='ocr_line' id='line_1_1' title="bbox 181 445 324 510; baseline 0 0"><span class='ocrx_word' id='word_1_1' title='bbox 181 445 324 510; x_wconf 69' lang='lat'><strong>129.5</strong></span> 
     </span>
    </p>
   </div>
   <div class='ocr_carea' id='block_1_2' title="bbox 1153 438 2504 504">
    <p class='ocr_par' dir='ltr' id='par_1_2' title="bbox 1153 438 2504 504">
     <span class='ocr_line' id='line_1_2' title="bbox 1153 438 2504 504; baseline 0.004 -5"><span class='ocrx_word' id='word_1_2' title='bbox 1153 438 1536 500; x_wconf 78' lang='lat' dir='ltr'><strong>COMMENT.</strong></span> <span class='ocrx_word' id='word_1_3' title='bbox 1586 439 1662 497; x_wconf 76' lang='lat' dir='ltr'><strong>IN</strong></span> <span class='ocrx_word' id='word_1_4' title='bbox 1707 439 2092 504; x_wconf 68' lang='lat' dir='ltr'><strong>JUANNEM.</strong></span> <span class='ocrx_word' id='word_1_5' title='bbox 2142 468 2197 478; x_wconf 73' lang='grc'><strong><em>-</em></strong></span> <span class='ocrx_word' id='word_1_6' title='bbox 2244 443 2405 504; x_wconf 61' lang='lat' dir='ltr'><strong>CAP.</strong></span> <span class='ocrx_word' id='word_1_7' title='bbox 2444 448 2504 504; x_wconf 66' lang='grc' dir='ltr'><strong>ι’.</strong></span> 
     </span>
    </p>
   </div>
   <div class='ocr_carea' id='block_1_3' title="bbox 3334 447 3469 509">
    <p class='ocr_par' dir='ltr' id='par_1_3' title="bbox 3334 447 3469 509">
     <span class='ocr_line' id='line_1_3' title="bbox 3334 447 3469 509; baseline 0.015 -2"><span class='ocrx_word' id='word_1_8' title='bbox 3334 447 3469 509; x_wconf 71' lang='lat'><strong>1223</strong></span> 
     </span>
    </p>
   </div>
   <div class='ocr_carea' id='block_1_4' title="bbox 169 554 1765 629">
    <p class='ocr_par' dir='ltr' id='par_1_4' title="bbox 169 554 1765 629">
     <span class='ocr_line' id='line_1_4' title="bbox 169 554 1765 629; baseline -0.008 -12"><span class='ocrx_word' id='word_1_9' title='bbox 169 557 482 629; x_wconf 46' lang='lat' dir='ltr'><strong>suum.</strong></span> <span class='ocrx_word' id='word_1_10' title='bbox 524 558 668 613; x_wconf 68' lang='grc' dir='ltr'><strong>οὕτω</strong></span> <span class='ocrx_word' id='word_1_11' title='bbox 723 555 1005 612; x_wconf 78' lang='grc' dir='ltr'><strong>κάνταῦθα</strong></span> <span class='ocrx_word' id='word_1_12' title='bbox 1079 558 1139 608; x_wconf 84' lang='grc' dir='ltr'><strong>τὸ</strong></span> <span class='ocrx_word' id='word_1_13' title='bbox 1209 557 1456 609; x_wconf 77' lang='grc' dir='ltr'><strong>ἀκούειν</strong></span> <span class='ocrx_word' id='word_1_14' title='bbox 1513 554 1765 624; x_wconf 77' lang='grc' dir='ltr'><strong>νοητέον·</strong></span> 
     </span>
    </p>
   </div>
   <div class='ocr_carea' id='block_1_5' title="bbox 1874 554 3472 629">
    <p class='ocr_par' dir='ltr' id='par_1_5' title="bbox 1877 555 3472 628">
     <span class='ocr_line' id='line_1_5' title="bbox 1877 555 3472 628; baseline 0.003 -19"><span class='ocrx_word' id='word_1_15' title='bbox 1877 555 2007 609; x_wconf 84' lang='lat' dir='ltr'><strong>dum</strong></span> <span class='ocrx_word' id='word_1_16' title='bbox 2040 565 2121 610; x_wconf 83' lang='lat' dir='ltr'><strong>est</strong></span> <span class='ocrx_word' id='word_1_17' title='bbox 2147 557 2566 626; x_wconf 72' lang='lat' dir='ltr'><strong>dispensatoric,</strong></span> <span class='ocrx_word' id='word_1_18' title='bbox 2591 566 2646 613; x_wconf 86' lang='lat' dir='ltr'><strong>ct</strong></span> <span class='ocrx_word' id='word_1_19' title='bbox 2682 569 2738 614; x_wconf 88' lang='lat' dir='ltr'><strong>ut</strong></span> <span class='ocrx_word' id='word_1_20' title='bbox 2770 558 2883 614; x_wconf 83' lang='lat' dir='ltr'><strong>Deo</strong></span> <span class='ocrx_word' id='word_1_21' title='bbox 2913 557 3225 614; x_wconf 73' lang='lat' dir='ltr'><strong>conveniat.</strong></span> <span class='ocrx_word' id='word_1_22' title='bbox 3287 559 3472 628; x_wconf 78' lang='lat' dir='ltr'><strong>Siqui-</strong></span> 
     </span>
    </p>
   </div>
   <div class='ocr_carea' id='block_1_6' title="bbox 173 644 1771 726">
    <p class='ocr_par' dir='ltr' id='par_1_6' title="bbox 173 644 1771 726">
     <span class='ocr_line' id='line_1_6' title="bbox 173 644 1771 726; baseline -0.008 -16"><span class='ocrx_word' id='word_1_23' title='bbox 173 654 540 726; x_wconf 70' lang='grc' dir='ltr'><strong>οῖκονομικῶε</strong></span> <span class='ocrx_word' id='word_1_24' title='bbox 575 653 695 722; x_wconf 82' lang='grc' dir='ltr'><strong>μὲν,</strong></span> <span class='ocrx_word' id='word_1_25' title='bbox 738 648 1062 721; x_wconf 81' lang='grc' dir='ltr'><strong>θεοπρεπῶς</strong></span> <span class='ocrx_word' id='word_1_26' title='bbox 1092 649 1168 702; x_wconf 83' lang='grc' dir='ltr'><strong>δέ.</strong></span> <span class='ocrx_word' id='word_1_27' title='bbox 1200 649 1274 701; x_wconf 74' lang='grc' dir='ltr'><strong>Οὐ</strong></span> <span class='ocrx_word' id='word_1_28' title='bbox 1321 647 1428 716; x_wconf 83' lang='grc' dir='ltr'><strong>γὰρ</strong></span> <span class='ocrx_word' id='word_1_29' title='bbox 1458 647 1634 700; x_wconf 78' lang='grc' dir='ltr'><strong>δεῖται</strong></span> <span class='ocrx_word' id='word_1_30' title='bbox 1680 644 1771 698; x_wconf 81' lang='grc' dir='ltr'><strong>τοῦ</strong></span> 
     </span>
    </p>
   </div>
   <div class='ocr_carea' id='block_1_7' title="bbox 173 742 1092 817">
    <p class='ocr_par' dir='ltr' id='par_1_7' title="bbox 173 742 1092 817">
     <span class='ocr_line' id='line_1_7' title="bbox 173 742 1092 817; baseline -0.01 -13"><span class='ocrx_word' id='word_1_31' title='bbox 173 751 429 805; x_wconf 72' lang='grc' dir='ltr'><strong>ἀκούειν·</strong></span> <span class='ocrx_word' id='word_1_32' title='bbox 461 746 718 817; x_wconf 83' lang='grc' dir='ltr'><strong>ἀνενδεὴς</strong></span> <span class='ocrx_word' id='word_1_33' title='bbox 752 745 858 814; x_wconf 79' lang='grc' dir='ltr'><strong>γὰρ</strong></span> <span class='ocrx_word' id='word_1_34' title='bbox 887 745 915 796; x_wconf 84' lang='grc' dir='ltr'>ὁ</span> <span class='ocrx_word' id='word_1_35' title='bbox 942 742 1092 805; x_wconf 84' lang='grc' dir='ltr'><strong>Θεός.</strong></span> 
     </span>
    </p>
   </div>
   <div class='ocr_carea' id='block_1_8' title="bbox 247 831 1771 906">
    <p class='ocr_par' dir='ltr' id='par_1_8' title="bbox 247 831 1771 906">
     <span class='ocr_line' id='line_1_8' title="bbox 247 831 1771 906; baseline -0.009 -10"><span class='ocrx_word' id='word_1_36' title='bbox 247 842 355 896; x_wconf 77' lang='grc' dir='ltr'><strong>Καὶ</strong></span> <span class='ocrx_word' id='word_1_37' title='bbox 396 868 461 881; x_wconf 85' lang='lat'><strong>-—-</strong></span> <span class='ocrx_word' id='word_1_38' title='bbox 503 839 758 906; x_wconf 81' lang='grc' dir='ltr'><strong>Πατρός.</strong></span> <span class='ocrx_word' id='word_1_39' title='bbox 812 833 998 903; x_wconf 87' lang='grc' dir='ltr'><strong>Κρίνω</strong></span> <span class='ocrx_word' id='word_1_40' title='bbox 1053 833 1257 895; x_wconf 79' lang='grc' dir='ltr'><strong>δίκαια,</strong></span> <span class='ocrx_word' id='word_1_41' title='bbox 1314 834 1478 902; x_wconf 59' lang='lat' dir='ltr'><strong>cpi-pl,</strong></span> <span class='ocrx_word' id='word_1_42' title='bbox 1523 831 1656 884; x_wconf 66' lang='grc' dir='ltr'><strong>διότι</strong></span> <span class='ocrx_word' id='word_1_43' title='bbox 1713 832 1771 883; x_wconf 73' lang='grc' dir='ltr'><strong>οὐ</strong></span> 
     </span>
    </p>
   </div>
   <div class='ocr_carea' id='block_1_9' title="bbox 181 923 1776 1005">
    <p class='ocr_par' dir='ltr' id='par_1_9' title="bbox 181 923 1776 1005">
     <span class='ocr_line' id='line_1_9' title="bbox 181 923 1776 1005; baseline -0.009 -17"><span class='ocrx_word' id='word_1_44' title='bbox 181 935 349 1005; x_wconf 58' lang='grc' dir='ltr'><strong>κρίνω</strong></span> <span class='ocrx_word' id='word_1_45' title='bbox 375 933 516 986; x_wconf 73' lang='grc' dir='ltr'><strong>κατὰ</strong></span> <span class='ocrx_word' id='word_1_46' title='bbox 544 933 604 984; x_wconf 64' lang='grc' dir='ltr'><strong>τὸ</strong></span> <span class='ocrx_word' id='word_1_47' title='bbox 645 929 857 1000; x_wconf 81' lang='grc' dir='ltr'><strong>θέλημα</strong></span> <span class='ocrx_word' id='word_1_48' title='bbox 885 926 997 997; x_wconf 80' lang='lat' dir='ltr'><strong>(l7)</strong></span> <span class='ocrx_word' id='word_1_49' title='bbox 1047 927 1110 980; x_wconf 81' lang='grc' dir='ltr'><strong>τὸ</strong></span> <span class='ocrx_word' id='word_1_50' title='bbox 1155 927 1289 995; x_wconf 74' lang='grc' dir='ltr'><strong>ἐμόν</strong></span> <span class='ocrx_word' id='word_1_51' title='bbox 1309 941 1325 958; x_wconf 78' lang='grc' dir='ltr'><strong><em>ο</em></strong></span> <span class='ocrx_word' id='word_1_52' title='bbox 1357 926 1481 978; x_wconf 81' lang='grc' dir='ltr'><strong>οὐδὲ</strong></span> <span class='ocrx_word' id='word_1_53' title='bbox 1525 923 1635 995; x_wconf 75' lang='grc' dir='ltr'><strong>γὰρ</strong></span> <span class='ocrx_word' id='word_1_54' title='bbox 1666 923 1776 993; x_wconf 82' lang='grc' dir='ltr'><strong>ἔχω</strong></span> 
     </span>
    </p>
   </div>
   <div class='ocr_carea' id='block_1_10' title="bbox 171 1013 1775 1097">
    <p class='ocr_par' dir='ltr' id='par_1_10' title="bbox 171 1013 1775 1097">
     <span class='ocr_line' id='line_1_10' title="bbox 171 1013 1775 1097; baseline -0.009 -16"><span class='ocrx_word' id='word_1_55' title='bbox 171 1028 389 1097; x_wconf 83' lang='grc' dir='ltr'><strong>θέλημα</strong></span> <span class='ocrx_word' id='word_1_56' title='bbox 418 1027 548 1079; x_wconf 72' lang='grc' dir='ltr'><strong>ἴδιον</strong></span> <span class='ocrx_word' id='word_1_57' title='bbox 576 1042 589 1055; x_wconf 88' lang='grc'><strong>·</strong></span> <span class='ocrx_word' id='word_1_58' title='bbox 620 1023 755 1076; x_wconf 81' lang='grc' dir='ltr'><strong>ἀλλὰ</strong></span> <span class='ocrx_word' id='word_1_59' title='bbox 782 1023 922 1075; x_wconf 71' lang='grc' dir='ltr'><strong>κατὰ</strong></span> <span class='ocrx_word' id='word_1_60' title='bbox 973 1020 1034 1074; x_wconf 78' lang='grc' dir='ltr'><strong>τὸ</strong></span> <span class='ocrx_word' id='word_1_61' title='bbox 1071 1021 1164 1073; x_wconf 84' lang='grc' dir='ltr'><strong>τοῦ</strong></span> <span class='ocrx_word' id='word_1_62' title='bbox 1197 1019 1430 1092; x_wconf 86' lang='grc' dir='ltr'><strong>Πατρός.</strong></span> <span class='ocrx_word' id='word_1_63' title='bbox 1472 1013 1643 1071; x_wconf 73' lang='grc' dir='ltr'><strong>Τοῦτο</strong></span> <span class='ocrx_word' id='word_1_64' title='bbox 1665 1015 1775 1086; x_wconf 79' lang='grc' dir='ltr'><strong>γὰρ</strong></span> 
     </span>
    </p>
   </div>
   <div class='ocr_carea' id='block_1_11' title="bbox 172 1107 1774 1186">
    <p class='ocr_par' dir='ltr' id='par_1_11' title="bbox 172 1107 1774 1186">
     <span class='ocr_line' id='line_1_11' title="bbox 172 1107 1774 1186; baseline -0.009 -13"><span class='ocrx_word' id='word_1_65' title='bbox 172 1121 270 1173; x_wconf 76' lang='grc' dir='ltr'><strong>καὶ</strong></span> <span class='ocrx_word' id='word_1_66' title='bbox 298 1120 462 1185; x_wconf 78' lang='grc' dir='ltr'><strong>ἐμόν·</strong></span> <span class='ocrx_word' id='word_1_67' title='bbox 579 1119 679 1186; x_wconf 63' lang='grc' dir='ltr'><strong>γὰρ</strong></span> <span class='ocrx_word' id='word_1_68' title='bbox 708 1116 802 1168; x_wconf 79' lang='grc' dir='ltr'><strong>καὶ</strong></span> <span class='ocrx_word' id='word_1_69' title='bbox 838 1115 898 1168; x_wconf 84' lang='grc' dir='ltr'><strong>τὸ</strong></span> <span class='ocrx_word' id='word_1_70' title='bbox 935 1112 1068 1167; x_wconf 74' lang='grc' dir='ltr'><strong>αὐτὸ</strong></span> <span class='ocrx_word' id='word_1_71' title='bbox 1126 1112 1341 1182; x_wconf 84' lang='grc' dir='ltr'><strong>θέλημα</strong></span> <span class='ocrx_word' id='word_1_72' title='bbox 1410 1107 1624 1176; x_wconf 57' lang='lat' dir='ltr'><strong>ﬂauo;</strong></span> <span class='ocrx_word' id='word_1_73' title='bbox 1679 1109 1774 1160; x_wconf 71' lang='grc' dir='ltr'><strong>καὶ</strong></span> 
     </span>
    </p>
   </div>
   <div class='ocr_carea' id='block_1_12' title="bbox 171 1198 1775 1274">
    <p class='ocr_par' dir='ltr' id='par_1_12' title="bbox 171 1198 1775 1274">
     <span class='ocr_line' id='line_1_12' title="bbox 171 1198 1775 1274; baseline -0.006 -13"><span class='ocrx_word' id='word_1_74' title='bbox 171 1208 328 1262; x_wconf 74' lang='grc' dir='ltr'><strong>Υὶοῦ.</strong></span> <span class='ocrx_word' id='word_1_75' title='bbox 365 1208 471 1261; x_wconf 71' lang='grc' dir='ltr'><strong>Καὶ</strong></span> <span class='ocrx_word' id='word_1_76' title='bbox 529 1207 738 1272; x_wconf 80' lang='grc' dir='ltr'><strong>λοιπὸν,</strong></span> <span class='ocrx_word' id='word_1_77' title='bbox 771 1207 819 1259; x_wconf 77' lang='grc' dir='ltr'><strong>εί</strong></span> <span class='ocrx_word' id='word_1_78' title='bbox 852 1208 878 1259; x_wconf 71' lang='grc' dir='ltr'>ὁ</span> <span class='ocrx_word' id='word_1_79' title='bbox 905 1205 1094 1274; x_wconf 71' lang='grc' dir='ltr'><strong>Πατὴρ</strong></span> <span class='ocrx_word' id='word_1_80' title='bbox 1122 1202 1316 1273; x_wconf 78' lang='grc' dir='ltr'><strong>κριτὴς</strong></span> <span class='ocrx_word' id='word_1_81' title='bbox 1346 1201 1578 1265; x_wconf 84' lang='grc' dir='ltr'><strong>δίκαιος,</strong></span> <span class='ocrx_word' id='word_1_82' title='bbox 1627 1198 1717 1251; x_wconf 73' lang='grc' dir='ltr'><strong>καὶ</strong></span> <span class='ocrx_word' id='word_1_83' title='bbox 1746 1199 1775 1251; x_wconf 79' lang='grc' dir='ltr'>ὁ</span> 
     </span>
    </p>
   </div>
   <div class='ocr_carea' id='block_1_13' title="bbox 171 1299 927 1370">
    <p class='ocr_par' dir='ltr' id='par_1_13' title="bbox 171 1299 927 1370">
     <span class='ocr_line' id='line_1_13' title="bbox 171 1299 927 1370; baseline -0.001 -17"><span class='ocrx_word' id='word_1_84' title='bbox 171 1302 300 1363; x_wconf 62' lang='lat' dir='ltr'><strong>Tit;</strong></span> <span class='ocrx_word' id='word_1_85' title='bbox 336 1300 442 1370; x_wconf 78' lang='grc' dir='ltr'><strong>ἄρα.</strong></span> <span class='ocrx_word' id='word_1_86' title='bbox 472 1299 664 1370; x_wconf 83' lang='grc' dir='ltr'><strong>κριτὴς</strong></span> <span class='ocrx_word' id='word_1_87' title='bbox 699 1299 927 1360; x_wconf 74' lang='grc' dir='ltr'><strong>δίκαιος.</strong></span> 
     </span>
    </p>
   </div>
   <div class='ocr_carea' id='block_1_14' title="bbox 254 1381 1772 1460">
    <p class='ocr_par' dir='ltr' id='par_1_14' title="bbox 254 1381 1772 1460">
     <span class='ocr_line' id='line_1_14' title="bbox 254 1381 1772 1460; baseline -0.007 -17"><span class='ocrx_word' id='word_1_88' title='bbox 254 1393 372 1460; x_wconf 71' lang='grc' dir='ltr'><strong>Χρὴ</strong></span> <span class='ocrx_word' id='word_1_89' title='bbox 401 1391 579 1443; x_wconf 79' lang='grc' dir='ltr'><strong>τοίνυν</strong></span> <span class='ocrx_word' id='word_1_90' title='bbox 619 1391 710 1442; x_wconf 70' lang='grc' dir='ltr'><strong>ἐπὶ</strong></span> <span class='ocrx_word' id='word_1_91' title='bbox 748 1389 858 1441; x_wconf 85' lang='grc' dir='ltr'><strong>τῶν</strong></span> <span class='ocrx_word' id='word_1_92' title='bbox 887 1385 1147 1441; x_wconf 75' lang='grc' dir='ltr'><strong>τοιούτων</strong></span> <span class='ocrx_word' id='word_1_93' title='bbox 1187 1381 1680 1453; x_wconf 77' lang='grc' dir='ltr'><strong>συγκαταεατικῶν</strong></span> <span class='ocrx_word' id='word_1_94' title='bbox 1713 1399 1772 1433; x_wconf 88' lang='grc' dir='ltr'><strong>τε</strong></span> 
     </span>
    </p>
   </div>
   <div class='ocr_carea' id='block_1_15' title="bbox 172 1473 1773 1552">
    <p class='ocr_par' dir='ltr' id='par_1_15' title="bbox 172 1473 1773 1552">
     <span class='ocr_line' id='line_1_15' title="bbox 172 1473 1773 1552; baseline -0.007 -16"><span class='ocrx_word' id='word_1_95' title='bbox 172 1487 271 1537; x_wconf 67' lang='grc' dir='ltr'><strong>καὶ</strong></span> <span class='ocrx_word' id='word_1_96' title='bbox 318 1484 680 1551; x_wconf 67' lang='grc' dir='ltr'><strong>οἰκονομικῶν</strong></span> <span class='ocrx_word' id='word_1_97' title='bbox 732 1482 996 1552; x_wconf 75' lang='grc' dir='ltr'><strong>ῥημάτων</strong></span> <span class='ocrx_word' id='word_1_98' title='bbox 1051 1479 1127 1549; x_wconf 80' lang='grc' dir='ltr'><strong>μὴ</strong></span> <span class='ocrx_word' id='word_1_99' title='bbox 1180 1477 1317 1548; x_wconf 78' lang='grc' dir='ltr'><strong>πρὸς</strong></span> <span class='ocrx_word' id='word_1_100' title='bbox 1357 1476 1498 1528; x_wconf 77' lang='grc' dir='ltr'><strong>αὐτὰ</strong></span> <span class='ocrx_word' id='word_1_101' title='bbox 1554 1473 1773 1542; x_wconf 81' lang='grc' dir='ltr'><strong>βλέπειν</strong></span> 
     </span>
    </p>
   </div>
   <div class='ocr_carea' id='block_1_16' title="bbox 172 1563 1770 1643">
    <p class='ocr_par' dir='ltr' id='par_1_16' title="bbox 172 1563 1770 1643">
     <span class='ocr_line' id='line_1_16' title="bbox 172 1563 1770 1643; baseline -0.005 -20"><span class='ocrx_word' id='word_1_102' title='bbox 172 1575 359 1642; x_wconf 74' lang='grc' dir='ltr'><strong>μόνον,</strong></span> <span class='ocrx_word' id='word_1_103' title='bbox 399 1573 534 1626; x_wconf 77' lang='grc' dir='ltr'><strong>ἀλλὰ</strong></span> <span class='ocrx_word' id='word_1_104' title='bbox 577 1573 672 1625; x_wconf 73' lang='grc' dir='ltr'><strong>καὶ</strong></span> <span class='ocrx_word' id='word_1_105' title='bbox 715 1575 851 1643; x_wconf 83' lang='grc' dir='ltr'><strong>πρὸς</strong></span> <span class='ocrx_word' id='word_1_106' title='bbox 881 1571 980 1640; x_wconf 79' lang='grc' dir='ltr'><strong>τὴν</strong></span> <span class='ocrx_word' id='word_1_107' title='bbox 1017 1568 1195 1624; x_wconf 79' lang='grc' dir='ltr'><strong>αἰτίαν</strong></span> <span class='ocrx_word' id='word_1_108' title='bbox 1226 1566 1293 1620; x_wconf 77' lang='grc' dir='ltr'><strong>δι’</strong></span> <span class='ocrx_word' id='word_1_109' title='bbox 1325 1568 1390 1636; x_wconf 81' lang='grc' dir='ltr'><strong>ἣν</strong></span> <span class='ocrx_word' id='word_1_110' title='bbox 1432 1563 1770 1635; x_wconf 53' lang='grc' dir='ltr'><strong>ἐρρήθησαν.</strong></span> 
     </span>
    </p>
   </div>
   <div class='ocr_carea' id='block_1_17' title="bbox 165 1651 1772 1734">
    <p class='ocr_par' dir='ltr' id='par_1_17' title="bbox 165 1651 1772 1734">
     <span class='ocr_line' id='line_1_17' title="bbox 165 1651 1772 1734; baseline -0.01 -16"><span class='ocrx_word' id='word_1_111' title='bbox 165 1665 473 1734; x_wconf 73' lang='grc' dir='ltr'><strong>Αἱτία,γὰρ</strong></span> <span class='ocrx_word' id='word_1_112' title='bbox 515 1665 604 1715; x_wconf 70' lang='grc' dir='ltr'><strong>ἐπὶ</strong></span> <span class='ocrx_word' id='word_1_113' title='bbox 630 1663 835 1716; x_wconf 78' lang='grc' dir='ltr'><strong>τούτων</strong></span> <span class='ocrx_word' id='word_1_114' title='bbox 878 1665 911 1732; x_wconf 87' lang='grc' dir='ltr'>ὴ</span> <span class='ocrx_word' id='word_1_115' title='bbox 955 1663 1207 1715; x_wconf 76' lang='grc' dir='ltr'><strong>ἀσθένεια</strong></span> <span class='ocrx_word' id='word_1_116' title='bbox 1250 1660 1347 1728; x_wconf 82' lang='grc' dir='ltr'><strong>τῆς</strong></span> <span class='ocrx_word' id='word_1_117' title='bbox 1379 1655 1617 1717; x_wconf 80' lang='grc' dir='ltr'><strong>διανοίας</strong></span> <span class='ocrx_word' id='word_1_118' title='bbox 1661 1651 1772 1704; x_wconf 82' lang='grc' dir='ltr'><strong>τῶν</strong></span> 
     </span>
    </p>
   </div>
   <div class='ocr_carea' id='block_1_18' title="bbox 166 1746 1772 1826">
    <p class='ocr_par' dir='ltr' id='par_1_18' title="bbox 166 1746 1772 1826">
     <span class='ocr_line' id='line_1_18' title="bbox 166 1746 1772 1826; baseline -0.009 -15"><span class='ocrx_word' id='word_1_119' title='bbox 166 1761 500 1820; x_wconf 80' lang='grc' dir='ltr'><strong>ἀκουόντων,</strong></span> <span class='ocrx_word' id='word_1_120' title='bbox 531 1756 627 1808; x_wconf 76' lang='grc' dir='ltr'><strong>καὶ</strong></span> <span class='ocrx_word' id='word_1_121' title='bbox 654 1761 713 1808; x_wconf 86' lang='grc' dir='ltr'><strong>τὸ</strong></span> <span class='ocrx_word' id='word_1_122' title='bbox 745 1755 822 1826; x_wconf 75' lang='grc' dir='ltr'><strong>μὴ</strong></span> <span class='ocrx_word' id='word_1_123' title='bbox 858 1756 1036 1808; x_wconf 83' lang='grc' dir='ltr'><strong>δοκεῖν</strong></span> <span class='ocrx_word' id='word_1_124' title='bbox 1071 1755 1232 1807; x_wconf 60' lang='grc' dir='ltr'><strong>αὑτὸν</strong></span> <span class='ocrx_word' id='word_1_125' title='bbox 1263 1751 1533 1814; x_wconf 83' lang='grc' dir='ltr'><strong>ἀντίθεον,</strong></span> <span class='ocrx_word' id='word_1_126' title='bbox 1553 1750 1626 1810; x_wconf 83' lang='grc' dir='ltr'><strong>ὡς</strong></span> <span class='ocrx_word' id='word_1_127' title='bbox 1656 1746 1772 1799; x_wconf 74' lang='grc' dir='ltr'><strong>δια-</strong></span> 
     </span>
    </p>
   </div>
   <div class='ocr_carea' id='block_1_19' title="bbox 165 1851 698 1922">
    <p class='ocr_par' dir='ltr' id='par_1_19' title="bbox 165 1851 698 1922">
     <span class='ocr_line' id='line_1_19' title="bbox 165 1851 698 1922; baseline 0.002 -21"><span class='ocrx_word' id='word_1_128' title='bbox 165 1851 350 1921; x_wconf 68' lang='grc' dir='ltr'><strong>φόρως</strong></span> <span class='ocrx_word' id='word_1_129' title='bbox 375 1851 698 1922; x_wconf 77' lang='grc' dir='ltr'><strong>εἰρήκαμεν.</strong></span> 
     </span>
    </p>
   </div>
   <div class='ocr_carea' id='block_1_20' title="bbox 252 1938 1766 2014">
    <p class='ocr_par' dir='ltr' id='par_1_20' title="bbox 252 1938 1766 2014">
     <span class='ocr_line' id='line_1_20' title="bbox 252 1938 1766 2014; baseline -0.004 -19"><span class='ocrx_word' id='word_1_130' title='bbox 252 1944 485 1995; x_wconf 81' lang='grc' dir='ltr'><strong>ἐὰν-</strong></span> <span class='ocrx_word' id='word_1_131' title='bbox 526 1943 784 2011; x_wconf 68' lang='grc' dir='ltr'><strong>ἀληθής.</strong></span> <span class='ocrx_word' id='word_1_132' title='bbox 840 1944 959 2014; x_wconf 80' lang='grc' dir='ltr'><strong>Χρὴ</strong></span> <span class='ocrx_word' id='word_1_133' title='bbox 1006 1943 1134 2004; x_wconf 72' lang='grc' dir='ltr'><strong>τοὺς</strong></span> <span class='ocrx_word' id='word_1_134' title='bbox 1185 1939 1283 2003; x_wconf 80' lang='grc' dir='ltr'><strong>τὰς</strong></span> <span class='ocrx_word' id='word_1_135' title='bbox 1341 1938 1492 2011; x_wconf 73' lang='grc' dir='ltr'><strong>ἱερὰς</strong></span> <span class='ocrx_word' id='word_1_136' title='bbox 1543 1938 1766 2009; x_wconf 67' lang='grc' dir='ltr'><strong>Γραφᾶς</strong></span> 
     </span>
    </p>
   </div>
   <div class='ocr_carea' id='block_1_21' title="bbox 163 2031 1768 2105">
    <p class='ocr_par' dir='ltr' id='par_1_21' title="bbox 163 2031 1768 2105">
     <span class='ocr_line' id='line_1_21' title="bbox 163 2031 1768 2105; baseline -0.006 -15"><span class='ocrx_word' id='word_1_137' title='bbox 163 2037 644 2105; x_wconf 83' lang='grc' dir='ltr'><strong>ἀναγινώσκοντας</strong></span> <span class='ocrx_word' id='word_1_138' title='bbox 680 2038 772 2089; x_wconf 81' lang='grc' dir='ltr'><strong>τόν</strong></span> <span class='ocrx_word' id='word_1_139' title='bbox 803 2053 861 2088; x_wconf 84' lang='grc' dir='ltr'><strong>τε</strong></span> <span class='ocrx_word' id='word_1_140' title='bbox 901 2036 1100 2087; x_wconf 71' lang='grc' dir='ltr'><strong>σκοπῖιν</strong></span> <span class='ocrx_word' id='word_1_141' title='bbox 1126 2033 1221 2086; x_wconf 83' lang='grc' dir='ltr'><strong>τοῦ</strong></span> <span class='ocrx_word' id='word_1_142' title='bbox 1250 2034 1502 2100; x_wconf 81' lang='grc' dir='ltr'><strong>λέγοντος</strong></span> <span class='ocrx_word' id='word_1_143' title='bbox 1545 2031 1640 2084; x_wconf 66' lang='grc' dir='ltr'><strong>καὶ</strong></span> <span class='ocrx_word' id='word_1_144' title='bbox 1669 2032 1768 2099; x_wconf 73' lang='grc' dir='ltr'><strong>τὴν</strong></span> 
     </span>
    </p>
   </div>
   <div class='ocr_carea' id='block_1_22' title="bbox 163 2122 1769 2194">
    <p class='ocr_par' dir='ltr' id='par_1_22' title="bbox 163 2122 1769 2194">
     <span class='ocr_line' id='line_1_22' title="bbox 163 2122 1769 2194; baseline -0.006 -13"><span class='ocrx_word' id='word_1_145' title='bbox 163 2129 281 2192; x_wconf 74' lang='grc' dir='ltr'><strong>ἕξιν</strong></span> <span class='ocrx_word' id='word_1_146' title='bbox 311 2129 402 2181; x_wconf 80' lang='grc' dir='ltr'><strong>τοῦ</strong></span> <span class='ocrx_word' id='word_1_147' title='bbox 437 2131 732 2191; x_wconf 81' lang='grc' dir='ltr'><strong>ἀκούοντος</strong></span> <span class='ocrx_word' id='word_1_148' title='bbox 763 2127 1061 2194; x_wconf 74' lang='grc' dir='ltr'><strong>ἐξετάζειν,</strong></span> <span class='ocrx_word' id='word_1_149' title='bbox 1089 2127 1182 2179; x_wconf 70' lang='grc' dir='ltr'><strong>καὶ</strong></span> <span class='ocrx_word' id='word_1_150' title='bbox 1213 2125 1422 2193; x_wconf 84' lang='grc' dir='ltr'><strong>καιροῖς</strong></span> <span class='ocrx_word' id='word_1_151' title='bbox 1453 2123 1552 2176; x_wconf 71' lang='grc' dir='ltr'><strong>καὶ</strong></span> <span class='ocrx_word' id='word_1_152' title='bbox 1580 2122 1769 2184; x_wconf 82' lang='grc' dir='ltr'><strong>τόποις</strong></span> 
     </span>
    </p>
   </div>
   <div class='ocr_carea' id='block_1_23' title="bbox 163 2214 1765 2288">
    <p class='ocr_par' dir='ltr' id='par_1_23' title="bbox 163 2214 1765 2288">
     <span class='ocr_line' id='line_1_23' title="bbox 163 2214 1765 2288; baseline -0.004 -18"><span class='ocrx_word' id='word_1_153' title='bbox 163 2222 318 2272; x_wconf 60' lang='grc' dir='ltr'><strong>ἐστιν</strong></span> <span class='ocrx_word' id='word_1_154' title='bbox 361 2223 448 2272; x_wconf 75' lang='grc' dir='ltr'><strong>ὅτε</strong></span> <span class='ocrx_word' id='word_1_155' title='bbox 492 2221 806 2288; x_wconf 77' lang='grc' dir='ltr'><strong>προσέχειν,</strong></span> <span class='ocrx_word' id='word_1_156' title='bbox 850 2220 945 2271; x_wconf 71' lang='grc' dir='ltr'><strong>καὶ</strong></span> <span class='ocrx_word' id='word_1_157' title='bbox 975 2218 1043 2270; x_wconf 69' lang='grc' dir='ltr'><strong>τὰ</strong></span> <span class='ocrx_word' id='word_1_158' title='bbox 1086 2216 1356 2286; x_wconf 74' lang='grc' dir='ltr'><strong>ἰδιώματα</strong></span> <span class='ocrx_word' id='word_1_159' title='bbox 1390 2214 1765 2284; x_wconf 83' lang='grc' dir='ltr'><strong>παρατηρεῖν,</strong></span> 
     </span>
    </p>
   </div>
   <div class='ocr_carea' id='block_1_24' title="bbox 164 2305 1763 2381">
    <p class='ocr_par' dir='ltr' id='par_1_24' title="bbox 164 2305 1763 2381">
     <span class='ocr_line' id='line_1_24' title="bbox 164 2305 1763 2381; baseline -0.004 -18"><span class='ocrx_word' id='word_1_160' title='bbox 164 2313 264 2363; x_wconf 77' lang='grc' dir='ltr'><strong>καὶ</strong></span> <span class='ocrx_word' id='word_1_161' title='bbox 299 2313 373 2381; x_wconf 80' lang='grc' dir='ltr'><strong>μὴ</strong></span> <span class='ocrx_word' id='word_1_162' title='bbox 413 2313 602 2374; x_wconf 74' lang='grc' dir='ltr'><strong>ἁπλῶς</strong></span> <span class='ocrx_word' id='word_1_163' title='bbox 629 2313 722 2364; x_wconf 74' lang='grc' dir='ltr'><strong>καὶ</strong></span> <span class='ocrx_word' id='word_1_164' title='bbox 754 2309 876 2363; x_wconf 86' lang='grc' dir='ltr'><strong>καθ’</strong></span> <span class='ocrx_word' id='word_1_165' title='bbox 928 2310 1026 2362; x_wconf 70' lang='grc' dir='ltr'><strong>ἕνα</strong></span> <span class='ocrx_word' id='word_1_166' title='bbox 1058 2308 1262 2378; x_wconf 82' lang='grc' dir='ltr'><strong>τρόπον</strong></span> <span class='ocrx_word' id='word_1_167' title='bbox 1305 2308 1520 2360; x_wconf 78' lang='grc' dir='ltr'><strong>ἐπιέναι</strong></span> <span class='ocrx_word' id='word_1_168' title='bbox 1565 2305 1763 2365; x_wconf 82' lang='grc' dir='ltr'><strong>πάντα,</strong></span> 
     </span>
    </p>
   </div>
   <div class='ocr_carea' id='block_1_25' title="bbox 163 2397 1766 2471">
    <p class='ocr_par' dir='ltr' id='par_1_25' title="bbox 163 2397 1766 2471">
     <span class='ocr_line' id='line_1_25' title="bbox 163 2397 1766 2471; baseline -0.002 -19"><span class='ocrx_word' id='word_1_169' title='bbox 163 2401 212 2452; x_wconf 80' lang='grc' dir='ltr'><strong>εί</strong></span> <span class='ocrx_word' id='word_1_170' title='bbox 265 2401 536 2470; x_wconf 73' lang='grc' dir='ltr'><strong>βούλοιντο</strong></span> <span class='ocrx_word' id='word_1_171' title='bbox 565 2403 634 2454; x_wconf 76' lang='grc' dir='ltr'><strong>τὰ</strong></span> <span class='ocrx_word' id='word_1_172' title='bbox 663 2403 863 2471; x_wconf 83' lang='grc' dir='ltr'><strong>γνήσια</strong></span> <span class='ocrx_word' id='word_1_173' title='bbox 898 2402 1147 2470; x_wconf 83' lang='grc' dir='ltr'><strong>νοήματα</strong></span> <span class='ocrx_word' id='word_1_174' title='bbox 1178 2397 1648 2468; x_wconf 73' lang='grc' dir='ltr'><strong>καταλαμϐάνειν,</strong></span> <span class='ocrx_word' id='word_1_175' title='bbox 1673 2399 1766 2448; x_wconf 74' lang='grc' dir='ltr'><strong>καὶ</strong></span> 
     </span>
    </p>
   </div>
   <div class='ocr_carea' id='block_1_26' title="bbox 164 2486 1766 2565">
    <p class='ocr_par' dir='ltr' id='par_1_26' title="bbox 164 2486 1766 2565">
     <span class='ocr_line' id='line_1_26' title="bbox 164 2486 1766 2565; baseline -0.004 -20"><span class='ocrx_word' id='word_1_176' title='bbox 164 2494 245 2562; x_wconf 80' lang='grc' dir='ltr'><strong>μὴ</strong></span> <span class='ocrx_word' id='word_1_177' title='bbox 277 2492 452 2562; x_wconf 56' lang='grc' dir='ltr'><strong>ψιλοῖς</strong></span> <span class='ocrx_word' id='word_1_178' title='bbox 478 2497 591 2558; x_wconf 78' lang='grc' dir='ltr'><strong>τοῖς</strong></span> <span class='ocrx_word' id='word_1_179' title='bbox 627 2495 871 2565; x_wconf 76' lang='grc' dir='ltr'><strong>ῥήμασιν</strong></span> <span class='ocrx_word' id='word_1_180' title='bbox 911 2490 1292 2561; x_wconf 73' lang='grc' dir='ltr'><strong>ὲναπομένειν,</strong></span> <span class='ocrx_word' id='word_1_181' title='bbox 1326 2489 1421 2543; x_wconf 82' lang='grc' dir='ltr'><strong>καὶ</strong></span> <span class='ocrx_word' id='word_1_182' title='bbox 1453 2486 1766 2541; x_wconf 79' lang='grc' dir='ltr'><strong>πλανᾶσθαι</strong></span> 
     </span>
    </p>
   </div>
   <div class='ocr_carea' id='block_1_27' title="bbox 165 2580 1766 2652">
    <p class='ocr_par' dir='ltr' id='par_1_27' title="bbox 165 2580 1766 2652">
     <span class='ocr_line' id='line_1_27' title="bbox 165 2580 1766 2652; baseline -0.003 -17"><span class='ocrx_word' id='word_1_183' title='bbox 165 2584 312 2635; x_wconf 82' lang='grc' dir='ltr'><strong>κατὰ</strong></span> <span class='ocrx_word' id='word_1_184' title='bbox 357 2583 484 2643; x_wconf 78' lang='grc' dir='ltr'><strong>τοὺς</strong></span> <span class='ocrx_word' id='word_1_185' title='bbox 528 2583 860 2652; x_wconf 81' lang='grc' dir='ltr'><strong>αίρετικούς.</strong></span> <span class='ocrx_word' id='word_1_186' title='bbox 904 2581 1117 2635; x_wconf 78' lang='grc' dir='ltr'><strong>Αὐτίκα.</strong></span> <span class='ocrx_word' id='word_1_187' title='bbox 1151 2580 1260 2651; x_wconf 79' lang='grc' dir='ltr'><strong>γὰρ</strong></span> <span class='ocrx_word' id='word_1_188' title='bbox 1301 2581 1360 2632; x_wconf 81' lang='grc' dir='ltr'><strong>τὸ</strong></span> <span class='ocrx_word' id='word_1_189' title='bbox 1401 2580 1766 2650; x_wconf 84' lang='grc' dir='ltr'><strong>προκείμενον</strong></span> 
     </span>
    </p>
   </div>
   <div class='ocr_carea' id='block_1_28' title="bbox 160 2671 1764 2746">
    <p class='ocr_par' dir='ltr' id='par_1_28' title="bbox 160 2671 1764 2746">
     <span class='ocr_line' id='line_1_28' title="bbox 160 2671 1764 2746; baseline -0.004 -18"><span class='ocrx_word' id='word_1_190' title='bbox 160 2676 365 2746; x_wconf 71' lang='grc' dir='ltr'><strong>χωρίον</strong></span> <span class='ocrx_word' id='word_1_191' title='bbox 413 2676 526 2745; x_wconf 74' lang='grc' dir='ltr'><strong>ἔχει</strong></span> <span class='ocrx_word' id='word_1_192' title='bbox 590 2675 689 2739; x_wconf 76' lang='grc' dir='ltr'><strong>μὲν</strong></span> <span class='ocrx_word' id='word_1_193' title='bbox 744 2674 913 2727; x_wconf 66' lang='grc' dir='ltr'><strong>πολὺν</strong></span> <span class='ocrx_word' id='word_1_194' title='bbox 969 2672 1283 2744; x_wconf 81' lang='grc' dir='ltr'><strong>Θησαυρὸν,</strong></span> <span class='ocrx_word' id='word_1_195' title='bbox 1325 2673 1437 2740; x_wconf 76' lang='grc' dir='ltr'><strong>ἔχει</strong></span> <span class='ocrx_word' id='word_1_196' title='bbox 1487 2672 1544 2724; x_wconf 82' lang='grc' dir='ltr'>δὲ</span> <span class='ocrx_word' id='word_1_197' title='bbox 1575 2671 1764 2724; x_wconf 86' lang='grc' dir='ltr'><strong>τοῦτον</strong></span> 
     </span>
    </p>
   </div>
   <div class='ocr_carea' id='block_1_29' title="bbox 162 2763 1764 2838">
    <p class='ocr_par' dir='ltr' id='par_1_29' title="bbox 162 2763 1764 2838">
     <span class='ocr_line' id='line_1_29' title="bbox 162 2763 1764 2838; baseline -0.002 -19"><span class='ocrx_word' id='word_1_198' title='bbox 162 2768 338 2837; x_wconf 75' lang='grc' dir='ltr'><strong>πολλῇ</strong></span> <span class='ocrx_word' id='word_1_199' title='bbox 387 2769 883 2838; x_wconf 74' lang='grc' dir='ltr'><strong>κατακεχωσμένον</strong></span> <span class='ocrx_word' id='word_1_200' title='bbox 943 2766 1204 2835; x_wconf 71' lang='grc' dir='ltr'><strong>ἀσαφείᾳ.</strong></span> <span class='ocrx_word' id='word_1_201' title='bbox 1259 2763 1355 2827; x_wconf 83' lang='grc' dir='ltr'><strong>Τίς</strong></span> <span class='ocrx_word' id='word_1_202' title='bbox 1394 2763 1503 2834; x_wconf 78' lang='grc' dir='ltr'><strong>γὰρ</strong></span> <span class='ocrx_word' id='word_1_203' title='bbox 1558 2765 1658 2816; x_wconf 74' lang='grc' dir='ltr'><strong>οὐκ</strong></span> <span class='ocrx_word' id='word_1_204' title='bbox 1697 2764 1764 2816; x_wconf 84' lang='grc' dir='ltr'><strong>ἂν</strong></span> 
     </span>
    </p>
   </div>
   <div class='ocr_carea' id='block_1_30' title="bbox 166 2855 1760 2929">
    <p class='ocr_par' dir='ltr' id='par_1_30' title="bbox 166 2855 1760 2929">
     <span class='ocr_line' id='line_1_30' title="bbox 166 2855 1760 2929; baseline -0.001 -18"><span class='ocrx_word' id='word_1_205' title='bbox 166 2859 377 2922; x_wconf 70' lang='grc' dir='ltr'><strong>εὐθέως</strong></span> <span class='ocrx_word' id='word_1_206' title='bbox 430 2858 758 2929; x_wconf 75' lang='grc' dir='ltr'><strong>θορυϐηθείη</strong></span> <span class='ocrx_word' id='word_1_207' title='bbox 804 2858 1020 2911; x_wconf 82' lang='grc' dir='ltr'><strong>ἀκούων</strong></span> <span class='ocrx_word' id='word_1_208' title='bbox 1057 2855 1147 2909; x_wconf 79' lang='grc' dir='ltr'><strong>τοὺ</strong></span> <span class='ocrx_word' id='word_1_209' title='bbox 1186 2856 1424 2924; x_wconf 76' lang='grc' dir='ltr'><strong>Χριστοῦ</strong></span> <span class='ocrx_word' id='word_1_210' title='bbox 1472 2857 1760 2923; x_wconf 72' lang='grc' dir='ltr'><strong>λέγοντοςο</strong></span> 
     </span>
    </p>
   </div>
   <div class='ocr_carea' id='block_1_31' title="bbox 175 2947 1762 3019">
    <p class='ocr_par' dir='ltr' id='par_1_31' title="bbox 175 2947 1762 3019">
     <span class='ocr_line' id='line_1_31' title="bbox 175 2947 1762 3019; baseline -0.002 -15"><span class='ocrx_word' id='word_1_211' title='bbox 175 2950 324 3004; x_wconf 78' lang='grc' dir='ltr'><strong>Ἐὰν</strong></span> <span class='ocrx_word' id='word_1_212' title='bbox 368 2950 482 3016; x_wconf 79' lang='grc' dir='ltr'><strong>ἐγὼ</strong></span> <span class='ocrx_word' id='word_1_213' title='bbox 516 2949 800 3019; x_wconf 77' lang='grc' dir='ltr'><strong>μαρτυρῶ</strong></span> <span class='ocrx_word' id='word_1_214' title='bbox 848 2949 986 3016; x_wconf 73' lang='grc' dir='ltr'><strong>περὶ</strong></span> <span class='ocrx_word' id='word_1_215' title='bbox 1034 2947 1334 3017; x_wconf 65' lang='grc' dir='ltr'><strong>ἐμαυτοῦ,</strong></span> <span class='ocrx_word' id='word_1_216' title='bbox 1375 2949 1414 3012; x_wconf 72' lang='grc' dir='ltr'><strong>’ἡ</strong></span> <span class='ocrx_word' id='word_1_217' title='bbox 1463 2949 1762 3016; x_wconf 78' lang='grc' dir='ltr'><strong>μαρτυρία</strong></span> 
     </span>
    </p>
   </div>
   <div class='ocr_carea' id='block_1_32' title="bbox 155 3038 1764 3114">
    <p class='ocr_par' dir='ltr' id='par_1_32' title="bbox 155 3038 1764 3114">
     <span class='ocr_line' id='line_1_32' title="bbox 155 3038 1764 3114; baseline -0.004 -17"><span class='ocrx_word' id='word_1_218' title='bbox 155 3062 284 3114; x_wconf 77' lang='grc' dir='ltr'><strong>μου</strong></span> <span class='ocrx_word' id='word_1_219' title='bbox 307 3045 418 3097; x_wconf 79' lang='grc' dir='ltr'><strong>οὐκ</strong></span> <span class='ocrx_word' id='word_1_220' title='bbox 439 3043 611 3096; x_wconf 81' lang='grc' dir='ltr'><strong>ἐστιν</strong></span> <span class='ocrx_word' id='word_1_221' title='bbox 633 3042 904 3109; x_wconf 47' lang='grc' dir='ltr'><strong>ἀληθής</strong></span> <span class='ocrx_word' id='word_1_222' title='bbox 929 3039 1164 3111; x_wconf 59' lang='grc' dir='ltr'><strong>Καὶςγὰρ</strong></span> <span class='ocrx_word' id='word_1_223' title='bbox 1183 3039 1346 3104; x_wconf 69' lang='grc' dir='ltr'><strong>αὐτὸς</strong></span> <span class='ocrx_word' id='word_1_224' title='bbox 1369 3039 1579 3107; x_wconf 74' lang='grc' dir='ltr'><strong>ἔλεγεν·</strong></span> <span class='ocrx_word' id='word_1_225' title='bbox 1619 3038 1764 3106; x_wconf 75' lang='grc' dir='ltr'><strong>Ἐγώ</strong></span> 
     </span>
    </p>
   </div>
   <div class='ocr_carea' id='block_1_33' title="bbox 160 3130 1757 3204">
    <p class='ocr_par' dir='ltr' id='par_1_33' title="bbox 160 3130 1757 3204">
     <span class='ocr_line' id='line_1_33' title="bbox 160 3130 1757 3204; baseline -0.001 -16"><span class='ocrx_word' id='word_1_226' title='bbox 160 3139 284 3204; x_wconf 78' lang='grc' dir='ltr'><strong>ειμι</strong></span> <span class='ocrx_word' id='word_1_227' title='bbox 312 3136 348 3203; x_wconf 73' lang='grc' dir='ltr'><em>ἡ</em></span> <span class='ocrx_word' id='word_1_228' title='bbox 367 3133 883 3204; x_wconf 48' lang='grc' dir='ltr'><strong>ἀλήθειαζΚαὶὲὰν</strong></span> <span class='ocrx_word' id='word_1_229' title='bbox 918 3135 951 3203; x_wconf 77' lang='grc' dir='ltr'><strong>ἡ</strong></span> <span class='ocrx_word' id='word_1_230' title='bbox 971 3132 1198 3202; x_wconf 81' lang='grc' dir='ltr'><strong>ἀλήθεια</strong></span> <span class='ocrx_word' id='word_1_231' title='bbox 1218 3131 1318 3184; x_wconf 85' lang='grc' dir='ltr'><strong>οὐκ</strong></span> <span class='ocrx_word' id='word_1_232' title='bbox 1347 3130 1593 3203; x_wconf 70' lang='grc' dir='ltr'><strong>ἀληθεύῃ</strong></span> <span class='ocrx_word' id='word_1_233' title='bbox 1618 3131 1757 3201; x_wconf 81' lang='lat' dir='ltr'><strong>(IS),</strong></span> 
     </span>
    </p>
   </div>
   <div class='ocr_carea' id='block_1_34' title="bbox 1796 1912 1844 1970">
    <p class='ocr_par' dir='ltr' id='par_1_34' title="bbox 1796 1912 1844 1970">
     <span class='ocr_line' id='line_1_34' title="bbox 1796 1912 1844 1970; baseline 0 0"><span class='ocrx_word' id='word_1_234' title='bbox 1796 1912 1844 1970; x_wconf 86' lang='grc' dir='ltr'><strong>Β</strong></span> 
     </span>
    </p>
   </div>
   <div class='ocr_carea' id='block_1_35' title="bbox 1879 648 3468 722">
    <p class='ocr_par' dir='ltr' id='par_1_35' title="bbox 1879 648 3468 722">
     <span class='ocr_line' id='line_1_35' title="bbox 1879 648 3468 722; baseline 0.004 -23"><span class='ocrx_word' id='word_1_235' title='bbox 1879 648 2000 700; x_wconf 87' lang='lat' dir='ltr'><strong>dem</strong></span> <span class='ocrx_word' id='word_1_236' title='bbox 2040 664 2220 717; x_wconf 80' lang='lat' dir='ltr'><strong>neque</strong></span> <span class='ocrx_word' id='word_1_237' title='bbox 2256 651 2440 706; x_wconf 76' lang='lat' dir='ltr'><strong>videre</strong></span> <span class='ocrx_word' id='word_1_238' title='bbox 2467 653 2514 705; x_wconf 92' lang='lat' dir='ltr'><strong>ei</strong></span> <span class='ocrx_word' id='word_1_239' title='bbox 2546 667 2689 720; x_wconf 85' lang='lat' dir='ltr'><strong>opus</strong></span> <span class='ocrx_word' id='word_1_240' title='bbox 2737 662 2846 717; x_wconf 86' lang='lat' dir='ltr'><strong>est,</strong></span> <span class='ocrx_word' id='word_1_241' title='bbox 2871 666 3049 722; x_wconf 87' lang='lat' dir='ltr'><strong>neque</strong></span> <span class='ocrx_word' id='word_1_242' title='bbox 3085 651 3297 711; x_wconf 81' lang='lat' dir='ltr'><strong>audire.</strong></span> <span class='ocrx_word' id='word_1_243' title='bbox 3347 668 3468 706; x_wconf 87' lang='lat' dir='ltr'><strong>cum</strong></span> 
     </span>
    </p>
   </div>
   <div class='ocr_carea' id='block_1_36' title="bbox 1882 737 2567 811">
    <p class='ocr_par' dir='ltr' id='par_1_36' title="bbox 1882 737 2567 811">
     <span class='ocr_line' id='line_1_36' title="bbox 1882 737 2567 811; baseline 0.015 -22"><span class='ocrx_word' id='word_1_244' title='bbox 1882 737 2025 792; x_wconf 84' lang='lat' dir='ltr'><strong>Deus</strong></span> <span class='ocrx_word' id='word_1_245' title='bbox 2047 740 2192 793; x_wconf 88' lang='lat' dir='ltr'><strong>nulla</strong></span> <span class='ocrx_word' id='word_1_246' title='bbox 2221 755 2277 795; x_wconf 88' lang='lat' dir='ltr'><strong>re</strong></span> <span class='ocrx_word' id='word_1_247' title='bbox 2311 742 2567 811; x_wconf 80' lang='lat' dir='ltr'><strong>indigeat.</strong></span> 
     </span>
    </p>
   </div>
   <div class='ocr_carea' id='block_1_37' title="bbox 1954 832 3472 906">
    <p class='ocr_par' dir='ltr' id='par_1_37' title="bbox 1954 832 3472 906">
     <span class='ocr_line' id='line_1_37' title="bbox 1954 832 3472 906; baseline 0.003 -21"><span class='ocrx_word' id='word_1_248' title='bbox 1954 832 2107 888; x_wconf 68' lang='lat' dir='ltr'><strong>Yers.</strong></span> <span class='ocrx_word' id='word_1_249' title='bbox 2181 835 2270 891; x_wconf 71' lang='lat'><strong>30.</strong></span> <span class='ocrx_word' id='word_1_250' title='bbox 2317 837 2385 887; x_wconf 82' lang='lat' dir='ltr'><strong>Et</strong></span> <span class='ocrx_word' id='word_1_251' title='bbox 2423 833 2729 888; x_wconf 72' lang='lat' dir='ltr'><strong>—-—Patri‘s.</strong></span> <span class='ocrx_word' id='word_1_252' title='bbox 2781 833 2959 900; x_wconf 84' lang='lat' dir='ltr'><strong>Juste,</strong></span> <span class='ocrx_word' id='word_1_253' title='bbox 3009 833 3208 904; x_wconf 92' lang='lat' dir='ltr'><strong>inquit,</strong></span> <span class='ocrx_word' id='word_1_254' title='bbox 3261 834 3472 906; x_wconf 81' lang='lat' dir='ltr'><strong>judico,</strong></span> 
     </span>
    </p>
   </div>
   <div class='ocr_carea' id='block_1_38' title="bbox 1878 923 3477 996">
    <p class='ocr_par' dir='ltr' id='par_1_38' title="bbox 1878 923 3477 996">
     <span class='ocr_line' id='line_1_38' title="bbox 1878 923 3477 996; baseline 0.003 -19"><span class='ocrx_word' id='word_1_255' title='bbox 1878 927 2006 994; x_wconf 89' lang='lat' dir='ltr'><strong>quia</strong></span> <span class='ocrx_word' id='word_1_256' title='bbox 2034 926 2348 996; x_wconf 87' lang='lat' dir='ltr'><strong>nonjudico</strong></span> <span class='ocrx_word' id='word_1_257' title='bbox 2375 928 2676 981; x_wconf 89' lang='lat' dir='ltr'><strong>secundum</strong></span> <span class='ocrx_word' id='word_1_258' title='bbox 2730 923 3092 988; x_wconf 84' lang='lat' dir='ltr'><strong>voluntatem,</strong></span> <span class='ocrx_word' id='word_1_259' title='bbox 3149 942 3349 992; x_wconf 89' lang='lat' dir='ltr'><strong>meam,</strong></span> <span class='ocrx_word' id='word_1_260' title='bbox 3376 943 3477 982; x_wconf 85' lang='lat' dir='ltr'><strong>ne-</strong></span> 
     </span>
    </p>
   </div>
   <div class='ocr_carea' id='block_1_39' title="bbox 1877 1005 3474 1090">
    <p class='ocr_par' dir='ltr' id='par_1_39' title="bbox 1877 1005 3474 1090">
     <span class='ocr_line' id='line_1_39' title="bbox 1877 1005 3474 1090; baseline 0.001 -19"><span class='ocrx_word' id='word_1_261' title='bbox 1877 1033 1983 1086; x_wconf 87' lang='lat' dir='ltr'><strong>que</strong></span> <span class='ocrx_word' id='word_1_262' title='bbox 2008 1034 2108 1090; x_wconf 74' lang='lat' dir='ltr'><strong>ego</strong></span> <span class='ocrx_word' id='word_1_263' title='bbox 2141 1019 2423 1090; x_wconf 90' lang='lat' dir='ltr'><strong>proprium</strong></span> <span class='ocrx_word' id='word_1_264' title='bbox 2451 1021 2626 1075; x_wconf 93' lang='lat' dir='ltr'><strong>habco</strong></span> <span class='ocrx_word' id='word_1_265' title='bbox 2669 1018 3140 1086; x_wconf 58' lang='lat' dir='ltr'><strong>voluntatemfsed</strong></span> <span class='ocrx_word' id='word_1_266' title='bbox 3171 1005 3474 1074; x_wconf 69' lang='lat' dir='ltr'><strong>secundum</strong></span> 
     </span>
    </p>
   </div>
   <div class='ocr_carea' id='block_1_40' title="bbox 1878 1109 3479 1179">
    <p class='ocr_par' dir='ltr' id='par_1_40' title="bbox 1878 1109 3479 1179">
     <span class='ocr_line' id='line_1_40' title="bbox 1878 1109 3479 1179; baseline 0.001 -16"><span class='ocrx_word' id='word_1_267' title='bbox 1878 1109 2050 1163; x_wconf 70' lang='lat' dir='ltr'><strong>Pall’is</strong></span> <span class='ocrx_word' id='word_1_268' title='bbox 2073 1113 2405 1165; x_wconf 85' lang='lat' dir='ltr'><strong>voluntatem</strong></span> <span class='ocrx_word' id='word_1_269' title='bbox 2430 1127 2444 1176; x_wconf 84' lang='lat'>;</span> <span class='ocrx_word' id='word_1_270' title='bbox 2471 1126 2596 1164; x_wconf 88' lang='lat' dir='ltr'><strong>nam</strong></span> <span class='ocrx_word' id='word_1_271' title='bbox 2619 1111 2704 1164; x_wconf 89' lang='lat' dir='ltr'><strong>illa</strong></span> <span class='ocrx_word' id='word_1_272' title='bbox 2724 1111 2887 1164; x_wconf 86' lang='lat' dir='ltr'><strong>etiam</strong></span> <span class='ocrx_word' id='word_1_273' title='bbox 2907 1127 3025 1165; x_wconf 87' lang='lat' dir='ltr'><strong>mea</strong></span> <span class='ocrx_word' id='word_1_274' title='bbox 3042 1120 3126 1164; x_wconf 89' lang='lat' dir='ltr'><strong>est</strong></span> <span class='ocrx_word' id='word_1_275' title='bbox 3147 1125 3161 1174; x_wconf 91' lang='lat'><strong>;</strong></span> <span class='ocrx_word' id='word_1_276' title='bbox 3189 1125 3297 1164; x_wconf 90' lang='lat' dir='ltr'><strong>una</strong></span> <span class='ocrx_word' id='word_1_277' title='bbox 3316 1110 3479 1179; x_wconf 81' lang='lat' dir='ltr'><strong>siqui-</strong></span> 
     </span>
    </p>
   </div>
   <div class='ocr_carea' id='block_1_41' title="bbox 1878 1201 3474 1272">
    <p class='ocr_par' dir='ltr' id='par_1_41' title="bbox 1878 1201 3474 1272">
     <span class='ocr_line' id='line_1_41' title="bbox 1878 1201 3474 1272; baseline 0.001 -19"><span class='ocrx_word' id='word_1_278' title='bbox 1878 1201 2001 1254; x_wconf 77' lang='lat' dir='ltr'><strong>(lem</strong></span> <span class='ocrx_word' id='word_1_279' title='bbox 2028 1212 2081 1255; x_wconf 89' lang='lat' dir='ltr'><strong>ct</strong></span> <span class='ocrx_word' id='word_1_280' title='bbox 2103 1203 2292 1256; x_wconf 89' lang='lat' dir='ltr'><strong>eadem</strong></span> <span class='ocrx_word' id='word_1_281' title='bbox 2320 1212 2404 1257; x_wconf 81' lang='lat' dir='ltr'><strong>est</strong></span> <span class='ocrx_word' id='word_1_282' title='bbox 2427 1205 2604 1259; x_wconf 80' lang='lat' dir='ltr'><strong>Patris</strong></span> <span class='ocrx_word' id='word_1_283' title='bbox 2621 1212 2676 1256; x_wconf 89' lang='lat' dir='ltr'><strong>et</strong></span> <span class='ocrx_word' id='word_1_284' title='bbox 2695 1201 2816 1256; x_wconf 85' lang='lat' dir='ltr'><strong>Filii</strong></span> <span class='ocrx_word' id='word_1_285' title='bbox 2843 1203 3118 1256; x_wconf 75' lang='lat' dir='ltr'><strong>voluntas.</strong></span> <span class='ocrx_word' id='word_1_286' title='bbox 3140 1201 3196 1256; x_wconf 88' lang='lat' dir='ltr'><strong>Si</strong></span> <span class='ocrx_word' id='word_1_287' title='bbox 3215 1216 3344 1272; x_wconf 76' lang='lat' dir='ltr'><strong>ergo</strong></span> <span class='ocrx_word' id='word_1_288' title='bbox 3373 1203 3474 1255; x_wconf 80' lang='lat' dir='ltr'><strong>l‘a-</strong></span> 
     </span>
    </p>
   </div>
   <div class='ocr_carea' id='block_1_42' title="bbox 1881 1293 3474 1364">
    <p class='ocr_par' dir='ltr' id='par_1_42' title="bbox 1881 1293 3474 1364">
     <span class='ocr_line' id='line_1_42' title="bbox 1881 1293 3474 1364; baseline 0.001 -18"><span class='ocrx_word' id='word_1_289' title='bbox 1881 1302 1963 1347; x_wconf 88' lang='lat' dir='ltr'><strong>ter</strong></span> <span class='ocrx_word' id='word_1_290' title='bbox 1983 1294 2165 1361; x_wconf 82' lang='lat' dir='ltr'><strong>justus</strong></span> <span class='ocrx_word' id='word_1_291' title='bbox 2185 1295 2472 1364; x_wconf 81' lang='lat' dir='ltr'><strong>estjudex,</strong></span> <span class='ocrx_word' id='word_1_292' title='bbox 2499 1305 2555 1348; x_wconf 91' lang='lat' dir='ltr'><strong>et</strong></span> <span class='ocrx_word' id='word_1_293' title='bbox 2583 1293 2752 1348; x_wconf 81' lang='lat' dir='ltr'><strong>Filius</strong></span> <span class='ocrx_word' id='word_1_294' title='bbox 2775 1296 2962 1362; x_wconf 90' lang='lat' dir='ltr'><strong>utique</strong></span> <span class='ocrx_word' id='word_1_295' title='bbox 2984 1295 3166 1364; x_wconf 80' lang='lat' dir='ltr'><strong>justus</strong></span> <span class='ocrx_word' id='word_1_296' title='bbox 3191 1293 3474 1362; x_wconf 75' lang='lat' dir='ltr'><strong>cstjudcx.</strong></span> 
     </span>
    </p>
   </div>
   <div class='ocr_carea' id='block_1_43' title="bbox 1950 1385 3478 1458">
    <p class='ocr_par' dir='ltr' id='par_1_43' title="bbox 1950 1385 3478 1458">
     <span class='ocr_line' id='line_1_43' title="bbox 1950 1385 3478 1458; baseline -0.002 -17"><span class='ocrx_word' id='word_1_297' title='bbox 1950 1386 2182 1456; x_wconf 90' lang='lat' dir='ltr'><strong>Oportet</strong></span> <span class='ocrx_word' id='word_1_298' title='bbox 2210 1391 2392 1458; x_wconf 87' lang='lat' dir='ltr'><strong>itaque</strong></span> <span class='ocrx_word' id='word_1_299' title='bbox 2439 1388 2492 1441; x_wconf 90' lang='lat' dir='ltr'><strong>in</strong></span> <span class='ocrx_word' id='word_1_300' title='bbox 2528 1387 2845 1458; x_wconf 76' lang='lat' dir='ltr'><strong>huiusmodi</strong></span> <span class='ocrx_word' id='word_1_301' title='bbox 2881 1386 3084 1450; x_wconf 76' lang='lat' dir='ltr'><strong>verbis,</strong></span> <span class='ocrx_word' id='word_1_302' title='bbox 3117 1401 3238 1454; x_wconf 72' lang='lat' dir='ltr'><strong>qure</strong></span> <span class='ocrx_word' id='word_1_303' title='bbox 3271 1385 3478 1439; x_wconf 76' lang='lat' dir='ltr'><strong>demis~</strong></span> 
     </span>
    </p>
   </div>
   <div class='ocr_carea' id='block_1_44' title="bbox 1878 1463 3474 1549">
    <p class='ocr_par' dir='ltr' id='par_1_44' title="bbox 1878 1463 3474 1549">
     <span class='ocr_line' id='line_1_44' title="bbox 1878 1463 3474 1549; baseline -0.003 -17"><span class='ocrx_word' id='word_1_304' title='bbox 1878 1480 2087 1532; x_wconf 78' lang='lat' dir='ltr'><strong>sionem</strong></span> <span class='ocrx_word' id='word_1_305' title='bbox 2123 1495 2186 1534; x_wconf 90' lang='lat' dir='ltr'><strong>ac</strong></span> <span class='ocrx_word' id='word_1_306' title='bbox 2215 1463 2682 1549; x_wconf 73' lang='lat' dir='ltr'><strong>dispensationem</strong></span> <span class='ocrx_word' id='word_1_307' title='bbox 2743 1477 3075 1549; x_wconf 81' lang='lat' dir='ltr'><strong>signiﬁcant,</strong></span> <span class='ocrx_word' id='word_1_308' title='bbox 3106 1493 3213 1530; x_wconf 90' lang='lat' dir='ltr'><strong>non</strong></span> <span class='ocrx_word' id='word_1_309' title='bbox 3267 1476 3332 1530; x_wconf 87' lang='lat' dir='ltr'><strong>ad</strong></span> <span class='ocrx_word' id='word_1_310' title='bbox 3361 1478 3474 1545; x_wconf 84' lang='lat' dir='ltr'><strong>ipsa</strong></span> 
     </span>
    </p>
   </div>
   <div class='ocr_carea' id='block_1_45' title="bbox 1880 1570 3478 1643">
    <p class='ocr_par' dir='ltr' id='par_1_45' title="bbox 1880 1570 3478 1643">
     <span class='ocr_line' id='line_1_45' title="bbox 1880 1570 3478 1643; baseline -0.004 -17"><span class='ocrx_word' id='word_1_311' title='bbox 1880 1582 2092 1626; x_wconf 87' lang='lat' dir='ltr'><strong>tantum</strong></span> <span class='ocrx_word' id='word_1_312' title='bbox 2122 1572 2425 1643; x_wconf 80' lang='lat' dir='ltr'><strong>respicere,</strong></span> <span class='ocrx_word' id='word_1_313' title='bbox 2485 1575 2579 1628; x_wconf 90' lang='lat' dir='ltr'><strong>sed</strong></span> <span class='ocrx_word' id='word_1_314' title='bbox 2606 1571 2772 1626; x_wconf 77' lang='lat' dir='ltr'><strong>etiam</strong></span> <span class='ocrx_word' id='word_1_315' title='bbox 2809 1571 2874 1625; x_wconf 88' lang='lat' dir='ltr'><strong>ad</strong></span> <span class='ocrx_word' id='word_1_316' title='bbox 2929 1586 3152 1625; x_wconf 75' lang='lat' dir='ltr'><strong>cattsam</strong></span> <span class='ocrx_word' id='word_1_317' title='bbox 3190 1570 3431 1639; x_wconf 79' lang='lat' dir='ltr'><strong>ipsorum</strong></span> <span class='ocrx_word' id='word_1_318' title='bbox 3463 1587 3478 1632; x_wconf 83' lang='lat'><strong>;</strong></span> 
     </span>
    </p>
   </div>
   <div class='ocr_carea' id='block_1_46' title="bbox 1877 1663 3477 1720">
    <p class='ocr_par' dir='ltr' id='par_1_46' title="bbox 1877 1663 3477 1720">
     <span class='ocr_line' id='line_1_46' title="bbox 1877 1663 3477 1720; baseline -0.001 -4"><span class='ocrx_word' id='word_1_319' title='bbox 1877 1665 1931 1718; x_wconf 89' lang='lat' dir='ltr'><strong>in</strong></span> <span class='ocrx_word' id='word_1_320' title='bbox 1967 1664 2054 1720; x_wconf 85' lang='lat' dir='ltr'><strong>his</strong></span> <span class='ocrx_word' id='word_1_321' title='bbox 2089 1667 2238 1720; x_wconf 87' lang='lat' dir='ltr'><strong>enim</strong></span> <span class='ocrx_word' id='word_1_322' title='bbox 2273 1681 2440 1720; x_wconf 88' lang='lat' dir='ltr'><strong>causa</strong></span> <span class='ocrx_word' id='word_1_323' title='bbox 2471 1676 2557 1720; x_wconf 91' lang='lat' dir='ltr'><strong>est</strong></span> <span class='ocrx_word' id='word_1_324' title='bbox 2593 1664 2944 1719; x_wconf 83' lang='lat' dir='ltr'><strong>imbecillitas</strong></span> <span class='ocrx_word' id='word_1_325' title='bbox 2975 1663 3178 1717; x_wconf 89' lang='lat' dir='ltr'><strong>mentis</strong></span> <span class='ocrx_word' id='word_1_326' title='bbox 3247 1663 3477 1718; x_wconf 75' lang='lat' dir='ltr'><strong>audien~</strong></span> 
     </span>
    </p>
   </div>
   <div class='ocr_carea' id='block_1_47' title="bbox 1879 1753 3480 1821">
    <p class='ocr_par' dir='ltr' id='par_1_47' title="bbox 1879 1753 3480 1821">
     <span class='ocr_line' id='line_1_47' title="bbox 1879 1753 3480 1821; baseline -0.002 -10"><span class='ocrx_word' id='word_1_327' title='bbox 1879 1757 2038 1821; x_wconf 87' lang='lat' dir='ltr'><strong>tium,</strong></span> <span class='ocrx_word' id='word_1_328' title='bbox 2081 1766 2234 1811; x_wconf 84' lang='lat' dir='ltr'><strong>etne</strong></span> <span class='ocrx_word' id='word_1_329' title='bbox 2266 1758 2378 1812; x_wconf 76' lang='lat' dir='ltr'><strong>Deo</strong></span> <span class='ocrx_word' id='word_1_330' title='bbox 2402 1757 2716 1812; x_wconf 88' lang='lat' dir='ltr'><strong>contrarius</strong></span> <span class='ocrx_word' id='word_1_331' title='bbox 2770 1757 3087 1821; x_wconf 88' lang='lat' dir='ltr'><strong>‘viderctur,</strong></span> <span class='ocrx_word' id='word_1_332' title='bbox 3138 1755 3283 1809; x_wconf 86' lang='lat' dir='ltr'><strong>sicut</strong></span> <span class='ocrx_word' id='word_1_333' title='bbox 3313 1753 3480 1807; x_wconf 86' lang='lat' dir='ltr'><strong>variis</strong></span> 
     </span>
    </p>
   </div>
   <div class='ocr_carea' id='block_1_48' title="bbox 1878 1848 3404 1904">
    <p class='ocr_par' dir='ltr' id='par_1_48' title="bbox 1878 1848 3404 1904">
     <span class='ocr_line' id='line_1_48' title="bbox 1878 1848 3404 1904; baseline 0.001 -1"><span class='ocrx_word' id='word_1_334' title='bbox 1878 1851 1933 1903; x_wconf 93' lang='lat' dir='ltr'><strong>in</strong></span> <span class='ocrx_word' id='word_1_335' title='bbox 1965 1849 2099 1904; x_wconf 90' lang='lat' dir='ltr'><strong>locis</strong></span> <span class='ocrx_word' id='word_1_336' title='bbox 2116 1848 2374 1904; x_wconf 81' lang='lat' dir='ltr'><strong>diximus.</strong></span> <span class='ocrx_word' id='word_1_337' title='bbox 3396 1849 3404 1858; x_wconf 88' lang='grc'><em>’</em></span> 
     </span>
    </p>
   </div>
   <div class='ocr_carea' id='block_1_49' title="bbox 1949 1939 3470 2008">
    <p class='ocr_par' dir='ltr' id='par_1_49' title="bbox 1949 1939 3470 2008">
     <span class='ocr_line' id='line_1_49' title="bbox 1949 1939 3470 2008; baseline 0.001 -16"><span class='ocrx_word' id='word_1_338' title='bbox 1949 1939 2114 1994; x_wconf 79' lang='lat' dir='ltr'><strong>Vers.</strong></span> <span class='ocrx_word' id='word_1_339' title='bbox 2147 1940 2238 1994; x_wconf 77' lang='lat'><strong>5|.</strong></span> <span class='ocrx_word' id='word_1_340' title='bbox 2281 1939 2339 1993; x_wconf 88' lang='lat' dir='ltr'><strong>Si</strong></span> <span class='ocrx_word' id='word_1_341' title='bbox 2369 1970 2436 1979; x_wconf 90' lang='lat'><strong><em>—</em></strong></span> <span class='ocrx_word' id='word_1_342' title='bbox 2461 1955 2668 1992; x_wconf 75' lang='lat' dir='ltr'><strong>verum.</strong></span> <span class='ocrx_word' id='word_1_343' title='bbox 2714 1939 2944 2008; x_wconf 85' lang='lat' dir='ltr'><strong>Oportet</strong></span> <span class='ocrx_word' id='word_1_344' title='bbox 2975 1954 3068 1994; x_wconf 87' lang='lat' dir='ltr'><strong>eos</strong></span> <span class='ocrx_word' id='word_1_345' title='bbox 3131 1940 3225 2008; x_wconf 86' lang='lat' dir='ltr'><strong>qui</strong></span> <span class='ocrx_word' id='word_1_346' title='bbox 3284 1956 3470 1994; x_wconf 85' lang='lat' dir='ltr'><strong>sacras</strong></span> 
     </span>
    </p>
   </div>
   <div class='ocr_carea' id='block_1_50' title="bbox 1875 2029 3476 2104">
    <p class='ocr_par' dir='ltr' id='par_1_50' title="bbox 1875 2029 3476 2104">
     <span class='ocr_line' id='line_1_50' title="bbox 1875 2029 3476 2104; baseline -0.001 -18"><span class='ocrx_word' id='word_1_347' title='bbox 1875 2033 2064 2104; x_wconf 75' lang='lat' dir='ltr'><strong>legunt</strong></span> <span class='ocrx_word' id='word_1_348' title='bbox 2105 2031 2444 2102; x_wconf 88' lang='lat' dir='ltr'><strong>Scripturas,</strong></span> <span class='ocrx_word' id='word_1_349' title='bbox 2487 2029 2854 2084; x_wconf 82' lang='lat' dir='ltr'><strong>intentionem</strong></span> <span class='ocrx_word' id='word_1_350' title='bbox 2880 2031 3157 2100; x_wconf 78' lang='lat' dir='ltr'><strong>loquentis</strong></span> <span class='ocrx_word' id='word_1_351' title='bbox 3187 2031 3476 2084; x_wconf 87' lang='lat' dir='ltr'><strong>habitum-</strong></span> 
     </span>
    </p>
   </div>
   <div class='ocr_carea' id='block_1_51' title="bbox 1874 2124 3473 2195">
    <p class='ocr_par' dir='ltr' id='par_1_51' title="bbox 1874 2124 3473 2195">
     <span class='ocr_line' id='line_1_51' title="bbox 1874 2124 3473 2195; baseline -0.001 -16"><span class='ocrx_word' id='word_1_352' title='bbox 1874 2141 1982 2195; x_wconf 89' lang='lat' dir='ltr'><strong>que</strong></span> <span class='ocrx_word' id='word_1_353' title='bbox 2017 2125 2299 2178; x_wconf 87' lang='lat' dir='ltr'><strong>audicntis</strong></span> <span class='ocrx_word' id='word_1_354' title='bbox 2327 2124 2646 2192; x_wconf 82' lang='lat' dir='ltr'><strong>exquirere,</strong></span> <span class='ocrx_word' id='word_1_355' title='bbox 2719 2133 2970 2193; x_wconf 86' lang='lat' dir='ltr'><strong>tempora</strong></span> <span class='ocrx_word' id='word_1_356' title='bbox 3007 2138 3227 2193; x_wconf 88' lang='lat' dir='ltr'><strong>quoque</strong></span> <span class='ocrx_word' id='word_1_357' title='bbox 3263 2140 3326 2178; x_wconf 91' lang='lat' dir='ltr'><strong>ac</strong></span> <span class='ocrx_word' id='word_1_358' title='bbox 3355 2124 3473 2178; x_wconf 84' lang='lat' dir='ltr'><strong>loca</strong></span> 
     </span>
    </p>
   </div>
   <div class='ocr_carea' id='block_1_52' title="bbox 1873 2210 3476 2282">
    <p class='ocr_par' dir='ltr' id='par_1_52' title="bbox 1873 2210 3476 2282">
     <span class='ocr_line' id='line_1_52' title="bbox 1873 2210 3476 2282; baseline -0.003 -11"><span class='ocrx_word' id='word_1_359' title='bbox 1873 2210 2185 2279; x_wconf 65' lang='lat' dir='ltr'><strong>advertere,</strong></span> <span class='ocrx_word' id='word_1_360' title='bbox 2221 2213 2453 2282; x_wconf 83' lang='lat' dir='ltr'><strong>insuper</strong></span> <span class='ocrx_word' id='word_1_361' title='bbox 2494 2213 2753 2267; x_wconf 87' lang='lat' dir='ltr'><strong>idiomata</strong></span> <span class='ocrx_word' id='word_1_362' title='bbox 2814 2216 3113 2267; x_wconf 78' lang='lat' dir='ltr'><strong>observare</strong></span> <span class='ocrx_word' id='word_1_363' title='bbox 3148 2228 3160 2264; x_wconf 96' lang='lat'>:</span> <span class='ocrx_word' id='word_1_364' title='bbox 3219 2228 3321 2266; x_wconf 81' lang='lat' dir='ltr'><strong>nec</strong></span> <span class='ocrx_word' id='word_1_365' title='bbox 3343 2213 3476 2266; x_wconf 88' lang='lat' dir='ltr'><strong>sim-</strong></span> 
     </span>
    </p>
   </div>
   <div class='ocr_carea' id='block_1_53' title="bbox 1871 2305 3479 2380">
    <p class='ocr_par' dir='ltr' id='par_1_53' title="bbox 1871 2305 3479 2380">
     <span class='ocr_line' id='line_1_53' title="bbox 1871 2305 3479 2380; baseline -0.002 -17"><span class='ocrx_word' id='word_1_366' title='bbox 1871 2310 2086 2380; x_wconf 88' lang='lat' dir='ltr'><strong>pliciter</strong></span> <span class='ocrx_word' id='word_1_367' title='bbox 2126 2318 2182 2363; x_wconf 94' lang='lat' dir='ltr'><strong>et</strong></span> <span class='ocrx_word' id='word_1_368' title='bbox 2214 2323 2324 2362; x_wconf 92' lang='lat' dir='ltr'><strong>uno</strong></span> <span class='ocrx_word' id='word_1_369' title='bbox 2379 2307 2543 2361; x_wconf 87' lang='lat' dir='ltr'><strong>modo</strong></span> <span class='ocrx_word' id='word_1_370' title='bbox 2566 2317 2769 2361; x_wconf 88' lang='lat' dir='ltr'><strong>cuneta</strong></span> <span class='ocrx_word' id='word_1_371' title='bbox 2830 2305 3072 2376; x_wconf 64' lang='lat' dir='ltr'><strong>aggredi,</strong></span> <span class='ocrx_word' id='word_1_372' title='bbox 3108 2306 3156 2360; x_wconf 91' lang='lat' dir='ltr'><strong>si</strong></span> <span class='ocrx_word' id='word_1_373' title='bbox 3206 2305 3479 2377; x_wconf 79' lang='lat' dir='ltr'><strong>legitimos</strong></span> 
     </span>
    </p>
   </div>
   <div class='ocr_carea' id='block_1_54' title="bbox 1872 2399 3481 2469">
    <p class='ocr_par' dir='ltr' id='par_1_54' title="bbox 1872 2399 3481 2469">
     <span class='ocr_line' id='line_1_54' title="bbox 1872 2399 3481 2469; baseline -0.004 -12"><span class='ocrx_word' id='word_1_374' title='bbox 1872 2417 2070 2457; x_wconf 85' lang='lat' dir='ltr'><strong>sensus</strong></span> <span class='ocrx_word' id='word_1_375' title='bbox 2106 2400 2276 2455; x_wconf 85' lang='lat' dir='ltr'><strong>velint</strong></span> <span class='ocrx_word' id='word_1_376' title='bbox 2302 2400 2748 2469; x_wconf 86' lang='lat' dir='ltr'><strong>deprehendere,</strong></span> <span class='ocrx_word' id='word_1_377' title='bbox 2801 2409 2856 2452; x_wconf 88' lang='lat' dir='ltr'><strong>et</strong></span> <span class='ocrx_word' id='word_1_378' title='bbox 2900 2413 3008 2452; x_wconf 89' lang='lat' dir='ltr'><strong>non</strong></span> <span class='ocrx_word' id='word_1_379' title='bbox 3057 2399 3111 2452; x_wconf 92' lang='lat' dir='ltr'><strong>in</strong></span> <span class='ocrx_word' id='word_1_380' title='bbox 3172 2399 3334 2453; x_wconf 86' lang='lat' dir='ltr'><strong>nudis</strong></span> <span class='ocrx_word' id='word_1_381' title='bbox 3363 2415 3481 2452; x_wconf 75' lang='lat' dir='ltr'><strong>mu-</strong></span> 
     </span>
    </p>
   </div>
   <div class='ocr_carea' id='block_1_55' title="bbox 1871 2486 3479 2560">
    <p class='ocr_par' dir='ltr' id='par_1_55' title="bbox 1871 2486 3479 2560">
     <span class='ocr_line' id='line_1_55' title="bbox 1871 2486 3479 2560; baseline -0.003 -13"><span class='ocrx_word' id='word_1_382' title='bbox 1871 2507 2005 2547; x_wconf 83' lang='lat' dir='ltr'><strong>nere</strong></span> <span class='ocrx_word' id='word_1_383' title='bbox 2028 2491 2215 2546; x_wconf 88' lang='lat' dir='ltr'><strong>verbis</strong></span> <span class='ocrx_word' id='word_1_384' title='bbox 2245 2507 2310 2546; x_wconf 86' lang='lat' dir='ltr'><strong>ac</strong></span> <span class='ocrx_word' id='word_1_385' title='bbox 2347 2490 2491 2555; x_wconf 84' lang='lat' dir='ltr'><strong>falli,</strong></span> <span class='ocrx_word' id='word_1_386' title='bbox 2521 2491 2666 2544; x_wconf 89' lang='lat' dir='ltr'><strong>sicut</strong></span> <span class='ocrx_word' id='word_1_387' title='bbox 2719 2489 2984 2543; x_wconf 64' lang='lat' dir='ltr'><strong>haeretici.</strong></span> <span class='ocrx_word' id='word_1_388' title='bbox 3046 2486 3327 2558; x_wconf 82' lang='lat' dir='ltr'><strong>Siquidem</strong></span> <span class='ocrx_word' id='word_1_389' title='bbox 3348 2507 3479 2560; x_wconf 85' lang='lat' dir='ltr'><strong>pro-</strong></span> 
     </span>
    </p>
   </div>
   <div class='ocr_carea' id='block_1_56' title="bbox 1871 2581 3478 2655">
    <p class='ocr_par' dir='ltr' id='par_1_56' title="bbox 1871 2581 3478 2655">
     <span class='ocr_line' id='line_1_56' title="bbox 1871 2581 3478 2655; baseline -0.004 -14"><span class='ocrx_word' id='word_1_390' title='bbox 1871 2585 2084 2655; x_wconf 88' lang='lat' dir='ltr'><strong>positus</strong></span> <span class='ocrx_word' id='word_1_391' title='bbox 2108 2585 2294 2639; x_wconf 86' lang='lat' dir='ltr'><strong>statim</strong></span> <span class='ocrx_word' id='word_1_392' title='bbox 2331 2598 2565 2653; x_wconf 86' lang='lat' dir='ltr'><strong>campus</strong></span> <span class='ocrx_word' id='word_1_393' title='bbox 2595 2581 2710 2651; x_wconf 76' lang='lat' dir='ltr'><strong>(im)</strong></span> <span class='ocrx_word' id='word_1_394' title='bbox 2741 2581 3059 2636; x_wconf 88' lang='lat' dir='ltr'><strong>thesaurum</strong></span> <span class='ocrx_word' id='word_1_395' title='bbox 3096 2582 3260 2635; x_wconf 86' lang='lat' dir='ltr'><strong>habet</strong></span> <span class='ocrx_word' id='word_1_396' title='bbox 3286 2583 3478 2652; x_wconf 82' lang='lat' dir='ltr'><strong>c0pio-</strong></span> 
     </span>
    </p>
   </div>
   <div class='ocr_carea' id='block_1_57' title="bbox 1869 2673 3474 2732">
    <p class='ocr_par' dir='ltr' id='par_1_57' title="bbox 1869 2673 3474 2732">
     <span class='ocr_line' id='line_1_57' title="bbox 1869 2673 3474 2732; baseline -0.004 0"><span class='ocrx_word' id='word_1_397' title='bbox 1869 2692 1993 2732; x_wconf 88' lang='lat' dir='ltr'><strong>sum</strong></span> <span class='ocrx_word' id='word_1_398' title='bbox 2027 2694 2043 2732; x_wconf 87' lang='lat'><strong>:</strong></span> <span class='ocrx_word' id='word_1_399' title='bbox 2083 2676 2248 2730; x_wconf 88' lang='lat' dir='ltr'><strong>habet</strong></span> <span class='ocrx_word' id='word_1_400' title='bbox 2298 2684 2484 2729; x_wconf 89' lang='lat' dir='ltr'><strong>autem</strong></span> <span class='ocrx_word' id='word_1_401' title='bbox 2518 2674 2667 2728; x_wconf 85' lang='lat' dir='ltr'><strong>hunc</strong></span> <span class='ocrx_word' id='word_1_402' title='bbox 2708 2674 2879 2727; x_wconf 90' lang='lat' dir='ltr'><strong>multa</strong></span> <span class='ocrx_word' id='word_1_403' title='bbox 2932 2673 3188 2728; x_wconf 86' lang='lat' dir='ltr'><strong>obrutum</strong></span> <span class='ocrx_word' id='word_1_404' title='bbox 3217 2675 3474 2727; x_wconf 58' lang='lat' dir='ltr'><strong>obscuri.</strong></span> 
     </span>
    </p>
   </div>
   <div class='ocr_carea' id='block_1_58' title="bbox 1872 2765 3477 2835">
    <p class='ocr_par' dir='ltr' id='par_1_58' title="bbox 1872 2765 3477 2835">
     <span class='ocr_line' id='line_1_58' title="bbox 1872 2765 3477 2835; baseline -0.001 -13"><span class='ocrx_word' id='word_1_405' title='bbox 1872 2777 2008 2822; x_wconf 84' lang='lat' dir='ltr'><strong>tate.</strong></span> <span class='ocrx_word' id='word_1_406' title='bbox 2044 2766 2180 2833; x_wconf 89' lang='lat' dir='ltr'><strong>Quis</strong></span> <span class='ocrx_word' id='word_1_407' title='bbox 2207 2766 2358 2820; x_wconf 88' lang='lat' dir='ltr'><strong>enim</strong></span> <span class='ocrx_word' id='word_1_408' title='bbox 2379 2775 2610 2835; x_wconf 90' lang='lat' dir='ltr'><strong>repente</strong></span> <span class='ocrx_word' id='word_1_409' title='bbox 2642 2765 2854 2820; x_wconf 89' lang='lat' dir='ltr'><strong>turbari</strong></span> <span class='ocrx_word' id='word_1_410' title='bbox 2897 2781 3006 2819; x_wconf 92' lang='lat' dir='ltr'><strong>non</strong></span> <span class='ocrx_word' id='word_1_411' title='bbox 3033 2777 3215 2834; x_wconf 80' lang='lat' dir='ltr'><strong>pOsset</strong></span> <span class='ocrx_word' id='word_1_412' title='bbox 3244 2767 3477 2820; x_wconf 89' lang='lat' dir='ltr'><strong>audiens</strong></span> 
     </span>
    </p>
   </div>
   <div class='ocr_carea' id='block_1_59' title="bbox 1870 2857 3478 2930">
    <p class='ocr_par' dir='ltr' id='par_1_59' title="bbox 1870 2857 3478 2930">
     <span class='ocr_line' id='line_1_59' title="bbox 1870 2857 3478 2930; baseline 0.002 -19"><span class='ocrx_word' id='word_1_413' title='bbox 1870 2860 2151 2913; x_wconf 73' lang='lat' dir='ltr'><strong>Christum</strong></span> <span class='ocrx_word' id='word_1_414' title='bbox 2192 2857 2514 2913; x_wconf 87' lang='lat' dir='ltr'><strong>dicentem:</strong></span> <span class='ocrx_word' id='word_1_415' title='bbox 2550 2857 2610 2913; x_wconf 89' lang='lat' dir='ltr'><strong>Si</strong></span> <span class='ocrx_word' id='word_1_416' title='bbox 2666 2875 2758 2929; x_wconf 83' lang='lat' dir='ltr'><strong>ego</strong></span> <span class='ocrx_word' id='word_1_417' title='bbox 2822 2860 3179 2912; x_wconf 75' lang='lat' dir='ltr'><strong>testimonium</strong></span> <span class='ocrx_word' id='word_1_418' title='bbox 3234 2862 3478 2930; x_wconf 61' lang='lat' dir='ltr'><strong>per/tilica</strong></span> 
     </span>
    </p>
   </div>
   <div class='ocr_carea' id='block_1_60' title="bbox 1869 2953 3477 3018">
    <p class='ocr_par' dir='ltr' id='par_1_60' title="bbox 1869 2953 3477 3018">
     <span class='ocr_line' id='line_1_60' title="bbox 1869 2953 3477 3018; baseline 0 -12"><span class='ocrx_word' id='word_1_419' title='bbox 1869 2953 1930 3006; x_wconf 86' lang='lat' dir='ltr'><strong>de</strong></span> <span class='ocrx_word' id='word_1_420' title='bbox 1965 2971 2044 3006; x_wconf 87' lang='lat' dir='ltr'><strong>me</strong></span> <span class='ocrx_word' id='word_1_421' title='bbox 2070 2954 2200 3018; x_wconf 80' lang='lat' dir='ltr'><strong>ipso,</strong></span> <span class='ocrx_word' id='word_1_422' title='bbox 2235 2953 2590 3005; x_wconf 74' lang='lat' dir='ltr'><strong>testimonium</strong></span> <span class='ocrx_word' id='word_1_423' title='bbox 2643 2969 2820 3005; x_wconf 87' lang='lat' dir='ltr'><strong>meum</strong></span> <span class='ocrx_word' id='word_1_424' title='bbox 2886 2969 2990 3006; x_wconf 81' lang='lat' dir='ltr'><strong>non</strong></span> <span class='ocrx_word' id='word_1_425' title='bbox 3031 2963 3106 3005; x_wconf 84' lang='lat' dir='ltr'><strong>est</strong></span> <span class='ocrx_word' id='word_1_426' title='bbox 3168 2964 3348 3006; x_wconf 74' lang='lat' dir='ltr'><strong>verum</strong></span> <span class='ocrx_word' id='word_1_427' title='bbox 3378 2953 3421 2984; x_wconf 76' lang='lat'>&quot;</span> <span class='ocrx_word' id='word_1_428' title='bbox 3455 2954 3477 3006; x_wconf 88' lang='lat'><strong>?</strong></span> 
     </span>
    </p>
   </div>
   <div class='ocr_carea' id='block_1_61' title="bbox 1872 3043 3473 3115">
    <p class='ocr_par' dir='ltr' id='par_1_61' title="bbox 1872 3043 3473 3115">
     <span class='ocr_line' id='line_1_61' title="bbox 1872 3043 3473 3115; baseline 0 -15"><span class='ocrx_word' id='word_1_429' title='bbox 1872 3047 2156 3115; x_wconf 90' lang='lat' dir='ltr'><strong>Siquidem</strong></span> <span class='ocrx_word' id='word_1_430' title='bbox 2209 3044 2327 3115; x_wconf 90' lang='lat' dir='ltr'><strong>ipse</strong></span> <span class='ocrx_word' id='word_1_431' title='bbox 2376 3045 2514 3099; x_wconf 69' lang='lat' dir='ltr'><strong>dixit</strong></span> <span class='ocrx_word' id='word_1_432' title='bbox 2548 3063 2560 3099; x_wconf 90' lang='lat'><strong>:</strong></span> <span class='ocrx_word' id='word_1_433' title='bbox 2598 3043 2710 3115; x_wconf 77' lang='lat' dir='ltr'><strong>Ego</strong></span> <span class='ocrx_word' id='word_1_434' title='bbox 2756 3062 2878 3098; x_wconf 68' lang='lat' dir='ltr'><strong>sunt</strong></span> <span class='ocrx_word' id='word_1_435' title='bbox 2926 3046 3121 3098; x_wconf 76' lang='lat' dir='ltr'><strong>veritas</strong></span> <span class='ocrx_word' id='word_1_436' title='bbox 3165 3061 3184 3108; x_wconf 86' lang='lat'><strong><em>;</em></strong></span> <span class='ocrx_word' id='word_1_437' title='bbox 3227 3046 3370 3114; x_wconf 82' lang='lat' dir='ltr'><strong>quod</strong></span> <span class='ocrx_word' id='word_1_438' title='bbox 3428 3048 3473 3100; x_wconf 90' lang='lat' dir='ltr'><strong>si</strong></span> 
     </span>
    </p>
   </div>
   <div class='ocr_carea' id='block_1_62' title="bbox 1868 3135 3475 3205">
    <p class='ocr_par' dir='ltr' id='par_1_62' title="bbox 1868 3135 3475 3205">
     <span class='ocr_line' id='line_1_62' title="bbox 1868 3135 3475 3205; baseline 0 -16"><span class='ocrx_word' id='word_1_439' title='bbox 1868 3138 2070 3191; x_wconf 87' lang='lat' dir='ltr'><strong>veritas</strong></span> <span class='ocrx_word' id='word_1_440' title='bbox 2103 3152 2293 3191; x_wconf 88' lang='lat' dir='ltr'><strong>verum</strong></span> <span class='ocrx_word' id='word_1_441' title='bbox 2321 3152 2432 3191; x_wconf 93' lang='lat' dir='ltr'><strong>non</strong></span> <span class='ocrx_word' id='word_1_442' title='bbox 2467 3136 2729 3205; x_wconf 88' lang='lat' dir='ltr'><strong>loquitur,</strong></span> <span class='ocrx_word' id='word_1_443' title='bbox 2791 3135 3045 3205; x_wconf 87' lang='lat' dir='ltr'><strong>quisnam</strong></span> <span class='ocrx_word' id='word_1_444' title='bbox 3085 3136 3191 3189; x_wconf 89' lang='lat' dir='ltr'><strong>erit</strong></span> <span class='ocrx_word' id='word_1_445' title='bbox 3223 3137 3316 3203; x_wconf 91' lang='lat' dir='ltr'><strong>qui</strong></span> <span class='ocrx_word' id='word_1_446' title='bbox 3347 3153 3475 3190; x_wconf 88' lang='lat' dir='ltr'><strong>vera</strong></span> 
     </span>
    </p>
   </div>
   <div class='ocr_carea' id='block_1_63' title="bbox 159 3223 1765 3307">
    <p class='ocr_par' dir='ltr' id='par_1_63' title="bbox 159 3223 1763 3296">
     <span class='ocr_line' id='line_1_63' title="bbox 159 3223 1763 3296; baseline -0.001 -16"><span class='ocrx_word' id='word_1_447' title='bbox 159 3230 251 3290; x_wconf 86' lang='grc' dir='ltr'><strong>τίς</strong></span> <span class='ocrx_word' id='word_1_448' title='bbox 307 3227 629 3296; x_wconf 65' lang='grc' dir='ltr'><strong>ἀληθεύσας</strong></span> <span class='ocrx_word' id='word_1_449' title='bbox 672 3227 798 3279; x_wconf 76' lang='grc' dir='ltr'><strong>Ἐὰν</strong></span> <span class='ocrx_word' id='word_1_450' title='bbox 841 3225 874 3280; x_wconf 79' lang='grc' dir='ltr'>ἃ</span> <span class='ocrx_word' id='word_1_451' title='bbox 909 3225 1039 3295; x_wconf 76' lang='grc' dir='ltr'><strong>περὶ</strong></span> <span class='ocrx_word' id='word_1_452' title='bbox 1092 3223 1288 3279; x_wconf 82' lang='grc' dir='ltr'><strong>ἑαυτοῦ</strong></span> <span class='ocrx_word' id='word_1_453' title='bbox 1331 3227 1763 3296; x_wconf 75' lang='grc' dir='ltr'><strong>μεμαρτύρηκεν</strong></span> 
     </span>
    </p>
   </div>
   <div class='ocr_carea' id='block_1_64' title="bbox 1874 3223 3474 3307">
    <p class='ocr_par' dir='ltr' id='par_1_64' title="bbox 1874 3228 3474 3298">
     <span class='ocr_line' id='line_1_64' title="bbox 1874 3228 3474 3298; baseline 0 -16"><span class='ocrx_word' id='word_1_454' title='bbox 1874 3229 2180 3298; x_wconf 84' lang='lat' dir='ltr'><strong>loquatur?</strong></span> <span class='ocrx_word' id='word_1_455' title='bbox 2240 3228 2295 3282; x_wconf 89' lang='lat' dir='ltr'><strong>Si</strong></span> <span class='ocrx_word' id='word_1_456' title='bbox 2339 3244 2460 3298; x_wconf 74' lang='lat' dir='ltr'><strong>qua:</strong></span> <span class='ocrx_word' id='word_1_457' title='bbox 2507 3229 2574 3282; x_wconf 88' lang='lat' dir='ltr'><strong>de</strong></span> <span class='ocrx_word' id='word_1_458' title='bbox 2623 3229 2808 3297; x_wconf 84' lang='lat' dir='ltr'><strong>seipso</strong></span> <span class='ocrx_word' id='word_1_459' title='bbox 2845 3229 3170 3282; x_wconf 80' lang='lat' dir='ltr'><strong>testiﬁcatus</strong></span> <span class='ocrx_word' id='word_1_460' title='bbox 3201 3238 3310 3292; x_wconf 85' lang='lat' dir='ltr'><strong>est,</strong></span> <span class='ocrx_word' id='word_1_461' title='bbox 3348 3246 3474 3282; x_wconf 88' lang='lat' dir='ltr'><strong>vera</strong></span> 
     </span>
    </p>
   </div>
   <div class='ocr_carea' id='block_1_65' title="bbox 161 3317 1756 3387">
    <p class='ocr_par' dir='ltr' id='par_1_65' title="bbox 161 3317 1756 3387">
     <span class='ocr_line' id='line_1_65' title="bbox 161 3317 1756 3387; baseline -0.001 -16"><span class='ocrx_word' id='word_1_462' title='bbox 161 3317 270 3372; x_wconf 78' lang='grc' dir='ltr'><strong>οΰκ</strong></span> <span class='ocrx_word' id='word_1_463' title='bbox 311 3321 445 3370; x_wconf 82' lang='grc' dir='ltr'><strong>εἰσιν</strong></span> <span class='ocrx_word' id='word_1_464' title='bbox 471 3317 683 3387; x_wconf 79' lang='grc' dir='ltr'><strong>ἀληθῆ,</strong></span> <span class='ocrx_word' id='word_1_465' title='bbox 719 3318 936 3379; x_wconf 81' lang='grc' dir='ltr'><strong>πάντως</strong></span> <span class='ocrx_word' id='word_1_466' title='bbox 963 3318 1171 3387; x_wconf 78' lang='grc' dir='ltr'><strong>οἴχεται</strong></span> <span class='ocrx_word' id='word_1_467' title='bbox 1201 3318 1332 3387; x_wconf 77' lang='grc' dir='ltr'><strong>ἡμῖν</strong></span> <span class='ocrx_word' id='word_1_468' title='bbox 1369 3317 1430 3368; x_wconf 85' lang='grc' dir='ltr'><strong>τὸ</strong></span> <span class='ocrx_word' id='word_1_469' title='bbox 1460 3318 1756 3386; x_wconf 74' lang='grc' dir='ltr'><strong>κεφάλαιον</strong></span> 
     </span>
    </p>
   </div>
   <div class='ocr_carea' id='block_1_66' title="bbox 159 3408 1763 3481">
    <p class='ocr_par' dir='ltr' id='par_1_66' title="bbox 159 3408 1763 3481">
     <span class='ocr_line' id='line_1_66' title="bbox 159 3408 1763 3481; baseline 0.001 -19"><span class='ocrx_word' id='word_1_470' title='bbox 159 3409 265 3462; x_wconf 84' lang='grc' dir='ltr'><strong>τοῦ</strong></span> <span class='ocrx_word' id='word_1_471' title='bbox 323 3409 705 3479; x_wconf 78' lang='grc' dir='ltr'><strong>κηρύγματος.</strong></span> <span class='ocrx_word' id='word_1_472' title='bbox 750 3409 870 3462; x_wconf 82' lang='grc' dir='ltr'><strong>Ἵνα</strong></span> <span class='ocrx_word' id='word_1_473' title='bbox 897 3410 1006 3480; x_wconf 87' lang='grc' dir='ltr'><strong>γὰρ</strong></span> <span class='ocrx_word' id='word_1_474' title='bbox 1065 3410 1319 3479; x_wconf 78' lang='grc' dir='ltr'><strong>ἐάσωμεν</strong></span> <span class='ocrx_word' id='word_1_475' title='bbox 1372 3408 1540 3463; x_wconf 80' lang='grc' dir='ltr'><strong>τᾶλλα</strong></span> <span class='ocrx_word' id='word_1_476' title='bbox 1593 3409 1763 3481; x_wconf 81' lang='grc' dir='ltr'><strong>μυρία</strong></span> 
     </span>
    </p>
   </div>
   <div class='ocr_carea' id='block_1_67' title="bbox 161 3501 1764 3571">
    <p class='ocr_par' dir='ltr' id='par_1_67' title="bbox 161 3501 1764 3571">
     <span class='ocr_line' id='line_1_67' title="bbox 161 3501 1764 3571; baseline 0 -16"><span class='ocrx_word' id='word_1_477' title='bbox 161 3503 300 3556; x_wconf 72' lang='grc' dir='ltr'><strong>ὄντα</strong></span> <span class='ocrx_word' id='word_1_478' title='bbox 340 3504 431 3554; x_wconf 78' lang='grc' dir='ltr'><strong>καὶ</strong></span> <span class='ocrx_word' id='word_1_479' title='bbox 481 3501 778 3555; x_wconf 82' lang='grc' dir='ltr'><strong>συνεκτικὰ</strong></span> <span class='ocrx_word' id='word_1_480' title='bbox 829 3501 929 3570; x_wconf 84' lang='grc' dir='ltr'><strong>τῆς</strong></span> <span class='ocrx_word' id='word_1_481' title='bbox 978 3501 1252 3564; x_wconf 81' lang='grc' dir='ltr'><strong>πίστεως,</strong></span> <span class='ocrx_word' id='word_1_482' title='bbox 1304 3501 1408 3554; x_wconf 78' lang='grc' dir='ltr'><strong>ποῦ</strong></span> <span class='ocrx_word' id='word_1_483' title='bbox 1462 3501 1764 3571; x_wconf 78' lang='grc' dir='ltr'><strong>θήσομενᾶ</strong></span> 
     </span>
    </p>
   </div>
   <div class='ocr_carea' id='block_1_68' title="bbox 161 3592 1764 3664">
    <p class='ocr_par' dir='ltr' id='par_1_68' title="bbox 161 3592 1764 3664">
     <span class='ocr_line' id='line_1_68' title="bbox 161 3592 1764 3664; baseline 0 -18"><span class='ocrx_word' id='word_1_484' title='bbox 161 3594 276 3664; x_wconf 76' lang='grc' dir='ltr'><strong>πρὸ</strong></span> <span class='ocrx_word' id='word_1_485' title='bbox 316 3593 546 3664; x_wconf 82' lang='grc' dir='ltr'><strong>βραχέος</strong></span> <span class='ocrx_word' id='word_1_486' title='bbox 575 3594 926 3664; x_wconf 60' lang='grc' dir='ltr'><strong>ἐμαρτύρησε</strong></span> <span class='ocrx_word' id='word_1_487' title='bbox 969 3596 1099 3664; x_wconf 76' lang='grc' dir='ltr'><strong>περὶ</strong></span> <span class='ocrx_word' id='word_1_488' title='bbox 1133 3592 1352 3658; x_wconf 80' lang='grc' dir='ltr'><strong>ἑαυτοῦ,</strong></span> <span class='ocrx_word' id='word_1_489' title='bbox 1378 3595 1460 3646; x_wconf 83' lang='grc' dir='ltr'><strong>ὅτι</strong></span> <span class='ocrx_word' id='word_1_490' title='bbox 1490 3594 1617 3656; x_wconf 73' lang='grc' dir='ltr'><strong>Υἱός</strong></span> <span class='ocrx_word' id='word_1_491' title='bbox 1647 3595 1764 3646; x_wconf 80' lang='grc' dir='ltr'><strong>ἐστι</strong></span> 
     </span>
    </p>
   </div>
   <div class='ocr_carea' id='block_1_69' title="bbox 158 3685 1764 3754">
    <p class='ocr_par' dir='ltr' id='par_1_69' title="bbox 158 3685 1764 3754">
     <span class='ocr_line' id='line_1_69' title="bbox 158 3685 1764 3754; baseline -0.002 -15"><span class='ocrx_word' id='word_1_492' title='bbox 158 3685 262 3739; x_wconf 79' lang='grc' dir='ltr'><strong>τοῦ</strong></span> <span class='ocrx_word' id='word_1_493' title='bbox 293 3686 449 3750; x_wconf 74' lang='grc' dir='ltr'><strong>Θεοῦ,</strong></span> <span class='ocrx_word' id='word_1_494' title='bbox 485 3686 566 3738; x_wconf 82' lang='grc' dir='ltr'><strong>ὅτι</strong></span> <span class='ocrx_word' id='word_1_495' title='bbox 601 3687 714 3748; x_wconf 71' lang='lat' dir='ltr'><strong>Eoo;</strong></span> <span class='ocrx_word' id='word_1_496' title='bbox 747 3685 897 3753; x_wconf 82' lang='grc' dir='ltr'><strong>αὑτῷ</strong></span> <span class='ocrx_word' id='word_1_497' title='bbox 921 3686 1064 3738; x_wconf 75' lang='grc' dir='ltr'><strong>κατὰ</strong></span> <span class='ocrx_word' id='word_1_498' title='bbox 1092 3685 1256 3753; x_wconf 80' lang='grc' dir='ltr'><strong>φύσιν</strong></span> <span class='ocrx_word' id='word_1_499' title='bbox 1287 3686 1380 3738; x_wconf 79' lang='grc' dir='ltr'><strong>καὶ</strong></span> <span class='ocrx_word' id='word_1_500' title='bbox 1415 3685 1645 3754; x_wconf 72' lang='grc' dir='ltr'><strong>δύναμιν</strong></span> <span class='ocrx_word' id='word_1_501' title='bbox 1669 3686 1764 3738; x_wconf 82' lang='grc' dir='ltr'><strong>καὶ</strong></span> 
     </span>
    </p>
   </div>
   <div class='ocr_carea' id='block_1_70' title="bbox 161 3774 1762 3847">
    <p class='ocr_par' dir='ltr' id='par_1_70' title="bbox 161 3774 1762 3847">
     <span class='ocr_line' id='line_1_70' title="bbox 161 3774 1762 3847; baseline 0 -17"><span class='ocrx_word' id='word_1_502' title='bbox 161 3777 407 3846; x_wconf 76' lang='grc' dir='ltr'><strong>θέλησιν,</strong></span> <span class='ocrx_word' id='word_1_503' title='bbox 426 3777 507 3830; x_wconf 84' lang='grc' dir='ltr'><strong>ὅτι</strong></span> <span class='ocrx_word' id='word_1_504' title='bbox 531 3777 885 3847; x_wconf 79' lang='grc' dir='ltr'><strong>δημιουργὸς,</strong></span> <span class='ocrx_word' id='word_1_505' title='bbox 918 3777 1001 3830; x_wconf 79' lang='grc' dir='ltr'><strong>ὃτι</strong></span> <span class='ocrx_word' id='word_1_506' title='bbox 1035 3775 1319 3843; x_wconf 74' lang='grc' dir='ltr'><strong>ζωοποιδς,</strong></span> <span class='ocrx_word' id='word_1_507' title='bbox 1340 3778 1420 3829; x_wconf 78' lang='grc' dir='ltr'><strong>ὅτι</strong></span> <span class='ocrx_word' id='word_1_508' title='bbox 1449 3774 1642 3846; x_wconf 77' lang='grc' dir='ltr'><strong>κριτὴς</strong></span> <span class='ocrx_word' id='word_1_509' title='bbox 1666 3777 1762 3830; x_wconf 73' lang='grc' dir='ltr'><strong>καὶ</strong></span> 
     </span>
    </p>
   </div>
   <div class='ocr_carea' id='block_1_71' title="bbox 158 3869 554 3931">
    <p class='ocr_par' dir='ltr' id='par_1_71' title="bbox 158 3869 554 3931">
     <span class='ocr_line' id='line_1_71' title="bbox 158 3869 554 3931; baseline 0 -9"><span class='ocrx_word' id='word_1_510' title='bbox 158 3872 268 3922; x_wconf 78' lang='grc' dir='ltr'><strong>ὅσα</strong></span> <span class='ocrx_word' id='word_1_511' title='bbox 299 3869 554 3931; x_wconf 61' lang='lat' dir='ltr'><strong>retain;</strong></span> 
     </span>
    </p>
   </div>
   <div class='ocr_carea' id='block_1_72' title="bbox 237 3961 1762 4037">
    <p class='ocr_par' dir='ltr' id='par_1_72' title="bbox 237 3961 1762 4037">
     <span class='ocr_line' id='line_1_72' title="bbox 237 3961 1762 4037; baseline 0.001 -21"><span class='ocrx_word' id='word_1_512' title='bbox 237 3965 305 4017; x_wconf 90' lang='grc' dir='ltr'><strong>Τί</strong></span> <span class='ocrx_word' id='word_1_513' title='bbox 354 3961 446 4019; x_wconf 74' lang='grc' dir='ltr'><strong>οὖν</strong></span> <span class='ocrx_word' id='word_1_514' title='bbox 501 3967 649 4018; x_wconf 66' lang='grc' dir='ltr'><strong>ἐστὶν</strong></span> <span class='ocrx_word' id='word_1_515' title='bbox 701 3967 908 4032; x_wconf 74' lang='grc' dir='ltr'><strong>εἰπεῖν;</strong></span> <span class='ocrx_word' id='word_1_516' title='bbox 946 3966 1107 4030; x_wconf 86' lang='grc' dir='ltr'><strong>Ὅτι,</strong></span> <span class='ocrx_word' id='word_1_517' title='bbox 1151 3965 1339 4037; x_wconf 82' lang='grc' dir='ltr'><strong>ἐπειδὴ</strong></span> <span class='ocrx_word' id='word_1_518' title='bbox 1372 3965 1598 4019; x_wconf 80' lang='grc' dir='ltr'><strong>τοιαῦτα</strong></span> <span class='ocrx_word' id='word_1_519' title='bbox 1634 3969 1762 4036; x_wconf 77' lang='grc' dir='ltr'><strong>περὶ</strong></span> 
     </span>
    </p>
   </div>
   <div class='ocr_carea' id='block_1_73' title="bbox 161 4058 1760 4129">
    <p class='ocr_par' dir='ltr' id='par_1_73' title="bbox 161 4058 1760 4129">
     <span class='ocr_line' id='line_1_73' title="bbox 161 4058 1760 4129; baseline -0.001 -17"><span class='ocrx_word' id='word_1_520' title='bbox 161 4058 363 4112; x_wconf 75' lang='grc' dir='ltr'><strong>ἑαυτοῦ</strong></span> <span class='ocrx_word' id='word_1_521' title='bbox 402 4058 761 4129; x_wconf 80' lang='grc' dir='ltr'><strong>μαρτυρήσας</strong></span> <span class='ocrx_word' id='word_1_522' title='bbox 808 4059 949 4127; x_wconf 79' lang='grc' dir='ltr'><strong>ἔγνω</strong></span> <span class='ocrx_word' id='word_1_523' title='bbox 983 4061 1108 4121; x_wconf 74' lang='grc' dir='ltr'><strong>τοὺς</strong></span> <span class='ocrx_word' id='word_1_524' title='bbox 1160 4058 1448 4121; x_wconf 78' lang='grc' dir='ltr'><strong>Ἰουδαίους</strong></span> <span class='ocrx_word' id='word_1_525' title='bbox 1497 4059 1760 4129; x_wconf 80' lang='grc' dir='ltr'><strong>ἐνθυμου-</strong></span> 
     </span>
    </p>
   </div>
   <div class='ocr_carea' id='block_1_74' title="bbox 161 4151 1764 4222">
    <p class='ocr_par' dir='ltr' id='par_1_74' title="bbox 161 4151 1764 4222">
     <span class='ocr_line' id='line_1_74' title="bbox 161 4151 1764 4222; baseline -0.002 -18"><span class='ocrx_word' id='word_1_526' title='bbox 161 4153 366 4222; x_wconf 85' lang='grc' dir='ltr'><strong>μένους</strong></span> <span class='ocrx_word' id='word_1_527' title='bbox 395 4152 690 4204; x_wconf 69' lang='grc' dir='ltr'><strong>ἀντιθεῖναι.</strong></span> <span class='ocrx_word' id='word_1_528' title='bbox 723 4151 818 4205; x_wconf 65' lang='lat' dir='ltr'><strong>xui.</strong></span> <span class='ocrx_word' id='word_1_529' title='bbox 857 4155 1033 4204; x_wconf 78' lang='grc' dir='ltr'><strong>εἰπεῖν</strong></span> <span class='ocrx_word' id='word_1_530' title='bbox 1054 4191 1069 4216; x_wconf 90' lang='grc'><strong>,</strong></span> <span class='ocrx_word' id='word_1_531' title='bbox 1099 4153 1178 4204; x_wconf 77' lang='grc' dir='ltr'><strong>ὃτι</strong></span> <span class='ocrx_word' id='word_1_532' title='bbox 1215 4151 1328 4220; x_wconf 78' lang='lat'><strong>(19)</strong></span> <span class='ocrx_word' id='word_1_533' title='bbox 1367 4151 1494 4204; x_wconf 71' lang='grc' dir='ltr'><strong>Ἐὰν</strong></span> <span class='ocrx_word' id='word_1_534' title='bbox 1523 4152 1585 4202; x_wconf 74' lang='grc' dir='ltr'><strong>σὺ</strong></span> <span class='ocrx_word' id='word_1_535' title='bbox 1622 4169 1764 4222; x_wconf 77' lang='grc' dir='ltr'><strong>μαρ-</strong></span> 
     </span>
    </p>
   </div>
   <div class='ocr_carea' id='block_1_75' title="bbox 158 4241 1760 4314">
    <p class='ocr_par' dir='ltr' id='par_1_75' title="bbox 158 4241 1760 4314">
     <span class='ocr_line' id='line_1_75' title="bbox 158 4241 1760 4314; baseline -0.002 -18"><span class='ocrx_word' id='word_1_536' title='bbox 158 4247 338 4312; x_wconf 73' lang='grc' dir='ltr'><strong>τυρῇς</strong></span> <span class='ocrx_word' id='word_1_537' title='bbox 371 4242 497 4310; x_wconf 76' lang='grc' dir='ltr'><strong>περὶ</strong></span> <span class='ocrx_word' id='word_1_538' title='bbox 530 4243 759 4296; x_wconf 83' lang='grc' dir='ltr'><strong>σεαυτοῦ</strong></span> <span class='ocrx_word' id='word_1_539' title='bbox 814 4241 954 4314; x_wconf 72' lang='grc'><strong>(20),</strong></span> <span class='ocrx_word' id='word_1_540' title='bbox 980 4245 1013 4310; x_wconf 79' lang='grc' dir='ltr'>ἡ</span> <span class='ocrx_word' id='word_1_541' title='bbox 1040 4243 1316 4313; x_wconf 83' lang='grc' dir='ltr'><strong>μαρτυρία</strong></span> <span class='ocrx_word' id='word_1_542' title='bbox 1349 4259 1442 4294; x_wconf 86' lang='grc' dir='ltr'><strong>σου</strong></span> <span class='ocrx_word' id='word_1_543' title='bbox 1477 4242 1577 4293; x_wconf 82' lang='grc' dir='ltr'><strong>οὐκ</strong></span> <span class='ocrx_word' id='word_1_544' title='bbox 1611 4243 1760 4293; x_wconf 76' lang='grc' dir='ltr'><strong>ἔστιν</strong></span> 
     </span>
    </p>
   </div>
   <div class='ocr_carea' id='block_1_76' title="bbox 159 4333 1762 4405">
    <p class='ocr_par' dir='ltr' id='par_1_76' title="bbox 159 4333 1762 4405">
     <span class='ocr_line' id='line_1_76' title="bbox 159 4333 1762 4405; baseline -0.004 -17"><span class='ocrx_word' id='word_1_545' title='bbox 159 4334 396 4403; x_wconf 70' lang='grc' dir='ltr'><strong>ἀληθής.</strong></span> <span class='ocrx_word' id='word_1_546' title='bbox 434 4333 622 4397; x_wconf 72' lang='grc' dir='ltr'><strong>Οὐδεὶς</strong></span> <span class='ocrx_word' id='word_1_547' title='bbox 657 4336 765 4404; x_wconf 78' lang='grc' dir='ltr'><strong>γὰρ</strong></span> <span class='ocrx_word' id='word_1_548' title='bbox 809 4334 988 4405; x_wconf 83' lang='grc' dir='ltr'><strong>ἑαυτῷ</strong></span> <span class='ocrx_word' id='word_1_549' title='bbox 1023 4334 1318 4405; x_wconf 84' lang='grc' dir='ltr'><strong>μαρτυρῶν</strong></span> <span class='ocrx_word' id='word_1_550' title='bbox 1358 4334 1672 4396; x_wconf 73' lang='grc' dir='ltr'><strong>ἀξιόπιστος</strong></span> <span class='ocrx_word' id='word_1_551' title='bbox 1703 4335 1762 4385; x_wconf 86' lang='grc' dir='ltr'><strong>ὲν</strong></span> 
     </span>
    </p>
   </div>
   <div class='ocr_carea' id='block_1_77' title="bbox 159 4419 1762 4496">
    <p class='ocr_par' dir='ltr' id='par_1_77' title="bbox 159 4419 1762 4496">
     <span class='ocr_line' id='line_1_77' title="bbox 159 4419 1762 4496; baseline -0.004 -16"><span class='ocrx_word' id='word_1_552' title='bbox 159 4425 478 4496; x_wconf 83' lang='grc' dir='ltr'><strong>ἀνθρώποις</strong></span> <span class='ocrx_word' id='word_1_553' title='bbox 513 4425 581 4478; x_wconf 81' lang='grc' dir='ltr'><strong>δι’</strong></span> <span class='ocrx_word' id='word_1_554' title='bbox 611 4427 846 4496; x_wconf 77' lang='grc' dir='ltr'><strong>ὑποψίαν</strong></span> <span class='ocrx_word' id='word_1_555' title='bbox 886 4427 1204 4496; x_wconf 82' lang='grc' dir='ltr'><strong>φιλαυτίας·</strong></span> <span class='ocrx_word' id='word_1_556' title='bbox 1231 4425 1500 4496; x_wconf 76' lang='grc' dir='ltr'><strong>προέλαϐε</strong></span> <span class='ocrx_word' id='word_1_557' title='bbox 1544 4427 1638 4477; x_wconf 71' lang='grc' dir='ltr'><strong>καὶ</strong></span> <span class='ocrx_word' id='word_1_558' title='bbox 1685 4419 1762 4475; x_wconf 82' lang='grc' dir='ltr'><strong>εἷ-</strong></span> 
     </span>
    </p>
   </div>
   <div class='ocr_carea' id='block_1_78' title="bbox 159 4516 1762 4589">
    <p class='ocr_par' dir='ltr' id='par_1_78' title="bbox 159 4516 1762 4589">
     <span class='ocr_line' id='line_1_78' title="bbox 159 4516 1762 4589; baseline -0.002 -18"><span class='ocrx_word' id='word_1_559' title='bbox 159 4536 270 4571; x_wconf 88' lang='grc' dir='ltr'><strong>πεν</strong></span> <span class='ocrx_word' id='word_1_560' title='bbox 325 4519 353 4570; x_wconf 86' lang='grc' dir='ltr'><strong>ὂ</strong></span> <span class='ocrx_word' id='word_1_561' title='bbox 382 4518 605 4589; x_wconf 72' lang='grc' dir='ltr'><strong>ἔμελλον</strong></span> <span class='ocrx_word' id='word_1_562' title='bbox 657 4521 834 4572; x_wconf 83' lang='grc' dir='ltr'><strong>εἰπεῖν</strong></span> <span class='ocrx_word' id='word_1_563' title='bbox 889 4520 1118 4584; x_wconf 78' lang='grc' dir='ltr'><strong>ἐκεῖνοι,</strong></span> <span class='ocrx_word' id='word_1_564' title='bbox 1170 4518 1373 4586; x_wconf 82' lang='grc' dir='ltr'><strong>λέγων’</strong></span> <span class='ocrx_word' id='word_1_565' title='bbox 1443 4517 1585 4570; x_wconf 77' lang='grc' dir='ltr'><em>Ἐὰν</em></span> <span class='ocrx_word' id='word_1_566' title='bbox 1647 4516 1762 4584; x_wconf 75' lang='grc' dir='ltr'><strong>ἐγὼ</strong></span> 
     </span>
    </p>
   </div>
   <div class='ocr_carea' id='block_1_79' title="bbox 1874 3320 3472 3389">
    <p class='ocr_par' dir='ltr' id='par_1_79' title="bbox 1874 3320 3472 3389">
     <span class='ocr_line' id='line_1_79' title="bbox 1874 3320 3472 3389; baseline 0 -13"><span class='ocrx_word' id='word_1_567' title='bbox 1874 3337 1985 3377; x_wconf 89' lang='lat' dir='ltr'><strong>non</strong></span> <span class='ocrx_word' id='word_1_568' title='bbox 2028 3331 2177 3384; x_wconf 88' lang='lat' dir='ltr'><strong>sunt,</strong></span> <span class='ocrx_word' id='word_1_569' title='bbox 2203 3321 2363 3374; x_wconf 87' lang='lat' dir='ltr'><strong>nobis</strong></span> <span class='ocrx_word' id='word_1_570' title='bbox 2380 3320 2608 3374; x_wconf 90' lang='lat' dir='ltr'><strong>omnino</strong></span> <span class='ocrx_word' id='word_1_571' title='bbox 2628 3321 2770 3389; x_wconf 83' lang='lat' dir='ltr'><strong>perit</strong></span> <span class='ocrx_word' id='word_1_572' title='bbox 2795 3320 3206 3388; x_wconf 67' lang='lat' dir='ltr'><strong>praedicationis</strong></span> <span class='ocrx_word' id='word_1_573' title='bbox 3233 3335 3472 3376; x_wconf 83' lang='lat' dir='ltr'><strong>summa.</strong></span> 
     </span>
    </p>
   </div>
   <div class='ocr_carea' id='block_1_80' title="bbox 1873 3413 3473 3481">
    <p class='ocr_par' dir='ltr' id='par_1_80' title="bbox 1873 3413 3473 3481">
     <span class='ocr_line' id='line_1_80' title="bbox 1873 3413 3473 3481; baseline 0.002 -14"><span class='ocrx_word' id='word_1_574' title='bbox 1873 3415 2036 3479; x_wconf 87' lang='lat' dir='ltr'><strong>Nam,</strong></span> <span class='ocrx_word' id='word_1_575' title='bbox 2065 3422 2340 3467; x_wconf 56' lang='lat' dir='ltr'><strong>utea-tera</strong></span> <span class='ocrx_word' id='word_1_576' title='bbox 2372 3413 3219 3481; x_wconf 70' lang='lat' dir='ltr'><strong>sinamus,qu:esuntinnumera</strong></span> <span class='ocrx_word' id='word_1_577' title='bbox 3239 3414 3473 3471; x_wconf 77' lang='lat' dir='ltr'><strong>etﬁdem</strong></span> 
     </span>
    </p>
   </div>
   <div class='ocr_carea' id='block_1_81' title="bbox 1873 3503 3472 3574">
    <p class='ocr_par' dir='ltr' id='par_1_81' title="bbox 1873 3503 3472 3574">
     <span class='ocr_line' id='line_1_81' title="bbox 1873 3503 3472 3574; baseline 0.001 -15"><span class='ocrx_word' id='word_1_578' title='bbox 1873 3504 2256 3574; x_wconf 76' lang='lat' dir='ltr'><strong>contingentia</strong></span> <span class='ocrx_word' id='word_1_579' title='bbox 2292 3520 2306 3557; x_wconf 91' lang='lat'><strong>:</strong></span> <span class='ocrx_word' id='word_1_580' title='bbox 2345 3503 2570 3556; x_wconf 85' lang='lat' dir='ltr'><strong>ubinam</strong></span> <span class='ocrx_word' id='word_1_581' title='bbox 2607 3517 2878 3572; x_wconf 84' lang='lat' dir='ltr'><strong>ponemus</strong></span> <span class='ocrx_word' id='word_1_582' title='bbox 2902 3519 2966 3557; x_wconf 86' lang='lat' dir='ltr'><strong>ea</strong></span> <span class='ocrx_word' id='word_1_583' title='bbox 2999 3520 3117 3572; x_wconf 65' lang='lat' dir='ltr'><strong>quae</strong></span> <span class='ocrx_word' id='word_1_584' title='bbox 3148 3505 3312 3573; x_wconf 89' lang='lat' dir='ltr'><strong>paulo</strong></span> <span class='ocrx_word' id='word_1_585' title='bbox 3343 3517 3472 3561; x_wconf 90' lang='lat' dir='ltr'><strong>ante</strong></span> 
     </span>
    </p>
   </div>
   <div class='ocr_carea' id='block_1_82' title="bbox 1874 3596 3471 3670">
    <p class='ocr_par' dir='ltr' id='par_1_82' title="bbox 1874 3596 3471 3670">
     <span class='ocr_line' id='line_1_82' title="bbox 1874 3596 3471 3670; baseline 0.003 -19"><span class='ocrx_word' id='word_1_586' title='bbox 1874 3598 1940 3651; x_wconf 83' lang='lat' dir='ltr'><strong>de</strong></span> <span class='ocrx_word' id='word_1_587' title='bbox 1981 3598 2166 3666; x_wconf 90' lang='lat' dir='ltr'><strong>seipso</strong></span> <span class='ocrx_word' id='word_1_588' title='bbox 2191 3596 2518 3650; x_wconf 83' lang='lat' dir='ltr'><strong>testiﬁcatus</strong></span> <span class='ocrx_word' id='word_1_589' title='bbox 2540 3607 2646 3657; x_wconf 88' lang='lat' dir='ltr'><strong>est,</strong></span> <span class='ocrx_word' id='word_1_590' title='bbox 2685 3597 2828 3665; x_wconf 91' lang='lat' dir='ltr'><strong>quod</strong></span> <span class='ocrx_word' id='word_1_591' title='bbox 2862 3597 3033 3650; x_wconf 81' lang='lat' dir='ltr'><strong>Filius</strong></span> <span class='ocrx_word' id='word_1_592' title='bbox 3065 3599 3137 3651; x_wconf 88' lang='lat' dir='ltr'><strong>sit</strong></span> <span class='ocrx_word' id='word_1_593' title='bbox 3168 3599 3290 3664; x_wconf 84' lang='lat' dir='ltr'><strong>Dei,</strong></span> <span class='ocrx_word' id='word_1_594' title='bbox 3325 3601 3471 3670; x_wconf 90' lang='lat' dir='ltr'><strong>quod</strong></span> 
     </span>
    </p>
   </div>
   <div class='ocr_carea' id='block_1_83' title="bbox 1871 3683 3473 3760">
    <p class='ocr_par' dir='ltr' id='par_1_83' title="bbox 1871 3683 3473 3760">
     <span class='ocr_line' id='line_1_83' title="bbox 1871 3683 3473 3760; baseline 0.006 -23"><span class='ocrx_word' id='word_1_595' title='bbox 1871 3683 2103 3752; x_wconf 74' lang='lat' dir='ltr'><strong>aequalis</strong></span> <span class='ocrx_word' id='word_1_596' title='bbox 2134 3683 2210 3736; x_wconf 91' lang='lat' dir='ltr'><strong>illi</strong></span> <span class='ocrx_word' id='word_1_597' title='bbox 2243 3693 2462 3746; x_wconf 89' lang='lat' dir='ltr'><strong>natura,</strong></span> <span class='ocrx_word' id='word_1_598' title='bbox 2516 3685 2766 3752; x_wconf 89' lang='lat' dir='ltr'><strong>potentia</strong></span> <span class='ocrx_word' id='word_1_599' title='bbox 2818 3695 2874 3738; x_wconf 91' lang='lat' dir='ltr'><strong>et</strong></span> <span class='ocrx_word' id='word_1_600' title='bbox 2941 3688 3270 3756; x_wconf 78' lang='lat' dir='ltr'><strong>voluntate;</strong></span> <span class='ocrx_word' id='word_1_601' title='bbox 3324 3691 3473 3760; x_wconf 87' lang='lat' dir='ltr'><strong>quod</strong></span> 
     </span>
    </p>
   </div>
   <div class='ocr_carea' id='block_1_84' title="bbox 1872 3774 3473 3850">
    <p class='ocr_par' dir='ltr' id='par_1_84' title="bbox 1872 3774 3473 3850">
     <span class='ocr_line' id='line_1_84' title="bbox 1872 3774 3473 3850; baseline 0.003 -21"><span class='ocrx_word' id='word_1_602' title='bbox 1872 3785 2114 3840; x_wconf 87' lang='lat' dir='ltr'><strong>creator,</strong></span> <span class='ocrx_word' id='word_1_603' title='bbox 2138 3774 2284 3843; x_wconf 87' lang='lat' dir='ltr'><strong>quod</strong></span> <span class='ocrx_word' id='word_1_604' title='bbox 2313 3775 2644 3840; x_wconf 82' lang='lat' dir='ltr'><strong>viviﬁcator,</strong></span> <span class='ocrx_word' id='word_1_605' title='bbox 2683 3777 2827 3845; x_wconf 85' lang='lat' dir='ltr'><strong>quod</strong></span> <span class='ocrx_word' id='word_1_606' title='bbox 2865 3778 3032 3846; x_wconf 84' lang='lat' dir='ltr'><strong>judcx</strong></span> <span class='ocrx_word' id='word_1_607' title='bbox 3069 3779 3284 3850; x_wconf 79' lang='lat' dir='ltr'><strong>aliaque</strong></span> <span class='ocrx_word' id='word_1_608' title='bbox 3317 3782 3473 3837; x_wconf 86' lang='lat' dir='ltr'><strong>simi-</strong></span> 
     </span>
    </p>
   </div>
   <div class='ocr_carea' id='block_1_85' title="bbox 1874 3868 1987 3921">
    <p class='ocr_par' dir='ltr' id='par_1_85' title="bbox 1874 3868 1987 3921">
     <span class='ocr_line' id='line_1_85' title="bbox 1874 3868 1987 3921; baseline 0 -1"><span class='ocrx_word' id='word_1_609' title='bbox 1874 3868 1987 3921; x_wconf 85' lang='lat' dir='ltr'><strong>lia?</strong></span> 
     </span>
    </p>
   </div>
   <div class='ocr_carea' id='block_1_86' title="bbox 1945 3958 3474 4035">
    <p class='ocr_par' dir='ltr' id='par_1_86' title="bbox 1945 3958 3474 4035">
     <span class='ocr_line' id='line_1_86' title="bbox 1945 3958 3474 4035; baseline 0.008 -26"><span class='ocrx_word' id='word_1_610' title='bbox 1945 3958 2087 4025; x_wconf 85' lang='lat' dir='ltr'><strong>Quid</strong></span> <span class='ocrx_word' id='word_1_611' title='bbox 2144 3975 2275 4030; x_wconf 80' lang='lat' dir='ltr'><strong>ergo</strong></span> <span class='ocrx_word' id='word_1_612' title='bbox 2325 3959 2621 4014; x_wconf 90' lang='lat' dir='ltr'><strong>dicendum</strong></span> <span class='ocrx_word' id='word_1_613' title='bbox 2672 3971 2755 4015; x_wconf 91' lang='lat' dir='ltr'><strong>cst</strong></span> <span class='ocrx_word' id='word_1_614' title='bbox 2791 3962 2812 4013; x_wconf 92' lang='lat'><strong>?</strong></span> <span class='ocrx_word' id='word_1_615' title='bbox 2849 3961 3003 4027; x_wconf 88' lang='lat' dir='ltr'><strong>Quod</strong></span> <span class='ocrx_word' id='word_1_616' title='bbox 3054 3966 3182 4035; x_wconf 89' lang='lat' dir='ltr'><strong>quia</strong></span> <span class='ocrx_word' id='word_1_617' title='bbox 3238 3967 3358 4020; x_wconf 87' lang='lat' dir='ltr'><strong>talia</strong></span> <span class='ocrx_word' id='word_1_618' title='bbox 3403 3968 3474 4021; x_wconf 77' lang='lat' dir='ltr'><strong>de</strong></span> 
     </span>
    </p>
   </div>
   <div class='ocr_carea' id='block_1_87' title="bbox 1872 4050 3473 4124">
    <p class='ocr_par' dir='ltr' id='par_1_87' title="bbox 1872 4050 3473 4124">
     <span class='ocr_line' id='line_1_87' title="bbox 1872 4050 3473 4124; baseline 0.005 -19"><span class='ocrx_word' id='word_1_619' title='bbox 1872 4054 2054 4119; x_wconf 63' lang='lat' dir='ltr'><strong>svipso</strong></span> <span class='ocrx_word' id='word_1_620' title='bbox 2135 4050 2461 4105; x_wconf 77' lang='lat' dir='ltr'><strong>testiﬁcatus</strong></span> <span class='ocrx_word' id='word_1_621' title='bbox 2543 4050 2743 4115; x_wconf 79' lang='lat' dir='ltr'><strong>fuerat,</strong></span> <span class='ocrx_word' id='word_1_622' title='bbox 2786 4057 3049 4124; x_wconf 80' lang='lat' dir='ltr'><strong>cognovit</strong></span> <span class='ocrx_word' id='word_1_623' title='bbox 3098 4056 3314 4112; x_wconf 68' lang='lat' dir='ltr'><strong>Judacos</strong></span> <span class='ocrx_word' id='word_1_624' title='bbox 3377 4060 3473 4113; x_wconf 82' lang='lat' dir='ltr'><strong>ha-</strong></span> 
     </span>
    </p>
   </div>
   <div class='ocr_carea' id='block_1_88' title="bbox 1874 4145 3473 4212">
    <p class='ocr_par' dir='ltr' id='par_1_88' title="bbox 1874 4145 3473 4212">
     <span class='ocr_line' id='line_1_88' title="bbox 1874 4145 3473 4212; baseline 0.003 -12"><span class='ocrx_word' id='word_1_625' title='bbox 1874 4146 2004 4200; x_wconf 88' lang='lat' dir='ltr'><strong>bere</strong></span> <span class='ocrx_word' id='word_1_626' title='bbox 2046 4145 2098 4197; x_wconf 91' lang='lat' dir='ltr'><strong>in</strong></span> <span class='ocrx_word' id='word_1_627' title='bbox 2136 4145 2322 4197; x_wconf 68' lang='lat' dir='ltr'><strong>animo</strong></span> <span class='ocrx_word' id='word_1_628' title='bbox 2349 4159 2628 4212; x_wconf 85' lang='lat' dir='ltr'><strong>opponere</strong></span> <span class='ocrx_word' id='word_1_629' title='bbox 2657 4161 2716 4198; x_wconf 87' lang='lat' dir='ltr'><strong>se</strong></span> <span class='ocrx_word' id='word_1_630' title='bbox 2745 4147 2792 4200; x_wconf 88' lang='lat' dir='ltr'><strong>ei</strong></span> <span class='ocrx_word' id='word_1_631' title='bbox 2825 4162 2887 4200; x_wconf 86' lang='lat' dir='ltr'><strong>ac</strong></span> <span class='ocrx_word' id='word_1_632' title='bbox 2912 4149 3095 4202; x_wconf 91' lang='lat' dir='ltr'><strong>dicere</strong></span> <span class='ocrx_word' id='word_1_633' title='bbox 3123 4165 3136 4201; x_wconf 91' lang='lat'>:</span> <span class='ocrx_word' id='word_1_634' title='bbox 3194 4151 3250 4202; x_wconf 90' lang='lat' dir='ltr'><strong>Si</strong></span> <span class='ocrx_word' id='word_1_635' title='bbox 3284 4160 3340 4203; x_wconf 90' lang='lat' dir='ltr'><strong>tu</strong></span> <span class='ocrx_word' id='word_1_636' title='bbox 3399 4163 3473 4204; x_wconf 86' lang='lat' dir='ltr'><strong>te-</strong></span> 
     </span>
    </p>
   </div>
   <div class='ocr_carea' id='block_1_89' title="bbox 1880 4235 3470 4304">
    <p class='ocr_par' dir='ltr' id='par_1_89' title="bbox 1880 4235 3470 4304">
     <span class='ocr_line' id='line_1_89' title="bbox 1880 4235 3470 4304; baseline 0.003 -12"><span class='ocrx_word' id='word_1_637' title='bbox 1880 4237 2202 4292; x_wconf 87' lang='lat' dir='ltr'><strong>stimonium</strong></span> <span class='ocrx_word' id='word_1_638' title='bbox 2249 4235 2506 4304; x_wconf 75' lang='lat' dir='ltr'><strong>perhibes</strong></span> <span class='ocrx_word' id='word_1_639' title='bbox 2565 4236 2630 4288; x_wconf 86' lang='lat' dir='ltr'><strong>de</strong></span> <span class='ocrx_word' id='word_1_640' title='bbox 2657 4238 2858 4304; x_wconf 81' lang='lat' dir='ltr'><strong>teipsu,</strong></span> <span class='ocrx_word' id='word_1_641' title='bbox 2899 4237 3274 4293; x_wconf 84' lang='lat' dir='ltr'><strong>testimonium</strong></span> <span class='ocrx_word' id='word_1_642' title='bbox 3318 4252 3470 4298; x_wconf 88' lang='lat' dir='ltr'><strong>tuum</strong></span> 
     </span>
    </p>
   </div>
   <div class='ocr_carea' id='block_1_90' title="bbox 1872 4325 3473 4401">
    <p class='ocr_par' dir='ltr' id='par_1_90' title="bbox 1872 4325 3473 4401">
     <span class='ocr_line' id='line_1_90' title="bbox 1872 4325 3473 4401; baseline 0.005 -21"><span class='ocrx_word' id='word_1_643' title='bbox 1872 4343 1982 4380; x_wconf 90' lang='lat' dir='ltr'><strong>non</strong></span> <span class='ocrx_word' id='word_1_644' title='bbox 2009 4337 2096 4381; x_wconf 88' lang='lat' dir='ltr'><strong>est</strong></span> <span class='ocrx_word' id='word_1_645' title='bbox 2135 4343 2350 4381; x_wconf 89' lang='lat' dir='ltr'><strong>verum.</strong></span> <span class='ocrx_word' id='word_1_646' title='bbox 2379 4325 2552 4379; x_wconf 87' lang='lat' dir='ltr'><strong>Nemo</strong></span> <span class='ocrx_word' id='word_1_647' title='bbox 2588 4327 2884 4396; x_wconf 86' lang='lat' dir='ltr'><strong>siquidem,</strong></span> <span class='ocrx_word' id='word_1_648' title='bbox 2909 4329 3002 4397; x_wconf 90' lang='lat' dir='ltr'><strong>qui</strong></span> <span class='ocrx_word' id='word_1_649' title='bbox 3034 4329 3101 4383; x_wconf 91' lang='lat' dir='ltr'><strong>de</strong></span> <span class='ocrx_word' id='word_1_650' title='bbox 3149 4331 3332 4401; x_wconf 88' lang='lat' dir='ltr'><strong>seipso</strong></span> <span class='ocrx_word' id='word_1_651' title='bbox 3366 4333 3473 4388; x_wconf 80' lang='lat' dir='ltr'><strong>fert</strong></span> 
     </span>
    </p>
   </div>
   <div class='ocr_carea' id='block_1_91' title="bbox 1876 4419 3470 4495">
    <p class='ocr_par' dir='ltr' id='par_1_91' title="bbox 1876 4419 3470 4495">
     <span class='ocr_line' id='line_1_91' title="bbox 1876 4419 3470 4495; baseline 0.004 -22"><span class='ocrx_word' id='word_1_652' title='bbox 1876 4419 2274 4483; x_wconf 86' lang='lat' dir='ltr'><strong>testimonium,</strong></span> <span class='ocrx_word' id='word_1_653' title='bbox 2305 4419 2409 4472; x_wconf 84' lang='lat' dir='ltr'><strong>ﬁde</strong></span> <span class='ocrx_word' id='word_1_654' title='bbox 2432 4419 2632 4488; x_wconf 82' lang='lat' dir='ltr'><strong>dignus</strong></span> <span class='ocrx_word' id='word_1_655' title='bbox 2654 4428 2738 4474; x_wconf 86' lang='lat' dir='ltr'><strong>est</strong></span> <span class='ocrx_word' id='word_1_656' title='bbox 2773 4421 2914 4489; x_wconf 90' lang='lat' dir='ltr'><strong>apud</strong></span> <span class='ocrx_word' id='word_1_657' title='bbox 2945 4421 3218 4488; x_wconf 88' lang='lat' dir='ltr'><strong>homines,</strong></span> <span class='ocrx_word' id='word_1_658' title='bbox 3244 4434 3470 4495; x_wconf 81' lang='lat' dir='ltr'><strong>propter</strong></span> 
     </span>
    </p>
   </div>
   <div class='ocr_carea' id='block_1_92' title="bbox 1872 4512 3469 4586">
    <p class='ocr_par' dir='ltr' id='par_1_92' title="bbox 1872 4512 3469 4586">
     <span class='ocr_line' id='line_1_92' title="bbox 1872 4512 3469 4586; baseline 0.003 -19"><span class='ocrx_word' id='word_1_659' title='bbox 1872 4512 2246 4582; x_wconf 88' lang='lat' dir='ltr'><strong>suspicionem</strong></span> <span class='ocrx_word' id='word_1_660' title='bbox 2283 4512 2350 4565; x_wconf 87' lang='lat' dir='ltr'><strong>de</strong></span> <span class='ocrx_word' id='word_1_661' title='bbox 2381 4512 2556 4566; x_wconf 88' lang='lat' dir='ltr'><strong>nimio</strong></span> <span class='ocrx_word' id='word_1_662' title='bbox 2595 4512 2680 4565; x_wconf 92' lang='lat' dir='ltr'><strong>sui</strong></span> <span class='ocrx_word' id='word_1_663' title='bbox 2714 4514 2884 4581; x_wconf 90' lang='lat' dir='ltr'><strong>ipsius</strong></span> <span class='ocrx_word' id='word_1_664' title='bbox 2917 4529 3132 4579; x_wconf 80' lang='lat' dir='ltr'><strong>amore,</strong></span> <span class='ocrx_word' id='word_1_665' title='bbox 3171 4517 3295 4571; x_wconf 87' lang='lat' dir='ltr'><strong>ideo</strong></span> <span class='ocrx_word' id='word_1_666' title='bbox 3327 4533 3469 4586; x_wconf 72' lang='lat' dir='ltr'><strong>pra:-</strong></span> 
     </span>
    </p>
   </div>
   <div class='ocr_carea' id='block_1_93' title="bbox 157 4605 1765 4680">
    <p class='ocr_par' dir='ltr' id='par_1_93' title="bbox 157 4611 1764 4680">
     <span class='ocr_line' id='line_1_93' title="bbox 157 4611 1764 4680; baseline -0.001 -17"><span class='ocrx_word' id='word_1_667' title='bbox 157 4612 445 4679; x_wconf 65' lang='grc' dir='ltr'><strong>μαρτινρῶ</strong></span> <span class='ocrx_word' id='word_1_668' title='bbox 489 4611 619 4680; x_wconf 73' lang='grc' dir='ltr'><strong>περὶ</strong></span> <span class='ocrx_word' id='word_1_669' title='bbox 686 4611 993 4680; x_wconf 83' lang='grc' dir='ltr'><strong>ἐμαυτοῦ,</strong></span> <span class='ocrx_word' id='word_1_670' title='bbox 1031 4612 1068 4677; x_wconf 77' lang='grc' dir='ltr'>ἡ</span> <span class='ocrx_word' id='word_1_671' title='bbox 1120 4611 1418 4680; x_wconf 79' lang='grc' dir='ltr'><strong>μαρτυρία</strong></span> <span class='ocrx_word' id='word_1_672' title='bbox 1466 4626 1585 4678; x_wconf 78' lang='grc' dir='ltr'><strong>μου</strong></span> <span class='ocrx_word' id='word_1_673' title='bbox 1652 4611 1764 4662; x_wconf 81' lang='grc' dir='ltr'><strong>οὐκ</strong></span> 
     </span>
    </p>
   </div>
   <div class='ocr_carea' id='block_1_94' title="bbox 1874 4605 3464 4680">
    <p class='ocr_par' dir='ltr' id='par_1_94' title="bbox 1878 4605 3464 4674">
     <span class='ocr_line' id='line_1_94' title="bbox 1878 4605 3464 4674; baseline 0.002 -14"><span class='ocrx_word' id='word_1_674' title='bbox 1878 4607 2025 4662; x_wconf 82' lang='lat' dir='ltr'><strong>venit</strong></span> <span class='ocrx_word' id='word_1_675' title='bbox 2087 4621 2152 4659; x_wconf 87' lang='lat' dir='ltr'><strong>ac</strong></span> <span class='ocrx_word' id='word_1_676' title='bbox 2194 4605 2351 4670; x_wconf 76' lang='lat' dir='ltr'><strong>dixit,</strong></span> <span class='ocrx_word' id='word_1_677' title='bbox 2385 4605 2532 4674; x_wconf 91' lang='lat' dir='ltr'><strong>quod</strong></span> <span class='ocrx_word' id='word_1_678' title='bbox 2603 4606 2676 4658; x_wconf 91' lang='lat' dir='ltr'><strong>illi</strong></span> <span class='ocrx_word' id='word_1_679' title='bbox 2739 4606 2935 4660; x_wconf 85' lang='lat' dir='ltr'><strong>dicturi</strong></span> <span class='ocrx_word' id='word_1_680' title='bbox 3003 4618 3183 4672; x_wconf 84' lang='lat' dir='ltr'><strong>erant,</strong></span> <span class='ocrx_word' id='word_1_681' title='bbox 3225 4611 3464 4664; x_wconf 88' lang='lat' dir='ltr'><strong>dicens:</strong></span> 
     </span>
    </p>
   </div>
   <div class='ocr_carea' id='block_1_95' title="bbox 159 4703 1762 4776">
    <p class='ocr_par' dir='ltr' id='par_1_95' title="bbox 159 4703 1762 4776">
     <span class='ocr_line' id='line_1_95' title="bbox 159 4703 1762 4776; baseline -0.004 -17"><span class='ocrx_word' id='word_1_682' title='bbox 159 4707 343 4760; x_wconf 79' lang='grc' dir='ltr'><strong>ἐστιν</strong></span> <span class='ocrx_word' id='word_1_683' title='bbox 378 4706 634 4773; x_wconf 73' lang='grc' dir='ltr'><strong>ἀληθὴς,</strong></span> <span class='ocrx_word' id='word_1_684' title='bbox 668 4706 744 4769; x_wconf 84' lang='grc' dir='ltr'><strong>ὠς</strong></span> <span class='ocrx_word' id='word_1_685' title='bbox 778 4706 907 4776; x_wconf 84' lang='grc' dir='ltr'><strong>ὑμῖν</strong></span> <span class='ocrx_word' id='word_1_686' title='bbox 940 4705 1088 4758; x_wconf 84' lang='grc' dir='ltr'><strong>δοκεῖ</strong></span> <span class='ocrx_word' id='word_1_687' title='bbox 1113 4719 1124 4732; x_wconf 69' lang='grc'>⁸</span> <span class='ocrx_word' id='word_1_688' title='bbox 1169 4705 1264 4756; x_wconf 76' lang='grc' dir='ltr'><strong>καὶ</strong></span> <span class='ocrx_word' id='word_1_689' title='bbox 1294 4703 1481 4755; x_wconf 77' lang='grc' dir='ltr'><strong>λοιπὸν</strong></span> <span class='ocrx_word' id='word_1_690' title='bbox 1521 4704 1762 4772; x_wconf 73' lang='grc' dir='ltr'><strong>παράγει</strong></span> 
     </span>
    </p>
   </div>
   <div class='ocr_carea' id='block_1_96' title="bbox 165 4793 1764 4868">
    <p class='ocr_par' dir='ltr' id='par_1_96' title="bbox 165 4793 1764 4868">
     <span class='ocr_line' id='line_1_96' title="bbox 165 4793 1764 4868; baseline -0.004 -17"><span class='ocrx_word' id='word_1_691' title='bbox 165 4799 492 4868; x_wconf 73' lang='grc' dir='ltr'><strong>μάρτυραε,</strong></span> <span class='ocrx_word' id='word_1_692' title='bbox 539 4798 993 4865; x_wconf 76' lang='grc' dir='ltr'><strong>συγκαταϐαίνων</strong></span> <span class='ocrx_word' id='word_1_693' title='bbox 1046 4795 1325 4848; x_wconf 74' lang='grc' dir='ltr'><strong>κάνταῦθα</strong></span> <span class='ocrx_word' id='word_1_694' title='bbox 1382 4798 1446 4866; x_wconf 78' lang='grc' dir='ltr'><strong>τῇ</strong></span> <span class='ocrx_word' id='word_1_695' title='bbox 1507 4793 1764 4864; x_wconf 77' lang='grc' dir='ltr'><strong>ἀσθενείᾳ</strong></span> 
     </span>
    </p>
   </div>
   <div class='ocr_carea' id='block_1_97' title="bbox 161 4887 1602 4962">
    <p class='ocr_par' dir='ltr' id='par_1_97' title="bbox 161 4887 1602 4962">
     <span class='ocr_line' id='line_1_97' title="bbox 161 4887 1602 4962; baseline -0.005 -17"><span class='ocrx_word' id='word_1_696' title='bbox 161 4890 374 4955; x_wconf 75' lang='grc' dir='ltr'><strong>αὐτῶν,</strong></span> <span class='ocrx_word' id='word_1_697' title='bbox 403 4891 498 4943; x_wconf 70' lang='grc' dir='ltr'><strong>καὶ</strong></span> <span class='ocrx_word' id='word_1_698' title='bbox 529 4892 591 4943; x_wconf 81' lang='grc' dir='ltr'><strong>ὲκ</strong></span> <span class='ocrx_word' id='word_1_699' title='bbox 623 4891 943 4962; x_wconf 79' lang='grc' dir='ltr'><strong>περιουσίας</strong></span> <span class='ocrx_word' id='word_1_700' title='bbox 974 4889 1346 4958; x_wconf 75' lang='grc' dir='ltr'><strong>ἐπιστομίζων</strong></span> <span class='ocrx_word' id='word_1_701' title='bbox 1382 4887 1602 4949; x_wconf 77' lang='grc' dir='ltr'><strong>αὐτούς.</strong></span> 
     </span>
    </p>
   </div>
   <div class='ocr_carea' id='block_1_98' title="bbox 280 5209 753 5274">
    <p class='ocr_par' dir='ltr' id='par_1_98' title="bbox 280 5209 753 5274">
     <span class='ocr_line' id='line_1_98' title="bbox 280 5209 753 5274; baseline -0.008 -8"><span class='ocrx_word' id='word_1_702' title='bbox 280 5212 327 5243; x_wconf 68' lang='grc'><strong>⁸⁸</strong></span> <span class='ocrx_word' id='word_1_703' title='bbox 347 5209 510 5266; x_wconf 82' lang='lat' dir='ltr'><strong>Joan.</strong></span> <span class='ocrx_word' id='word_1_704' title='bbox 539 5225 646 5274; x_wconf 79' lang='lat' dir='ltr'><strong>xiv,</strong></span> <span class='ocrx_word' id='word_1_705' title='bbox 699 5209 753 5262; x_wconf 83' lang='lat'><strong>6.</strong></span> 
     </span>
    </p>
   </div>
   <div class='ocr_carea' id='block_1_99' title="bbox 1872 4697 3466 4769">
    <p class='ocr_par' dir='ltr' id='par_1_99' title="bbox 1872 4697 3466 4769">
     <span class='ocr_line' id='line_1_99' title="bbox 1872 4697 3466 4769; baseline 0.002 -16"><span class='ocrx_word' id='word_1_706' title='bbox 1872 4699 1934 4753; x_wconf 85' lang='lat' dir='ltr'><strong>Si</strong></span> <span class='ocrx_word' id='word_1_707' title='bbox 1961 4714 2052 4768; x_wconf 78' lang='lat' dir='ltr'><strong>ego</strong></span> <span class='ocrx_word' id='word_1_708' title='bbox 2089 4697 2452 4750; x_wconf 83' lang='lat' dir='ltr'><strong>testimonium</strong></span> <span class='ocrx_word' id='word_1_709' title='bbox 2482 4697 2726 4764; x_wconf 83' lang='lat' dir='ltr'><strong>perlu&#39;beo</strong></span> <span class='ocrx_word' id='word_1_710' title='bbox 2753 4699 2922 4769; x_wconf 79' lang='lat' dir='ltr'><strong>deme</strong></span> <span class='ocrx_word' id='word_1_711' title='bbox 2947 4700 3081 4766; x_wconf 71' lang='lat' dir='ltr'><strong>ipso,</strong></span> <span class='ocrx_word' id='word_1_712' title='bbox 3109 4703 3466 4756; x_wconf 83' lang='lat' dir='ltr'><strong>testimonium</strong></span> 
     </span>
    </p>
   </div>
   <div class='ocr_carea' id='block_1_100' title="bbox 1874 4790 3441 4867">
    <p class='ocr_par' dir='ltr' id='par_1_100' title="bbox 1874 4790 3441 4867">
     <span class='ocr_line' id='line_1_100' title="bbox 1874 4790 3441 4867; baseline 0.005 -26"><span class='ocrx_word' id='word_1_713' title='bbox 1874 4805 2048 4842; x_wconf 85' lang='lat' dir='ltr'><strong>meum</strong></span> <span class='ocrx_word' id='word_1_714' title='bbox 2078 4805 2181 4841; x_wconf 83' lang='lat' dir='ltr'><strong>non</strong></span> <span class='ocrx_word' id='word_1_715' title='bbox 2220 4799 2293 4841; x_wconf 78' lang='lat' dir='ltr'><strong>est</strong></span> <span class='ocrx_word' id='word_1_716' title='bbox 2317 4805 2520 4851; x_wconf 82' lang='lat' dir='ltr'><strong>verum,</strong></span> <span class='ocrx_word' id='word_1_717' title='bbox 2563 4798 2622 4842; x_wconf 92' lang='lat' dir='ltr'><strong>ut</strong></span> <span class='ocrx_word' id='word_1_718' title='bbox 2654 4790 2813 4844; x_wconf 91' lang='lat' dir='ltr'><strong>vobis</strong></span> <span class='ocrx_word' id='word_1_719' title='bbox 2876 4802 3120 4860; x_wconf 85' lang='lat' dir='ltr'><strong>apparet.</strong></span> <span class='ocrx_word' id='word_1_720' title='bbox 3160 4794 3350 4867; x_wconf 85' lang='lat' dir='ltr'><strong>Itaque</strong></span> <span class='ocrx_word' id='word_1_721' title='bbox 3389 4806 3441 4849; x_wconf 83' lang='lat' dir='ltr'><strong>te</strong></span> 
     </span>
    </p>
   </div>
   <div class='ocr_carea' id='block_1_101' title="bbox 1874 4881 3466 4945">
    <p class='ocr_par' dir='ltr' id='par_1_101' title="bbox 1874 4881 3466 4945">
     <span class='ocr_line' id='line_1_101' title="bbox 1874 4881 3466 4945; baseline 0.005 -10"><span class='ocrx_word' id='word_1_722' title='bbox 1874 4891 1990 4937; x_wconf 89' lang='lat' dir='ltr'><strong>stes</strong></span> <span class='ocrx_word' id='word_1_723' title='bbox 2021 4882 2266 4945; x_wconf 86' lang='lat' dir='ltr'><strong>adducit,</strong></span> <span class='ocrx_word' id='word_1_724' title='bbox 2294 4883 2459 4936; x_wconf 89' lang='lat' dir='ltr'><strong>etiam</strong></span> <span class='ocrx_word' id='word_1_725' title='bbox 2493 4881 2546 4935; x_wconf 89' lang='lat' dir='ltr'><strong>in</strong></span> <span class='ocrx_word' id='word_1_726' title='bbox 2584 4884 2688 4937; x_wconf 90' lang='lat' dir='ltr'><strong>hoc</strong></span> <span class='ocrx_word' id='word_1_727' title='bbox 2714 4899 2772 4937; x_wconf 91' lang='lat' dir='ltr'><strong>se</strong></span> <span class='ocrx_word' id='word_1_728' title='bbox 2791 4884 3090 4940; x_wconf 85' lang='lat' dir='ltr'><strong>demittens</strong></span> <span class='ocrx_word' id='word_1_729' title='bbox 3125 4888 3190 4941; x_wconf 89' lang='lat' dir='ltr'><strong>ad</strong></span> <span class='ocrx_word' id='word_1_730' title='bbox 3221 4889 3466 4944; x_wconf 79' lang='lat' dir='ltr'><strong>imbecil-</strong></span> 
     </span>
    </p>
   </div>
   <div class='ocr_carea' id='block_1_102' title="bbox 1873 4975 3460 5054">
    <p class='ocr_par' dir='ltr' id='par_1_102' title="bbox 1873 4975 3460 5054">
     <span class='ocr_line' id='line_1_102' title="bbox 1873 4975 3460 5054; baseline 0.006 -25"><span class='ocrx_word' id='word_1_731' title='bbox 1873 4977 2082 5030; x_wconf 81' lang='lat' dir='ltr'><strong>litatem</strong></span> <span class='ocrx_word' id='word_1_732' title='bbox 2119 4975 2356 5038; x_wconf 86' lang='lat' dir='ltr'><strong>illorum,</strong></span> <span class='ocrx_word' id='word_1_733' title='bbox 2418 4986 2472 5029; x_wconf 86' lang='lat' dir='ltr'><strong>et</strong></span> <span class='ocrx_word' id='word_1_734' title='bbox 2504 4991 2571 5030; x_wconf 78' lang='lat' dir='ltr'><strong>ex</strong></span> <span class='ocrx_word' id='word_1_735' title='bbox 2618 4976 2918 5032; x_wconf 88' lang='lat' dir='ltr'><strong>abundanti</strong></span> <span class='ocrx_word' id='word_1_736' title='bbox 2979 4981 3359 5054; x_wconf 83' lang='lat' dir='ltr'><strong>eautione(oo)</strong></span> <span class='ocrx_word' id='word_1_737' title='bbox 3393 4985 3460 5039; x_wconf 87' lang='lat' dir='ltr'><strong>si-</strong></span> 
     </span>
    </p>
   </div>
   <div class='ocr_carea' id='block_1_103' title="bbox 1883 5066 2638 5136">
    <p class='ocr_par' dir='ltr' id='par_1_103' title="bbox 1883 5066 2638 5136">
     <span class='ocr_line' id='line_1_103' title="bbox 1883 5066 2638 5136; baseline -0.004 -17"><span class='ocrx_word' id='word_1_738' title='bbox 1883 5067 2120 5122; x_wconf 84' lang='lat' dir='ltr'><strong>lentium</strong></span> <span class='ocrx_word' id='word_1_739' title='bbox 2157 5066 2265 5119; x_wconf 89' lang='lat' dir='ltr'><strong>illis</strong></span> <span class='ocrx_word' id='word_1_740' title='bbox 2327 5067 2638 5136; x_wconf 86' lang='lat' dir='ltr'><strong>imponens.</strong></span> 
     </span>
    </p>
   </div>
   <div class='ocr_carea' id='block_1_104' title="bbox 1369 5271 2245 5334">
    <p class='ocr_par' dir='ltr' id='par_1_104' title="bbox 1369 5271 2245 5334">
     <span class='ocr_line' id='line_1_104' title="bbox 1369 5271 2245 5334; baseline 0.005 -5"><span class='ocrx_word' id='word_1_741' title='bbox 1369 5271 1563 5331; x_wconf 72' lang='lat' dir='ltr'><strong>Varia:</strong></span> <span class='ocrx_word' id='word_1_742' title='bbox 1625 5271 1929 5333; x_wconf 90' lang='lat' dir='ltr'><strong>lectiones</strong></span> <span class='ocrx_word' id='word_1_743' title='bbox 1963 5281 2022 5333; x_wconf 86' lang='lat' dir='ltr'><strong>et</strong></span> <span class='ocrx_word' id='word_1_744' title='bbox 2057 5279 2245 5334; x_wconf 81' lang='lat' dir='ltr'><strong>notae.</strong></span> 
     </span>
    </p>
   </div>
   <div class='ocr_carea' id='block_1_105' title="bbox 246 5447 1770 5530">
    <p class='ocr_par' dir='ltr' id='par_1_105' title="bbox 246 5447 1770 5530">
     <span class='ocr_line' id='line_1_105' title="bbox 246 5447 1770 5530; baseline -0.006 -19"><span class='ocrx_word' id='word_1_745' title='bbox 246 5454 359 5530; x_wconf 81' lang='grc' dir='ltr'><strong>(Π)</strong></span> <span class='ocrx_word' id='word_1_746' title='bbox 386 5453 495 5530; x_wconf 78' lang='lat' dir='ltr'><strong>Hic</strong></span> <span class='ocrx_word' id='word_1_747' title='bbox 516 5454 667 5510; x_wconf 89' lang='lat' dir='ltr'><strong>addit</strong></span> <span class='ocrx_word' id='word_1_748' title='bbox 766 5453 874 5530; x_wconf 70' lang='grc' dir='ltr'><strong>εΤδ</strong></span> <span class='ocrx_word' id='word_1_749' title='bbox 898 5453 1031 5522; x_wconf 78' lang='grc' dir='ltr'><strong>ἐμόν</strong></span> <span class='ocrx_word' id='word_1_750' title='bbox 1051 5471 1064 5485; x_wconf 88' lang='grc'><strong>·</strong></span> <span class='ocrx_word' id='word_1_751' title='bbox 1096 5450 1215 5505; x_wconf 74' lang='grc' dir='ltr'><strong>οὐδὲ</strong></span> <span class='ocrx_word' id='word_1_752' title='bbox 1252 5450 1359 5521; x_wconf 81' lang='grc' dir='ltr'><strong>γὰρ</strong></span> <span class='ocrx_word' id='word_1_753' title='bbox 1396 5449 1505 5521; x_wconf 81' lang='grc' dir='ltr'><strong>ἔχω</strong></span> <span class='ocrx_word' id='word_1_754' title='bbox 1533 5447 1770 5520; x_wconf 81' lang='grc' dir='ltr'><strong>θέλημα.</strong></span> 
     </span>
    </p>
   </div>
   <div class='ocr_carea' id='block_1_106' title="bbox 165 5526 857 5598">
    <p class='ocr_par' dir='ltr' id='par_1_106' title="bbox 165 5526 857 5598">
     <span class='ocr_line' id='line_1_106' title="bbox 165 5526 857 5598; baseline -0.009 -13"><span class='ocrx_word' id='word_1_755' title='bbox 165 5526 267 5585; x_wconf 82' lang='lat' dir='ltr'><strong>Bis</strong></span> <span class='ocrx_word' id='word_1_756' title='bbox 294 5543 424 5598; x_wconf 80' lang='lat' dir='ltr'><strong>ergo</strong></span> <span class='ocrx_word' id='word_1_757' title='bbox 446 5528 590 5598; x_wconf 83' lang='lat' dir='ltr'><strong>idem</strong></span> <span class='ocrx_word' id='word_1_758' title='bbox 621 5526 857 5593; x_wconf 87' lang='lat' dir='ltr'><strong>scripsit.</strong></span> 
     </span>
    </p>
   </div>
   <div class='ocr_carea' id='block_1_107' title="bbox 241 5597 792 5672">
    <p class='ocr_par' dir='ltr' id='par_1_107' title="bbox 241 5597 792 5672">
     <span class='ocr_line' id='line_1_107' title="bbox 241 5597 792 5672; baseline -0.002 -20"><span class='ocrx_word' id='word_1_759' title='bbox 241 5597 375 5672; x_wconf 69' lang='grc'><strong>(18)</strong></span> <span class='ocrx_word' id='word_1_760' title='bbox 421 5597 702 5668; x_wconf 79' lang='grc' dir='ltr'><strong>’Λληθευει</strong></span> <span class='ocrx_word' id='word_1_761' title='bbox 726 5599 792 5651; x_wconf 80' lang='grc' dir='ltr'><strong>Α.</strong></span> 
     </span>
    </p>
   </div>
   <div class='ocr_carea' id='block_1_108' title="bbox 244 5753 1764 5832">
    <p class='ocr_par' dir='ltr' id='par_1_108' title="bbox 244 5753 1764 5832">
     <span class='ocr_line' id='line_1_108' title="bbox 244 5753 1764 5832; baseline -0.007 -16"><span class='ocrx_word' id='word_1_762' title='bbox 244 5762 359 5832; x_wconf 81' lang='lat' dir='ltr'><strong>(nn)</strong></span> <span class='ocrx_word' id='word_1_763' title='bbox 383 5758 640 5828; x_wconf 79' lang='lat' dir='ltr'><strong>Campus.</strong></span> <span class='ocrx_word' id='word_1_764' title='bbox 683 5759 880 5814; x_wconf 87' lang='lat' dir='ltr'><strong>Locus.</strong></span> <span class='ocrx_word' id='word_1_765' title='bbox 907 5755 1124 5832; x_wconf 77' lang='grc' dir='ltr'><strong>Χωρίον</strong></span> <span class='ocrx_word' id='word_1_766' title='bbox 1161 5753 1471 5832; x_wconf 60' lang='lat' dir='ltr'><strong>dicitur,_ut</strong></span> <span class='ocrx_word' id='word_1_767' title='bbox 1512 5754 1764 5832; x_wconf 74' lang='lat' dir='ltr'><strong>Latinum</strong></span> 
     </span>
    </p>
   </div>
   <div class='ocr_carea' id='block_1_109' title="bbox 167 5825 1766 5898">
    <p class='ocr_par' dir='ltr' id='par_1_109' title="bbox 167 5825 1766 5898">
     <span class='ocr_line' id='line_1_109' title="bbox 167 5825 1766 5898; baseline -0.006 -11"><span class='ocrx_word' id='word_1_768' title='bbox 167 5825 429 5898; x_wconf 47' lang='lat' dir='ltr'><strong>locag&#39;eo</strong></span> <span class='ocrx_word' id='word_1_769' title='bbox 459 5825 648 5892; x_wconf 80' lang='lat' dir='ltr'><strong>sensu,</strong></span> <span class='ocrx_word' id='word_1_770' title='bbox 703 5840 760 5882; x_wconf 89' lang='lat' dir='ltr'><strong>ut</strong></span> <span class='ocrx_word' id='word_1_771' title='bbox 788 5837 940 5884; x_wconf 87' lang='lat' dir='ltr'><strong>notet</strong></span> <span class='ocrx_word' id='word_1_772' title='bbox 1007 5830 1185 5880; x_wconf 88' lang='lat' dir='ltr'><strong>locum</strong></span> <span class='ocrx_word' id='word_1_773' title='bbox 1251 5825 1306 5878; x_wconf 89' lang='lat' dir='ltr'><strong>in</strong></span> <span class='ocrx_word' id='word_1_774' title='bbox 1362 5825 1519 5880; x_wconf 85' lang='lat' dir='ltr'><strong>libro.</strong></span> <span class='ocrx_word' id='word_1_775' title='bbox 1560 5825 1766 5880; x_wconf 78' lang='lat' dir='ltr'><strong>Eodem</strong></span> 
     </span>
    </p>
   </div>
   <div class='ocr_carea' id='block_1_110' title="bbox 166 5900 867 5973">
    <p class='ocr_par' dir='ltr' id='par_1_110' title="bbox 166 5900 867 5973">
     <span class='ocr_line' id='line_1_110' title="bbox 166 5900 867 5973; baseline -0.004 -14"><span class='ocrx_word' id='word_1_776' title='bbox 166 5906 332 5959; x_wconf 83' lang='lat' dir='ltr'><strong>modo</strong></span> <span class='ocrx_word' id='word_1_777' title='bbox 359 5903 520 5973; x_wconf 78' lang='grc' dir='ltr'><strong>ῥῆσις</strong></span> <span class='ocrx_word' id='word_1_778' title='bbox 556 5900 867 5956; x_wconf 84' lang='lat' dir='ltr'><strong>adhibetur.</strong></span> 
     </span>
    </p>
   </div>
   <div class='ocr_carea' id='block_1_111' title="bbox 501 5995 1229 6058">
    <p class='ocr_par' dir='ltr' id='par_1_111' title="bbox 501 5995 1229 6058">
     <span class='ocr_line' id='line_1_111' title="bbox 501 5995 1229 6058; baseline -0.001 -1"><span class='ocrx_word' id='word_1_779' title='bbox 501 5998 775 6058; x_wconf 71' lang='grc' dir='ltr'><strong>ΡΑῖιιοῐη</strong></span> <span class='ocrx_word' id='word_1_780' title='bbox 812 5998 927 6056; x_wconf 64' lang='lat' dir='ltr'><strong>Gtt.</strong></span> <span class='ocrx_word' id='word_1_781' title='bbox 972 5995 1229 6056; x_wconf 74' lang='lat' dir='ltr'><strong>CXXIX.</strong></span> 
     </span>
    </p>
   </div>
   <div class='ocr_carea' id='block_1_112' title="bbox 1952 5450 3264 5523">
    <p class='ocr_par' dir='ltr' id='par_1_112' title="bbox 1952 5450 3264 5523">
     <span class='ocr_line' id='line_1_112' title="bbox 1952 5450 3264 5523; baseline 0.001 -19"><span class='ocrx_word' id='word_1_782' title='bbox 1952 5450 2064 5523; x_wconf 84' lang='lat' dir='ltr'><strong>(l9)</strong></span> <span class='ocrx_word' id='word_1_783' title='bbox 2092 5451 2155 5523; x_wconf 87' lang='lat' dir='ltr'><strong>Et</strong></span> <span class='ocrx_word' id='word_1_784' title='bbox 2188 5450 2237 5503; x_wconf 88' lang='lat' dir='ltr'><strong>id</strong></span> <span class='ocrx_word' id='word_1_785' title='bbox 2272 5451 2573 5523; x_wconf 77' lang='lat' dir='ltr'><strong>sanc_inira</strong></span> <span class='ocrx_word' id='word_1_786' title='bbox 2611 5467 2726 5516; x_wconf 84' lang='lat' dir='ltr'><strong>vm,</strong></span> <span class='ocrx_word' id='word_1_787' title='bbox 2762 5453 2846 5512; x_wconf 78' lang='grc'><strong>15,</strong></span> <span class='ocrx_word' id='word_1_788' title='bbox 2880 5452 2926 5505; x_wconf 93' lang='lat' dir='ltr'><strong>ei</strong></span> <span class='ocrx_word' id='word_1_789' title='bbox 2959 5465 3264 5523; x_wconf 86' lang='lat' dir='ltr'><strong>opponunt.</strong></span> 
     </span>
    </p>
   </div>
   <div class='ocr_carea' id='block_1_113' title="bbox 1953 5521 2538 5590">
    <p class='ocr_par' dir='ltr' id='par_1_113' title="bbox 1953 5521 2538 5590">
     <span class='ocr_line' id='line_1_113' title="bbox 1953 5521 2538 5590; baseline 0.002 -16"><span class='ocrx_word' id='word_1_790' title='bbox 1953 5522 2064 5590; x_wconf 56' lang='lat'><strong>(‘20)</strong></span> <span class='ocrx_word' id='word_1_791' title='bbox 2106 5522 2237 5589; x_wconf 79' lang='grc' dir='ltr'><strong>Περὶ</strong></span> <span class='ocrx_word' id='word_1_792' title='bbox 2272 5521 2435 5573; x_wconf 70' lang='grc' dir='ltr'><strong>αὑτοῦ</strong></span> <span class='ocrx_word' id='word_1_793' title='bbox 2474 5523 2538 5575; x_wconf 81' lang='grc' dir='ltr'><strong>Λ.</strong></span> 
     </span>
    </p>
   </div>
   <div class='ocr_carea' id='block_1_114' title="bbox 1948 5753 3459 5822">
    <p class='ocr_par' dir='ltr' id='par_1_114' title="bbox 1948 5753 3459 5822">
     <span class='ocr_line' id='line_1_114' title="bbox 1948 5753 3459 5822; baseline 0.002 -16"><span class='ocrx_word' id='word_1_794' title='bbox 1948 5754 2055 5822; x_wconf 76' lang='lat' dir='ltr'><strong>(oo)</strong></span> <span class='ocrx_word' id='word_1_795' title='bbox 2091 5753 2172 5806; x_wconf 48' lang='lat' dir='ltr'><strong>hic</strong></span> <span class='ocrx_word' id='word_1_796' title='bbox 2198 5753 2495 5806; x_wconf 67' lang='lat' dir='ltr'><strong>abundanti</strong></span> <span class='ocrx_word' id='word_1_797' title='bbox 2528 5756 2790 5809; x_wconf 73' lang='lat' dir='ltr'><strong>catttionr.</strong></span> <span class='ocrx_word' id='word_1_798' title='bbox 2812 5754 3086 5817; x_wconf 80' lang='lat' dir='ltr'><strong>Caulione,</strong></span> <span class='ocrx_word' id='word_1_799' title='bbox 3139 5769 3248 5809; x_wconf 89' lang='lat' dir='ltr'><strong>non</strong></span> <span class='ocrx_word' id='word_1_800' title='bbox 3279 5768 3362 5811; x_wconf 89' lang='lat' dir='ltr'><strong>cst</strong></span> <span class='ocrx_word' id='word_1_801' title='bbox 3407 5757 3459 5810; x_wconf 88' lang='lat' dir='ltr'><strong>in</strong></span> 
     </span>
    </p>
   </div>
   <div class='ocr_carea' id='block_1_115' title="bbox 1877 5823 3318 5893">
    <p class='ocr_par' dir='ltr' id='par_1_115' title="bbox 1877 5823 3318 5893">
     <span class='ocr_line' id='line_1_115' title="bbox 1877 5823 3318 5893; baseline 0.003 -15"><span class='ocrx_word' id='word_1_802' title='bbox 1877 5823 2088 5880; x_wconf 61' lang='lat' dir='ltr'><strong>Graeco.</strong></span> <span class='ocrx_word' id='word_1_803' title='bbox 2147 5826 2244 5878; x_wconf 81' lang='grc' dir='ltr'><strong>Ἐκ</strong></span> <span class='ocrx_word' id='word_1_804' title='bbox 2271 5827 2593 5893; x_wconf 71' lang='grc' dir='ltr'><strong>περιουσίας</strong></span> <span class='ocrx_word' id='word_1_805' title='bbox 2626 5825 2757 5880; x_wconf 80' lang='lat' dir='ltr'><strong>satis</strong></span> <span class='ocrx_word' id='word_1_806' title='bbox 2793 5836 2919 5881; x_wconf 87' lang='lat' dir='ltr'><strong>nota</strong></span> <span class='ocrx_word' id='word_1_807' title='bbox 2945 5837 3036 5881; x_wconf 80' lang='lat' dir='ltr'><strong>est</strong></span> <span class='ocrx_word' id='word_1_808' title='bbox 3064 5829 3318 5883; x_wconf 79' lang='lat' dir='ltr'><strong>formula.</strong></span> 
     </span>
    </p>
   </div>
   <div class='ocr_carea' id='block_1_116' title="bbox 3075 5996 3145 6053">
    <p class='ocr_par' dir='ltr' id='par_1_116' title="bbox 3075 5996 3145 6053">
     <span class='ocr_line' id='line_1_116' title="bbox 3075 5996 3145 6053; baseline -0.029 0"><span class='ocrx_word' id='word_1_809' title='bbox 3075 5996 3145 6053; x_wconf 69' lang='lat'><strong>39</strong></span> 
     </span>
    </p>
   </div>
  </div>
