4110 6426
177 349 328 414 1229

1146 337 1535 400 COMMENT.
1579 336 1655 396 ΙΝ
1699 333 2079 396 1ΟΛΝΝΕΜ.
2109 357 2179 370 -
2217 334 2378 394 CAP.
2405 334 2474 394 V.

3337 331 3476 400 1230

177 466 408 537 χάριτος
444 461 540 516 τοῦ
579 460 738 529 ἁγίου
780 457 1122 528 Πνεύματος.
1171 450 1341 525 Οἶμαι
1373 454 1454 518 δὲ,
1497 451 1627 523 περὶ⁸
1665 467 1788 504 του-

1904 449 2075 513 nebat,
2112 451 2206 504 scd
2233 463 2298 503 ex
2330 447 2505 517 gratia
2539 444 2716 502 sancti
2742 444 3003 517 Spiritus.
3031 446 3107 502 De
3138 447 3242 504 hoc
3264 455 3472 517 autem,

175 575 277 612 του
311 559 540 628 προεῖπε
570 553 657 608 διὰ
703 553 796 607 τοῦ
839 550 1005 605 Δαυῖδ
1033 552 1060 604 ό
1090 548 1222 612 Θεός
1249 565 1264 579 ·
1313 547 1636 616 Ἠτοίμασα
1672 544 1784 598 λύ-

179 666 340 720 χνον
360 647 440 713 τῷ
462 645 697 716 Χριστῷ
715 663 859 715 μου.

265 739 566 808 ’Υμεῖς-ι
614 737 825 793 αὑτοῦ.
874 735 1230 790 Καθάπτεται
1284 732 1529 795 τούτων,
1583 731 1660 795 ὡς
1709 728 1786 800 μὴ

186 833 354 903 μέχρι
387 831 576 893 τέλους
606 829 970 900 τηρησάντων
1001 827 1152 898 αύτῷ
1181 826 1279 897 τὴν
1312 824 1576 895 σπουδήν.
1623 821 1777 876 Ἤθε-

184 927 392 996 λήσατε
426 923 554 992 γάρ,
589 922 778 993 φησὶν,
815 921 1244 992 ἁγαλλιασθῆναι
1274 919 1410 991 πρὸς
1438 917 1629 990 καιρόν
1668 934 1788 970 τινα

184 1017 243 1068 ὲν
264 1015 341 1084 τῷ
378 1014 520 1082 φωτὶ
556 1013 659 1082 τῆς
690 1012 1043 1076 διδασκαλίας
1071 1011 1237 1065 αὑτοῦ
1260 1053 1274 1075 ,
1311 1011 1400 1064 ὅτε
1437 1007 1782 1078 πανταχόθεν

187 1106 395 1169 πάντες
428 1105 565 1175 πρὸς
588 1105 752 1158 αὐτόν
801 1104 1186 1175 συνετρέχετε⁸
1220 1098 1341 1156 εἶτα
1388 1100 1786 1173 ὲψυχράνθητε,

186 1200 236 1251 εἰ
263 1196 358 1250 καὶ
391 1195 554 1264 μέχρι
579 1192 674 1246 νῦν
707 1193 1018 1260 θαυμάζετε
1046 1191 1257 1245 τοῦτον.
1294 1191 1357 1244 Ei
1386 1191 1497 1260 γὰρ
1550 1189 1626 1260 μὴ
1655 1188 1790 1258 ἐψυ-

183 1286 494 1360 χράνθητε,
551 1285 772 1347 πάντως
830 1283 896 1337 ἂν
959 1281 1320 1335 ἐπιστεύσατε
1375 1283 1442 1352 τῇ
1499 1278 1786 1350 μαρτυρίᾳ

185 1376 356 1430 αὑτοῦ
388 1393 401 1407 ο
458 1374 752 1444 ἐλέγχεσθε
811 1372 905 1426 οὖν
962 1372 1057 1426 τὸν
1106 1373 1268 1425 αὑτὸν
1324 1371 1422 1426 καλ⁸
1471 1371 1788 1437 ἀξιόπιστον

184 1467 582 1538 ὁμολογοῦντες
643 1468 736 1520 καὶ
811 1468 889 1537 μὴ
963 1463 1315 1529 πιστεύοντες
1380 1466 1447 1536 τῇ
1507 1463 1789 1536 μαρτυρίᾳ

187 1577 380 1615 αυτου.

254 1651 411 1722 Ἐγὼ
443 1681 515 1693 -
540 1650 911 1707 ἀπέσταλκε.
939 1648 1051 1720 Τὴν
1093 1648 1194 1718 μὲν
1228 1646 1338 1720 γὰρ
1380 1646 1476 1702 τοῦ
1537 1647 1788 1701 Ἰωάννου

189 1745 498 1817 μαρτυρίαν
546 1743 780 1816 ἡδύνατό
828 1759 914 1806 τις
960 1740 1240 1795 διαϐαλεῖν
1287 1741 1365 1805 ὡς
1423 1739 1563 1811 πρὸς
1623 1739 1789 1810 χάριν

1887 542 2187 612 utOpinor,
2211 539 2466 611 praedixit
2491 553 2673 610 peros
2711 537 2919 598 David:
2957 538 3161 595 Paravi
3203 541 3475 598 lucernam

1887 635 2101 692 Christo
2137 651 2254 689 meo
2277 636 2322 689 ³.

1958 728 2114 784 Vers.
2133 728 2226 784 55.
2268 725 2371 783 Vos
2390 727 2609 797 —ejus.
2637 725 3048 800 Objurgatbos,
3070 728 3219 798 quod
3244 743 3357 785 non
3388 745 3486 784 us-

1887 835 1996 892 que
2034 820 2103 875 ad
2143 819 2308 875 ﬁnem
2362 819 2614 875 studiose
2667 818 2822 874 illum
2877 819 3320 876 observaverint.
3375 819 3484 876 Vo-

1889 910 2092 977 luistis,
2133 909 2336 980 inquit,
2361 908 2603 982 quodam
2635 918 2885 982 tempore
2929 911 3206 968 exsultare
3259 912 3316 967 in
3361 912 3483 968 luce

1891 1002 2160 1058 doctrinas
2213 1001 2385 1070 illius,
2420 1001 2648 1073 quando
2684 1017 2881 1061 omnes
2929 1004 3176 1077 undique
3233 1005 3303 1062 ad
3353 1020 3483 1062 eum

1890 1093 2332 1160 concurrebatis,
2354 1105 2412 1150 et
2447 1095 2798 1166 postmodum
2821 1096 3133 1165 reiriaistis,
3170 1113 3486 1170 quanquam

1893 1187 2162 1244 hactenus
2184 1188 2337 1244 illum
2361 1189 2717 1246 admiremini
2743 1206 2758 1244 :
2788 1189 2896 1248 nisi
2927 1192 3075 1249 enim
3102 1192 3483 1260 refrixissetis,

1893 1280 2220 1336 testimonio
2249 1280 2441 1353 utique
2468 1281 2616 1341 illius
2671 1284 3072 1342 credidissetis.
3101 1285 3260 1359 Digni
3295 1285 3487 1358 igitur,

1891 1373 2048 1436 estis.
2089 1371 2185 1444 qui
2242 1372 2671 1447 redarguamini,
2721 1378 2868 1448 quod
2896 1378 3026 1435 licet
3076 1379 3227 1436 hunc
3261 1379 3368 1436 ﬁde
3406 1379 3492 1436 di-

1893 1479 2062 1535 gnum
2124 1464 2520 1533 conﬁteamini,
2550 1467 2671 1539 ejus
2739 1477 2923 1526 tamen
2993 1470 3316 1529 testimonio
3371 1487 3489 1528 non

1893 1555 2260 1613 credideritis.

1967 1645 2127 1703 Vers.
2153 1649 2244 1703 56.
2285 1649 2401 1721 Ego
2424 1679 2496 1692 —
2543 1653 2769 1708 miserit.
2805 1653 3093 1725 Siquidem
3148 1654 3380 1713 Joannis
3411 1667 3494 1714 te-

1895 1735 2223 1793 stimonium
2257 1749 2478 1810 poterat
2527 1741 2804 1813 quispiam
2847 1742 3200 1810 calumniari,
3229 1754 3493 1816 tanquam

184 1806 388 1906 1:1.qu
396 1806 588 1906 μένην,
619 1836 798 1890 καίτοι
832 1835 953 1889 οὐδὲ
978 1833 1139 1888 τοῦτο
1175 1833 1305 1905 ὲξῆν
1334 1806 1508 1886 είπιῖν
1537 1806 1659 1886 κατλ
1693 1806 1792 1885 άν-

1904 1826 1965 1882 ιιίί
1999 1829 2231 1900 gratiam
2258 1806 2462 1886 iactum
2494 1847 2510 1887 :
2540 1806 2858 1903 quanquam
2912 1832 3022 1890 hoc
3066 1806 3200 1891 vere
3241 1806 3362 1892 dici.
3378 1851 3492 1892 non

185 1927 312 1998 δρὸς
381 1926 522 1996 μετὰ
580 1927 764 1996 πάσης
828 1926 1122 1997 ἀκριϐείας
1174 1925 1638 1994 φιλοσοφοῦντος,
1697 1921 1793 1977 καὶ

190 2020 402 2086 σφόδρα
436 2018 844 2087 θαυμασθέντος
873 2018 1092 2080 αὐτοῖς·
1133 2016 1204 2069 τὰ
1223 2015 1278 2068 δὲ
1319 2015 1458 2085 ἔργα
1484 2015 1665 2083 πάσης
1697 2014 1791 2067 ὑπ·

193 2111 352 2177 οᾲίας
374 2108 778 2178 ἀπηλλαγμένα
810 2111 917 2161 πᾶν
936 2108 1240 2178 ἐμφράττει
1265 2108 1438 2178 στόμα
1470 2105 1794 2175 φιλόνεικον,

186 2202 358 2270 ἧγουν
415 2199 528 2268 (2:!)
576 2201 609 2270 ὴ
668 2199 761 2252 τοῦ
813 2198 1133 2268 παραλύτου
1185 2196 1520 2265 σύσφιγξις,
1570 2195 1666 2248 καὶ
1722 2195 1794 2248 τά

192 2291 361 2343 λοιπὰ
415 2290 711 2360 θαύματα·
747 2291 881 2362 παρ’
914 2290 1098 2354 αὐτοῖς
1146 2289 1320 2342 δντων
1360 2288 1423 2358 δὴ
1473 2289 1581 2341 τῶν
1630 2286 1794 2358 θερα-
1851 2304 1857 2310 ’

193 2385 514 2437 πευθέντων
537 2385 632 2436 καὶ
655 2383 1156 2454 πληροφορούντων
1183 2381 1399 2446 αύτούς.
1423 2379 1608 2446 Αὐτὰ,
1630 2381 1791 2452 φησι,

193 2479 264 2530 τὰ
291 2477 460 2545 ἔργα,
501 2474 540 2528 ἆ
563 2475 680 2544 ἐγὼ
716 2475 890 2539 ποιῶ,
911 2475 1204 2545 μαρτυρεῖ
1249 2477 1381 2543 περὶ
1411 2473 1582 2544 ἐμοῦ,
1629 2472 1719 2527 ὅτι
1764 2474 1799 2526 ό

196 2569 402 2634 Πατήρ
428 2585 507 2637 με
529 2569 942 2622 ἀπέσταλκεν.

262 2663 380 2714 Οὐκ
423 2658 545 2714 εἷπε
579 2661 656 2725 δὲ,
693 2662 983 2730 Μαρτυρεῖ
1021 2661 1104 2712 ὅτι
1138 2661 1252 2722 ῖσος
1295 2659 1414 2728 εἰμὶ
1461 2658 1537 2728 τῷ
1582 2659 1795 2728 Πατρὶ,

192 2753 336 2814 ἀλλ’,
359 2755 443 2806 ὄτι
482 2753 545 2805 '0
570 2751 773 2820 Πατήρ
802 2770 880 2821 με
896 2750 1247 2806 ἀπέσταλκε
1267 2766 1281 2781 ·
1311 2750 1489 2804 καίτοι
1515 2750 1609 2802 καὶ
1641 2747 1800 2803 τοῦτο

191 2850 418 2900 κακεῖνο
473 2845 820 2916 ἐμαρτύρουν
856 2846 1026 2915 ὅμως,
1069 2846 1116 2897 εί
1144 2843 1258 2914 (25)
1296 2844 1390 2896 καὶ
1435 2841 1621 2913 μεῖζον
1646 2837 1714 2912 ἦν
1738 2841 1800 2894 τὸ

195 2939 558 3008 πιστευθῆναι
611 2940 714 2991 ὅτι·
747 2940 859 3000 Eoo;
909 2936 1029 2990 ἐστὶ
1075 2935 1152 3007 τῷ
1192 2936 1404 3006 Πατρὶ,
1451 2935 1587 2988 ἀλλά
1629 2949 1692 3003 γε
1739 2933 1800 2985 τὸ

193 3026 372 3104 ἦττον
425 3031 671 3084 τέθεικεν
719 3030 793 3093 ὡς
854 3030 1092 3098 μάλιστα
1142 3025 1443 3098 τηνικαῦτα
1502 3022 1800 3088 σπουδαζό-

1899 1928 2119 1994 poterat
2142 1919 2411 1976 adversus
2436 1921 2639 1990 virum,
2697 1924 2791 1994 qui
2858 1924 3013 1980 omni
3038 1939 3165 1981 cum
3207 1925 3496 1999 diligentia

1905 2009 2370 2087 suo_t‘ungebatur
2407 2027 2660 2079 munere,
2693 2022 2752 2069 et
2775 2015 2922 2086 apud
2940 2030 3138 2072 omnes
3176 2018 3494 2075 vehementi

1900 2101 1958 2157 in
2020 2102 2390 2161 admiratione
2441 2105 2801 2163 habebatur:
2863 2122 3055 2164 verum
3117 2124 3290 2182 opera
3345 2111 3499 2168 omni

1901 2195 2220 2266 suspicione
2246 2196 2442 2263 libera,
2465 2205 2795 2254 cunctorum
2821 2213 2915 2256 ora
2939 2191 3286 2258 contentiosa
3331 2200 3492 2258 obtu-

1901 2292 2121 2353 rabant,
2212 2297 2347 2360 puta
2400 2290 2685 2362 paralytici
2748 2291 3124 2359 conﬁrmatio,
3172 2302 3490 2365 ceteraque

1903 2380 2166 2436 miracula
2194 2397 2209 2435 :
2253 2397 2380 2437 cum
2409 2383 2554 2454 apud
2576 2397 2674 2439 eos
2697 2393 2890 2440 essent
2913 2385 3006 2456 qui
3035 2387 3212 2442 curati
3233 2394 3410 2453 erant,
3444 2397 3502 2442 et

1902 2473 2123 2544 plenam
2152 2473 2234 2530 eis
2257 2474 2423 2531 ﬁdem
2461 2475 2760 2533 faciebant.
2784 2474 2986 2546 Opera,
3034 2476 3239 2553 inquit,
3264 2495 3383 2551 qua:
3405 2496 3501 2552 ego

1902 2566 2063 2634 facio,
2104 2565 2459 2635 testiﬁcantur
2501 2569 2568 2623 de
2605 2584 2710 2635 me,
2756 2571 2898 2640 quod
2938 2569 3102 2626 Pater
3148 2573 3354 2628 miserit
3395 2589 3501 2627 me.

1974 2655 2092 2713 Non
2117 2658 2257 2714 dixit
2282 2668 2467 2714 autem
2493 2660 2948 2728 :Testillcantur,
2969 2663 3117 2734 quod
3146 2665 3375 2735 aequalis
3395 2665 3502 2720 sim

1904 2747 2074 2812 Patﬁ,
2117 2749 2238 2816 sed,
2274 2755 2418 2822 quod
2450 2749 2619 2807 Pater
2652 2753 2858 2806 miserit
2917 2744 3022 2809 me.
3067 2755 3238 2825 Atqui
3278 2764 3336 2810 et
3369 2755 3498 2822 hoc,

1902 2847 1956 2893 et
1979 2839 2111 2894 illud
2130 2839 2594 2896 testiﬁcabantur.
2618 2841 2819 2898 Verum
2837 2841 2943 2899 etsi
2965 2843 3144 2915 majus
3165 2857 3283 2900 erat
3307 2855 3366 2900 ut
3385 2861 3505 2902 cre-

1905 2930 2134 2987 deretur
2184 2930 2414 3001 aequalis
2448 2945 2574 2987 esse
2629 2929 2800 2995 Patri,
2857 2931 3042 2988 minus
3074 2941 3257 2987 tamen
3291 2933 3500 3003 posuit,

1906 3037 2108 3094 nempe
2133 3021 2188 3078 id
2220 3023 2368 3093 quod
2401 3031 2533 3079 tunc
2556 3022 2798 3078 maxime
2821 3022 3237 3079 intendebatur.
3274 3024 3506 3080 Volebat

198 3140 387 3193 μνον.
425 3121 710 3175 Ἐϐούλετο
731 3122 841 3192 15:9
869 3118 1087 3190 πρῶτον
1115 3117 1478 3189 πιστευθῆναι
1506 3117 1590 3169 ὅτι
1613 3117 1640 3168 ό
1658 3113 1798 3179 Θεὸς

1906 3131 2149 3188 namque
2207 3117 2388 3187 primo
2447 3116 2623 3182 credi,
2684 3117 2835 3188 quod
2899 3132 2960 3173 se
3009 3117 3156 3172 Deus
3216 3117 3501 3173 misisset-

195 3213 525 3268 ἀπέστειλεν
554 3213 743 3266 αὐτόν.
791 3212 998 3265 Τούτου
1040 3210 1150 3280 γὰρ
1182 3209 1566 3271 πιστευθέντος
1601 3207 1698 3262 καὶ
1735 3206 1800 3260 τὸ

1907 3208 2014 3264 hoc
2047 3208 2196 3263 enim
2227 3207 2465 3275 credito,
2502 3208 2777 3279 reliquum
2800 3207 3023 3265 facilius
3042 3217 3164 3264 erat
3186 3209 3256 3264 ad
3275 3210 3507 3266 creden-

201 3306 334 3362 ἄλλο
373 3305 559 3377 ῥᾴδιον
584 3298 674 3374 ἦν.

297 3396 464 3452 Ἀλλά
496 3395 617 3458 πῶς
649 3394 718 3448 τὰ
745 3393 882 3466 ἔργα
925 3393 1274 3465 ἐμαρτύρουν
1303 3393 1383 3446 ὃτι
1412 3393 1441 3446 ό
1466 3391 1601 3455 Θεὸς
1641 3389 1803 3444 αὑτὸν

202 3490 588 3554 ἀπέσταλκεν;
629 3488 718 3550 Ὠς
765 3487 934 3556 μόνης
966 3485 1105 3556 ἔργα
1137 3485 1290 3548 θείας
1327 3485 1638 3554 δυνάμεως.
1680 3485 1804 3538 Τοι-

210 3583 352 3638 αῦτα
380 3581 490 3652 γὰρ
525 3579 773 3642 ἀντίθεος
807 3579 985 3631 ποιεῖν
1025 3579 1127 3629 οὐκ
1161 3576 1416 3648 ἠδύνατο.
1454 3577 1518 3630 El
1565 3577 1676 3646 γὰρ
1709 3577 1803 3630 καὶ

203 3681 318 3747 τοῖς
376 3675 651 3744 θαύμασιν
706 3673 988 3725 ἀντειπεῖν
1037 3669 1414 3740 ἀναισχύντως
1451 3667 1803 3736 ἐτόλμησαν,

205 3769 282 3831 ὡς
309 3769 370 3820 ὲν
393 3765 471 3836 τῷ
505 3764 737 3834 εἰκοστῷ
764 3763 1006 3833 δευτέρῳ
1042 3760 1324 3831 κεφαλαίῳ
1342 3757 1436 3812 τοῦ
1469 3757 1611 3813 κατὰ
1648 3759 1804 3813 Ματ-

206 3862 364 3914 θαίον
399 3859 702 3928 ἱστόρηται,
735 3855 986 3924 λέγοντες
1005 3869 1020 3884 ·
1054 3851 1248 3920 Οὗτος
1278 3855 1392 3907 οὐκ
1422 3851 1707 3906 ἐκϐάλλει
1730 3850 1806 3905 τὰ

204 3953 511 4022 δαιμόνια,
543 3952 594 4004 ει
629 3948 716 4019 μὴ
764 3949 835 4003 ἐν
859 3946 942 4014 τῷ
979 3945 1344 4008 Βεελζεσνὺλ
1395 3945 1643 4015 ἄρχοντι
1687 3943 1808 3999 τῶν

205 4045 576 4115 δαιμονίων·
635 4042 754 4096 ἀλλ’
780 4039 878 4094 οὖν
904 4042 1114 4110 ταχέως
1158 4037 1637 4110 ὲπεστομίοθησαν
1690 4039 1808 4091 ἐκεῖ

202 4146 298 4195 καὶ
337 4140 516 4209 μάτην
545 4136 914 4208 φλυαροῦντες
936 4132 1305 4205 ἠλέγχθησαν.

279 4289 393 4376 Keil
418 4350 487 4360 —
515 4319 684 4388 ἐμοῦ.
723 4317 835 4371 Ποῦ
867 4315 1266 4387 μεμαρτύρηκε
1303 4313 1436 4384 περὶ
1464 4311 1667 4377 αὐτοῦς
1699 4313 1807 4382 Δη-

204 4415 374 4468 λώσει
435 4412 642 4482 προῖὼν
694 4411 778 4464 ὅτι
826 4411 884 4462 ὲν
940 4410 1061 4471 ταῖς
1098 4408 1366 4477 Γραφαῖς.
1401 4406 1510 4457 Kal.
1559 4405 1668 4474 μὴν
1714 4403 1808 4456 καὶ

1907 3301 2063 3358 dum.

1984 3394 2391 3464 Sedquomodo
2442 3410 2610 3467 opera
2673 3395 3109 3454 testificabantur
3175 3399 3320 3471 quod
3364 3399 3507 3455 Deus

1904 3503 2034 3545 eum
2058 3489 2344 3544 misisset?
2377 3488 2840 3545 Testiileabantur
2883 3490 2960 3559 id,
3013 3500 3270 3562 tanquam
3341 3510 3507 3564 Opera

1911 3579 2084 3636 solius
2111 3579 2317 3636 divina
2340 3579 2590 3635 virtutis.
2617 3580 2926 3651 Siquidem,
2954 3643 2958 3647 ,
2985 3583 3079 3652 qui
3114 3582 3228 3638 Deo
3285 3594 3510 3640 contra-

1908 3669 2026 3724 rius
2094 3677 2275 3734 esset,
2338 3668 2652 3740 hujusmodi
2693 3668 2875 3726 facere
2909 3686 3022 3726 non
3080 3682 3294 3742 poterat
3325 3690 3341 3728 :
3372 3689 3500 3729 nam

1908 3761 2040 3817 licet
2052 3761 2333 3818 miraculis
2350 3762 2733 3820 contradicere
2756 3764 3108 3836 impudenter
3131 3769 3475 3822 attentaLant
3490 3811 3507 3836 ,

1910 3853 2055 3911 sicut
2105 3853 2372 3910 vicesimo
2435 3858 2685 3912 secundo
2732 3858 2890 3928 juxta
2939 3857 3261 3916 Mattba'aum
3317 3865 3501 3935 capite

1910 3948 2176 4019 scriptum
2231 3956 2338 4009 est.
2393 3946 2686 4004 dicentes:
2749 3951 2995 4006 Hicnou‘
3025 3953 3174 4022 ejieit
3217 3956 3509 4020 άιεηιοηῑα.

1911 4042 2014 4096 uisi
2031 4055 2126 4109 per
2151 4038 2430 4094 Beelzebul
2457 4041 2752 4110 principem
2787 4044 3175 4099 daemoniorum
3206 4045 3264 4112 ³;
3304 4048 3399 4104 sed
3436 4049 3512 4104 ibi

1911 4132 2074 4188 citius
2111 4145 2175 4187 os
2198 4130 2313 4186 illis
2361 4132 2694 4200 obstruitur,
2751 4143 2808 4189 et
2837 4150 2977 4191 vane
3031 4137 3226 4208 nugari
3277 4139 3512 4194 convin-

1911 4235 2136 4280 cuntur.

1985 4316 2140 4372 Vers.
2173 4316 2264 4372 37.
2299 4318 2366 4371 Et
2396 4347 2466 4357 —
2496 4335 2596 4373 me.
2663 4320 2769 4376 Ubi
2829 4320 2898 4376 de
2959 4321 3083 4391 ipso
3131 4324 3508 4381 testimonium

1911 4409 2243 4478 perhibuit?
2303 4409 2364 4464 in
2439 4411 2796 4481 sequentibus
2844 4412 3192 4483 signiﬁcabit,
3235 4417 3382 4485 quod
3455 4419 3512 4472 in

209 4505 616 4582 βαπτιζομένου
691 4500 1086 4572 μεμαρτύρηκε
1133 4497 1265 4566 περὶ
1330 4494 1498 4549 αὑτοῦ
1525 4493 1800 4582 ,ῌλέγωνε

1917 4500 2254 4570 Scripturis:
2311 4517 2624 4573 quanquam
2684 4505 2875 4568 etiam,
2927 4507 3059 4560 dum
3115 4507 3511 4578 baptizaretur,

202 4580 397 4666 Οὗτός
444 4600 616 4652 ἐστιν
649 4598 682 4650 ὀ
710 4596 842 4660 Υίός
865 4611 986 4663 μου
1007 4595 1039 4645 o'
1062 4590 1394 4660 ἀγαπητὸς,
1441 4587 1512 4640 ἐν
1553 4580 1601 4639 ὦ
1636 4584 1812 4640 εὐδό-

207 4715 377 4766 κησα
409 4696 545 4766 (23).
581 4693 692 4746 Καὶ
725 4690 883 4753 αὖθις
929 4686 1482 4759 μεταμορφουμένου.
1516 4684 1679 4737 Ἀλλὰ
1711 4682 1808 4754 βα-

210 4790 542 4859 πτιζομένου
577 4786 698 4854 μὶν,
730 4784 780 4837 εἰ
808 4783 905 4837 καὶ
937 4776 1568 4854 ἡκουσαν,ἀμφέ6αλλον
1591 4791 1604 4807 ⁸
1645 4794 1813 4848 μετα·

205 4881 602 4953 ,μορφουμένου
640 4875 718 4938 δὲ,
749 4874 870 4927 οὐδὲ
901 4874 1141 4943 ἤκουσαν
1171 4870 1348 4923 αὐτοί.
1391 4867 1493 4922 Διά
1525 4867 1686 4921 τοῦτο
1708 4869 1810 4933 τὰς

211 4974 474 5033 τοιαύτας
511 4965 819 5039 μαρτυρίας
862 4960 1239 5034 παραδραμὼν
1275 4961 1411 5031 πρὸς
1444 4963 1542 5024 τὰς
1582 4960 1810 5031 Γραφὰς

215 5069 418 5128 αὐτοὺς
456 5063 841 5134 παραπέμπει,
887 5059 989 5121 τας
1037 5059 1094 5111 ἐν
1138 5057 1327 5128 χερσὶν
1375 5052 1541 5115 οὔσας
1587 5054 1674 5108 ἀεὶ
1717 5055 1812 5107 καὶ

217 5143 672 5229 ἀναντιρρητους.
723 5153 883 5206 Ἀλλὰ
916 5149 1011 5204 τοῦ
1025 5168 1077 5203 το
1122 5149 1221 5219 μὲν
1248 5147 1396 5201 ποιεῖ
1429 5145 1661 5218 προϊών.
1695 5145 1810 5198 Νῦν

217 5255 274 5307 δὲ
304 5255 396 5307 ἴνα
427 5253 502 5322 μὴ
549 5248 930 5319 ἁπαιτήσωσιν
960 5246 1122 5298 αὑτὸν
1155 5241 1468 5311 αὐτόφωνον
1509 5241 1605 5294 καὶ
1646 5239 1811 5294 αύτοο

330 5437 351 5467 ³
394 5432 535 5490 Psal.
563 5448 749 5500 cxm,
785 5432 874 5485 l7.
986 5429 1007 5460 ³
1060 5425 1251 5482 Matth.
1288 5440 1386 5491 xu,
1421 5425 1510 5481 ει.

1918 4593 2295 4648 testimonium
2326 4594 2393 4649 de
2424 4611 2490 4649 eo
2518 4596 2819 4664 perhibuit,
2850 4596 3084 4651 dicens':
3117 4602 3309 4655 Hicest
3342 4600 3512 4674 Filius

1918 4702 2062 4740 meus
2119 4686 2362 4752 dilectus,
2413 4689 2468 4740 in
2514 4704 2616 4758 quo
2678 4689 2808 4742 mihi
2864 4691 3238 4760 complacitum
3263 4705 3341 4747 est
3378 4695 3418 4748 ⁸.
3449 4694 3516 4749 Et

1917 4793 2132 4841 rursus.
2167 4793 2293 4833 cum
2326 4778 2840 4835 transformaretur.
2900 4781 3009 4836 Sed
3040 4799 3164 4838 cum
3203 4784 3515 4855 baptizare-

1919 4883 2028 4938 tur,
2091 4872 2219 4926 licet
2294 4871 2616 4938 audierunt,
2669 4872 3029 4928 dubitabant:
3110 4890 3234 4929 cum
3325 4886 3510 4931 autem

1920 4963 2456 5030 transformaretur,
2544 4978 2616 5018 ne
2689 4964 2989 5041 audierunt
3084 4967 3308 5038 quidem
3381 4968 3511 5039 ipsi.

1919 5057 2131 5113 ldcirco
2186 5057 2578 5129 praetermissis
2640 5057 2964 5128 huiusmodi
3035 5061 3390 5126 testimoniis,
3446 5061 3511 5116 ad

1923 5151 2239 5221 Scripturas
2270 5165 2366 5205 eos
2405 5150 2753 5217 transmittit,
2819 5167 2960 5221 quas
2989 5167 3209 5223 semper
3247 5153 3306 5208 in
3338 5153 3519 5208 mani-

1922 5241 2024 5297 bus
2059 5243 2354 5310 habebant,
2383 5257 2492 5298 uec
2516 5241 2600 5298 fas
2628 5252 2749 5298 erat
2803 5243 2912 5299 illis
2954 5246 3332 5303 contradicere
3362 5263 3379 5317 ;
3416 5245 3513 5302 sed
3552 5322 3559 5327 _

1631 5427 1652 5458 δ
1680 5426 1870 5484 Matth.
1902 5442 1981 5494 ιιι,
2050 5426 2139 5480 17.

1405 5585 1608 5647 Vat-im
1633 5584 1938 5646 lectiones
1986 5591 2045 5644 ct
2078 5591 2270 5647 notm.

300 5764 417 5835 (‘22)
457 5762 635 5835 Malim
664 5756 796 5822 οἷον,
829 5777 927 5835 pro
984 5762 1175 5835 ἦγουν.

302 5826 414 5904 (25)
480 5826 1166 5889 ΕίαίιιιειΑ.’λΙοι’ἰαοιιι
1219 5830 1382 5887 habet
1426 5826 1738 5884 πιστευθὲν.

1998 5757 2109 5830 (il)
2147 5759 2430 5832 ΙΙύὸόκησα
2463 5763 2525 5815 Α.
