4110 6430
612 375 746 439 1231

602 784 777 839 neque
805 769 1043 838 speciem
1065 772 1187 838 ejus
1211 769 1476 824 vidimus:
1503 769 1816 835 conﬁtetur,
1834 770 1980 840 quod
2010 769 2083 824 illi
2104 771 2193 824 di-

601 862 738 916 cturi
781 871 937 916 erant
971 879 986 925 ;
1014 863 1327 917 conﬁtendo
1352 862 1589 928 vero,ad
1612 872 1815 917 rectam
1855 877 1952 918 eos
1997 862 2194 917 doctri-

601 971 723 1009 nam
753 954 1161 1018 reducit,_dans
1202 953 1639 1022 intelligendum,
1684 953 1828 1024 quod
1871 968 2050 1023 neque
2084 968 2191 1007 vox

599 1048 669 1101 sit
726 1045 872 1115 apud
925 1045 1118 1109 Deum,
1177 1059 1353 1113 neque
1417 1047 1632 1115 species
1681 1063 1694 1098 :
1749 1045 2016 1115 siquidem
2072 1045 2189 1101 haec

597 1155 887 1209 corporum
917 1147 1074 1202 sunt,
1103 1135 1248 1192 Deus
1276 1149 1458 1192 autem
1502 1139 1837 1208 incorporea:
1862 1146 1948 1192 est
1975 1146 2187 1192 natura:

597 1243 691 1286 aut
714 1232 893 1301 potius
910 1246 1074 1300 supra
1099 1245 1301 1301 corpus
1338 1241 1394 1284 et
1425 1245 1587 1300 supra
1617 1238 1883 1284 naturam.

675 1323 832 1378 Vers.
873 1323 962 1377 '57.
1000 1321 1181 1392 Neque
1207 1351 1274 1362 —
1301 1323 1526 1376 vidistis.
1580 1321 1747 1392 Atqui
1782 1321 1934 1375 multi
1991 1335 2180 1376 vocem

596 1417 716 1485 ejus
749 1414 1069 1484 frequenter
1097 1413 1448 1479 audiverunt,
1474 1424 1530 1469 et
1557 1414 1794 1484 speciem
1850 1413 1970 1482 ejus
2029 1413 2183 1468 vide-

595 1518 741 1567 runt.
781 1509 923 1562 s'cut
967 1507 1020 1560 in
1071 1506 1370 1576 Scripturis
1418 1506 1486 1560 de
1509 1505 1738 1560 diversis
1768 1505 2036 1574 scriptum
2094 1511 2188 1590 est.

590 1601 754 1654 variis
791 1602 843 1654 in
872 1600 1026 1655 locis.
1059 1598 1167 1654 Sed
1198 1613 1304 1654 vox
1332 1599 1421 1652 illa
1454 1609 1510 1653 et
1535 1599 1746 1668 species
1777 1597 1903 1661 fuit,
1946 1613 2056 1651 non
2087 1613 2179 1652 sc-

589 1692 829 1746 cimdum
863 1692 957 1769 Dei
999 1703 1275 1756 naturam,
1306 1691 1401 1747 sed
1436 1691 1490 1744 in
1514 1691 1756 1745 hominis
1788 1690 2174 1746 similitudine.

658 1784 818 1837 Vers.
858 1784 948 1839 58.
982 1783 1048 1837 Et
1076 1813 1143 1822 —
1176 1783 1341 1837 vobis.
1381 1782 1450 1836 Et
1473 1781 1627 1852 quid,
1669 1782 1868 1852 inquit,
1933 1782 2056 1836 dico
2104 1781 2174 1836 de

1863 376 2243 442 EUTHYMII
2284 379 2652 442 ZIGABENI

609 498 713 550 hoc
745 496 797 549 in
829 510 1125 566 progressu
1161 492 1287 549 facit
1319 513 1332 549 :
1365 507 1513 548 nunc
1541 503 1747 556 autem,
1804 508 1874 548 ne
1933 504 2168 565 expetan

2276 512 2597 566 ηπροσωπον
2636 498 2947 567 μαρτυρίαν
2983 498 3076 550 τοῦ
3118 498 3276 564 Θεοῦ,
3309 497 3559 567 λέγοντες
3585 515 3601 529 ·

603 587 699 642 Dei
734 587 1101 642 testimonium
1132 601 1160 639 a
1185 585 1401 656 propria
1426 599 1561 640 voce
1583 595 1638 640 et
1657 601 1686 639 a
1715 587 1938 656 propria
1960 601 2196 656 persona

604 679 848 733 dicentes
895 693 909 730 :
957 675 1146 745 Neque
1183 691 1370 734 vocem
1400 677 1521 747 ejus
1583 677 1894 732 audivimus
1928 694 2197 747 unquam,

3767 382 3902 446 1292

3649 500 3733 552 ὅτι
3764 500 3902 553 Dim

2310 585 2494 656 φωνὴν
2519 586 2686 642 αὐτοῦ
2711 588 3029 658 ἀκηκόαμεν
3075 589 3322 655 πώποτε,
3365 588 3492 641 οὔτε
3538 582 3684 648 εἶδος
3730 588 3899 643 αὑτοῦ

2308 675 2670 748 ἑωράκαμεν·
2710 677 3066 748 συνομολογεῐ
3110 680 3208 746 μὲν
3240 679 3268 731 6
3297 679 3521 749 ἔμελλον
3548 678 3764 747 λέγειν·
3813 679 3900 734 διά

2308 769 2364 822 δὲ
2389 769 2484 824 τοῦ
2532 771 2916 840 συνομολογεῖν
2967 773 3047 833 εἰς
3097 771 3389 840 φιλόσοφον
3447 774 3644 834 αὐτοὺς
3704 773 3900 838 ἀνάγει

2305 860 2504 931 δόγμα,
2545 863 2722 925 διδοὺς
2753 865 2892 915 νοεῖν
2933 864 3016 916 ὅτι
3053 861 3177 916 οὔτε
3227 867 3380 934 φωνὴ
3428 865 3558 934 περὶ
3607 862 3740 915 Θεὸν
3774 861 3900 914 οὔτε

2303 948 2468 1020 εἶδος.
2525 953 2714 1008 Ταῦτα
2773 955 2874 1014 μὲν
2921 954 3030 1024 γὰρ
3081 955 3350 1024 σωμάτων
3395 955 3555 1021 εἰσίν,
3591 955 3619 1006 ὁ
3662 953 3720 1005 δὲ
3766 954 3900 1014 θεὸς

2303 1043 2595 1114 ἀσώματος
2614 1045 2797 1115 φύσις,
2827 1044 3027 1098 μᾶλλον
3047 1044 3104 1098 δὲ
3127 1045 3567 1115 ύπερασώματος
3603 1045 3701 1096 καὶ
3723 1041 3900 1112 ὑπερ-

2301 1139 2463 1207 φυήςο

2364 1296 2516 1350 Οὔτε
2542 1327 2612 1335 -
2642 1296 2960 1365 ἑωράκατε.
2980 1295 3106 1366 ’Καὶ
3147 1293 3255 1365 μὴν
3279 1295 3468 1348 πολλοὶ
3501 1297 3772 1360 πολλάκις
3805 1301 3899 1352 καὶ

2297 1389 2484 1460 φωνὴν
2515 1389 2685 1443 αὐτοῦ
2719 1391 3006 1461 ἥκουσαν,
3029 1390 3123 1442 καὶ
3156 1385 3292 1452 εἶδος
3340 1389 3506 1442 αὑτοῦ
3557 1391 3898 1460 ἑωράκασιν,

2294 1484 2371 1547 ὡς
2407 1485 2466 1536 ἐν
2492 1485 2614 1548 ταῖς
2657 1483 2904 1554 Γραφαϊς
2956 1483 3088 1553 περὶ
3121 1481 3398 1552 διαφόρων
3436 1483 3717 1552 διαφόρως
3751 1484 3900 1534 ἱστό-

2295 1592 2485 1646 ρηται.
2534 1575 2698 1628 Ἀλλὰ
2729 1573 2919 1643 φωνὴν
2950 1573 3048 1627 καὶ
3081 1568 3228 1636 εἶδος
3261 1573 3324 1626 οὑ
3360 1573 3504 1625 κατὰ
3535 1573 3702 1627 φύσιν
3733 1571 3894 1634 Θεοῦ,

2294 1666 2416 1720 καθ’
2457 1667 2720 1737 ὁμοίωσιν
2748 1667 2805 1720 δὲ
2829 1665 3148 1738 ἀνθρώπου.

2359 1783 2472 1836 Καὶ
2509 1812 2578 1823 -
2628 1781 2792 1852 ὑμῖν.
2830 1781 2943 1836 Καὶ
2985 1779 3040 1834 τι
3085 1779 3255 1848 λέγω,
3314 1781 3473 1852 φησι,
3531 1780 3664 1851 περὶ
3705 1780 3894 1851 φωνῆς

589 1892 744 1943 voce,
779 1892 906 1946 qua:
956 1875 1178 1946 propria
1225 1875 1402 1945 ipsius
1454 1890 1561 1930 vox
1624 1883 1798 1938 esset,
1833 1885 1930 1930 aut
1988 1875 2168 1945 specie

2283 1873 2602 1944 αὑτοφῶνου
2627 1875 2725 1928 καὶ
2747 1874 2925 1938 εἴδους
2952 1871 3433 1944 αὺτοπροσώπους
3475 1872 3620 1926 Ἀλλ’
3647 1874 3772 1927 οὐδὲ
3797 1873 3896 1928 τὸν

586 1968 820 2038 propria:
884 1967 1059 2036 ipsius
1120 1982 1395 2036 personae,
1445 1981 1573 2021 cum
1625 1982 1809 2038 neque
1859 1982 2175 2022 sermonem

588 2057 708 2127 ejus
743 2056 996 2110 habeatis
1024 2063 1337 2110 manentem
1367 2055 1424 2109 in
1457 2055 1646 2119 vobis,
1696 2069 1860 2126 quem
1883 2071 1981 2126 per
2001 2055 2176 2127 legero

585 2166 648 2205 ac
687 2149 986 2220 prophetas
1008 2149 1228 2204 locutus
1260 2156 1364 2212 est,
1395 2157 1452 2203 et
1499 2149 1725 2218 putatis,
1751 2148 1899 2204 hunc
1955 2165 2051 2204 vos
2081 2151 2179 2204 ha-

586 2245 717 2298 bere
750 2250 1065 2297 manentem
1109 2240 1164 2294 in
1219 2239 1398 2308 vobis,
1436 2251 1493 2297 et
1548 2242 1616 2296 de
1665 2243 1787 2312 ipso
1841 2242 2172 2313 gloriamini.

585 2332 794 2388 Deinde
818 2331 1134 2398 confirmat,
1161 2329 1308 2401 quod
1353 2330 1507 2398 dixit,
1538 2329 1644 2386 hoc
1671 2331 1834 2386 modo
1895 2332 2028 2386 illud
2083 2346 2174 2387 os-

586 2427 844 2482 tendens.

654 2517 811 2572 Vers.
866 2519 956 2574 ‘58.
1009 2517 1176 2584 Quem
1225 2519 1366 2574 enim
1416 2548 1486 2559 —
1536 2519 1767 2573 creditis.
1846 2516 1981 2572 Nam
2045 2533 2172 2572 cum

582 2624 786 2674 sermo,
839 2610 932 2680 qui
1006 2625 1102 2680 per
1145 2612 1317 2683 legem
1377 2610 1540 2666 datus
1604 2620 1688 2665 est
1722 2624 1786 2664 ac
1845 2610 2170 2680 prophetas,

582 2704 810 2766 clamet,
846 2703 990 2771 quod
1037 2702 1198 2756 Pater
1226 2701 1425 2756 Filium
1486 2717 1648 2756 suum
1681 2701 1894 2756 miserit
1929 2703 1996 2756 ad
2020 2705 2168 2755 salu-

579 2803 686 2846 tem
716 2801 974 2859 vestram,
1003 2803 1056 2849 et
1085 2793 1230 2863 quod
1267 2808 1363 2848 vos
1417 2791 1493 2847 iiii
1517 2792 1745 2848 credere
1775 2800 2044 2862 oporteat,
2075 2807 2169 2846 vos

579 2892 764 2936 autem
831 2883 980 2947 huic,
1073 2899 1234 2952 quem
1331 2884 1420 2938 ille
1499 2885 1650 2937 ni'isit
1721 2899 1830 2938 non
1915 2885 2166 2949 creditis,

575 2974 802 3027 omnino
862 2987 971 3026 non
1017 2972 1345 3028 auscultatis
1399 2974 1662 3042 praedicto
1709 2975 1831 3045 ejus
1877 2976 2162 3030 sermoni:

575 3082 702 3118 eum
731 3076 915 3118 autem
953 3065 1032 3119 illi
1072 3081 1182 3120 non
1228 3067 1576 3132 auscultetis,
1614 3082 1723 3122 non
1752 3067 1965 3124 habetis
2019 3085 2168 3124 eum-

574 3162 690 3213 sive
717 3161 922 3214 donum
951 3161 1123 3231 ipsius
1158 3178 1172 3226 ;
1207 3161 1447 3216 avolavit
1504 3163 1654 3216 enim
1684 3177 1714 3216 a
1738 3163 1910 3218 vobis.
1939 3161 2161 3230 Verum,

573 3266 641 3305 ne
693 3252 878 3305 dicant
916 3270 929 3306 :
964 3253 1020 3306 Si
1073 3267 1203 3322 ergo
1267 3268 1458 3308 vocem
1497 3255 1619 3324 ejus
1678 3269 1788 3310 non
1821 3256 2155 3323 audivimus,

571 3346 846 3414 quomodo
875 3343 962 3398 ille
991 3344 1316 3398 testificatus
1346 3353 1432 3398 est
1464 3346 1531 3400 de
1556 3354 1607 3401 te
1641 3345 1664 3396 2
1689 3347 1768 3400 ait
1809 3363 1822 3400 :

647 3437 796 3492 Vers.
820 3437 908 3492 59.
951 3434 1626 3508 ScrutaminiScripturas.
1679 3437 1904 3510 Legales
1937 3455 2000 3496 ac
2038 3456 2162 3510 pro-

566 3531 839 3600 pheticas,
875 3529 1002 3584 inde
1033 3528 1180 3582 enim
1223 3537 1306 3582 est
1343 3528 1719 3582 testimonium
1748 3545 1778 3583 a
1814 3529 1995 3586 Patre.
2031 3532 2163 3586 Vide

569 3633 780 3687 autem,
807 3623 955 3691 quod
972 3637 1081 3676 non
1118 3621 1363 3675 dixerit:
1397 3618 1607 3692 Legite,
1629 3622 1754 3688 sed,
1789 3624 2162 3687 Scruiamini;

571 3719 647 3770 iiii
677 3716 952 3785 siquidem
979 3713 1254 3785 legebant,
1290 3721 1346 3766 at
1389 3728 1497 3768 non
1537 3714 1950 3781 scrutabantur,
1999 3717 2161 3770 idcir-

569 3828 634 3864 σο
684 3825 785 3864 eos
842 3809 1076 3863 scrutari
1114 3807 1316 3877 jubet:
1373 3821 1500 3860 nam
1553 3822 1678 3862 cum
1725 3822 1788 3862 ea
1824 3823 1944 3877 qua:
2000 3809 2069 3864 de
2093 3826 2160 3865 eo

567 3913 715 3966 sunt,
777 3902 1012 3955 obscure
1045 3899 1248 3967 scripta
1285 3898 1396 3954 sint
1423 3899 1632 3956 utiliter
1662 3910 1717 3956 et
1749 3900 2158 3972 dispensatorie

572 4003 795 4064 propter
830 3991 1260 4046 imbecillitatem
1316 3991 1728 4062 progenitorum
1769 3994 2034 4062 ipsorum,
2089 4010 2159 4050 ne

566 4086 883 4140 exciderent
908 4084 976 4137 ad
999 4085 1225 4137 deorum
1248 4082 1842 4155 multitudinem,jubet
1863 4101 2012 4142 nunc
2061 4101 2158 4144 eos

566 4178 776 4238 fodere,
804 4185 956 4240 ut,ea
977 4190 1098 4241 qua
1130 4175 1239 4228 alte
1276 4175 1332 4227 in
1365 4175 1588 4230 modum
1648 4177 1893 4232 thesauri
1951 4195 2155 4234 recon-

566 4270 677 4323 dita
708 4279 856 4330 sunt,
889 4267 1106 4336 possint
1132 4267 1402 4322 invenire.

639 4358 795 4414 Vers.
833 4361 920 4413 59.
956 4357 1090 4422 Quia
1123 4387 1192 4396 —
1220 4357 1429 4412 habere.
1467 4359 1675 4414 Putatis
1693 4361 1914 4427 habere,
1963 4379 2154 4418 verum

564 4464 672 4502 non
699 4449 908 4502 habetis
938 4464 949 4497 :
975 4446 1098 4516 quia
1119 4447 1408 4514 superﬁcie
1449 4457 1610 4502 tenus
1637 4449 1812 4504 solum
1851 4467 1942 4506 eas
1970 4454 2150 4525 legen-

2283 1965 2445 2036 λόγον
2475 1965 2644 2019 αύτοῦ
2673 1966 2830 2036 ﬁxere
2885 1965 3120 2036 μένοντα
3167 1966 3227 2018 ιν
3275 1965 3426 2036 ὑμῖν,
3465 1965 3556 2017 τὸν
3587 1965 3680 2018 διὰ
3715 1966 3890 2035 νόμου

2281 2059 2375 2110 καὶ
2397 2057 2710 2128 προφητῶν
2742 2056 3070 2127 λαληθέντα,
3099 2059 3148 2109 si
3181 2058 3274 2110 καὶ
3306 2056 3487 2110 οἴεσθε
3519 2057 3714 2110 τοῦτον
3739 2058 3891 2126 ἔχειν

2284 2149 2520 2219 μένοντα
2561 2150 2621 2201 δν
2671 2150 2825 2219 ὑμῖν,
2877 2149 2974 2202 καὶ
3007 2147 3106 2201 ἐπὶ
3140 2147 3319 2219 τούτῳ
3351 2149 3715 2218 σεμνύνεσθε.
3753 2145 3893 2202 Εἶτα

2281 2239 2714 2307 κατασκευάζει,
2743 2239 2772 2292 6
2804 2238 3054 2311 εἴρηκεν,
3087 2241 3467 2294 ἀποδεικνύων
3493 2242 3652 2295 αὐτό.

2352 2512 2480 2565 Ὀτι
2508 2512 2582 2565 6r
2607 2541 2678 2552 -—-
2703 2513 3043 2566 πιστεύετε.
3081 2512 3239 2566 Ἐπεὶ
3268 2511 3376 2580 γὰρ
3409 2510 3436 2563 6
3461 2511 3561 2579 μὲν
3589 2510 3676 2564 διὰ
3709 2511 3882 2581 νόμον

2278 2605 2374 2657 καὶ
2410 2605 2711 2675 προφητῶν
2744 2605 2923 2668 δοθεὶς
2972 2605 3086 2673 (9.5)
3115 2605 3275 2672 λόγος
3323 2605 3442 2675 βοᾷ,
3485 2605 3570 2657 ὅτι
3605 2607 3634 2658 6
3684 2606 3882 2675 Πατὴρ

2276 2698 2569 2750 ἀπέστειλε
2602 2697 2696 2750 τὸν
2731 2696 2858 2750 Υιδν
2904 2697 3072 2750 αὐτοῦ
3125 2698 3219 2749 ἐπὶ
3256 2699 3504 2769 σωτηρίᾳ
3543 2698 3725 2768 ὑμῶν,
3783 2699 3881 2752 καὶ

2274 2787 2356 2840 ὅτι
2388 2787 2494 2858 χρὴ
2525 2789 2670 2857 ὑμᾶς
2699 2787 2875 2856 τούτῳ
2905 2787 3190 2840 πιστεύειν
3212 2803 3226 2817 ·
3262 2789 3419 2859 ὑμεῖς
3446 2789 3502 2841 δὲ
3525 2789 3592 2854 ὃν,
3611 2790 3878 2842 ἀπέστει-

2275 2877 2363 2929 λεν
2413 2880 2642 2945 ἐκεῖνος,
2669 2877 2846 2948 τούτῳ
2875 2880 2934 2931 ού
2970 2881 3257 2932 πιστεύετε
3280 2897 3295 2910 ·
3347 2880 3567 2944 πάντως
3603 2882 3664 2933 ού
3702 2899 3876 2953 προσ-

2273 2971 2429 3042 ἐχετε
2469 2971 2547 3041 τῷ
2569 2972 2865 3041 δηλωθέντι
2893 2972 3035 3043 λόγῳ
3071 2973 3259 3027 αὑτοῦ.
3304 2975 3394 3045 Μὴ
3427 2976 3792 3046 προσέχοντες
3815 2978 3873 3030 δὲ

2272 3064 2423 3134 αὐτῷ
2453 3065 2554 3117 ούκ
2583 3065 2736 3135 ἔχετε
2781 3065 2964 3128 αὑτὸν,
2992 3067 3161 3135 ἡγουν
3192 3067 3292 3136 τὴν
3315 3067 3476 3138 χάριν
3512 3068 3683 3121 αὐτοῦ
3703 3085 3722 3102 ο
3759 3071 3870 3122 ἀπο

2271 3157 2411 3226 ἐπτη
2442 3157 2550 3227 γὰρ
2575 3159 2668 3226 ἀφ’
2702 3157 2876 3226 ὑμῶν.
2906 3158 3024 3212 ’Ὶνα
3064 3158 3120 3210 δὲ
3156 3161 3231 3229 μὴ
3279 3160 3634 3224 εἷπωσιν,ὅτι
3677 3165 3770 3214 καὶ
3807 3165 3868 3215 ΕΞ

2273 3250 2350 3320 μὴ
2379 3251 2563 3320 φωνὴν
2594 3249 2762 3303 αὑτοῦ
2793 3251 3138 3320 ἀκηκόαμεν,
3178 3251 3294 3314 πῶς
3344 3253 3708 3325 ἐμαρτύρησέ
3746 3273 3825 3308 σοι
3851 3275 3865 3323 ;

2269 3342 2457 3412 φησιν.

2339 3433 2658 3502 Ἐρευνᾶτε
2691 3433 2796 3501 τὰς
2843 3435 3109 3504 Γραφάς.
3167 3434 3279 3498 Τὰς
3334 3436 3570 3506 νομικὰς
3609 3440 3706 3490 καὶ
3738 3455 3868 3508 προο

2269 3531 2529 3598 φητικάς.
2565 3529 2805 3581 Ἐκεῖθεν
2832 3531 2938 3598 γὰρ
2964 3530 2996 3597 ἡ
3029 3529 3183 3597 παρὰ
3214 3527 3306 3581 τοῦ
3338 3529 3549 3598 [ἰατρὸς
3584 3529 3698 3600 (96)
3722 3549 3865 3599 μαρ-

2265 3622 2459 3691 τυρία·
2502 3623 2604 3691 ὃρι
2633 3621 2690 3674 δὲ
2717 3621 2835 3684 πῶς
2866 3622 2968 3673 οὐκ
2995 3617 3152 3673 εἶπεν
3179 3637 3192 3649 ⁸
3227 3621 3694 3690 Ἀναγινώσκετσ,
3721 3620 3862 3685 ἀλλ’,

2265 3711 2606 3782 Ἐρευνᾶτε.
2641 3711 3037 3778 ’Λνεγίνωσκον
3066 3714 3168 3782 μὲν
3191 3712 3327 3781 γὰρ,
3362 3713 3464 3765 οὐκ
3497 3712 3752 3782 ἠρεύνων
3783 3714 3863 3767 δε.

2267 3807 2364 3860 Διὰ
2408 3806 2567 3859 τοῦτο
2600 3805 2818 3858 κελεύει
2865 3807 3118 3876 ὲρευνᾷν.
3153 3805 3312 3859 Ἐπεὶ
3359 3807 3468 3876 γὰρ
3499 3809 3864 3860 σννεσχίαστο

2262 3901 2331 3952 τὰ
2363 3900 2493 3969 περὶ
2533 3899 2701 3952 αὑτοῦ
2735 3902 3107 3969 γεγραμμένα
3143 3899 3543 3968 συμφερόντως
3590 3902 3687 3953 καὶ
3719 3903 3863 3952 οἱκο-

2264 3996 2507 4066 νομικῶς
2550 3997 2641 4049 διὰ
2685 3997 2786 4068 τὴν
2824 3996 2934 4049 τῶν
2987 3997 3276 4066 προγονων
3326 3996 3509 4051 αὐτῶν
3543 3996 3860 4061 ἀσθένειαν,

2263 4090 2351 4141 ἴνα
2407 4088 2484 4160 μὴ
2525 4089 2840 4143 ἐκπέσωσιν
2897 4090 2980 4154 εἰς
3055 4089 3377 4153 mtuam,
3435 4091 3723 4148 ἐπιτάττει
3766 4091 3860 4141 νῦν

2261 4179 2564 4249 διορύττειν
2633 4180 2722 4234 ἵνα
2789 4183 2859 4234 τὰ
2908 4183 2966 4232 ὲν
3000 4180 3079 4251 τῷ
3117 4181 3272 4251 βάθει
3326 4182 3560 4251 κείμενα
3607 4183 3858 4250 καθάπερ

2260 4291 2342 4336 τις
2377 4273 2651 4344 θησαυρὸς
2687 4273 2802 4344 (27)
2834 4274 3144 4345 δυνηθῶσιν
3174 4276 3379 4345 εὑρεῖν.

2333 4365 2456 4418 Ὅτι
2488 4394 2556 4403 -
2593 4366 2780 4434 ἔχεν.
2813 4367 3031 4418 Δοκεῖτε
3091 4367 3193 4436 μὲν
3245 4367 3410 4436 ἔχειν,
3445 4368 3545 4418 οὐκ
3594 4367 3746 4436 ἔχετε
3771 4366 3851 4429 δὲ,

2258 4456 2395 4510 διότι
2427 4457 2765 4520 ἐπιπολαίως
2796 4457 3002 4520 ταύτας
3054 4458 3528 4524 ἀναγινώσκοντες
3571 4459 3674 4526 οὐχ
3705 4459 3852 4530 εύρί-

563 4553 790 4610 ῑεδιιιοη
823 4540 1084 4594 invenitis
1105 4541 1256 4594 illum
1279 4549 1488 4593 certum
1516 4541 1641 4594 vita:
1664 4552 1885 4598 maternae
1918 4545 2147 4614 fontem,

2276 4567 2424 4603 τκετε
2462 4551 2672 4621 ταύτην
2698 4553 2820 4621 ἥτις
2851 4553 3000 4604 ἐστὶν
3026 4553 3053 4604 ὁ
3080 4549 3344 4620 Χριστὸς,
3365 4552 3397 4619 ἡ
3418 4550 3575 4621 πηγὴ
3608 4553 3710 4620 τῆς
3732 4555 3852 4604 αἰω-

563 4634 654 4704 qni
683 4643 765 4689 est
792 4633 1072 4690 Christus.
1105 4632 1247 4700 Quia
1305 4649 1435 4704 ergo
1495 4635 1698 4704 putatis
1731 4636 1786 4690 in
1850 4635 2151 4710 Scripturis

565 4728 732 4784 vitam
781 4737 1041 4782 :eternam
1074 4727 1300 4793 habere,
1331 4737 1386 4780 et
1421 4739 1646 4797 propter
1669 4728 1870 4785 dictam
1928 4749 2151 4790 causam

565 4834 676 4873 non
727 4818 979 4885 habetis;
1023 4817 1342 4873 scrutainini
1400 4820 1690 4887 profunde,
1749 4829 1808 4875 ut
1868 4824 2151 4882 inventam

564 4910 836 4965 habeatis.

636 5002 790 5057 Vers.
826 5002 912 5057 59.
950 5001 1017 5055 Et
1048 5018 1218 5056 -—me.
1255 5001 1672 5073 Testiﬁcantur,
1704 5008 1900 5080 inquit,
1957 5013 2023 5069 de
2060 5031 2147 5071 me

560 5087 619 5146 iu
652 5108 885 5163 persona
922 5092 1118 5157 Patris,
1154 5104 1341 5165 utpote
1364 5111 1565 5152 arcano
1602 5101 1764 5155 modo
1798 5118 1827 5157 a
1867 5104 2027 5160 Patre
2061 5123 2145 5161 m-

565 5187 784 5254 spiraiae
839 5187 948 5252 his,
1005 5189 1096 5252 qui
1147 5203 1242 5244 eas
1301 5191 1659 5260 scripserunt.
1713 5193 2044 5266 Conjunctio
2077 5213 2146 5265 et,

562 5277 824 5337 abundat,
857 5279 1000 5346 quod
1039 5281 1092 5330 in
1124 5275 1404 5333 ilehr.i:ico
1434 5281 1692 5337 idiomate
1722 5284 1980 5356 frequens
2043 5307 2144 5348 est.

639 5369 792 5423 Vers.
836 5371 1019 5423 40.15:
1050 5400 1118 5409 —
1151 5373 1409 5426 habeatis.
1470 5373 1643 5430 Vitam
1701 5379 1951 5436 videlicet
2002 5401 2148 5448 sem,

2255 4643 2369 4695 νίου
2403 4641 2575 4712 ζωῆς.
2618 4643 2771 4696 Ἐπεὶ
2817 4638 2910 4696 οὖν
2956 4642 3167 4695 δοκεῖτε
3202 4643 3302 4712 μὲν
3339 4643 3446 4694 ἀπὸ
3479 4644 3588 4694 τῶν
3620 4643 3850 4712 Γραφῶι

2255 4734 2402 4804 ζωὴν
2429 4731 2650 4786 αἰώνιον
2682 4733 2850 4804 ἔχειν,
2888 4735 2989 4787 οὑκ
3031 4735 3187 4803 ἔχετε
3223 4734 3280 4786 δὲ
3327 4733 3413 4786 διὰ
3442 4733 3543 4801 τὴν
3591 4735 3849 4804 ῥηθεῖσαν

2254 4830 2460 4894 αἰτίαν,
2489 4828 2674 4881 λοιπὸν
2697 4830 2957 4898 ὲρευνᾶτε
2988 4828 3195 4892 ταύτας
3229 4829 3306 4888 εἰς
3337 4828 3522 4896 βάθος,
3549 4828 3633 4879 ἵνα
3664 4829 3850 4898 εὑρόν-

2253 4938 2344 4985 τες
2378 4921 2560 4990 ἔχητε.

2326 5015 2435 5069 Kal
2474 5045 2542 5056 —-
2577 5014 2744 5084 ἐμοῦ.
2797 5015 2862 5069 Al
2914 5015 3315 5086 μαρτυροῦσαι,
3356 5015 3514 5085 φησὶ,
3540 5013 3843 5084 περἰὲμοῦ,

2258 5107 2539 5179 προσώπῳ
2565 5106 2660 5161 τοῦ
2691 5108 2926 5179 Πατρὸς,
2957 5103 3046 5160 οἷα
3069 5109 3222 5178 παρὰ
3245 5108 3339 5160 τού
3367 5107 3582 5177 Πατρὸς
3609 5109 3843 5177 ἐμπνευ-

2257 5201 2470 5254 σΘεῐσαι
2507 5202 2838 5272 ἀπορρήτως
2868 5203 2982 5263 τοῖς
3018 5201 3362 5271 γεγραφόσιν
3409 5200 3606 5262 αὑτάς.
3650 5203 3839 5269 Περιτ-

2253 5295 2344 5347 τδν
2372 5293 2429 5346 δὲ
2461 5294 2698 5348 ἐνταῦθα
2727 5295 2788 5348 τὸ
2828 5294 2924 5347 καὶ
2947 5329 2965 5361 ,
2997 5293 3122 5346 καθ’
3159 5291 3449 5362 Ἐὄραῖκὸν
3484 5294 3704 5362 ἰδίωμα.

2330 5387 2435 5442 Καὶ
2465 5420 2533 5430 -
2573 5388 2773 5456 ἔχητε.
2807 5389 2961 5458 Ζωὴν
2987 5387 3231 5452 αἰώνιον,
3260 5386 3528 5456 δηλονότι.
3565 5383 3719 5452 Εἶτα,
3758 5384 3836 5436 ἵνα

1779 5591 1974 5654 Varia:
1999 5593 2308 5657 lectiones
2355 5605 2416 5657 et
2448 5604 2637 5658 notae.

631 5751 741 5820 (ἳῗί)
781 5751 984 5822 δόμος,
1014 5767 1114 5822 pro
1158 5754 1336 5817 λόγος,
1364 5757 1426 5809 Α.

636 5829 746 5890 μῦ)
785 5821 1056 5906 Σωτῆρος,
1094 5840 1193 5894 pro
1244 5826 1477 5899 Πατρός,

2328 5766 2440 5835 (27)
2477 5764 2635 5821 Forte
2674 5765 2792 5818 τινὰ
2818 5763 3115 5835 Θησαυρόν.
