4110 6430
213 379 409 480 ποθ’

1200 421 1593 486 COMMENT.
1634 423 1717 485 IN
1753 423 2136 489 JOANNEM.
2171 450 2246 479 -.-
2279 427 2440 489 CAP.
2473 428 2543 489 ν.

3362 421 3498 487 1236

213 533 301 602 μὴ
332 530 708 601 ὑπολάϐωσιν,
744 533 830 590 ὅτι
882 535 1178 605 φιλοδοξῶν
1229 537 1382 610 λέγει
1442 555 1511 595 τα
1559 540 1811 604 τοιαῦτα.

1922 537 2217 607 piternam.
2260 538 2490 604 Deinde,
2518 551 2591 593 ne
2648 535 3066 608 suspicarentur
3122 537 3270 610 quod
3306 553 3496 593 amore

212 623 392 693 φησίν
411 642 426 658 ο

295 715 584 781 Δόξαν-
616 717 924 787 λαμϐάνω.
969 719 1046 774 Οὐ
1103 721 1265 789 φιλῶ,
1306 719 1396 778 ei:
1456 721 1532 794 μὴ
1586 723 1807 795 χρῄζων

215 804 430 875 αὐτῆς·
465 804 587 859 οὕδὶ
631 804 742 877 γὰρ
791 810 819 862 ό
873 806 1028 878 ἣλιος
1069 809 1244 864 δεῖται
1293 809 1573 881 λυχνιαίου
1605 812 1806 880 φωτός.

221 896 338 947 Καὶ
374 893 522 959 τίνος
556 895 747 951 ἕνεκεν
777 897 846 951 τά
889 899 1118 954 τοιαῦτα
1153 899 1374 970 ἔλιγενς
1408 901 1525 956 Ἵνα
1558 919 1806 956 παντοίο-

217 985 444 1054 τρόπως
467 987 842 1058 ἐπισπάσηται
867 989 1067 1054 αὐτοὺς
1083 991 1166 1055 είς
1195 992 1381 1046 πίστιν
1404 993 1474 1046 δι’
1497 989 1562 1066 ἧς
1583 993 1809 1062 ἔμελλον

217 1077 368 1146 ἔχειν
403 1076 550 1148 ζωὴν
581 1079 824 1134 αίὼνιον.

297 1168 464 1223 Ἀλλ’
499 1199 572 1211 -—
607 1170 868 1239 ἑαυτοῖς.
916 1171 1112 1242 Ὑμεῖς
1163 1173 1285 1244 μὲν.
1319 1175 1508 1246 φησὶν,
1537 1174 1615 1239 ὡς
1647 1175 1812 1246 δῆθεν

214 1260 547 1326 ἀγαπῶντες
574 1262 666 1316 τὸν
695 1264 852 1331 Θεὸν,
877 1266 1187 1321 ἀπωθεῖσθέ
1222 1287 1312 1338 με,
1343 1271 1427 1323 ὅτι
1463 1269 1605 1324 ποιῶ
1640 1271 1813 1342 ἐμαυ-

214 1352 314 1401 τὸν
351 1350 466 1404 ῐσον
487 1351 565 1422 τῷ
593 1353 716 1425 Θεῷ
736 1370 751 1386 ·
785 1355 1078 1427 ἐλέγχεσθε
1111 1358 1169 1413 δι
1193 1359 1517 1431 ψευδόμενοι
1539 1379 1555 1395 ο
1595 1361 1812 1431 ἔγνωκα

215 1444 331 1513 γὰρ
363 1444 513 1515 ὑμᾶς
549 1447 633 1500 ὅτι
680 1448 781 1502 οὐκ
829 1451 1084 1519 ἀγαπᾶτε
1137 1453 1228 1505 τὸν
1259 1452 1414 1508 Θεόν.
1473 1453 1636 1521 Πῶς;
1687 1455 1812 1509 Ὅτι

217 1535 356 1604 περὶ
387 1531 450 1590 οὗ
480 1538 690 1603 ἐκεῖνος
722 1545 997 1613 μαρτυρεῖ
1028 1544 1123 1599 καὶ
1153 1545 1242 1600 διά
1270 1546 1366 1600 τοῦ
1398 1547 1679 1614 Ἰωάννου,
1715 1547 1812 1602 καὶ

215 1627 309 1681 διά
333 1628 444 1682 τῶν
471 1628 671 1700 ἔργων,
699 1633 793 1686 καὶ
813 1634 902 1688 διά
922 1635 1030 1688 τῶν
1054 1637 1312 1707 Γραφῶν,
1344 1623 1536 1692 τοῦτον
1565 1641 1726 1708 ὑμεῖς
1751 1641 1812 1693 οὐ

221 1721 542 1789 προσίεσθε.
572 1723 787 1794 Ὠσπερ
808 1721 902 1779 οὖν
935 1728 1205 1799 πρότερον
1225 1730 1545 1800 νομίζοντες
1571 1727 1713 1786 εἷναί
1742 1749 1812 1803 με

220 1810 494 1874 ἀντίθεον,
528 1814 788 1885 ἠλαύνετε
811 1830 826 1845 ·
862 1819 1007 1872 οὕτω
1045 1821 1162 1885 νῦν,
1208 1823 1314 1876 ὑπὸ
1352 1823 1454 1877 τῶν
1502 1824 1812 1894 εἰρημένων

1913 629 2100 700 gloria:
2120 630 2248 686 talia
2268 630 2499 698 diceret,
2532 629 2611 684 ait
2633 645 2649 682 :

1985 720 2140 778 Vers.
2171 723 2260 778 Μ.
2293 723 2532 780 Gloriam
2563 723 2877 792 —-accipio.
2925 722 3047 777 Non
3105 737 3296 777 amans
3352 737 3499 788 eam,

1911 817 2007 864 aut
2034 825 2097 865 ea
2133 810 2422 882 indigens:
2458 825 2636 881 neque
2689 813 2836 866 enim
2878 811 2960 865 sol
3002 811 3243 865 lucernae"
3295 810 3503 865 lumine

1912 900 2145 972 indiget.
2165 900 2368 957 Verum
2405 917 2570 972 quam
2597 901 2669 958 ob
2699 916 2919 957 causam
2953 899 3072 955 lure
3097 901 3313 955 dicebat
3345 901 3368 953 ?
3433 898 3500 954 Ut

1912 991 2062 1045 omni
2092 990 2255 1045 modo
2287 990 2356 1044 ad
2381 990 2544 1044 iidem
2579 1005 2674 1044 eos
2709 989 3035 1054 attralieret,
3078 1004 3176 1058 per
3207 1004 3368 1058 quam
3398 993 3498 1042 tia-

1913 1081 2081 1136 bituri
2113 1091 2303 1137 essent
2356 1083 2524 1136 vitam
2556 1091 2842 1135 aeternam.

1986 1173 2142 1229 Vere.
2201 1175 2293 1230 ιε.
2341 1172 2736 1230 Sed—vobis.
2797 1172 2928 1237 Vos,
2977 1173 3178 1244 inquit,
3241 1181 3502 1242 tanquam

1916 1265 2090 1320 Deum
2118 1265 2412 1336 diligentes
2441 1281 2528 1321 me
2566 1265 2852 1335 repellitis,
2882 1265 3028 1335 quod
3057 1279 3146 1319 me
3196 1265 3374 1334 ipsum
3426 1262 3506 1317 fa»

1915 1358 2056 1413 ciam
2087 1357 2198 1413 Deo
2215 1359 2520 1430 aequalem;
2567 1359 2666 1414 sed
2708 1357 2979 1414 mendacii
3020 1355 3359 1427 arguimini:
3399 1370 3502 1426 ego

1913 1450 2062 1507 enim
2085 1451 2213 1506 novi
2235 1466 2354 1515 vos,
2382 1451 2529 1520 quod
2557 1451 2730 1505 Deum
2757 1465 2872 1504 non
2897 1449 3156 1520 diligatis.
3183 1447 3509 1514 Quomodo?

1917 1541 2058 1609 Quia
2099 1544 2167 1598 de
2216 1559 2327 1614 quo
2357 1543 2448 1598 ille
2481 1543 2856 1598 testimonium
2885 1543 3161 1612 perbibet,
3192 1552 3247 1595 et
3274 1554 3372 1610 per
3409 1538 3504 1594 Jo-

1917 1649 2142 1700 annem,
2185 1643 2240 1689 et
2273 1650 2370 1704 per
2400 1649 2591 1705 opera.
2626 1646 2680 1689 et
2715 1649 2814 1705 per
2839 1631 3184 1703 Seripturas,
3222 1632 3369 1686 hunc
3412 1648 3508 1686 vos

1918 1741 2030 1780 non
2057 1725 2324 1796 recipitis.
2357 1726 2845 1792 Quemadmodum
2897 1740 3030 1796 ergo
3066 1727 3304 1795 primum
3357 1725 3506 1778 arbi-

1920 1817 2070 1882 trati,
2121 1817 2263 1887 quod
2315 1831 2497 1872 essem
2543 1816 2660 1872 Deo
2708 1816 3041 1880 contrarius,
3087 1831 3174 1870 me
3217 1816 3511 1886 repelleba-

226 1879 563 1975 μαρτυριῶν
607 1907 1030 1982 ἀποδειχθείσης
1062 1879 1162 1980 τῆς
1201 1913 1484 1983 ἀληθείας,
1544 1879 1810 1985 ἐκρὲιλετε

1922 1909 1988 1964 tis
2021 1927 2036 1964 :
2076 1879 2154 1964 ita
2192 1924 2360 1974 nunc,
2389 1909 2761 1964 demonstrata
2786 1924 2816 1962 a
2851 1908 3012 1964 dictis
3067 1879 3297 1963 testibus
3359 1908 3508 1962 veri-

221 1997 628 2069 προσδραμεῖν.
660 2001 827 2056 Ἀλλά
867 2005 1048 2075 μάτην
1093 2008 1411 2076 κομπάζετε
1468 2008 1535 2062 δι’
1590 2007 1813 2080 ἀγάπην

218 2088 318 2142 τοῦ
363 2089 502 2144 Θεοῦ
554 2092 1006 2166 ἀποστρέφεσθαι
1061 2115 1152 2167 με.
1203 2098 1304 2152 Διά
1345 2099 1652 2170 βασκανίαν
1703 2103 1813 2175 γὰρ

216 2184 380 2238 τοῦτο
419 2188 725 2253 ποιοῦντες,
745 2192 1067 2256 συσκιάζειν
1100 2193 1308 2266 ταύτην
1343 2198 1702 2269 ἐπιχειρεῖτε.

291 2277 437 2346 Ἐγὼ
493 2308 565 2321 -
591 2298 690 2349 με.
730 2312 802 2322 —
844 2283 941 2336 Ἐν
986 2284 1066 2350 τῷ
1122 2288 1369 2355 ὀνόματι
1417 2288 1524 2342 τοῦ
1583 2291 1813 2356 Πατρός

219 2385 363 2437 μου,
396 2370 567 2441 ἤγουν
617 2375 954 2440 ἀποσταλεὶς
994 2379 1146 2448 παρά
1191 2379 1285 2433 τοῦ
1327 2381 1542 2452 Πατρός
1581 2399 1707 2452 μου,
1738 2382 1815 2446 ὡς

220 2460 392 2523 αὐτός
414 2479 474 2516 τε
506 2469 778 2535 μαρτυρεῖ
800 2468 959 2536 κάγὼ
976 2471 1248 2540 ὁμολογῶ,
1273 2473 1368 2526 καὶ
1388 2473 1449 2526 οὐ
1473 2473 1698 2542 δέχεσθε
1723 2491 1810 2543 με.

295 2552 446 2608 Ἐὰν
472 2585 532 2595 -
582 2556 883 2625 λήψεσθε.
937 2561 1074 2632 Περὶ
1109 2562 1204 2614 τοῦ
1237 2561 1613 2634 Ἀντιχρίστου
1656 2562 1816 2616 τοῦτό

222 2662 414 2713 φησιν,
442 2645 499 2710 δς
529 2648 811 2704 ἐλεύσεται
835 2653 894 2704 ὲν
919 2651 998 2720 τῷ
1016 2653 1242 2723 ὀνόματι
1269 2653 1345 2722 τῷ
1377 2653 1511 2724 ἰδίῳ,
1530 2654 1815 2708 τουτέστιν

217 2736 316 2806 ἀφ’
350 2739 548 2793 ἑαυτοῦ
580 2741 655 2804 ὡς
685 2742 848 2811 δῆθεν
876 2728 1042 2808 αὐτὸς
1071 2743 1148 2797 ὢν
1189 2747 1216 2798 ό
1248 2748 1341 2800 ἐπὶ
1387 2748 1606 2802 πάντων
1659 2747 1813 2810 Θεός.

219 2828 580 2884 Καθάπτεται
620 2829 716 2886 οὖν
760 2835 861 2904 τῆς
899 2835 1290 2905 ἀναισχυντίας
1339 2837 1452 2892 τῶν
1521 2837 1817 2904 Ἰουδαίων,

221 2920 301 2983 ὡς
347 2921 511 2974 αὑτὸν
556 2923 657 2993 μὲν
708 2925 799 2978 τὸν
848 2927 1076 2994 λέγοντα
1129 2927 1330 2984 εἰδέναι
1376 2930 1468 2985 τὸν
1515 2931 1654 2986 Θεὸν
1721 2935 1817 2986 καὶ

217 3013 597 3082 ὁμολογοῦντα
620 3017 958 3072 ἀπεστάλθαι
986 3021 1118 3090 παρ’
1141 3022 1333 3086 αὐτοῦ,
1370 3024 1466 3076 καὶ
1490 3025 1566 3094 μὴ
1598 3024 1820 3095 ἐλεγχό-

223 3122 390 3176 μενον
419 3107 662 3162 ἀντίθεον
695 3111 1109 3183 ἀποσειομένων
1131 3130 1146 3144 °
1183 3115 1275 3168 τὰν
1304 3117 1364 3169 δὲ
1414 3119 1694 3184 φάσκοντα
1741 3119 1817 3188 μὴ

1919 2010 2051 2067 tate,
2116 2002 2450 2058 debuissetis
2493 2017 2808 2058 accurrere.
2865 2001 2973 2055 Sed
3028 2001 3231 2055 frustra
3267 2001 3507 2069 iactatis,

1915 2093 2060 2163 quod
2096 2093 2192 2148 Dei
2232 2094 2352 2149 zelo
2385 2109 2474 2149 me
2504 2091 2863 2149 aversamini.
2889 2090 3027 2147 Nam
3061 2107 3187 2146 eum
3222 2091 3274 2146 id
3303 2091 3508 2146 invidia

1918 2185 2152 2250 faciatis,
2173 2184 2278 2240 hoc
2307 2184 2471 2240 modo
2506 2185 2666 2239 istam
2699 2184 2978 2240 occultare
3006 2183 3270 2238 uitimini.

1988 2276 2148 2334 νει-ε.
2183 2277 2272 2331 45.
2316 2275 2428 2348 Ego
2450 2293 2640 2332 —me.
2671 2309 2742 2318 —
2760 2276 2989 2332 Nomine
3017 2277 3200 2332 Patris
3227 2278 3350 2342 mei,
3396 2275 3510 2330 sive

1919 2369 2122 2425 missus
2157 2385 2188 2424 a
2232 2369 2402 2425 Patre
2431 2385 2579 2434 meo,
2639 2370 2784 2426 sicut
2822 2371 2940 2440 ipse
3001 2377 3236 2425 testatur
3291 2377 3346 2424 et
3409 2384 3511 2439 ego

1918 2462 2206 2526 confiteor,
2227 2469 2282 2517 et
2310 2477 2420 2517 non
2439 2461 2723 2532 suscipitis
2757 2477 2869 2517 me.

1992 2555 2150 2610 Vers.
2172 2554 2259 2609 65.
2279 2581 2350 2595 --
2369 2552 2428 2609 Si
2451 2553 2728 2624 recipietis.
2757 2553 2832 2608 De
2861 2554 3205 2610 Antichristo
3227 2555 3332 2610 hoc
3354 2553 3510 2619 dicit,

1919 2645 2013 2716 qui
2035 2645 2223 2700 veniet
2252 2645 2477 2702 nomine
2495 2646 2744 2716 proprio,
2780 2646 2898 2701 sive
2925 2662 2954 2700 a
2975 2661 3035 2700 se
3067 2647 3213 2716 ipso,
3245 2657 3508 2716 tanquam

1923 2742 2041 2812 ipse
2093 2743 2236 2798 Deus
2266 2753 2446 2808 esset,
2473 2742 2569 2813 qui
2602 2758 2770 2812 super
2790 2758 2983 2798 omnes
3011 2753 3114 2798 est.
3150 2742 3320 2797 Taxat
3381 2757 3512 2812 ergo

1924 2832 2326 2902 impudentiam
2362 2830 2706 2892 Iudaeorum,
2752 2831 2900 2901 quod
2957 2846 3084 2886 eum
3139 2831 3502 2901 repellerent,

1923 2940 2052 2980 cum
2079 2939 2140 2980 se
2162 2923 2373 2980 diceret
2397 2939 2562 2979 nosse
2596 2924 2768 2978 Deum
2799 2923 2948 2978 etab
2988 2939 3054 2978 eo
3087 2924 3318 2978 missum
3367 2938 3514 2986 esse,

1923 3034 2026 3074 nec
2048 3020 2471 3073 convinceretur
2486 3016 2597 3071 Deo
2627 3031 2750 3070 esse
2775 3015 3106 3070 contrarius
3135 3033 3150 3069 :
3178 3016 3332 3069 illum
3362 3031 3515 3078 vero.

1925 3112 2016 3184 qui
2044 3127 2104 3166 se
2131 3111 2341 3166 diceret
2372 3123 2485 3163 non
2516 3123 2679 3162 nosse
2705 3107 2896 3169 Deum,
2930 3117 2986 3162 et
3015 3122 3045 3161 a
3077 3107 3260 3177 seipso
3326 3107 3520 3161 venire

223 3198 433 3253 ειδέναι
477 3202 687 3255 ἐκεῖνον
703 3203 799 3256 καὶ
815 3204 1173 3274 κομπάζοντα
1192 3207 1284 3274 ἀφ’
1312 3207 1508 3261 ἑαυτοῦ
1525 3210 1684 3279 ἥκειν
1728 3212 1816 3263 καὶ

1930 3221 1988 3260 se
2016 3205 2275 3274 iactaret,
2335 3217 2399 3256 ac
2431 3199 2890 3255 manifestissime
2930 3198 3354 3270 dignosceretur
3388 3212 3512 3254 esse

221 3291 602 3362 προδηλότατα
620 3295 1116 3367 διαγινωσκόμενον
1140 3298 1386 3351 ἀντίθεον
1403 3301 1813 3370 προσιεμένων.

302 3378 438 3435 Εἶτα
463 3383 650 3452 τίθησι
685 3387 780 3439 καὶ
824 3387 925 3456 τὴν
956 3386 1139 3440 αἰτίαν
1177 3388 1277 3457 τῆς
1322 3389 1582 3453 ἀπιστίας
1611 3391 1814 3456 αὐτῶν,

226 3475 312 3527 ὅτι
371 3475 458 3528 διὰ
512 3477 821 3546 φιλοδοξίαν
880 3479 941 3531 οὐ
1012 3480 1357 3536 πιστεύουσι.
1422 3483 1515 3551 Μὴ
1571 3483 1819 3547 θέλοντες

226 3569 340 3638 γὰρ
372 3571 785 3640 προτιμηθῆναι
811 3572 989 3626 αὐτῶν
1021 3573 1125 3626 ὑπὸ
1162 3575 1276 3643 (28)
1315 3574 1410 3628 τοῦ
1455 3576 1693 3646 πλήθους
1725 3580 1819 3631 τὸν

228 3661 489 3731 Χριστὸν,
523 3661 827 3730 ὲκὼφευον,
865 3665 962 3719 καὶ
1000 3665 1168 3736 ἐμυον
1200 3665 1523 3731 ἐθελουσίως
1553 3672 1691 3740 πρὸς
1721 3670 1820 3740 τὴν

230 3754 518 3822 ἀλήθειαν,
545 3757 638 3808 καὶ
666 3755 845 3809 πάντα
881 3758 1104 3812 ἐποίουν
1144 3761 1285 3830 ὑπὲρ
1327 3760 1422 3814 τοῦ
1459 3762 1534 3833 μὴ
1563 3764 1820 3819 ἐκπεσεῖν

224 3845 328 3913 τῆς
355 3845 513 3916 δόξης
537 3845 603 3910 ἢν
638 3841 784 3916 εἶχον
820 3851 972 3919 παρά
1002 3848 1097 3902 τοῦ
1126 3849 1390 3921 πλήθους.

299 3936 434 4004 Πῶς
457 3967 526 3978 -
545 3941 994 4009 λαμϐάνοντες;
1024 3944 1340 4014 Ἐμποδίςει
1374 3945 1484 4016 γὰρ
1515 3946 1680 4019 αὕτη.

300 4121 414 4176 Καὶ
446 4151 517 4160 -
551 4122 808 4188 (utsin;
843 4125 949 4177 Ἦν
987 4124 1156 4195 μόνην
1180 4125 1289 4179 ἔδει
1313 4126 1518 4198 ζητεῖν,
1545 4128 1646 4197 τῆς
1670 4129 1822 4198 παρά

227 4213 542 4283 ἀνθρώπων
595 4217 1102 4286 καταφρονοῦντας,
1143 4221 1191 4270 εί
1246 4219 1344 4272 καὶ
1398 4219 1558 4289 ὑμεῖς
1591 4222 1822 4276 τούναν-

229 4303 347 4356 τίον
377 4305 602 4356 ποιεῖτε.
629 4305 976 4373 Πανταχόθεν
998 4305 1178 4358 τοίνυν
1206 4306 1568 4376 ἐπιστομίσας
1600 4306 1821 4373 αὐτοὺς,

229 4395 331 4448 καὶ
364 4395 660 4462 ἀποδείξας
697 4396 880 4466 πάσης
933 4395 1268 4467 συγγνώμης
1316 4399 1594 4464 ἀναξίους,
1637 4398 1824 4452 λοιπὸν

230 4487 522 4556 ἐφίστησιν
562 4488 745 4549 αὐτοῖς
790 4489 1099 4560 κατήγορον
1136 4490 1300 4542 αὐτὸν
1339 4490 1429 4544 τὸν
1464 4489 1705 4543 Μωῦσέα
1732 4491 1824 4544 τὸν

230 4577 537 4647 νομοθέτην
572 4578 777 4633 αὐτῶν.

305 4673 406 4735 Mi,
439 4702 506 4713 -
539 4671 786 4741 πατέρα.
843 4673 982 4728 Κατ’
1019 4674 1292 4745 ἐρώτησιν
1333 4675 1534 4747 ἠθικὴν
1582 4680 1610 4730 ὁ
1637 4679 1818 4746 λόγος’

229 4769 315 4822 ὅτι
353 4765 413 4819 Εἰ
451 4767 545 4819 καὶ
589 4766 696 4818 ἔδει
732 4783 799 4836 με
838 4766 998 4843 τοῦτο
1048 4769 1294 4838 ποιῆσαι,
1335 4770 1449 4823 ἀλλ’
1485 4772 1546 4823 οὐ
1587 4774 1820 4843 ποιήσω,

229 4859 558 4924 ἀνεξίκακος
587 4859 684 4917 ὥν.

310 5041 523 5092 "Eatur
560 5037 939 5107 —-Mco00‘ﬁc.
1006 5038 1093 5102 Ὠς
1145 5040 1521 5094 ἀπιστούντων
1571 5037 1653 5107 οἷς
1705 5047 1834 5116 περὶ

233 5130 374 5201 ἐμοῦ
407 5130 615 5201 ἔγραψε
640 5171 654 5193 ,
695 5133 788 5183 καὶ
818 5131 994 5195 οὕτως
1018 5119 1394 5186 ἀπειθούντων
1425 5137 1596 5207 αὐτῷ.

312 5220 416 5285 Εἰς
451 5250 522 5259 ——
548 5221 863 5286 ἠλπίκατε.
907 5222 996 5283 Ὠς
1042 5224 1121 5284 εἰς
1169 5223 1502 5291 δημαγωγὸν
1558 5229 1651 5281 καὶ
1693 5246 1832 5298 προσ

235 5313 444 5382 στάτην
477 5315 571 5365 καί⁵
603 5315 833 5383 μεσίτην
879 5312 947 5364 τὰ
979 5313 1116 5381 πρὸς
1159 5313 1316 5366 Θεόν.
1354 5317 1568 5388 Ὠσπερ
1598 5319 1654 5372 δὲ
1701 5321 1832 5390 περὶ

231 5403 344 5458 τῶν
369 5403 608 5474 Γραφῶν
628 5404 812 5472 ἔλεγε·
829 5404 1064 5459 Δοκεῖτε
1085 5405 1154 5456 ἐν
1174 5409 1382 5474 αὑταῖς
1406 5409 1560 5478 ζωὴν
1587 5413 1832 5468 αἰώνιον

1928 3296 2043 3351 Deo
2072 3292 2408 3357 contrarius,
2444 3293 2780 3362 reciperent.

1991 3386 2202 3442 Deinde
2232 3384 2391 3456 ponit
2420 3393 2475 3439 et
2499 3398 2724 3438 causam
2750 3382 3093 3439 infidelitatis
3118 3396 3335 3446 eortun,
3368 3383 3516 3450 quod

1923 3484 2153 3546 propter
2184 3475 2372 3544 gloriae
2423 3487 2667 3526 amorem
2719 3488 2830 3525 non
2873 3469 3204 3526 crederent:
3267 3471 3520 3526 nolentes

1923 3566 2378 3623 enimeristum
2440 3581 2608 3634 supra
2666 3579 2726 3618 se
2753 3563 3019 3618 honorari
3079 3561 3520 3625 amultitudine,

1923 3659 2415 3723 obsurdesee‘oant,
2446 3669 2503 3713 et
2525 3673 2689 3712 aures
2719 3658 2862 3711 ultro
2885 3655 3217 3710 claudebant
3242 3654 3310 3708 ad
3375 3653 3522 3709 veri-

1924 3761 2125 3807 tatem:
2162 3749 2460 3820 omniaque
2487 3749 2788 3814 faeiebant,
2819 3765 2889 3803 ne
2918 3764 2949 3802 a
2992 3749 3167 3819 gloria
3219 3763 3383 3818 quam
3419 3747 3521 3802 ha-

1924 3845 2128 3900 bebant
2159 3845 2305 3914 apud
2338 3843 2753 3900 multitudinem
2788 3841 3135 3897 exciderent.

1997 3938 2155 3993 Vers.
2175 3937 2265 3992 Η.
2288 3937 2562 4002 Quomodo
2581 3966 2651 3976 —
2669 3937 2958 4005 accipitis?
2979 3933 3113 3990 Nam
3136 3935 3251 4006 ipsa
3281 3934 3520 4006 impedi-

1925 4041 2112 4086 mento
2133 4045 2234 4086 est.

1995 4126 2152 4180 Vers.
2185 4126 2273 4179 64.
2310 4124 2375 4178 Et
2405 4155 2477 4164 —-
2511 4124 2752 4194 qureritis
2783 4125 2806 4175 ?
2837 4122 3011 4189 Quam
3037 4122 3210 4176 solam
3257 4135 3506 4189 quaerere

1926 4225 2165 4288 oportet.
2198 4233 2260 4271 ea
2290 4233 2411 4286 qu:e
2435 4228 2521 4271 est
2555 4217 2625 4269 ab
2679 4215 2998 4270 hominibus
3035 4213 3369 4284 posthabita,
3421 4212 3526 4267 etsi

1928 4321 2027 4360 vos
2047 4307 2391 4359 contrarium
2421 4306 2663 4361 faciatis.
2688 4306 2985 4374 Postquam
3011 4319 3140 4376 ergo
3164 4303 3410 4373 undique
3436 4303 3518 4356 si-

1928 4398 2159 4452 lentium
2193 4397 2299 4451 illis
2321 4397 2603 4464 imposuit,
2631 4397 2897 4465 omnique
2932 4396 3090 4449 venia
3119 4396 3376 4464 indignos
3406 4408 3528 4449 esse

1929 4490 2348 4555 demonstravit,
2380 4499 2762 4544 accusatorem
2811 4491 3076 4558 deinceps
3110 4488 3222 4544 illis
3275 4487 3524 4552 adhibet,

1852 4562 1906 4621 Β
1934 4594 2062 4656 puta
2089 4587 2266 4655 ipsum
2306 4585 2508 4639 Mosen:
2540 4583 2917 4655 legislatorcm
2947 4598 3167 4638 eorum.

2001 4677 2282 4732 νει-ολδ.
2339 4677 2482 4731 Num
2517 4686 2831 4745 —patrem.
2905 4675 3066 4730 Juxta
3146 4677 3402 4730 usitatam
3466 4687 3532 4728 ac

1930 4776 2250 4823 consuetam
2280 4769 2396 4836 (pp)
2434 4767 2924 4832 interrogationem
2961 4775 3044 4818 cst
3082 4765 3171 4820 hic
3205 4780 3411 4827 sermo,
3465 4777 3532 4817 ac

1936 4862 1981 4914 οἱ
2013 4861 2162 4914 dicat
2207 4879 2218 4913 :
2261 4860 2378 4914 Etsi
2421 4876 2502 4913 me
2540 4859 2591 4913 id
2639 4859 2932 4927 oportebat
2958 4857 3167 4920 facere,
3203 4872 3310 4911 non
3344 4864 3530 4909 tamen

1935 4954 2153 5016 faciam,
2183 4952 2311 5021 quia
2335 4952 2579 5006 clemens
2610 4965 2756 5004 sum.

2007 5048 2165 5102 Vers.
2201 5046 2292 5102 45,
2331 5045 2426 5099 Est
2454 5074 2524 5083 —
2565 5043 2756 5098 Moses.
2801 5043 3004 5114 Utpote
3064 5059 3171 5098 non
3241 5041 3533 5097 credentes

1935 5142 2022 5196 his
2046 5155 2166 5210 qua:
2197 5139 2265 5194 de
2303 5156 2390 5193 me
2414 5139 2633 5208 scripsit
2661 5156 2674 5188 ε
2707 5148 2762 5192 et
2796 5138 2870 5191 ita
2898 5152 3003 5191 nec
3036 5135 3113 5190 illi
3142 5135 3459 5190 credentes.

2006 5233 2168 5288 Vers.
2201 5233 2290 5288 45.
2330 5231 2481 5285 lu—
2508 5232 2758 5302 speratis.
2797 5229 3085 5299 Tanquam
3151 5229 3205 5281 in
3249 5227 3532 5280 ductorem

1934 5325 2148 5395 populi,
2212 5334 2455 5379 tutorem
2530 5338 2597 5377 ac
2649 5322 3010 5376 mediatorem
3067 5319 3120 5373 in
3181 5319 3268 5372 bis
3303 5331 3424 5385 qua:
3463 5315 3532 5368 ad

1944 5417 2115 5472 Deum
2178 5427 2328 5472 sunt.
2387 5417 2543 5471 Sicut
2577 5425 2759 5469 autem
2794 5414 2863 5468 de
2905 5412 3216 5483 Scripturis
3265 5409 3481 5465 dicebat
3517 5424 3531 5460 :

1465 5603 1668 5666 Varim
1719 5605 2029 5675 lectiones
2061 5621 2121 5675 et
2159 5618 2347 5674 nota}.

307 5674 421 5747 (28)
465 5673 788 5745 Προτιθέναι
826 5677 990 5731 αὐτὸν
1031 5679 1135 5732 ὑπό
1173 5681 1237 5735 Α.

313 5833 738 5916 (ρρλυείιαιᾳιπ
777 5856 840 5894 ac
893 5852 1215 5897 consuetam.
1269 5840 1558 5900 Moratam.
1611 5842 1969 5914 interrogatio
2023 5843 2191 5915 ἠθικὴ
2249 5853 2330 5899 cst
2385 5857 2470 5910 ea,
2531 5857 2650 5912 qum
2703 5854 2883 5896 mores
2914 5851 2966 5896 ct
3030 5838 3308 5912 ingenium
3361 5838 3536 5893 inter-

244 5908 486 5981 rogantis
509 5908 783 5976 exprimit.
