4094 6404
219 454 389 521 1265

1210 456 1601 520 COMMENT.
1645 455 1731 517 IN
1767 446 2145 516 ῙΟΑΝΝΕΜ.
2179 481 2251 496 ο-
2286 456 2449 519 CAP.
2485 455 2592 520 VI.

3382 456 3520 521 1216

219 561 526 635 θαύματος
575 565 777 620 αὐτίκα
814 560 1205 636 tentatum:
1260 567 1494 638 σημεῖον
1537 566 1834 634 ἐπιζητοῦ-

1962 575 1996 622 :t
2022 567 2282 636 protinus
2306 567 2462 624 obliti
2508 569 2648 624 tanti
2681 564 2933 623 miraculi
2969 565 3189 639 signum
3217 565 3532 639 requirunt,

223 671 366 709 σιν·
402 650 523 709 εἷτα
561 655 657 709 καὶ
687 653 750 708 τὺ
792 650 933 717 είδος
977 653 1201 723 λέγουσι
1246 653 1343 708 τοῦ
1390 651 1833 724 ιπιζητουμίνου

224 762 312 817 οη
322 747 480 818 μείου
491 787 508 802 .

308 841 374 893 οι
421 837 680 907 πατέρες
717 868 778 879 -
804 837 1043 908 φαγεῖν.
1091 837 1413 908 Γέγραπται
1458 836 1519 890 δν
1553 838 1620 908 τῇ
1649 834 1820 906 βίϐλῳ

222 932 354 988 ⁸τῶν
385 930 662 1001 1Ιδάλμιῖιν.
718 931 945 985 Πολλῶν
998 931 1056 985 δὲ
1110 929 1360 1000 σημείων
1398 931 1705 999 γεγονότων
1739 929 1837 982 επὶ

223 1039 266 1076 τ
282 1026 356 1077 ,ἰν
379 1021 636 1090 πατέρων
661 1020 867 1087 αὐτῶν,
892 1020 1089 1074 τούτου
1139 1021 1383 1091 μάλιστα
1423 1019 1836 1091 μνημονεύουσι

225 1116 334 1167 διὰ
361 1113 456 1184 τὴν
493 1116 593 1184 τῆς
617 1113 861 1184 γαστρὸς
879 1111 1200 1184 τυραννίδα,
1226 1109 1545 1183 νομίζοντες
1566 1101 1838 1182 ἐρεθίζειν

232 1208 412 1261 αὑτὸν
453 1209 536 1270 είς
583 1207 646 1258 τδ
696 1205 922 1275 ποιῆσαι
973 1207 1070 1258 καὶ
1098 1207 1265 1260 αὐτὸν
1293 1204 1540 1259 τοιοῦτον
1584 1207 1836 1274 σημεῖον,

232 1298 385 1366 ὕπερ
437 1294 664 1366 εμελλεν
700 1295 1013 1365 ἐμπλήσειν
1063 1296 1264 1360 αὐτοὺς
1315 1295 1546 1366 τροφῆς.
1595 1289 1835 1359 ⁹Δλλ’,ι“ἔ›

231 1388 573 1457 ἀμνήμονες
604 1387 703 1440 καὶ
732 1387 1054 1457 ἁχὰριστοιί
1087 1388 1148 1441 οὐ
1181 1387 1279 1442 καὶ
1307 1387 1467 1441 αὐτοὶ
1496 1386 1608 1454 πρὸ
1637 1387 1840 1458 μικροῦ

233 1482 448 1549 ἄρτους
497 1479 595 1531 καὶ
653 1477 849 1549 ίχθύας
907 1479 990 1542 είς
1020 1479 1184 1551 κόρον
1239 1481 1477 1550 ιφάγετε
1527 1479 1588 1532 ιν
1646 1479 1842 1550 ἐρήμῳ

231 1571 432 1640 τύπῳς
664 1568 676 1574 ’
1072 1619 1078 1630 ,
1625 1618 1627 1620 .

319 1662 429 1714 Καὶ
461 1661 776 1733 παρατήρει
810 1677 902 1732 μοι
936 1658 1218 1716 κάνταῦθα
1253 1658 1353 1732 τὴν
1390 1659 1690 1714 κολακείαν
1734 1659 1838 1714 αὒ-

235 1750 380 1808 τῶν.
428 1749 565 1804 ἀλλὰ
611 1750 1050 1820 καὶπονηρίαν.
1080 1748 1198 1804 Οὐκ
1225 1743 1380 1802 εἷπον
1413 1748 1525 1818 γὰρ
1569 1745 1698 1801 οὕτε
1755 1746 1842 1800 ὅτι

238 1846 272 1896 6
302 1843 418 1913 (ιι)
450 1843 692 1913 Μωῦσῆς
718 1843 949 1914 hmines
971 1843 1035 1895 τδ
1059 1843 1310 1911 σημείον,
1342 1840 1584 1910 οἰόμενοι
1614 1837 1844 1910 πλήξειν
1894 1867 1896 1869 >

1939 658 2141 715 deinde
2165 675 2341 731 genus
2369 661 2536 716 etiam
2571 659 2822 732 requisiti
2851 659 2997 735 signi
3025 659 3258 716 addunt.

2008 843 2147 900 Vers
2184 845 2275 901 3|.
2314 843 2506 900 Patres
2546 874 2617 887 —
2669 847 2740 898 ad
2784 842 3068 899 edendum.
3106 840 3389 913 Scriptum
3449 847 3540 896 est

1940 936 2000 993 in
2050 936 2193 994 libro
2235 936 2578 993 Psalmorum
2615 935 2681 991 “.
2739 934 2878 992 Cum
2927 944 3114 991 autem
3164 933 3334 989 multa
3383 932 3540 1006 signa

1941 1046 2130 1088 coram
2164 1031 2414 1101 patribus
2435 1029 2681 1100 ipsorum
2709 1026 2854 1084 laeta
2874 1034 3086 1092 essent,
3111 1026 3280 1097 hujus
3306 1025 3540 1080 maxime

1940 1121 2316 1177 meminerunt
2379 1129 2602 1190 propter
2660 1119 2879 1175 ventris
2929 1117 3301 1190 tyrannidem,
3351 1117 3540 1173 existi-

1945 1221 2158 1268 mantes
2217 1211 2342 1267 fore
2389 1219 2452 1266 ut
2488 1212 2668 1282 ipsum
2713 1226 2932 1283 quoque
2959 1210 3028 1266 ad
3085 1209 3267 1265 simile
3317 1209 3539 1280 signum

1944 1303 2259 1359 iaciendum
2318 1303 2623 1368 irritarent,
2648 1373 2650 1375 γ
2674 1312 2806 1374 puta
2835 1311 2894 1358 ut
2941 1312 2998 1357 ct
3041 1316 3102 1358 se
3134 1301 3260 1357 cibo
3289 1301 3539 1356 satiaret.

1947 1396 2075 1462 Sed,
2100 1411 2135 1451 o
2155 1395 2407 1451 obliviosi
2434 1411 2500 1452 ac
2527 1395 2758 1468 ingrati!
2792 1410 2982 1452 nonne
3017 1394 3185 1465 paulo
3211 1401 3341 1448 ante
3367 1406 3541 1464 panes

1948 1499 2005 1545 et
2039 1489 2221 1561 pisces
2248 1489 2318 1545 ad
2353 1489 2662 1545 satietatem
2685 1489 2883 1544 inloco
2911 1487 3132 1544 deserto
3159 1486 3356 1542 edistis
3377 1486 3403 1540 τ

2022 1657 2200 1713 Simul
2240 1672 2462 1728 quoque
2510 1655 2648 1712 mihi
2698 1655 2787 1712 ltic
2814 1654 3044 1711 observa
3078 1663 3136 1709 et
3164 1652 3541 1708 adulationem

1952 1747 2200 1820 ipsorum
2241 1756 2298 1803 et
2348 1747 2589 1802 invidant
2646 1745 2929 1800 malitiam.
2965 1743 3158 1814 Neque
3203 1741 3356 1797 enim
3389 1741 3546 1796 dixe—

1951 1850 2102 1908 runt,
2131 1839 2280 1910 quod
2325 1837 2504 1893 Moses
2548 1837 2682 1892 illud
2720 1836 2948 1893 iecisset
2996 1835 3237 1907 signum,
3270 1849 3344 1890 ne
3389 1834 3541 1891 hunc

239 1935 439 2001 αὑτὸν,
473 1935 524 1987 εί
551 1934 643 1987 τὸν
677 1934 921 1989 Μωῦσέα
949 1930 1126 2000 τούτῳ
1162 1928 1573 2002 συγκρινοῦσιν,
1605 1927 1732 1982 οὔτε
1761 1930 1847 1983 ὅτι

1962 1931 2262 2003 deprimere
2296 1929 2637 1993 viderentur,
2688 1927 2734 1984 si
2771 1927 2979 1984 losem
3025 1928 3077 1984 ei
3104 1933 3496 1998 compararent
3519 1945 3536 1980 :

237 2025 270 2077 6
298 2024 434 2089 Θεὸς
455 2024 591 2078 αὐτὸ
616 2025 947 2093 πεποίηκεν,
976 2023 1066 2076 ῐνα
1103 2022 1180 2093 μὴ
1221 2021 1451 2087 δόξωσιν
1479 2018 1700 2085 ἑξισοῦν
1747 2018 1847 2071 αύ-

239 2118 339 2171 τὺν
367 2116 450 2190 τῷ
486 2115 626 2188 Θεῷ.
652 2117 754 2171 Διὰ
786 2115 949 2170 τοῦτο
973 2113 1264 2177 ἀπολύτως
1299 2110 1478 2166 εῐπονο
1511 2111 1569 2166 οι
1592 2109 1849 2178 πατέρες

247 2208 431 2278 ἡμῶν
458 2210 525 2263 τὸ
555 2208 762 2280 μάννα
791 2208 1022 2277 ἔφατον
1051 2205 1165 2278 (45)
1199 2207 1269 2259 ἐν
1292 2203 1368 2274 τῇ
1390 2201 1612 2275 ἐρήμῳ.
1645 2203 1711 2256 Τί
1755 2198 1850 2256 οὖν

245 2302 281 2355 ὁ
313 2299 652 2370 οἰκονομῶν
695 2299 841 2364 τοὺς
865 2298 1093 2368 λόγους
1135 2295 1328 2353 αὑτοῦ
1351 2298 1422 2350 ἐν
1466 2298 1665 2364 κρίσει
1685 2311 1706 2358 ;
1732 2295 1850 2348 οὐκ

244 2391 466 2461 ἱλίγχει
513 2391 765 2454 τούτους,
822 2389 943 2444 ἀλλ’
1007 2387 1230 2459 ὁμαλῶς
1284 2387 1670 2457 ἀποκρίνεται.
1723 2386 1848 2457 Χρὴ

246 2478 383 2547 γὰρ,
412 2477 488 2541 ὡς
521 2479 871 2548 προείρηται,
911 2475 1045 2529 ποτὲ
1078 2474 1179 2545 μὶν
1212 2474 1478 2544 ἐλέγχειν,
1507 2473 1641 2526 ποτε
1663 2472 1722 2525 δὲ
1756 2473 1852 2526 ἄν·

251 2569 535 2634 εξικακεῐν
559 2565 948 2635 οίκονομικῶς.

323 2654 514 2713 Εἶπεν
538 2686 609 2697 -
637 2657 920 2725 οὐρανοῦ.
961 2655 1118 2709 Ἐπεὶ
1149 2654 1538 2725 ὑπελάμϐανον
1584 2650 1647 2708 τὸ
1672 2653 1854 2725 μάννα

249 2748 419 2814 ἄρτον
441 2747 581 2802 εἶναι
608 2751 672 2802 ὲκ
694 2747 790 2802 τοῦ
814 2747 1021 2817 κυρίως
1038 2746 1274 2818 ούρανοῦ
1298 2747 1389 2799 διὰ
1411 2747 1472 2799 τὸ
1488 2746 1807 2817 γεγράφθαι
1832 2759 1848 2774 ⁸

255 2842 475 2909 Ἄρτον
495 2841 566 2893 ἐκ
593 2841 701 2894 τοῦ
723 2839 1011 2907 οὐρανοῦι
1041 2836 1356 2908 διορθοῦται
1375 2835 1474 2907 τὴν
1499 2835 1852 2906 ὲσφαλμένην

251 2929 531 2999 ὑπόληψιν
567 2927 772 2982 αὐτῶν.
811 2927 1062 2995 Οὐρανὸν
1114 2926 1225 2996 γὰρ
1259 2926 1377 2978 ἐκεῖ
1413 2926 1506 2978 τὸν
1539 2925 1680 2994 ἀέρα
1727 2921 1852 2976 εἷπε

251 3020 715 3093 καταχρηστικῶς
745 3022 780 3092 ἡ
806 3020 1024 3091 Γραφή·
1080 3020 1156 3083 ὼς
1189 3021 1284 3071 καὶ
1311 3019 1447 3071 ὅταν
1477 3017 1614 3088 λέγῃ
1647 3016 1717 3071 τὰ
1750 3032 1852 3068 πε-

249 3117 406 3168 τεινὰ
443 3113 539 3168 τοῦ
564 3112 822 3184 οὐρανοῦ⁸
859 3112 954 3165 καὶ
976 3110 1165 3177 πάλιν,
1215 3107 1331 3164 Καὶ
1362 3109 1735 3178 ἐϐρόντησεν
1785 3107 1856 3172 ἐξ

253 3207 518 3278 οὐρανοῦ
569 3209 604 3262 ό
636 3207 875 3274 Κύριος.

326 3271 498 3370 οησιν
532 3297 648 3366 οὖν,
680 3271 764 3355 δτι
799 3271 875 3351 οι
920 3295 1167 3366 Μωῦσῆς
1191 3294 1395 3349 δέδωκε
1421 3293 1544 3348 τότε
1581 3292 1662 3364 τῷ
1703 3293 1856 3363 γένει
1882 3271 1927 3330 G

254 3393 415 3463 ὑμῶν
445 3393 539 3446 τδν
575 3393 742 3464 ἄρτον
772 3391 838 3443 ὲκ
873 3387 970 3443 τοῦ
1027 3387 1236 3456 κυρίως
1273 3385 1516 3455 ούρανοῦ
1575 3385 1713 3455 (46)·
1744 3375 1862 3440 ἀλλ’

253 3490 284 3542 6
312 3487 507 3556 Πατήρ
565 3501 669 3555 μου
705 3482 801 3537 νῦν
843 3482 958 3554 (47)
1000 3480 1220 3534 δίδωσιν
1249 3479 1380 3550 ὑμῖν
1436 3479 1528 3531 τὸν
1569 3479 1738 3550 ἄρτον
1797 3482 1862 3532 ὲκ

259 3581 360 3635 τοῦ
385 3581 594 3653 κυρίως
638 3575 897 3648 οὐρανοῦ.
930 3575 1146 3645 Ὠσπερ
1168 3572 1279 3641 γὰρ
1309 3573 1337 3625 6
1367 3571 1558 3652 Πατὴρ
1581 3571 1860 3642 οὐράνιος,

255 3672 402 3727 οὕτω
425 3671 522 3724 καὶ
542 3670 571 3723 6
598 3670 724 3731 Υίὺς
752 3669 1028 3737 οὗράνιος,
1060 3667 1157 3719 καὶ
1190 3665 1403 3735 κυρίως
1429 3663 1592 3736 ἄρτος
1617 3662 1718 3737 [ὡς

261 3760 542 3833 στηρίζων
568 3759 796 3830 καρδίαν
831 3757 1150 3829 ἀνθρώπου.

340 3855 452 3908 Τὸν
491 3852 809 3921 ἀληθινόν.
840 3852 1083 3911 Ἐκεῖνος
1111 3851 1220 3922 γὰρ
1241 3852 1269 3905 6
1294 3847 1486 3922 ἄρτος]
1513 3847 1746 3912 τυπικδς
1769 3841 1860 3920 ἦν,

259 3944 582 4017 προτυπῶν,
613 3947 803 4015 ῳησὶν,
837 3944 938 4015 ἐμὲ
968 3944 1063 3996 τὸν
1119 3941 1521 4012 αὑτοαλήθειαν
1555 3941 1670 4010 (ιο)
1709 3939 1863 3994 ὄντα.

259 4037 535 4107 Καθάπερ
564 4037 676 4107 γὰρ
709 4038 919 4098 ἐκεῖνος
953 4034 1163 4090 ἄνωθεν
1203 4034 1454 4097 καταϐὰς
1505 4033 1707 4105 ἔτρεφε
1765 4031 1864 4086 καὶ

261 4130 543 4204 ὲρρώννυε
571 4131 701 4192 τοὺς
734 4129 1284 4200 μεταλαμϐάνοντας,
1315 4127 1463 4181 οὕτω
1505 4124 1684 4194 κάγώ.
1721 4121 1861 4178 Ἀλλ’

261 4223 473 4284 ικείνος
499 4221 598 4291 μὲν
634 4219 724 4294 [ὲκ
749 4220 862 4291 (50)
890 4222 986 4275 τοῦ
1019 4222 1208 4292 ἀέρος,
1247 4218 1362 4289 ἐγὼ
1389 4219 1449 4273 δὲ
1479 4219 1545 4271 ἐκ
1568 4217 1664 4271 τοῦ
1691 4217 1865 4280 δντως

261 4312 523 4384 οὐρανοῦ.
578 4313 847 4376 Κάκεῖνος
887 4310 1012 4384 μὲν]
1042 4311 1242 4381 ἔτρεφε
1287 4310 1383 4365 καὶ
1427 4308 1705 4383 ὲρῥώννυε
1755 4306 1865 4360 odi-

266 4421 440 4470 ματα,
481 4402 595 4470 ἐγὼ
624 4403 683 4456 δὲ
713 4401 916 4473 ψυχάς.
952 4400 1167 4472 [ιροῖὼν
1194 4400 1250 4454 δὲ
1278 4401 1431 4470 λέγει
1467 4401 1565 4454 καὶ
1617 4399 1719 4464 τὴν
1755 4413 1862 4451 κα-

265 4496 639 4566 θολικωτέραν
667 4495 939 4566 διαφορὰν
964 4495 1061 4548 τοῦ
1093 4509 1152 4547 τε
1183 4491 1423 4547 τυπικοῦ
1447 4494 1617 4564 ἄρτου
1646 4490 1744 4544 καὶ
1767 4489 1864 4543 τοῦ

263 4587 403 4654 ἄληθ
413 4587 526 4640 ινοῦ
536 4625 551 4640 .

369 4677 414 4735 Ο
447 4679 558 4747 γὰρ
587 4675 769 4745 ἄρτος
816 4706 886 4717 ——
916 4675 1143 4746 κόσμῳ.
1208 4673 1270 4727 Ὀ
1301 4673 1510 4744 κυρίως
1553 4672 1719 4743 ἄρτος
1765 4672 1862 4724 τοῦ

266 4769 427 4837 Θεοῦ,
479 4769 659 4822 είτουν
707 4769 736 4822 6
779 4767 924 4832 θεῖος
973 4769 1140 4838 ἄρτος
1173 4767 1322 4821 ἐστὶν
1387 4766 1417 4819 6
1470 4767 1538 4818 ὲκ
1566 4765 1660 4818 τοῦ
1695 4763 1868 4829 ὅντως

266 4860 506 4933 οὐρανοῦ
535 4859 782 4922 καταϐὰς
818 4861 911 4913 καὶ
941 4858 1087 4931 ζωὴν
1106 4857 1329 4912 αἰώνιον
1353 4857 1534 4921 διδοὺς
1562 4856 1641 4927 τῷ
1672 4855 1867 4928 κόσμῳ

266 4953 346 5024 τῷ
372 4952 709 5008 πιστεύοντι.
753 4952 996 5015 Ἐκεῖνος
1026 4951 1137 5022 γὰρ
1165 4950 1309 5022 ζωὴν
1357 4949 1704 5023 πρόσκαιρον
1758 4947 1866 5002 t6!-

266 5047 384 5112 δου,
425 5047 522 5099 καὶ
555 5045 617 5097 οὐ
645 5044 724 5114 τῷ
750 5044 968 5115 κόσμῳ,
1002 5043 1142 5097 ἀλλὰ
1180 5044 1369 5114 μόνοις
1401 5045 1517 5106 τοῖς
1558 5042 1862 5113 Ἐὁραίοις.

270 5135 514 5207 Ζωὴνδὲ
564 5135 784 5188 αίώνιον
836 5135 948 5188 νόει
990 5135 1066 5207 μὴ
1116 5133 1218 5205 τὴν
1271 5134 1460 5197 ἁπλῶς
1501 5134 1570 5204 ἢν
1637 5132 1869 5204 ζήσουσι

1949 2039 2150 2094 neque,
2193 2025 2338 2094 quod
2371 2022 2514 2077 Deus
2552 2022 2734 2092 ipsum
2785 2019 3073 2086 edidisset,
3131 2035 3202 2073 ne
3247 2019 3399 2073 hunc
3428 2017 3544 2073 Deo

1949 2123 2273 2186 aquarent;
2323 2112 2422 2169 sed
2467 2110 2719 2167 absolute
2765 2109 3026 2165 dixerunt
3063 2123 3078 2162 :
3125 2107 3322 2163 Patres
3375 2108 3548 2162 nostri

1953 2209 2294 2264 comederunt
2348 2221 2550 2260 manna
2590 2205 2648 2258 in
2703 2204 2928 2258 deserto.
2975 2199 3118 2268 Quid
3164 2214 3298 2271 ergo
3352 2197 3419 2263 is,
3449 2197 3546 2269 qui

1951 2287 2180 2371 disponit
2203 2315 2468 2355 sermones
2494 2297 2689 2352 suosin
2719 2295 2924 2364 iudicio
2946 2293 3034 2348 ὀἳ
3066 2291 3188 2347 Non
3217 2284 3399 2362 arguit
3427 2304 3546 2358 eos,

1953 2393 2050 2448 sed
2075 2389 2275 2446 blande
2311 2387 2642 2458 respondet.
2711 2383 2949 2456 Oportet
2993 2382 3170 2450 enim,
3219 2391 3282 2437 ut
3315 2379 3550 2452 praedic-

1952 2492 2068 2539 tum
2097 2491 2204 2548 est,
2231 2480 2511 2536 interdum
2541 2477 2773 2549 quidem
2808 2490 3065 2546 arguere,
3107 2473 3386 2529 interdum
3419 2485 3552 2528 vero

1954 2573 2326 2644 dispensative
2360 2574 2692 2628 clementem
2724 2584 2873 2626 esse.

2027 2665 2166 2722 Vers
2205 2667 2297 2721 52.
2333 2665 2482 2718 Dixit
2515 2693 2587 2703 -
2620 2661 2770 2716 caelo.
2817 2660 2957 2727 Quia
3009 2659 3300 2730 putabant.
3349 2673 3552 2714 manna

1955 2775 2078 2816 esso
2115 2773 2311 2828 panem
2349 2757 2418 2812 ab
2447 2770 2515 2811 eo
2545 2754 2692 2824 quod
2726 2753 2950 2824 pr0prie
2988 2752 3189 2808 caelum
3225 2751 3552 2822 appellatur,

1956 2868 2024 2907 eo
2039 2849 2189 2921 quod
2221 2849 2489 2919 scripturn
2517 2855 2701 2902 esset:
2725 2845 2933 2900 Panem
2954 2845 3018 2898 de
3034 2843 3164 2900 creto
3195 2845 3338 2898 dedit
3358 2844 3435 2897 eis
3461 2843 3509 2875 “
3536 2858 3552 2896 :

1957 2944 2185 3015 corrigit
2206 2955 2496 2997 erroneam
2521 2954 2715 2994 eorum
2750 2936 3094 3007 opinionem.
3129 2935 3266 2990 Nam
3295 2935 3367 2991 ibi
3401 2932 3558 2990 Scri-

1961 3045 2122 3107 ptura
2173 3048 2357 3087 aerem
2391 3029 2691 3100 improprie
2732 3028 2950 3085 vocavit
2997 3028 3198 3084 coelum
3241 3045 3256 3082 :
3290 3028 3560 3098 quemad-

1961 3127 2187 3182 modum
2209 3125 2376 3180 etiam
2409 3122 2671 3176 dicuntur
2713 3120 2968 3175 volucres
3003 3119 3152 3176 caeli.
3184 3117 3254 3174 Et
3288 3134 3512 3175 rursum
3540 3135 3559 3176 :

1959 3216 2196 3272 Intonuit
2230 3215 2293 3268 de
2325 3212 2452 3268 creto
2480 3211 2735 3265 Dominus
2771 3211 2841 3266 “.

2041 3309 2134 3364 Ait
2165 3323 2297 3378 ergo
2324 3323 2339 3362 :
2369 3305 2493 3360 Non
2539 3303 2719 3359 Moses
2750 3302 2902 3359 dedit
2934 3309 3065 3358 tunc
3111 3300 3326 3357 nationi
3365 3309 3558 3357 vestra

1968 3414 2165 3470 panem
2211 3398 2305 3468 qui
2363 3393 2585 3466 proprie
2633 3392 2702 3448 de
2748 3392 2890 3448 coelo
2936 3391 3029 3456 sit,
3079 3391 3178 3446 sed
3213 3390 3376 3444 Pater
3405 3405 3562 3446 meus

1971 3506 2118 3546 nunc
2156 3489 2251 3545 dat
2304 3489 2459 3543 vobis
2506 3500 2703 3556 panem
2735 3484 2901 3538 alr‘co
2925 3483 3074 3554 quod
3109 3483 3331 3554 praprie
3356 3482 3559 3538 cmlum

1967 3583 2297 3652 appellatur.
2321 3579 2454 3633 Nam
2484 3579 2632 3633 sicut
2652 3577 2816 3631 Pater
2832 3576 3056 3647 proprie
3075 3576 3278 3632 dicitur
3297 3577 3563 3642 caelestis,

1967 3676 2046 3732 ita
2078 3682 2135 3730 et
2183 3672 2354 3728 Filius
2379 3670 2643 3736 caelestis,
2672 3680 2732 3725 et
2763 3670 2987 3741 praprie
3022 3671 3206 3741 panis,
3242 3680 3440 3741 utpOte
3469 3685 3567 3725 cor

1966 3765 2208 3824 hominis
2245 3763 2608 3820 conﬁrmans.

2047 3857 2205 3915 Vers.
2233 3858 2324 3913 52.
2358 3854 2497 3911 Eum
2527 3855 2618 3927 qui
2646 3869 2800 3909 verus
2841 3862 2940 3909 est.
2976 3853 3262 3925 Siquidem
3293 3853 3384 3908 ille
3409 3853 3572 3924 panis

1968 3950 2292 4023 ﬁgurativus
2339 3957 2482 4012 erat,
2537 3961 2649 4012 me,
2689 3945 2892 4015 inquit,
2929 3945 3291 4017 praeﬁgurans
3321 3946 3417 4016 qui
3446 3959 3572 4000 sum

1967 4043 2085 4114 ipsa
2127 4040 2362 4096 Veritas.
2389 4039 2870 4107 Quemadmodum
2898 4038 3052 4093 enim
3084 4036 3177 4092 ille
3201 4037 3444 4107 desuper
3469 4035 3575 4090 de-

1968 4136 2266 4201 scendens,
2307 4117 2404 4190 eos
2433 4133 2529 4204 qui
2569 4131 2994 4204 participabant,
3038 4128 3305 4202 pascebat
3356 4143 3423 4183 ac
3468 4143 3574 4184 ro-

1971 4229 2226 4295 borabat,
2273 4227 2348 4282 ita
2375 4235 2433 4283 et
2460 4240 2584 4298 ego.
2615 4223 2726 4280 Sed
2761 4223 2854 4278 ille
2884 4223 2954 4278 ab
3000 4237 3153 4288 aere,
3191 4236 3295 4293 ego
3321 4231 3506 4279 autem
3541 4236 3572 4276 a

1970 4338 2105 4379 vero
2136 4320 2277 4377 caelo
2307 4335 2325 4374 :
2357 4319 2450 4374 ille
2479 4316 2705 4388 quidem
2737 4330 2970 4386 corpora
3019 4314 3280 4385 pascebat
3305 4329 3372 4368 ac
3401 4313 3571 4367 robo-

1972 4416 2149 4480 rabat,
2206 4427 2310 4484 ego
2361 4425 2493 4467 vero
2553 4409 2789 4464 animas.
2844 4406 2904 4460 ln
2959 4404 3328 4476 sequentibus
3388 4413 3576 4458 autem

1975 4508 2132 4580 ponit
2173 4502 2572 4577 generaliorem
2619 4499 2990 4556 diﬂerentiam
3023 4499 3170 4553 inter
3221 4496 3576 4566 ﬁgurativum

1833 4669 1858 4680 _
1895 4616 1939 4673 υ
1969 4614 2189 4673 panem,
2219 4604 2278 4652 et
2314 4611 2441 4651 eum
2467 4593 2560 4666 qui
2602 4609 2768 4649 verus
2799 4601 2906 4647 est.

2040 4691 2193 4748 νει-ε.
2212 4689 2305 4746 55.
2323 4689 2489 4743 Panis
2502 4689 2640 4742 e'tirn
2663 4715 2736 4730 —
2757 4685 2978 4740 mando.
3002 4682 3232 4754 Proprie
3273 4680 3437 4752 panis
3458 4678 3577 4739 Dei.

1973 4784 2089 4840 sive
2126 4783 2347 4839 divinus
2386 4787 2495 4848 est,
2542 4779 2633 4850 qui
2685 4793 2816 4835 vere
2848 4778 2918 4834 de
2947 4777 3088 4833 caelo
3137 4775 3466 4840 descendit,
3520 4781 3581 4828 et

1971 4878 2140 4933 vitam
2171 4885 2435 4932 aeternam
2453 4874 2547 4930 dat
2567 4872 2776 4929 mundo
2797 4872 3048 4928 credenti
3078 4886 3241 4926 :cum
3279 4869 3371 4925 ille
3408 4868 3579 4923 vitam

1971 4970 2041 5025 ad
2083 4979 2301 5040 tempus
2332 4969 2509 5031 daret,
2541 4979 2655 5020 non
2687 4964 2894 5019 mundo
2919 5002 2936 5029 ,
2987 4961 3085 5018 sed
3133 4958 3575 5019 solis.llebra3is.

1980 5059 2161 5115 Vitam
2210 5066 2399 5113 autem
2445 5066 2710 5110 internum
2755 5053 3026 5125 intelligo,
3075 5067 3186 5108 non
3229 5049 3579 5122 simpliciter,

1982 5167 2091 5223 qua
2141 5151 2330 5205 vivent
2370 5146 2741 5203 communiter
2766 5161 2962 5200 omnes
3003 5144 3282 5211 homines,
3317 5141 3418 5198 sed
3447 5141 3582 5197 bea-

270 5229 467 5291 κοινῶς
501 5231 706 5292 πάντες
759 5227 1064 5299 ἄνθρωποι,
1098 5227 1236 5281 ἀλλὰ
1267 5227 1369 5298 τὴν
1427 5226 1741 5298 μακαρίαν,
1772 5223 1856 5296 rip

1987 5253 2118 5311 tam,
2153 5257 2277 5314 quze
2304 5241 2409 5296 crit
2435 5241 2489 5294 in
2521 5238 2782 5294 continua
2809 5237 3001 5308 requie
3021 5237 3163 5308 (uti).

271 5323 331 5375 εν
360 5322 662 5374 ἀπολαύσει
696 5319 954 5390 διηνεκεῖ.

381 5435 426 5468 ⁸⁸
451 5433 596 5490 Psal.
624 5451 836 5502 uxvn,
870 5435 964 5490 ει.

1077 5436 1121 5468 ⁸⁸
1154 5434 1300 5492 Psal.
1326 5451 1438 5500 cvi,
1471 5435 1524 5491 5.
1557 5434 1605 5466 '°
1637 5433 1781 5489 Psal.
1819 5450 2026 5500 tum,
2055 5436 2148 5500 ει,

2228 5437 2272 5467 ἰ
2298 5433 2444 5490 Psal.
2499 5448 2634 5496 xvn,
2671 5432 2755 5488 Η.

1517 5530 1716 5592 Varias
1744 5528 2058 5594 lectiones
2077 5541 2140 5594 et
2169 5536 2362 5592 noun.

347 5629 462 5702 (tt)
530 5633 590 5687 'o
613 5633 768 5689 abest
798 5639 863 5688 A.

353 5703 467 5775 (Δξῷ)
498 5705 748 5775 Ἐφαγον
771 5705 832 5758 τὸ
860 5705 1036 5775 μάννα
1081 5704 1150 5759 Α.

345 5773 460 5845 illi)
518 5774 766 5845 Οὐρανοῦ
797 5773 1004 5845 κυρίως
1043 5775 1108 5829 Α.

350 5844 462 5912 (47)
498 5844 628 5910 ίιῦν,
659 5860 761 5915 pro
813 5844 933 5911 νῦν,
971 5844 1032 5899 Β.

2057 5631 2172 5700 (48)
2202 5630 2416 5684 Inclusa
2448 5625 2745 5700 omittit‘A.

2057 5696 2170 5770 (49)
2216 5700 2322 5753 Τὸν
2347 5699 2508 5770 αὐτὸν
2541 5696 2800 5770 ἀλήθειαν
2831 5697 2899 5750 Α.

2052 5769 2165 5841 (50)
2199 5770 2414 5826 Inclusa
2439 5769 2643 5823 absunt
2674 5769 2737 5820 Α.

353 5941 469 6010 (un)
498 5937 717 6008 chuic.
767 5937 857 5994 Sic
879 5936 1161 5996 hic.lnl‘ra
1194 5938 1261 5995 ad
1320 5955 1460 5996 vers.
1511 5938 1578 5993 59
1632 5935 1856 5992 reddidit

1962 5935 2228 6000 ιόλιιυοιιι,
2260 5933 2589 6003 ﬁnitionem,
2629 5925 2732 5980 nisi
2770 5924 3083 5983 ἀνάπαυσιν
3109 5927 3319 6002 legerit.
