4110 6422
582 369 726 438 1267

1823 383 2208 448 EU‘THYMII
2245 385 2611 449 ZIGABRNI

3707 385 3846 458 1248

648 473 807 532 νει-ε.
833 477 923 534 34.
958 478 1217 536 Dicerem
1247 511 1314 526 -ο
1357 485 1553 556 ipsum.
1584 484 1778 543 Adhuc
1837 490 2155 546 sensibilem

2328 488 2522 547 Εἶπον
2559 522 2626 536 -
2663 492 2901 550 τοῦτον.
2938 494 3059 548 Ἔτι
3104 491 3367 566 al.anth
3411 490 3732 564 νομίζοντες
3755 495 3849 548 τὸν

577 563 945 651 intelligentes
973 569 1289 643 huiusmodi
1318 590 1517 647 panem
1541 592 1653 646 prae
1673 578 1885 634 ventris
1916 579 2160 651 ingluvie

579 650 730 709 hunc
776 657 1062 726 petebant,
1110 677 1227 718 non
1267 666 1457 730 semel,
1493 666 1586 722 sed
1621 683 1842 739 semper
1885 650 2154 742 accipere.

650 743 787 801 νει-ε
815 746 908 804 35.
931 749 1022 805 Ait
1045 783 1114 794 —
1143 754 1283 810 vita.
1328 756 1494 811 Panis
1528 757 1834 824 vivillcans,
1866 767 1923 814 et
1953 761 2068 835 qui,
2104 770 2163 816 ut

577 835 784 893 dictum
815 849 920 909 est,
961 842 1060 898 dat
1097 845 1263 900 vitam
1313 856 1576 903 aeternam
1609 865 1624 914 ;
1662 866 1787 905 nam
1833 867 1898 906 ea
1942 852 2162 922 praprie

579 926 784 983 dicitur
811 933 943 998 vita,
978 949 1101 1002 qua
1127 944 1333 992 aeterna
1373 947 1493 1006 est;
1524 955 1644 1010 qum
1671 941 1817 996 enim
1849 941 1914 996 ad
1947 951 2160 1013 tempus

577 1019 763 1086 durat,
791 1038 900 1077 non
927 1025 1036 1098 vita
1069 1037 1174 1090 est,
1208 1030 1303 1084 sed
1343 1031 1468 1086 vita:
1512 1033 1709 1104 imago.
1739 1034 1942 1089 Panem
1977 1045 2159 1090 autem

581 1111 704 1168 vita
761 1129 910 1169 suam
941 1122 1101 1174 vocat
1130 1119 1511 1180 divinitatem:
1544 1125 1812 1195 siquidem
1841 1126 1958 1196 ipsa
2000 1130 2162 1199 panis

577 1215 684 1268 est,
722 1210 814 1276 qui
869 1209 938 1263 de.
989 1213 1131 1267 uelo
1162 1213 1466 1270 descendit.
1513 1217 1758 1277 Tandem
1812 1235 1943 1276 vero
1995 1222 2162 1278 etiam

579 1311 779 1366 corpus
809 1317 970 1357 suum
1005 1316 1164 1360 τοττι
1195 1323 1417 1377 panem.

650 1389 806 1446 Vera.
828 1394 918 1448 33.
953 1395 1057 1460 Qui
1076 1426 1148 1437 —
1169 1414 1420 1468 unquam.
1450 1401 1613 1456 Venit
1653 1403 1922 1474 quispiam
1941 1404 2009 1459 ad
2034 1422 2161 1462 eum

579 1496 680 1552 per
708 1483 870 1539 ﬁdem
899 1503 914 1540 :
941 1486 1060 1556 ipsa
1083 1491 1230 1564 enim
1257 1499 1342 1546 est
1371 1493 1456 1545 via
1483 1492 1550 1547 ad
1582 1495 1753 1550 illum.
1789 1494 1906 1551 Non
1932 1499 2160 1567 csuriet,

580 1575 783 1649 inquit,
812 1578 955 1633 fame
987 1595 1109 1650 quae
1157 1581 1226 1637 ab
1273 1584 1591 1640 inﬁdelitate
1641 1588 1911 1657 procedit,
1959 1599 2015 1645 et
2051 1607 2159 1647 non

579 1668 728 1734 sitiet
760 1686 997 1740 unquam
1033 1673 1144 1740 siti,
1179 1692 1300 1746 quae
1331 1678 1401 1731 ab
1457 1678 1844 1738 incredulitate
1889 1687 2158 1750 nascitur,

581 1758 676 1813 sed
710 1761 882 1830 gratia
911 1762 1092 1817 divina
1128 1765 1390 1834 repletus,
1436 1776 1492 1822 et
1519 1769 1636 1838 ipse
1665 1771 1923 1843 deinceps
1955 1775 2161 1831 nullius

2260 583 2500 638 τοιοῦτον
2523 587 2690 657 ἄρτον
2728 585 2861 656 (5i),
2896 585 3002 640 ὑπὸ
3047 586 3386 657 λαιμαργίας
3419 585 3700 656 ιζήτησαν
3753 587 3854 640 αῦ-

2261 676 2377 740 τὸν,
2407 676 2506 749 οὐχ
2534 679 2684 744 ἅπαξ
2712 679 2917 744 λαϐεῖν,
2948 678 3086 732 ἀλλὰ
3113 680 3371 733 πάντοτε.

2333 766 2484 823 Εἴπε
2508 801 2580 812 -
2622 769 2794 839 ζωῆς.
2839 771 2897 824 Ὀ
2937 771 3102 841 ἄρτος
3129 775 3157 824 6
3202 771 3440 841 ζωηρδς,
3470 772 3499 826 6
3531 770 3679 841 ζωὴν
3717 770 3855 824 alti»-

2260 877 2375 914 νιον
2397 861 2597 927 διδοὺς,
2620 861 2697 924 ὡς
2719 863 2959 932 εἴρηται.
2993 863 3114 933 Ζωὴ
3137 863 3246 933 γὰρ
3290 863 3500 934 κυρίως
3539 866 3571 932 ἡ
3608 862 3853 924 αἰώνιος·

2263 951 2296 1021 ἡ
2325 951 2433 1024 γάρ
2468 954 2802 1022 πρόσκαιρος
2835 955 2896 1007 οὐ
2919 954 3124 1024 κυρίω;
3158 955 3295 1024 ζωὴ,
3331 955 3448 1007 ἀλλ’
3479 953 3645 1007 εἰκὼν
3679 953 3852 1020 ζωῆς.

2267 1045 2466 1115 ’Δρτον
2489 1045 2546 1100 δὲ
2586 1045 2699 1114 (52)
2730 1045 2874 1114 ζωῆς
2931 1049 3028 1115 τὴν
3057 1046 3286 1115 θεότητα
3321 1045 3517 1100 ἑαυτοῦ
3553 1047 3704 1113 λέγει
3733 1046 3850 1097 νῦν·

2263 1136 2404 1208 αῦτη
2433 1140 2542 1204 γὰρ
2568 1137 2732 1208 ἀρτος
2764 1139 2828 1189 ὲκ
2860 1136 2952 1188 τοῦ
2999 1135 3233 1205 ούρανοῦ
3274 1137 3545 1200 καταϐάς.
3591 1135 3735 1206 Πρὸς
3773 1135 3852 1203 τῷ

2263 1224 2407 1278 τέλει
2436 1224 2492 1278 δὲ
2524 1227 2616 1278 καὶ
2652 1225 2714 1278 τδ
2747 1224 2944 1280 ἑαυτοῦ
3003 1226 3164 1295 σῶμα
3186 1224 3352 1295 ἀρτον
3385 1226 3561 1279 καλεῖ.

2348 1392 2413 1446 '0
2445 1421 2519 1433 —
2550 1392 2810 1447 πώποτε.
2848 1391 3115 1464 Ἔρχὲτμί
3145 1409 3229 1456 τις
3257 1393 3392 1465 πρὸς
3439 1393 3604 1447 αὑτὸν
3633 1393 3724 1445 διά
3758 1393 3857 1462 τῆς

2265 1485 2524 1549 πίστεωςο
2577 1485 2714 1557 αῦτη
2751 1486 2860 1556 γὰρ
2895 1486 2926 1557 ﬂ
2961 1484 3072 1557 (53)
3111 1485 3229 1548 ὁδὸς
3257 1487 3394 1555 πρὸς
3435 1485 3621 1539 αὐτόν.
3673 1486 3748 1537 0-5
3783 1484 3860 1553 μὴ

2263 1578 2524 1650 πεινάσῃ,
2552 1579 2708 1649 φησὶ,
2745 1577 2844 1648 τὴν
2870 1579 2978 1632 ἀπὸ
3007 1577 3107 1645 τῆς
3138 1578 3397 1641 ἀπιστίας
3427 1579 3645 1631 πείνανο
3671 1580 3769 1630 καὶ
3795 1578 3857 1630 οὐ

2259 1672 2344 1743 ,μὴ
2401 1671 2602 1742 διψήσῃ
2647 1670 2870 1724 πώποτε
2930 1672 3031 1741 τὴν
3069 1669 3177 1724 ἀπὸ
3225 1669 3329 1738 τῆς
3377 1670 3640 1735 ἀπιστίας
3673 1671 3856 1739 δίψαν·

2265 1764 2402 1817 ἀλλά
2435 1763 2698 1833 πλησθεὶς
2726 1765 2826 1833 τῆς
2858 1763 3010 1826 θείας
3029 1764 3254 1850 χάριτος
3277 1764 3440 1827 αὐτός
3460 1781 3520 1817 τε
3545 1763 3862 1836 ἀπροσδεὴς

581 1849 872 1922 indigebit,
911 1854 1004 1909 sed
1044 1856 1168 1911 aliis
1201 1858 1386 1927 potius
1420 1834 1734 1917 necessaria
1777 1834 2160 1922 subministra-

2274 1855 2420 1909 ἔσται
2450 1857 2658 1920 λοιπὸν,
2690 1856 2784 1909 καὶ
2820 1834 3046 1924 ἑτέρως’
3075 1855 3276 1927 μᾶλλον
3331 1834 3658 1927 ἑπαρκέσει,
3714 1834 3861 1913 etea-

580 1940 678 2006 bit,
707 1942 911 2002 docens
955 1962 1019 2003 ac
1049 1949 1306 2005 erudiens
1337 1952 1480 2008 illos.

650 2031 806 2089 Vero.
870 2037 962 2092 36.
1009 2037 1118 2093 Sed
1164 2070 1237 2081 —
1267 2043 1582 2100 credidistis.
1625 2046 1852 2106 Vidistis
1893 2067 2002 2117 me,
2049 2055 2165 2112 sive

578 2126 915 2196 cognovistis
943 2132 1070 2199 quis
1113 2146 1212 2204 ego
1243 2135 1370 2202 sim,
1400 2145 1455 2191 et
1497 2153 1526 2192 a
1559 2140 1879 2197 testimonio
1904 2143 2161 2214 Joannis,

583 2224 640 2269 et
681 2231 714 2271 a
747 2217 917 2289 signis
966 2237 1088 2292 qua:
1119 2225 1286 2288 edidi.
1321 2238 1378 2282 et
1423 2243 1454 2284 a
1490 2233 1812 2289 testimonio
1853 2234 2165 2307 Scriptura-

583 2319 729 2370 rum,
777 2324 915 2379 quas
971 2314 1126 2370 vobis
1180 2319 1393 2386 aperui,
1468 2322 1563 2376 sed
1610 2325 1916 2382 voluntarie
1959 2330 2162 2385 malum

581 2409 878 2466 operantes
919 2417 1032 2458 non
1082 2407 1325 2462 creditis.
1393 2410 1627 2476 Quando
1671 2425 1851 2471 autem
1903 2420 2005 2475 hoc
2059 2421 2165 2477 illis

581 2487 720 2544 dixit
750 2491 1104 2553 YVerisimile
1133 2499 1355 2569 quidem
1384 2513 1470 2559 est
1499 2505 1603 2561 hoc
1633 2507 1840 2565 dictum
1883 2526 2026 2576 esse,
2062 2517 2166 2570 etsi

582 2585 846 2658 scriptum
896 2607 1005 2648 non
1041 2593 1132 2649 sit.

655 2676 814 2734 Vers.
844 2681 935 2736 37.
986 2685 1157 2742 Omne
1213 2718 1284 2730 —
1329 2694 1522 2750 veniet.
1580 2695 1696 2750 Hoc
1735 2711 1993 2754 sermone
2066 2700 2167 2756 de-

582 2779 873 2839 monstrat,
909 2777 1053 2844 quod
1081 2777 1241 2835 Pater
1290 2782 1513 2838 adducit
1549 2785 1598 2840 ei
1633 2787 1922 2844 credentes
1951 2809 1963 2844 :
1994 2791 2167 2855 siqui-

583 2858 707 2916 dem
739 2863 872 2922 dicit
893 2876 951 2922 et
979 2867 1179 2926 Paulus
1207 2889 1221 2928 :
1246 2872 1349 2928 Per
1378 2893 1529 2946 quem
1562 2881 1732 2933 vocati
1756 2883 1879 2935 estis
1910 2882 1962 2935 in
2002 2886 2170 2938 socie-

583 2962 749 3010 tatem
795 2955 926 3012 Filii
955 2977 1070 3029 ejus
1115 2965 1182 3017 “.
1230 2965 1319 3019 Ait
1365 2982 1536 3038 ergo:
1587 2969 1756 3025 Omne
1791 2972 1926 3026 illud
1971 2978 2042 3029 ad
2091 2993 2170 3031 me

585 3050 752 3103 veniet
792 3058 929 3120 quod
956 3053 1047 3107 dat
1075 3056 1204 3109 mihi
1235 3056 1420 3123 Pater,
1457 3061 1559 3116 lioc
1583 3071 1687 3126 est,
1723 3062 1912 3120 Omnis
1947 3068 2038 3136 qui
2073 3070 2170 3123 da-

586 3145 676 3192 tus
706 3137 874 3196 fuerit
908 3144 1090 3200 mibia
1128 3147 1308 3215 Patre,
1345 3155 1525 3206 omnis
1576 3155 1667 3223 qui
1698 3155 1970 3212 deductus
2004 3160 2072 3214 ab
2103 3177 2168 3216 eo

586 3223 778 3290 fuerit,
827 3227 918 3284 hic
950 3233 1134 3287 veniet
1169 3235 1236 3290 ad
1262 3251 1371 3302 me,
1401 3238 1490 3293 hic
1521 3241 1707 3296 credet
1734 3241 1786 3296 in
1831 3259 1942 3311 me,
1971 3254 2027 3300 et
2059 3262 2169 3302 non

586 3317 821 3385 quilibet
853 3320 1195 3392 simpliciter.
1248 3325 1380 3383 Inde
1427 3341 1610 3386 autem
1660 3334 1972 3398 conﬁrmat,
2027 3338 2172 3406 quod

589 3409 710 3466 vult
737 3410 902 3469 Pater
939 3424 1003 3470 ut
1051 3417 1276 3474 credant
1309 3419 1366 3474 in
1411 3435 1557 3476 eum.
1603 3423 1811 3494 itaque.
1843 3426 1935 3496 qui
1961 3426 2015 3480 in
2047 3443 2174 3482 eum

588 3517 702 3557 non
724 3505 919 3570 credit,
961 3507 1283 3565 adversatur
1320 3513 1416 3568 Dei
1454 3515 1741 3571 voluntati.
1775 3516 1877 3572 Dat
1907 3527 2088 3573 autem
2120 3527 2176 3573 et

589 3591 756 3650 Pater
817 3596 979 3664 Filio,
1015 3599 1226 3655 ducens
1267 3617 1362 3658 eos
1401 3604 1466 3658 ad
1517 3605 1678 3660 (idem
1709 3608 1830 3676 ejus
1866 3625 1881 3675 ;
1919 3617 1974 3664 et
2002 3608 2176 3666 Filius

590 3683 760 3754 Patri,
785 3689 1065 3747 adducens
1103 3708 1200 3749 eos
1227 3693 1297 3749 ad
1331 3695 1481 3750 illum
1512 3714 1611 3768 per
1641 3700 1824 3755 ﬁdem.

664 3891 891 3960 Verum,
916 3895 960 3953 si
984 3898 1135 3953 venit
1173 3900 1221 3954 is
1253 3900 1320 3956 ad
1362 3900 1582 3967 Filium,
1621 3905 1714 3972 qui
1746 3905 1906 3960 datur
1935 3922 1963 3961 a
1992 3908 2174 3974 Patre,

589 3983 750 4055 culpa
771 4001 902 4058 ergo
932 3989 1165 4053 carebit,
1191 3991 1282 4062 qui
1311 4008 1420 4046 non
1455 3995 1627 4059 venit,
1662 4005 1848 4066 utpote
1880 4013 1991 4052 non
2018 4001 2178 4056 datus

592 4089 624 4129 a
676 4075 858 4131 Patre.
910 4079 1016 4133 Sed
1078 4080 1238 4134 Pater
1275 4081 1400 4136 illos
1434 4083 1546 4148 dat,
1594 4085 1647 4137 in
1680 4086 1882 4154 quibus
1921 4088 2182 4155 praecedit

593 4167 740 4222 bona
778 4168 1076 4226 voluntas:
1126 4186 1306 4241 neque
1333 4173 1479 4226 enim
1513 4174 1630 4229 bth
1657 4191 1755 4246 per
1787 4192 1845 4230 se
1869 4176 2047 4233 facere
2083 4194 2181 4249 po-

595 4270 726 4327 test,
759 4270 819 4317 ut
861 4264 1113 4328 credant,
1153 4267 1381 4322 absente
1437 4266 1528 4321 Dei
1584 4271 1942 4334 adminiculo,
2001 4288 2181 4342 neque

592 4355 727 4411 illud
763 4356 1052 4422 auxilium,
1093 4357 1202 4413 nisi
1243 4373 1488 4428 praesens
1527 4361 1596 4415 sit
1624 4372 1678 4415 et
1730 4363 1871 4417 bona
1905 4363 2178 4419 voluntas.

2267 1965 2412 2002 σκων
2443 1950 2539 2002 καὶ
2569 1947 2823 2021 κατηχῶν
2853 1947 3074 2012 αὐτούς.

2349 2041 2503 2096 Ἀλλ’
2533 2071 2606 2084 -
2634 2043 2971 2097 πιστεύετε.
3009 2041 3326 2113 Ἑωράκατέ
3365 2059 3456 2114 με,
3489 2045 3662 2115 ῆγουν
3691 2042 3864 2110 ἐγνῶ-

2268 2148 2401 2186 κατε
2427 2132 2511 2198 τίς
2561 2134 2676 2201 είμι
2716 2133 2823 2186 ἀπό
2853 2151 2910 2186 τε
2947 2135 3042 2204 τῆς
3079 2135 3388 2205 μαρτυρίας
3428 2133 3683 2188 Ἰωάννου
3707 2175 3722 2199 ,
3756 2133 3866 2186 ἀπό

2267 2238 2327 2276 τε
2349 2223 2459 2276 τῶν
2488 2223 2733 2293 σημείων
2759 2217 2835 2277 ὧν
2865 2223 3122 2292 εποίησα,
3148 2225 3244 2277 καὶ
3280 2222 3392 2276 ἀπὸ
3418 2223 3518 2292 τῆς
3553 2223 3865 2292 μαρτυρίας

2267 2315 2378 2369 τῶν
2402 2316 2656 2385 Γραφῶν,
2685 2316 2752 2378 ἀς
2777 2317 2908 2385 ὑμῖν
2939 2314 3237 2380 ἀνέπτυξα·
3268 2315 3384 2369 ἀλλ’
3407 2313 3867 2377 ἑθελοκακοῦντες

2267 2408 2330 2461 οὐ
2387 2409 2695 2463 πιστεύετε.
2751 2410 2889 2463 Πότε
2915 2409 2972 2462 52-.
3024 2408 3185 2463 τοῦτο
3230 2404 3386 2462 εἴπεν
3437 2409 3663 2473 αὑτοτςς
3705 2406 3868 2471 Εἰκὸς

2268 2501 2429 2554 τοῦτο
2447 2500 2681 2572 ῥηθῆναι
2710 2501 2834 2571 μὶν,
2870 2502 2947 2574 μὴ
2972 2505 3254 2574 γραφῆναι
3276 2502 3358 2558 δέ.

2344 2685 2478 2741 Πᾶν
2528 2716 2598 2730 -—
2644 2684 2801 2752 ἣξει.
2861 2685 3032 2740 Τοῦτο
3051 2687 3381 2757 παρίστησιν
3422 2687 3452 2739 6
3506 2687 3691 2755 λόγος,
3728 2687 3810 2740 ὅτι
3839 2689 3867 2741 6

2274 2782 2467 2852 Πατὴρ
2500 2783 2771 2854 προσάγει
2802 2783 2954 2853 αύτῷ
2979 2784 3106 2844 τοὺς
3137 2781 3518 2843 πιστεύοντας.
3577 2782 3718 2850 Φησὶ
3758 2779 3866 2850 γὰρ

2274 2874 2369 2925 καὶ
2394 2873 2626 2936 Παῦλος·
2645 2874 2725 2926 Δι’
2744 2871 2815 2930 οὗ
2833 2874 3131 2941 ἐκλήθητε
3146 2876 3232 2938 εὶς
3252 2875 3576 2928 κοινωνίαν
3594 2871 3702 2926 τοῦ
3728 2872 3860 2926 Υἱοῦ

2274 2965 2482 3020 αὑτοῦ.
2514 2968 2675 3035 Λέγει
2704 2967 2903 3030 τοίνυν,
2934 2968 3016 3019 ὅτι
3035 2965 3165 3020 Πᾶν
3187 2965 3388 3020 ἐκεῖνο
3414 2965 3565 3034 πρὸς
3581 2965 3690 3035 ἐμὲ
3712 2965 3864 3032 ἣξει,

2275 3059 2308 3114 ὃ
2341 3059 2556 3114 δίδωσί
2579 3077 2680 3130 μοι
2722 3063 2756 3114 d
2784 3059 3013 3128 Πατὴρ,
3045 3060 3318 3125 τουτέστι,
3348 3061 3460 3123 πᾶς
3491 3059 3549 3124 ός
3603 3058 3733 3129 δοθῇ
3776 3075 3864 3128 μοι

2278 3153 2426 3224 παρὰ
2455 3153 2550 3205 τοῦ
2578 3151 2712 3205 Θεοῦ
2756 3151 2892 3221 (56),
2949 3151 3008 3216 ὃς
3045 3151 3284 3223 ὁδηγηθῇ
3322 3151 3453 3220 παρ’
3511 3150 3682 3205 αὑτοῦ
3725 3151 3862 3221 (55),

2275 3240 2431 3309 οὗτος
2462 3246 2584 3318 ἥξει
2635 3247 2776 3318 πρός
2812 3264 2902 3317 με,
2933 3242 3090 3311 οὗτος
3147 3244 3432 3299 πιστεύσει
3466 3260 3583 3315 μοι,
3633 3244 3730 3297 καὶ
3770 3244 3866 3314 οὐχ

2279 3338 2465 3402 ἁπλῶς
2485 3338 2514 3390 6
2537 3339 2738 3410 τυχών.
2787 3338 3072 3392 Ἐντεῦθεν
3091 3339 3147 3393 δὲ
3177 3337 3589 3400 κατασκευάζει
3613 3337 3698 3390 ὅτι
3725 3336 3866 3390 θέλει

2277 3431 2305 3482 6
2333 3431 2524 3502 Πατὴρ
2578 3431 2666 3484 ἵνα
2701 3429 3075 3484 πιστεύσωσιν
3113 3431 3192 3493 εἰς
3245 3429 3432 3492 αὑτὸν,
3468 3429 3561 3481 καὶ
3627 3429 3812 3480 λοιπον
3841 3429 3868 3480 6

2283 3523 2358 3593 μὴ
2393 3522 2669 3576 πιστεύων
2692 3523 2775 3586 είς
2803 3521 2968 3576 αὐτὸν
2993 3519 3336 3574 ἐναντιοῦται
3367 3521 3446 3588 τῷ
3479 3519 3865 3589 θελήματιτοῦ

2280 3609 2438 3663 Θεοῦ.
2469 3609 2663 3664 Δίδωσι
2685 3611 2740 3664 δὲ
2762 3611 2858 3664 καὶ
2882 3611 2910 3662 6
2941 3611 3130 3682 Πατὴρ
3153 3611 3232 3679 τῷ
3261 3609 3397 3680 Υίῷ,
3424 3609 3638 3680 ὁδηγῶν
3669 3611 3868 3672 αὐτοὺς

2281 3705 2359 3762 είς
2389 3703 2490 3774 τὴν
2520 3703 2702 3756 πίστιν
2737 3703 2927 3756 αὐτοῦ·
2966 3703 3060 3757 καὶ
3086 3705 3114 3757 6
3143 3702 3269 3767 Υἱὸς
3298 3703 3376 3774 τῷ
3429 3704 3632 3775 Πατρὶ,
3661 3703 3863 3774 προσά-

2281 3814 2394 3865 γων
2422 3797 2620 3860 αὐτοὺς
2650 3795 2802 3866 αὐτῷ
2829 3794 2920 3849 διὰ
2953 3794 3056 3864 τῆς
3086 3797 3350 3859 πίστεως.

2366 3891 2506 3946 Ἀλλ’
2531 3892 2577 3944 εί
2611 3891 2822 3953 ἐκεῖνος
2861 3889 3086 3960 ἔρχεται
3138 3891 3273 3961 πρὸς
3308 3889 3401 3943 τὸν
3436 3889 3588 3953 Υἱὸν,
3633 3893 3663 3944 6
3700 3890 3870 3952 δοθεὶς

2283 3987 2434 4052 παρᾶ
2463 3982 2556 4037 τοῦ
2593 3983 2828 4053 Πατρός,
2868 3983 3111 4044 ἀναίτιος
3150 3984 3262 4052 ἀρα
3297 3984 3325 4035 6
3358 3983 3432 4054 μὴ
3465 3981 3658 4049 ἐλθὼν,
3685 3985 3761 4048 ὠς
3798 3984 3867 4055 μὴ

2282 4076 2455 4139 δοθεὶς
2490 4075 2641 4146 παρά
2671 4074 2766 4126 τοῦ
2795 4075 3026 4144 Πατρόςο
3059 4073 3174 4128 ἀλλ’
3200 4076 3230 4128 6
3260 4075 3450 4145 Πατὴρ
3497 4076 3746 4138 ἐκείνους
3789 4077 3867 4130 δί-

2282 4169 2444 4221 δωσιν
2467 4162 2543 4223 ὦν
2570 4170 2600 4237 ἡ
2641 4167 2962 4238 προαίρεσις
2990 4167 3198 4238 ἀγαθή.
3226 4167 3364 4221 Οῦτε
3394 4168 3506 4236 γὰρ
3533 4167 3678 4239 αῦτη
3707 4169 3865 4222 δύνα-

2285 4279 2376 4313 ται
2426 4261 2652 4330 ποιῆσαι
2706 4261 2920 4327 πιστὸν,
2982 4261 3231 4330 ἀπούσης
3265 4263 3365 4330 τῆς
3404 4261 3551 4330 παρὰ
3587 4261 3685 4314 τοῦ
3736 4261 3866 4315 Θεοῦ

2285 4354 2679 4423 χειραγωγεας·
2715 4353 2838 4405 οῦτε
2871 4354 2978 4422 μὴν
3006 4354 3196 4424 ἐκείνη
3233 4356 3514 4424 συνεργεῖ,
3550 4355 3628 4424 μὴ
3665 4353 3869 4425 παρού-

2287 4462 2385 4514 σης
2414 4445 2626 4513 ἀγαθῆς
2661 4447 3062 4516 προαιρέσεως.

669 4541 823 4598 Vers.
849 4542 938 4600 37.
971 4541 1040 4597 Et
1069 4571 1139 4583 —-
1163 4545 1332 4614 foras.
1371 4541 1561 4613 Neque
1590 4545 1698 4606 liic,
1728 4561 1759 4599 a
1794 4562 1912 4598 mea
1945 4545 2168 4599 familia-

2359 4538 2469 4590 Καὶ
2497 4567 2567 4578 -
2591 4537 2727 4601 ἔξω.
2759 4537 2884 4591 Οῦτ¹
2908 4538 3162 4603 ἐνταῦθα,
3197 4537 3302 4602 ἔξω
3332 4537 3431 4606 τῆς
3469 4538 3610 4608 ἐμῆς
3661 4537 3871 4590 οἰκειώ-

594 4635 783 4702 ritate,
813 4650 996 4704 neque
1031 4635 1127 4700 ibi,
1159 4650 1187 4688 a
1222 4651 1391 4706 regno
1421 4636 1686 4690 caelorum
1722 4652 1911 4699 :eum,
1947 4639 2038 4706 qui
2065 4653 2176 4692 non

592 4739 893 4798 utcunque,
919 4729 1016 4783 sed
1044 4739 1196 4785 recto
1232 4731 1417 4784 animo
1452 4729 1516 4782 ad
1547 4745 1631 4782 me
1664 4730 1832 4783 venit.

662 4822 819 4878 Vere.
843 4821 933 4876 38.
969 4822 1107 4888 Quia
1137 4851 1209 4860 -——
1236 4837 1427 4875 me.—
1462 4818 1583 4873 Non
1616 4832 1671 4874 ut
1709 4823 1904 4890 faciam
1940 4823 2180 4876 volunta-

595 4925 698 4971 tem
730 4930 851 4984 qute
869 4930 988 4969 mea
1015 4922 1118 4977 est,
1145 4915 1258 4968 sive
1285 4914 1583 4983 propriam,
1612 4929 1789 4982 neque
1816 4917 1960 4969 enim
2004 4916 2180 4972 habeo

591 5008 893 5079 propriam,
917 5008 1008 5062 sed
1022 5006 1344 5060 voluntatem
1373 5007 1487 5075 ejus
1509 5007 1599 5072 qui
1631 5007 1770 5058 misit
1798 5023 1900 5070 me,
1936 5008 2039 5063 hoc
2073 5019 2175 5072 est,

595 5115 964 5164 communem,
991 5115 1113 5170 quae
1144 5107 1200 5153 et
1234 5115 1350 5153 mea
1380 5109 1465 5153 est
1498 5110 1557 5154 et
1580 5100 1746 5166 illius,
1777 5115 2007 5169 quorum
2035 5103 2177 5157 sicut

597 5203 681 5247 est
710 5208 816 5246 una
863 5192 1142 5256 divinitas,
1185 5192 1258 5246 ita
1290 5204 1373 5245 est
1403 5200 1456 5246 et
1491 5195 1596 5246 una
1634 5193 1905 5247 voluntas.
1941 5192 2180 5247 Descen-

591 5285 674 5341 dit
697 5291 880 5340 autem
906 5285 974 5340 de
1001 5283 1142 5340 cmlo
1171 5283 1474 5340 secundum
1503 5285 1862 5341 divinitatem.

703 5464 749 5495 “
784 5461 805 5516 l
833 5461 961 5516 Cor.
988 5479 1028 5530 ι,
1061 5463 1113 5518 9.

2288 4649 2447 4698 σεως,
2484 4631 2608 4684 οῦτε
2663 4633 2799 4696 ἐκεῖ,
2845 4631 2951 4695 ἔξω
2985 4633 3084 4702 τῆς
3136 4631 3420 4701 βασιλείας
3451 4632 3561 4684 τῶν
3602 4632 3871 4704 οὐρανῶν.

2286 4727 2390 4779 Τὸν
2418 4725 2713 4795 ἐρχόμενον
2742 4725 2798 4777 δὲ
2831 4725 2888 4777 οὗ
2898 4743 2928 4793 χ
2965 4725 3174 4786 ἁπλῶς,
3210 4724 3325 4776 ἀλλ’
3359 4723 3560 4794 ὀρθῶς.

2359 4819 2481 4871 Ὅτι
2508 4847 2578 4857 -
2602 4834 2698 4886 με.
2729 4819 2934 4885 -Οὑχ
2967 4817 3066 4869 ἵνα
3083 4815 3233 4868 ποῶ
3267 4818 3326 4868 τὸ
3357 4815 3592 4883 Θέ.1ημα
3614 4815 3681 4867 τὸ
3708 4815 3865 4883 ἐμὸν,

2285 4914 2404 4983 ἦτοι
2434 4911 2492 4962 τὸ
2533 4910 2684 4962 ἴδιονο
2720 4909 2839 4961 οὐδὲ
2872 4910 2980 4977 γὰρ
3016 4907 3129 4978 (56)
3165 4907 3271 4977 ἔχω
3304 4905 3454 4956 tem-
3486 4904 3650 4958 ἀλλὰ
3683 4905 3750 4956 τὸ
3779 4903 3868 4956 θέ-

2284 5012 2447 5076 λημα
2470 5005 2575 5058 τοῦ
2604 5003 2956 5072 πέμψαντός
2995 5017 3092 5068 με,
3148 5000 3396 5050 τουτέστι
3425 4996 3483 5048 τι
3511 4996 3692 5048 κοινὸν
3737 4993 3867 5048 ἐκεί·

2289 5113 2380 5151 νου
2413 5111 2469 5147 τε
2494 5095 2584 5146 καὶ
2615 5093 2776 5160 ἐμοῦ,
2812 5088 2885 5144 ὧν
2915 5091 2990 5153 ὡς
3024 5089 3123 5159 μία
3151 5087 3365 5156 θεότης,
3391 5085 3536 5138 οὕτω
3564 5085 3661 5137 καὶ
3691 5086 3750 5137 ἐν
3780 5084 3865 5137 θέο

2285 5191 2458 5261 λημα.
2484 5186 2844 5257 Ῐίαταόέϐηκε
2868 5184 2922 5237 δὲ
2947 5185 3012 5235 ὲκ
3037 5180 3133 5234 τοῦ
3165 5180 3396 5251 ούρανοῦ
3453 5183 3519 5251 τῇ
3557 5178 3796 5251 θεότητι.

1795 5534 1994 5595 Variae
2038 5534 2345 5597 lectiones
2378 5542 2438 5597 et
2469 5543 2660 5596 nota).

673 5701 785 5774 (5i)
813 5701 1016 5756 Τοῦτον
1049 5705 1140 5757 τὸν
1175 5705 1340 5772 ἄρτον
1369 5707 1438 5762 Δ.

676 5771 787 5835 (52)
816 5774 883 5825 Δὲ
913 5774 1115 5829 omittit
1165 5771 1229 5832 Δ.

679 5843 792 5914 (55)
824 5843 886 5896 Ἦ
917 5845 1066 5901 abest
1112 5848 1179 5902 Δ.

2370 5703 2481 5772 (56)
2526 5704 2760 5774 Πατρὺς,

2369 5774 2481 5840 (55')
2543 5773 2694 5843 Παρὰ
2727 5774 2818 5826 τοῦ
2847 5773 3058 5843 Πατρός
3090 5775 3155 5826 Λ.

2368 5845 2480 5915 (τις)
2526 5846 2666 5914 ἐγω
2695 5845 2842 5901 addit
2865 5845 2930 5898 Α.

2803 5719 2904 5772 pro
2973 5702 3108 5755 Θεοῦ
3153 5703 3217 5758 Α.
