4110 6400
241 394 392 457 1210

1206 383 1596 447 COMMENT.
1636 383 1716 444 IN
1758 382 2142 445 JOANNEM.
2188 405 2257 418 -
2295 381 2455 445 CAP.
2500 381 2599 443 Vl.

3406 382 3542 449 1250

323 504 510 558 Τοῦτο
557 531 625 544 —-
686 503 900 573 ἡμέρα.
937 499 1052 556 Καὶ
1109 499 1218 570 μὴν
1266 500 1479 562 πάντας
1537 497 1841 567 ἀναστήσει

2017 494 2174 551 Vers.
2208 494 2297 549 39.
2330 494 2455 549 Ηανε
2489 525 2559 534 —-
2591 495 2693 550 die.
2731 495 2894 566 Atqui
2916 510 3111 552 omnes
3139 504 3269 554 tunc
3312 503 3544 556 resusci-

233 595 390 657 τότε,
427 595 674 654 καὶτοὺς
708 593 985 655 σωθέντας
1017 590 1114 644 καὶ
1161 589 1292 653 τοὺς
1323 589 1699 652 ἀπολωλότας,
1739 588 1837 642 καὶ

232 687 374 748 τοὺς
412 687 642 748 πιστοὺς
682 686 776 738 καὶ
805 686 930 746 τοῦς
959 683 1245 747 ἀπίστους⁶
1276 683 1392 736 ἀλλ’
1423 683 1722 736 ἀνάστασιν
1755 684 1841 736 ιν-

238 775 423 828 ταῦθα
447 777 594 843 λέγει
623 778 723 847 τὴν
748 778 841 829 ἐπὶ
875 774 1208 838 ἀπολαύσει,
1242 775 1304 827 οὐ
1329 775 1434 844 τὴν
1465 775 1560 827 ἐπὶ
1592 773 1838 829 κολάσει.

256 867 380 934 Ἀφ’
407 861 483 918 ὧν
511 867 567 920 δέ
599 885 784 938 φησιν,
830 868 1104 920 δείκνυσιν
1139 867 1221 919 ὃτι
1271 865 1452 920 κοινδν
1494 865 1709 934 θέλημα
1745 863 1842 916 καὶ

243 955 346 1009 τοῦ
403 957 612 1026 Πατρὸς
642 959 735 1010 καὶ
769 959 864 1010 τοῦ
889 957 1026 1010 Υίοῦ
1076 957 1139 1011 τὸ
1192 957 1432 1028 σωθῆναι
1473 957 1706 1018 πάντας.
1743 955 1843 1008 Διά

239 1047 408 1100 τοῦτο
435 1049 542 1118 γὰρ
573 1049 601 1100 6
635 1048 733 1117 μὲν
765 1049 1113 1116 ἀπέστειλεν,
1142 1051 1170 1103 6
1194 1049 1252 1103 δὲ
1285 1049 1650 1119 παρεγένετοο
1684 1048 1780 1102 καὶ
1812 1049 1841 1101 6

247 1141 350 1207 μὲν
394 1140 579 1192 δίδωσι
608 1141 736 1204 τοὺς
794 1143 1181 1208 πιστεύοντας,
1215 1144 1243 1194 6
1288 1140 1345 1194 δὲ
1385 1139 1841 1210 παραλαμβάνων

244 1231 436 1295 σώζει.

323 1323 612 1430 [Ἱνσῖςδη
643 1326 718 1395 μὴ
752 1325 1026 1392 ἀπολέσω,
1067 1327 1370 1392 τουτέστιν,
1396 1329 1484 1381 ἵνα
1520 1328 1596 1430 μη
1624 1327 1680 1394 ἐξ
1703 1327 1844 1397 ἐμῆς

245 1417 426 1476 αἰτίας
484 1416 756 1484 ἀπόληται
786 1434 890 1479 τις.
949 1418 1058 1470 Καὶ
1105 1419 1365 1489 ἀνωτέρω
1406 1419 1516 1488 γὰρ
1544 1416 1721 1481 εἶπεν,
1760 1419 1843 1470 ὅτι

249 1504 369 1558 Τὸν
399 1507 733 1575 ἐρχόμενον
761 1511 913 1575 πρός
930 1526 1008 1577 με
1031 1511 1100 1561 οὐ
1124 1507 1205 1575 μὴ
1227 1508 1459 1562 ἐκϐάλω
1483 1509 1618 1572 ἔξω.
1642 1509 1844 1562 Λοιπὸν

246 1596 371 1661 οὖν,
408 1601 460 1650 εἰ
483 1615 568 1662 τις
598 1600 664 1652 ἂν
691 1602 957 1660 ἑκουσίως
989 1601 1180 1672 ἐξέλθῃ
1211 1605 1302 1654 καὶ
1334 1603 1597 1666 ἑκουσίως
1634 1602 1838 1672 ἀπόλησ

245 1706 361 1752 ται,
403 1691 556 1758 παρά
592 1688 691 1759 τὴν
723 1688 921 1742 ἑαυτοῦ
959 1691 1144 1742 αἰτίαν
1187 1689 1352 1743 τοῦτο
1382 1690 1602 1761 πάσχει.
1637 1692 1844 1746 Οὐδένα

247 1782 361 1852 γὰρ
389 1785 416 1834 6
444 1785 574 1844 Θεὸς
614 1782 746 1851 πρὸς
781 1783 1033 1851 ἀνάγκην
1059 1782 1256 1853 ἕλκεα]

1947 585 2102 649 tabit,
2135 596 2189 641 ct
2213 586 2306 656 qui
2337 587 2474 641 salvi
2511 595 2696 650 erunt,
2726 596 2779 642 et
2808 588 2902 657 qui
2943 589 3224 658 peribunt,
3255 599 3363 644 tam
3402 592 3542 646 ﬁde-

1946 675 2025 731 les
2055 692 2219 746 quam
2265 677 2530 733 inﬁdeles.
2561 677 2670 732 Sed
2705 685 3161 749 resurrectionem
3198 685 3298 735 hoc
3331 681 3385 735 in
3423 683 3545 737 loco

1944 768 2220 838 appellant
2254 784 2400 834 eam,
2445 784 2567 838 qua:
2598 770 2703 823 erit
2733 769 2799 822 ad
2858 771 3123 840 requiem,
3161 785 3268 826 non
3313 787 3435 841 qua:
3474 775 3542 826 ad

1945 861 2298 930 supplicium.
2361 861 2426 916 Et
2472 877 2538 916 cx
2583 863 2669 916 his
2717 864 2981 928 Ostendit,
3030 879 3378 919 communem
3423 881 3545 920 esse

1949 951 2126 1007 Patris
2155 964 2210 1009 et
2255 955 2378 1008 Filii
2415 955 2752 1008 voluntatem
2796 965 2856 1008 ut
2906 969 3103 1009 omnes
3151 956 3287 1010 salvi
3359 957 3541 1017 ﬁant;

1945 1041 2017 1095 ob
2078 1041 2131 1095 id
2161 1057 2398 1112 namque
2428 1053 2484 1096 et
2519 1041 2610 1096 ille
2643 1041 2809 1104 misit,
2831 1042 2993 1096 ethic
3024 1041 3286 1110 advenit;
3324 1042 3413 1098 ille
3452 1045 3542 1098 dat

1946 1135 2257 1199 credentes,
2286 1144 2340 1188 et
2369 1135 2459 1188 hic
2485 1143 2667 1189 servat
2690 1143 2967 1204 acceptos.

2017 1293 2096 1364 ﬁ
2122 1294 2200 1349 Ne
2227 1294 2472 1364 perdam,
2505 1295 2608 1348 hoc
2625 1303 2729 1360 est,
2751 1309 2820 1349 ne
2852 1310 2971 1349 mea
2995 1294 3164 1364 culpa
3195 1295 3395 1364 aliquis
3445 1312 3546 1366 pe-

1950 1395 2086 1441 reat.
2130 1384 2264 1439 Nam
2295 1396 2350 1440 et
2381 1387 2632 1453 superius
2669 1385 2824 1439 dixit:
2891 1384 3190 1438 Venientem
3225 1389 3295 1438 ad
3332 1403 3412 1440 me
3443 1405 3549 1440 tum

1949 1476 2209 1546 expellam
2234 1481 2402 1546 foras.
2430 1462 2778 1547 Relinquitur
2800 1492 2930 1547 ergo
2962 1478 3076 1531 utsi
3100 1479 3223 1547 quis
3248 1481 3550 1533 voluntatue

1948 1578 2110 1622 exeat
2152 1579 2207 1622 et
2252 1570 2562 1623 voluntarie
2599 1577 2808 1638 pereat,
2850 1582 2948 1623 sua
2969 1571 3126 1640 culpa
3158 1573 3259 1625 hoc
3289 1572 3547 1641 patiatur.

1948 1657 2237 1715 Neminem
2266 1662 2414 1715 enim
2454 1662 2598 1716 Deus
2629 1664 2680 1716 vl
2707 1663 2896 1716 trahit.

324 1872 511 1926 Τοῦτο
540 1903 609 1914 -
638 1873 849 1942 ἡμέρᾳ.
885 1875 989 1927 Τὸν
1020 1875 1181 1926 αὑτὸν
1203 1874 1360 1942 λόγον
1385 1875 1692 1946 σαφηνίζει,
1717 1893 1842 1932 συν-

2022 1865 2174 1921 Vers.
2199 1865 2286 1920 40.
2314 1865 2624 1918 Ilico—die.
2649 1863 2912 1920 Eumdem
2945 1867 3185 1922 declarat
3209 1885 3548 1942 sermonem,

246 1965 542 2036 εχέστερον
570 1965 735 2018 αὑτὸν
766 1966 979 2034 ὲνηχῶν
1033 1966 1120 2018 ἵνα
1156 1967 1233 2036 μὴ
1275 1968 1645 2040 εὐαπόὸλητος
1685 1971 1843 2040 γένη-

245 2073 364 2120 ται,
423 2058 518 2109 καὶ
556 2057 642 2110 ἵνα
690 2056 1042 2127 βεϐαιότερον
1095 2057 1349 2128 μάθωσιν
1415 2062 1496 2114 ὃτι
1545 2062 1843 2125 ἀνάστασίς

245 2149 391 2212 ἐστι,
427 2148 649 2219 καὶτῆς
697 2152 780 2212 είς
817 2150 983 2202 αὑτὸν
1015 2150 1258 2214 πίστεως
1310 2153 1541 2225 ἀμοιϐὴ,
1584 2156 1678 2209 καὶ
1734 2157 1843 2208 τῶν

248 2243 496 2298 ἐνταῦθα
535 2246 931 2314 πνευματικῶν
963 2247 1193 2318 ἀγώνων
1247 2246 1632 2312 ἀνταπόδοσις,
1679 2250 1844 2302 καὶεί

249 2341 329 2410 μὴ
369 2340 512 2393 κατά
546 2340 638 2392 τὸν
671 2341 918 2410 παρόντα
950 2340 1067 2411 βίον
1119 2343 1553 2410 ἀπολαύσουσιν,
1595 2343 1734 2397 ἀλλά
1779 2359 1842 2408 γε

248 2433 396 2484 κατὰ
421 2431 511 2484 τὸν
551 2431 841 2502 μέλλοντα.
877 2434 992 2496 Πᾶς
1021 2434 1078 2486 δὲ
1117 2437 1144 2488 6
1185 2435 1410 2505 θεωρῶν
1435 2435 1526 2488 τὸν
1559 2435 1687 2488 Υἱδν
1729 2439 1844 2498 τοῖς

243 2521 546 2592 ὀφθαλμοῖς
581 2523 680 2592 τῆς
695 2522 897 2594 ψυχῆς,
922 2527 948 2575 ὅ
980 2526 1151 2590 ἔστιν,
1181 2527 1209 2578 6
1245 2527 1523 2580 πιστεύων
1553 2528 1631 2590 είς
1655 2528 1842 2581 αὐτόν.

321 2613 681 2683 Ἐγόγγυζον
706 2644 778 2654 --
798 2619 1178 2685 καταϐέϐηκα
1201 2633 1220 2682 ;
1244 2618 1372 2670 Ὅτε
1397 2619 1497 2688 μὲν
1525 2621 1692 2690 ἄρτον
1717 2619 1848 2672 ἑδω-

246 2724 346 2760 κιν
381 2707 565 2771 αὐτοῖς
591 2709 686 2762 καὶ
711 2708 809 2780 τὴν
833 2710 1082 2781 γαστέρα
1101 2711 1394 2780 ἐνέπλησε,
1427 2713 1523 2764 καὶ
1555 2715 1845 2782 προφήτην

246 2803 440 2869 ἔλεγον
462 2795 622 2866 εἶναι,
645 2801 741 2854 καὶ
765 2802 990 2872 βασιλέα
1009 2803 1239 2873 ποιῆσαι
1268 2804 1484 2874 ηθελοψ
1503 2805 1592 2856 ὅτε
1615 2805 1670 2857 δὲ
1715 2806 1844 2874 περὶ

246 2892 344 2946 τοῦ
377 2892 632 2964 οὐρανίου
693 2894 863 2964 ἀρτου
906 2894 1000 2947 καὶ
1034 2895 1148 2964 (58)
1201 2900 1580 2966 πνευματικῆς
1634 2899 1841 2966 τροφῆς

247 2988 346 3057 καὶ
378 2985 525 3055 ζωῆς
557 2985 782 3038 αἰωνίου
810 2986 1104 3061 διελέγετο,
1138 2987 1511 3056 ἐταράσσοντο
1548 2997 1641 3038 και
1678 2989 1842 3057 ἐξηυ-

246 3079 463 3144 τέλιζον
497 3081 558 3134 τὸ
592 3084 752 3150 γένος
801 3080 992 3146 αὑτοῦ,
1013 3079 1126 3135 Ὧν
1154 3085 1300 3148 Θεὸς
1323 3085 1358 3151 ἡ
1384 3085 1585 3137 κοιλία
1607 3084 1720 3154 (59)
1747 3103 1844 3140 κα-

246 3174 357 3234 λῶς
379 3169 502 3226 εἷπε
524 3172 757 3236 Παῦλος.
780 3173 888 3226 Καὶ
902 3174 1334 3244 προσεποιοῦντο
1356 3175 1455 3244 μὲν
1483 3178 1838 3242 ἀγανακτεῖν,

248 3263 584 3333 διότιεῐπεν,
612 3267 698 3320 ὅτι
744 3266 847 3321 Ἐκ
887 3267 993 3321 τοῦ
1042 3267 1305 3341 οὐρανοῦ
1357 3267 1754 3337 καταϐέϐηκα·
1785 3271 1845 3322 τὸ

248 3359 521 3430 δὲάληθὲς
541 3358 907 3427 ἦγανάκτουν,
931 3357 1065 3411 διότι
1089 3357 1189 3411 οῦκ
1208 3356 1407 3428 ἔθρεψε
1432 3359 1598 3412 πάλιν
1621 3361 1845 3426 αὐτοὺς,

253 3455 334 3516 ὠς
366 3453 742 3524 προσεδόκων.
778 3453 840 3504 Ei
871 3452 979 3520 γὰρ
1009 3450 1080 3504 δι’
1133 3452 1314 3504 ἐκεῖνο
1342 3451 1666 3520 ἐγόγγυζον,
1699 3454 1847 3524 nptia-

249 3563 428 3615 τησαν
455 3545 542 3609 ἂν,
579 3544 694 3608 πῶς
717 3545 882 3616 ἄρτος
919 3546 1058 3611 ἐστὶ,
1097 3543 1216 3608 πῶς
1248 3545 1314 3597 ὲκ
1344 3544 1441 3597 τοῦ
1473 3545 1713 3616 οὐρανοῦ
1745 3567 1847 3602 κα-

247 3639 563 3710 ταϐέϐηκεν
584 3657 599 3706 ;

333 3733 396 3786 ὐ
423 3732 478 3785 δὲ
512 3732 747 3803 Χριστὸς
780 3732 883 3786 οὐκ
915 3729 1069 3787 εἶπεν
1093 3772 1111 3800 ,
1135 3733 1218 3788 ὃτι
1240 3736 1362 3788 Οὐκ
1390 3735 1508 3805 ειμι
1553 3735 1686 3802 υἱὸς
1729 3736 1846 3790 Ἰω-

250 3827 408 3895 σὴφ,
447 3826 570 3879 οὐδὲ
592 3824 798 3890 ἐδίδαξὲ
821 3842 874 3879 τι
929 3826 1058 3898 περὶ
1086 3825 1182 3880 τοῦ
1220 3828 1412 3896 γένους
1458 3829 1652 3890 αὑτοῦ.
1682 3828 1845 3898 γινὼ-

252 3936 404 3972 σκων
441 3918 638 3980 αὐτοὺς
683 3917 839 3971 οΰπω
867 3919 1203 3990 δυναμένους
1233 3921 1467 3975 ἀκοῦσαι
1497 3920 1588 3975 τὸν
1629 3921 1845 3992 θαυμά-

255 4013 382 4067 στὸν
411 4013 572 4064 τόκον
601 4010 792 4077 αὑτοῦ,
819 4014 915 4064 καὶ
947 4012 1130 4084 πολλῷ
1165 4013 1370 4083 μᾶλλον
1388 4016 1488 4086 τὴν
1515 4013 1845 4085 προαιώνιον

252 4103 424 4158 αὐτοῦ
482 4103 762 4174 γέννησιν.
818 4105 1195 4176 Οίκονομικῶς
1230 4103 1326 4160 οὖν
1390 4108 1716 4179 παρέδραμε
1751 4109 1846 4160 τὸν

252 4199 386 4269 περὶ
411 4197 606 4250 τούτου
638 4195 821 4267 λόγον,
853 4198 940 4253 ἵνα
965 4199 1040 4269 μὴ
1066 4198 1256 4270 ἕτερον
1279 4200 1577 4254 σκάνδαλον
1599 4202 1846 4274 ἀναιρῶν

253 4293 341 4345 ἒτε
349 4308 444 4363 ρον
475 4289 709 4364 ἐμϐάλῃ.

339 4387 650 4454 Ἀπεκρίθη
723 4412 797 4427 -—-
870 4386 1080 4439 αὐτόν.
1141 4385 1394 4440 Ἐλευσιν
1445 4387 1583 4456 πρὸς
1654 4388 1846 4442 ἑαυτόν

253 4494 421 4549 φησιν
477 4477 539 4530 οὐ
573 4481 674 4548 τὴν
715 4475 924 4540 ἁπλῶςο
956 4476 1080 4530 ἐπεὶ
1111 4478 1204 4531 καὶ
1227 4481 1383 4532 αὑτοὶ
1413 4481 1512 4532 καὶ
1531 4479 1683 4533 ἄλλοι
1711 4479 1843 4533 πολι

1948 1957 2296 2027 l'requcntius
2321 1973 2446 2012 eum
2481 1958 2774 2024 inducens,
2809 1975 2876 2013 ne
2897 1957 3060 2014 facile
3087 1962 3389 2031 rejiciatur,
3414 1975 3470 2020 et
3491 1975 3552 2020 ut

1948 2047 2160 2107 ﬁrmius
2181 2050 2393 2104 discant
2451 2049 2695 2104 futuram
2740 2066 2864 2106 esse
2899 2065 3364 2111 resurrectionem
3386 2058 3546 2114 ac‘ﬁ-

1947 2142 2191 2211 dei,qu:e
2216 2143 2266 2195 in
2295 2142 2476 2211 ipsum
2499 2153 2604 2206 est.
2630 2144 3037 2212 repensionem,
3070 2146 3550 2220 Spiritaaiiumque

1947 2234 2339 2296 certaminum,
2367 2249 2489 2304 quae
2517 2233 2604 2287 hic
2637 2236 2940 2290 tolerantur
2978 2238 3418 2307 retributionem,
3441 2259 3549 2314 qua

1948 2327 1992 2379 si
2035 2343 2144 2379 non
2198 2335 2327 2380 sunt
2358 2327 2575 2380 fruituri
2602 2330 2656 2380 in
2699 2331 2957 2397 prmsenti
3011 2330 3138 2396 vita,
3175 2343 3229 2386 at
3263 2335 3456 2390 saltem
3492 2337 3548 2392 in

1949 2415 2152 2471 futura.
2189 2417 2375 2471 Omnis
2406 2426 2590 2472 autent
2615 2419 2705 2488 qui
2733 2420 2879 2475 videt
2911 2421 3147 2490 Filium,
3179 2427 3357 2482 ocuiis
3393 2428 3548 2484 vide-

1948 2505 2075 2562 licet
2112 2507 2259 2569 ﬁdei,
2284 2509 2388 2562 hoc
2426 2518 2530 2575 est,
2557 2509 2650 2578 qui
2683 2509 2860 2564 credit
2885 2511 2940 2564 in
2978 2527 3126 2567 eum.

2025 2618 2178 2674 Vers.
2229 2620 2318 2675 41.
2355 2620 2771 2674 Murmurabant
2801 2651 2874 2660 —
2905 2620 3061 2678 Vers.
3106 2623 3198 2679 42.
3253 2625 3498 2683 descendi
3525 2631 3552 2684 7

1946 2709 2179 2775 Quando
2221 2717 2422 2779 panem
2453 2713 2604 2766 dedit
2639 2712 2722 2766 eis
2774 2711 3134 2783 implevitque
3184 2728 3458 2785 ventrem,
3493 2731 3550 2776 et

1947 2805 2272 2874 prophetam
2298 2819 2422 2858 esse
2446 2803 2721 2868 dicebant,
2748 2815 2804 2858 et
2827 2820 3012 2874 regem
3045 2822 3234 2862 creare
3267 2811 3544 2869 volebant:

1950 2897 2040 2948 ubi
2069 2911 2195 2949 vero
2223 2896 2288 2949 de
2319 2895 2528 2950 ctelesti
2566 2911 2706 2965 pane
2759 2904 2813 2950 ct
2861 2896 3132 2966 spirituali
3156 2901 3300 2962 cibo,
3328 2903 3550 2975 vitaque

1947 2997 2152 3041 aeterna
2179 2987 2459 3051 disseruit,
2487 2989 2851 3044 turbabantur
2881 3004 2946 3045 ac
2977 3007 3148 3061 genus
3207 2994 3381 3064 ipsius
3408 3009 3550 3054 atleo

1948 3081 2214 3145 nuabant,
2237 3082 2304 3134 de
2326 3081 2525 3150 quibus
2548 3083 2687 3136 bene
2712 3083 2851 3137 dixit
2885 3082 3112 3139 Paulus:
3144 3086 3382 3150 Quorum
3410 3091 3550 3148 IIem

1868 3202 1914 3266 C
1947 3181 2124 3224 venter
2151 3171 2468 3226 est“.Nam
2504 3173 2779 3244 ﬁngebant
2801 3188 2859 3228 se
2889 3175 3186 3260 indignari.
3208 3185 3353 3247 quod
3382 3180 3556 3236 dixis-

1950 3272 2052 3317 set:
2081 3266 2157 3316 De
2185 3264 2310 3318 caelo
2328 3265 2589 3326 descendi,
2612 3279 2734 3318 cum
2759 3265 2945 3320 verius
2963 3255 3549 3342 indignarentur,quod

1951 3370 2170 3409 rursum
2191 3370 2284 3410 eos
2307 3371 2415 3409 non
2445 3353 2885 3425 pavissct,'sicut
2920 3362 3365 3426 speraverant.Si
3395 3365 3544 3420 enim

1949 3447 2020 3501 ob
2078 3447 2211 3502 illud
2259 3447 2521 3518 indignati
2563 3447 2820 3512 fuissent,
2859 3449 3290 3520 interrogassent
3339 3457 3550 3525 utique,

1949 3541 2224 3609 quomodo
2256 3543 2413 3612 panis
2441 3549 2623 3607 esset,
2653 3542 2928 3612 quomodo
2957 3541 3025 3598 de
3061 3546 3201 3600 caelo
3229 3548 3551 3606 descendis-

1951 3633 2060 3689 set?

2019 3726 2274 3782 Christus
2301 3737 2483 3782 autem
2507 3743 2617 3782 non
2656 3727 2810 3782 dixit:
2847 3725 2964 3782 Non
2993 3744 3114 3785 sum
3151 3730 3296 3787 ﬁlius
3313 3731 3545 3804 Ioseph,

1951 3835 2131 3889 neque
2161 3820 2455 3890 quidquam
2484 3821 2551 3875 de
2583 3835 2785 3893 genere
2806 3835 2908 3875 suo
2935 3821 3146 3890 docuit,
3195 3824 3550 3897 sciens,quod

1952 3909 2026 3963 illi
2071 3914 2313 3965 nondum
2351 3911 2542 3966 audire
2573 3919 2830 3982 poterant
2884 3911 3266 3970 admirandum
3301 3919 3384 3971 sui
3421 3934 3556 3988 par-

1953 4015 2092 4071 tum,
2121 4015 2176 4062 et
2202 4008 2376 4062 multo
2406 4011 2588 4061 minus
2609 4016 2870 4062 aeternam
2925 4009 3007 4062 sui
3042 4011 3454 4079 generationem
3481 4028 3547 4067 ac

1951 4099 2322 4152 nativitatem:
2367 4099 2490 4153 ideo
2528 4099 2932 4169 dispensatorie
2965 4099 3034 4154 de
3078 4101 3165 4155 his
3222 4103 3387 4158 rebus
3430 4121 3556 4160 ser-

1954 4204 2171 4244 monem
2197 4191 2564 4259 praetermisit,
2587 4205 2656 4244 ne
2682 4205 2791 4244 uno
2810 4190 3138 4247 oﬂ‘endiculo
3160 4193 3374 4250 sublato
3404 4197 3552 4251 aliud

1948 4284 2236 4337 excitaret.

2027 4394 2182 4448 Vers.
2221 4394 2310 4448 45.
2348 4393 2636 4462 Respondit
2658 4424 2728 4432 —
2753 4391 2913 4449 Vers.
2948 4397 3039 4450 46.
3073 4412 3216 4452 eum.
3251 4400 3550 4456 Accessum

1953 4485 2021 4541 ad
2049 4500 2108 4539 se
2145 4486 2299 4550 dicit,
2344 4501 2455 4539 non
2506 4486 2968 4557 qualemcunque,
3020 4488 3292 4558 siquidem
3341 4499 3396 4544 et
3447 4492 3550 4554 illi,

252 4572 339 4624 λοὶ
369 4572 601 4643 ἧρχοντο
648 4571 786 4642 πρὸς
819 4571 1005 4624 αὐτόν’
1060 4570 1198 4625 ἀλλὰ
1229 4570 1330 4642 τὴν
1359 4575 1424 4625 ὲκ
1475 4572 1736 4634 πίστεως.
1775 4574 1840 4624 Ὅ

1949 4589 2005 4635 et
2032 4580 2188 4634 multi
2226 4579 2317 4634 alii
2358 4579 2424 4633 ad
2455 4578 2634 4648 ipsum
2668 4581 2964 4635 veniebant
2995 4599 3010 4636 :
3039 4582 3137 4637 sed
3182 4597 3330 4647 eum,
3367 4583 3462 4653 qui
3484 4600 3549 4638 ex

251 4663 307 4716 δὲ
335 4662 485 4731 λέγει
520 4661 765 4717 τοιοῦτόν
816 4666 954 4716 ἐστι’
1008 4663 1252 4726 Εἰκότως
1285 4665 1346 4716 οὺ
1399 4664 1688 4718 πιστεύετέ
1725 4680 1842 4735 μοι,

251 4757 312 4810 οὐ
347 4756 457 4827 γάρ
504 4754 829 4827 εἱλκύσθητε
865 4755 1020 4826 παρὰ
1047 4753 1144 4807 τοῦ
1195 4756 1433 4824 Πατρός,
1485 4755 1561 4818 ὡς
1608 4755 1844 4818 ἀνάξιοι.

248 4845 466 4912 Οὐδεὶς
521 4847 634 4917 γὰρ
687 4846 944 4900 δύναται
985 4847 1192 4903 ἐλθεῖν
1235 4850 1385 4917 πρὸς
1429 4847 1556 4916 ἐμὲ,
1591 4848 1710 4918 ἦτοι
1757 4865 1847 4899 πι-

255 4941 484 4994 στεῦσαι
513 4944 592 5004 είς
622 4942 743 5012 ἐμὲ,
762 4942 874 4994 ἐὰν
901 4941 988 5010 μὴ
1019 4945 1050 4994 ό
1085 4941 1288 5008 Πατὴρ
1317 4945 1348 4994 ό
1373 4940 1614 5010 πέμψας
1633 4957 1708 5008 με
1744 4942 1844 4992 ἑλ-

1947 4673 2052 4726 ﬁde
2109 4679 2212 4726 est.
2252 4671 2407 4737 Quod
2457 4680 2641 4725 autem
2695 4672 2847 4738 dicit,
2899 4674 3002 4728 hoc
3031 4683 3114 4728 est
3146 4689 3160 4728 :
3195 4675 3388 4730 Merito
3432 4692 3546 4730 non

1946 4766 2170 4821 creditis
2209 4765 2365 4831 mihi,
2390 4779 2566 4834 neque
2601 4764 2750 4819 enim
2785 4767 2999 4819 attracti
3032 4766 3164 4820 estis
3189 4783 3218 4820 a
3247 4767 3430 4831 l’atre,
3462 4778 3549 4822 ut-

1946 4869 2074 4929 pote
2105 4858 2336 4928 indigni:
2378 4858 2549 4912 Nemo
2576 4859 2715 4912 enim
2740 4867 2910 4926 potest
2964 4862 3140 4912 venire
3178 4863 3249 4913 ad
3289 4877 3391 4924 me,
3430 4861 3547 4916 sive

1946 4950 2172 5005 credere
2205 4953 2258 5004 in
2304 4967 2412 5014 me,
2453 4951 2555 5004 nisi
2586 4949 2768 5017 Pater,
2812 4951 2905 5022 qui
2956 4953 3098 5005 misit
3160 4969 3262 5017 me,
3318 4958 3546 5008 traxerit

151 5045 155 5050 ‘
254 5037 416 5102 κύσῃ
447 5038 654 5088 αὐτόν.
688 5035 895 5105 Εἴρηκε
925 5035 1036 5104 γὰρ
1066 5035 1162 5088 καὶ
1193 5037 1477 5105 ἀνωτέρω,
1515 5035 1596 5087 ὅτι
1636 5033 1785 5097 Πᾶν,
1812 5033 1843 5086 ὃ

1946 5040 2225 5098 eum.Nam
2259 5051 2313 5098 et
2333 5045 2588 5114 superius
2614 5044 2774 5100 dixit:
2799 5044 2966 5101 Omne
3001 5047 3140 5116 quod
3165 5047 3257 5099 dat
3282 5049 3408 5100 milii
3437 5048 3548 5102 Pa-

253 5128 469 5183 δίδωσί
517 5145 619 5198 μοι
665 5131 696 5182 ό
731 5127 958 5197 Πατὴρ,
1015 5129 1165 5196 πρὸς
1199 5128 1305 5196 ἐμὲ
1371 5126 1522 5194 ἡξει·
1575 5127 1669 5179 καὶ
1713 5128 1846 5180 ανά-

255 5219 426 5290 γνωθι
458 5220 552 5272 τοῦ
588 5219 831 5273 τοιούτου
880 5219 1048 5291 ῥητοῦ
1079 5221 1178 5290 τὴν
1229 5220 1492 5291 ἐξήγησιν
1542 5219 1846 5290 συμϐαλλο-

259 5313 431 5384 μένην
460 5315 537 5376 εἰς
563 5316 624 5366 τδ
650 5313 1036 5387 προκείμενον.

365 5456 414 5488 ³³
442 5455 682 5525 Philipp.
709 5454 890 5521 ttt,l9.
998 5455 1044 5486 ”
1071 5452 1232 5509 Joan.
1267 5471 1345 5519 vr,
1377 5455 1469 5510 57.

1944 5144 2044 5200 ter,
2079 5137 2148 5190 ad
2168 5154 2248 5190 me
2270 5139 2440 5191 ueniet
2463 5139 2533 5195 ’δε
2557 5149 2612 5194 et
2638 5138 2783 5194 illius
2811 5141 2938 5196 dicti
2961 5141 3075 5211 lege
3105 5142 3542 5208 enarrationem,

1943 5240 2068 5280 cum
2123 5228 2289 5282 etiam
2327 5230 2393 5284 ad
2425 5231 2768 5300 propositum
2801 5233 3027 5287 verbum
3059 5233 3328 5288 conferat.

1460 5578 1661 5640 Varie:
1706 5578 2020 5644 lectiones
2057 5589 2118 5646 et
2160 5591 2353 5648 notae.

333 5712 446 5784 (5'7)
488 5707 700 5785 inclusa
727 5709 900 5785 codex
925 5720 1157 5782 uterque
1189 5713 1246 5766 in
1310 5712 1556 5785 margine
1595 5715 1840 5771 exhibet.

263 5780 574 5840 lle‘ntenius
608 5795 719 5832 non
761 5780 942 5838 habet.

336 5851 449 5922 (58)
481 5850 591 5921 Τῆς
623 5851 958 5920 addendum,
1007 5861 1100 5908 aut
1121 5853 1214 5906 τοῦ
1238 5854 1399 5926 paulo
1422 5863 1551 5912 ante
1582 5855 1839 5915 omitten-

1946 5719 2130 5862 ἀυξὲθ)
2164 5791 2348 5860 Forte,
2386 5791 2461 5856 ὡς
2495 5790 2696 5857 καλῶς,
2746 5801 2859 5859 aut,
2896 5784 2972 5849 ὧν
3005 5791 3139 5848 Θεδν
3163 5793 3264 5864 τὴν
3311 5791 3543 5848 κοιλίαν.
