4094 6388
219 375 362 444 125⁸1

1155 377 1555 442 COMMENT.
1589 377 1674 440 ΙΝ
1713 371 2099 440 JOANNEM.
2137 394 2204 408 -
2247 368 2412 432 CAP.
2443 366 2552 432 Vl.

3369 359 3505 426 1253

301 489 369 543 Ὅ
403 520 475 532 -
514 491 724 549 αἰῶνα.
791 490 1020 556 ’ἱκανῶς
1062 491 1365 564 Μιέτριψε
1407 491 1487 564 τῷ
1543 492 1673 562 περὶ
1714 489 1810 544 τοῦ

1986 486 2144 543 Vers.
2187 484 2278 540 58.
2330 482 2433 550 Qui
2472 512 2544 526 —
2581 489 2861 536 eternium.
2920 475 3112 533 Merito
3150 479 3393 533 sermoni
3439 482 3509 535 de

214 577 392 652 ἄρτου
436 584 535 638 καὶ
575 584 836 656 περὶτῆς
874 583 1023 655 ζωῆς
1061 584 1228 656 λόγῳ,
1263 588 1551 655 γινώσκων
1577 585 1668 639 τὸν
1710 583 1812 655 μὲν

206 672 533 745 ἀναγκαῖον,
562 674 664 750 τὴν
688 678 747 732 δὲ
778 678 1042 744 γλυκεῖαν
1071 680 1187 742 τοῖς
1214 677 1528 749 ἀνθρώποις
1545 694 1560 708 °
1597 679 1690 732 τὸν
1713 678 1813 749 μὲν

208 768 531 837 σωματικὸν
556 771 723 842 ἄρτον
764 773 880 834 τοῖς
912 773 1270 842 σωματικοῖς,
1316 770 1408 824 τὸν
1453 769 1516 824 δὲ
1565 786 1814 840 πνευμα-

205 857 366 912 τικὸν
412 862 530 924 τοῖς
567 864 1004 931 πνευματικοῐςο
1042 862 1138 917 καὶ
1185 863 1288 934 τὴν
1336 863 1435 932 μὲν
1489 860 1812 933 σωματικὴν

207 945 361 1020 ζωὴν
402 954 515 1016 τοῖς
574 956 915 1023 σωματικοῖς
936 993 953 1021 ,
1002 955 1103 1024 τὴν
1153 954 1212 1010 δὲ
1262 954 1639 1026 πνευματικὴν
1698 956 1812 1017 τοῖς

206 1045 632 1128 πνευματικοῖς.

292 1133 488 1189 Ταῦτα
525 1163 597 1175 —-
633 1135 923 1205 ἀκούειν;
966 1169 1039 1181 -
1088 1140 1367 1208 Σκληρός
1421 1139 1632 1204 ἐστιν,
1689 1139 1812 1210 ἢτοι

203 1217 653 1293 δυσπαράδεκτος
698 1223 882 1293 οὗτος
917 1231 1195 1299 όλόγοςό
1222 1231 1318 1282 τοῦ
1351 1228 1588 1302 τρώγειν
1615 1229 1809 1299 αύτονέ·

212 1313 317 1381 Τις
362 1315 617 1373 δύναται
665 1319 858 1374 αὐτὸν
897 1321 1387 1392 παραδέχεσθαις
1423 1324 1488 1378 Oi
1547 1322 1706 1378 τοῦτο
1754 1323 1814 1377 δδ

208 1409 465 1472 εἰπόντες
490 1410 734 1483 μαθηταὶ
757 1414 860 1484 μιν
887 1413 1056 1469 αὑτοῦ
1088 1411 1263 1488 ἦσαν,
1292 1419 1395 1470 οὐκ
1425 1419 1489 1472 ἐκ
1513 1417 1624 1472 τῶν
1651 1418 1815 1473 δώδε-

208 1511 287 1549 κα
324 1497 404 1565 δὲ,
446 1500 567 1553 ἀλλ’
593 1501 657 1555 ὲκ
687 1503 798 1557 τῶν
838 1504 1241 1577 ἐϐδομήκοντα.

282 1587 444 1653 Τινὲς
476 1591 530 1643 δέ
571 1610 740 1662 φασιν
770 1595 854 1650 ὅτι
888 1599 953 1650 ἐκ
988 1599 1098 1652 τῶν
1125 1599 1302 1665 ἄλλως
1337 1601 1452 1672 (77)
1494 1604 1812 1675 μαθητευθ-

207 1681 398 1750 μὲνων
413 1684 586 1757 αὐτῷ.
616 1687 812 1742 Πολλοὶ
835 1691 945 1761 γὰρ
972 1690 1070 1746 καὶ
1098 1692 1276 1763 ἕτεροι
1308 1695 1645 1765 ἠκολούθουν
1661 1696 1815 1767 αύτῷ

203 1773 495 1840 πολλάκις.
527 1779 839 1844 Μέλλοντες
865 1777 961 1836 οῦν
986 1783 1279 1856 ἀποπηδᾷν
1329 1787 1812 1858 ύπεραπολογοῦν-

1914 593 2058 650 pane
2088 593 2154 634 ac
2181 576 2250 633 de
2279 575 2394 633 vita
2425 576 2751 631 immoratus
2772 579 2880 638 est,
2904 570 3089 636 sciens
3113 570 3266 624 illum
3285 571 3504 641 quidem

1915 663 2317 731 necessarium,
2353 663 2496 719 hanc
2515 677 2644 717 vero
2669 660 2888 715 dulcem
2921 657 3278 714 hominibus:
3313 675 3506 728 panem

1914 769 2050 811 sane
2094 753 2432 823 corporalem
2484 749 2886 822 corporalibus,
2924 746 3266 818 spiritualcm
3325 757 3509 803 autem

1913 845 2292 918 spiritualibus
2323 861 2338 901 :
2367 842 2626 900 similiter
2654 851 2712 897 et
2738 843 2906 896 vitam
2933 839 3276 909 corporalem
3313 854 3511 909 corpo-

1914 939 2145 1005 ralibus,
2189 937 2535 1010 spiritualem
2565 949 2698 990 vero
2729 931 3129 1004 spiritualibus.

1985 1122 2146 1178 Vers.
2191 1121 2282 1178 59.
2329 1119 2461 1175 ch
2491 1148 2566 1160 --
2601 1117 2760 1173 Vers.
2810 1115 2902 1176 60.
2943 1113 3176 1169 audire?
3218 1143 3290 1153 —-
3328 1111 3510 1167 Durus

1914 1225 2014 1282 est,
2044 1216 2151 1271 hoc
2195 1222 2303 1278 est,
2335 1227 2480 1285 agre
2515 1210 2728 1267 admitti
2756 1217 2961 1280 potest,
3002 1208 3087 1261 hic
3127 1219 3322 1270 sermo,
3351 1215 3510 1275 puta,

1913 1311 1984 1367 de
2015 1310 2145 1380 ipso
2191 1305 2576 1372 comedenda;
2606 1305 2723 1374 quis
2757 1301 2914 1356 illum
2949 1306 3120 1371 potest
3174 1299 3458 1351 admittere
3490 1297 3515 1352 .’

1913 1401 2018 1470 Qui
2068 1415 2199 1457 vero
2248 1399 2354 1454 hoc
2392 1397 2670 1460 dicebant,
2709 1409 2741 1449 e
2784 1390 3073 1461 discipulis
3117 1387 3343 1459 quidem
3393 1386 3516 1457 ejus

1913 1503 2094 1560 erant,
2133 1507 2244 1546 non
2274 1501 2459 1546 tamen
2488 1504 2519 1544 e
2540 1485 2854 1550 duodecim,
2878 1482 2976 1538 sed
3000 1497 3030 1536 e
3055 1479 3425 1551 septuaginta.

2008 1585 2242 1653 Quidam
2268 1598 2399 1640 vero
2429 1597 2495 1637 ex
2526 1582 2614 1636 his
2640 1580 2808 1635 fuisse
2840 1579 3020 1640 aiunt,
3054 1576 3148 1645 qui
3172 1574 3309 1629 alias
3335 1573 3406 1628 ab
3448 1585 3516 1627 eo

1913 1674 2092 1732 edocti
2120 1684 2317 1730 erant:
2352 1687 2480 1727 nam
2514 1679 2572 1726 et
2595 1669 2687 1724 alii
2733 1666 2891 1722 multi
2943 1665 3270 1736 frequenter
3317 1677 3514 1733 seque-

1914 1769 2117 1824 bantur
2138 1767 2315 1822 illum.
2342 1764 2447 1832 Qui
2469 1777 2602 1835 ergo
2623 1758 2924 1816 discessuri
2947 1765 3133 1821 erant,
3167 1756 3273 1812 sibi
3305 1754 3518 1811 scilicet

201 1884 301 1921 ται
338 1868 502 1938 δῆθεν
533 1872 770 1926 ἑαυτῶν.
814 1874 962 1929 Ἔδει
1014 1877 1072 1931 δὲ
1124 1849 1324 1942 αύτοὺς
1373 1849 1673 1950 ἀναμεῖναι
1719 1884 1813 1935 τὸν

1919 1859 2455 1933 pratrocinabantur,
2497 1870 2621 1911 cum
2658 1853 2843 1925 potius
2886 1849 3239 1908 convenienti
3267 1856 3518 1918 tempore

208 1962 560 2031 προσήκοντα
587 1964 802 2033 καιρὸν,
824 1969 916 2018 καὶ
945 1968 1213 2023 πυθὶσθαι
1235 1971 1364 2040 περὶ
1393 1970 1489 2024 τοῦ
1513 1971 1805 2036 δοκοῦντος

201 2054 508 2127 δυσχεροῦς
539 2059 633 2111 καὶ
665 2059 741 2131 μὴ
768 2060 1141 2134 ἀπαγορεύειν
1169 2081 1183 2096 ·
1216 2064 1360 2118 οὕτω
1385 2065 1495 2136 γὰρ
1517 2067 1568 2119 οἱ
1603 2067 1810 2122 δώδεκα

205 2146 456 2217 μαθηταὶ
533 2154 897 2223 πεποιήκασι.
960 2155 1226 2228 Μαθητοῦ
1284 2157 1400 2228 γὰρ
1462 2157 1812 2230 εὐγνώμονος

205 2241 566 2314 ἀπεριέργως
596 2251 779 2301 πάντα
817 2248 1073 2320 δέχεσθαι
1102 2251 1171 2306 τὰ
1205 2252 1302 2306 τοῦ
1333 2254 1687 2322 διδασκάλου,
1714 2258 1811 2310 καὶ

205 2334 408 2403 καιροῦ
442 2337 765 2407 καλοῦντος,
794 2342 1043 2408 εὐλαϐῶς
1081 2347 1293 2417 ἐρωτᾷν
1325 2347 1457 2417 περὶ
1485 2348 1596 2401 τῶν
1642 2349 1814 2421 ὑπερ-

203 2423 509 2481 ϐαινόντων
537 2429 638 2502 τὴν
668 2431 838 2485 αὑτοῦ
873 2432 1136 2489 διάνοιαν.

276 2517 470 2586 Εἰδὼς
491 2551 563 2560 -
593 2523 1012 2592 meas-dadd“;
1043 2528 1153 2580 Καὶ
1169 2527 1276 2599 γὰρ
1293 2528 1387 2582 καὶ
1409 2528 1567 2583 τοῦτο
1589 2534 1689 2601 τῆς
1713 2532 1814 2586 αύ-

199 2608 304 2663 τοῦ
359 2611 619 2683 θεότητος
672 2616 994 2682 ἀπόδειξις,
1049 2619 1112 2673 τὺ
1169 2619 1238 2674 τὰ
1291 2622 1587 2694 ἀπόρρητα
1628 2624 1814 2687 αὐτοῖς

203 2701 401 2772 φέρειν
467 2705 548 2766 εἰς
591 2706 790 2775 μέσον.
841 2708 982 2762 Καθ’
1032 2711 1263 2775 ἑαυτοὺς
1324 2711 1432 2782 γὰρ
1484 2713 1817 2786 ἀπορῤήτως

203 2792 536 2861 ὶγόγγυζον.
1783 2791 1796 2800 ’

296 2882 440 2936 Ἐὰν
461 2914 528 2924 -
559 2887 896 2955 πρότερογς
923 2889 1118 2943 Λειπει
1146 2888 1229 2956 τὸ,
1259 2889 1327 2944 τι
1368 2891 1543 2960 ἐρεῖτε
1571 2908 1586 2955 ;
1618 2891 1816 2961 Ἔλεγε

206 2971 269 3025 δδ
314 2975 445 3046 περ)ζ
481 2977 584 3045 τῆς
620 2980 677 3041 ἐς
715 2978 949 3052 ὕστερον
980 2983 1062 3045 εἰς
1100 2982 1334 3053 οὐρανὸν
1361 2984 1690 3055 ἀναλήψεως
1721 2987 1820 3041 αύο

203 3065 332 3119 τοῦ.
364 3065 818 3138 Ἀναϐαίνοντα,
846 3075 914 3143 τῇ
943 3065 1371 3146 ἀνθρωπότητιο
1405 3075 1606 3129 Ὅπου
1639 3073 1721 3149 ἥν
1751 3079 1818 3131 τὸ

205 3163 528 3264 προτερον,
549 3167 621 3264 ,τῇ
656 3166 895 3237 θεότητι.
935 3168 993 3222 '0
1028 3169 1138 3239 γὰρ
1168 3169 1470 3239 δυνάμενος
1500 3171 1601 3242 τὴν
1631 3171 1812 3246 σάρκα
1845 3207 1887 3264 c

202 3253 416 3323 ταύτην
431 3257 682 3327 οὐράνιον
717 3260 970 3332 ποιῆσαι,
1004 3261 1229 3317 δύναται
1260 3262 1481 3328 πάντως
1512 3263 1685 3335 αὐτὴν
1717 3265 1813 3320 καὶ

199 3346 418 3417 τροφὴν
448 3349 544 3401 ἀνθ
553 3348 754 3419 ρώπων
781 3353 1230 3422 ἀπεργάσασθαι.

290 3440 360 3493 Τὸ
391 3442 631 3510 πνεῦμα
657 3473 725 3482 -
761 3444 963 3498 οὐδέν.
995 3445 1221 3515 Πνεῦμα
1247 3445 1396 3515 λέγει
1427 3447 1522 3502 νῦν
1553 3448 1615 3502 τὸ
1651 3465 1814 3501 πνευ-

205 3533 464 3600 ματικῶς
511 3537 654 3587 νοεῖν
705 3536 772 3590 τὰ
807 3536 1067 3608 ῥηθέντα.
1113 3538 1357 3608 Ὀμοίως
1387 3540 1444 3594 δὲ
1491 3541 1589 3594 καὶ
1629 3543 1813 3612 σάρκα

205 3627 271 3678 τὸ
306 3627 586 3695 σαρκικῶς
615 3632 756 3683 νοεῖν
790 3629 966 3684 αύτὰ’
1003 3631 1064 3684 ού
1113 3631 1224 3702 γὰρ
1254 3634 1384 3702 περὶ
1412 3635 1513 3703 τῆς
1542 3632 1810 3698 ζωοποιοῦ

206 3716 415 3785 σαρκὸς
465 3718 632 3770 αὑτοῦ
662 3719 757 3772 νῦν
800 3722 828 3772 ὁ
857 3720 1037 3788 λόγος.
1073 3722 1214 3794 Φησὶ
1262 3722 1446 3776 τοίνυν
1484 3724 1568 3775 ὅτι
1606 3722 1668 3776 τὸ
1713 3724 1810 3792 μὲν

206 3811 603 3879 πνευματικῶς
625 3815 766 3866 νοεῖν
787 3812 964 3868 ταῦτα
993 3813 1140 3886 ζωὴν
1165 3814 1403 3886 παρέχει
1425 3815 1526 3886 τὴν
1549 3815 1812 3885 ἀνωτέρω

203 3898 532 3969 λεχθεῖσαν-
604 3903 666 3956 τι
738 3905 796 3958 δὲ
873 3906 1157 3978 σαρκικῶς
1226 3910 1368 3961 νοεῖν
1443 3908 1585 3960 αὐτὰ
1656 3907 1810 3959 οῦδὲν

203 3990 435 4058 ὠφελεῖ.

291 4087 368 4140 Τὰ
391 4087 634 4156 ῥήματα
666 4119 738 4129 -
765 4090 919 4145 ἐστι.
955 4091 1315 4162 Πνευματικά
1347 4092 1465 4146 ιστι
1494 4093 1587 4146 καὶ
1619 4091 1813 4162 (toqu

205 4179 362 4232 ἐστι·
389 4179 468 4232 διὸ
495 4182 598 4252 χρὴ
631 4182 705 4252 μὴ
733 4181 923 4245 ἁπλῶς
951 4185 1030 4245 εἰς
1054 4184 1196 4237 αὐτὰ
1225 4183 1445 4254 βλέπειν
1471 4199 1484 4214 ·
1517 4183 1678 4237 τοῦτο
1701 4185 1810 4256 γάρ

207 4272 334 4325 ἑστι
364 4272 424 4325 τὸ
458 4273 739 4341 σαρκικῶς
772 4278 917 4328 νοεῖν
943 4291 958 4306 ⁸
995 4275 1114 4328 ἀλλ’
1152 4274 1491 4345 ὑψηλότερόν
1524 4291 1575 4327 τι
1604 4277 1811 4345 φαντά-

207 4364 407 4429 ζεσθαι
431 4407 444 4428 ,
487 4368 582 4420 καὶ
612 4369 724 4430 τοῖς
756 4369 905 4421 ἔνδον
940 4368 1240 4439 ὀφθαλμοῖς
1272 4370 1414 4423 αὐτὰ
1445 4369 1810 4450 κατοπτεύειν

205 4457 288 4520 ὡς
348 4462 667 4530 μυστήρια·
732 4458 890 4513 τοῦτο
946 4457 1055 4530 γάρ
1119 4463 1237 4514 ἐστι
1293 4462 1353 4514 τὸ
1412 4461 1809 4532 πνευματικῶς

206 4566 302 4604 νοὲ,
310 4567 376 4606 ιν.

302 4643 464 4696 Ἀλλ’
493 4672 563 4682 —
590 4644 798 4698 αὐτόν.
845 4643 920 4696 οὐ
971 4643 1132 4711 μόνον
1170 4642 1271 4714 τὴν
1313 4644 1648 4713 πρόγνωσιν,
1679 4644 1815 4698 ἀλλὰ

219 4736 316 4788 καὶ
361 4736 422 4788 τὸ
455 4735 785 4802 ἀνεξίκακον
817 4734 986 4789 αὐτοῦ
1010 4735 1308 4801 δείκνυσιν,
1349 4737 1432 4789 ὅτι
1462 4737 1561 4788 οὐκ
1585 4738 1692 4789 ἀπὸ
1719 4737 1814 4791 τοῦ

219 4827 517 4896 γογγύσαι,
561 4828 679 4883 ἀλλ’
713 4827 770 4895 ἐξ
797 4829 973 4900 ἀρχῆς
1005 4831 1098 4882 καὶ
1136 4829 1345 4885 ἄνωθεν
1387 4828 1675 4896 ἐγίνωσκε,
1722 4832 1817 4883 καὶ

215 4922 348 4980 τοὺς
375 4918 734 4982 πιστεύοντας
758 4921 851 4972 καὶ
874 4920 1001 4983 τοὺς
1027 4919 1103 4991 μὴ
1133 4921 1516 4984 πιστεύοντας,
1543 4919 1637 4972 καὶ
1664 4920 1816 4992 ὅμως

209 5010 413 5074 κοινῶς
439 5014 649 5074 πάντας
677 5011 949 5066 ἐδίδασκε.

287 5106 397 5158 Kal
428 5132 496 5143 —
516 5121 658 5172 μου.
693 5105 791 5156 Διὰ
815 5104 996 5168 τοῦτο,
1029 5107 1220 5171 ποῖον;
1256 5107 1357 5159 Διὰ
1385 5104 1446 5158 τὸ
1476 5100 1619 5158 εἶναι
1658 5121 1813 5168 τινας

211 5194 268 5249 οἳ
309 5197 370 5248 ού
420 5196 760 5252 πιστεύουσι.
795 5197 1049 5269 Συνεχῶς
1096 5197 1155 5250 δι
1204 5198 1429 5268 Πατέρα
1474 5196 1672 5251 ἑαυτοῦ
1721 5195 1815 5248 τὸν

209 5289 349 5341 Θεὸν
405 5288 684 5356 ὀνομάζει,
745 5288 1017 5343 διδάσκων
1061 5289 1145 5344 ὅτι
1191 5288 1293 5343 οὑκ
1339 5289 1490 5342 ἐστιν
1549 5287 1667 5351 υἱὸς
1715 5285 1811 5341 τοῦ

223 5381 450 5450 Ἰωσὴφ,
484 5381 559 5444 ὡς
587 5384 788 5436 ἐκεῖνοι
811 5379 1002 5453 ᾤοντο.

1918 1952 2251 2008 remansisse
2279 1952 2389 2022 (yy)
2423 1948 2730 2020 oportuerit
2757 1961 2824 2002 ac
2845 1944 3104 2001 obedisse
3135 1942 3190 1997 in
3255 1955 3344 2006 eo,
3371 1938 3519 2022 quod

1917 2044 2138 2123 diﬂlcile
2161 2021 2452 2098 videbatur
2479 2049 2534 2096 et
2574 2054 2684 2094 non
2720 2039 3048 2108 desperasse
3075 2052 3090 2088 :
3116 2049 3242 2089 nam
3272 2033 3347 2088 ita
3377 2021 3517 2087 du'o-

1917 2138 2094 2194 decim
2125 2136 2205 2191 illi
2229 2135 2497 2190 fecerunt.
2528 2130 2762 2187 Candidi
2798 2128 3070 2201 siquidem
3114 2126 3372 2196 discipuli
3410 2134 3516 2190 est,

1918 2229 2105 2285 omnia
2127 2242 2248 2298 qua:
2269 2227 2427 2297 jubet
2449 2231 2757 2296 praeceptor
2784 2221 2993 2291 absque
3021 2217 3348 2274 curiositate
3371 2215 3521 2269 exci-

1919 2335 2070 2392 pere,
2090 2330 2145 2375 et
2177 2319 2269 2373 ubi
2305 2332 2427 2373 sese
2459 2316 2625 2371 oll‘ert
2646 2312 3060 2386 Opportunitas,
3100 2308 3416 2365 verecunde
3449 2307 3518 2361 de

1920 2414 2007 2469 his
2037 2413 2400 2484 interrogare.
2429 2426 2550 2480 quae
2571 2408 2692 2480 ejus
2722 2405 3002 2463 excedunt
3031 2400 3478 2473 intelligentiam.

1992 2505 2154 2561 Vers.
2209 2505 2300 2559 6t.
2357 2501 2541 2558 Sciens
2583 2530 2657 2541 —
2693 2495 3061 2570 oﬁ'endiculo?
3120 2494 3267 2549 Sane
3311 2501 3368 2546 et
3413 2492 3520 2545 hoc

1919 2601 2264 2656 divinitatem
2288 2600 2406 2670 ejus
2439 2594 2883 2654 demonstrabat,
2913 2600 3047 2664 puta
3079 2604 3202 2661 qua
3226 2587 3370 2658 apud
3393 2585 3519 2642 illos

1919 2691 2136 2747 occulta
2157 2699 2317 2746 erant
2353 2689 2496 2744 terre
2535 2688 2592 2741 in
2624 2684 2906 2740 medium:
2948 2695 3076 2736 nam
3125 2678 3340 2734 occulta
3374 2676 3517 2746 apud

1920 2799 1980 2839 88
2004 2790 2503 2839 murmuraverant.

2015 2875 2171 2930 Vers.
2220 2874 2312 2928 62.
2371 2874 2431 2928 Si
2456 2902 2527 2914 σ-
2559 2870 2723 2925 erat!
2769 2867 2985 2932 Deﬁcit,
3055 2865 3200 2932 Quid
3274 2859 3522 2918 dicetis?

1920 2966 2187 3036 Loquitur
2209 2973 2390 3020 autem
2410 2962 2478 3018 de
2495 2961 2678 3016 futura
2699 2960 2782 3014 sui
2813 2960 2868 3013 in
2888 2957 3090 3013 celum
3111 2954 3518 3040 assumptione.

1920 3058 2322 3119 Ascendentem,
2353 3053 2532 3124 quoad
2568 3050 2966 3106 humanitatem
3030 3064 3043 3099 :
3076 3047 3168 3102 ubi
3197 3049 3344 3113 prius
3377 3053 3517 3108 erat,

1920 3150 2102 3220 quoad
2145 3148 2514 3203 divinitatem.
2560 3143 2664 3210 Qui
2695 3143 2845 3198 enim
2891 3149 3074 3212 potest
3119 3139 3262 3194 hanc
3293 3151 3518 3193 carnem

1919 3241 2151 3298 reddere
2193 3239 2505 3302 etelestem,
2557 3243 2738 3307 potest
2788 3233 2982 3303 utique
3023 3238 3079 3286 et
3111 3230 3286 3300 ipsam
3332 3226 3518 3282 cibum

1920 3331 2206 3388 hominum
2229 3331 2447 3385 edicere

1996 3423 2150 3478 νει-ε.
2201 3413 2293 3477 65.
2335 3420 2674 3490 Spiritus—
2701 3417 3014 3489 quidquam.
3056 3413 3324 3486 Spiritum
3369 3425 3520 3466 nune

1921 3525 2077 3572 γουσι
2097 3515 2433 3570 intellectum
2460 3511 2798 3583 spiritualem
2825 3523 3018 3564 eorum
3045 3521 3166 3578 quae
3184 3505 3327 3561 dicta
3351 3512 3517 3570 sunt;

1921 3609 2175 3664 similiter
2221 3615 2277 3663 ct
2315 3621 2561 3668 carnem,
2600 3602 2908 3673 intelligere
2945 3615 3008 3656 ea
3041 3599 3376 3655 carnaliter:
3407 3612 3518 3652 non

1919 3702 2066 3756 enim
2091 3701 2161 3755 de
2189 3713 2356 3753 carne
2386 3696 2581 3768 ipsius,
2603 3710 2723 3766 qua
2743 3694 3006 3756 viviﬁcat.
3034 3708 3183 3746 nunc
3206 3706 3388 3747 sermo
3410 3698 3518 3746 est.

1919 3791 2013 3846 Ait
2071 3803 2202 3861 ergo
2256 3807 2270 3843 :
2327 3787 2454 3842 Haec
2526 3785 2888 3858 spiritualiter
2953 3784 3281 3856 intelligere,
3348 3783 3519 3838 vitam

1919 3881 2147 3954 praebet,
2175 3895 2340 3951 quam
2377 3894 2543 3949 supra
2576 3878 2725 3934 dixi:
2757 3877 3053 3933 carnaliter
3083 3891 3216 3932 vero
3249 3891 3315 3930 ea
3343 3875 3516 3930 intel-

1919 3974 2088 4047 ligere
2127 3988 2237 4027 non
2271 3970 2500 4041 prodest
2535 3971 2859 4041 quidquam.

2002 4065 2160 4121 Vers.
2192 4062 2283 4119 63.
2321 4061 2487 4116 Verba
2521 4091 2591 4102 —
2625 4077 2773 4116 sum.
2835 4059 3158 4130 Spiritualia
3211 4068 3268 4114 et
3301 4058 3519 4114 viviﬂca

1920 4166 2092 4214 sunt:
2132 4165 2350 4228 oportet
2381 4169 2621 4224 namque
2655 4169 2768 4209 non
2805 4152 3134 4223 simpliciter
3173 4167 3237 4206 ea
3291 4153 3517 4219 intueri,

1922 4249 1976 4304 id
2017 4249 2165 4304 enim
2197 4256 2282 4303 est
2318 4245 2617 4302 carnaliter
2648 4243 2988 4312 intelligere,
3032 4243 3127 4298 sed
3162 4243 3310 4299 aliud
3358 4242 3520 4312 quid-

1920 4341 2069 4410 piam
2102 4339 2418 4409 imaginari,
2451 4347 2506 4392 et
2541 4336 2907 4392 interioribus
2941 4335 3120 4391 oculis
3149 4351 3212 4390 ea
3242 4335 3518 4405 aspicere.

1920 4442 2184 4501 tanquam
2243 4431 2530 4503 mysteria,
2572 4445 2701 4486 nam
2753 4430 2859 4486 hoc
2898 4438 2987 4486 est
3029 4428 3396 4499 spiritualiter
3430 4429 3518 4484 in-

1919 4525 2187 4594 teiligere.

1998 4638 2150 4695 νει-ε.
2177 4638 2265 4694 64.
2300 4637 2407 4693 Sed
2426 4668 2496 4679 —
2521 4639 2715 4709 ipsum.
2743 4638 2862 4692 Non
2883 4642 3060 4693 solum
3086 4635 3516 4708 pmscientiam,

1919 4732 2014 4790 sed
2066 4741 2123 4787 et
2171 4732 2522 4787 clementiam
2580 4746 2737 4785 suam
2803 4730 3086 4785 ostendit:
3139 4730 3265 4799 quia
3317 4744 3436 4783 ‘non
3484 4745 3547 4799 ει,

1921 4836 2168 4896 tempore
2208 4843 2317 4896 quo
2358 4841 2708 4880 murmurare
2754 4834 3066 4895 coeperunt,
3118 4839 3309 4879 verum
3344 4824 3513 4879 etiam

1919 4919 1989 4974 ab
2039 4917 2201 4972 initio
2247 4917 2609 4984 cognoscebat
2667 4918 2962 4973 credentes
3005 4929 3061 4971 et
3108 4926 3289 4970 tamen
3321 4929 3516 4970 omnes

1919 5010 2124 5079 pariter
2154 5009 2405 5063 docebat.

2002 5100 2157 5156 Vers.
2203 5100 2294 5155 65.
2349 5099 2414 5154 Et
2455 5129 2524 5140 —
2561 5117 2695 5155 meo.
2736 5099 3055 5171 Pr0pterea,
3093 5100 3221 5169 quia
3262 5099 3518 5156 videlicet

1918 5199 2048 5249 sunt
2084 5193 2332 5263 quidam,
2394 5191 2488 5262 qui
2543 5208 2653 5247 non
2700 5192 2960 5248 credunt.
3010 5192 3284 5248 Continue
3330 5201 3513 5246 autem

1918 5287 2087 5340 Deum
2123 5284 2342 5339 Patrem
2383 5299 2546 5340 suum
2597 5285 2869 5349 nominat,
2928 5285 3154 5351 docens,
3207 5284 3355 5355 quod
3402 5299 3512 5338 non

1919 5377 1989 5430 sit
2018 5374 2160 5429 lilins
2180 5373 2411 5445 Ioseph,
2441 5375 2582 5430 sicut
2613 5375 2686 5429 illi
2721 5377 3011 5448 putabant.

1470 5544 1670 5607 Varia;
1701 5544 2015 5608 lectiones
2060 5549 2122 5605 et
2165 5551 2356 5605 noue.

292 5708 408 5780 ('77)
437 5704 601 5760 Extra
638 5717 930 5758 numerum
971 5697 1266 5757 duodecim
1291 5706 1347 5753 et
1383 5697 1751 5768 septuaginta,
1789 5714 1814 5751 ο

1917 5694 2094 5761 ’τάξει
2128 5694 2388 5764 μαθητῶν
2421 5692 2802 5762 ἠκολούθησαν
2833 5689 3007 5761 αὐτῷ.

287 5871 399 5942 (yy)
437 5864 778 5921 Convenimti
811 5873 1045 5930 tempore
1098 5862 1431 5917 remansisse.
1466 5856 1814 5916 Conveniens
1849 5864 2067 5926 tempus
2098 5863 2441 5926 exspectare.

539 5960 812 6018 PATROL.
851 5958 964 6018 Gn.
1007 5954 1270 6017 CXXIX.

3158 5945 3234 6013 40
