4094 6392
642 396 779 453 ii‘h‘J

714 503 872 560 Vers.
914 502 1001 558 66.
1042 501 1121 555 Ea:
1154 531 1219 541 —
1242 495 1615 551 ambulabant.
1647 523 1717 532 —
1748 493 1826 545 Ex
1871 495 1987 555 hoc,
2021 493 2072 544 id
2116 500 2221 553 est,
2255 499 2297 553 Α

642 596 708 649 al)
756 610 822 649 eo
863 603 1127 662 tempore,
1171 591 1416 642 abierunt
1466 596 1777 649 retrorsum,
1826 584 1929 636 hoc
1953 592 2059 648 est,
2115 582 2223 634 Ab—

643 688 798 741 seissi
827 694 954 740 sunt
987 684 1055 737 ab
1084 696 1170 745 eo,
1198 679 1292 749 qui
1322 678 1570 732 videlicet
1597 683 1755 728 antea
1786 673 2218 727 murmur-ubam.

644 778 963 832 Retrorsum
996 782 1177 827 autem
1208 770 1447 841 intellige
1476 766 1631 829 mihi,
1665 766 1734 819 ad
1764 765 1928 818 vitam
1957 764 2219 834 priorem,

643 870 711 924 ad
743 882 902 936 quam
938 862 1139 918 reversi
1170 871 1321 916 sunt.

715 958 871 1011 Vers.
897 955 986 1008 67.
1016 955 1102 1006 Ait
1131 982 1203 991 —
1233 951 1422 1003 abire?
1450 945 1569 1000 Non
1601 945 1736 1000 dixit
1771 962 1785 998 :
1820 945 1979 999 Abite
2005 952 2061 998 et
2090 959 2222 1009 vos;

649 1066 770 1104 nam
819 1048 870 1101 id
920 1046 1235 1115 repellentis
1272 1051 1439 1103 esset,
1472 1038 1567 1093 sed
1605 1037 1802 1093 blande
1846 1037 2223 1107 interrogavit,

646 1140 943 1195 ostendens
994 1137 1096 1191 sibi
1132 1148 1267 1203 opus
1304 1147 1413 1185 non
1458 1145 1579 1185 esse
1626 1129 1934 1183 ministerio
1985 1128 2225 1193 illorum,

644 1246 826 1300 neque
879 1244 937 1282 se
1006 1225 1419 1281 circumducere
1473 1221 1593 1274 illos
1655 1222 1721 1273 ad
1776 1219 2224 1284 oStcntationem,

648 1323 904 1391 quodque
934 1317 1145 1371 nullum
1180 1314 1311 1367 velit
1352 1312 1582 1365 invitum
1617 1312 1875 1364 retinere.
1910 1310 2017 1363 Sed
2051 1322 2226 1377 neque

642 1430 785 1484 τηειρ
811 1413 933 1466 tulit
950 1419 1045 1464 aut
1066 1406 1342 1477 redarguit
1358 1405 1496 1469 illos,
1524 1404 1617 1473 qui
1635 1411 1935 1457 retrorsum
1954 1400 2225 1464 abierant,

642 1506 807 1561 veluti
834 1505 1011 1558 facere
1048 1502 1312 1561 solemus,
1344 1498 1608 1552 ducentes
1639 1493 1955 1562 huiusmodi
1991 1492 2223 1557 factum,

636 1605 1018 1665 contemptum
1039 1600 1131 1645 aut
1157 1589 1413 1659 injuriam
1443 1586 1602 1655 :quia
1625 1584 1807 1638 omnia
1830 1580 2015 1654 glorise
2043 1595 2229 1636 amore

641 1692 993 1834 {82:25:68.
1024 1771 1309 1841 Respondit
1341 1800 1411 1810 —-
1438 1768 1697 1821 abibimus
1716 1769 1741 1821 γ
1764 1764 1962 1821 Petrus
1996 1762 2229 1818 fratrum

1880 378 2264 439 EUTHYMH
2305 372 2669 435 ZlGABENI
3795 373 3920 434 115$)

2414 491 2507 543 Ἐκ
2538 519 2608 529 --
2638 488 3060 557 περιεπάτουν.
3094 513 3162 525 -
3203 486 3299 541 Ἐκ
3337 489 3595 552 τούτου,
3657 490 3782 542 ἀντὶ
3832 493 3921 542 τοῦ

2331 583 2518 634 ἔκτοτε
2540 596 2553 609 ·
2612 580 2893 648 ἀπῆλθον
2914 580 2969 633 δὲ
2996 581 3083 643 εἰς
3114 580 3185 633 τὰ
3214 580 3431 647 ὀπίσω,
3476 582 3661 633 εῐτουν
3698 583 3926 651 ἀπεσχί-

2332 673 2538 743 σθησαν
2580 673 2628 724 οἱ
2676 673 2939 743 ἀνωτέρω
2991 672 3383 739 γογγύσαντες.
3442 672 3661 725 Ὀπίσω
3702 673 3762 725 δὲ
3817 676 3922 726 νόει

2334 782 2426 836 μοι
2480 765 2573 816 καὶ
2620 765 2712 817 τὸν
2786 763 3053 833 πρότερον
3104 760 3219 831 βίον
3268 762 3490 828 αὐτῶν,
3534 764 3617 826 εἰς
3662 762 3723 815 δν
3760 762 3924 817 πάλιν

2333 854 2703 924 ὑπέστρεψαν.

2403 944 2590 1001 Εἶπεν
2630 977 2699 988 -
2738 947 3030 1017 ὑπάγειν;
3078 948 3195 1001 Οὐκ
3245 942 3402 999 εἶπεν
3425 963 3442 978 ·
3478 946 3779 1002 ’Δπέλθετε
3833 952 3923 1002 καὶ

2333 1040 2533 1109 ὑμεῖς’
2585 1039 2745 1093 τοῦτο
2782 1041 2892 1110 γὰρ
2945 1039 3344 1109 ἁπωθουμένου
3388 1034 3489 1109 ἦν·
3535 1040 3657 1091 ἀλλ’
3704 1041 3925 1110 ὁμαλῶς

2332 1129 2610 1197 ⁴ὴρώτησε,
2642 1128 2854 1190 δεικνὺς
2881 1130 2964 1181 δτι
2982 1129 3041 1180 οὐ
3069 1128 3240 1181 δεῖται
3269 1129 3368 1197 τῆς
3398 1128 3685 1191 διακονίας
3714 1129 3920 1193 αὐτῶν,

2332 1219 2455 1272 οὐδὲ
2484 1220 2738 1289 περιάγει
2756 1220 3002 1283 τούτους,
3025 1218 3501 1286 ἐπιδεικνύμενος,
3536 1220 3634 1270 καὶ
3653 1219 3740 1270 ὅτι
3768 1218 3922 1269 οὐδέ-

2334 1326 2402 1363 να
2463 1313 2537 1380 μὴ
2573 1310 2899 1381 βουλόμενον
2938 1309 3191 1381 βούλεται
3222 1310 3496 1381 κατέχειν.
3528 1309 3673 1363 Οΰτι
3700 1309 3757 1364 δὲ
3791 1312 3925 1363 ἐδει-

2334 1401 2667 1472 νοπάθησεν,
2690 1401 2826 1472 οὔτεΔ
2845 1402 3197 1471 κατηγόρησε
3223 1406 3333 1455 τῶν
3362 1401 3716 1455 ἀπελθόντων
3743 1403 3829 1462 εις
3859 1404 3923 1453 τὰ

2333 1470 2543 1563 ὀπίσω,
2578 1496 2718 1566 ὅπερ
2762 1470 2938 1550 πόιεῖν
2972 1470 3245 1564 εἰώθαμεν
3289 1496 3471 1563 ἡμεῖς,
3508 1495 3924 1563 καταφρόνησιν

2335 1586 2431 1639 καὶ
2462 1586 2623 1658 ὕϐριν
2647 1587 2709 1640 τὸ
2750 1588 2987 1656 πρᾶγμα
3019 1586 3330 1654 κρίνοντες’
3363 1584 3500 1637 διότι
3539 1585 3685 1655 μετὰ
3714 1585 3924 1652 φιλοδο-

2337 1676 2456 1741 ξίας
2488 1677 2704 1731 ἅπαντα
2730 1678 3066 1748 πράττομεν.

2411 1769 2727 1836 Ἀπεκρίθη
2757 1798 2825 1809 -
2849 1767 3312 1835 ἀπελευσόμεθα
3335 1782 3356 1831 ;
3388 1762 3449 1819 '0
3472 1764 3687 1833 Πέτρος
3710 1764 3739 1815 6
3768 1761 3897 1829 φιλά

642 1882 876 1933 amator,
903 1883 1005 1939 pro
1032 1866 1293 1920 fratribus
1331 1862 1585 1916 omnibus
1605 1857 1900 1927 respondet
1932 1872 1947 1909 :
1980 1855 2223 1917 Domine,

2335 1858 2522 1926 διλφος
2542 1848 3037 1929 ὑπεραπολογεῖται
3057 1858 3276 1912 πάντων
3293 1858 3401 1910 τῶν
3416 1855 3672 1921 ἀδελφῶν
3690 1874 3705 1884 ·
3725 1857 3920 1921 Κύριε.

644 1964 716 2018 ad
738 1978 889 2031 quem
908 1957 1205 2012 abibimus?
1234 1954 1617 2007 vehementem
1642 1964 1770 2019 erga
1797 1947 1953 2003 illum
1979 1961 2228 2001 amorem

642 2054 1051 2111 demonstrans,
1108 2045 1253 2115 quod
1324 2042 1582 2098 videlicet
1631 2039 1910 2094 neminem
1968 2038 2231 2097 habeant.

643 2157 808 2213 quem
838 2141 886 2195 ei
930 2144 1270 2209 pra-ponant,
1318 2147 1428 2186 non
1478 2137 1761 2199 parentes,
1794 2143 1905 2182 non
1943 2132 2227 2197 cognatos,

644 2249 755 2289 non
800 2230 1024 2294 amicos,
1052 2236 1127 2290 et,
1164 2235 1221 2279 ut
1276 2224 1449 2277 semel
1512 2221 1714 2283 dicam,
1757 2218 2037 2273 neminem
2088 2216 2232 2270 inter

644 2337 857 2377 omnes.
895 2318 1101 2372 Deinde
1130 2330 1199 2368 ne
1232 2315 1335 2366 hoc
1366 2312 1570 2365 dixisse
1616 2309 1890 2371 videatur,
1922 2307 2076 2376 quasi
2120 2320 2230 2360 non

642 2416 732 2478 sit,
763 2412 854 2481 qui
896 2424 991 2462 eos
1028 2405 1313 2473 suscipiat,
1344 2403 1663 2469 subjunxit:

713 2503 871 2557 Vers.
904 2498 991 2553 68.
1038 2496 1203 2550 Verba
1256 2522 1320 2535 ——
1375 2492 1555 2545 habes.
1610 2489 1825 2552 Verba,
1884 2503 2006 2557 quae
2058 2488 2225 2540 vitam

646 2593 945 2649 concilient
980 2598 1270 2643 aeternam.
1326 2582 1506 2644 Vides,
1542 2580 1683 2649 quod
1722 2579 1886 2632 verba
1918 2592 2029 2631 non
2070 2587 2229 2631 erant

642 2701 762 2755 quae
782 2682 1131 2753 przehuerant
1150 2673 1561 2734 oﬂ'eudiculum,
1589 2671 1686 2724 sed
1712 2670 2023 2723 auditorum
2051 2668 2234 2737 segni-

646 2778 775 2839 ties,
841 2783 895 2827 et
936 2770 1063 2839 quia
1093 2766 1382 2822 carnaliter
1422 2778 1485 2816 ea
1523 2761 1921 2829 intelligebant,
1961 2774 2070 2813 non
2116 2760 2230 2828 spiu

647 2865 937 2921 ritualiter.
956 2862 1313 2927 Consequens
1334 2856 1537 2909 etenim
1559 2868 1620 2906 ac
1641 2850 2012 2905 necessarium
2033 2850 2054 2903 l‘
2058 2859 2227 2914 uerat,

649 2969 711 3013 ut
766 2958 854 3011 illa
904 2954 1219 3009 dicerentur
1273 2954 1495 3016 propter
1550 2944 1862 2997 Judmorum
1912 2943 1978 2995 de
2034 2955 2231 2994 manna

644 3062 980 3104 sermonem.
1007 3042 1263 3112 Oportuit
1305 3047 1487 3092 autem
1518 3034 1801 3089 auditores
1830 3041 1927 3086 aut
1971 3034 2231 3103 spiritua-

645 3143 770 3195 liter
796 3154 859 3191 ea
892 3134 1221 3203 intelligere,
1258 3136 1373 3192 aut,
1402 3128 1447 3182 si
1481 3127 1535 3181 id
1565 3126 1802 3180 necdum
1837 3134 2112 3193 poterant.
2147 3124 2231 3177 his

2334 1950 2484 2018 πρὸς
2504 1950 2640 2003 τινα
2666 1951 3127 2019 ἀπελευσόμεθα
3150 1966 3169 2013 ;
3195 1950 3267 2002 Τὸ
3284 1948 3419 2017 πρὸς
3441 1949 3611 2001 αὑτὸν
3635 1946 3921 2015 φιλόστορ-

2334 2060 2429 2111 γον
2456 2044 2742 2113 ἐμφαίνων
2768 2044 2850 2096 ὅτι
2876 2045 2979 2095 οὐκ
3013 2042 3194 2112 έχουσι
3224 2044 3415 2115 ῑτιρον
3449 2040 3789 2112 τιμιώτερον
3826 2042 3919 2091 az}-

2333 2134 2451 2197 τοῦ,
2498 2132 2561 2187 οὐ
2595 2136 2794 2201 γονεῖς,
2823 2133 2882 2185 οὐ
2910 2136 3218 2201 συγγενεῖς,
3243 2134 3303 2186 οὐ
3347 2132 3560 2201 φίλους,
3587 2131 3691 2200 οὐχ
3736 2129 3921 2192 ἁπλῶς

2335 2242 2468 2278 τινα·
2487 2225 2596 2278 τῶν
2631 2225 2913 2279 ἁπάντων.
2946 2221 3084 2278 Εἶτα
3118 2224 3205 2277 ἶνα
3241 2224 3315 2294 μὴ
3345 2225 3477 2293 δοκῇ
3517 2222 3685 2276 τοῦτο
3712 2224 3885 2275 εἰπεῖν
3905 2262 3920 2284 ,

2334 2316 2407 2379 ὡς
2452 2318 2551 2369 οὐκ
2584 2317 2738 2379 δντος
2778 2316 2872 2369 τοῦ
2924 2313 3320 2385 ὑποδεξομένου
3364 2316 3587 2381 αὐτοὺς,
3643 2314 3914 2384 ιπήγαγε’

2417 2483 2676 2553 Ῥήματα
2720 2512 2793 2522 -
2832 2482 3016 2551 ἔχεις.
3066 2482 3317 2549 Ῥήματα
3349 2476 3499 2548 ζωὴν
3528 2476 3755 2530 αἰώνιον
3776 2493 3911 2546 κρο-

2336 2574 2615 2640 ξενοῦντα.
2662 2574 2827 2646 Ὁρᾷς
2860 2575 2941 2625 ὃτι
2972 2573 3033 2625 οὐ
3065 2573 3135 2626 τὰ
3168 2574 3392 2643 ῥήματα
3425 2568 3493 2641 ἦν
3531 2572 3601 2623 τὰ
3640 2569 3921 2622 σκανδαλί-

2334 2667 2520 2729 ζοντα,
2558 2665 2711 2735 ἀλλ’ἡ
2742 2664 3045 2735 ἀπροσεξία
3073 2665 3181 2717 τῶν
3215 2664 3544 2728 ἀκουόντων,
3577 2662 3675 2713 καὶ
3706 2662 3765 2713 τὸ
3792 2678 3924 2726 σαρ-

2334 2759 2507 2821 κικῶς
2536 2761 2677 2811 νοεῖν
2717 2759 2879 2820 αὐτὰ,
2913 2760 3009 2811 καὶ
3058 2755 3135 2827 μὴ
3171 2756 3553 2824 πευματικῶς.
3600 2753 3920 2807 Ἀκόλουθον

2336 2850 2437 2917 μὲν
2482 2849 2593 2919 γὰρ
2639 2849 2733 2902 καὶ
2765 2848 3066 2915 ἀναγκαῖον
3106 2842 3173 2917 ἦν
3202 2848 3387 2898 ἐκεῖνα
3433 2843 3671 2914 ῥηθῆναι
3712 2842 3799 2895 διὰ.
3833 2843 3920 2894 τὸν

2334 2940 2583 3011 περὶτοῦ
2612 2939 2792 3008 μάννα
2818 2940 2977 3007 λόγον
3014 2936 3123 2990 τῶν
3179 2936 3451 2989 Ἰουδαίων
3477 2951 3493 2965 °
3536 2934 3646 2986 ἔδει
3700 2934 3757 2985 δὲ
3798 2932 3917 2993 τοὺς

2334 3032 2634 3092 ἀκούοντας
2664 3031 2697 3100 ἢ
2723 3030 3113 3099 πνευματικῶς
3136 3028 3357 3080 ἀκούειν
3393 3026 3554 3091 αὐτὰ,
3596 3025 3629 3094 ἦ
3663 3026 3737 3092 μὴ
3770 3023 3918 3075 τοῦτο

2333 3122 2693 3191 δυναμένους,
2717 3121 2969 3191 δέχεσθαι
3000 3120 3097 3189 μὲν
3129 3119 3327 3183 ταῦτα,
3350 3117 3579 3188 ὕστερον
3608 3116 3667 3169 δὲ
3694 3114 3917 3185 φιλομαο

940 3189 1233 3295 susceptis,
1272 3189 1621 3292 postmodum
1673 3218 1741 3271 de
1798 3189 1883 3271 his
1941 3216 2233 3285 diligenter

2339 3212 2444 3276 θῶς
2468 3189 2743 3285 ἐρωτῆσαι
2772 3189 2902 3279 ττερὶ
2929 3209 3153 3263 τούτων.

646 3334 999 3391 interrogare.

716 3416 873 3469 Vers.
905 3410 993 3465 69.
1027 3406 1092 3461 Et
1119 3435 1188 3447 -—
1216 3404 1341 3459 vivi.
1372 3400 1674 3456 Tricesimo
1699 3400 1863 3455 tertio
1904 3399 2058 3469 juxta
2088 3396 2228 3451 Mal-

647 3510 846 3564 thseum
878 3502 1055 3572 capite
1087 3498 1220 3552 dixit
1248 3496 1393 3551 idem
1427 3510 1441 3547 :
1481 3492 1559 3547 Tu
1587 3509 1639 3545 es
1662 3490 1900 3547 Christus
1923 3491 2091 3544 Filius
2136 3489 2235 3543 Dei

649 3598 759 3653 sivi
792 3594 860 3648 ³⁸.
898 3592 1006 3647 Sed
1056 3599 1189 3643 tunc
1237 3584 1457 3655 quidem
1512 3582 1765 3636 Christus
1817 3581 1966 3635 illum
2016 3582 2231 3635 beatum

646 3681 965 3758 praedicavit
988 3688 1211 3751 propter
1234 3687 1455 3731 causam
1491 3671 1568 3725 ibi
1595 3671 1797 3725 dictam
1835 3686 1849 3722 :
1885 3686 2033 3723 nunc
2080 3687 2231 3733 vero,

646 3780 776 3851 quia
809 3771 1178 3831 communiter
1212 3766 1347 3822 dixit
1383 3783 1398 3819 :
1433 3763 1544 3818 Nos
1581 3762 1913 3817 credidimus
1943 3774 1996 3815 et
2030 3776 2233 3831 cogno-

648 3873 851 3931 vimus,
902 3869 1120 3934 separat
1171 3858 1241 3913 ah
1287 3856 1394 3911 illis
1445 3852 1767 3917 lsearioten,
1806 3863 2071 3921 tanquam
2120 3852 2232 3922 jam

650 3962 1032 4017 ﬂuctuantem.

719 4052 872 4107 Vers.
915 4048 1003 4104 70.
1035 4042 1316 4113 Respondit
1374 4068 1447 4081 —
1499 4037 1678 4109 elegi?
1707 4034 1822 4092 Hoc
1850 4036 2232 4107 interrOgative

653 4142 950 4216 legendum
982 4147 1090 4194 est.

720 4256 881 4311 Ἴθι-ε.
937 4253 1027 4307 70.
1080 4248 1145 4303 Et
1194 4278 1262 4289 —
1297 4244 1456 4301 Vers.
1485 4245 1573 4298 Ἠ.
1623 4244 1915 4297 duodecim.
1950 4272 2017 4281 —
2043 4241 2232 4295 Nonne

648 4367 743 4424 ego
768 4365 879 4411 vos,
910 4344 1105 4415 inquit,
1133 4339 1409 4395 duodecim
1438 4337 1568 4407 elegi
1594 4336 1618 4389 1’
1662 4345 1712 4389 et
1767 4345 1948 4390 tamen
2001 4352 2136 4389 unus
2168 4349 2234 4389 ea:

648 4441 792 4496 vobis
824 4438 878 4492 in
934 4434 1085 4490 nullo
1114 4447 1234 4486 mea
1270 4430 1492 4499 adjutus
1521 4426 1811 4491 electione,
1852 4434 2040 4496 utpote
2092 4426 2232 4480 libe-

650 4548 771 4587 rum
813 4531 1021 4585 habens
1047 4523 1332 4579 arbitrium
1374 4520 1441 4574 ad
1480 4520 1739 4573 virtutem
1765 4526 1821 4571 et
1854 4517 2065 4581 vitium,
2115 4518 2233 4569 dia-
2266 4538 2309 4593 ι)

656 4624 809 4677 bolus
902 4626 997 4682 est,
1054 4617 1168 4671 sive
1232 4612 1556 4675 diabolicus,
1613 4616 1670 4664 et
1722 4608 1923 4663 diaboli
1966 4608 2233 4663 minister.

652 4711 934 4782 Signiﬁcat
968 4709 1149 4777 itaque
1182 4705 1236 4758 in
1284 4702 1561 4757 voluntate
1589 4716 1653 4754 ac
1682 4700 1951 4755 electione
1997 4699 2236 4754 hominis

651 4804 814 4857 situm
854 4814 999 4864 esse,
1034 4806 1091 4850 ut
1118 4795 1379 4855 salvetur,
1404 4800 1499 4844 aut
1524 4798 1733 4860 pereat.

721 4889 950 4957 Quidam
979 4900 1107 4940 vero
1136 4881 1414 4935 diabolum
1457 4880 1562 4933 hoc
1596 4881 1649 4931 in
1684 4881 1805 4932 loco
1841 4876 2235 4932 intellexerunt

652 4982 1055 5036 inSidiatorem.
1087 4971 1235 5026 Nihil
1273 4984 1401 5039 ergo
1444 4982 1669 5033 novum,
1707 4966 1853 5034 quod
1893 4964 2063 5020 Judas
2109 4982 2232 5020 cum

648 5076 941 5144 eligeretur
965 5070 1163 5123 bonam
1183 5062 1438 5119 habuerit
1454 5061 1809 5122 voluntatem,
1828 5068 2014 5129 postea
2054 5067 2235 5112 autem

652 5166 724 5222 sit
757 5165 1102 5221 immutatus,
1136 5158 1402 5226 tanquam
1430 5154 1603 5208 libero
1627 5166 1759 5206 usus
1782 5151 2026 5204 arbitrio.

719 5256 860 5326 Cap.
893 5252 1003 5309 VU.
1062 5252 1216 5306 Vers.
1258 5250 1312 5302 1.
1341 5246 1411 5301 Et
1458 5275 1529 5285 ——
1586 5243 1900 5311 interﬁcere.
1924 5240 2041 5295 Non
2090 5242 2234 5295 enim

652 5359 884 5418 poterat,
912 5346 966 5401 id
1002 5354 1103 5407 est,
1134 5356 1247 5395 non
1271 5347 1391 5395 erat
1442 5350 1693 5400 securus,
1728 5343 1787 5388 ut
1837 5343 2149 5387 versaretur
2181 5333 2234 5385 in

651 5439 836 5495 Iudaea
908 5454 922 5490 :
1001 5445 1259 5506 tauquam
1317 5430 1386 5484 de
1428 5426 1651 5482 homine
1720 5425 1866 5480 enim
1941 5424 2044 5478 hoc
2095 5424 2232 5477 dixit

756 5578 801 5609 ⁸⁸
830 5575 1023 5630 Matth.
1054 5590 1164 5637 xvt,
1190 5570 1277 5623 16.

2415 3395 2523 3451 Kal
2563 3424 2635 3435 —
2669 3392 2907 3457 ζῶντος.
2948 3392 3058 3446 Καὶ
3093 3392 3150 3445 ὲν
3180 3390 3258 3462 τῷ
3286 3389 3599 3464 τριακοστῷ
3631 3389 3803 3461 τρίτῳ
3832 3405 3917 3441 κε-

2340 3490 2556 3560 φαλαίῳ
2601 3484 2699 3539 τοῦ
2742 3486 2886 3539 κατά
2940 3484 3220 3537 Ματθαῖον
3259 3482 3319 3534 τὸ
3350 3483 3484 3534 αὑτδ
3532 3478 3694 3534 εἴπεο
3745 3482 3826 3536 Σὺ
3873 3477 3923 3535 εἶ

2336 3584 2369 3635 ὁ
2408 3578 2683 3650 Χριστὸς,
2712 3576 2741 3628 ὁ
2762 3576 2904 3637 ’Υἱὸς
2938 3574 3029 3628 τοῦ
3062 3573 3197 3626 Θεοῦ
3234 3572 3327 3625 τοῦ
3355 3572 3559 3635 ζῶντος
3582 3591 3598 3605 ο
3638 3574 3779 3626 ἀλλὰ
3810 3578 3917 3626 τότε

2338 3674 2439 3744 μὲν
2468 3670 2802 3743 ἑμακάρισεν
2829 3669 2991 3722 αὐτὸν
3019 3669 3046 3720 ὁ
3074 3667 3308 3737 Χριστδς
3340 3667 3429 3720 διὰ
3462 3668 3564 3737 τὴν
3595 3669 3717 3719 ἐκεῖ
3752 3668 3920 3739 ρηθεῖ-

2340 3783 2438 3819 σαν
2499 3764 2718 3818 αῑτίανσ
2787 3761 2883 3815 νῦν
2944 3760 3039 3824 δὲ,
3098 3758 3286 3828 ἐπειδὴ
3359 3758 3563 3820 κοινῶς
3630 3756 3791 3812 εἶπεν
3849 3760 3918 3810 ὅτι

2336 3856 2792 3926 Πεπιστεύκαμεν
2818 3855 2914 3909 καὶ
2939 3853 3290 3923 ιγνὼκαμεν,
3313 3850 3621 3905 διαστέλλει
3644 3854 3737 3905 τὸν
3762 3852 3917 3905 Ἰσκα-

2340 3953 2541 4024 ριώτην
2571 3950 2667 4003 ἀπ’
2693 3948 2874 4003 αὐτῶν
2904 3948 3004 4018 ήδη
3034 3945 3419 4016 σαλευόμενον.

2416 4042 2723 4112 Ἀπεκρίθη
2750 4070 2822 4082 -
2850 4039 3266 4107 ἐξελεξάμην;
3292 4036 3465 4090 Τοῦτο
3500 4037 3627 4090 κατ’
3655 4036 3916 4108 ἐρώτησιν

2333 4136 2734 4206 ἀναγνωστέον.

2404 4230 2513 4284 Kal
2544 4259 2615 4273 —
2638 4226 2887 4281 δώδεκα.
2910 4254 2984 4267 ——
3015 4228 3139 4280 οὐκ
3178 4224 3313 4295 ἐγὼ,
3346 4225 3536 4295 φησὶν,
3589 4226 3752 4294 ὑμᾶς
3788 4226 3910 4290 τοὺς

2333 4319 2958 4391 δώδεκαιὲξελεξάμην
2973 4334 2994 4383 ;
3014 4320 3114 4373 καὶ
3142 4320 3290 4388 ὅμως
3324 4318 3393 4382 ἐξ
3426 4316 3601 4385 ὑμῶν
3621 4315 3737 4385 εἷς,
3772 4320 3908 4372 Οὖδὲν

2334 4416 2435 4485 τῆς
2464 4415 2598 4486 παρ’
2628 4412 2762 4484 ἐμοῦ
2795 4411 3027 4482 ἐκλογῆς
3048 4404 3415 4482 ἁπονάμενος,
3453 4411 3531 4474 ὡς
3565 4412 3904 4476 αὑτεξούσιος

2340 4507 2452 4578 (78)
2487 4506 2623 4577 πρὸς
2653 4505 2852 4577 ἀρετὴν
2882 4504 2979 4558 καὶ
3010 4504 3232 4569 κακίαν,
3272 4502 3517 4567 διάϐολός
3549 4505 3728 4569 ἔστιν,
3758 4507 3907 4575 {now

2336 4598 2667 4662 διαϐολικδς,
2700 4594 2795 4649 τοῦ
2823 4594 3074 4648 διαϐόλου
3100 4594 3397 4662 ὑπουργός.
3433 4593 3609 4664 Δῆλον
3635 4594 3733 4647 οὖν
3760 4594 3837 4647 ὅτι
3860 4596 3907 4644 ἐν

2334 4692 2398 4761 τῇ
2452 4688 2774 4757 προαιρέσει
2814 4683 2911 4738 τοῦ
2970 4682 3259 4755 ἀνθρώπου
3308 4684 3488 4735 κεῖται
3540 4684 3604 4735 τὸ
3654 4682 3905 4747 σώζεσθαι

2335 4782 2368 4853 ἢ
2400 4779 2760 4834 ἀπόλλυσθαι.

2406 4870 2562 4933 Τινὲς
2610 4870 2667 4923 δὲ
2718 4866 2965 4923 διάϐολον
3021 4865 3118 4921 νῦν
3173 4867 3267 4919 τὸν
3325 4865 3623 4919 ἐπίϐουλον
3673 4866 3902 4936 ἐνόησαν.

2337 4961 2503 5015 Οὐδὲν
2533 4960 2645 5031 (79)
2675 4958 2767 5014 οὖν
2796 4961 2981 5013 καινὸν
3014 4962 3073 5012 ὲν
3106 4957 3185 5028 τῷ
3216 4956 3541 5025 ἐκλέγεσθαι
3576 4958 3679 5026 μὲν
3713 4956 3902 5024 ἀγαθὴν

2339 5053 2661 5125 προαίρεσιν
2693 5052 2837 5121 ἔχειν
2870 5052 2961 5104 τὸν
3010 5050 3255 5117 Ἰούδαν,
3290 5048 3520 5119 ὕστερον
3550 5049 3611 5101 δὲ
3651 5048 3900 5119 μεταϐλη-

2339 5147 2499 5216 υῆναι
2526 5143 2714 5197 τοῦτον
2741 5143 2816 5207 ὡς
2838 5143 3208 5207 αὐτεξούσιον.

2408 5240 2515 5295 Καὶ
2545 5266 2605 5276 -
2627 5235 2993 5290 ἀποκτεῖναι.
3035 5235 3112 5288 Οὐ
3139 5234 3250 5303 γὰρ
3301 5228 3451 5303 εἶχεν
3481 5231 3597 5301 (80)
3637 5230 3896 5297 ἑξουσὶαν,

2336 5329 2503 5399 {now
2532 5328 2632 5379 οὐκ
2661 5321 2807 5393 εἶχεν
2831 5324 3018 5377 ἄδειαν
3036 5324 3095 5376 ιν
3121 5326 3187 5393 τῇ
3205 5322 3435 5393 Ἰουδαίᾳ
3462 5324 3812 5392 περιπατεῖν
3835 5322 3897 5381 ὡς

2341 5424 2470 5494 περὶ
2493 5419 2784 5491 ἀνθρώπου
2815 5418 2924 5491 γὰρ
2958 5418 3118 5471 τοῦτο
3149 5413 3302 5470 εἶπεν
3327 5419 3359 5471 δ
3386 5417 3781 5486 εὖαγγιλιστής
3800 5432 3812 5445 °
3836 5414 3895 5475 ὡς

1866 5626 2059 5689 Variae
2093 5626 2391 5687 lectiones
2423 5634 2484 5687 et
2526 5632 2715 5685 noue.

728 5770 839 5837 (78)
877 5770 967 5830 Εἰς
1018 5767 1221 5838 ἀρετήν
1255 5773 1321 5817 Α.

725 5840 834 5899 (ἳυὶ
880 5840 966 5902 Δὲ,
1004 5837 1301 5900 interponit
1332 5837 1396 5886 Δ.

2415 5754 2525 5826 (80)
2548 5754 2954 5826 interpretatur
3002 5768 3131 5826 ergo
3182 5753 3475 5810 lectionem
3525 5744 3889 5822 Chrysostomi.

2339 5822 2487 5896 εἶχέν
2509 5824 2779 5888 ἐξουσίαν,
2811 5839 2910 5892 pro
2965 5822 3148 5895 ἢθελε,
3169 5842 3333 5895 quam
3369 5838 3521 5880 recte
3559 5826 3662 5878 hoc
3692 5828 3799 5877 locu
3824 5834 3889 5870 te-
