4094 6392
189 375 337 434 1261
1135 375 1523 437 COMMENT.
1570 377 1653 436 IN
1696 377 2078 439 JUANNEM.
2121 405 2185 415 -
2230 381 2390 441 CAP.
2435 380 2573 441 VII.
3334 383 3470 444 12ίέ

181 487 300 556 γὰρ
318 485 601 556 ἄνθρωπος
637 486 995 540 ὑπεστέλλετο
1017 486 1134 550 νῦν,
1165 488 1226 539 ού
1251 487 1469 556 φεύγων
1502 489 1592 541 τὸν
1618 487 1784 542 θάνα-

1896 490 2218 560 evangelista
2283 509 2297 544 :
2333 506 2456 544 nam
2491 490 2630 544 sicut
2661 491 2824 544 homo
2856 507 3002 546 nunc
3057 493 3332 559 formidat,
3363 510 3470 546 non

179 593 304 644 τον,
332 579 469 631 ἀλλὰ
490 578 804 648 φειδόμενος
820 579 927 631 τῶν
950 582 1175 649 φονέων,
1203 583 1296 634 καὶ
1322 581 1402 632 ὅτι
1425 580 1580 634 οῠπω
1601 584 1788 652 καιρὸς

1896 593 2127 634 mortem
2173 581 2412 651 fugiens.
2451 581 2543 633 sed
2601 581 2888 635 liomicidis
2932 598 3186 652 parcens,
3240 594 3296 637 et
3351 585 3474 652 quia

183 664 261 739 ἦν
297 669 393 724 τοῦ
423 670 631 733 πάθους
675 669 860 725 αὑτοῦ.
905 672 1052 723 Ἔδει
1083 672 1191 740 γὰρ
1221 672 1382 724 αὐτὸν
1415 673 1543 724 ποτε
1575 673 1677 743 μὲν
1712 674 1790 736 ὡς

1896 683 2108 740 tempus
2136 687 2249 726 sua:
2281 673 2552 742 passionis
2581 674 2824 727 nondum
2850 676 3170 729 advenerat.
3198 675 3475 744 Siquidrm

181 760 326 815 Θεὸν
358 762 540 831 μένειν
572 764 895 834 άχείρωτον,
935 762 1069 815 ποτὲ
1123 763 1177 815 δὲ
1216 764 1290 826 ὡς
1326 764 1615 834 ἄνθρωπον
1647 767 1784 818 ὑποο

1896 765 2176 833 oportebat
2201 782 2326 820 eum
2349 765 2622 820 interdum
2653 769 2873 836 quidem
2897 783 3120 821 manere
3139 768 3474 838 inexpugna-

181 856 388 924 χωρεῖν
421 857 804 927 οἰκονομικῶς.

1896 853 2078 920 bilem,
2116 863 2305 924 utpote
2337 853 2532 920 Deum,
2570 856 2907 927 quandoque
2941 873 3066 912 vero
3096 868 3354 927 tanquam
3378 858 3476 911 ho-

1890 947 2098 1001 minem
2129 948 2530 1018 dispensatorie
2560 950 2774 1003 cedere.

272 1034 475 1095 'Hr—
500 1043 910 1111 Σκηνοπηγιά.
941 1041 1092 1112 Α’ύτη
1121 1042 1426 1112 ἑωρτάζετο
1451 1043 1532 1104 εἰς
1564 1045 1785 1114 μνήμην

1962 1037 2116 1093 Vers.
2140 1039 2196 1092 2.
2235 1039 2371 1094 Erat
2402 1073 2470 1082 —
2499 1039 2839 1110 Scenopegia.
2869 1041 2993 1097 Hmc
3023 1043 3476 1098 celebrabaturin

185 1133 296 1202 τῆς
358 1136 596 1204 ἡμέρας,
656 1133 782 1186 καθ’
840 1133 906 1206 ἠν
959 1135 989 1186 6
1032 1134 1271 1203 Μωῠσῆς
1338 1133 1510 1205 ἔπηξε
1568 1136 1786 1206 πρῶτον

1896 1132 2212 1186 memoriam
2258 1132 2391 1196 diei,
2429 1148 2538 1200 quo
2573 1133 2812 1202 primum
2859 1133 3036 1188 Moses
3083 1135 3330 1188 divinum
3363 1135 3476 1189 liin

187 1226 297 1292 τὴν
363 1225 909 1280 κατασκευασθεῖσαν
981 1226 1087 1280 ὑπὸ
1147 1225 1244 1279 τοῦ
1305 1226 1572 1298 Βεσελεὴλ
1632 1227 1786 1282 θείαν

1896 1224 2209 1290 tentorium,
2241 1228 2388 1294 quod
2414 1240 2443 1278 a
2477 1225 2718 1280 Beseleel
2751 1225 3077 1280 fabricatum
3105 1236 3209 1280 est.

188 1318 426 1387 σκηνήν.

271 1404 469 1462 Εἶπον
495 1440 564 1451 —-
595 1407 809 1462 αὐτοῦ.
844 1410 909 1462 Οἱ
939 1408 1036 1462 τοῦ
1080 1409 1282 1478 Ἰωσὴφ
1329 1410 1468 1476 uioi,
1509 1409 1604 1464 τοῦ
1636 1409 1785 1464 θέσει

1962 1404 2114 1461 Vers.
2167 1407 2221 1460 5.
2275 1405 2540 1461 Dixerunt
2600 1436 2670 1447 —-
2729 1406 2867 1474 ejus.
2923 1405 3047 1460 Filii
3097 1406 3325 1478 Joseph,
3388 1411 3480 1480 qui

183 1499 399 1569 πατρὸς
429 1499 620 1554 αὑτοῦ.

1896 1497 2182 1566 adoptione
2205 1508 2358 1566 pater
2383 1499 2499 1568 ejus
2526 1508 2662 1553 erat.

261 1591 560 1656 Μετάϐηθι
623 1621 692 1632 -——
749 1591 966 1658 ποιεῖς.
1028 1591 1466 1660 Προσποιοῦνται
1528 1594 1628 1663 μὲν
1694 1593 1783 1646 ἐπ’

1964 1594 2120 1648 Vers.
2147 1595 2200 1648 5.
2239 1594 2517 1648 Transi—
2544 1597 2694 1664 facis.
2744 1594 2986 1668 Fingunt
3028 1596 3250 1667 quidem
3281 1597 3483 1650 utiliter

186 1683 390 1754 ἀγαθῷ
421 1682 834 1751 συμὸουὶεύειν,
863 1683 937 1747 ὡς
955 1687 1244 1751 συγγενεῖς
1275 1684 1438 1753 δῆθεν
1469 1684 1567 1738 καὶ
1587 1685 1785 1738 οἰκειό-

1896 1687 2130 1740 suadere
2167 1695 2425 1756 tanquam
2454 1688 2676 1757 cognati
2711 1697 2767 1741 et
2797 1689 2958 1743 amici
3005 1688 3328 1751 familiares,
3365 1688 3486 1741 linis

186 1794 376 1830 τατοιο
413 1778 613 1839 σκοπὸς
644 1779 700 1831 δὲ
731 1777 1204 1849 αύτοῖςπονηρὸς,
1234 1778 1298 1830 ὲκ
1324 1778 1522 1847 φθόνου
1547 1779 1781 1848 τεχθείς.

1896 1792 2023 1832 vero
2063 1794 2254 1832 eorum
2308 1794 2513 1847 pravus
2561 1789 2698 1846 erat,
2735 1781 2804 1834 ab
2858 1780 3063 1834 invidia
3122 1781 3426 1849 procedens
3473 1799 3486 1832 :

187 1871 535 1940 Ιιειρώμενοι
571 1873 678 1940 γὰρ
709 1839 1044 1941 μεταγαγεῖν
1063 1839 1257 1923 τοῦτον
1289 1839 1366 1933 είς
1393 1870 1492 1939 τὴν
1513 1839 1782 1922 Ἰούδαίαν

1896 1867 2232 1922 conabantur
2283 1869 2551 1938 siquidem
2599 1869 2750 1924 illum
2790 1871 2845 1924 in
2903 1869 3148 1924 Juda’ani
3211 1871 3486 1940 pellicere,

185 1960 281 2013 ῖνα
334 1962 593 2032 ἀναιρεθῇ
635 1963 786 2029 παρὰ
821 1961 930 2014 τῶν
962 1960 1274 2032 ζητούντων
1322 1961 1644 2012 ἀποκτεῖναι
1680 1961 1781 2012 αύ-

1896 1968 1952 2012 ut
1983 1959 2051 2012 ab
2081 1959 2186 2012 illis
2215 1960 2582 2023 occideretur,
2615 1961 2706 2029 qui
2755 1976 2880 2015 eum
2930 1962 3252 2030 quaerebant
3280 1961 3487 2016 interfi-

182 2051 308 2115 τὸν,
341 2052 734 2123 προὸάλλονται
766 2052 826 2104 τὸ
849 2052 963 2104 δεῖν
995 2051 1092 2106 καὶ
1123 2052 1250 2114 τοὺς
1277 2052 1458 2103 ἐκεῖσε
1489 2051 1652 2113 ὄντας
1679 2067 1787 2120 μα-

1896 2064 2038 2104 rere.
2069 2051 2304 2106 Causam
2346 2063 2532 2106 autem
2568 2053 2966 2122 pretexebant,
3011 2054 3157 2124 quod
3209 2064 3488 2123 oporteret

184 2144 364 2212 θητὰς
411 2144 598 2208 αὑτοῦ,
655 2147 775 2216 ἢτοι
815 2146 944 2207 τοὺς
997 2143 1208 2214 δχλους,
1253 2145 1381 2206 τοὺς
1440 2145 1499 2196 ὲν
1551 2132 1786 2213 Ἰοῖιδαίᾳ

1896 2142 2191 2214 discipulos
2229 2159 2447 2213 quoque
2477 2143 2620 2213 ejus,
2655 2145 2746 2214 qui
2780 2143 2852 2199 ibi
2898 2157 3080 2209 erant,
3111 2147 3225 2201 sive
3282 2146 3487 2209 turbas,

189 2234 624 2303 παρεπομένους
665 2233 840 2304 αὐτῷ,
876 2233 1104 2303 θεωρεῖν
1163 2233 1234 2286 τὰ
1283 2235 1490 2302 σημεῖα
1536 2231 1573 2286 ἃ.
1621 2234 1781 2286 ποιεῖ.

1896 2252 2018 2306 qua:
2076 2238 2226 2290 illum
2283 2238 2336 2290 in
2380 2235 2568 2290 Judaia
2619 2237 3015 2308 sequebantur,
3056 2239 3259 2292 intueri
3314 2238 3490 2307 signa,

1893 2346 2015 2400 qua!
2045 2330 2161 2400 ipse
2199 2330 2407 2384 ederet.

261 2419 474 2485 Οὐδεὶς
503 2448 574 2460 -
605 2415 780 2474 εἶναι.
816 2418 974 2472 Κατὰ
1007 2419 1106 2489 μὲν
1134 2419 1195 2472 τὸ
1220 2419 1529 2490 προχείρως
1557 2419 1677 2472 νοού
1687 2436 1786 2490 με-

1966 2419 2121 2475 Vera.
2173 2421 2226 2473 4.
2283 2419 2454 2472 Nemo
2504 2449 2573 2457 —
2611 2434 2739 2473 esse.
2779 2417 2942 2472 Juxta
2995 2417 3296 2473 faciliorem
3331 2419 3491 2472 intel-

190 2529 288 2566 νον
311 2510 532 2564 δοκοῦσι
567 2509 933 2583 παρακνίζειν
965 2511 1130 2565 αὑτὸν
1157 2511 1244 2564 ῖνα
1278 2512 1493 2582 μεταϐῇ
1517 2527 1528 2540 ’
1558 2512 1702 2565 κατὰ
1731 2511 1788 2563 δὲ

1896 2512 2094 2566 lectum
2125 2519 2182 2563 et
2210 2510 2302 2580 qui
2327 2510 2379 2563 in
2423 2521 2677 2580 promptu
2713 2518 2821 2574 est,
2853 2510 3111 2564 videntur
3155 2510 3308 2581 illum
3355 2513 3492 2565 inei-

193 2602 260 2655 τὸ
314 2601 610 2672 βαθύτερον
661 2599 1144 2665 ἀποσκώπτουσιν,
1172 2601 1248 2664 ὡς
1297 2599 1470 2654 δειλὸν
1528 2601 1646 2672 ἅμα
1694 2601 1792 2654 καὶ

1896 2613 2012 2657 tare
2043 2611 2102 2656 ut
2156 2601 2603 2670 transeat;juxta
2649 2600 3064 2670 profundiorem
3121 2615 3272 2663 vero,
3314 2617 3490 2656 εοοιιι»

190 2693 496 2763 φιλόδοξον.
535 2693 609 2745 Τὸ
639 2693 740 2763 μὲν
771 2695 880 2764 γὰρ
909 2697 968 2747 ὲν
1002 2694 1236 2764 κρυπτῷ
1288 2711 1343 2747 τι
1374 2696 1550 2748 ποιεῖν
1579 2694 1789 2758 δειλοῦ,

1898 2705 2044 2748 mata
2077 2694 2131 2747 in
2166 2709 2292 2748 eum
2318 2693 2625 2760 jaciebant,
2660 2702 2918 2761 tanquam
2958 2692 3011 2745 in
3047 2693 3305 2748 timidum
3332 2697 3493 2750 simul

191 2788 258 2840 τδ
293 2788 347 2839 δὲ
381 2789 562 2856 ζητεῖν
589 2789 647 2840 ὲν
671 2788 955 2859 παρρησίᾳ
996 2781 1160 2852 εἶναι,
1202 2785 1324 2856 ἦτοι
1355 2786 1616 2856 φανερὸν,
1658 2784 1789 2837 ἀπό-

1898 2797 1956 2842 et
2004 2787 2189 2857 gloria:
2238 2785 2523 2856 cupidum.
2576 2785 2859 2854 Siquidem
2899 2785 2955 2838 in
2997 2786 3214 2841 occulto
3272 2787 3492 2856 quidem

198 2880 462 2945 ϐλεπτον,
493 2879 792 2948 φιλοδόξου.

1896 2878 2179 2948 quidpiam
2216 2877 2416 2943 facere,
2444 2876 2620 2930 timidi
2646 2875 2737 2931 est
2775 2895 2786 2929 :
2832 2892 3076 2946 quaerere
3104 2886 3287 2931 autem
3315 2877 3490 2947 palam

1896 2969 2184 3033 esse,;sive
2209 2968 2558 3022 manifestum
2572 2978 2623 3021 et
2644 2967 2958 3038 gloriosum,
2977 2968 3162 3037 gloria:
3182 2968 3365 3037 cupidi
3389 2979 3495 3022 εει.

272 3067 342 3118 Et
376 3094 444 3104 --
477 3065 703 3132 κόσμῳ.
741 3065 802 3116 El
830 3063 1005 3116 ταῦτα
1038 3063 1105 3115 τὰ
1141 3065 1344 3132 σημεῖα
1372 3063 1570 3124 ποιεῖς,
1603 3061 1699 3112 καὶ
1727 3060 1790 3112 ού

1971 3060 2126 3116 Vers.
2179 3059 2235 3114 4.
2278 3058 2359 3113 8ἱ³
2391 3089 2459 3098 -—
2500 3059 2717 3112 mundo.
2775 3055 2829 3111 Si
2878 3059 2996 3113 haec
3042 3059 3196 3129 signa
3256 3073 3383 3112 vere
3442 3067 3494 3112 et

203 3154 548 3224 φαντάζεις,
603 3156 925 3225 φανέρωσον
985 3154 1215 3208 σεαυτὸν
1273 3157 1438 3206 πᾶσιν
1492 3152 1794 3214 Ἰουδαίοις.

1901 3168 2010 3206 non
2059 3161 2388 3223 apparenter
2415 3151 2572 3216 facis,
2617 3149 2912 3205 manifesta
2943 3150 3180 3220 teipsnm
3229 3151 3493 3205 omnibus

208 3248 569 3302 ’Υπώπτευον
598 3248 706 3318 γάρ
739 3248 835 3300 καὶ
866 3246 979 3317 (8|)
1007 3247 1074 3299 τὰ
1107 3247 1311 3315 σημεῖα
1342 3244 1418 3308 ὡς
1455 3243 1790 3312 φαντασίαν.

1896 3244 2120 3300 Judzeis.
2157 3243 2590 3314 Suspicabantur
2625 3257 2862 3312 namque
2894 3243 3048 3314 signa
3109 3243 3228 3297 haec
3268 3243 3498 3314 phanta-

1897 3338 2038 3393 stice
2069 3338 2211 3392 fieri.

271 3436 442 3505 Δῆλον
474 3430 567 3489 οὖν
609 3433 862 3488 ἐντεῦθεν
906 3436 988 3487 δτι
1031 3435 1236 3504 σημεῖα
1279 3429 1503 3500 ἐποίησε
1539 3431 1720 3497 κάκεῖ,
1759 3429 1796 3484 ἃ.

1975 3430 2118 3486 Hinc
2153 3445 2284 3502 ergo
2319 3428 2672 3485 manifestum
2702 3438 2804 3492 est,
2839 3427 2982 3498 quod
3019 3427 3185 3482 etiam
3220 3427 3294 3482 ibi
3329 3429 3498 3483 mira-

197 3529 385 3582 πάντα
440 3527 796 3597 παρέδραμεν
850 3526 877 3577 6
947 3526 1224 3592 Ἰωάννης.
1285 3524 1477 3593 ὥσπερ
1523 3525 1616 3578 καὶ
1661 3523 1797 3577 ἄλλα

1899 3523 2022 3576 cuia
2071 3523 2323 3586 ediderit,
2381 3522 2517 3592 quae'
2572 3519 2755 3575 omnia
2805 3521 3186 3590 praetercurxit
3230 3519 3495 3590 Joannes,

196 3617 375 3669 πολλὰ
402 3658 415 3678 ,
454 3617 701 3670 σπεύδων
737 3615 941 3685 μᾶλλον
980 3615 1073 3667 ἐπὶ
1107 3615 1178 3666 τὰ
1218 3615 1455 3684 φέροντα
1491 3613 1650 3682 ξένην
1678 3613 1800 3665 τινὰ

1901 3614 2363 3684 quemadmodum
2397 3614 2500 3667 alia
2563 3614 2756 3677 multa,
2794 3611 3058 3668 festinans
3090 3615 3260 3684 magis
3299 3614 3392 3669 'ad
3428 3629 3494 3668 ea

195 3711 478 3779 διήγησιν,
512 3710 605 3762 καὶ
647 3703 724 3762 ὧν
756 3709 804 3760 οἱ
848 3707 999 3761 άλλοι
1025 3707 1127 3760 οὐκ
1172 3705 1620 3776 ἐπεμνήσθησαν.
1662 3701 1799 3758 Εἶτα

1906 3721 2030 3775 quae
2083 3722 2286 3761 novam
2327 3705 2566 3776 aliquam
2614 3707 2919 3760 atferebant
2987 3707 3387 3770 narrationem,
3431 3714 3503 3762 ‘et

196 3803 356 3871 λέγει
388 3802 484 3856 καὶ
513 3802 572 3854 τὸ
603 3801 779 3854 αῖτιον
804 3801 904 3870 τῆς
928 3800 1187 3869 τοιαύτης
1220 3799 1480 3869 ὑποψίας.

1905 3815 2140 3870 quorum
2191 3800 2283 3853 alii
2331 3800 2538 3853 nullam
2588 3799 2838 3853 fecerant
2885 3800 3241 3854 mentionem.
3292 3798 3503 3854 Deinde

1906 3907 2128 3947 causam
2159 3894 2325 3946 etiam
2351 3891 2484 3946 dicit
2517 3891 2638 3944 talis
2671 3891 3024 3960 suspicionis.

287 3989 442 4044 Οὐδὲ
471 4018 540 4028 -
570 3991 781 4043 αὐτόν.
818 3987 943 4042 Οὐδ’
984 3985 1142 4040 αὐτοὶ
1171 3986 1461 4040 ἐπίστευον
1499 3988 1579 4048 είς
1611 3984 1798 4050 αὐτὸν,

1983 3983 2139 4039 Vers.
2175 3984 2227 4038 5.
2257 3982 2438 4054 Neque
2463 4013 2537 4022 —
2566 4000 2708 4037 eum.
2750 3982 2936 4052 Neque
2965 3983 3073 4052 ipsi
3118 3983 3418 4038 credebant
3446 3983 3504 4039 in

199 4081 282 4135 ὼε
314 4083 393 4143 εἰς
428 4079 585 4131 Θεόν.
619 4077 766 4131 Ἀλλ’
794 4079 943 4147 ὅμως
973 4079 1022 4130 oi
1053 4077 1148 4130 νῦν
1183 4077 1416 4130 τοιοῦτοι
1461 4076 1689 4146 μεγάλοι
1722 4093 1808 4143 γει

1911 4091 2061 4141 eum,
2094 4085 2352 4146 tanquam
2387 4077 2442 4129 in
2477 4076 2668 4129 Deum.
2704 4079 2957 4129 Attamen
2991 4075 3044 4128 hi
3077 4076 3167 4145 qui
3207 4086 3337 4130 tunc
3366 4077 3506 4132 tales

204 4172 438 4239 γόνασιν
465 4171 715 4238 ὕστερον,
740 4170 1025 4224 καὶπολλὰ
1049 4171 1203 4240 παρὰ
1229 4169 1442 4222 πολλῶν
1467 4168 1610 4239 ὑπὲρ
1641 4168 1807 4222 αὑτοῦ

1912 4178 2093 4231 erant,
2141 4169 2320 4238 magni
2354 4168 2706 4238 postmodum
2749 4165 2928 4219 effecti
2963 4175 3110 4229 sunt,
3162 4167 3444 4234 multaque
3473 4181 3504 4220 a

203 4267 566 4328 πεπόνθασιν,
603 4263 856 4328 Ἰάκωϐος
882 4263 976 4317 καὶ
1019 4261 1241 4324 Ἰούδας.
1274 4263 1339 4314 τί
1369 4257 1463 4316 οὖν
1491 4265 1518 4315 6
1546 4263 1646 4326 τάς
1672 4280 1811 4332 καρο

1916 4258 2101 4314 multis
2123 4275 2219 4326 pro
2240 4259 2332 4311 illo
2349 4257 2492 4327 passi
2517 4263 2670 4321 sunt,
2695 4255 2934 4309 Jacobus
2959 4256 3213 4310 videlicet
3237 4266 3290 4309 et
3312 4254 3503 4310 Judas.

200 4358 325 4421 δίας
352 4357 532 4410 αὐτῶν
563 4356 752 4421 εἰδώς;
782 4356 900 4408 ιιύκ
925 4354 1155 4426 ἤλεγξεν
1191 4355 1390 4416 αὐτοὺς
1414 4355 1688 4426 πονηροὺς
1715 4355 1812 4407 καὶ

1916 4348 2061 4414 Quid
2087 4362 2220 4416 ergo
2258 4347 2327 4408 is,
2359 4345 2452 4415 qui
2485 4360 2676 4398 eorum
2715 4345 2880 4399 corda
2931 4349 3198 4398 noverat?
3245 4347 3366 4400 Non
3419 4361 3505 4399 re-

204 4449 558 4512 ὲπιὸούλους,
594 4448 732 4502 ἀλλὰ
757 4449 1131 4518 μακροθύμως
1155 4446 1518 4517 ἀποκρίνεται
1548 4434 1684 4516 πρδς
1717 4447 1810 4498 τὸν

1919 4439 2214 4510 prehendit
2242 4437 2382 4501 illos,
2424 4444 2678 4504 tanquam
2720 4434 2892 4488 malos
2911 4444 2966 4487 et
2998 4434 3372 4497 insidiatores,
3405 4436 3503 4488 sed

204 4542 413 4597 σκοπὸν
449 4541 648 4596 αὐτῶν.

1915 4531 2190 4598 patienter
2221 4526 2516 4597 respondet
2551 4525 2616 4579 ad
2658 4526 3016 4578 intentionem
3055 4526 3320 4594 ipsorum.

277 4633 454 4702 Λέγει
509 4662 579 4672 —-
623 4629 936 4699 πάρεστιν.
1000 4631 1059 4682 ὐ
1106 4629 1296 4699 καιρὸς
1341 4631 1369 4682 6
1417 4630 1571 4700 ἐμὸς,
1616 4631 1644 4683 6
1699 4629 1792 4684 τοῦ

1966 4624 2122 4679 Vers.
2150 4622 2203 4676 6.
2229 4621 2314 4674 Ait
2337 4649 2402 4660 --
2433 4625 2601 4671 adest.
2657 4618 2917 4685 Tempus,
2972 4633 3081 4686 quo
3135 4618 3411 4686 convenit,
3447 4627 3506 4673 ut

205 4726 463 4780 ἀπελθεῖν
509 4742 575 4794 με
613 4725 692 4786 είς
733 4725 830 4793 τὴν
877 4722 1138 4776 Ἰουδαίαν
1161 4721 1686 4793 άναιρεθησόμενον,
1719 4721 1795 4785 ὼς

1896 4732 1996 4788 ego
2020 4717 2073 4770 in
2099 4715 2339 4770 Iudaeam
2371 4713 2562 4765 vadam
2585 4709 2940 4773 occidendus,
2977 4709 3041 4764 ad
3065 4711 3326 4780 quod,vos
3356 4713 3508 4766 labo-

208 4816 575 4880 σπουδάζετε,
608 4815 766 4869 οὔπω
799 4816 1032 4886 πάρεστι
1054 4834 1070 4849 ο
1111 4815 1162 4868 τί
1195 4831 1262 4884 με
1297 4814 1661 4881 κατεπείγετε
1691 4813 1796 4884 πρὸ

1900 4813 2059 4875 ratis,
2112 4809 2356 4864 nondum
2381 4806 2569 4860 adest:
2617 4804 2745 4874 quid
2783 4820 2869 4859 me
2902 4809 3106 4876 urgetis
3156 4815 3282 4859 ante
3315 4807 3508 4876 hujus-

206 4907 302 4960 τοῦ
329 4906 568 4958 τοιούτου
595 4906 789 4976 καιροῦ
817 4924 832 4973 ;

1901 4904 2048 4960 modi
2077 4901 2338 4970 tempus?

295 4999 362 5050 Ὀ
395 4996 464 5050 δὲ
503 4998 709 5066 καιρὸς
753 5027 826 5038 —
855 4995 1113 5065 ἕτοιμος.
1160 5000 1219 5051 ὐ
1251 4997 1437 5067 καιρὸς
1468 4997 1496 5049 6
1535 4995 1801 5066 ὑμέτερος

1985 4997 2140 5052 Vers.
2173 4996 2225 5048 6.
2256 4993 2476 5064 Tempus
2499 4999 2675 5044 autem
2695 5019 2768 5032 ——
2791 4999 3065 5060 paratum.
3112 4988 3354 5059 Tempus
3380 5005 3490 5059 quo

212 5093 242 5143 6
276 5091 370 5144 τοῦ
400 5092 652 5146 ἀπελθεῖν
679 5093 824 5162 ὑμᾶς
851 5093 932 5154 είς
959 5093 1060 5162 τὴν
1094 5092 1359 5143 Ἰουδαίαν
1386 5089 1618 5144 πάντοτέ
1654 5090 1804 5140 ἐστιν

1914 5106 2013 5146 vos
2049 5091 2100 5142 in
2148 5087 2386 5141 Jud:cain
2454 5087 2683 5149 abeatis,
2756 5099 2973 5152 semper
3026 5084 3078 5136 in
3120 5093 3372 5153 promptu
3403 5093 3506 5146 est,

212 5184 470 5255 εὐχερής.
517 5183 673 5255 Ἐμοὶ
713 5183 813 5254 μὶν
858 5184 965 5255 γὰρ
1027 5183 1307 5254 ἐμποδίζει
1357 5182 1420 5234 τὸ
1449 5184 1617 5250 μήπω
1651 5197 1798 5251 παρ-

1917 5184 2049 5240 mihi
2079 5181 2467 5250 impedimento
2495 5187 2572 5231 est
2602 5187 2840 5245 tempus,
2865 5175 3012 5244 quod
3047 5176 3284 5227 nondum
3311 5174 3464 5227 adest
3493 5192 3506 5226 :

215 5279 358 5330 εῖναι
407 5277 574 5330 αὐτόν
620 5293 636 5310 ο
714 5277 846 5348 ὑμῖν
893 5276 951 5330 δὲ
1003 5275 1185 5342 οὐδὲν,
1245 5273 1653 5346 συμφρονοῦσιν
1707 5274 1810 5344 ἤδη

1921 5275 2076 5329 vobis
2118 5282 2298 5326 autem
2331 5270 2468 5322 nihil
2499 5278 2583 5322 est
2635 5266 3049 5337 impedimento,
3093 5282 3214 5319 cum
3258 5267 3367 5334 jam
3403 5279 3510 5318 una

215 5371 330 5433 τοῖς
373 5367 650 5422 Ἰουδαίοις

1918 5383 1963 5420 οι
1989 5383 2039 5418 ιιι
2075 5363 2277 5419 Judzeis
2311 5361 2580 5414 sentiatis.

1435 5543 1636 5603 Variis
1676 5541 1987 5604 lectiones
2028 5549 2085 5599 ct
2119 5550 2309 5601 noun.

221 5721 472 5790 pndiavit
499 5719 964 5790 Tlieopliylactus.
998 5714 1522 5790 Flumenorationis
1559 5714 1648 5768 liic
1667 5714 1815 5790 altri:

1931 5708 2272 5778 explicandis
2296 5706 2459 5790 illis,“
2479 5707 2578 5760 οὐκ
2603 5701 3042 5776 εἶχενὲξουσίαν.

223 5777 347 5861 iniit
377 5777 858 5861 Clirysnstonmm,
904 5791 1197 5859 deceptum
1228 5786 1611 5861 lor_t.isse__loco
1650 5784 1816 5861 simili
2004 5777 2115 5850 (8t)
2145 5781 2250 5831 Καὶ
2283 5783 2389 5846 γάρ
2423 5777 2482 5829 Β.

227 5855 400 5920 Mare.
438 5855 509 5924 ιιζ
546 5855 849 5924 Ξὶ.Ιι;ιιάἰοι’
912 5855 1060 5915 ρετιιὲ
1103 5866 1222 5913 erat
1286 5855 1501 5910 dicendi
1563 5856 1815 5919 materia,
