4110 6386
639 350 774 414 1267

651 569 751 604 om
785 553 1084 611 honorem:
1124 573 1244 611 nam
1273 557 1472 626 ubique
1513 557 1731 611 Patrem
1762 573 1824 610 ac
1865 556 2031 609 Deum
2067 574 2210 626 pne-

630 646 892 709 ionehai,
926 657 977 700 et
1008 648 1071 700 ad
1099 649 1244 700 illum
1270 649 1449 702 omnia
1475 648 1765 713 referebat,
1812 648 1974 701 etiam
2002 651 2214 718 propria

628 752 790 802 opera
818 755 831 790 :
865 740 950 804 qni
981 753 1109 804 ergo
1134 738 1358 810 gloriam
1397 757 1550 796 suam
1579 757 1685 795 non
1715 740 2014 810 quaerebat,
2051 758 2216 811 quam

628 827 699 876 ιιι)
727 843 944 880 causam
979 829 1154 882 aliena
1191 831 1452 885 docturus
1481 831 1640 886 erat?
1679 831 1769 899 qui
1808 841 1995 886 autem
2038 834 2216 888 aliena

631 931 737 968 non
785 918 964 978 docet.
996 921 1088 974 sed
1137 938 1258 991 quae
1301 922 1450 975 illius
1491 930 1640 984 sunt,
1678 923 1772 991 qui
1823 923 1970 977 misit
2007 923 2210 993 ipsum,

637 1009 863 1060 omnino
895 1026 1056 1064 verax
1078 1022 1185 1067 est.

679 1101 743 1153 Et
764 1101 1174 1171 videqnomodo
1195 1121 1383 1159 Olll'lcS
1414 1105 1480 1160 ad
1515 1105 1826 1181 [idemque
1859 1107 1913 1160 in
1940 1122 1998 1161 se
2027 1117 2216 1162 est.at-

629 1192 892 1257 trahebat,
914 1211 974 1249 ac
998 1195 1210 1250 dicebat
1235 1213 1248 1248 :
1281 1195 1384 1260 Qui
1409 1214 1510 1250 non
1536 1198 1757 1251 honorat
1774 1197 1973 1253 Filium
1994 1217 2094 1253 non
2119 1201 2216 1254 ho-

627 1293 778 1333 norat
807 1282 1154 1350 Palrem,qui
1194 1288 1334 1339 misit
1387 1287 1538 1340 illum
1563 1289 1640 1351 ";
1680 1289 1948 1357 siquidem
2000 1305 2064 1344 ex
2108 1291 2212 1344 hoc

628 1376 909 1443 propriam
955 1378 1177 1445 gloriam
1213 1395 1458 1448 quzrrere
1501 1374 1807 1434 videbatur.
1843 1380 1958 1433 Non
2006 1390 2209 1444 tamen,

625 1466 785 1532 quasi
817 1466 1048 1535 propriae
1073 1475 1282 1521 amator
1307 1469 1515 1537 glorise,
1546 1469 1662 1522 hinc
1689 1468 1906 1523 dicebat
1929 1479 2022 1523 aut
2054 1469 2217 1524 facie-

624 1553 739 1615 bat,
802 1556 896 1608 sed
949 1557 1104 1626 quasi
1169 1557 1448 1610 hominum
1486 1559 1715 1628 cupiens
1762 1559 2023 1612 salutem:
2085 1575 2214 1614 nam

627 1645 764 1698 hanc
800 1662 894 1715 per
929 1647 1112 1709 ﬁdem.
1141 1663 1260 1716 quze
1289 1649 1344 1702 in
1381 1650 1554 1718 ipsum
1583 1659 2028 1718 erat.procurare
2056 1666 2219 1719 epor-

623 1739 790 1791 tehat.
828 1738 1241 1807 Patermamque
1269 1739 1405 1793 dixit
1443 1759 1456 1793 :
1490 1739 1589 1793 llic
1609 1749 1682 1794 est
1714 1739 1886 1794 Filius
1918 1759 2060 1796 meus
2083 1743 2216 1795 dile-

623 1839 758 1887 ctus.
793 1830 845 1880 in
876 1846 978 1898 quo
1011 1831 1137 1882 mihi
1187 1829 1554 1898 complacitum
1592 1841 1690 1894 est,
1746 1831 1916 1898 ipsum
1963 1833 2212 1898 audite”,

624 1917 835 1986 aliaque
862 1920 1028 1972 multa
1059 1919 1369 1989 huiusmodi
1405 1934 1504 1990 per
1540 1921 1856 1990 prOphetas.

708 2003 848 2060 δἐι-ε.
884 2005 968 2058 18.
999 2005 1168 2060 Est—
1197 2017 1290 2061 est.
1327 2008 1517 2077 Neque
1534 2011 1677 2062 enim
1712 2010 1950 2076 iniustus
1979 2020 2085 2074 est,
2122 2007 2214 2079 qui

624 2093 741 2160 ejus
777 2098 969 2161 quzerit
1013 2096 1264 2165 gloriam,
1318 2098 1409 2165 qui
1461 2098 1611 2151 misit
1640 2099 1812 2152 illum.
1852 2100 2084 2165 Quidam
2115 2117 2213 2155 au-

623 2198 730 2237 tem
763 2186 1084 2253 injustitiam
1135 2188 1237 2242 hoe
1281 2189 1336 2241 in
1379 2190 1497 2244 loco
1532 2190 1881 2245 mendacium
1930 2193 2214 2248 intellexe-

626 2285 771 2328 runt.
835 2275 1088 2332 Plurimae
1142 2278 1325 2346 itaque
1371 2289 1532 2333 erant
1583 2296 1782 2344 causa,
1818 2298 1916 2336 cur
1985 2285 2211 2338 humilia

624 2367 878 2421 Christus
910 2368 1244 2436 loqueretur:
1286 2381 1397 2424 tum
1434 2387 1500 2423 ne
1532 2370 1806 2441 ingenitus
1839 2388 1959 2426 esse
1995 2383 2212 2442 putare-

628 2468 733 2522 tur,
775 2469 868 2514 aut
904 2459 1012 2514 Deo
1040 2462 1346 2516 contrarius
1377 2463 1694 2517 crederetur
1722 2481 1736 2529 ;
1773 2465 1838 2519 ad
1872 2465 2008 2529 hinc,
2076 2482 2205 2536 pro-

625 2557 748 2618 pter
781 2552 1092 2606 auditorum
1116 2554 1577 2620 imbecillitatem;
1611 2565 1894 2624 praeterea,
1933 2567 1990 2610 ut
2030 2559 2210 2613 homi-

625 2652 722 2690 nes
749 2640 967 2694 doceret
1000 2642 1272 2698 nnodestos
1293 2659 1436 2709 esse,
1483 2654 1538 2698 et
1563 2645 1701 2699 nihil
1726 2646 1794 2701 de
1827 2663 1885 2702 se
1909 2648 2040 2717 ipsis
2062 2665 2210 2720 mag-

624 2728 846 2782 nificum
879 2731 1094 2798 dicere;
1134 2733 1378 2798 demum,
1420 2745 1478 2790 ut
1512 2745 1769 2806 tanquam
1819 2739 1984 2793 homo
2015 2741 2207 2810 loque-

625 2829 796 2887 retur,
829 2837 892 2876 ac
923 2832 1144 2893 prOpter
1175 2826 1277 2880 alia
1303 2827 1641 2898 huiusmodi.
1674 2827 1842 2883 Unica
1865 2839 2049 2884 autem
2073 2848 2206 2886 cau-

623 2925 681 2963 sa
714 2920 830 2964 erat
862 2926 960 2966 cur
989 2914 1240 2969 sublimia
1279 2917 1618 2986 loqueretur,
1650 2918 1920 2975 celsitudo
1950 2921 2209 2976 videlicet

625 3001 948 3060 divinitatis.

695 3092 834 3156 Quia
882 3110 1013 3150 vero
1052 3096 1108 3150 hi
1146 3096 1324 3153 Judwi
1363 3098 1472 3154 duo
1525 3101 1755 3156 crimina
1802 3103 1903 3173 ipsi
1938 3105 2205 3177 impinge—
2231 3119 2276 3182 ο

625 3183 776 3245 bant,
819 3193 947 3252 puta
983 3185 1115 3258 legis
1139 3190 1645 3260 transgressionem.
1675 3202 1730 3248 et
1756 3196 1902 3263 quod
1934 3194 2045 3250 Deo
2069 3207 2212 3252 esset

626 3277 932 3330 contrarius
954 3316 969 3342 ,
997 3279 1138 3347 quod
1186 3278 1482 3336 Sabbatum
1513 3283 1773 3352 solveret,
1795 3301 1858 3341 ac
1877 3286 2092 3342 Patrem
2118 3303 2208 3344 su-

630 3382 719 3418 um
753 3367 961 3422 diceret
992 3384 1112 3424 esse
1145 3370 1340 3435 Deum,
1376 3375 1639 3443 aequalem
1690 3392 1814 3432 sese
1847 3377 2054 3433 faciens
2079 3379 2208 3445 Deo,

628 3458 790 3513 veluti
823 3459 1051 3530 septimo
1080 3464 1258 3532 capite
1287 3467 1605 3534 praedictum
1639 3478 1720 3522 est
1742 3469 1821 3523 ’δε
1855 3470 1922 3525 de
1960 3487 2068 3528 uno
2093 3474 2212 3541 qui.

628 3551 750 3603 dem
782 3551 854 3606 ibi
888 3554 1168 3624 respondit
1193 3556 1294 3621 eis,
1323 3566 1566 3621 ostenso,
1591 3560 1734 3628 quod
1765 3561 1874 3615 Deo
1901 3565 2212 3620 contrarius

631 3659 734 3696 non
775 3654 939 3700 esset:
984 3648 1049 3701 de
1085 3649 1260 3703 altero
1295 3659 1479 3704 autem
1525 3668 1670 3707 nunc
1702 3656 2014 3723 respondet,
2041 3667 2095 3712 et
2119 3672 2211 3713 os-

630 3735 819 3801 tendit,
852 3737 972 3792 illos
1007 3739 1188 3808 potius
1221 3755 1342 3796 esse
1377 3741 1509 3812 legis
1545 3753 1994 3815 transgressores.

701 3826 856 3883 Vers.
898 3829 986 3882 19.
1019 3829 1209 3885 Nonne
1241 3863 1305 3874 —
1339 3834 1502 3903 legem
1533 3837 1556 3889 1’
1587 3834 1782 3903 Legem
1831 3838 2213 3897 universaliter

627 3917 882 3986 appellat,
919 3917 1106 3990 legalia
1138 3931 1427 3991 praecepta,
1471 3940 1591 3993 qum
1620 3925 1771 3980 dedit
1805 3927 2000 3992 Moses,
2034 3945 2154 3984 cum
2180 3947 2211 3986 a

628 4009 739 4062 Deo
765 4010 878 4079 ipsa
899 4011 1202 4078 detulisset,
1227 4024 1279 4068 et
1305 4030 1366 4068 ea
1390 4015 1500 4069 illis
1524 4017 1853 4086 scripsisset.
1913 4019 2213 4094 Interrogat

628 4116 759 4168 ergo
787 4118 800 4154 :
834 4102 1019 4156 Nonne
1049 4104 1210 4158 Moses
1243 4106 1385 4159 dedit
1416 4108 1559 4162 vobis
1592 4110 1942 4180 legem,quem
1974 4114 2213 4170 honora-

629 4193 718 4258 tis,
748 4204 800 4246 et
831 4209 927 4262 pro
957 4210 1062 4262 quo
1093 4197 1442 4268 helligeratis,
1470 4199 1557 4254 cui
1590 4199 1803 4256 locutus
1837 4212 1921 4257 est
1948 4203 2089 4260 Deus
2115 4207 2137 4258 ?

696 4371 850 4427 V'ers.
871 4375 955 4430 19.
989 4375 1057 4428 Et
1098 4407 1149 4416 —
1178 4378 1364 4448 legem.
1395 4410 1463 4419 —
1495 4380 1666 4442 Facit,
1692 4381 1826 4445 sive,
1859 4384 2070 4437 Servat.
2104 4383 2210 4440 De-

1867 353 2248 414 EUTHYMII
2288 354 2647 418 ZIGABENI

704 463 859 518 \‘ers.
903 463 988 519 18.
1022 463 1122 530 Qui
1168 497 1234 507 —
1265 476 1360 522 est.
1411 464 1650 522 Gloriam
1706 466 1956 536 intelligit
2009 466 2112 522 hoc
2158 468 2212 521 in
2245 472 2288 527 Α

3775 367 3914 431 1968

2405 471 2468 523 Ὀ
2525 504 2592 514 -
2639 475 2826 529 ἐστιν.
2880 477 3052 544 Δόξαν
3105 480 3342 536 ἐνταῦθα
3397 483 3492 554 rip
3529 485 3706 553 τιμήν
3753 503 3908 554 φησι.

2322 566 2606 634 Πανταχςῦ
2643 567 2752 638 γὰρ
2783 567 2873 621 τὸν
2915 571 3134 642 [Ιατέρα
3166 575 3262 626 καὶ
3293 576 3427 627 Θεὸν
3464 577 3774 644 προετίθει,
3817 587 3910 629 και

2320 655 2468 723 αὐτῷ
2501 655 2678 709 πάντα
2714 658 2977 724 ἀνετίθει,
3011 663 3108 715 καὶ
3156 666 3223 716 τά
3261 665 3458 719 ἑαυτοῦ
3479 667 3909 737 κατορθώματα.

2319 747 2407 814 Μὴ
2444 747 2624 815 ζητῶν
2690 746 2783 803 οὖν
2820 751 2982 815 δόξαν
3033 753 3191 816 ἰδίαν,
3236 757 3380 819 τίνος
3435 759 3626 812 ἕνεκεν
3682 759 3910 827 ἔμελλεν

2319 838 2480 906 ἔτερα
2505 839 2823 907 διδάσκεινς
2870 843 2962 913 Μὴ
3003 844 3272 898 διδάσκων
3311 848 3366 898 δὲ
3415 848 3605 918 ἔτερα,
3651 849 3795 902 ἀλλά
3843 849 3909 901 τά

2318 929 2412 982 τοῦ
2452 929 2771 999 πέμψαντος
2801 933 2986 998 αὐτὸν,
3019 934 3229 1006 ἀληθής
3259 937 3375 989 ἐστι
3407 939 3648 1002 πάντως.

2390 1101 2497 1153 Καὶ
2533 1103 2650 1163 πῶς
2683 1102 2794 1172 (95)
2824 1102 3033 1164 πάντας
3061 1096 3214 1156 εἷλκε
3273 1103 3409 1172 πρὸς
3449 1104 3548 1174 τὴν
3592 1105 3674 1167 εις
3717 1105 3912 1158 ἑαυτὸν

2318 1193 2526 1256 πίστιν,
2561 1195 2653 1246 καὶ
2687 1194 2895 1262 ἔλεγεν,
2938 1193 3000 1248 Ὀ
3014 1195 3102 1263 μὴ
3158 1192 3340 1262 τιμῶν
3368 1194 3473 1248 τὸν
3509 1195 3648 1248 Υὶὸν
3675 1197 3750 1249 οὐ
3779 1192 3913 1263 τιμᾷ

2318 1283 2424 1335 τὸν
2454 1282 2685 1350 Πατέρα
2741 1284 2848 1337 τὸν
2883 1282 3205 1365 adad-arta
3241 1284 3465 1348 abtdr;
3501 1284 3653 1336 δοκεῖ
3685 1283 3798 1352 γὰρ
3821 1284 3907 1334 ὲν-

2318 1373 2506 1426 τεῦθεν
2528 1374 2687 1438 δόξαν
2726 1373 2863 1427 ίδίαν
2891 1372 3076 1442 ζητεῖν
3095 1412 3109 1427 .
3145 1373 3288 1426 Ἀλλ’
3314 1375 3411 1443 οὐχ
3444 1373 3519 1435 ὡς
3550 1373 3716 1442 δόξης
3749 1373 3892 1435 ίδίας

2318 1465 2459 1533 ἐρῶν
2492 1465 2666 1518 ταῦτα
2691 1464 2864 1518 ἐποίει
2893 1465 2984 1518 κα)⁵
3020 1465 3207 1533 ἔλεγεν
3240 1505 3254 1530 ,
3309 1463 3423 1518 ἀλλ’
3458 1465 3535 1527 ὡς
3588 1463 3764 1516 θέλων
3811 1463 3911 1532 τὴν

2320 1555 2598 1624 σωτηρίαν
2648 1555 2758 1608 τῶν
2804 1554 3110 1626 ἀνθρώπων
3143 1572 3158 1586 ·
3208 1555 3347 1626 αὕτη
3382 1555 3493 1625 γὰρ
3536 1553 3628 1607 διὰ
3678 1557 3782 1622 τῆς
3831 1555 3909 1615 είς,

2319 1648 2483 1700 αὐτὸν
2530 1649 2792 1712 πίστεως,
2841 1651 2936 1702 καὶ
2977 1651 3077 1719 οὐχ
3119 1649 3347 1718 ἑτέρως,
3387 1641 3585 1717 ἔμελλε
3633 1646 3910 1713 γίνεσθαι.

2320 1739 2527 1809 Εῑρηκε
2586 1740 2694 1809 γὰρ
2733 1740 2762 1792 ὁ
2799 1741 2993 1810 Πατήρ
3021 1756 3036 1771 ·
3076 1735 3268 1806 Οὗτός
3297 1739 3469 1793 ἐστιν
3498 1743 3531 1793 ό
3560 1740 3694 1806 Υἱός
3719 1756 3840 1808 μου
3879 1742 3912 1791 ὀ

2320 1832 2647 1900 ἀγαπητὸς,
2672 1833 2742 1883 ἐν
2773 1826 2821 1899 ᾦ
2853 1833 2970 1902 (94)
3022 1831 3330 1896 εὐδόκησα
3350 1848 3364 1862 ο
3394 1831 3586 1884 αὐτοῦ
3632 1832 3908 1896 ἀκούετε,

2321 1923 2416 1972 καὶ
2451 1921 2589 1975 ἄλλα
2621 1923 2795 1974 πολλά
2821 1921 3049 1976 τοιαῦτα
3083 1923 3172 1975 διὰ
3196 1921 3306 1974 τῶν
3341 1920 3664 1991 προφητῶν.

2390 2014 2498 2066 Καὶ
2535 2039 2600 2051 -
2623 2015 2814 2067 ἐστιν.
2852 2015 2968 2067 Οὐκ
2991 2014 3178 2077 ἄδικος
3212 2013 3323 2084 γὰρ
3354 2015 3382 2066 ὁ
3413 2013 3593 2081 ζητῶν
3624 2012 3728 2080 τὴν
3753 2011 3908 2075 δόξαν

2316 2105 2411 2158 τοῦ
2447 2105 2763 2174 πέμψαντος
2795 2105 2976 2160 αὐτόν.
3008 2106 3165 2169 Τινὲς
3193 2106 3252 2159 δὲ
3282 2104 3494 2158 ἀδικίαν
3515 2105 3611 2157 ἐπὶ
3631 2103 3729 2156 τοῦ
3759 2121 3907 2175 παρ-

2315 2198 2467 2259 όντος
2524 2198 2582 2250 τὸ
2626 2197 2824 2268 ψεῦδος
2881 2199 3140 2268 ἐνόησαν.
3200 2197 3309 2251 Τοῦ
3379 2198 3479 2266 μὲν
3527 2192 3622 2250 οὖν
3671 2197 3907 2250 ταπεινά

2317 2287 2660 2356 φθέγγεσθαι
2683 2290 2775 2340 τὸν
2801 2290 3042 2358 Χριστὸν
3071 2289 3246 2342 πολλά
3275 2289 3345 2342 τὰ
3383 2289 3560 2351 αἴτια,
3599 2287 3660 2340 τδ
3708 2287 3787 2355 μὴ
3820 2302 3905 2339 νο-

2317 2375 2575 2445 μισθῆναι
2604 2377 2921 2446 ἀγέννητον,
2953 2379 3014 2430 τὸ
3044 2377 3118 2450 μὴ
3144 2378 3292 2442 δόξαι
3349 2377 3621 2439 ἀντίθεον,
3657 2377 3717 2430 τὸ
3745 2376 3907 2430 ἀσθε-

2314 2465 2403 2528 νὲς
2428 2467 2538 2518 τῶν
2582 2469 2915 2534 ἀκουόντων,
2965 2470 3028 2522 τὸ
3066 2470 3346 2522 διδάσκειν
3390 2471 3518 2531 τοὺς
3575 2468 3908 2538 ἀνθρώπους

2318 2561 2736 2627 μετριοφρονεῖν
2761 2561 2854 2611 καὶ
2889 2561 3058 2630 μηδὲν
3092 2562 3238 2630 μέγα
3273 2562 3457 2625 λέγειν
3485 2561 3616 2630 περὶ
3663 2560 3901 2623 ἑαυτῶν,

2312 2649 2374 2700 τὸ
2423 2649 2498 2712 ὡς
2562 2649 2851 2718 ἄνθρωπον
2905 2651 3108 2720 λέγειν,
3161 2655 3254 2706 καὶ
3327 2654 3465 2706 ἄλλα
3504 2651 3782 2706 τοιαῦται
3813 2651 3906 2704 τοῦ

2311 2740 2367 2793 δὲ
2394 2740 2578 2810 ὑψηλά
2611 2742 2721 2814 (95)
2768 2743 3105 2812 φθέγγεσθαι
3159 2745 3257 2815 μία
3311 2746 3483 2812 αἰτία,
3516 2746 3580 2798 τὸ
3637 2745 3776 2815 ὕψος
3807 2745 3905 2814 τῆς

2313 2829 2594 2899 Θεότητος.

2393 3096 2546 3150 Ἐπεὶ
2571 3097 2624 3150 δὲ
2654 3099 2701 3149 οἱ
2742 3096 2991 3151 Ἰουδαῖοι
3037 3091 3186 3151 οὗτοι
3245 3095 3359 3162 (96)
3421 3093 3518 3149 δύο
3569 3095 3900 3165 δγκλήματα

2317 3188 2527 3257 ἐπῆγον
2558 3188 2727 3257 αὐτῷ,
2751 3187 3104 3258 παρανομίαν
3130 3188 3222 3240 καὶ
3251 3186 3550 3250 ἀντιθεῖαν,
3584 3187 3669 3239 ὅτι
3699 3203 3760 3239 τε.
3782 3186 3898 3239 ἔλυε

2313 3280 2375 3334 τὸ
2404 3279 2685 3332 Σάὀόατον
2715 3280 2810 3332 καὶ
2836 3279 2918 3332 ὅτι
2957 3279 3180 3349 Πατέρα
3213 3279 3345 3332 ίδιον
3405 3278 3561 3346 ἔλεγε
3595 3278 3690 3330 τὸν
3745 3278 3896 3342 Θεὸν,

2313 3367 2429 3424 ἴσον
2448 3372 2642 3424 ἑαυτὸν
2669 3371 2842 3422 ποιῶν
2865 3369 2941 3440 τῷ
2973 3369 3117 3439 Θεῷ,
3157 3367 3343 3432 καθὼς
3370 3370 3428 3422 ἑν
3456 3370 3532 3438 τῷ
3557 3370 3779 3441 ἑϐδόμῳ
3811 3387 3900 3424 κε-

2314 3465 2530 3534 φαλαίῳ
2591 3462 2961 3534 προείρηται·
3016 3462 3148 3530 περὶ
3199 3463 3297 3531 μὲν
3329 3461 3426 3515 τοῦ
3481 3463 3600 3524 ἐνὸς
3637 3465 3758 3515 ἐκεῖ
3785 3461 3899 3515 τού-

2313 3574 2426 3620 τοις
2455 3555 2861 3626 ἀπελογήσατο,
2911 3553 3090 3619 δείξας
3135 3555 3219 3607 ὅτι
3272 3556 3374 3608 οὐκ
3431 3554 3584 3607 ἐστιν
3629 3555 3896 3616 ἀντίθεος’

2315 3651 2444 3719 περὶ
2469 3649 2522 3702 δὲ
2553 3648 2646 3700 τοῦ
2678 3647 2866 3717 ἑτέρου
2929 3647 3023 3700 νῦν
3057 3647 3412 3713 ἀπολογεῖται
3471 3647 3568 3699 καὶ
3623 3646 3898 3700 δείκνυσιν

2313 3743 2396 3795 ὄτι
2427 3740 2580 3792 αὐτοὶ
2615 3739 2726 3810 (97)
2769 3737 2971 3809 μᾶλλόν
2994 3739 3102 3792 εἰσι
3135 3739 3466 3807 παράνομοι.

2385 3836 2466 3888 οὐ
2496 3864 2563 3873 —
2586 3836 2816 3903 νόμον;
2849 3832 3171 3893 Καθολικῶς
3205 3831 3353 3898 λέγει
3401 3833 3568 3900 νόμον
3600 3831 3704 3894 τάς
3748 3849 3897 3900 νομι-

2315 3933 2416 3988 κὰς
2437 3923 2654 3985 ἐντολὰς
2702 3925 2766 3986 ἃς
2811 3925 3010 3977 δέδωκε
3062 3923 3173 3993 (98)
3227 3924 3472 3992 Μωῦσῆς
3526 3923 3591 3974 ἐκ
3632 3923 3730 3974 τοῦ
3769 3922 3896 3975 Θεοῦ

2314 4019 2552 4088 κομίσας
2581 4018 2752 4080 αὑτὰς
2784 4017 2878 4068 καὶ
2908 4015 3129 4085 γράψας
3179 4014 3390 4076 ταύτας
3430 4014 3641 4073 αὐτοῖς.
3688 4013 3896 4084 Ἐρωτᾷ

2313 4107 2407 4165 οὖν
2434 4127 2448 4143 ·
2491 4110 2572 4163 Οὐ
2602 4108 2863 4175 Μωῦσῆς
2894 4108 3119 4162 ἔδωκεν
3160 4107 3272 4177 (99)
3305 4105 3451 4175 ὑμῖν
3479 4105 3588 4158 τὸν
3631 4108 3844 4173 νόμον,
3871 4106 3896 4157 δ

2315 4203 2447 4273 παρ’
2480 4203 2608 4272 ὑμίν
2638 4202 2948 4270 τιμώμενος
2998 4201 3092 4252 καὶ
3119 4197 3528 4267 ὲκδικούμενος,
3585 4189 3632 4264 ᾧ
3668 4195 3894 4266 λελάληο

2314 4313 2410 4348 κεν
2438 4297 2466 4348 ὁ
2495 4294 2628 4356 Θεὸς
2654 4310 2668 4358 ;

2389 4386 2494 4441 Kal
2527 4415 2594 4426 -—-
2621 4386 2829 4452 νόμον.
2862 4415 2931 4424 —
2964 4383 3134 4448 Ποιεῖ,
3167 4381 3333 4449 ἤγουν
3359 4381 3555 4451 Τηρεῖ.
3593 4377 3733 4434 Εἶτα
3764 4396 3892 4449 προ-

626 4463 751 4518 in=le
791 4466 950 4519 etiam
993 4469 1160 4530 addit,
1198 4472 1473 4538 quomodo
1538 4488 1645 4527 non
1713 4483 1934 4528 servent
2008 4475 2205 4547 legem.

2315 4477 2532 4547 στίθησι
2564 4476 2796 4536 καὶπῶς
2825 4475 2884 4529 οὐ
2913 4473 3144 4543 τηροῦσι
3181 4473 3273 4526 τὸν
3312 4473 3504 4542 νόμον.

699 4555 851 4610 Vers.
897 4559 978 4614 19.
1011 4558 1220 4624 Quid—
1247 4564 1572 4632 interﬁcere?
1611 4565 1746 4619 Cum
1772 4568 1854 4620 lex
1877 4567 2054 4622 dicat:
2087 4569 2206 4624 Non

626 4650 841 4714 occides,
870 4653 996 4720 quid
1022 4653 1365 4710 meoccidere
1393 4657 1648 4721 nitimini,
1675 4673 1850 4727 neque
1877 4660 2045 4730 legem
2087 4677 2204 4715 ser-

2389 4569 2450 4623 τι
2469 4597 2538 4608 —-
2565 4565 2950 4632 dxoxtst'rat;
3004 4565 3113 4619 Τοῦ
3151 4565 3320 4634 νόμου
3363 4564 3641 4632 λέγοντος,
3676 4562 3760 4620 Οὐ
3789 4581 3893 4632 φο-

2310 4663 2572 4727 νεύσεις,
2613 4661 2665 4713 τί
2695 4677 2761 4729 με
2793 4657 3128 4722 σπουδάζετε
3183 4655 3469 4727 φονεῦσαι,
3511 4657 3655 4725 μήτε
3686 4656 3762 4726 (1)
3801 4656 3891 4708 αὐ-

630 4751 837 4803 rantes,
873 4758 1049 4813 neque
1081 4744 1262 4800 Mosen
1297 4749 1472 4812 veriti,
1505 4749 1593 4816 qui
1621 4765 1736 4802 eam
1771 4750 1924 4805 vobis
1959 4752 2202 4807 tradidit?

2315 4751 2393 4806 se»
2428 4751 2745 4821 τηροῦντες,
2778 4749 2913 4818 μήτε
2933 4746 3026 4799 τὸν
3055 4746 3288 4799 Μωῦσέα
3311 4744 3662 4814 αἰδούμενοι,
3697 4745 3787 4796 τὸν
3808 4743 3889 4796 δε-

629 4831 981 4900 impudentize
1025 4835 1294 4905 siquidem
1341 4847 1443 4902 est,
1504 4839 1638 4909 legis
1687 4846 2200 4914 accusare(c)trans-

628 4935 904 4989 gressores
925 4923 1025 4978 alia
1055 4925 1187 4985 levis
1218 4930 1670 4994 transgressione.

735 5059 959 5117 "Joan.
1000 5080 1053 5126 v,
1094 5064 1186 5118 25.
1299 5065 1342 5098 ³³
1367 5066 1556 5120 Matth.
1589 5084 1718 5134 xvn,
1750 5071 1802 5122 5.

2308 4845 2521 4899 δωκότα
2561 4844 2689 4912 ὑμῖν
2719 4841 2888 4894 αὐτόν
2915 4857 2930 4905 ;
2961 4839 3175 4902 ἀναιδὲς
3208 4837 3316 4909 γὰρ
3337 4839 3467 4901 τοὺς
3537 4836 3888 4907 παρανόμους

2311 4933 2564 5003 ἐγκαλεῖν
2585 4933 2759 5002 ἑτέρῳ
2793 4927 3165 5002 παρανομίαν.

1917 5070 1962 5100 ³⁸
1993 5070 2149 5124 Joan.
2180 5089 2230 5135 ι’,
2268 5073 2354 5126 18.

1789 5205 1988 5265 Varia:
2034 5204 2338 5267 lectiones
2384 5216 2444 5267 et
2489 5213 2680 5268 notae.

699 5327 808 5393 (95)
840 5325 1142 5380 l‘lentenius
1171 5336 1296 5380 ante
1330 5326 1444 5388 πῶς
1486 5326 1782 5396 interponit
1811 5328 1938 5395 ὅρα,
1968 5344 2074 5396 quo
2114 5340 2190 5381 la-

629 5411 749 5450 men
776 5411 885 5450 non
911 5406 990 5450 est
1020 5411 1178 5464 Opus.

698 5467 809 5532 (94)
847 5465 1132 5534 Ηὺδόκησα
1162 5466 1226 5519 Α.

699 5536 809 5602 ιθδ)
849 5536 1083 5602 ’Υῷηλόν
1112 5538 1176 5588 Α.

699 5607 805 5674 (96)
841 5602 1000 5660 Οὗτοι
1024 5606 1174 5660 abest
1204 5605 1266 5657 Α.

701 5760 768 5829 (e)
805 5759 954 5831 Legis
1006 5778 1279 5824 accusare,
1313 5771 1419 5817 etc.
1460 5763 1587 5831 E05,

2372 5330 2482 5392 (07)
2518 5331 2679 5382 Αὐτοὶ
2707 5331 2860 5385 abest
2896 5328 2960 5384 Α.

2374 5406 2484 5465 (98)
2517 5403 2749 5453 Διὲδωκε
2795 5402 2861 5453 Α.

2375 5472 2484 5539 (99)
2524 5471 2764 5522 Δέδωκεν
2823 5471 2887 5523 Α.

2378 5548 2416 5609 (.
2437 5553 2449 5604 )
2510 5542 2611 5592 Τὸν
2649 5541 2834 5610 νόμον.

1643 5765 1730 5836 qui
1773 5766 1917 5837 leges
1979 5763 2198 5830 violant,
2233 5764 2397 5819 alium
2423 5781 2702 5830 accusare,
2731 5761 2901 5833 utqui
2931 5762 3078 5834 leges
3117 5759 3355 5816 violarit.
