4094 6416
226 395 372 465 1273

1165 402 1557 469 COMMENT.
1618 407 1705 470 IN
1760 408 2144 479 JOANNEM.
2179 441 2254 454 -
2300 421 2458 484 CAP.
2501 424 2633 487 VII.

3386 427 3523 496 1274

293 509 448 580 Ἕτὼ
483 509 723 612 -ἐιξιι,
753 509 901 612 ἀιότι
941 511 1001 578 ἐξ
1023 512 1194 568 αὐτοῦ
1227 515 1371 585 ειμι,
1407 515 1467 581 ἐξ
1509 517 1681 572 αὐτοῦ
1724 536 1808 587 γε·

1997 525 2154 583 Vers.
2207 529 2302 586 29.
2352 531 2705 604 Ego—sim.
2772 537 2908 606 Qeia
2958 556 3026 597 ex
3074 541 3193 612 ipso
3248 557 3394 606 sum.
3451 559 3520 600 ex

216 601 518 671 γίννημαι.
552 602 661 656 Καὶ
692 600 870 658 ὀπίσω
907 603 964 657 δὲ
1002 605 1252 676 εἴρηκεν,
1282 606 1397 677 οὐχ
1420 604 1513 661 ὄτι
1545 607 1657 663 τὸν
1697 613 1817 664 Πα-

215 691 365 760 τέρα
393 708 483 758 τις
502 692 787 762 ἑώρακεν,
816 695 870 748 εί
883 693 970 764 μὴ
996 696 1030 749 ὁ
1053 693 1140 748 ὢν
1158 695 1318 765 ,παρὰ
1336 695 1444 752 τοῦ
1476 697 1650 754 Θεοῦ.

291 874 581 942 Ιίἀκεῖνός
607 891 686 944 με
705 876 1049 932 ἀπέστειλε.
1076 877 1327 950 Συντχῶς
1346 878 1496 949 λέγει
1537 898 1607 935 πε
1615 883 1670 953 pl
1707 883 1813 953 τῆς

213 968 548 1033 ἀποστολῆς,
617 967 950 1039 βουλόμενος
1000 972 1189 1024 πεῖσαι
1249 971 1454 1036 αὐτοὺς
1481 973 1564 1027 δτι
1616 973 1682 1028 ἐκ
1716 972 1815 1028 τοῦ

211 1057 358 1112 Θεοῦ
389 1059 754 1124 ἀπέσταλται,
793 1062 887 1114 καὶ
943 1060 1045 1115 οὐκ
1085 1060 1236 1115 ἔστιν
1279 1064 1528 1127 ἀντίθεος
1567 1063 1645 1129 ὡς
1677 1081 1819 1135 προ-

212 1149 480 1214 λαϐόντες
510 1153 837 1223 εἰρήκαμεν.
875 1153 1030 1224 Ἅμα
1054 1153 1110 1207 δὲ
1135 1155 1229 1208 καὶ
1259 1156 1342 1218 είς
1377 1155 1680 1228 θεραπείαν
1702 1155 1814 1210 τῶν

214 1244 679 1312 προσισταμένων
707 1243 890 1306 αὐτοῖς
919 1243 1248 1315 θεοπρεπῶν
1276 1246 1546 1316 ῥημάτων
1568 1246 1605 1301 ἀ
1642 1264 1816 1315 παρε-

215 1333 416 1403 μίγνυε
455 1334 713 1400 πολλάκις
739 1339 852 1400 τοῖς
879 1336 1415 1409 ἀνθρωποπρεπέσιν
1449 1339 1637 1395 αὐτοῦ.

291 1427 576 1494 Ἐζήτουν
607 1459 676 1470 —
699 1427 940 1484 πιάσαι.
990 1429 1346 1501 Ἐπλήγησαν
1377 1431 1489 1501 γάρ
1539 1430 1814 1487 ἀκούσαν-

204 1535 306 1585 τες
338 1521 418 1574 ὅτι
452 1522 564 1573 Ὃν
602 1521 775 1590 ὑμεῖς
801 1522 917 1576 οὐκ
935 1519 1160 1578 οἴδατε.

287 1702 398 1758 Kal
425 1733 495 1744 —
534 1703 747 1775 χεῖρα]
779 1702 1098 1776 Ἐπείχοντο
1129 1706 1240 1777 γάρ
1287 1706 1536 1776 ἀοράτως
1571 1707 1679 1763 ὑπὸ
1708 1709 1811 1779 τῆς

211 1794 450 1865 ἀνούσης
482 1798 558 1866 (9)
590 1795 742 1867 αὐτῷ
775 1796 929 1861 θείας
951 1797 1261 1869 δυνάμεως.

282 1887 506 1940 Ὀτι-
530 1887 741 1943 αὐτοῦ.
790 1886 860 1940 Ἥ
897 1887 994 1943 τοῦ
1047 1888 1432 1960 συλληφθῆναι
1476 1893 1574 1945 καὶ
1610 1891 1807 1944 παθείν

207 1978 403 2031 αὐτόν.

282 2070 512 2126 Πολλοί
541 2100 611 2112 -—-
632 2071 844 2127 αὐτόν.
881 2071 1022 2125 ’Υπό
1049 2088 1110 2124 τε
1139 2072 1249 2125 τῶν
1282 2072 1676 2142 προλαϐόντων
1704 2093 1800 2146 ση-

209 2163 408 2234 μείων,
447 2163 555 2216 ὑπό
577 2180 637 2216 τε
664 2163 775 2216 τῶν
802 2163 930 2234 ἀρτι
962 2165 1241 2234 ῥηθέντων
1255 2165 1437 2234 λόγων
1467 2166 1803 2234 ἑαλωκότες.

278 2258 389 2311 Καί
441 2287 512 2297 -
561 2255 861 2324 ἐποίησεν
874 2273 895 2322 ;
921 2258 986 2310 El
1040 2259 1132 2309 καὶ
1159 2258 1518 2323 ἐπίστευσαν,
1557 2261 1676 2314 ἀλλ’
1708 2263 1809 2333 οὐχ

201 2345 401 2417 ὑγιῶς.
432 2349 695 2410 Είπὸντες
747 2349 854 2419 γάρ
905 2349 988 2403 δτι
1025 2348 1089 2403 '0
1119 2352 1378 2417 Χριστὸς
1433 2353 1582 2406 ὅταν
1617 2352 1804 2422 ἔλθῃ,

200 2440 419 2506 ἔδειξαν
443 2441 528 2495 ὅτι
552 2441 654 2495 οὐκ
678 2443 1011 2496 ἐπίστευσαν
1043 2442 1285 2512 βεϐαίως
1312 2444 1479 2497 αὐτὸν
1520 2440 1665 2498 εἶναι
1712 2447 1806 2499 τὸν

201 2529 470 2601 Χριστὸν,
509 2531 628 2584 ἀλλ’
662 2532 1009 2602 ἀμφιόόλως,
1045 2533 1121 2597 ὡς
1150 2534 1401 2602 ἀγελαῖοι
1445 2536 1543 2590 καὶ
1583 2537 1804 2607 κοῦφοι.

280 2713 352 2769 ’Ἡ
386 2715 480 2768 καὶ
502 2713 630 2768 καθ’
659 2714 919 2768 ὑπόθεσιν
947 2714 1109 2769 τοῦτο
1127 2711 1304 2781 εἶπον,
1340 2717 1423 2769 ὅτι
1447 2716 1663 2788 Θῶμεν,
1685 2718 1806 2773 ἐτε-

203 2825 306 2877 ρον
337 2804 478 2862 εἶναι
509 2806 602 2861 τὸν
635 2808 898 2879 Χριστὸν.
932 2807 1010 2871 ὡς
1052 2809 1100 2861 οί
1139 2809 1405 2878 ἄρχοντες
1425 2810 1680 2879 λέγουσιν
1703 2827 1718 2842 ⁸
1776 2814 1806 2867 ὁ

201 2901 445 2970 Χριστὸς
471 2900 531 2953 ὃν
565 2901 720 2953 αὐτοί
765 2917 958 2967 φασιν,
986 2900 1119 2953 ὅταν
1155 2899 1307 2972 ἔλθῃ,
1347 2903 1423 2973 μή
1458 2919 1516 2955 τι
1559 2902 1806 2957 δυνατώ-

196 3010 364 3065 τερος
394 2993 550 3047 ἐσται
584 2992 782 3046 τούτου
809 3010 824 3058 ;
849 2992 995 3064 οὐχί.

1925 617 2050 686 ipso
2093 628 2255 675 natus
2308 639 2454 681 sum.
2515 625 2650 680 Nam
2689 638 2741 684 et
2796 630 2850 685 in
2899 633 3282 703 superioribus
3323 634 3458 689 dixit
3500 653 3516 692 :

1921 707 2214 835 T311.un
2246 712 2464 770 Patrem
2498 719 2770 790 quispiam
2794 722 3000 787 viderit,
3035 725 3142 779 nisi
3162 725 3207 778 is
3235 724 3325 794 qui
3351 743 3384 779 α
3409 725 3520 781 Deo

1921 812 1997 856 est
2031 812 2098 857 ".

1993 894 2151 952 Vers.
2178 896 2270 952 29.
2311 897 2378 951 Et
2407 899 2500 954 itte
2533 918 2615 956 me
2650 905 2811 959 misit.
2844 904 3117 962 Continue
3145 906 3214 962 de
3252 907 3519 963 missione

1920 989 2184 1058 loquitur,
2249 990 2440 1046 volens
2493 993 2601 1049 illis
2661 995 3016 1066 persuadere,
3069 997 3219 1067 quod
3292 1013 3323 1053 ε
3407 991 3518 1054 Deo

1917 1082 2123 1139 missus
2151 1093 2322 1147 esset,
2351 1100 2455 1142 nec
2489 1086 2599 1141 Deo
2631 1087 2946 1142 contrarius
2976 1098 3143 1151 esset,
3181 1088 3324 1144 sicut
3353 1099 3516 1146 antea

1919 1176 2203 1241 diximus;
2240 1179 2402 1234 simul
2432 1180 2595 1234 etiam
2629 1179 2696 1235 ad
2742 1178 3072 1233 medendum
3103 1179 3306 1236 divinis
3335 1179 3518 1235 verbis

1916 1269 2116 1338 quibus
2149 1268 2270 1324 illos
2303 1269 2632 1333 oﬁenderat,
2667 1285 2788 1340 qua:
2831 1269 3148 1340 frequenter
3177 1269 3362 1325 verbis
3413 1270 3518 1324 hu-

1916 1374 2083 1413 mano
2118 1373 2272 1413 more
2299 1357 2459 1414 dictis
2491 1360 2880 1429 permiscebat.

1991 1451 2147 1506 Vers.
2204 1451 2309 1508 30.
2384 1450 2706 1523 ng'rebant
2767 1481 2839 1490 —
2890 1451 3302 1518 apprehendere.
3377 1447 3514 1504 Nam

1914 1559 2058 1614 agre
2107 1545 2397 1600 audierant
2452 1543 2724 1599 dicentem
2779 1559 2795 1599 :
2856 1541 3027 1607 Quem
3079 1557 3168 1595 vos
3245 1556 3350 1595 non
3417 1556 3515 1595 no-

1916 1634 2086 1689 vistis.

1988 1726 2242 1782 Vers.30.
2275 1726 2342 1780 Et
2371 1756 2440 1766 -—
2464 1738 2705 1778 manum.
2747 1721 3103 1776 Tenebantur
3139 1719 3413 1791 siquidem
3446 1719 3515 1774 ab

1917 1817 2069 1872 unita
2116 1816 2215 1886 ipsi
2265 1817 2448 1871 divina
2482 1815 2703 1870 virtute.

1985 1909 2152 1964 Vcrs.
2218 1908 2324 1963 50.
2387 1906 2525 1972 Quia
2572 1935 2643 1945 -
2681 1904 2820 1974 ejus.
2874 1899 2994 1967 Qua
3053 1899 3231 1957 teneri
3282 1915 3347 1956 ac
3404 1903 3515 1971 pati

1913 2001 2255 2056 decreverat.

1985 2091 2143 2148 Vers:
2180 2092 2270 2146 3|.
2311 2086 2759 2143 Multi—illum.
2804 2086 2843 2137 A
2874 2081 3153 2152 praedictis
3205 2081 3399 2155 signis,
3456 2090 3514 2136 et

1913 2201 1942 2240 a
1974 2183 2324 2240 sermonibus
2356 2180 2520 2235 modo
2558 2177 2718 2233 dictis
2751 2176 2918 2246 capti.

1984 2275 2140 2330 Vers.
2182 2274 2274 2329 31.
2313 2271 2481 2326 Et—
2508 2271 2666 2341 fecit?
2709 2267 3080 2322 Crediderunt
3107 2264 3353 2333 quidem,
3403 2278 3509 2317 non

1911 2377 2094 2423 tamen
2156 2364 2400 2436 perfecte
2447 2378 2654 2416 :-nam
2733 2360 2980 2414 dicentes
3028 2375 3042 2411 :
3102 2356 3339 2412 Christus
3393 2370 3510 2408 cum

1912 2461 2130 2520 venerit,
2183 2456 2550 2512 ostendebant
2616 2469 2675 2508 se
2725 2468 2838 2506 non
2900 2450 3133 2505 ﬁrmiter
3187 2446 3509 2511 credidisse,

1911 2568 2036 2606 eum
2071 2565 2194 2607 csse
2240 2549 2544 2608 Christum.
2593 2545 2689 2602 sed
2737 2545 2905 2600 dubio
2941 2543 3129 2609 modo,
3179 2548 3371 2612 utpote
3413 2539 3513 2594 ab-

1909 2645 2035 2716 iecti
2072 2653 2128 2698 et
2155 2643 2323 2698 leves.

1984 2737 2094 2790 Aut
2152 2734 2204 2788 id
2264 2748 2332 2788 ex
2393 2729 2774 2801 suppositione
2845 2727 3105 2782 dixerunt
3159 2741 3175 2778 :
3236 2722 3511 2776 Pouamus

1910 2828 2259 2901 postmodum
2292 2834 2583 2879 venturum
2614 2837 2738 2877 esse
2781 2819 3090 2880 Christum,
3121 2817 3286 2872 veluti
3321 2815 3511 2870 dicunt

1909 2919 2185 2989 principes
2241 2917 2592 2970 sacerdotum
2649 2910 2960 2966 :Cbristus
3005 2908 3117 2974 ille,
3171 2921 3336 2976 quem
3403 2903 3507 2973 ipsi

1910 3012 2275 3072 dicunt,eum
2313 3006 2550 3068 venerit,
2599 3019 2731 3056 num
2783 3003 2888 3056 hoc
2928 2999 3101 3071 magis
3152 2995 3506 3052 admirandus

1911 3100 2054 3155 erit?
2085 3111 2454 3168 nequaquam.

281 3162 604 3215 Ἤκουσαν
633 3188 704 3201 -
725 3157 936 3213 ταῦτα.
995 3158 1282 3212 Ἤκουσαν
1319 3160 1377 3211 ἐν
1412 3160 1581 3232 ἑτέρᾳ
1616 3163 1806 3234 ἡμέρᾳ.

197 3253 476 3321 δηλονότι.
512 3250 884 3321 Γογγύζοντος
917 3250 997 3316 δὲ,
1042 3251 1213 3321 ἤγουν
1260 3252 1360 3304 σὺν
1391 3255 1699 3321 γογγυσμῷ
1728 3257 1806 3321 τῷ

1983 3189 2140 3244 Vers.
2174 3189 2265 3243 52.
2301 3187 2604 3242 Audierant
2635 3213 2702 3224 ——
2733 3186 2864 3237 hwc.
2916 3181 3227 3237 Audierunt
3256 3175 3509 3246 sequenti

1911 3279 2167 3321 vidplinnt
2206 3279 2313 3321 die-
2372 3276 2803 3321 Mnrmnrantem
2847 3287 2997 3321 vero.
3037 3271 3154 3321 sive
3191 3284 3317 3321 cum
3351 3283 3507 3320 mur-

258 3269 476 3324 μονοτι.
512 3269 533 3305 ι
554 3269 884 3321 ογγυςοντος
917 3269 997 3316 οε,
1042 3269 1213 3322 ηγουν
1260 3269 1360 3304 συν
1391 3269 1699 3326 γογγυσμῳ
1728 3273 1806 3328 τῳ

1911 3279 2167 3334 videlicet
2206 3279 2314 3332 die.
2369 3276 2803 3330 Murmurantem
2847 3287 2997 3335 vero,
3037 3271 3154 3325 sive
3191 3284 3317 3324 cum
3351 3283 3507 3320 mur-

201 3345 352 3399 κατά
386 3347 494 3398 τῶν
526 3345 807 3416 ἀρχόντων
838 3342 1118 3410 λέγοντος.

277 3437 391 3491 Kal
421 3467 495 3476 —
525 3437 738 3491 αὐτόν.
782 3437 872 3500 Ὠς
905 3435 1282 3505 ἀποσχίζοντα
1304 3438 1396 3491 τὸν
1417 3438 1569 3492 λαόν.
1617 3440 1682 3491 Ὦ
1705 3438 1809 3510 τῆς

205 3528 434 3600 μανίας,
500 3527 705 3598 μᾶλλον
767 3528 826 3580 δὲ
876 3528 980 3598 τῆς
1040 3528 1263 3592 ἀνοίαςί
1319 3532 1482 3583 Αὐτοὶ
1541 3530 1808 3593 πολλάκις

213 3622 681 3692 ιπιχειρήσαντες
712 3621 809 3673 καὶ
838 3620 942 3674 οὐκ
975 3621 1300 3692 ἰσχύσαντες
1340 3625 1457 3685 τοῖς
1493 3623 1807 3692 ὑπηρέταις

204 3713 269 3768 τὸ
298 3715 536 3784 πρᾶγμα
583 3712 922 3783 ἐπέτρεψαν,
972 3714 1064 3765 τόν
1107 3727 1169 3766 τε
1211 3714 1386 3784 θυμὸν
1441 3714 1806 3784 παραμυθού-

206 3822 389 3877 μενοι,
420 3807 514 3858 καὶ
564 3805 662 3875 τὴν
705 3805 998 3858 ἀσθένειαν
1037 3804 1249 3858 ἑαυτῶν
1303 3805 1803 3873 συγκαλύπτοντες.

280 3989 473 4048 Εἶπεν
501 4022 567 4034 -
592 3994 732 4063 εἰμι.
764 3992 965 4059 Ἔλεγε
1000 3992 1100 4061 μὶν
1145 3991 1283 4061 πρὸς
1314 3991 1374 4045 τδ
1393 3991 1627 4062 πλῆθος,
1657 3994 1805 4047 ἀπε-

203 4088 420 4142 τείνετο
473 4087 530 4140 δὲ
571 4087 710 4157 πρὸς
758 4085 888 4148 τοὺς
939 4086 1380 4150 ἀποστείλαντας
1439 4087 1568 4150 τοὺς
1601 4087 1809 4160 ὑπηρέ-

204 4197 331 4243 τας.
364 4180 764 4249 Δυσωπητικὸν
787 4178 845 4232 δὲ
871 4178 935 4233 τὸ
966 4178 1120 4250 ῥῆμα
1146 4177 1286 4247 πρὸς
1319 4178 1676 4251 καταστολὴν
1703 4181 1806 4250 τῆς

207 4273 414 4344 μανίας
467 4270 654 4324 αὐτῶν
681 4286 696 4301 ·
743 4272 874 4325 Ἔτι
918 4269 1144 4340 μικρὸν
1193 4272 1423 4339 χρόνον
1466 4272 1596 4338 μεθ’
1642 4272 1809 4340 ὑμῶν

200 4365 349 4436 εἰμί,
387 4366 482 4418 τὸν
529 4363 661 4434 ἄχρι
717 4361 810 4416 τοῦ
863 4363 1058 4433 Πάσχα
1119 4360 1298 4432 δηλῶν
1330 4377 1346 4394 ο
1396 4362 1589 4414 τοῦτον
1648 4364 1809 4417 μόνον

200 4458 564 4528 ἀναμείνατε.

279 4554 393 4609 Καὶ
421 4582 493 4591 -
531 4569 632 4620 με.
667 4551 800 4604 Ὅτε
845 4548 1144 4621 ἀναληφθῶ
1175 4549 1256 4615 είς
1287 4550 1381 4602 τὸν
1410 4550 1662 4621 οὐρανόν.

283 4736 596 4803 Ζητήσετέ
622 4765 693 4776 ——
727 4735 1044 4806 εὑρήσετε.
1092 4735 1254 4798 Εἰκὸς
1295 4735 1404 4805 γὰρ
1457 4735 1692 4795 πολλοὺς
1749 4734 1810 4798 ἐξ

207 4831 396 4884 αὐτῶν
437 4828 805 4899 μνημονεύειν
829 4828 1022 4893 αὐτοῦ,
1063 4828 1157 4882 καὶ
1187 4827 1372 4897 ζητεῖν
1395 4829 1560 4881 αὐτὸν
1586 4827 1806 4898 βοηθὸν,

207 4925 305 4978 καὶ
348 4921 554 4991 μᾶλλον
584 4921 963 4990 ἁλισκομένων
998 4919 1108 4974 τῶν
1177 4919 1595 4990 Ἰεροσολύμων.

292 5110 397 5166 Καὶ
433 5140 506 5150 —
536 5109 758 5165 ἐλθεῖν.
786 5109 962 5162 Ὅπου
991 5107 1108 5177 είμ“ι
1135 5107 1280 5164 τότε.
1312 5106 1475 5175 Δηλοῖ
1500 5108 1556 5159 δὲ
1585 5108 1686 5177 τὴν
1716 5109 1810 5162 ἐπὶ

217 5204 318 5258 τοῦ
351 5203 587 5272 οὐρανοῦ
615 5204 672 5255 ὲν
700 5201 852 5272 δεξιᾷ
896 5201 991 5254 τοῦ
1029 5201 1250 5271 Πατρὸς
1286 5200 1583 5272 καθέδραν.

287 5293 480 5351 Εἶπον·
507 5325 578 5334 —
605 5294 839 5361 élﬂsiv;
905 5293 1152 5347 Ἐπαθὸν
1196 5311 1249 5347 τι
1279 5294 1416 5362 πρὸς
1442 5295 1576 5356 ,τοὺς
1613 5296 1806 5365 λόγους

213 5389 411 5457 αὑτοῦ,
470 5387 891 5458 δυσωπηθέντες
948 5387 1172 5451 αὐτοὺς,
1223 5386 1319 5438 καὶ
1380 5386 1607 5455 ζητοῦσι
1668 5394 1804 5457 πρὸς

326 5571 369 5602 ⁵³
402 5571 560 5625 Jom.
593 5586 667 5636 vn,
692 5571 781 5636 46.

1911 3388 2070 3429 mure
2099 3371 2365 3426 adversus
2402 3367 2684 3438 principes
2726 3368 3037 3434 loquentem

1988 3466 2139 3520 Vers.
2195 3462 2287 3517 52.
2340 3460 2670 3514 Et—eum.
2732 3455 3018 3523 Tanquam
3071 3457 3508 3506 commoventem

1911 3557 2174 3629 populum
2215 3554 2281 3608 ad
2313 3551 2662 3608 seditionem.
2695 3547 2740 3602 Ο
2778 3544 3137 3601 dementiam.
3185 3541 3357 3608 magis
3408 3554 3510 3593 au—

1913 3660 2022 3704 tem
2059 3645 2360 3700 insaniam!
2395 3643 2532 3697 Cum
2559 3640 2660 3710 ipsi
2692 3639 3005 3707 frequenter
3043 3641 3368 3697 tentasseut,
3405 3645 3509 3686 nec

1910 3738 2244 3811 potuissent,
2294 3735 2564 3789 ministris
2623 3745 2738 3785 rem
2802 3727 3252 3783 commiserunt:
3330 3732 3389 3778 ut
3442 3723 3512 3777 de

1912 3830 2100 3884 furore
2133 3825 2568 3882 consolationem
2596 3820 2934 3889 acciperent,
2976 3830 3132 3872 suam
3189 3823 3373 3868 autem
3404 3811 3511 3866 im-

1912 3921 2268 3976 becillitatem
2323 3917 2694 3972 occultarent.

1983 4013 2146 4069 Vers.
2193 4011 2284 4065 33.
2320 4008 2556 4063 Dixit—
2588 4021 2728 4060 sum.
2786 3998 3123 4057 Multitudini
3164 3997 3384 4067 quidem
3424 3995 3511 4049 lo-

1913 4107 2245 4180 quebatur:
2303 4099 2630 4158 intendebat
2693 4105 2875 4150 autem
2935 4093 3004 4147 ad
3063 4091 3366 4150 ministros.
3417 4086 3510 4157 qui

1912 4203 2066 4257 missi
2097 4207 2256 4255 erant
2293 4216 2306 4252 :
2335 4205 2419 4251 est
2460 4194 2609 4250 enim
2657 4187 2984 4261 placationis
3017 4186 3243 4239 verbum
3271 4183 3336 4237 ad
3389 4196 3511 4236 cor-

1913 4293 2227 4363 ruptionem
2260 4287 2488 4343 insanire
2520 4284 2738 4338 illorum
2780 4295 2795 4336 :
2829 4279 3009 4332 Aa‘huc
3037 4272 3240 4330 modico
3280 4284 3512 4339 tempore

1913 4360 2179 4439 vobiscum
2210 4398 2346 4439 sum.
2407 4375 2723 4448 signiﬁcans
2780 4380 2997 4440 tempus
3057 4380 3230 4436 usque
3287 4364 3353 4419 ad
3404 4360 3510 4415 Pa-

1915 4474 2046 4529 scha
2102 4489 2116 4526 :
2169 4473 2273 4526 hoc
2313 4483 2442 4540 ergo
2475 4465 2650 4521 solum
2681 4461 3018 4531 exspectate.

1836 4533 1888 4593 υ
1987 4564 2142 4619 Vers.
2207 4563 2298 4617 53.
2370 4533 2434 4613 ίζι
2477 4587 2548 4598 —
2594 4572 2696 4608 mc.
2776 4552 2913 4606 Cum
2973 4563 3222 4604 assumar
3288 4548 3343 4600 in
3395 4559 3508 4600 cm-

1911 4661 2045 4714 lum.

1985 4745 2142 4801 Vers.
2175 4746 2264 4800 34.
2294 4742 2554 4808 Quwretis
2601 4769 2664 4778 ——
2691 4736 2984 4790 invenietis.
3018 4731 3302 4802 Siquidem
3364 4727 3510 4782 veri-

1913 4841 2088 4895 simile
2143 4846 2248 4899 cst,
2305 4833 2450 4902 quod
2513 4830 2669 4884 multi
2746 4842 2934 4882 eorum
3014 4821 3284 4878 recordati
3341 4819 3513 4889 ipsius

1916 4931 2253 5000 quaesierunt
2307 4941 2432 4980 eum
2498 4922 2902 4983 auxiliatorem,
2964 4927 3019 4969 ct
3077 4915 3315 4969 maxime
3381 4912 3509 4965 dum

1919 5022 2295 5091 Hierosolyma
2333 5024 2687 5086 caperentur.

1995 5114 2148 5169 Vers.
2182 5115 2271 5167 54.
2317 5111 2384 5164 Et
2416 5139 2482 5149 —-
2511 5110 2707 5161 venire.
2745 5104 2840 5157 Ubi
2872 5112 3000 5155 tunc
3055 5115 3171 5154 ero.
3229 5094 3512 5166 Signiﬁcat

1916 5217 2096 5263 autem
2135 5206 2435 5260 sessionem
2482 5203 2547 5256 ad
2579 5202 2853 5253 dexteram
2890 5192 3085 5246 Patris.

1989 5302 2145 5354 V'ers.
2207 5297 2297 5352 35.
2358 5295 2614 5348 Dixerunt
2667 5321 2736 5329 —-
2785 5287 2941 5340 Vcrs.
2989 5284 3076 5338 56.
3145 5280 3360 5334 venire?
3419 5277 3511 5330 Ai-

1918 5393 2041 5447 l‘ccti
2089 5388 2494 5459 quodammodo
2532 5393 2656 5440 sunt
2703 5383 2768 5436 ad
2802 5392 3092 5434 sermones
3123 5377 3262 5446 ejus,
3313 5372 3512 5442 quibus

1391 5657 1590 5718 Variae
1622 5656 1931 5718 lectiones
1979 5662 2040 5715 et
2086 5662 2278 5717 notae.

291 5838 366 5906 (9)
451 5832 710 5900 Ἐνεύςης
741 5833 806 5889 Α.
856 5833 981 5886 Tale
1027 5834 1153 5903 quid
1234 5835 1450 5890 videtur
1508 5833 1779 5904 reperisse

1911 5830 2140 5887 atenius.
2180 5828 2285 5888 Sed
2330 5829 2404 5883 ita
2441 5825 2827 5898 corrigendum
2870 5835 3016 5882 esset
3043 5824 3363 5895 ἕνωοείσης.
