4110 6398
243 380 385 446 1277

1196 384 1583 462 COMMENT.
1627 385 1708 447 IN
1746 385 2210 453 JOANNEM.“
2248 393 2405 456 CKP.
2451 398 2617 459 VIII.

3381 409 3518 474 1278

241 498 518 568 ςικιιαυροῦ⁸
546 497 706 565 δόξαν
751 498 864 572 γὰρ
913 499 1072 554 καλεῖ
1125 501 1218 554 τὸν
1244 505 1501 572 σταυρόν.
1545 503 1670 566 Τοῖς
1725 505 1823 572 μὲν

1932 507 2260 576 gloriﬁca'tus
2301 523 2421 564 erat
2469 527 2568 581 per
2615 527 2872 580 crucem;
2921 529 3046 570 nam
3093 533 3312 575 crucem
3359 539 3519 578 vocat

239 593 354 662 γάρ
384 592 567 655 ἄλλοις
609 593 822 646 ἆπασιν
860 592 1066 656 ὄνειδος
1106 587 1195 663 ἦν,
1231 593 1307 656 ὼς
1339 593 1598 664 μεγάλων
1627 595 1831 662 ἐγκλη-

247 686 439 754 μάτων
474 685 752 754 ὲπιτίμιον
776 701 790 716 ·
846 685 995 754 μόνῳ
1045 684 1105 738 δὲ
1136 686 1216 756 τῷ
1247 686 1474 756 Χριστῷ
1505 686 1632 749 δόξα
1672 686 1832 754 γέγο-

242 791 357 839 νεν,
387 775 465 838 ὡς
492 775 740 845 μεγάλης
768 775 992 845 ἀγάπης
1029 775 1129 846 τῆς
1160 776 1298 845 πρὸς
1343 777 1489 846 ἡμᾶς
1533 777 1829 844 ἐπιτίμιον.

243 865 343 929 Τίς
378 867 488 936 γὰρ
525 864 853 936 εὐγνώμονα
881 865 1062 937 ψυχὴν
1115 867 1279 936 ἔχων,
1329 867 1551 921 άκούων
1581 867 1672 920 τὸν
1706 868 1832 919 ἐπέ-

245 974 404 1010 κεινα
439 959 629 1027 πάσης
654 959 826 1028 τιμῆς
867 958 1206 1029 τηλικαύτην
1239 959 1466 1028 ἀτιμίαν
1517 960 1830 1012 ὑποστάντα

245 1048 334 1102 διὰ
363 1052 464 1117 τὴν
494 1052 772 1118 σωτηρίαν
797 1050 904 1102 τῶν
926 1050 1252 1120 ἀνθρώπων,
1276 1052 1335 1103 ού
1361 1052 1577 1118 δοξάσει
1603 1050 1826 1116 τοῦτον;

319 1139 431 1209 Πρὸ
462 1141 562 1209 μὲν
591 1137 686 1194 οὖν
727 1141 822 1194 τοῦ
855 1142 1092 1212 σταυροῦ
1144 1144 1205 1195 ού
1241 1142 1466 1212 Πνεῦμα
1510 1145 1666 1212 ἅγιον
1716 1145 1828 1212 (15)

243 1228 411 1283 ἔδωκε
444 1234 558 1295 τοῖς
590 1232 881 1303 μαθηταῖς,
922 1235 1036 1287 ἀλλ’
1068 1235 1318 1297 ἐξουσίαν
1343 1235 1669 1306 πνευμάτων
1690 1237 1830 1289 ἀκα-

247 1321 487 1392 θάρτων,
529 1325 671 1378 ὥστε
704 1326 992 1379 ἐκϐάλλειν
1026 1330 1170 1381 αὐτὰ
1219 1329 1312 1382 καὶ
1360 1329 1688 1400 θεραπεύειν
1721 1332 1828 1383 πᾶ·-

243 1429 345 1468 σαν
380 1416 536 1467 νόσον
569 1419 663 1469 καὶ
692 1419 878 1470 πᾶσαν
915 1418 1196 1487 μαλακίαν
1221 1435 1236 1450 ο
1271 1422 1410 1489 μετά
1441 1420 1498 1473 δὲ
1536 1421 1630 1474 τὸν
1662 1438 1822 1475 σταυ-

242 1503 337 1573 ρον
403 1505 630 1581 Πνεῦμα
687 1506 866 1574 ἅγιον.
922 1507 1078 1561 Ἐπεὶ
1131 1509 1241 1580 γὰρ
1291 1511 1681 1581 ἡμαρτηκότες
1729 1512 1828 1565 καὶ

243 1597 757 1666 προσκεκρουκότες
786 1598 973 1670 ἐχθροὶ
1005 1595 1150 1670 ἦμεν
1174 1599 1270 1653 τοῦ
1297 1600 1432 1654 Θεοῦ
1454 1620 1467 1634 ο
1503 1604 1536 1672 ἠ
1571 1602 1628 1654 δὲ
1662 1602 1829 1674 χάρις

240 1687 338 1740 τοῦ
371 1689 530 1756 ἁγίου
557 1689 876 1761 Πνεύματος
900 1692 1082 1762 δωρεά
1112 1695 1262 1746 ὲστιν
1284 1711 1298 1725 ·
1337 1696 1369 1764 ἡ
1407 1695 1465 1747 δὲ
1495 1695 1676 1764 δωρεὰ
1712 1698 1827 1759 τοῖς

240 1778 420 1846 φίλοις
463 1781 705 1835 δῖδοταιο
745 1782 852 1836 ἔδει
906 1784 1178 1854 πρότερον
1227 1787 1668 1856 προσενεχθῆναι
1727 1787 1828 1858 τὴν

240 1871 385 1940 ὑπὲρ
415 1873 576 1942 ἡμῶν
606 1873 821 1937 θυσίαν,
860 1874 955 1928 καὶ
983 1875 1099 1948 (16)
1129 1877 1485 1949 καταλλαγὴν
1524 1880 1617 1931 καὶ
1651 1882 1824 1933 κατά-

235 1963 394 2018 λυσιν
417 1966 515 2035 τῆς
541 1967 763 2038 ἔχθρας,
790 1968 912 2038 ῆτις
959 1965 1030 2040 ἦν
1073 1969 1186 2040 (17)
1217 1972 1251 2040 ἡ
1276 1970 1465 2041 σφαγὴ
1487 1970 1581 2024 τοῦ
1605 1970 1826 2038 λογικοῦ

250 2052 478 2123 Ἀμνοῦ,
513 2057 541 2109 6
583 2057 815 2122 Θάνατος
846 2057 941 2113 τοῦ
974 2059 1215 2131 Χριστοῦ
1238 2075 1254 2094 ο
1307 2061 1403 2114 καὶ
1434 2061 1555 2113 τότε
1604 2060 1828 2130 δοθῆναι

231 2143 337 2212 τὴν
362 2143 598 2213 δωρεάν.

306 2237 536 2289 Πολλοὶ
562 2268 631 2278 --
653 2239 984 2308 προφήτης.
1022 2238 1160 2309 Περὶ
1188 2230 1250 2292 οὗ
1285 2240 1530 2308 Μωῦσῆς
1564 2239 1824 2309 ἔγραψεν,

234 2329 313 2393 ὡς
341 2330 605 2394 πολλάκις
635 2334 945 2403 είρήκαμεν
965 2349 979 2365 ·
1013 2335 1108 2386 καὶ
1138 2333 1356 2403 άληθῶς
1385 2328 1542 2397 οὗτος
1572 2330 1641 2405 ἦν
1667 2348 1682 2363 ⁸
1710 2335 1828 2388 ἀλλ’

240 2423 404 2475 αὐτοὶ
431 2426 723 2493 προφήτην
781 2426 946 2478 αὐτὸν
1004 2425 1190 2488 ἁπλῶς
1249 2422 1391 2478 εἶναι
1442 2425 1827 2496 ὑπελάμϐανον

235 2507 312 2570 ὡς
343 2509 432 2565 τὸν
470 2512 732 2575 Μωῡσέα,
762 2513 858 2566 καὶ
883 2515 1006 2584 οὐχὶ
1036 2518 1134 2568 καὶ
1167 2515 1321 2570 Θεόν.

311 2600 523 2655 Ἄλλοι
554 2632 626 2643 ——
666 2606 941 2672 Χριστός.
986 2608 1095 2660 Καὶ
1120 2608 1340 2678 ἀληθῶς
1372 2605 1528 2676 οὗτος
1560 2609 1657 2668 ἦν’
1691 2613 1827 2666 ἀλλὰ

237 2693 333 2744 καὶ
362 2691 518 2744 αὐτοὶ
544 2692 697 2760 ψιλὸν
720 2693 1007 2764 ἄνθρωπον
1042 2697 1207 2749 αὑτὸν
1232 2699 1505 2768 ἐνόμιζον.

313 2783 528 2836 Ἀλλοι
553 2811 622 2822 -—
657 2785 892 2852 ἔρχεται
914 2800 934 2850 ;
967 2787 1075 2838 Καὶ
1112 2787 1217 2857 μὴν
1269 2791 1393 2844 οὐδὲ
1444 2787 1600 2856 οὗτος
1642 2795 1700 2846 ἐν
1753 2798 1820 2866 τῇ

238 2875 501 2945 Γαλιλαίᾳ
535 2877 883 2944 γεγέννηται.

313 2963 460 3032 Οὐχὶ
497 2993 565 3004 -
600 2964 880 3034 épzetat;
934 2968 1043 3022 Καὶ
1088 2970 1195 3040 μὴν
1260 2973 1356 3025 καὶ
1411 2965 1565 3038 οὗτος
1611 2976 1823 3028 ἐκεῖθεν

236 3051 324 3128 ἦν,
360 3055 478 3110 ἀλλ’
529 3057 874 3123 ἐθελοκάκως
927 3063 1167 3133 πατρίδα
1211 3065 1388 3136 τούτῳ
1425 3067 1822 3137 ἑπιφημίζουσι

1939 601 2190 669 gloriam,
2225 604 2492 672 siquidem
2526 621 2648 660 cum
2686 609 2899 662 caeteris
2939 611 3195 666 omnibus
3225 624 3374 669 esset
3414 633 3517 686 op-

1936 693 2238 761 probrium,
2279 705 2467 760 utpote
2494 713 2812 768 magnorum
2848 701 3135 756 criminum
3164 705 3519 773 supplicium,

1936 784 2037 838 soli
2074 783 2295 841 Christo
2325 788 2494 858 gloria
2524 789 2663 844 facta
2697 800 2782 845 est
2814 809 2830 851 ς
2859 793 2993 846 ultio
3034 795 3290 849 videlicet
3336 800 3517 865 magni

1934 878 2158 943 amoris,
2186 895 2297 948 quo
2323 896 2424 934 nos
2457 882 2668 938 dilexit.
2703 883 2840 950 Quis
2871 902 3131 955 namque,
3167 888 3330 943 modo
3361 899 3518 958 grato

1933 967 2008 1019 sit
2047 969 2254 1033 animo,
2299 971 2510 1036 audito,
2561 975 2708 1041 quod
2755 975 2801 1028 is
2834 976 2924 1042 qui
2961 992 3180 1030 omnem
3220 979 3521 1032 excedebat

1934 1055 2219 1122 honorem,
2261 1071 2465 1114 tantam
2509 1074 2729 1132 promer
2766 1065 3050 1119 hominum
3093 1068 3324 1122 salutem
3351 1071 3519 1123 susti~

1933 1151 2051 1204 nuit
2080 1151 2454 1221 ignominiam,
2487 1170 2596 1208 non
2624 1156 2950 1226 glorificabit
2984 1157 3153 1211 eum?

2002 1243 2141 1296 Ante
2165 1257 2381 1297 crucem
2407 1244 2587 1313 itaque
2614 1245 2896 1315 discipulis
2921 1263 3031 1300 non
3061 1249 3213 1301 dedit
3243 1247 3512 1316 Spiritum

1932 1343 2203 1397 sanctum,
2237 1335 2332 1388 sed
2371 1344 2698 1404 potestatem
2736 1337 3027 1406 spirituum
3082 1339 3514 1405 immundorum,

1932 1434 1990 1480 ut
2024 1427 2143 1480 illos
2180 1427 2442 1495 ejicerent
2471 1437 2525 1480 et
2559 1438 2818 1482 curarent
2858 1444 3079 1497 omnem
3116 1431 3368 1484 morbum
3401 1448 3521 1484 om-

1930 1527 2169 1582 nemque
2190 1513 2508 1583 languorcm
2533 1515 2578 1550 “
2605 1531 2619 1579 ;
2656 1525 2776 1584 post
2807 1507 3026 1570 crucem
3048 1532 3176 1569 vero
3206 1518 3355 1571 dedit
3397 1520 3525 1587 Spi-

1929 1607 2093 1661 ritum
2138 1617 2411 1661 sanetum.
2463 1607 2601 1661 Cum
2651 1608 2797 1659 enim
2852 1621 3238 1676 peccassemus
3294 1624 3357 1661 ac
3409 1608 3521 1662 Deo

1931 1695 2200 1750 adversati
2248 1696 2560 1758 fuissemus,
2613 1695 2820 1750 inimici
2870 1697 2990 1765 ejus
3035 1712 3300 1751 eramus:
3349 1699 3522 1767 gratia

1933 1801 2063 1840 vero
2124 1786 2362 1855 Spiritus
2414 1786 2610 1848 sancti,
2673 1787 2878 1840 donum
2933 1797 3038 1852 est,
3084 1788 3286 1840 donum
3337 1796 3521 1840 autem

1931 1877 2123 1932 amicis
2170 1877 2332 1931 datur
2376 1896 2389 1942 ;
2431 1878 2721 1946 oportebat
2759 1894 2888 1947 ergo
2923 1879 3159 1947 primum
3192 1877 3379 1932 oﬂerri
3414 1893 3516 1947 pro

1929 1969 2087 2022 nobis
2119 1968 2417 2030 victimam,
2445 1967 2672 2036 ﬁerique
2703 1969 3205 2022 reconciliationem
3237 1984 3300 2021 ac
3331 1968 3519 2022 inimi-

1929 2062 2073 2114 citiae
2109 2061 2465 2122 solutionem,
2517 2076 2637 2130 quae
2687 2072 2807 2114 erat
2852 2060 3030 2114 caedes
3065 2060 3189 2130 agni
3234 2059 3518 2114 rationalis

1928 2168 1992 2208 ac
2027 2168 2174 2208 mors
2202 2153 2404 2208 Christi
2435 2171 2448 2207 :
2475 2161 2528 2207 et
2565 2161 2697 2206 tunc
2735 2154 2940 2207 donum
2971 2155 3110 2208 dari.

2006 2247 2164 2302 Vers.
2209 2247 2298 2301 40.
2355 2245 2512 2300 Multi
2551 2275 2620 2285 -—
2668 2246 2943 2315 prapheta.
3004 2246 3080 2301 De
3139 2261 3249 2315 quo
3303 2245 3522 2316 scripsit

1932 2338 2130 2401 Moses,
2155 2349 2213 2392 ut
2249 2354 2391 2404 saepe
2425 2338 2686 2392 diximus.
2720 2337 2785 2392 Et
2826 2354 2952 2393 vere
2983 2338 3072 2393 hic
3104 2347 3244 2401 erat,
3286 2339 3383 2393 sed
3417 2337 3522 2407 ipsi

1929 2430 2251 2499 simpliciter
2272 2445 2395 2483 eum
2426 2429 2750 2499 prOphetam
2804 2445 2925 2484 esse
2954 2430 3345 2500 opinabantur,
3376 2430 3522 2484 sicut

1928 2522 2158 2584 Hoscm,
2191 2529 2245 2574 et
2266 2537 2377 2574 non
2419 2533 2675 2589 tanquam
2716 2521 2908 2574 Deum.

2003 2613 2159 2668 Vers.
2188 2614 2278 2668 Η.
2302 2615 2413 2667 Alii
2445 2643 2516 2654 -
2550 2613 2816 2668 Christus.
2856 2614 2920 2667 Et
2945 2628 3072 2666 vere
3110 2612 3197 2666 hic
3236 2621 3394 2667 erat:
3425 2611 3522 2666 sed

1929 2719 1982 2763 et
2017 2707 2068 2762 hi
2094 2709 2300 2762 nudum
2337 2706 2615 2760 hominem
2651 2720 2771 2759 esse
2795 2705 3200 2759 existimabant.

2004 2802 2156 2856 νοτε.
2187 2801 2276 2855 41.
2310 2799 2414 2853 Alii
2437 2825 2509 2837 -ο
2535 2797 2720 2851 venit?
2749 2797 2911 2865 Atqui
2944 2811 3123 2865 neque
3153 2796 3243 2850 hic
3275 2795 3329 2848 in
3359 2792 3512 2850 Gali-

1930 2891 2028 2944 lrea
2066 2899 2224 2944 natus
2249 2896 2352 2944 est.

1995 2979 2150 3034 Vcrs.
2182 2981 2272 3034 4‘2.
2307 2980 2492 3033 Nonne
2512 3009 2583 3017 —
2603 2979 2791 3032 venit?
2821 2977 2982 3048 Atqui
3003 2987 3058 3032 et
3092 2977 3182 3031 hic
3203 2976 3330 3030 inde
3358 2984 3516 3041 erat;

1926 3074 2022 3127 sed
2049 3073 2150 3143 ipsi
2177 3073 2483 3126 voluntaria
2505 3071 2712 3125 malitia
2735 3073 2964 3139 patriam
2999 3071 3127 3124 huic
3151 3070 3517 3140 divulgabant

235 3145 338 3216 τὴν
367 3145 790 3219 Ναζαρὲτ.ὄθεν
820 3145 888 3219 ἦν
926 3153 958 3219 ἠ
992 3152 1177 3222 μήτηρ
1209 3154 1303 3206 καὶ
1331 3156 1358 3207 ὁ
1395 3156 1506 3225 (l8)
1532 3157 1823 3229 νομιζόμε-

1932 3177 2050 3216 esse
2080 3161 2370 3223 Nazaretli,
2405 3161 2548 3214 unde
2587 3169 2704 3214 erat
2737 3169 2933 3222 mater,
2972 3167 3027 3213 et
3072 3157 3164 3226 qui
3212 3159 3516 3228 putabatur

240 3253 326 3301 νος
355 3239 544 3310 πατὴρ
579 3241 768 3304 αὑτοῦ,
807 3242 894 3295 ἵνα
937 3243 1013 3313 μὴ
1047 3245 1112 3296 ὲκ
1180 3245 1430 3317 Βηθλεὲμ
1467 3248 1765 3320 λεγόμενος
1798 3250 1827 3301 6

238 3329 477 3399 Χριστὸς
499 3328 642 3387 εῖναι
673 3333 942 3405 πιστευθῇ
971 3335 1060 3388 διὰ
1091 3337 1190 3405 τὴν
1219 3339 1582 3408 προφητείαν.

309 3424 546 3494 Σχίσμα
588 3455 658 3466 -
714 3426 924 3482 αὐτόν.
1000 3426 1268 3482 Ἐκάστου
1332 3428 1535 3500 μέρους
1587 3447 1824 3502 φιλονειο

240 3529 484 3578 κουντος.

313 3607 484 3674 Τινὲς
506 3638 578 3650 -
596 3609 806 3666 αὐτόν.
854 3609 946 3674 Ὠς
977 3609 1182 3664 πλάνον
1210 3611 1393 3683 δῆθεν.

308 3797 466 3853 Ἀλλ’
491 3830 564 3840 -
595 3799 820 3869 χεῖρας.
889 3799 1266 3870 Ἐπεχομένας
1314 3800 1586 3870 ἀοράτως,
1623 3803 1698 3865 ὡς
1731 3804 1829 3858 καὶ

237 3886 499 3957 ἀνωτέρω
529 3886 850 3956 δεδήλωται.

305 3973 541 4032 Ἦλθον
589 3977 920 4047 ἄνθρωπος.
958 3979 1231 4050 ’Δπῆλθον
1288 3981 1388 4049 μὲν
1443 3981 1699 4053 δήσοντες
1726 3984 1827 4037 aii—-

240 4071 367 4123 τόν·
439 4071 746 4138 ἐπανῆλθον
801 4071 859 4123 δὲ
919 4073 1165 4136 δεθέντες
1225 4074 1378 4128 αὐτοὶ
1441 4075 1520 4146 τῷ
1588 4080 1828 4148 θαύματι

243 4160 373 4236 [τῶν
404 4163 516 4234 (l9)
548 4161 723 4232 λόγων
752 4163 940 4218 αὑτοῦ.
976 4167 1087 4218 Καὶ
1112 4167 1161 4218 οἱ
1187 4167 1288 4237 μὲν
1323 4167 1665 4238 πέμψαντες,
1696 4171 1827 4224 πολι

241 4254 348 4308 λῶν
377 4254 555 4322 λόγων
606 4254 773 4308 αὑτοῦ
811 4256 1146 4320 ἀκούσαντες
1202 4260 1297 4310 καὶ
1347 4259 1519 4314 πολλὰ
1551 4261 1826 4334 θαύματα]

243 4345 574 4414 θεασάμενοι
612 4346 705 4398 καὶ
739 4347 838 4410 τὰς
881 4349 1010 4418 περὶ
1058 4349 1224 4403 αὐτοῦ
1259 4351 1599 4422 προφητείας
1639 4355 1831 4423 ἀναγι-

243 4436 564 4502 νώσκοντες,
625 4439 720 4490 καὶ
769 4441 923 4507 σοφοὶ
966 4440 1250 4507 δοκοῦντες
1287 4444 1441 4497 οὐδὲν
1497 4444 1823 4500 άπὼναντο·

1932 3264 2085 3324 pater
2111 3255 2250 3324 ejus,
2273 3269 2340 3308 ne
2362 3254 2406 3307 si
2424 3269 2487 3307 ex
2507 3252 2786 3319 Bethleem
2805 3266 2926 3305 esse
2958 3249 3256 3316 diceretur,
3295 3259 3524 3320 propter

1931 3343 2276 3413 pr0phetiam
2308 3341 2564 3395 Christus
2598 3355 2721 3395 esse
2749 3339 3088 3394 crederetur.

1993 3431 2150 3487 Vers.
2184 3433 2274 3486 45.
2310 3430 2511 3485 Seditio
2541 3459 2611 3471 ——
2641 3447 2784 3483 eum.
2831 3427 3168 3496 Unaquaque
3219 3433 3374 3495 parte
3421 3442 3518 3494 pro

1933 3540 2031 3578 sua
2058 3525 2320 3593 opinione
2363 3523 2593 3576 rixante.

2005 3616 2160 3672 Vers.
2190 3617 2279 3670 Η.
2316 3615 2792 3681 Quidam—eum.
2839 3612 3122 3681 Tanquam
3167 3610 3517 3664 seductorem

1931 3709 2209 3764 videlicet.

2015 3802 2172 3856 \‘ers.
2197 3800 2286 3853 ﬂ.
2320 3797 2424 3853 Sed
2445 3828 2510 3840 —-
2535 3813 2746 3850 manus.
2773 3795 2972 3864 Utpote
2998 3793 3346 3848 invisibiliter
3371 3792 3528 3847 colli-

1931 3894 2095 3957 bitas,
2132 3893 2297 3946 veluti
2330 3891 2587 3960 superius
2621 3899 2904 3944 ostensum
2946 3896 3049 3941 est.

2014 3983 2166 4038 Vers.
2201 3984 2290 4037 45.
2323 3982 2582 4037 Venerunt
2603 4009 2673 4020 ——
2701 3978 2854 4034 Vers.
2902 3977 2993 4032 ιθ.
3041 3978 3214 4030 homo.
3246 3974 3527 4054 _Abieruut

1933 4077 2155 4146 quidem
2197 4091 2322 4130 eum
2367 4074 2584 4144 ligaturi
2625 4090 2639 4126 :
2673 4072 2877 4126 reversi
2910 4079 3035 4125 sunt
3068 4079 3251 4123 autem
3288 4068 3531 4121 admira—

1934 4169 2080 4223 tione
2112 4182 2425 4222 sermonum
2452 4166 2571 4235 ejus
2601 4163 2828 4232 alligati.
2853 4161 2930 4215 Illi
2957 4176 3086 4232 ergo
3107 4160 3198 4229 qui
3231 4159 3524 4223 miserant,

1934 4275 2058 4315 cum
2120 4258 2323 4312 multos
2367 4258 2487 4325 ejus
2540 4255 2826 4309 audissent
2884 4266 3186 4316 sermones,
3247 4250 3528 4317 multaque

1933 4350 2202 4406 vidissent
2247 4349 2533 4409 mirai-ula,
2586 4362 2650 4402 ac
2693 4344 3014 4415 prephetias
3047 4342 3114 4396 de
3149 4357 3214 4396 eo
3243 4342 3525 4409 legissent,

1929 4443 2240 4515 judicantes
2287 4456 2409 4496 sese
2453 4438 2754 4507 sapientes,
2802 4435 2939 4489 nihil
2993 4433 3384 4504 profecerunt:
3431 4433 3526 4501 qui

236 4529 285 4581 oi
312 4528 368 4580 δὲ
395 4529 740 4599 πεμφθέντες
787 4503 1102 4585 τούναντίον
1161 4503 1309 4589 ἅπαν
1343 4536 1455 4589 ἀπὸ
1492 4539 1620 4607 μιᾶς
1647 4538 1821 4609 δημης

1933 4552 2066 4592 vero
2089 4535 2240 4590 missi
2269 4542 2449 4598 erant,
2473 4531 2699 4586 omnino
2726 4545 2755 4584 e
2776 4529 2995 4583 diverso
3022 4526 3090 4580 ab
3126 4541 3232 4580 una
3259 4523 3528 4578 concione

238 4619 434 4688 γορίας
462 4619 713 4674 ἑάλωσαν
737 4637 752 4653 ο
807 4622 1104 4676 ἀδέκαστον
1133 4625 1242 4696 γὰρ
1274 4627 1518 4681 διάνοιαν
1549 4625 1716 4699 εἶχον.
1751 4632 1825 4684 Οὐ

237 4712 420 4763 τοίνυν
476 4711 576 4781 τὴν
621 4712 841 4765 σύνεσιν
900 4715 1081 4768 αὐτῶν
1139 4717 1300 4783 μόνον
1346 4719 1462 4773 ἐστι
1524 4719 1827 4792 θαυμάσαι,

240 4802 378 4856 ἀλλὰ
409 4803 502 4855 καὶ
531 4803 631 4873 τὴν
661 4805 992 4876 παρρησίαν.
1028 4807 1105 4860 Οὐ
1132 4808 1241 4879 γὰρ
1269 4808 1522 4877 λέγουσιν
1544 4812 1624 4866 ὅτι
1650 4814 1750 4866 Διά
1770 4814 1831 4867 τὸ

243 4896 320 4966 μὴ
353 4895 610 4963 γενέσθαι
645 4896 741 4948 τοῦ
775 4897 908 4950 λαοῦ
942 4901 1132 4952 στάσιν
1165 4903 1464 4971 ἀφήκαμεν
1487 4905 1674 4971 αὐτὸν,
1706 4907 1830 4960 οὐδὲ

239 4987 576 5042 πλάττονται
606 5006 727 5042 τινα
758 4991 1052 5060 πρόφασιν,
1095 4992 1208 5045 ἀλλ’
1241 4995 1415 5066 αὐτὴν
1468 4995 1691 5066 λέγουσι
1725 5000 1826 5070 τὴν

238 5076 526 5147 ἀλήθειαν,
557 5079 653 5132 καὶ
688 5080 1029 5151 κηρύσσουσι
1065 5084 1163 5154 τὴν
1196 5084 1363 5138 αὑτοῦ
1398 5089 1611 5157 σοφίαν.

351 5276 397 5307 ⁴⁶
423 5274 615 5330 Matth.
640 5292 692 5339 ι,
730 5277 779 5330 l.

1933 4630 2078 4701 capti
2115 4637 2291 4692 sunt;
2343 4641 2470 4680 nam
2518 4631 2759 4677 mentem
2804 4620 3080 4673 habebant
3124 4617 3520 4684 incorruptam.

1931 4724 2054 4778 Non
2107 4734 2238 4790 ergo
2290 4727 2531 4772 mentem
2583 4714 2759 4768 solum
2813 4727 2878 4766 ac
2934 4708 3282 4780 prudentiam
3334 4721 3527 4760 eorum

1934 4812 2195 4870 admirari
2239 4810 2463 4880 dignum
2511 4813 2614 4871 est,
2658 4805 2754 4859 sed
2797 4813 2850 4858 et
2896 4800 3150 4871 loquendi
3196 4800 3527 4854 libertatem.

1935 4906 2128 4976 Neque
2175 4904 2324 4958 enim
2377 4900 2608 4954 dicunt:
2658 4895 2976 4949 Dimisimus
3027 4893 3207 4953 illum,
3255 4904 3325 4943 ne
3371 4889 3528 4942 ﬁeret

1928 4995 2198 5053 dissensio
2222 4995 2275 5048 in
2301 4991 2526 5063 populo,
2555 5001 2732 5056 neque
2765 4985 2931 5039 aliam
2969 4983 3182 5053 lingunt
3216 4981 3526 5036 excusatio-

1930 5106 2082 5152 nem,
2102 5088 2198 5143 sed
2222 5087 2392 5157 ipsam
2415 5083 2609 5138 dicunt
2625 5079 2934 5142 veritatem,
2958 5091 3022 5132 ac
3042 5076 3187 5133 illius
3218 5073 3527 5145 prmdicant

1936 5181 2279 5254 sapientiam.

1441 5352 1642 5416 Variae
1679 5355 1988 5425 lectiones
2036 5369 2096 5424 et
2132 5368 2324 5425 notae.

316 5470 427 5538 (15)
457 5471 645 5538 Ἀγιον
673 5470 825 5525 abest
866 5469 933 5525 Α.

317 5542 427 5665 με)
465 5541 590 5594 llaec
638 5540 788 5593 nullo
818 5540 981 5595 modo
1012 5542 1252 5611 pendere
1282 5553 1510 5614 possunt
1562 5563 1625 5601 ex
1664 5565 1828 5605 voca-

340 5626 371 5665 o
433 5609 890 5665 ποοσενεγθῆναι.
921 5610 1226 5665 Hentenius
1253 5616 1434 5665 habet-
1484 5616 1620 5665 ﬁeri.
1687 5620 1826 5665 Pmn

244 5609 371 5665 bulo
412 5609 890 5682 προσενεχθῆναι.
921 5609 1226 5667 ﬂentenius
1253 5609 1435 5681 habet,
1481 5616 1620 5682 ﬁeri.
1687 5620 1826 5675 Puto

242 5696 372 5763 e‘rgo
429 5680 716 5749 legendum
771 5695 890 5734 esse
956 5683 1049 5734 καὶ
1111 5682 1372 5764 γενέσθαι
1423 5680 1823 5756 καταλλαγήν.

245 5750 522 5818 thrysost.
583 5758 623 5803 ι.
663 5747 799 5809 VIII,
832 5766 882 5818 p.
916 5750 1012 5804 50!
1085 5750 1122 5802 Β
1185 5763 1257 5806 ita
1296 5754 1459 5808 habet
1519 5773 1532 5808 :
1587 5759 1695 5808 Καὶ
1726 5759 1823 5818 τὴν

248 5767 522 5820 ωιηέοει.
583 5767 623 5803 ι.
670 5767 799 5809 γιιι,
832 5767 882 5818 p.
916 5767 1012 5804 avt
1085 5767 1122 5802 is
1185 5767 1257 5806 ua
1296 5767 1459 5808 habet
1519 5773 1532 5808 :
1587 5767 1695 5808 Καὶ
1726 5767 1825 5827 τὴν

248 5818 449 5892 ἔχθραν
483 5821 537 5872 ὲν
565 5821 629 5888 τῇ
663 5821 827 5887 σαρκὶ
869 5821 1256 5892 καταλυθῆναι,
1297 5826 1388 5879 καί
1442 5827 1693 5894 γενέσθκι
1733 5829 1822 5881 τοῦ

1940 5487 2075 5540 Θεοῦ
2110 5487 2318 5556 φίλους,
2339 5482 2466 5556 _xa\_
2479 5483 2598 5536 τότε
2627 5482 2812 5556 λαβεῖν
2844 5481 3207 5556 τὴνῌδωρεάν.

2003 5546 2310 5625 (17)’Ἥτις
2337 5550 2408 5625 ἦν
2437 5554 2634 5625 durum
2665 5546 2907 5625 videtur.
2935 5546 3069 5625 sed
3093 5552 3163 5616 ita
3197 5547 3359 5625 etiam
3389 5546 3504 5599 llcu

1937 5617 2137 5680 lenius.
2173 5625 2330 5680 Nune
2361 5617 2547 5678 inalim
2579 5633 2699 5690 post
2725 5622 2940 5688 θυσίαν,
2978 5623 3099 5677 loco
3139 5619 3255 5682 καὶ,
3299 5617 3399 5677 είς.

2005 5697 2118 5764 (Ιδ)
2147 5693 2584 5764 Ὀνομαξόμεᾉνος
2633 5693 2699 5746 Α.

2005 5762 2113 5837 (l9)
2147 5762 2360 5823 Inclusa
2384 5762 2708 5820 exciderunt
2740 5763 2801 5816 Α.
