4094 6400
201 393 344 461 1281

1137 394 1527 458 COMMENT.
1571 392 1651 452 ΙΝ
1685 392 2071 458 ΙΟΑΝΝΕΜ.
2110 417 2177 432 -
2215 391 2376 454 CAP.
2413 392 2583 462 VIII.

3342 394 3482 462 1282

275 509 478 564 Kal—
507 510 713 565 αὐτοῦ.
793 507 1176 582 Ὀργισθιντες
1225 506 1320 560 ἰπὶ
1370 505 1450 576 τῷ
1499 504 1647 576 λόγῳ
1691 504 1788 559 τοῦ

1972 503 2128 561 Yers.
2170 505 2261 562 53.
2295 505 2366 562 Et
2398 537 2470 550 --
2506 522 2686 562 suam.
2733 504 3006 580 lndignatl
3047 507 3122 565 ob
3170 522 3484 566 sermonem

195 601 548 672 Νικοδήμου,
581 602 676 654 καὶ
718 600 1052 671 φοϐηθέντες
1104 597 1320 669 μήποτε
1356 595 1454 650 καὶ
1478 593 1641 659 ἄλλος
1669 592 1784 648 τῶν

1903 596 2204 660 Nlcodemi.
2249 611 2316 655 ac
2373 597 2635 656 timentes
2673 613 2745 655 ne
2789 600 2934 656 torte
2986 602 3154 656 etiam
3204 601 3482 674 quispiam

192 692 484 763 ἀρχόντων
504 694 646 747 εῐποι
669 691 911 747 τοιαῦτα.

275 783 391 839 Kal
443 784 687 852 Ἰησοῦς
721 783 835 854 (25)
866 812 934 826 --
984 778 1257 836 Ἐλαιῶν.

193 875 292 930 διὰ
326 876 515 940 νυκτὸς
544 875 860 946 επιϐουλήν.

1345 777 1641 832 Ἐκκλίνων
1696 775 1799 848 τὴν

277 991 531 1057 Ὀρθρου
556 1017 627 1029 —-
655 989 900 1055 αὐτούς.
933 987 1079 1040 Δαδν
1110 985 1348 1040 ινταῦθά
1374 1001 1509 1056 φησι
1539 983 1668 1048 τοὺς
1689 981 1784 1036 λι-

195 1094 404 1146 γοντας
459 1080 541 1132 ὅτι
597 1075 789 1144 Οὗτός
843 1079 1016 1133 ἐστιν
1078 1077 1377 1146 ἀληθῶς-ό
1425 1073 1791 1145 προφήτης⁰

197 1171 300 1223 καὶ
332 1171 455 1235 τοὺς
509 1170 768 1241 λέγοντας
815 1167 975 1233 αὖθις
1019 1170 1102 1223 ὅτι
1146 1165 1337 1235 Οὗτός
1393 1167 1566 1222 ἐστιν
1591 1168 1618 1220 ό
1653 1167 1792 1233 Χριο

1895 689 2036 746 alius
2062 690 2270 746 similia
2291 690 2523 745 diceret.

1965 779 2118 837 CAP.
2144 727 2566 838 711123;}.
2588 781 2740 837 Jcsus
2781 793 3046 837 autent—
3067 727 3365 840 Οίηανιιιιι.
3387 782 3487 842 Dee

1901 873 2116 929 clinans
2149 883 2451 930 nocturnas
2479 874 2735 931 insidias.

1963 963 2122 1021 Vers.
2152 965 2210 1021 2.
2248 967 2470 1022 Summo
2496 996 2569 1007 —
2599 966 2738 1020 illos.
2785 965 3057 1036 Populum
3108 966 3200 1022 hic
3242 965 3486 1038 appellat

1908 1068 2008 1110 eos
2034 1055 2129 1126 qui
2163 1055 2421 1112 dicebant
2465 1069 2482 1110 :
2513 1054 2616 1109 Hic
2647 1064 2724 1110 est
2759 1071 2874 1111 vere
2907 1056 3164 1125 propheta
3191 1071 3210 1110 :
3242 1055 3485 1126 itemque

1897 1159 2033 1210 eos,
2094 1146 2186 1215 qui
2226 1145 2483 1200 dicebant
2517 1161 2532 1198 :
2580 1147 2682 1199 Hic
2735 1155 2810 1198 est
2853 1144 3141 1211 Christus;
3184 1143 3332 1215 quod
3369 1158 3482 1200 non

192 1261 388 1326 στός·
415 1262 553 1330 ὅπερ
581 1234 705 1315 ⁷ούιι
736 1263 1058 1330 ἐνεγκόντες
1086 1261 1138 1314 oi
1179 1234 1452 1321 Ἰουδαῖοι,
1504 1257 1700 1311 σκόπει
1737 1255 1794 1311 τί
1895 1236 2143 1293 Ῑθτεῧίθε
2180 1235 2372 1304 διιδεῖν
2418 1237 2540 1293 Vide
2576 1236 2706 1307 (ιιιῖά
2749 1234 3163 1309 ωδιίεηειιιυιτ

192 1352 621 1422 πονηρεύόνται.

277 1446 569 1513 Ἀγπουσιν
603 1476 668 1488 -—-
690 1445 1158 1515 μοιχευομένην.
1197 1443 1324 1500 Ἐπ’
1352 1442 1679 1511 αὐτοφώρῳ
1705 1438 1795 1494 λέ-

193 1546 363 1604 γεται
395 1534 457 1588 τὸ
481 1535 883 1603 αύτελέγκτως,
911 1532 1254 1603 αύτοφανῶς,
1297 1531 1602 1603 προδήλως.

287 1712 392 1767 Ἐν
414 1741 481 1754 -—
538 1711 748 1768 αὐτοῦ.
788 1712 1157 1776 Γινώσκοντες
1190 1709 1302 1781 γὰρ
1325 1708 1490 1766 αὑτὸν
1513 1707 1792 1777 ελεήμονα

1965 1423 2121 1480 Vers.
2157 1426 2211 1479 3.
2241 1424 2520 1478 Adducunt
2547 1453 2620 1464 —
2649 1422 2808 1481 Vers.
2842 1421 2897 1479 ι.
2932 1423 3275 1477 αάιιίιενίιιηιι
3293 1438 3482 1494 perpo-

1894 1525 2148 1572 trantem.
2195 1514 2316 1569 Ἐπ’
2343 1514 2668 1588 αὐτοφώρῳ,
2704 1515 2809 1571 hoc
2831 1524 2936 1581 est,
2979 1515 3262 1586 inanifcstc
3303 1524 3359 1572 et
3390 1515 3488 1570 dc-

1892 1609 2164 1678 prehcnsc,
2184 1608 2258 1662 ita
2279 1615 2339 1662 ut
2359 1607 2546 1679 negari
2577 1621 2686 1661 non
2718 1607 2914 1676 possit.

1971 1695 2127 1752 νει-ε.
2153 1697 2205 1752 5.
2235 1693 2300 1749 In
2322 1725 2392 1735 —
2409 1692 2566 1750 Vers.
2605 1695 2659 1750 6.
2685 1695 2860 1748 illum.
2887 1693 3293 1765 Cognoseentes
3313 1693 3484 1760 enim,

192 1810 299 1860 καὶ
340 1805 625 1877 συμπαθῆ,
666 1804 1014 1877 προσεδόκων
1046 1805 1128 1858 δτι
1160 1802 1411 1873 φείσεται
1462 1800 1658 1869 αὐτῆς,
1694 1797 1790 1851 καὶ

1903 1804 2017 1844 eum
2061 1786 2476 1844 misericordem
2515 1801 2636 1842 esse
2677 1802 2741 1841 ac
2787 1787 3246 1856 compatientem,
3275 1786 3484 1857 cogita-

192 1895 392 1949 λοιπὸν
433 1896 612 1961 ἕξουσι
648 1896 994 1968 κατηγορίαν
1031 1894 1153 1949 κατ’
1207 1891 1399 1957 αὐτοῦ,
1435 1891 1512 1955 ὡς
1550 1889 1790 1960 παρανό-

1903 1880 2030 1938 bant
2077 1881 2226 1952 quod
2278 1890 2427 1936 esset
2467 1879 2544 1934 illi
2583 1879 2940 1950 parciturus,
2998 1886 3056 1934 et
3117 1880 3193 1936 ita
3241 1879 3487 1934 habituri

196 2005 323 2059 μως
357 1988 672 2059 φειδομένου
701 1985 806 2057 τῆς
831 1987 942 2040 άπὸ
969 1983 1066 2039 τοῦ
1095 1985 1264 2054 νόμου
1292 1982 1685 2053 λιθαζομένης.

1903 1981 2090 2029 essent
2141 1971 2409 2028 adversus
2455 1985 2582 2026 eum
2638 1969 3068 2033 accusationem,
3106 1979 3297 2041 utpote
3351 1968 3487 2040 legis

1902 2065 2342 2136 transgressione
2370 2062 2447 2118 illi
2470 2071 2813 2134 parcentem,
2838 2077 2960 2132 qua
2979 2061 3287 2116 secundum
3312 2060 3486 2132 legem

1899 2155 2190 2226 lapidanda
2220 2163 2361 2210 erat.

285 2243 352 2301 '0
375 2246 442 2300 δὲ
496 2244 743 2314 Ἰησοῦς
766 2272 838 2285 -
875 2241 1013 2313 γῆν.
1045 2240 1229 2312 Ὅπερ
1268 2238 1498 2294 εἰώθασι
1531 2236 1798 2302 πολλάκις

198 2345 386 2397 ποιεῖν
419 2342 469 2395 oi
508 2341 585 2412 μὴ
617 2340 866 2402 Θέλοντες
919 2333 1318 2406 ἀποκρίνεσθαι
1343 2331 1460 2404 (26)
1495 2331 1636 2403 πρὸς
1667 2332 1800 2394 τοὺς

200 2433 536 2508 ιρωτῶντας
584 2432 793 2503 ἄκαιρα
854 2429 945 2484 καὶ
975 2428 1177 2494 ἀνάξια
1201 2442 1218 2461 ο
1245 2427 1406 2496 γνοὺς
1453 2424 1564 2496 γὰρ
1617 2422 1800 2477 αὐτῶν

199 2529 310 2598 τὴν
343 2527 591 2598 μηχανὴν
615 2525 1002 2597 προσεποιεῖτο
1032 2520 1267 2593 γράφειν
1297 2517 1380 2582 είς
1421 2516 1520 2587 τὴν
1551 2514 1678 2585 γῆν,
1703 2513 1800 2569 καὶ

203 2621 288 2690 μὴ
323 2622 605 2690 προσέχειν
627 2615 710 2682 οἷς
742 2615 954 2686 ἔλεγόν.

298 2712 392 2774 Ὠς
415 2739 484 2751 -
505 2709 720 2775 αὑτήν.
745 2709 889 2779 Ὅρα
915 2705 1108 2776 σοφίαν
1138 2703 1240 2773 τῆς
1266 2698 1600 2770 αύτοσοφίας
1625 2714 1800 2752 κατα-

205 2803 579 2873 σοφιζομένην
635 2801 967 2870 εὐμηχάνως
996 2798 1096 2859 τὰς
1133 2796 1384 2868 μηχανὰς
1413 2789 1621 2846 αὐτῶν.
1652 2789 1800 2862 Ὅρα

205 2895 330 2957 πῶς
361 2895 475 2963 ἅμα
506 2895 604 2946 καῖ
636 2891 727 2944 τὸν
759 2890 926 2957 νόμον
951 2888 1216 2958 ἐτήρησε,
1251 2885 1343 2939 καὶ
1393 2881 1493 2952 τῆς
1538 2881 1804 2949 γυναικὸς

203 2983 487 3052 δφείσατο.
531 2979 830 3052 Ἐπὲτρεψε
851 2979 960 3047 γὰρ
981 2977 1072 3030 τὸν
1103 2971 1492 3044 ἀναμάρτητον
1523 2968 1585 3034 ιε
1615 2967 1801 3021 αὐτῶν

203 3075 482 3145 ἄρξασθαι
518 3072 616 3127 τοῦ
679 3070 976 3126 λιθοϐολεῖν
1033 3066 1226 3137 αὐτὴν,
1258 3062 1418 3126 είδὼς
1473 3061 1686 3123 πάντας
1745 3060 1805 3113 ἂν

204 3170 534 3241 ἁμαρτίαις.

285 3263 393 3319 Καί
424 3262 612 3317 πάλιν
635 3290 703 3301 -
746 3257 884 3329 γῆν.
920 3256 1040 3311 Ἵνα
1067 3253 1144 3326 μὴ
1175 3253 1464 3325 βλέποντος
1498 3251 1578 3313 είς
1603 3245 1802 3310 αὐτοὺς

205 3359 582 3428 αἰσχύνωνται
634 3356 764 3427 ῥᾷον
802 3353 977 3415 οὓτως
1011 3347 1389 3419 ἐλεγχθέντες,
1425 3347 1522 3399 καὶ
1555 3343 1665 3408 ἵνα,
1720 3340 1796 3406 ὡς

205 3451 381 3507 αὐτοῦ
421 3451 585 3520 δῆθεν
619 3445 1022 3518 ἀσχολουμένου
1059 3443 1139 3505 είς
1166 3440 1227 3492 τὸ
1257 3441 1517 3508 γράφειν,
1559 3436 1654 3506 ἐξῇ
1702 3435 1806 3489 αὐ·

203 3548 330 3608 τοῖς
359 3541 791 3612 ὑπαναχωρῆσαι
815 3537 923 3608 πρὸ
948 3531 1336 3606 φανερωτέρας
1373 3527 1801 3598 καταγνώσεως·

207 3637 310 3691 καὶ
363 3635 545 3691 αὐτῶν
606 3633 716 3703 γὰρ
764 3629 1008 3700 ἐφείδετο
1057 3625 1123 3679 δι’
1183 3621 1494 3694 ὑπερϐολὴν
1568 3626 1808 3691 χρηστο-

204 3746 398 3803 τητος.

285 3824 354 3875 οι
384 3819 452 3873 δὲ
483 3847 558 3859 -
588 3815 885 3886 ἐσχάτων.
921 3810 1110 3874 Οὐδεὶς
1149 3810 1258 3880 γὰρ
1289 3807 1678 3879 ἀναμάρτητον
1727 3803 1809 3856 εί-

210 3916 337 3969 πεῐν
361 3913 554 3966 ἑαυτὸν
583 3910 838 3980 ἠδύνατο.

284 4005 399 4060 Kal
430 4031 492 4042 —
518 4003 870 4068 κατέκρινεν
889 4013 910 4062 ;
968 3994 1458 4064 Ἀναχωρήσαντες
1511 3989 1622 4060 γὰρ
1657 3988 1805 4058 ἁφῆ-

213 4114 326 4150 καν
357 4094 525 4164 αὐτὴν
551 4093 760 4146 ἄνετον
790 4089 914 4142 επεὶ
941 4087 997 4140 δι
1028 4087 1244 4148 ἄνετον,
1273 4084 1493 4144 πάντως
1533 4081 1631 4133 καὶ
1670 4081 1807 4131 ἁκαο

214 4188 481 4256 τάκριτον
517 4184 579 4235 τὸ
609 4181 697 4236 ἐπ’
726 4180 910 4242 αὐτοῖς
949 4191 963 4205 ‘
998 4171 1036 4246 ἦ
1059 4178 1167 4246 γὰρ
1217 4173 1286 4226 ἂν
1320 4173 1580 4240 συνέσχον
1612 4168 1805 4238 αὐτήν.

299 4370 366 4424 Ἡ
388 4398 450 4410 -
481 4364 840 4433 κατακρίνω.
871 4358 936 4413 Εἰ
971 4357 1079 4428 γὰρ
1116 4357 1317 4410 laeti/at
1346 4353 1626 4422 ἄνθρωποι
1655 4349 1806 4411 ὄντες

210 4466 276 4520 οὺ
311 4458 641 4528 κατέκριναν
671 4471 752 4518 σε,
787 4452 970 4520 πολλῷ
1005 4447 1209 4520 μᾶλλον
1246 4445 1368 4498 οὐδὲ
1401 4443 1511 4511 ἐγώ
1544 4457 1604 4493 σε
1640 4453 1810 4492 κατα·

213 4558 414 4630 κρίνω,
440 4551 572 4613 Θεὸς
604 4547 680 4602 ὣν
711 4548 804 4601 καὶ
833 4543 928 4598 τοῦ
955 4542 1121 4613 νόμου
1151 4539 1378 4610 Κύριος.

295 4741 564 4809 Πορεύου
594 4767 666 4780 -
692 4733 1016 4804 ἁμάρτανε.
1067 4724 1393 4798 Ἀρκοῦντος
1427 4718 1523 4775 τοῦ
1552 4713 1810 4789 τηλικού-

213 4853 316 4890 του
344 4833 636 4905 θριάμϐου,
683 4829 779 4882 καὶ
807 4826 910 4895 τῆς
964 4821 1198 4874 ινώπιον
1229 4815 1503 4870 τοσούτων
1542 4809 1809 4879 αίσχύνης

215 4933 300 4994 είς
349 4903 622 4995 τιμωρίαν
649 4938 662 4951 ο
697 4920 838 4989 ιγνω
872 4918 981 4987 γὰρ
1015 4912 1185 4985 αὐτὴν
1231 4914 1329 4962 καὶ
1383 4903 1806 4975 μετανοήσασαν

216 5020 573 5090 δλοκαρδίως.

293 5082 489 5167 Πάξιιν
519 5137 590 5148 --
620 5106 876 5173 κόσμου.
937 5098 1028 5159 Ὠς
1088 5090 1342 5164 φωτίζων
1381 5089 1470 5141 τὸν
1516 5083 1642 5138 νοῦν
1697 5082 1809 5136 τῶν

219 5205 553 5276 ἀνθρώπων,
577 5200 668 5253 καὶ
693 5193 904 5266 ὁδηγῶν
931 5191 1044 5244 ἀπὸ
1069 5188 1170 5258 τῆς
1203 5185 1412 5252 πλάνης
1443 5181 1524 5242 είς
1554 5177 1656 5247 τὴν
1681 5174 1813 5276 alni;-

221 5266 379 5355 θειαν
407 5301 498 5348 καὶ
524 5295 632 5346 ἀπὸ
660 5289 760 5359 τῆς
791 5283 1071 5356 ἁμαρτίας
1101 5282 1183 5344 είς
1209 5279 1310 5352 τὴν
1339 5273 1566 5346 ἀρετὴν,
1611 5269 1707 5321 καὶ
1734 5266 1811 5329 ὡς

223 5390 606 5460 καταλάμπων
640 5383 736 5437 καὶ
800 5375 1108 5448 φαιδρύνων
1136 5374 1198 5428 τὸ
1233 5366 1565 5443 ἡγεμονικὸν
1597 5359 1804 5424 αὐτῶν,

223 5485 410 5544 καθὼς
447 5456 542 5536 παὶ
587 5483 643 5532 εν
676 5473 982 5549 προοιμίοις
1014 5469 1110 5522 τοῦ
1173 5464 1440 5536 παρόντος
1471 5456 1808 5526 Εύαγγελίου

1973 2244 2129 2302 Vers.
2163 2247 2217 2302 6.
2254 2246 2688 2302 Iesus—terra.
2728 2244 2888 2312 Quod
2935 2245 3262 2313 frequenter
3309 2241 3492 2298 facere

1903 2339 2107 2404 solent,
2151 2337 2245 2408 qui
2286 2336 2627 2408 respondere
2667 2336 2861 2390 nolunt
2890 2335 3203 2406 importuna
3239 2335 3492 2405 indigna-

1903 2447 2010 2503 que
2033 2429 2353 2502 rogantibus
2371 2447 2387 2484 :
2413 2427 2630 2499 cognita
2651 2426 2798 2482 enim
2814 2426 3032 2481 illorum
3057 2425 3490 2490 machinatione,

1905 2521 2145 2593 tingebat
2187 2535 2246 2576 se
2293 2521 2348 2574 in
2381 2529 2525 2574 terra
2566 2516 2832 2580 scribere,
2877 2529 2981 2570 nec
3039 2515 3125 2569 bis
3166 2515 3482 2580 attendere,

1902 2629 2026 2685 qua:
2063 2611 2340 2669 dicebant.

1975 2703 2142 2761 Vers.
2206 2705 2259 2758 7.
2311 2699 2741 2758 Cum—illam.
2787 2695 2927 2753 Vide
2986 2695 3313 2767 sapientiam
3352 2696 3494 2766 ejus,

1904 2797 1999 2868 qui
2056 2798 2175 2868 ipsa
2224 2804 2311 2850 est
2371 2791 2692 2864 Sapientia.
2763 2788 2899 2844 Nam
2955 2788 3227 2860 sagaciter
3280 2789 3495 2842 illorum

1905 2890 2123 2959 decepit
2156 2886 2598 2943 machinationes
2633 2901 2648 2939 :
2698 2882 2862 2938 simul
2893 2893 2946 2938 et
2995 2880 3270 2937 servando
3316 2886 3490 2951 legem

1906 2990 1960 3038 et
1995 2980 2268 3049 parcendo
2294 2977 2529 3032 mulieri.
2557 2973 2838 3046 Siquidem
2860 2976 2908 3029 ei
2937 2975 3029 3044 qui
3056 2989 3122 3029 ex
3156 2973 3294 3043 ipsis
3313 2992 3342 3025 ει
3371 2988 3499 3042 pec-

1907 3085 2029 3129 cato
2086 3071 2348 3127 immunis
2395 3075 2585 3134 esset,
2648 3066 2904 3137 permisit
2960 3075 3020 3120 ut
3075 3081 3197 3120 eam
3252 3064 3498 3134 lapidare

1827 3207 1875 3270 Ο
1911 3167 2176 3235 inciperet
2210 3183 2223 3218 :
2261 3163 2444 3218 sciens
2474 3175 2667 3216 omnes
2699 3156 2945 3228 peccatis
2975 3171 3097 3211 esse
3125 3155 3417 3211 obnoxios.
3460 3180 3474 3190 -

1982 3256 2024 3270 ιο
2172 3255 2202 3270 η
2267 3255 2302 3270 n
2460 3269 2481 3270 η
2533 3269 2539 3270 ,
2576 3268 2588 3270 _
2710 3259 2853 3270 4____
2919 3247 2985 3270 ll.
3021 3248 3141 3270 .I_-_-
3173 3247 3286 3270 2..--
3319 3247 3369 3270 2..
3408 3262 3466 3270 ...ι

1982 3256 2138 3314 Vers.
2171 3255 2224 3311 8.
2257 3255 2591 3322 Rursumque
2613 3279 2684 3292 -
2708 3259 2853 3305 terra
2875 3287 2891 3302 .
2919 3247 2990 3303 Ut
3015 3248 3144 3302 dum
3173 3247 3288 3316 ipse
3319 3247 3371 3299 in
3405 3260 3501 3299 eos

1906 3365 2016 3406 non
2053 3348 2367 3418 respiceret,
2402 3343 2791 3399 erubescerent
2822 3337 3000 3394 lenius
3031 3335 3308 3407 redarguii
3337 3350 3353 3390 :
3394 3337 3501 3389 uti-

1907 3457 2014 3512 que
2074 3440 2144 3493 ita
2197 3437 2288 3492 illo
2357 3437 2415 3489 in
2488 3431 2783 3488 scribendo
2823 3440 3112 3499 occupato,
3165 3429 3377 3494 liceret,
3420 3441 3500 3480 e:s

1909 3531 2112 3587 sensim
2153 3527 2470 3590 abscedere,
2517 3533 2824 3591 antequam
2860 3519 3203 3575 manifestius
3243 3519 3501 3572 condem-

1907 3629 2172 3678 narentur
2209 3636 2223 3673 :
2257 3631 2386 3672 nam
2420 3629 2518 3669 sua
2552 3625 2767 3667 summa
2799 3609 3139 3680 benignitate
3171 3607 3334 3661 etiam
3365 3605 3498 3675 τρεῖς

1908 3714 2189 3787 parcebat.

1983 3801 2139 3858 Vers.
2182 3802 2236 3858 9.
2264 3799 2432 3855 Atilii
2463 3825 2535 3838 —
2582 3804 2893 3867 postremos.
2944 3789 3139 3844 Nullus
3168 3788 3319 3844 enim
3390 3785 3503 3842 sci-

1911 3913 2076 3970 psum
2095 3912 2126 3950 a
2160 3903 2387 3966 peccato
2416 3892 2720 3947 immunem
2747 3887 2932 3941 dicere
2953 3893 3188 3954 poterat.

1985 3985 2143 4041 Vers.
2173 3986 2228 4040 9.
2271 3983 2340 4038 Et
2372 4013 2439 4021 —
2465 3980 2621 4035 Vers.
2651 3979 2735 4032 l0.
2771 3975 3137 4031 condemnavit
3163 3973 3185 4025 1‘
3210 3968 3465 4025 Reccden
3488 3995 3502 4007 -

1917 4091 1998 4136 tes
2033 4093 2274 4147 namque
2299 4074 2629 4129 dimiserant
2657 4084 2778 4124 eam
2820 4068 3105 4128 intactam,
3165 4062 3351 4130 utique
3391 4073 3501 4112 non

1913 4169 2357 4229 condemnatam,
2391 4163 2542 4235 quod
2581 4160 2649 4215 ad
2689 4173 2747 4214 se
2769 4155 3108 4228 pertinebat,
3170 4149 3374 4218 alioqui
3400 4165 3501 4219 op-

1911 4264 2246 4336 pressissent
2285 4274 2428 4313 eam.

1989 4355 2141 4410 Vers.
2183 4353 2265 4406 ll.
2297 4349 2516 4416 ρυιε-
2549 4347 2860 4399 condemno.
2907 4341 3046 4394 Nam
3109 4339 3152 4394 si
3221 4337 3320 4403 illi,
3377 4351 3502 4388 cum

1915 4444 2169 4504 homines
2203 4441 2337 4503 sint.
2374 4449 2426 4494 te
2444 4451 2552 4491 non
2578 4434 3108 4493 condemnaret-unt,
3137 4427 3504 4496 multomagis

1833 4551 1887 4612 Ῑ)
1915 4553 2037 4609 ego,
2071 4533 2164 4604 qui
2199 4533 2341 4586 Deus
2369 4544 2517 4592 sum,
2544 4527 2796 4596 legisque
2827 4521 3114 4583 Dominus,
3139 4527 3191 4572 te
3227 4533 3338 4572 non
3370 4532 3507 4569 cun-

1912 4635 2148 4776 (18:21:.
2175 4717 2263 4771 11.
2291 4715 2391 4768 Abi
2418 4744 2487 4754 —
2514 4709 2830 4779 peccaveris.
2865 4704 3013 4758 Satis
3042 4702 3188 4758 enim
3230 4709 3347 4754 crat
3385 4699 3508 4753 talis

1915 4812 2237 4884 divulgatio,
2307 4817 2362 4864 et
2391 4821 2572 4863 coram
2624 4811 2705 4858 tot
2749 4795 3079 4853 adversariis
3127 4791 3505 4879 erubescentia

1918 4923 2016 4978 pro
2047 4882 2319 4973 supplicio
2353 4917 2368 4954 :
2398 4897 2635 4951 maxime
2658 4907 2784 4948 cum
2823 4886 2994 4944 sciret
3024 4886 3173 4956 quod
3207 4882 3358 4936 illam
3389 4888 3503 4933 toto

1918 4999 2085 5056 corde
2109 4995 2424 5068 pmnileret.

1991 5066 2149 5144 Vers.
2185 5085 2271 5141 12.
2308 5083 2514 5138 Iterum
2543 5107 2614 5120 —
2643 5075 2855 5132 mundi.
2889 5070 3093 5140 Utpote
3133 5077 3374 5122 mentem
3403 5066 3506 5119 lm-

1921 5182 2130 5238 minum
2160 5175 2480 5230 illuminans
2501 5180 2559 5226 et
2585 5170 2656 5224 ab
2687 5180 2874 5222 errore
2891 5163 3100 5218 ducens
3117 5159 3183 5213 ad
3199 5160 3506 5221 veritatem,

1921 5284 1950 5322 a
1983 5275 2202 5337 peccato
2228 5263 2295 5316 ad
2324 5262 2585 5315 virtutem
2619 5276 2633 5311 :
2678 5263 2736 5310 et
2788 5264 3048 5323 tanquam
3116 5249 3399 5302 illustrans
3443 5260 3508 5300 ac

1917 5359 2230 5414 cxiiilarans
2302 5353 2517 5408 animas
2586 5362 2805 5412 eorum,
2906 5337 3379 5415 quemadmodum
3451 5337 3505 5391 in

1918 5449 2193 5506 Prooemio
2219 5444 2506 5520 praesentis
2532 5440 2807 5513 Evangelii
2833 5435 3219 5498 disseruimus,
3274 5429 3366 5486 ubi
3415 5428 3506 5484 di-

1387 5642 1586 5705 νει-ἰῶ
1631 5636 1942 5700 lectiones
1977 5641 2041 5694 et
2087 5638 2277 5695 notae.

302 5799 414 5867 (9.5)
470 5801 577 5855 Pro
606 5790 1021 5867 \-ulgari.91csu_s.
1057 5780 1442 5867 nu_t_ern,.quod
1501 5773 1805 5834 IIentenius

225 5851 488 5937 edd—liii,—
509 5851 738 5936 uterque
770 5851 958 5927 habet,
989 5858 1097 5911 Kal.
1123 5851 1355 5926 Ἰησοῦς.

1991 5767 2102 5840 (9.6)
2152 5761 2382 5832 ‘Amxpi
2390 5777 2451 5813 να
2461 5757 2579 5812 σθαι
2613 5758 2680 5810 Δ.
