4110 6392
615 379 758 445 1283

1860 373 2238 434 EUTHYMII
2279 373 2640 436 ZIGABENI

3757 385 3884 447 1284

610 496 760 552 citur
788 511 801 548 :
840 491 910 546 Et
930 493 1041 546 vita
1068 498 1182 544 erat
1203 489 1294 543 lux
1311 488 1581 542 hominum
1611 486 1678 544 “.
1705 486 1820 541 lloc
1841 495 2023 540 autem
2048 487 2189 540 dixit

2308 487 2634 557 5.ελά6ομεν,
2665 487 2795 539 ἔνθα
2837 489 3012 541 κεῖται
3070 489 3152 555 τδ,
3201 491 3308 544 Καὶ
3342 493 3379 560 ἡ
3409 491 3526 560 ζωὴ
3569 487 3649 562 ἦν
3675 496 3739 547 τὸ
3767 497 3879 564 φῶς

612 595 840 656 propter
864 585 1110 638 diversas
1143 581 1211 637 de
1242 595 1300 635 se
1327 580 1616 651 opiniones
1650 579 1888 633 illorum.

685 768 840 823 Vers.
895 766 982 820 12.
1041 765 1146 830 Qui
1198 794 1270 804 --
1325 763 1573 818 tenebris.
1613 762 1669 817 1n
1701 775 1892 817 errore
1957 769 2011 814 et
2067 773 2195 830 pec-

618 878 678 916 ca
687 870 760 913 tu.

693 953 846 1005 γει-ε.
883 951 966 1003 l2.
997 951 1101 1005 Sed
1128 979 1198 990 ——
1225 950 1360 1002 vita.
1397 946 1662 1002 ἐξίει-ηοω.

690 1041 824 1096 Vers
885 1044 969 1096 l3.
1004 1037 1541 1095 Dixerunt—Vere.
1599 1039 1688 1092 Η.
1749 1054 1944 1092 meum.
2003 1035 2199 1102 Quaere

617 1133 762 1185 circa
796 1132 972 1186 media
1009 1132 1228 1201 septimi
1273 1131 1490 1200 capitis,
1555 1131 1644 1184 ubi
1707 1131 1948 1184 dicitur:
2003 1127 2063 1183 Si
2109 1145 2200 1199 ego

619 1225 973 1277 testimonium
1005 1222 1243 1291 per/iibeo
1273 1222 1335 1275 de
1360 1237 1442 1274 me
1471 1224 1608 1289 ipso,
1641 1222 1998 1274 testimonium
2028 1235 2202 1273 meum

620 1329 720 1366 non
756 1322 830 1365 est
867 1328 1047 1365 verum
1085 1312 1129 1344 δ’
1160 1329 1172 1365 :
1205 1312 1259 1365 in
1311 1312 1458 1365 illius
1526 1311 1793 1380 siquidem
1850 1313 2203 1366 enarratione

615 1404 781 1457 etiam
806 1405 1248 1469 bujuslactaest
1300 1403 1529 1456 mentio.
1589 1402 1819 1468 Quidam
1876 1417 2005 1456 vero
2051 1402 2205 1454 aiunt

617 1495 763 1562 quod
796 1494 926 1548 illud
957 1504 1216 1562 tanquam
1245 1494 1410 1547 homo
1434 1494 1653 1553 dixerit.
1703 1495 1805 1546 lioc
1849 1501 2031 1546 autem
2080 1503 2203 1548 tan-

619 1602 782 1653 quam
807 1585 972 1646 Deus,
993 1587 1290 1640 ostendens
1315 1600 1373 1639 se
1397 1601 1505 1638 non
1528 1586 1735 1639 nudum
1756 1601 1876 1640 esse
1897 1586 2203 1652 hominem,

619 1688 778 1746 prout
810 1676 908 1745 ipsi
938 1678 1379 1744 suspicabantur.

690 1767 845 1822 Vcrs.
888 1769 973 1820 14.
1005 1768 1146 1833 Quia
1186 1798 1255 1808 —
1292 1771 1540 1823 venerim.
1581 1771 1625 1822 Α
1662 1770 1822 1824 Patre
1859 1770 1992 1824 Deo.

2302 576 2420 629 τῶν
2444 575 2792 644 ἀνθρώπων.
2829 577 3002 631 Τοῦτο
3032 578 3088 632 δὶ
3123 576 3246 632 εἷπε
3276 581 3364 633 διὰ
3395 583 3494 645 τὰς
3531 583 3663 652 περὶ
3688 584 3877 637 ἑαυτοῦ

2299 669 2590 740 διαφόρους
2627 670 2924 739 ὑπολήψεις
2959 670 3072 742 (27)
3103 671 3302 724 αὐτῶν.

2382 763 2446 815 '0
2480 791 2549 801 —
2586 763 2823 830 σκοτίᾳ.
2872 763 2962 816 Ἐν
2991 767 3057 835 τῇ
3101 764 3279 836 πλάνῃ
3306 765 3398 817 καὶ
3433 769 3500 836 τῇ
3535 767 3808 836 ἁμαρτίᾳ.

2388 948 2544 1002 Ἀλλ’
2565 977 2638 988 -
2682 946 2854 1015 ζωῆς.
2886 947 2997 1017 Τῆς
3025 945 3270 1001 αἰωνίου.

2375 1038 2566 1092 Εἶπον
2590 1067 2660 1078 -
2679 1055 2821 1106 μου.
2857 1039 3103 1108 Ζήτησον
3141 1038 3272 1108 περὶ
3302 1037 3370 1091 τὰ
3422 1038 3567 1107 μέσα
3596 1037 3695 1092 τοῦ
3741 1039 3887 1093 £666-

2309 1149 2411 1201 μου
2431 1132 2729 1202 κεφαλαίου
2751 1131 2834 1204 [to
2850 1132 2988 1184 Ἐὰν
3007 1131 3122 1200 ἐγὼ
3131 1130 3413 1201 μαρτυρῶ
3426 1130 3540 1201 (28)
3560 1132 3695 1198 περὶ
3720 1131 3892 1200 epiru-

2305 1223 2494 1289 τοῦ,’ή
2537 1225 2834 1294 μαρτυρία
2863 1239 2981 1292 μου
3037 1223 3150 1276 οὐκ
3195 1224 3370 1276 ἐστιν
3411 1220 3651 1290 ἀληθής
3677 1235 3692 1250 ⁸
3737 1225 3793 1274 ὲν
3832 1224 3894 1292 τῇ

2307 1317 2566 1388 ἐξηγήσει
2596 1320 2704 1388 γὰρ
2732 1315 2968 1389 ἐκείνου]
3012 1313 3289 1379 καὶτοῦτο
3317 1317 3733 1388 ἐμνημονεύθη.
3757 1316 3895 1369 Φασὶ

2307 1411 2365 1464 δέ
2395 1427 2537 1474 τινες
2568 1412 2649 1463 ὅτι
2679 1413 2855 1465 ἐκεῖνο
2889 1411 2990 1480 μὲν
3018 1407 3170 1463 εἶπεν
3197 1408 3273 1473 ὡς
3301 1408 3615 1480 ἄνθρωπος,
3651 1407 3814 1461 τοῦτο
3834 1406 3891 1459 δὲ

2307 1504 2382 1568 ὡς
2411 1505 2566 1571 Θεὸς,
2591 1505 2870 1572 ἐμφαίνων
2901 1506 2983 1558 δτι
3006 1506 3107 1559 οὐκ
3144 1505 3260 1558 ἐστι
3293 1503 3449 1572 ψιλὸς
3474 1501 3792 1574 ἄνθρωπος,
3822 1499 3894 1563 ὡς

2311 1597 2465 1650 αὐτοὶ
2493 1597 2988 1666 ὑπολαμϐάνουσιν.

2385 1763 2596 1820 Ὀτι-
2627 1759 2838 1833 ἦλθον.
2882 1761 2978 1817 Ἐκ
3008 1764 3220 1834 Πατρδς
3252 1763 3408 1820 Θεοῦ.

687 1856 844 1912 Vers.
887 1858 970 1912 Η.
1001 1857 1068 1909 Et
1095 1876 1196 1928 quo
1227 1863 1380 1913 vado.
1415 1859 1494 1912 Ad
1535 1861 1789 1914 eumdem
1840 1861 2020 1930 ipsum
2076 1869 2200 1928 post

2376 1855 2485 1910 Καὶ
2520 1854 2640 1908 ποῦ
2695 1852 2924 1923 ὑπάτω.
2959 1855 3057 1921 Είς
3101 1855 3215 1926 (29)
3255 1855 3420 1908 αὐτὸν
3475 1855 3619 1924 μετὰ
3645 1854 3709 1906 τὸ
3749 1853 3895 1914 τέλος

618 1949 780 2004 ﬁnem
815 1951 976 2016 hujus
1007 1951 1456 2020 dispensationis.
1494 1953 1634 2018 Quia
1657 1968 1787 2007 vero
1852 1953 1993 2019 scio,
2046 1953 2198 2024 quod

2308 1950 2404 2018 τῆς
2458 1947 2775 2016 οἰκονομίας
2833 1946 3056 2017 ταύτης.
3102 1947 3260 2001 Ἐπεὶ
3293 1947 3405 2017 (50)
3465 1946 3524 2000 δὲ
3557 1941 3676 1998 οἰδα
3721 1944 3806 1996 ὅτι
3839 1945 3896 1995 ὲκ

619 2056 649 2094 a
672 2039 831 2094 Patre
860 2041 967 2097 Deo
998 2044 1264 2107 venerim,
1287 2059 1342 2098 et
1364 2044 1433 2097 ad
1467 2060 1592 2098 cum
1626 2045 1804 2114 ipsum
1833 2045 1992 2112 vado,
2014 2045 2206 2115 utique

619 2131 791 2186 Filius
815 2132 909 2186 Dei
949 2148 1070 2186 sum
1096 2143 1149 2187 et
1173 2134 1337 2188 Deus.
1370 2134 1558 2205 Itaque
1590 2136 1695 2189 ﬁde
1728 2137 1927 2205 dignus
1979 2151 2100 2190 sum
2149 2145 2204 2191 et

618 2222 734 2291 ipsa
769 2221 924 2287 ﬁdes,
966 2224 1110 2276 sicut
1138 2234 1192 2276 et
1219 2224 1334 2292 ipsa
1361 2229 1585 2280 veritas.

699 2312 862 2374 Vers‘;
888 2314 1100 2373 ηγιῦ.
1131 2331 1200 2358 4-;
1229 2319 1386 2374 uado.
1434 2328 1482 2362 -‘
1526 2318 1779 2385 Nescitis,
1823 2320 1968 2375 sicut
2006 2329 2199 2375 osten-

620 2410 772 2473 ditis,
801 2410 943 2464 sicut
973 2410 1266 2473 siumlatis,
1300 2412 1405 2465 hoc
1428 2419 1534 2475 est,
1585 2411 1808 2465 Nescire
1840 2411 2121 2476 vldemini,
2152 2413 2206 2467 in

619 2502 846 2554 veritate
877 2510 1057 2554 tamen
1086 2505 1236 2556 scitis
1276 2519 1289 2554 :
1317 2502 1439 2555 ideo
1470 2502 1634 2555 etiam
1668 2503 1922 2571 superius
1950 2503 2106 2566 dixit,
2139 2500 2208 2554 Et

617 2604 700 2643 me
720 2591 867 2644 scitis
908 2600 956 2644 et
994 2591 1132 2644 unde
1157 2593 1257 2644 sim
1283 2593 1428 2647 scitis
1468 2593 1537 2648 '°.

688 2680 842 2736 Vers.
879 2683 966 2736 15.
1016 2681 1114 2736 Vos
1140 2712 1209 2722 --
1246 2683 1520 2762 judicaiis.
1548 2681 1876 2748 Carnaliter,
1932 2682 2208 2738 sensuali-

625 2779 728 2837 ter,
766 2787 952 2826 crasso
981 2773 1142 2844 modo
1172 2775 1241 2828 ad
1277 2775 1328 2826 id
1357 2774 1560 2839 solum,
1623 2773 1769 2843 quod
1827 2785 2076 2844 apparet,
2122 2774 2207 2829 in-

629 2843 1131 2932 tuentes,nihilque
1159 2863 1452 2917 sublimius
1481 2879 1545 2917 ac
1573 2843 2209 2936 spiritualecogitantes.

622 2953 822 3008 Sciens
848 2965 1054 3020 autem,
1085 2970 1180 3010 eos
1208 2955 1484 3009 dicturos:
1511 2953 1578 3008 Et
1601 2970 1796 3023 quare,
1815 2955 1860 3009 si
1885 2964 2064 3025 potes,
2097 2967 2212 3009 non

610 3047 778 3116 punis
806 3061 928 3111 nos,
961 3046 1053 3117 qui
1087 3047 1159 3100 ita
1187 3045 1523 3116 judicemus,
1549 3046 1626 3100 ait
1655 3064 1669 3100 :

691 3137 849 3192 Vera.
891 3138 978 3192 i5.
1021 3136 1129 3208 Ego
1161 3165 1232 3176 —
1276 3153 1620 3207 quemquam.
1681 3136 1800 3192 Non
1829 3137 2014 3208 judico
2036 3153 2206 3194 nunc.

2309 2041 2521 2113 Πατρός
2551 2042 2684 2095 Θεοῦ
2728 2039 2894 2112 ἦλθον
2948 2042 3044 2094 καὶ
3076 2042 3157 2102 εἰς
3188 2040 3351 2094 αὐτὸν
3401 2039 3625 2106 ὑπάγω,
3681 2036 3894 2095 πάντως

2309 2134 2434 2196 Υἱὸς
2460 2134 2553 2186 τοῦ
2584 2134 2717 2186 Θεοῦ
2747 2135 2864 2203 εἰμι
2889 2133 2982 2186 καὶ
3003 2131 3158 2194 Θεός.
3186 2129 3298 2184 Καὶ
3328 2129 3516 2183 λοιπὸν
3573 2125 3894 2195 ἀξιόπιστός

2307 2228 2445 2295 ειμι,
2477 2225 2571 2278 καὶ
2599 2225 2946 2289 αὑτόπιστος,
2975 2224 3051 2288 ὡς
3085 2222 3468 2294 αὑτοαλήθεια,

2395 2316 2583 2386 Ὑμεῖς
2605 2345 2674 2356 ——
2699 2315 2928 2384 ὑπάγω.
2953 2343 3024 2356 -
3046 2316 3169 2368 Οὐκ
3197 2313 3420 2376 οιδατε,
3447 2311 3523 2375 ὡς
3554 2310 3795 2375 δοκεῖτε,
3825 2306 3895 2369 ὡς

2309 2407 2589 2478 φαίνεσθε,
2621 2409 2696 2469 ib;
2724 2406 3108 2477 προσποιεῖσθε
3133 2421 3151 2438 ο
3181 2408 3245 2477 τῇ
3275 2405 3384 2475 γὰρ
3417 2403 3652 2474 ἀληθείᾳ
3693 2402 3889 2455 οἴδατε.

2309 2501 2401 2553 Διδ
2423 2501 2516 2553 καὶ
2541 2500 2801 2570 ἀνωτέρω
2821 2495 2976 2552 εἶπεν
3033 2499 3114 2552 ὅτι
3143 2495 3306 2567 Κάμὲ
3327 2496 3548 2562 οἴδατε,
3574 2501 3674 2549 καὶ
3702 2494 3897 2548 οἴδατε

2309 2594 2498 2647 πόθεν
2521 2592 2661 2662 ειμι.

2396 2685 2596 2754 Ὑμεῖς
2623 2714 2693 2725 -
2723 2683 2977 2752 κρίνετε.
3038 2682 3354 2752 Σαρκικῶς,
3385 2679 3662 2749 αίσθητῶς
3681 2721 3698 2744 ,
3723 2697 3898 2750 παχυ-

2315 2776 2519 2849 μερῶς,
2555 2775 2692 2845 πρὸς
2739 2775 2900 2844 μόνον
2945 2775 3008 2829 τὸ
3059 2774 3389 2844 φαινόμενον
3441 2773 3762 2842 βλέποντες,
3806 2773 3897 2825 καὶ

2315 2868 2487 2937 μηδὲν
2519 2866 2848 2938 ὑψηλότερον
2877 2869 2971 2920 καὶ
3001 2864 3374 2936 πνευματικὸν
3405 2863 3744 2927 ἐννοοῦντες.
3803 2862 3894 2914 Ei-

2312 2958 2420 3020 δὼς
2468 2958 2524 3012 δὲ
2556 2959 2755 3023 αὐτοὺς
2797 2959 3092 3029 μέλλοντας
3139 2959 3314 3010 εἰπεῖν
3366 2958 3448 3009 δτι
3485 2957 3595 3009 Καὶ
3641 2955 3783 3008 διατί
3837 2954 3894 3006 οὐ

2315 3052 2563 3116 κολάζεις
2591 3053 2761 3122 ἡμᾶς,
2799 3051 3084 3121 κρίνοντας
3111 3049 3304 3112 οὕτως,
3335 3051 3383 3102 εί
3415 3048 3570 3122 δύνῃ,
3603 3047 3792 3117 φησίνο

2399 3145 2541 3212 Ἐγὼ
2568 3173 2637 3185 -
2665 3141 2907 3196 οὐδένα.
2966 3141 3039 3196 Οἳ)
3077 3141 3250 3212 κρίνω
3280 3139 3394 3194 νῦν.
3430 3139 3542 3192 Καὶ
3580 3138 3763 3191 ὀπίσω
3791 3137 3894 3206 γὰρ

615 3226 752 3282 Nam
781 3237 838 3282 et
874 3229 930 3282 in
966 3229 1345 3298 superioribus
1379 3230 1540 3284 tertio
1594 3231 1777 3300 capite
1833 3229 1974 3285 dixit
2008 3248 2022 3285 :
2085 3229 2206 3284 Non

2314 3235 2374 3287 ιν
2400 3234 2480 3303 τῷ
2509 3235 2676 3304 τρίτῳ
2704 3232 2986 3302 κεφαλαίῳ
3007 3227 3180 3284 είπενο
3217 3235 3298 3285 Οὐ
3333 3229 3444 3300 γὰρ
3469 3229 3837 3285 ἀπέστειλεν
3863 3230 3894 3282 d

617 3318 757 3371 enim
795 3319 938 3373 misit
966 3319 1106 3373 Deus
1129 3320 1332 3374 Filium
1355 3336 1512 3374 suum
1539 3322 1594 3374 in
1622 3322 1899 3388 mundam,
1930 3331 1987 3376 ut
2010 3322 2212 3392 judice:

2317 3325 2462 3392 Θεὸς
2488 3328 2597 3380 τὸν
2625 3324 2758 3378 Υἱδν
2784 3323 2972 3378 αὐτοῦ
3020 3327 3106 3389 εις
3133 3323 3242 3377 τὸν
3285 3323 3543 3391 κόσμον,
3593 3322 3697 3376 ἵνα
3725 3322 3894 3390 κρίνα

615 3409 896 3473 mundum,
949 3414 1040 3464 sed
1071 3420 1129 3463 ut
1152 3410 1391 3464 salvetur
1415 3412 1642 3465 mundus
1693 3429 1786 3482 per
1831 3414 2004 3484 ipsum
2039 3415 2122 3482 ἰς
2158 3424 2207 3470 el

2313 3419 2422 3473 τὸν
2452 3419 2707 3487 κόσμον,
2740 3416 2879 3471 ἀλλ’
2907 3417 3008 3469 Ira
3035 3413 3203 3484 σωθῇ
3237 3417 3271 3470 d
3316 3415 3548 3482 κόσμος
3571 3412 3653 3468 δι’
3687 3410 3890 3468 αὑτοῦ·

617 3517 839 3556 rursum
859 3504 975 3572 lege
1006 3503 1206 3557 dictam
1235 3505 1309 3559 ibi
1327 3506 1758 3559 enarrationem.
1781 3503 1860 3561 Ne
1889 3515 2076 3561 autem
2106 3507 2209 3562 ite-

617 3602 739 3642 rum
773 3590 961 3644 dicant
994 3609 1006 3643 :
1035 3590 1332 3662 Propterea
1352 3595 1488 3648 dicis
1524 3613 1537 3647 :
1569 3606 1694 3653 Non
1713 3595 1930 3666 judico,
1953 3598 2083 3666 quia
2112 3613 2212 3652 nos

615 3679 990 3735 condemnare
1043 3681 1382 3748 nou-audes,
1421 3685 1588 3741 infert
1625 3703 1638 3740 :

693 3790 855 3846 Vera.
894 3791 980 3848 l6.
1043 3792 1196 3856 Quod
1225 3794 1503 3849 si—est.
1571 3826 1642 3836 —
1714 3794 1901 3850 Verum
1964 3805 2065 3864 est,
2128 3797 2204 3852 si-

619 3895 686 3935 ve
741 3891 975 3945 rectum,
1009 3896 1063 3936 et
1101 3884 1214 3953 jam
1247 3899 1376 3938 vere
1475 3886 1786 3941 condemno
1837 3900 1952 3941 vos.
2008 3887 2213 3944 Deinde

618 3972 785 4026 etiam
826 3973 982 4036 dicit,
1015 3975 1292 4042 quomodo
1325 3991 1513 4030 verum
1573 3979 1648 4032 sit
1694 3978 1962 4046 judicium
2029 3994 2211 4034 suum.

692 4060 850 4117 Vers.
889 4063 974 4116 i6.
1019 4061 1422 4126 Quia—Pater.
1448 4065 1588 4131 Quia
1624 4066 1775 4122 solus
1801 4081 1913 4121 non
1945 4082 2089 4134 sum,
2117 4069 2211 4139 qui

618 4153 830 4223 iudico,
855 4155 948 4208 sed
977 4170 1076 4224 ego
1095 4165 1151 4208 et
1181 4153 1362 4220 Pater,
1389 4155 1659 4225 siquidem
1685 4158 1868 4212 omnia
1892 4158 2051 4213 nobis
2075 4169 2211 4214 sunt

617 4247 932 4297 communia
968 4260 982 4308 ;
1018 4256 1072 4297 i-t
1100 4245 1228 4313 quia
1256 4248 1401 4315 quod
1431 4263 1530 4319 ego
1557 4248 1766 4318 judico,
1801 4250 1905 4304 hoc
1936 4259 1991 4305 et
2013 4249 2209 4306 Pater:

620 4353 728 4393 una
761 4338 906 4393 enim
939 4338 1207 4392 ambobus
1238 4349 1322 4394 est
1351 4341 1624 4406 voluntas,
1657 4348 1716 4395 ut
1743 4341 2069 4411 przedictum
2095 4353 2206 4410 est,

620 4439 679 4482 et
701 4428 864 4484 Pater
904 4443 1002 4484 vos
1045 4430 1395 4500 condemnat,
1418 4434 1510 4503 qui
1535 4447 1647 4486 non
1690 4433 1916 4490 creditis
1944 4433 2081 4491 Filio
2110 4449 2211 4490 suo

621 4534 788 4588 quem
818 4519 935 4588 ipse
965 4519 1139 4575 misit.

703 4609 853 4664 Vers.
901 4611 986 4664 Π.
1010 4609 1180 4665 Porro
1212 4641 1280 4652 —
1309 4622 1409 4667 est.
1481 4612 1672 4668 Vestra
1746 4616 2210 4685 quemadmodum

624 4714 726 4752 vos
746 4700 1008 4769 jactatis;
1052 4718 1178 4755 nam
1216 4718 1302 4757 me
1327 4711 1786 4775 transgressorem
1815 4706 2018 4762 dicitis.
2055 4707 2213 4773 Quod

624 4790 681 4846 si
726 4792 959 4845 duorum
983 4793 1266 4846 hominum
1309 4794 1687 4850 testimonium
1719 4811 1912 4852 verum
1946 4809 2052 4865 est,
2087 4801 2214 4855 inde

625 4882 890 4954 colligere
921 4883 1024 4953 ipsi
1060 4884 1314 4954 potestis,
1352 4886 1496 4955 quod
1529 4888 1703 4942 multo
1752 4891 1926 4961 magis
1975 4891 2213 4945 duorum

619 4973 1159 5046 judicumjudicium
1218 4990 1409 5031 verum
1492 4986 1576 5032 est
1665 4988 1718 5034 et
1790 4981 2029 5037 maxime
2117 4991 2205 5037 ta-

621 5071 774 5126 lium.
828 5071 1152 5143 ﬂujusmodi
1199 5081 1386 5128 autem
1441 5072 1680 5128 obscura
1743 5073 2062 5146 frequenter
2119 5077 2204 5132 lo-

727 5277 771 5321 ”
795 5276 953 5335 Joan.
990 5296 1032 5347 ι,
1055 5292 1113 5335 4.
1249 5283 1295 5316 ⁸⁸
1326 5281 1487 5340 Joan.
1512 5300 1566 5352 ν,
1605 5286 1696 5342 3|.

1809 5287 1855 5318 ³⁸
1877 5283 2036 5340 Joau.
2063 5301 2159 5349 vn,
2182 5286 2272 5342 9.9.

2315 3513 2408 3564 καὶ
2459 3509 2737 3578 ἀνάγνωθι
2768 3509 2934 3564 πάλιν
2966 3510 3065 3579 τὴν
3122 3510 3242 3561 ἐκεῖ
3296 3507 3559 3578 ῥηθεῖσαν
3612 3505 3894 3576 ἐξήγησιν.

2316 3603 2433 3657 Ἵνα
2480 3602 2538 3656 δὲ
2571 3603 2647 3673 μὴ
2678 3603 2771 3655 καὶ
2803 3600 2955 3666 αὖθις
2990 3602 3218 3655 εἴπωσιν
3246 3601 3328 3654 ὅτι
3356 3599 3457 3653 Διὰ
3505 3598 3669 3652 τοῦτο
3700 3599 3897 3668 λέγεις.

2317 3695 2393 3747 Οὐ
2430 3694 2621 3765 κρίνω,
2651 3694 2727 3757 ὡς
2777 3695 2852 3766 μὴ
2899 3694 3122 3766 θαρρῶν
3171 3694 3504 3762 κατακρῐναι
3553 3693 3726 3762 ἡμᾶς,
3780 3693 3898 3744 επι-

2316 3789 2494 3856 φέρει·
2854 3840 2856 3842 τ

2387 3875 2495 3929 Καὶ
2519 3875 2628 3929 ἐὰν
2654 3904 2725 3916 -
2749 3875 2938 3930 ἐστιν.
2964 3904 3038 3915 —
3075 3874 3324 3946 Ἀληθής
3349 3877 3542 3943 ἐστιν,
3584 3878 3710 3949 ἦτοι
3742 3876 3895 3947 ὸρῦὴ,

2312 3967 2520 4024 δικαία.
2551 3967 2662 4020 Καὶ
2693 3966 2878 4021 λοιπὸν
2929 3967 3148 4038 ἀληθῶς
3193 3969 3512 4039 κατακρίνω
3546 3969 3720 4040 ὑμᾶς.
3769 3965 3896 4022 Εῐτα

2314 4062 2462 4130 λέγει
2492 4061 2587 4115 καὶ
2619 4059 2736 4124 πῶς
2761 4059 2971 4131 ἀληθής
3003 4063 3152 4114 εστιν
3182 4061 3216 4132 ἠ
3247 4060 3429 4132 κρίσις
3460 4061 3656 4115 αὐτοῦ.

2384 4153 2519 4207 Ὀτι
2547 4179 2618 4194 -
2651 4152 2876 4222 Πατήρ.
2903 4153 3029 4206 Ὅτι
3058 4152 3216 4223 μόνος
3247 4153 3350 4206 οὐκ
3382 4154 3501 4225 εἰμὶ
3530 4154 3761 4225 κρίνων,
3790 4152 3898 4208 ἀλλ’

2315 4245 2426 4313 ἐγὼ
2455 4247 2548 4300 καὶ
2567 4247 2596 4300 δ
2631 4247 2842 4318 Πατήρ·
2869 4245 3024 4299 κοινὰ
3052 4248 3162 4316 γὰρ
3196 4246 3328 4316 ἡμῖν
3373 4246 3555 4299 πάντα
3582 4261 3596 4274 ·
3630 4247 3730 4299 καὶ
3761 4249 3898 4310 ἐπεὶ,

2312 4342 2449 4408 ὅπερ
2479 4339 2588 4408 εγὼ
2620 4341 2815 4411 κρίνω,
2872 4338 3035 4393 τοῦτο
3065 4339 3160 4392 καὶ
3185 4340 3214 4393 ό
3235 4339 3449 4411 Πατήρο
3487 4339 3548 4392 ἓν
3577 4340 3692 4411 γὰρ
3725 4341 3900 4409 appo-

2314 4432 2516 4501 τέροις,
2541 4431 2616 4494 ὡς
2640 4429 2986 4502 προείρηται,
3007 4431 3222 4502 θέλημα
3241 4447 3256 4465 ·
3274 4432 3370 4484 καὶ
3387 4433 3416 4484 ὁ
3439 4431 3634 4503 Πατὴρ
3653 4434 3769 4503 ἄρα
3794 4431 3900 4501 (31)

2238 4526 2282 4580 D
2315 4523 2640 4591 κατακρινεῖ
2661 4521 2826 4590 ὑμᾶς,
2850 4521 3218 4586 ἀπιστοῦντας
3239 4521 3320 4594 τῷ
3340 4523 3750 4594 ἀπεσταλμένοι
3775 4530 3899 4593 παρ’

2311 4613 2478 4666 αὑτοῦ
2511 4612 2626 4684 Υίῷ
2655 4613 2846 4668 αὑτοῦ.

2383 4701 2494 4757 Καὶ
2510 4732 2581 4742 -
2610 4703 2761 4758 ἐστι.
2780 4732 2850 4744 -
2876 4702 2960 4770 Τῷ
2975 4703 3258 4773 ὑμετέρῳ,
3277 4704 3354 4768 ὡς
3373 4706 3531 4760 αὐτοὶ
3551 4707 3898 4779 βρενθύεσθν

2312 4795 2631 4865 παράνομον
2683 4795 2794 4866 γὰρ
2829 4796 2931 4865 ἐμὲ
2965 4795 3176 4864 λέγετε.
3209 4797 3274 4850 Ei
3309 4796 3368 4850 δὲ
3403 4797 3500 4852 δύο
3529 4800 3840 4872 ἀνθρώπων
3870 4805 3898 4871 ἡ

2315 4887 2595 4958 μαρτυρία
2619 4886 2848 4959 ἀληθὴς,
2879 4888 2941 4942 τδ
2969 4888 3222 4944 ἐντεῦθεν
3261 4891 3426 4945 αὐτοὶ
3480 4893 3897 4963 συλλογίσασθε,

2314 4982 2396 5033 δτι
2417 4979 2598 5049 πολλῷ
2616 4979 2817 5050 μᾶλλον
2834 4979 2929 5033 δύο
2946 4981 3148 5052 κριτῶν
3166 4984 3198 5054 ἡ
3217 4983 3399 5054 κρίσις
3415 4985 3656 5058 ἀληθὴς,
3677 4990 3774 5042 καὶ
3790 4988 3899 5041 τότε

2321 5071 2434 5141 (32)
2469 5072 2747 5125 τοιούτων.
2793 5074 3240 5146 Συνεσκιασμένα
3265 5077 3324 5131 δὲ
3345 5078 3418 5132 τὰ
3451 5080 3685 5135 τοιαῦτα
3717 5083 3901 5136 πολλα-

2381 5287 2423 5318 ⁸¹
2455 5286 2610 5342 Joan.
2647 5303 2726 5356 Ill,
2771 5293 2855 5344 17.

1855 5471 2058 5534 Varia;
2101 5471 2406 5535 lectiones
2438 5480 2500 5534 et
2527 5480 2719 5535 notua.

701 5627 814 5708 (τῇ)
844 5618 918 5708 De
940 5629 1150 5708 quibus
1174 5647 1342 5708 supra
1369 5651 1466 5705 vu,
1500 5637 1590 5708 40,
1621 5640 1710 5695 il.

699 5701 811 5767 (28;
843 5700 1053 5755 Inclusa
1081 5700 1282 5758 absunt
1317 5707 1383 5760 A.

699 5772 811 5840 (29)
843 5773 884 5823 ll
887 5774 980 5843 ρος
1024 5777 1208 5831 αὐτόν.

2396 5639 2511 5710 (50)
2536 5640 2786 5706 Ἐπειδὴ,
2815 5642 3018 5698 omisso
3043 5645 3122 5707 δέ,
3151 5653 3214 5699 Λ.

2392 5711 2503 5780 (3|)
2537 5710 2871 5780 ᾕατακρίνει
2896 5717 2963 5766 Α.

2393 5778 2504 5850 (Si)
2534 5778 2697 5835 Forte
2733 5778 2848 5836 καὶ
2874 5785 3062 5840 nuta.
