4110 6392
251 389 400 455 1285

1179 392 1567 455 COMMENT.
1613 391 1692 451 IN
1732 389 2116 454 JOANNEM.
2159 417 2228 433 -
2266 397 2424 459 CAP.
2469 400 2634 461 VIII.

3394 417 3530 483 i276

243 505 346 573 χοῦ
375 505 525 574 λέγει
554 506 644 561 διὰ
675 504 776 578 τὴν
810 506 1096 561 ἀσθένειαν
1131 508 1333 572 αὐτῶν,
1363 510 1449 562 ἵνα
1486 510 1716 571 ἐκείνοις
1743 512 1827 580 μὲι

1945 510 2136 577 quitur
2164 524 2392 583 propter
2419 530 2608 570 eorum
2645 518 3074 578 imbecillitatem
3104 537 3185 590 ,ut
3245 527 3353 586 illis
3405 535 3532 602 qui-

244 596 336 666 εἴη
391 599 711 668 ἀσυμφανῆ.
768 601 880 663 τοῖς
929 599 1325 671 δυνατωτέροις
1384 601 1441 654 δὲ
1492 602 1842 671 Χριστιανοῖς

246 689 498 756 ἐμφανῆ.
537 688 662 741 Ἐπὶ
689 689 913 743 πάντων
939 686 1033 744 οὖν
1063 689 1175 745 τῶν
1210 691 1470 747 τοιούτων
1498 693 1707 765 ταύτην
1755 697 1843 764 γί-

248 796 431 832 νωσκε
462 778 560 850 τὴν
589 781 794 835 αἰτίαν.

321 870 473 940 Ἐγὼ
496 871 868 942 -ἐμαυτοῦ.
904 876 1074 930 Πάλιν
1096 877 1232 949 πρὸς
1258 877 1343 931 τόο
1373 879 1456 932 Σὺ
1482 880 1618 948 περὶ
1651 897 1842 936 aeau-

245 962 358 1016 τοῦ
379 965 721 1032 μαρτιφεῖς,
738 969 968 1021 ποιεῖται
988 969 1079 1020 τὸν
1099 969 1281 1038 λόγον,
1309 971 1453 1041 Ἐγώ
1476 975 1614 1039 εἰμι.
1639 972 1838 1040 λέγων,

247 1056 283 1106 ό
305 1055 628 1123 μαρτυρῶν
655 1061 789 1127 περὶ
816 1061 1101 1130 ἐμαυτοῦ,
1127 1063 1176 1114 εί
1207 1062 1302 1116 κα).
1335 1064 1514 1127 οὐδεὶς
1569 1069 1841 1135 μαρτυρεῖ

247 1148 377 1213 περὶ
412 1147 608 1202 ἑαυτοῦ
638 1166 653 1181 ο
691 1151 804 1221 ἐγὼ
862 1153 964 1223 μὶν
997 1153 1105 1227 γὰρ
1139 1155 1215 1219 ὡς
1266 1155 1421 1221 Θεὸς,
1448 1157 1624 1222 οὐδεὶς
1667 1161 1724 1213 δὲ
1763 1161 1839 1227 ὡς

246 1238 552 1308 ἄνθρωπος.

312 1423 424 1476 Kal
458 1453 525 1464 —
555 1412 778 1496 Πατήρ.
811 1427 874 1481 Et
909 1428 985 1497 μὴ
1011 1427 1124 1498 ιγὼ
1153 1429 1295 1486 δοκῶ
1322 1433 1452 1503 ὑμῖν
1493 1433 1833 1500 ἀξιόπιστος.

243 1516 533 1585 Μαρτυρεῖ
577 1517 688 1590 γὰρ
723 1518 812 1572 διὰ
843 1518 938 1573 τοῦ
979 1529 1262 1592 προφήτου
1317 1525 1519 1592 λέγων’
1562 1527 1696 1582 Ἰδοὺ
1743 1529 1833 1583 τέ-

243 1606 403 1660 θεικά
437 1625 496 1661 σε
527 1609 607 1672 είς
628 1611 746 1678 φῶς
770 1611 963 1677 ἐθνῶν,
992 1612 1184 1685 [ἧγουν
1213 1616 1327 1685 (55)
1356 1618 1436 1679 είς
1458 1618 1520 1672 τὸ
1542 1615 1687 1673 εἶναι
1719 1621 1834 1688 φῶς

243 1695 464 1768 ἑθνῶν.]
500 1699 836 1772 ῐῐροείρηται
866 1701 924 1755 δὲ
960 1705 1058 1757 καὶ
1094 1706 1152 1759 ἐν
1188 1706 1267 1777 τῷ
1292 1707 1510 1780 ἑϐδόμῳ
1543 1711 1831 1782 κεφαλαίῳ

241 1793 358 1856 πῶς
389 1795 417 1846 6
449 1796 638 1866 Πατὴρ
675 1800 948 1869 μαρτυρεῖ
980 1799 1113 1870 περὶ
1144 1801 1334 1868 αὑτοῦ,
1365 1803 1498 1856 ἔνθα
1538 1807 1718 1857 κεῖται
1743 1805 1826 1870 τὸ,

238 1883 347 1935 Καὶ
379 1886 412 1934 ὀ
449 1882 693 1954 πέμψας
713 1903 790 1955 με
816 1889 1020 1960 Πατὴρ
1041 1891 1178 1962 (54),
1213 1894 1397 1960 αὐτὸς
1413 1896 1832 1964 μεμαρτύρηκε

238 1971 376 2038 περὶ
399 1971 570 2042 ἐμοῦ.

313 2064 569 2134 Ἔλεγον
597 2095 670 2110 -
705 2070 860 2138 σοῦ;
913 2074 1141 2144 Ἔλεγον
1175 2077 1336 2130 τοῦτο
1366 2080 1831 2148 προσποιούαενοι

234 2155 452 2224 ἀγνοεῖν
485 2160 609 2215 τίνα
638 2161 787 2231 λέγει
808 2165 1050 2236 Πατέρα,
1074 2168 1168 2221 καὶ
1195 2170 1569 2240 πειράζοντες.

320 2344 630 2416 Ἀπεκρίθη
690 2379 764 2389 -
822 2370 962 2422 μου.
1025 2353 1160 2427 [Ὦς
1217 2356 1331 2427 (55)
1395 2363 1786 2430 προσποιεισθε
1811 2379 1828 2395 ·

234 2437 303 2506 τῇ
331 2437 564 2508 ἀληθεία
597 2440 706 2512 γὰρ
738 2443 941 2507 οἴδατε,
970 2446 1158 2511 καθὼς
1182 2451 1280 2504 καὶ
1304 2449 1567 2522 ἀνωτέρω
1589 2453 1826 2524 δεδήλω-

232 2545 349 2582 ται.
382 2531 453 2583 Ἣ
481 2531 642 2585 τοῦτο
671 2529 793 2587 εἷπε
813 2578 828 2600 ,
865 2535 1002 2590 διότι
1069 2542 1499 2609 προσεποιοῦντο
1537 2545 1829 2611 γινώσκειν

233 2620 399 2674 αὑτὸν
430 2622 547 2676 υἱδν
580 2624 676 2677 τοῦ
705 2626 908 2698 Ἰωσὴφ
928 2668 943 2691 ,
975 2629 1148 2696 λέγων
1170 2647 1192 2692 ο,
1214 2633 1277 2684 Ei
1307 2631 1483 2698 οὕτως
1512 2636 1717 2702 οἴδατε,
1749 2638 1826 2703 ὡς

232 2716 646 2783 προσποιεῖσθε,
669 2718 818 2772 Οὔτε
847 2720 954 2789 ἐμὲ
970 2721 1173 2777 οῖὸατε
1191 2740 1206 2753 ⁸
1233 2726 1294 2779 οὐ
1320 2727 1428 2797 γὰρ
1453 2729 1566 2796 ἐγὼ
1592 2731 1708 2796 υίὸς
1729 2731 1826 2784 τοῦ

232 2801 476 2874 ’ῐωσήφο
528 2807 667 2862 οὔτε
713 2810 823 2864 τὸν
871 2812 1103 2881 Πατέρα
1139 2833 1299 2885 μουο
1353 2818 1466 2890 (ὅθ)
1521 2821 1583 2875 οὐ
1635 2822 1746 2893 γὰρ
1797 2823 1828 2877 6

245 2893 442 2965 Ἰωσὴφ
467 2901 651 2970 πατήρ
677 2918 803 2970 μου.

306 2989 376 3040 Et
398 3017 468 3027 —
490 2989 686 3056 ᾔδειτε
704 2991 803 3046 ἄν.
825 2995 973 3060 Μιᾶς
990 2995 1102 3066 γὰρ
1123 2996 1427 3070 ἀμφότεροι
1451 3001 1687 3070 φύσεως.
1713 3004 1826 3059 Καὶ

231 3078 290 3128 ιν
321 3077 399 3146 τῷ
432 3080 812 3154 ἑκκαιδεκάτῳ
844 3084 902 3137 δὲ
935 3087 1223 3160 κεφαλαίῳ
1257 3091 1398 3161 πρὸς
1429 3093 1524 3146 τὸν
1551 3095 1822 3150 Φίλιππον

1944 601 2068 655 dem
2089 605 2300 659 occulta
2331 606 2462 668 sint.
2485 609 2886 667 robustioribus
2913 629 3041 672 vero
3062 617 3390 678 Christianis
3418 601 3532 681 ma-

1943 695 2164 752 nifesta.
2209 699 2270 754 In
2299 700 2554 757 omnibus
2579 719 2712 774 ergo
2751 705 3033 764 similibus
3092 727 3316 768 causam
3381 717 3526 774 hanc

1944 787 2251 856 agnoscito.

2013 875 2173 934 Vers.
2203 880 2291 935 18.
2321 881 2430 952 Ego
2453 913 2522 923 —
2544 886 2758 956 meipso.
2786 886 3022 945 Rursum
3057 895 3124 948 ad
3157 895 3235 961 id,
3261 902 3403 966 quod
3445 904 3528 957 di-

1941 980 2179 1026 xerant:
2221 974 2295 1026 Tu
2328 976 2685 1033 testimonium
2722 983 2957 1046 perhibes
3031 984 3096 1039 de
3142 992 3326 1059 teipse,
3379 997 3525 1052 hunc

1945 1057 2075 1114 facit
2103 1075 2419 1119 sermonem
2461 1066 2693 1123 dicens:
2727 1070 2838 1141 Ego
2870 1057 3232 1132 testimonium
3283 1086 3526 1149 ρετΙρίιιρο

1940 1153 2004 1205 de
2030 1155 2243 1221 meipso,
2276 1157 2491 1213 etiamsi
2531 1177 2693 1217 nemo
2727 1165 3012 1233 perhibeat
3033 1171 3102 1224 de
3156 1175 3338 1242 seipso
3369 1193 3383 1242 ;
3421 1194 3524 1250 ego

1940 1243 2210 1313 siquidem
2246 1257 2508 1319 tanquam
2550 1251 2693 1310 Deus
2725 1295 2741 1321 ,
2811 1272 2974 1312 nemo
3023 1269 3206 1317 autem
3262 1243 3519 1337 tanquain

1941 1336 2129 1392 homo.

2011 1427 2177 1484 Vers.
2214 1429 2298 1485 l8.
2337 1432 2405 1484 Et
2428 1463 2498 1473 —
2529 1431 2713 1492 Pater.
2747 1438 2801 1492 Si
2838 1455 2938 1511 ego
2963 1444 3117 1498 vobis
3167 1447 3272 1500 (ide
3327 1449 3523 1520 dignus

1938 1520 2284 1575 nonvideor.
2352 1520 2482 1577 Fert
2506 1534 2688 1580 autem
2755 1531 3130 1587 testimonium
3187 1538 3375 1593 dicens
3417 1556 3517 1610 per

1938 1608 2264 1678 prophetam
2296 1629 2309 1666 :
2339 1611 2500 1666 Ροευί
2528 1624 2577 1668 te
2603 1616 2655 1670 in
2710 1617 2877 1674 lucem
2925 1626 3161 1692 gentium
3187 1627 3254 1690 ",
3301 1608 3432 1683 sive?
3464 1642 3523 1684 ut

1937 1698 2028 1752 lux
2069 1700 2147 1754 sis
2174 1702 2444 1772 gentium.
2505 1704 2839 1765 PaL-dictum
2910 1723 2993 1768 est
3054 1727 3236 1770 autem
3291 1723 3523 1789 septimo

1938 1789 2102 1843 etiam
2139 1792 2338 1860 capite,
2371 1796 2648 1862 quomodo
2678 1795 2840 1854 Pater
2865 1801 2934 1857 de
2963 1804 3080 1875 ipso
3103 1806 3246 1861 ferat
3274 1811 3522 1864 testimo-

1941 1878 2116 1944 nium,
2153 1880 2245 1935 ubi
2279 1880 2528 1939 dicitur:
2565 1884 2633 1938 Et
2691 1890 2782 1957 qui
2837 1892 2979 1945 misit
3041 1912 3124 1949 me
3171 1899 3358 1964 Pater,
3414 1901 3524 1970 ipse

1937 1973 2296 2028 testimonium
2314 1977 2570 2043 perhibuit
2590 1979 2654 2032 de
2682 1997 2763 2034 me
2786 1981 2855 2036 ⁸³.

2010 2063 2164 2120 Vers.
2198 2066 2285 2122 19.
2342 2067 2887 2128 Dixerunt—tuus?
2942 2076 3202 2136 Dicebant
3255 2083 3360 2140 hoc
3415 2086 3521 2140 ﬁn-

1932 2168 2144 2228 gentes,
2177 2172 2237 2213 se
2262 2157 2515 2230 ignorare
2544 2176 2840 2231 quemnam
2873 2167 3080 2224 diceret
3139 2170 3380 2243 Patrem,
3449 2193 3514 2233 ac

1933 2256 2238 2308 tentantes.

2003 2342 2161 2399 Vere.
2208 2345 2295 2399 19.
2340 2345 2630 2416 Respondit
2677 2378 2747 2390 —
2806 2367 3003 2405 meum.
3047 2351 3518 2418 Quemadmodum

1931 2434 2208 2491 simulatis
2251 2457 2263 2492 :
2297 2454 2420 2492 nam
2459 2441 2512 2492 in
2554 2441 2784 2496 veritate
2816 2443 3022 2518 nostis,
3045 2448 3514 2514 quemadmodum

1932 2527 2194 2595 superius
2225 2537 2512 2585 ostensum
2541 2540 2648 2585 est.
2679 2534 2790 2588 Aut
2820 2534 2926 2588 hoc
2987 2536 3142 2601 dixit,
3169 2538 3295 2608 quia
3346 2542 3522 2597 simu-

1930 2615 2116 2670 labant
2139 2632 2198 2671 se
2227 2620 2368 2673 scire
2394 2620 2539 2689 quod
2578 2621 2722 2677 ﬁlius
2761 2632 2907 2678 esset
2933 2625 3162 2695 Joseph.
3185 2628 3326 2684 Dicit
3345 2646 3510 2701 ergo:

1932 2705 1989 2761 Si
2025 2722 2113 2762 me
2144 2708 2217 2761 ita
2255 2710 2609 2779 cognoscitis,
2641 2722 2699 2765 ut
2728 2712 2952 2786 ﬁngitis,
2992 2733 3156 2786 neque
3212 2735 3292 2773 me
3310 2726 3470 2775 nostis
3497 2737 3519 2788 ;

1929 2816 2041 2855 non
2077 2818 2196 2856 sum
2217 2802 2368 2857 enim
2403 2803 2546 2859 lilius
2561 2805 2805 2876 Joseph:
2842 2824 3008 2880 neque
3029 2809 3242 2867 Patrem
3307 2832 3520 2883 meum;

1929 2907 2056 2946 nam
2094 2891 2301 2962 Ioseph
2338 2909 2449 2948 non
2478 2905 2565 2950 est
2598 2907 2754 2967 pater
2779 2915 2960 2956 meus.

2002 2984 2161 3038 Vers.
2199 2986 2285 3040 19.
2325 2984 2384 3040 Si
2410 3016 2483 3026 —
2514 2989 2695 3058 utique
2725 2993 3114 3062 cognovissetis.
3176 2994 3309 3050 Nam
3355 3001 3520 3054 unius

1929 3088 2122 3128 sumus
2155 3075 2318 3130 ambo
2353 3086 2588 3133 naturae.
2614 3079 2668 3131 In
2701 3079 2915 3135 decimo
2941 3093 3096 3138 sexto
3124 3085 3289 3140 etiam
3339 3090 3520 3158 capite

230 3168 490 3240 εἴρηκεν·
541 3173 606 3226 '0
653 3173 928 3244 ἑωρακὼς
974 3178 1103 3248 ἐμὲ,
1138 3159 1361 3248 ἑώρακε
1409 3187 1518 3238 τὸν
1564 3189 1820 3256 Πατέρα,

1933 3166 2066 3221 dixit
2090 3168 2158 3222 ad
2189 3168 2501 3240 Philippum
2537 3188 2550 3224 :
2582 3169 2687 3235 Qui
2713 3174 2842 3226 vidit
2864 3159 2965 3241 me,
2985 3178 3114 3230 vidit
3137 3187 3185 3230 et
3204 3177 3425 3233 Patrem
3448 3182 3515 3247 ⁸⁸,

231 3257 405 3328 ἧγουν
432 3261 460 3313 6
493 3261 788 3332 νενοηκὼς,
814 3267 843 3318 6
883 3268 1068 3334 γνούς.
1097 3269 1322 3339 Είδησιν
1346 3273 1455 3344 γὰρ
1481 3276 1577 3328 καὶ
1626 3278 1820 3348 ὅρασιν

230 3349 335 3400 οὐκ
391 3348 658 3422 αἰσθητήν
724 3370 911 3424 φησιν,
943 3355 1080 3410 ἀλλὰ
1127 3360 1350 3431 νοητήν.
1415 3362 1565 3418 Ἐπεὶ
1613 3365 1671 3419 δὲ
1718 3370 1821 3439 ἐμὲ

231 3441 627 3509 προσποιεῖσθε
661 3443 737 3516 μὴ
765 3447 986 3509 ειδέναι.
1018 3449 1332 3515 ἀκολούθως
1360 3453 1457 3507 καὶ
1484 3456 1579 3509 τὸν
1600 3459 1822 3530 Πατέρα

233 3550 339 3602 μου
367 3537 762 3602 προσποιεῖσθε
795 3540 873 3610 μὴ
913 3541 1139 3598 εἰδέναι.

307 3626 500 3679 Ταῦτα
519 3626 1036 3700 -γαζοςρυλακίῳ,
1053 3633 1240 3691 Ταῦτα
1256 3639 1324 3692 τὰ
1344 3639 1818 3710 παρῤησιαστικά.

249 3716 660 3790 Επεσημήνατο
693 3721 800 3792 γὰρ
829 3723 922 3776 τὸν
951 3725 1136 3792 τόπον,
1167 3728 1430 3784 δεικνύων
1471 3731 1571 3802 τὴν
1604 3734 1823 3805 παρῤη·

235 3811 358 3864 σέαν
382 3811 479 3865 τοῦ
508 3812 856 3871 διδασκάλου.
899 3818 1310 3888 Γαςοφυλάκιον
1337 3823 1416 3888 δὲ,
1443 3824 1506 3878 τὸ
1541 3824 1822 3896 θησαυροο

234 3902 526 3973 φυλάκιον,
554 3907 685 3976 περὶ
717 3901 779 3961 οὖ
807 3907 1146 3982 πλατύτερον
1170 3914 1228 3966 ἑν
1271 3913 1350 3984 τῷ
1391 3919 1819 3992 τεσσαρακοστῷ

233 3993 440 4067 πρώτῳ
463 3995 746 4065 κεφαλαίῳ
759 3999 855 4053 τοῦ
885 4002 1032 4055 κατὰ
1059 4003 1288 4074 Μάρκον
1309 4007 1638 4077 εἰρήκαμεν.

305 4176 619 4236 Aeddde
660 4179 732 4234 ἐν
761 4179 845 4246 τῷ
890 4180 1044 4250 ισρῷ.
1076 4183 1322 4256 Δημοείᾳ
1345 4199 1364 4218 ο
1394 4185 1452 4239 ἐν
1483 4185 1664 4257 τούτῳ
1697 4188 1822 4261 -γὰρ

235 4265 302 4343 ἦν
325 4273 422 4324 καὶ
447 4270 508 4324 τὸ
534 4268 965 4343 γαζοφυλάκιον.

305 4363 419 4418 Kal
441 4391 513 4403 -—
535 4365 744 4420 αὐτόν.
777 4363 934 4421 Οὕτω
957 4366 1496 4441 παρρησιαζόμενον.

1929 3258 2046 3312 sive
2072 3260 2350 3329 cognovit,
2386 3260 2678 3318 intellexit.
2710 3263 2845 3318 Nam
2873 3265 3139 3322 visionem
3171 3277 3226 3322 et
3244 3272 3520 3341 cognitio-

1929 3363 2055 3402 nem
2104 3350 2236 3404 dicit
2294 3367 2404 3406 non
2437 3351 2774 3418 sensibilem,
2807 3353 2904 3408 sed
2938 3355 3358 3425 intelligibilem.
3410 3359 3519 3416 Sed

1929 3442 2059 3512 quia
2089 3457 2179 3497 me
2208 3457 2318 3496 non
2348 3459 2514 3501 nosse
2539 3461 2638 3500 vos
2662 3445 2955 3512 simulatis,
2985 3461 3329 3519 consequens
3351 3453 3516 3508 etiam

1930 3541 2015 3587 est
2046 3542 2107 3587 ut
2137 3542 2189 3587 et
2228 3533 2444 3589 Patrem
2474 3552 2656 3591 meum
2690 3551 2789 3592 vos
2819 3553 2930 3592 non
2980 3553 3141 3594 nosse
3167 3540 3410 3611 (iugatis.

2002 3623 2165 3680 Vers.
2199 3625 2292 3681 20.
2330 3627 2454 3682 Haec
2476 3657 2547 3669 -—
2569 3630 2976 3700 gazOphglucio.
3010 3630 3138 3686 Haec
3168 3633 3332 3687 verba
3380 3634 3518 3690 libe-

1931 3731 1992 3772 re
2074 3717 2241 3773 dicta.
2303 3711 2642 3789 Significavit
2706 3730 2890 3776 autem
2941 3723 3143 3789 locum,
3220 3725 3518 3793 ostendens

1931 3809 2151 3865 dicendi
2218 3811 2535 3866 libertatem
2603 3812 2780 3883 ipsius
2875 3814 3136 3870 doctoris.
3225 3814 3516 3889 Gazophy-

1931 3900 2129 3956 lacium
2161 3917 2291 3957 vero
2328 3902 2573 3958 thesauri
2642 3905 3031 3972 repositorium
3096 3916 3237 3970 erat,
3284 3908 3354 3962 de
3407 3924 3518 3978 quo

1930 3993 2094 4049 latius
2125 3995 2364 4049 diximus
2393 3995 2812 4066 quadragesimo
2865 3997 3040 4062 primo
3065 3999 3225 4067 juxta
3272 3997 3516 4054 Marcum

1930 4087 2133 4157 capite.

2003 4178 2161 4234 Vera.
2187 4177 2278 4234 20.
2305 4177 2508 4232 Decem
2527 4178 2581 4231 in
2604 4179 2820 4247 templo.
2849 4178 3072 4235 Publice
3096 4197 3114 4249 ;
3138 4197 3268 4236 nam
3291 4181 3346 4237 in
3375 4193 3519 4238 ten-

1930 4272 2021 4344 plo
2049 4273 2214 4326 etiam
2249 4255 2369 4326 erat
2396 4272 2873 4342 εποριιγῑθοίυωο
2931 4364 2939 4366 _
3052 4365 3081 4366 η
3233 4339 3251 4366 ι

2001 4363 2160 4420 Vers.
2188 4363 2279 4419 ⁸ὶο.
2311 4363 2379 4417 Et
2419 4392 2490 4404 —
2541 4379 2682 4418 eum.
2737 4363 2878 4419 Cum
2928 4364 3003 4419 ita
3049 4363 3516 4439 libere'loquere-

1934 4468 2042 4514 tur.

308 4552 525 4605 Ὅτι-
547 4551 760 4606 αὑτοῦ.
793 4550 862 4606 Ἦ
887 4550 979 4606 τοῦ
1014 4551 1387 4626 συλληφθῆναι
1410 4556 1506 4610 καὶ
1524 4557 1820 4630 ἀναιρεθῆο

2003 4549 2164 4604 Vers.
2224 4548 2314 4603 20.
2362 4546 2501 4613 Quia
2541 4577 2614 4588 —
2658 4547 2794 4617 ejus.
2852 4549 2970 4630 Qua
3026 4551 3424 4622 comprehendi
3459 4562 3519 4610 et

237 4659 325 4695 ναι
353 4641 539 4695 αὐτόν.
573 4640 724 4694 Ἔδει
748 4641 858 4713 γὰρ
882 4641 1073 4696 τοῦτον
1095 4642 1178 4698 ἔτι
1199 4646 1697 4720 θαυματουργῆσαι
1724 4653 1822 4706 καὶ

238 4734 450 4799 διδάξαι
488 4735 584 4787 καὶ
635 4733 865 4797 πολλοὺς
909 4735 989 4800 είς
1027 4735 1214 4790 πίστιν
1267 4739 1701 4808 ἐπισπάσασθαι,
1744 4742 1824 4807 ὡς

239 4832 332 4883 καὶ
363 4826 731 4897 προλαϐόντες
755 4826 1082 4899 εἰρήκαμεν.
1110 4829 1364 4900 Συνεχῶς
1383 4830 1442 4883 δι
1466 4822 1627 4886 τοῦτο
1649 4834 1821 4903 λέγει,

239 4917 457 4981 δεικνὺς
503 4918 587 4969 ὅτι
627 4916 888 4982 πολλάκις
919 4919 1377 4991 επιχειρήσαντες
1414 4922 1515 4976 οὐκ
1547 4924 1822 5006 ἠδυνήθη-

243 5025 367 5074 σαν,
423 5010 518 5063 καὶ
562 5009 644 5063 ὅτι
691 5009 801 5064 οὐδ’
851 5010 1079 5084 ὕστερον
1131 5015 1446 5086 ἐκράτησαν
1503 5015 1571 5072 ἂν
1632 5018 1815 5086 αὐτὸν,

242 5100 292 5153 εί
327 5100 403 5171 μὴ
432 5100 542 5172 (37)
574 5100 736 5165 αὐτὸς
759 5100 1047 5174 ⁴Ιγθίλησεν.

349 5357 395 5392 ³⁸
428 5355 538 5412 lsa.
573 5373 723 5424 nix.
781 5358 834 5413 6.
964 5358 1012 5391 ⁸³
1043 5358 1202 5416 Joan.
1235 5376 1286 5426 ν,
1320 5359 1412 5415 37.

1929 4643 2049 4713 capi
2081 4651 2291 4715 posset.
2323 4643 2520 4696 Adhuc
2545 4640 2694 4696 enim
2724 4629 3027 4710 oportebat
3063 4656 3190 4698 eum
3247 4645 3515 4700 miracula

1929 4736 2145 4808 operari
2176 4750 2240 4790 ac
2304 4735 2524 4797 docere,
2585 4732 2896 4803 multosque
2918 4733 2984 4788 ad
3017 4733 3178 4788 ﬁdem
3212 4736 3515 4804 attrahere,

1929 4819 2074 4885 sicut
2100 4829 2152 4882 in
2208 4824 2648 4896 praecedentibus
2709 4823 2971 4879 diximus.
3000 4824 3274 4880 Continue
3328 4835 3512 4880 autem

1931 4925 2035 4978 hoc
2097 4920 2249 4984 dicit,
2309 4916 2609 4974 ostendens
2652 4916 2803 4986 quod
2871 4915 3190 4986 frequenter
3271 4919 3324 4972 id
3394 4928 3516 4972 ten-

1930 5024 2112 5071 tantes
2131 5027 2242 5066 non
2284 5016 2606 5081 potuerunt,
2659 5017 2716 5061 et
2771 5008 2918 5078 quod
2983 5023 3264 5078 nunquam
3318 5015 3514 5079 poten-

1932 5108 2104 5163 tiores
2131 5104 2199 5159 ad
2222 5117 2348 5158 eum
2387 5098 2910 5171 apprehendendum
2946 5098 3200 5168 fuissent,
3257 5097 3362 5154 nisi
3396 5098 3513 5168 ipse

1934 5199 2221 5256 voluisset.

1522 5362 1568 5394 “
1592 5362 1752 5422 Joan.
1783 5381 1901 5430 xxv,
1921 5366 1976 5422 9.

1443 5518 1645 5582 Variae
1676 5517 1985 5586 lectiones
2017 5524 2080 5581 et
2118 5525 2312 5580 nota).

322 5684 438 5752 (‘53)
470 5681 682 5735 Inclusa
715 5680 1036 5738 exciderunt
1059 5685 1118 5736 Α.

319 5754 437 5825 (τι)
458 5753 634 5825 non;
665 5752 866 5825 omittit
894 5753 954 5825 Β.

322 5821 434 5889 (35)
457 5821 668 5877 Inclusa
699 5822 985 5892 absuntﬁ.

2001 5684 2114 5754 (56)
2144 5685 2263 5738 Μου
2290 5681 2468 5755 ᾔδειτε
2499 5681 2586 5755 ἂν.
2624 5677 2840 5755 ceteris
2866 5673 3085 5732 omissis
3125 5677 3190 5732 Α.

2003 5751 2117 5826 (57)
2152 5755 2261 5810 Καί
2286 5751 2586 5822 interponit
2612 5751 2680 5803 Λ.
