4108 6412
219 364 236 425 i
249 365 354 427 353

1184 365 1572 428 COMMENT.
1616 367 1692 426 IN
1727 366 2179 427 JDANNEM.--
2215 366 2375 426 CAP.
2419 366 2522 427 XI.

3331 368 3464 435 135i

289 472 628 543 Ἀρχιερεὺς
660 472 746 527 ὢν
773 473 878 528 τοῦ
911 473 1190 528 ἐνιαυτοῦ
1233 475 1490 530 ἐκείνου.
1554 475 1790 541 Ἐξοκει-

1969 476 2121 530 Vers.
2157 476 2246 530 49.
2285 474 2413 528 Cum
2451 485 2578 529 esset
2611 474 2851 545 Pontifex
2887 475 3015 528 anni
3063 473 3227 529 illius.
3256 475 3389 532 Cum
3419 479 3474 532 in

207 566 419 619 λαντων
446 567 554 638 γὰρ
578 568 658 629 είς
691 565 1058 638 παρανομίας,
1075 568 1103 619 ό
1123 566 1421 636 δυνάμενος
1450 569 1792 622 ὲνεαυσιαίαν

206 655 400 710 ὠνεῖτο
451 659 551 729 τήν
598 658 1016 729 ἀρχιερωσύνην
1072 658 1178 710 ἀπὺ
1210 659 1318 712 τῶν
1360 661 1669 730 Ῥωμαίων,
1699 665 1794 715 καὶ

211 749 378 813 αὐτὸς
407 749 509 818 μὲν
535 745 705 820 ἦρχεν
733 751 791 802 δν
820 748 898 820 τῷ
930 749 1164 820 ἐνιαυτῷ
1188 750 1379 815 αὐτοῦ,
1404 754 1456 805 οἱ
1483 754 1590 822 πρὸ
1625 753 1792 808 αὑτοῦ

210 836 266 889 δὲ
309 838 640 908 συνήδρευον
697 840 793 892 καὶ
824 839 934 912 (Π)
972 841 1360 895 συνεὸούλευον
1390 843 1562 914 αὐτῷ,
1597 844 1794 898 καλού-

215 946 372 998 μενοι
401 934 499 984 καὶ.
526 931 684 984 αὐτοὶ
709 933 1010 1004 ἀρχιερεῖς,
1039 934 1114 997 ὡς
1168 935 1264 988 καὶ
1320 935 1475 988 αὐτοὶ
1528 936 1795 1007 ἀρχιερα-

207 1024 520 1088 τεύσαντες.
556 1025 719 1098 [Περὶ
753 1029 866 1098 (48)
891 1023 967 1082 ὧν
994 1031 1091 1085 καὶ
1116 1031 1174 1084 ἐν
1197 1030 1276 1101 τῷ
1326 1032 1468 1084 κατὰ
1513 1031 1796 1085 Ματοαῖον

208 1115 533 1187 Εὐαγγελίῳ
560 1116 994 1192 δεδηλώκαμεν.]

282 1282 470 1338 Εἶπεν
491 1315 541 1325 -—
569 1287 770 1342 οὐδέν.
796 1289 963 1341 Οὐδὲν
992 1287 1301 1359 συμφέρον,
1323 1287 1476 1340 οὐδὲν
1499 1285 1795 1357 χρήσιμον,

207 1377 353 1429 οὕτω
386 1378 646 1448 ῥᾳθύμως
675 1379 1029 1450 διακείμενοι.

283 1463 440 1515 υἱοόὲ
464 1491 531 1502 —-
561 1465 714 1519 εἷπε.
743 1466 936 1531 Τοῦτο,
963 1469 1148 1532 ποῖονς
1182 1467 1256 1520 ’Ῐδ
1296 1468 1430 1523 Ἵνα
1454 1463 1540 1533 εἷς
1572 1469 1798 1538 ἄνθρωο

207 1567 328 1616 πος
359 1554 636 1623 ἀποθάνῃ
665 1555 818 1624 ὑπὲρ
862 1557 969 1612 τοῦ
997 1558 1171 1612 λαοῦ.

297 1643 803 1711 Ἀλλ’-·-ἔθνους.
852 1647 963 1716 Οὐχ
1013 1647 1088 1709 ὡς
1145 1648 1293 1713 ἄξιος
1343 1652 1795 1722 προεςιοήτευσεν⁸

205 1731 325 1785 ἀλλ’
387 1732 463 1796 ὡς
487 1736 778 1805 ἀρχιερεὺς
812 1735 889 1788 ὣν
918 1737 1011 1789 τοῦ
1063 1738 1315 1792 ἐνιαυτοῦ
1360 1742 1573 1796 ἐκείνου
1594 1757 1609 1775 ·
1636 1743 1699 1795 οὐ
1726 1742 1797 1794 δι’

1897 567 2032 639 legis
2059 568 2544 638 transgressionem
2586 567 2941 638 impegiSscnt
2970 564 3111 636 (dd),
3162 567 3207 620 is
3239 567 3331 636 qui
3367 584 3468 637 po-

1899 667 2018 714 tens
2047 667 2222 724 erat,a
2248 659 2505 712 Romanis
2526 658 2898 727 poutiticatum
2923 657 2975 711 in
2999 672 3200 710 annum
3220 659 3432 713 emebat
3456 676 3472 711 :

1896 759 1952 805 et
1985 751 2096 818 ipse
2117 749 2336 818 quidem
2390 747 2751 817 principatum
2807 762 2908 801 suo
2956 762 3100 800 anno
3154 747 3470 803 obtinebat:

1897 839 1988 909 qui
2019 855 2149 893 vero
2203 847 2330 894 ante
2385 853 2510 893 eum
2549 847 2856 904 tenuerant,
2897 838 3216 894 assidebam
3260 839 3358 904 illi,
3397 840 3473 893 si-

1898 928 2118 998 mulque
2147 943 2271 982 cum
2307 941 2372 981 eo
2401 927 2801 994 consultabant,
2839 927 2968 982 dicti
2997 937 3052 982 et
3100 927 3203 996 ipsi
3259 929 3477 998 pontifi-

1899 1037 2012 1084 ces,
2041 1020 2188 1089 quod
2239 1019 2401 1072 etiam
2465 1019 2565 1088 ipsi
2617 1018 2978 1090 principatum
3044 1019 3370 1084 tenuissent,
3406 1020 3479 1074 dc

1901 1112 2099 1184 quibus
2124 1111 2289 1165 etiam
2329 1109 2384 1162 in
2425 1107 2722 1181 Evangelio
2745 1111 2902 1181 juxta
2927 1110 3245 1176 Matthacum
3271 1109 3478 1179 signifi-

1902 1200 2150 1254 cavimus
2182 1201 2249 1251 “.

1973 1285 2130 1341 Vers.
2191 1286 2279 1340 .59.
2341 1285 2487 1338 Dixit
2518 1315 2582 1325 —
2612 1287 2936 1354 quidquam.
2997 1284 3154 1351 Quod
3206 1283 3338 1338 utile
3382 1285 3474 1349 sit,

1903 1380 2048 1450 quod
2078 1379 2354 1448 expediat,
2384 1379 2522 1432 adeo
2553 1379 2791 1447 segniter
2811 1377 3013 1432 aﬂ‘ecti.

1981 1469 2250 1525 Vers.5’0.
2298 1469 2412 1522 Nec
2476 1500 2542 1509 ——
2578 1468 2732 1522 Vers.
2792 1469 2880 1538 5i.
2937 1468 3091 1520 dixit.
3137 1465 3274 1530 Hoc,
3325 1464 3482 1533 quid-

1903 1559 2068 1613 nam?
2140 1561 2201 1615 Ut
2233 1575 2368 1612 unus
2394 1560 2546 1612 homo
2590 1561 2851 1612 moriatur
2907 1573 3001 1626 pro
3049 1555 3264 1620 populo.

1981 1652 2132 1706 Vers.
2161 1653 2250 1706 5|.
2310 1649 2504 1705 Sed—
2531 1652 2766 1704 natione.
2823 1650 2940 1704 Non
2969 1649 3113 1718 quod
3165 1647 3362 1718 dignus
3397 1661 3484 1700 es-

1904 1753 2007 1811 set,
2044 1744 2374 1799 vaticinatus
2400 1754 2501 1806 est,
2543 1745 2638 1798 scd
2681 1741 2826 1812 quod
2875 1739 3127 1810 pontifex
3152 1747 3305 1794 esset
3352 1736 3481 1790 anui

205 1825 425 1906 οἰκείαν
455 1828 680 1899 ἀρετὴν,
725 1829 863 1884 ἀλλὰ
896 1831 986 1885 διὰ
1014 1832 1076 1885 τὸ
1108 1833 1496 1903 ἀρχιερατικὴν
1532 1833 1778 1903 ἀξίωμα.

1912 1839 2036 1893 llius
2079 1856 2096 1904 ;
2131 1854 2237 1892 non
2269 1844 2492 1907 propter
2528 1836 2801 1907 pr0priam
2834 1835 3117 1898 virtutem,
3151 1831 3246 1886 sed
3265 1837 3484 1900 propter

209 1917 335 1970 Ἔτι
374 1917 484 1989 γὰρ
518 1919 554 1988 ὴ
579 1918 704 1973 θεία
742 1921 905 1992 χάρις
964 1924 1243 1993 παρέμενε
1275 1924 1357 1995 τῷ
1390 1925 1521 1994 ναῷ,
1544 1926 1667 1995 ﬁat;
1705 1927 1783 1993 τῷ

1909 1930 2253 1985 ioutiiiealem
2278 1929 2616 2000 dignitatem.
2643 1928 2832 1981 Adhuc
2866 1926 3010 1980 enim
3038 1925 3216 1979 divina
3236 1922 3407 1994 gratia
3426 1921 3484 1978 in

210 2008 443 2077 στόματι
473 2009 640 2062 αὑτοῦ
671 2011 1015 2082 χρησαμένη,
1041 2014 1139 2082 τῆς
1188 2014 1416 2084 καρδίας
1452 2015 1549 2085 οὐχ
1587 2016 1781 2085 ἥψατο.

1913 2022 2094 2092 emplo
2124 2020 2504 2092 permanebat,
2536 2035 2656 2089 qua:
2692 2034 2789 2074 ore
2841 2018 2989 2073 illius
3017 2025 3200 2076 utens.
3235 2030 3337 2070 cor
3375 2029 3485 2069 non

1895 2115 2097 2186 tetigit.

291 2195 678 2267 Προεφήτευσε
706 2197 762 2250 δὲ
803 2198 888 2251 ὄτι
936 2197 1164 2269 ἔμελλεν
1216 2201 1245 2253 ὁ
1293 2200 1504 2269 Ἰησοῦς
1549 2201 1793 2272 ἀποθνή-

1963 2205 2325 2276 PrOpbelavit
2366 2211 2554 2259 autem
2571 2203 2716 2273 quod
2748 2202 2992 2257 futurum
3029 2212 3196 2263 esset.
3230 2207 3293 2255 ut
3323 2199 3487 2257 .lesus

215 2303 373 2339 σκειν
412 2289 554 2358 ὑπὲρ
590 2288 686 2341 τοῦ
711 2288 898 2352 ἔθνους
926 2290 1035 2344 τῶν
1076 2291 1366 2347 Ἰουδαίων.
1406 2291 1580 2363 ’Υπὲρ
1610 2293 1795 2347 αὐτῶν

1909 2307 2208 2352 moreretur
2230 2311 2330 2366 pro
2363 2295 2591 2350 natione
2619 2292 2955 2349 Judaaorum.
2995 2291 3101 2346 Pro
3149 2291 3282 2361 ipsis
3325 2308 3485 2347 nam-

211 2377 325 2449 γὰρ
358 2381 594 2432 ἀπέθανε
633 2379 963 2443 σπουδάζων
994 2381 1165 2434 σῶσαι
1192 2381 1389 2445 αὐτούς
1427 2399 1441 2413 ο
1470 2382 1623 2451 ἔλεγε
1652 2385 1760 2455 γάρ
1779 2399 1792 2414 ⁸

1909 2402 2004 2456 que
2025 2396 2275 2440 mortuus
2305 2392 2415 2452 est,
2454 2393 2514 2438 ut
2565 2399 2660 2439 eos
2730 2383 2914 2437 salvos
2963 2381 3167 2441 faceret
3206 2398 3221 2445 ;
3268 2381 3489 2437 dicebat

216 2475 345 2526 οὐκ
396 2471 753 2538 ἀπεστάλην
775 2474 827 2524 ει
849 2471 935 2539 μὴ
962 2473 1051 2537 είς
1078 2473 1150 2524 τὰ
1174 2474 1442 2540 πρόϐατα
1474 2474 1546 2527 τὰ
1561 2475 1801 2527 ἀπολω-

1909 2481 2048 2532 enim
2085 2497 2098 2532 :
2126 2478 2248 2532 Non
2281 2495 2399 2532 sum
2429 2477 2643 2537 missus,
2679 2474 2780 2528 nisi
2808 2473 2878 2526 ad
2906 2490 3022 2526 oves
3045 2474 3276 2541 perditas
3307 2475 3491 2526 domus

212 2570 369 2620 .Idra
400 2565 568 2618 οἴκου
611 2563 880 2632 Ἰσραήλ.
926 2565 1062 2635 (Καὶ
1102 2564 1213 2633 (49)
1249 2563 1413 2618 πάλιν
1465 2564 1619 2631 ἔλεγε
1642 2580 1658 2595 °
1692 2567 1800 2620 Kal

1909 2569 2161 2623 Israel”.
2205 2570 2266 2622 Et
2297 2583 2513 2623 rursum
2559 2585 2570 2620 :
2605 2566 2669 2619 Et
2711 2566 2945 2618 animant
2975 2572 3146 2617 meum
3197 2580 3332 2632 pono
3387 2581 3485 2632 pro

217 2658 338 2721 τὴν
366 2655 578 2723 ψυχήν
595 2673 713 2723 μου
738 2656 932 2723 τίθημι
981 2654 1134 2722 ὑπὲρ
1185 2655 1305 2708 τῶν
1335 2655 1664 2722 προϐάτοιν.
1687 2658 1803 2710 Ἵνα

1909 2661 2080 2713 ovibus
2119 2660 2183 2713 ³⁸.
2223 2658 2299 2712 Ne
2323 2669 2506 2712 autem
2538 2673 2635 2727 pro
2700 2655 2830 2725 ipsis
2868 2655 2998 2710 solis
3054 2655 3189 2707 mori
3243 2662 3485 2722 putetur,

216 2749 275 2798 δὲ
318 2749 392 2816 μὴ
416 2748 541 2818 δόξῃ
583 2748 723 2819 ὑπὲρ
769 2748 948 2800 αὐτῶν
982 2748 1161 2818 μόνων
1217 2748 1536 2813 ἀποθανεῖν,
1583 2751 1806 2820 προστί-

221 2838 352 2907 Οησι

295 2931 402 2983 Καὶ
431 2959 501 2968 —
531 2930 619 2984 ἓν.
647 2929 858 2999 Ὠσπερ
886 2929 996 2998 γὰρ
1051 2927 1484 2999 ὲνηνθρώπησεν
1531 2931 1630 3000 οὐχ
1667 2931 1806 2999 ὑπὲρ

1909 2751 2061 2804 addit
2094 2751 2438 2820 Evangelisla
2473 2767 2486 2801 :

1985 2933 2140 2988 Vers.
2161 2935 2249 2989 5:2.
2273 2933 2383 2989 Nec
2406 2963 2474 2972 —
2508 2949 2694 2986 unum.
2727 2932 2882 2986 Sicut
2917 2930 3062 2986 enim
3094 2943 3201 2984 non
3229 2942 3329 3000 pro
3357 2927 3492 2983 solis

220 3022 333 3075 τῶν
377 3022 650 3076 Ἰουδαίων
683 3022 882 3093 μόνων,
929 3022 1067 3076 ἀλλὰ
1120 3023 1217 3077 καὶ
1272 3022 1414 3092 ὑπὲρ
1469 3022 1579 3076 τῶν
1631 3023 1803 3078 ἄλλων

1913 3026 2115 3081 ludatis
2159 3025 2476 3080 incarnatus
2516 3035 2620 3091 est,
2651 3039 2841 3078 verum
2895 3022 3059 3077 etiam
3095 3035 3194 3090 pro
3246 3021 3490 3075 caeteris:

223 3114 397 3167 ἐθνῶν
424 3130 437 3144 ⁸
477 3114 654 3180 οὕτως
681 3115 794 3185 ἄρα
827 3115 923 3168 καὶ
968 3115 1246 3170 ἀπέθανεν
1274 3117 1372 3184 οὐχ
1405 3114 1546 3184 ὑπὲρ
1581 3115 1803 3167 ἐκείνων

1917 3118 1990 3170 ita
2033 3131 2167 3171 sane
2199 3127 2253 3170 et
2287 3125 2538 3171 mortuus
2570 3125 2651 3170 est
2677 3130 2786 3168 non
2807 3129 2904 3184 pro
2947 3115 3080 3168 solis
3109 3112 3239 3175 illis,
3298 3112 3392 3166 sed
3436 3120 3493 3164 et

227 3208 428 3276 μόνων,
458 3207 593 3259 ἀλλὰ
622 3207 718 3261 καὶ
753 3207 893 3278 ὑπὲρ
921 3207 1148 3261 τούτων.
1180 3207 1248 3258 Ἀ
1283 3205 1397 3275 γὰρ
1424 3206 1673 3261 ἐδίδασκε
1708 3211 1803 3261 καὶ

1915 3223 2015 3278 pro
2045 3209 2150 3262 liis.
2184 3206 2342 3271 Nam,
2396 3221 2517 3277 qua:
2554 3207 2785 3261 docebat
2814 3205 3154 3270 et‘i‘aciebat,
3191 3205 3352 3267 etiam
3392 3220 3494 3274 pro

224 3299 537 3362 ὲποίει,καὶ
573 3298 713 3370 ὑπὲρ
768 3299 974 3351 τούτων
1007 3295 1169 3369 ἦσαν,
1226 3299 1315 3352 ἵνα
1376 3299 1805 3369 προηγουμένως

226 3392 424 3443 ἐκεῖνοι
458 3391 726 3460 μαθόντες
777 3390 852 3451 ὡς
904 3393 1000 3443 καὶ
1069 3391 1281 3459 πρῶτοι
1318 3389 1487 3444 πάλαι
1525 3390 1617 3443 τὸν
1672 3389 1805 3442 Θεὸν

226 3483 560 3550 ἐπιγνόντες,
588 3483 780 3534 ἔπειτα
813 3482 910 3534 καὶ
941 3481 1166 3544 τούτους
1189 3480 1465 3546 massam.
1490 3482 1675 3535 Τέκνα
1707 3481 1805 3550 μὲν

224 3574 320 3628 οὖν
379 3574 474 3627 τοῦ
547 3574 683 3628 Θεοῦ
759 3576 828 3629 τὰ
891 3575 1020 3645 ἔθνη
1057 3575 1363 3646 ὠνόμασεν,
1414 3574 1489 3640 ὡς
1544 3574 1806 3644 μέλλοντα

225 3669 506 3739 γενέσθαι.

302 3759 414 3812 Καὶ
431 3760 540 3829 γὰρ
559 3760 652 3813 καὶ
668 3762 695 3812 ὁ
715 3761 945 3830 Χριστὸς
970 3761 1222 3832 πρόϐατα
1246 3761 1410 3815 αὐτοῦ
1439 3761 1613 3815 ταῦτα
1636 3778 1806 3833 προσ·

228 3851 529 3919 ηγόρευσεν
584 3852 691 3904 ἀπὸ
742 3852 834 3905 τοῦ
868 3852 1176 3922 μέλλοντος.
1224 3854 1697 3924 Διεσκορπισμένα
1749 3852 1806 3905 δὲ

225 3947 338 3999 τοῖς
407 3943 686 4012 διαςρόροις
748 3947 876 4015 περὶ
936 3944 1069 3997 Θεοῦ
1121 3947 1380 4014 δόγμασι,
1423 3949 1577 4016 παρὰ
1624 3947 1682 3997 τὸ
1730 3946 1808 4016 μὴ

227 4035 372 4100 ἐχειν
407 4036 638 4100 ποιμένα
673 4035 864 4085 καλόν·
901 4035 1187 4104 συναγάγῃ
1219 4035 1276 4087 δὲ
1331 4035 1412 4098 εἰς
1447 4034 1505 4086 ἓν
1533 4035 1806 4104 ποίμνιον,

230 4128 310 4185 εἰς
345 4125 476 4194 μίαν
503 4127 704 4180 πίστιν.
763 4127 826 4178 Oi
874 4129 930 4180 δὲ
964 4129 1141 4180 λοιποὶ
1182 4129 1282 4197 οὐχ
1313 4127 1388 4190 ὡς
1449 4129 1806 4198 προφητείαν,

231 4218 348 4269 αλλ’
393 4218 468 4278 ὡς
521 4219 834 4290 συμσουλὴν
882 4223 973 4273 τὸν
1014 4221 1172 4289 λόγον
1229 4219 1512 4290 δεξάμενοι
1548 4217 1808 4290 κυροῦσιν

228 4310 415 4361 αὐτόν.

320 4402 445 4456 Ἀπ’
470 4432 539 4441 -
557 4405 764 4458 αὐτόν.
788 4405 899 4457 Καὶ
914 4403 1022 4474 μὴν
1049 4405 1142 4457 καὶ
1167 4403 1433 4474 πρότερον
1456 4401 1687 4472 ἐζήτουν
1716 4402 1812 4455 αὖ⁸

1916 3298 2000 3353 liis
2021 3308 2199 3365 erant,
2267 3309 2472 3353 utcum
2503 3298 2578 3352 illi
2620 3299 2672 3351 in
2711 3297 2903 3368 primis
2935 3297 3277 3362 didicissent,
3324 3296 3492 3350 veluti

1913 3395 2006 3465 qui
2044 3394 2208 3447 etiam
2241 3391 2408 3464 primi
2437 3391 2605 3444 Deum
2632 3398 3030 3461 cognoverant,
3072 3389 3419 3458 postmodum
3438 3394 3494 3441 et

1914 3489 2050 3543 alios
2095 3487 2378 3540 docerent.
2426 3484 2592 3539 Filios
2635 3483 2818 3552 itaque
2844 3483 2958 3550 Dei,
3015 3491 3205 3554 gentes
3243 3481 3492 3536 nomina-

1918 3581 2016 3647 vit,
2056 3588 2116 3634 ut
2140 3579 2236 3650 qui
2270 3577 2365 3632 lilii
2399 3585 2559 3631 erant
2586 3574 2779 3630 futuri.

1989 3766 2055 3821 Et
2085 3768 2183 3821 bas
2221 3765 2491 3835 siquidem
2513 3762 2766 3819 Christus
2797 3775 2930 3816 ores
2958 3775 3109 3824 suas,
3135 3765 3202 3814 ali
3235 3775 3302 3814 eo
3346 3760 3494 3828 quod

1916 3857 2160 3913 futurum
2182 3867 2321 3923 erat,
2354 3855 2672 3927 appellavit.
2707 3854 2997 3924 Dispersas
3027 3862 3212 3906 autem
3247 3853 3316 3907 ob
3341 3853 3495 3906 varia

1916 3950 1984 4004 de
2021 3949 2130 4004 Deo
2156 3949 2428 4019 dogmata,
2453 3963 2519 4002 eo
2541 3947 2685 4015 quod
2707 3945 2911 4000 bonum
2943 3960 3052 3998 non
3090 3944 3498 4014 haberentpas—

1919 4051 2114 4095 torem.
2141 4039 2511 4111 Congregaret
2543 4040 2596 4091 in
2635 4053 2810 4091 unum
2858 4051 3099 4108 gregem,
3137 4036 3190 4090 in
3221 4051 3386 4089 unam
3425 4036 3489 4088 li-

1917 4131 2062 4186 dem.
2092 4129 2286 4184 ϐαδιετί
2309 4144 2441 4183 vero
2469 4142 2579 4182 nou
2625 4127 2788 4196 quasi,
2820 4126 3164 4189 vaticinium,
3197 4125 3293 4178 scd
3342 4126 3498 4194 quasi

1919 4223 2225 4277 consnlium.
2269 4221 2671 4289 suscipientes,
2709 4217 2982 4287 sull‘ragiis
3049 4215 3180 4270 illud
3249 4231 3502 4285 compro-

1920 4315 2074 4370 bant.

1998 4406 2148 4460 Vers.
2181 4405 2271 4459 55.
2301 4403 2592 4456 Ali—eum.
2628 4402 2788 4471 Atqui
2811 4400 2975 4455 etiam
3012 4398 3161 4468 prius
3200 4397 3354 4451 illum
3407 4413 3499 4452 oc-

229 4499 322 4550 τὸν
349 4499 694 4558 ἀποκτεῖναι,
729 4495 803 4558 ὡς
827 4499 1186 4566 προείρηται·
1218 4495 1355 4548 ἀλλὰ
1383 4494 1480 4547 νῦν
1514 4495 1654 4564 μετὰ
1679 4511 1803 4564 συμ‹

1922 4498 2107 4552 cidere
2140 4497 2442 4556 tentabant,
2479 4500 2538 4548 ut
2565 4494 2890 4564 praedictum
2914 4501 3018 4553 est.
3055 4491 3150 4545 sed
3180 4507 3328 4545 nunc
3371 4506 3498 4544 cum

233 4590 432 4658 6ου).ῆς
488 4590 581 4641 καὶ
615 4590 863 4658 σκέψεως
929 4590 1224 4657 ἐκύρωσαν
1276 4589 1379 4656 τὴν
1415 4586 1644 4656 γνώμην
1674 4604 1688 4618 ο
1715 4585 1803 4638 νῦν

1917 4589 2150 4643 consilio
2178 4597 2233 4640 et
2255 4585 2657 4640 deliberatione
2690 4583 3022 4637 sententiam
3080 4583 3443 4637 decreverunt
3481 4599 3496 4645 ;

236 4683 378 4750 μετὰ
411 4683 590 4752 πάσης
621 4681 932 4751 προθυμίας
985 4682 1082 4733 καὶ
1120 4681 1362 4750 σπουδῆς
1418 4679 1812 4749 ἐπεχείρησαν.

319 4865 563 4931 Ἰησοῦς
593 4895 659 4906 —-
695 4866 903 4920 αὑτοῦ.
931 4866 1132 4918 οὐκέτι
1180 4866 1433 4938 φανερῷς
1467 4866 1820 4934 περιεπάτει,

234 4961 375 5013 ἀλλὰ
403 4959 647 5028 ἀπῆλθεν
678 4960 758 5022 είς
795 4963 896 5028 τὴν
920 4962 1104 5029 χώραν
1130 4958 1226 5028 τὴν
1255 4961 1422 5026 ἐγγὺς
1450 4961 1547 5029 τῆς
1578 4959 1814 5028 ἐρήμου.

235 5054 413 5120 ἤγουν
447 5053 528 5114 είς
579 5051 736 5104 πόλιν
796 5052 1038 5125 Ἐφραὶμ
1092 5049 1652 5122 (50)-δνομαζομένην.
1709 5049 1817 5102 ἀπὸ

1919 4697 2067 4736 nunc
2098 4696 2222 4734 cum
2254 4679 2402 4734 omni
2437 4676 2606 4731 animi
2651 4673 3085 4745 promotitudine
3113 4684 3168 4728 et
3193 4675 3377 4754 studio
3403 4689 3502 4729 an-

1921 4774 2024 4827 nisi
2051 4781 2199 4826 sunt.

1998 4865 2152 4920 Vers.
2189 4865 2278 4919 54.
2311 4863 2460 4918 Jesm
2477 4864 2683 4918 ——suit.
2716 4864 2837 4920 Jam
2887 4878 2999 4918 non
3042 4859 3334 4916 manifeste
3387 4873 3503 4912 am-

1923 4958 2166 5021 bulabat,
2197 4956 2293 5010 sed
2318 4956 2453 5012 abiit
2491 4956 2548 5010 in
2574 4955 2889 5026 regionem,
2930 4968 3059 5024 quas
3083 4951 3300 5007 deserto
3323 4949 3502 5007 vicina

1925 5059 2073 5113 erat,
2155 5050 2410 5104 videlicet
2499 5049 2554 5103 in
2630 5049 2913 5104 civitatem
3016 5061 3137 5114 quze
3216 5041 3504 5098 dicebatur

230 5146 331 5198 τοῦ
357 5146 631 5216 φυλάρχου
669 5144 931 5215 Ἐφραίμ.
969 5142 1350 5213 Ἀνθρωπίνως
1372 5142 1480 5211 γὰρ
1499 5140 1666 5204 σώζει
1691 5142 1803 5194 ἑαυ·

1929 5140 2183 5210 Ephraim
2217 5157 2245 5193 a
2284 5139 2532 5211 principe
2564 5140 2742 5194 tribus
2779 5138 3056 5209 Ephraiut.
3092 5135 3225 5190 Nam
3259 5137 3502 5190 humano

349 5286 394 5317 ’⁸
422 5283 739 5353 Matth..xv,
786 5286 878 5340 26.
989 5285 1034 5317 ⁸⁹
1063 5285 1198 5340 ibid.
1310 5284 1354 5317 ³ο
1383 5283 1545 5338 Joan.
1572 5299 1629 5350 ι,
1656 5282 1747 5337 15.

1419 5438 1618 5502 Variae
1666 5437 1976 5501 lectiones
2013 5445 2073 5499 et
2117 5442 2304 5498 notae.

316 5617 428 5688 (47)
462 5614 869 5688 Συμὸουλιυταὶ
906 5611 1068 5685 ἦσαν.

315 5687 426 5758 (48)
458 5687 664 5741 Inclusa
700 5692 900 5740 absunt
933 5691 995 5739 Α.

2009 5613 2118 5682 (49)
2153 5611 2359 5667 Inclusa
2391 5611 2591 5669 absunt
2620 5610 2681 5661 Α.

2009 5683 2120 5754 (50)
2157 5683 2469 5752 Λεγομένην
2504 5683 2543 5734 Λ
2557 5720 2570 5734 .

320 5825 431 5894 (ιλιι)
489 5823 619 5881 Cum
670 5828 722 5879 in
755 5826 879 5897 legis
937 5826 1400 5896 transgressionem
1461 5825 1811 5894 impcgisscut.
1850 5821 1985 5878 Cum
2019 5823 2084 5875 ad
2124 5820 2256 5891 legis
2290 5818 2754 5891 transgressiones
2782 5815 3165 5872 declinassent.

574 5922 842 5978 i’nnoL.
889 5923 1003 5980 (in.
1049 5918 1302 5979 CXXIX;

3113 5904 3191 5966 43
