4108 6386
650 396 787 461 1361

1873 398 2251 458 EUTHYMN
2291 397 2648 456 ZIGABENI

3770 401 3895 460 1368

647 505 750 561 sibi
780 505 1086 560 concilians
1130 520 1194 560 ac
1222 506 1542 561 communia
1578 506 1759 560 omnia
1811 506 2129 570 ostendens,
2165 515 2211 559 el

2325 507 2560 573 Πάντας
2603 508 2846 560 ἑλκύσω
2889 508 3039 573 πρὸς
3088 507 3386 576 ἐμαυτόν·
3449 506 3550 560 οὐκ
3592 507 3887 560 ἑνιντιείιο-

646 597 1009 666 αηιιοίίισιεηι
1043 612 1142 667 per
1171 596 1294 652 talia
1324 598 1724 654 demonstrans.

716 872 871 929 Vera.
896 874 985 929 33.
1019 872 1133 929 Hoc
1152 905 1222 914 —
1241 884 1371 930 esset
1396 876 1699 928 moriturus.
1737 872 1849 929 [loc
1866 913 1881 938 ,
1913 873 2173 945 quidnam
2198 874 2222 926 ἲ

645 965 705 1019 Si
728 964 995 1020 uallatus
1029 968 1199 1036 fuero,
1232 967 1500 1036 siquidem
1524 966 1920 1021 exaltationem
1969 966 2022 1019 in
2058 980 2222 1020 cruce

646 1055 935 1112 innuebat.

721 1149 875 1205 Vers.
904 1152 991 1206 34.
1020 1151 1297 1218 Respondit
1318 1183 1387 1193 --
1408 1152 1633 1205 hominis
1656 1154 1681 1206 ?
1710 1152 1885 1208 Etiam
1911 1152 1999 1206 hic
2023 1152 2220 1221 legem.

644 1241 967 1312 simpliciter
1021 1242 1265 1296 divinam
1316 1243 1596 1312 appellant
1651 1244 2013 1313 Scripturam.
2062 1243 2219 1307 Nam,

642 1332 1023 1402 frequentibus
1069 1333 1189 1403 ejus
1240 1334 1295 1387 in
1341 1333 1476 1387 locis
1510 1334 1891 1389 immortalitas
1920 1334 2223 1389 divinitatis

642 1422 848 1479 Christi
900 1425 1280 1495 significatur:
1310 1426 1772 1495 quemadmodum
1802 1427 1965 1480 etiam
2015 1437 2223 1481 morta-

645 1518 769 1571 litas
795 1518 1154 1573 humanitatis
1177 1519 1320 1588 ejus.
1349 1529 1405 1573 et
1431 1520 1666 1573 maxime
1693 1520 1749 1573 in
1790 1519 2022 1576 Psalmis
2063 1519 2218 1575 Davi-

643 1610 802 1665 dicis.

714 1701 782 1755 Et
811 1701 932 1757 vide
988 1702 1237 1757 dolosum
1294 1718 1484 1756 eorum
1549 1711 1835 1758 conatum.
1889 1702 2026 1758 Cum
2073 1704 2219 1759 enim

641 1792 897 1862 superius
926 1793 993 1847 de
1023 1802 1198 1847 morte
1234 1794 1604 1863 disputantem
1635 1794 1921 1849 audissent
1948 1811 2012 1850 ac
2034 1796 2221 1850 dicen-

2326 601 2461 667 τῶν,
2502 600 2635 652 ἀλλὰ
2673 600 2738 652 τὰ
2774 600 2865 651 τοῦ
2916 599 3128 669 [ἰατρὸς
3174 599 3568 669 οἰκειούμενος,
3609 602 3703 651 καὶ
3749 604 3894 653 κοινὰ

2327 694 2504 747 πάντα
2532 692 2811 758 δεικνύων,
2842 692 2936 744 καὶ
2980 692 3039 745 τὸ
3069 692 3182 745 ῐσον
3219 693 3305 745 διά
3326 694 3435 745 τῶν
3469 692 3736 745 τοιούτων
3764 710 3891 761 παρ-

2328 766 2513 842 ιστῶν.

2401 880 2583 936 Τοῦτο
2605 911 2675 920 -
2693 878 3127 945 ἀποθνήσκειν.
3157 876 3352 934 Τοῦτο,
3386 878 3577 940 ποῖονς
3608 876 3691 930 τὸ.
3718 875 3899 929 Ὅταν

2324 970 2545 1042 ὑψωθῶ
2566 989 2580 1002 ·
2606 971 2875 1041 ὑπεδήλου
2899 970 3005 1038 γὰρ
3033 971 3130 1035 τὴν
3154 969 3247 1020 ἐπὶ
3275 967 3367 1020 τοῦ
3399 968 3637 1036 σταυροῦ
3667 966 3894 1037 ὕψωσεν.

2408 1155 2722 1221 Ἀπεκρίθη
2786 1182 2857 1191 —
2927 1150 3287 1218 ἀνθρώπους
3372 1147 3669 1201 Κάνταῦθα
3736 1146 3897 1215 νόμον

2324 1249 2573 1312 λέγουσιν
2616 1246 2799 1306 ἁπλῶς
2840 1246 2937 1314 τὴν
2990 1244 3139 1311 θεῖαν
3177 1244 3421 1311 Γραφήν.
3473 1240 3750 1309 Πολλαχοῦ
3795 1241 3897 1304 γὰρ

2324 1340 2493 1408 αὐτῆς
2516 1339 2577 1390 τὸ
2600 1337 2664 1389 ἁθ
2683 1338 2868 1389 ὶνατυν
2890 1334 2990 1403 τῆς
3013 1334 3271 1400 θεότητος
3302 1332 3395 1383 τοῦ
3423 1332 3662 1399 Χριστοῦ
3698 1331 3897 1399 σημαί-

2325 1450 2498 1497 νεται,
2548 1430 2741 1500 ὥσπερ
2792 1429 2887 1482 καὶ
2943 1429 3005 1481 τὸ
3053 1426 3251 1494 θνητὸν
3317 1426 3415 1493 τῆς
3476 1424 3897 1493 ἀνθρωπότητος

2324 1523 2515 1587 αὑτοῦ,
2540 1528 2630 1575 καὶ
2662 1522 2864 1592 μᾶλλον
2894 1522 2951 1573 tv
2984 1522 3094 1582 τοῖς
3127 1522 3202 1571 Δα
3222 1520 3437 1579 οἵτικοῖς
3470 1517 3743 1585 Ψαλμοῖς.

2398 1702 2543 1771 Ὅρα
2578 1700 2692 1768 (75)
2723 1700 2781 1753 δὶ
2806 1698 3169 1767 κακουργίαν.
3220 1694 3583 1758 Ἀκούσαντες
3617 1694 3728 1764 γὰρ
3760 1695 3894 1745 dvin-

2322 1794 2467 1864 τέρω
2496 1794 2625 1863 περὶ
2663 1790 2758 1845 τοῦ
2790 1791 3026 1845 οανάτου
3062 1788 3561 1858 φιλοσοφήσαντος,
3599 1788 3698 1839 καὶ
3733 1801 3896 1854 προσ-

643 1893 753 1935 tem
790 1900 803 1935 :
836 1881 1051 1951 Oportet
1072 1884 1304 1937 exaltari
1328 1862 1537 1938 Filium
1562 1887 1788 1940 hominis
1810 1885 1856 1917 “
1888 1889 2211 1956 (quanquam

2324 1862 2509 1949 θέντος
2564 1862 2645 1939 δτι
2696 1884 2797 1937 Δεῖ
2830 1881 3145 1951 ὑψωθῆναι
3192 1880 3298 1934 τὸν
3360 1880 3496 1932 Υῖύν
3529 1879 3635 1932 τοῦ
3677 1878 3896 1946 ἀνθρὼ-

643 1972 747 2026 hoc
775 1974 1101 2042 evangelista
1158 1989 1267 2027 non
1308 1976 1622 2030 addiderit:
1659 1976 1925 2046 siquidem
1966 1978 2131 2033 variis
2166 1979 2221 2032 in

641 2065 778 2118 locis
834 2064 936 2119 hoc
974 2065 1054 2119 eis
1078 2066 1292 2119 locutus
1324 2072 1462 2136 est);
1507 2083 1631 2122 cum
1667 2070 1832 2123 etiam
1874 2085 2023 2124 nunc
2063 2070 2219 2124 addi-

640 2155 805 2217 derit,
838 2154 897 2209 Si
929 2156 1197 2210 excitatus
1231 2158 1399 2226 fuero,
1436 2160 1850 2225 intellexerunt,
1885 2163 2032 2231 quod
2064 2164 2219 2217 exal-

643 2247 905 2302 tationem
935 2247 1141 2303 diceret
1200 2258 1455 2313 mortem,
1488 2250 1615 2305 licet
1641 2267 1746 2305 non
1780 2253 1847 2307 de
1880 2268 1941 2307 ea
1974 2270 2093 2322 quae
2123 2270 2221 2324 per

638 2354 856 2393 crucem
885 2339 1059 2400 lierst.
1096 2339 1450 2409 conciperent
1478 2358 1490 2394 :
1523 2350 1579 2395 et
1604 2341 1730 2395 hinc
1761 2344 2054 2411 sperabant
2088 2358 2220 2399 con-

640 2430 783 2484 vinci
836 2446 993 2499 posse
1046 2430 1226 2501 ipsum
1283 2447 1391 2484 non
1425 2446 1546 2485 esse
1589 2431 1867 2486 Christum
1898 2475 1912 2499 ,
1958 2442 2214 2503 tanquam

638 2523 883 2576 dicentes
912 2542 924 2576 :
957 2520 1065 2576 Nos
1095 2522 1403 2576 audivimus
1436 2537 1499 2576 ex
1545 2521 1851 2593 Scriptura,
1883 2526 2025 2593 quod
2053 2525 2217 2579 Chri-

638 2626 726 2667 tus
748 2629 855 2667 non
879 2614 1176 2668 moriatur:
1206 2622 1262 2668 et
1284 2615 1557 2683 quomodo
1580 2623 1635 2669 tu
1668 2614 1824 2675 dicis,
1858 2616 2003 2684 quod
2033 2616 2215 2687 ipsum

638 2706 775 2760 mori
808 2709 1116 2775 Oporteat?
1172 2707 1399 2772 Deinde,
1441 2723 1509 2761 ne
1564 2708 1666 2762 hoc
1702 2707 1768 2761 de
1798 2723 1864 2762 eo
1914 2708 2099 2763 dicere
2138 2711 2217 2765 vi-

636 2801 893 2864 deantur,
924 2801 1080 2854 aiunt
1115 2820 1125 2853 :

709 2890 867 2947 \‘ers.
905 2893 993 2947 δι.
1031 2893 1161 2957 Qui:
1198 2925 1266 2934 --
1314 2895 1538 2951 hominis
1562 2901 1587 2953 .’
1622 2897 1833 2952 Etenim
1886 2899 1929 2952 si
1963 2898 2217 2954 Christus

635 2994 741 3051 est,
774 3000 883 3039 non
917 2986 1150 3040 moritur
1181 3004 1196 3050 ;
1226 2986 1369 3056 quod
1416 2987 1459 3041 si
1500 2989 1755 3054 moritur,
1787 3004 1894 3043 non
1940 2999 2027 3044 est
2056 2989 2216 3044 Chri-

634 3084 773 3129 stus.
801 3074 987 3144 Atqui,
1030 3089 1061 3128 ο
1092 3076 1416 3131 dementes!
1459 3077 1655 3132 debilis
1682 3088 1766 3132 est
1809 3080 1946 3134 ratio
1986 3088 2166 3133 vestra
2198 3095 2212 3134 :

635 3183 761 3221 nam
788 3167 977 3222 et.hoc
1007 3177 1061 3222 et
1096 3166 1229 3223 illud
1256 3184 1443 3223 verum
1468 3177 1551 3223 est
1582 3187 1597 3225 :
1630 3171 1957 3225 immortalis
1990 3171 2211 3241 quidem

632 3266 717 3312 est
768 3256 1078 3322 divinitate,
1126 3258 1371 3313 mortalis
1432 3269 1616 3314 autem
1681 3262 2043 3317 humanitate.
2102 3262 2211 3317 Sed

630 3350 885 3405 Christus
906 3366 1053 3405 nunc
1085 3366 1193 3406 non
1223 3352 1430 3415 docuit.
1464 3356 1736 3423 quomodo
1766 3356 2095 3413 immortalis
2118 3373 2211 3412 es-

630 3448 735 3505 set,
771 3440 865 3495 sed
900 3441 1174 3510 quomodo
1199 3443 1476 3509 mortalis;
1520 3445 1717 3512 sciens,
1749 3462 1846 3503 eos
1892 3464 1998 3503 non
2027 3464 2212 3505 susce-

628 3543 824 3602 pturos
857 3533 924 3589 de
956 3549 1052 3589 sua
1081 3534 1487 3591 immortalitate
1514 3552 1849 3594 sermonem.

700 3626 1001 3681 Considera
1028 3643 1289 3699 namque,
1314 3630 1481 3698 quod,
1507 3647 1630 3685 cum
1659 3633 1823 3688 etiam
1850 3650 2062 3701 vocem,
2088 3653 2210 3706 qua:

630 3718 698 3771 de
741 3719 881 3774 corio
918 3729 1164 3785 venerat,
1214 3723 1581 3777 audissenlac
1618 3724 1887 3779 dixissent
1926 3746 1939 3781 :
1977 3730 2208 3798 Angelus

626 3812 676 3864 ei
705 3810 907 3865 locutus
947 3824 1042 3879 est,
1071 3813 1248 3867 adhuc
1282 3824 1461 3869 tamen
1499 3816 1884 3883 maligna:.tur.
1923 3818 2047 3875 Ideo
2075 3822 2209 3875 sim-

627 3902 849 3971 pliciter
878 3919 974 3958 eos
1007 3906 1289 3959 admonet.

697 3992 853 4049 Vcrs.
902 3996 991 4051 '55.
1041 3996 1180 4051 Dicit
1232 4031 1299 4041 —
1334 4001 1799 4069 comprehendant.
1838 4002 2040 4059 Lucem
2074 4006 2208 4061 dicit

623 4087 886 4156 seipsum.
921 4088 1056 4142 Nam
1116 4101 1171 4144 et
1218 4091 1272 4144 in
1306 4093 1746 4159 praecedentibus
1791 4096 2046 4151 dicebat:
2092 4097 2205 4168 Ego

620 4190 737 4225 sum
771 4174 862 4228 (ua:
906 4176 1111 4239 mundi,
1141 4178 1232 4247 qui
1251 4179 1489 4248 sequitur
1527 4196 1609 4234 me
1641 4198 1741 4235 nou
1772 4183 2013 4237 ambulat
2044 4186 2097 4237 in
2129 4196 2206 4239 te-

621 4271 794 4325 nebris
820 4271 889 4323 δ’.
916 4270 1184 4326 Modicum
1220 4283 1402 4328 autem
1436 4284 1651 4344 tempus
1690 4277 1741 4331 id
1770 4278 1920 4345 dicit,
1962 4280 2105 4349 quod
2136 4281 2204 4337 ad

619 4373 856 4419 mortem
907 4379 1081 4434 usque
1138 4366 1346 4421 deerat.
1405 4366 1523 4422 Prae
1576 4368 1915 4425 humanitate
1951 4387 2083 4442 ergo
2140 4389 2205 4428 ac

619 4457 958 4529 benignitate
994 4467 1327 4527 protestatur
1356 4471 1411 4516 et
1442 4463 1699 4517 admonet
1742 4465 1877 4526 illos.
1916 4476 1973 4520 ut
2006 4466 2057 4520 iu
2084 4466 2203 4522 luce

2324 1994 2444 2034 που
2462 1995 2474 2009 ·
2499 1979 2548 2032 εί
2579 1977 2767 2047 καὶμὴ
2791 1969 3101 2046 προσέθηκε
3127 1972 3287 2025 τοῦτο
3311 1971 3751 2039 ὁεὺαγγελιστής
3775 1986 3787 1997 ·
3810 1973 3895 2022 καὶ

2326 2074 2437 2145 γάρ
2484 2073 2756 2141 διαφόρως
2806 2070 2959 2137 ἔλεγε
3004 2066 3165 2121 τοῦτο
3196 2066 3331 2135 πρὸς
3366 2065 3604 2126 αὐτούς·
3646 2066 3768 2117 ἐπεὶ
3803 2064 3888 2115 καὶ

2324 2166 2419 2220 νῦν
2468 2161 2620 2219 εἶπεν
2678 2163 2761 2216 ὅτι
2788 2162 2975 2214 Ὀταν
3014 2157 3256 2227 ὑψωθῶ,
3293 2155 3535 2225 συνῆκαν
3568 2157 3652 2209 δτι
3685 2155 3883 2223 ὖιιωσιν

2336 2258 2429 2310 τὸν
2490 2255 2725 2310 θάνατον
2770 2254 2942 2320 λέγει,
2993 2253 3041 2304 εί
3096 2251 3201 2322 καὶ,
3248 2250 3324 2321 μὴ
3378 2248 3477 2319 τὴν
3520 2247 3617 2301 επὶ
3667 2246 3889 2326 σταυροῦ

2322 2349 2575 2419 ἀνόησαν,
2610 2349 2703 2402 καὶ
2739 2345 3152 2417 προσεδόκησαν
3188 2342 3442 2397 ιντεῦθεν
3481 2342 3701 2409 ἐλέγξαι
3734 2342 3885 2394 αὐτὸν

2327 2445 2402 2517 μὴ
2426 2444 2557 2495 δντα
2595 2442 2851 2512 Χριστὸν,
2887 2439 3086 2493 ὡσανεὶ
3115 2438 3365 2505 λέγοντες
3386 2452 3402 2469 ’
3450 2435 3887 2504 Ἦκούσαμεν.ῖκ

2321 2534 2421 2603 τῆς
2450 2532 2671 2602 Γραφῆς
2711 2531 2794 2583 ὅτι
2820 2532 2847 2582 ὁ
2869 2528 3104 2599 Χριστὸς
3134 2528 3236 2579 οὐκ
3258 2526 3616 2596 ἀποθνήσκει,
3649 2528 3741 2578 καὶ
3776 2525 3884 2585 πῶς

2324 2626 2389 2678 σὺ
2420 2624 2602 2690 λέγεις
2633 2624 2731 2675 δτι·
2760 2620 3055 2674 ἀποθανεῖν
3096 2617 3213 2689 (76)
3254 2618 3356 2688 χρὴ
3398 2618 3599 2681 αὐτόνς
3632 2611 3785 2682 Εἶτα,
3813 2616 3894 2668 iv:

2328 2719 2403 2787 μὴ
2439 2716 2635 2780 δόξωσι
2674 2716 2803 2785 περὶ
2835 2712 3004 2766 αὐτοῦ
3040 2711 3202 2765 τοῦτο
3236 2711 3439 2780 λέγειν,
3484 2710 3621 2779 φασί
3645 2725 3661 2741 ο

2397 2900 2491 2963 Τίς
2528 2926 2596 2935 -
2626 2892 2945 2963 ἀνθρώπου
2977 2910 2995 2957 ;
3033 2894 3095 2945 El
3127 2892 3229 2962 μιν
3257 2891 3366 2961 γάρ
3398 2893 3549 2945 ιστιν
3578 2893 3607 2945 ὁ
3639 2892 3887 2962 Χριστὸς,

2333 2991 2437 3043 οὐκ
2483 2988 2859 3057 ἀποθνήσκει·
2910 2987 2958 3037 εί
3010 2984 3068 3036 δὲ
3112 2982 3473 3053 ἀποθνήσκει,
3515 2982 3618 3034 οὐκ
3672 2983 3817 3035 ἔστιν
3864 2981 3890 3031 6

2320 3079 2577 3152 Χριστός.
2609 3079 2721 3131 Καὶ
2748 3076 2879 3146 μὴν,
2912 3074 2957 3127 ὣ
2980 3075 3199 3144 ἀνόητοι
3226 3075 3239 3126 l
3274 3073 3473 3141 σαθρὸς
3494 3074 3523 3124 ὁ
3544 3072 3701 3140 λόγος
3722 3072 3887 3140 ὑμῶν’

2323 3174 2440 3227 ἐστι
2471 3173 2582 3242 γὰρ
2614 3172 2709 3224 καὶ
2737 3168 2897 3223 τοῦτο
2928 3169 3169 3229 κάκεῖνο,
3199 3166 3468 3228 ἀθάνατος
3505 3166 3603 3236 μιν
3629 3168 3696 3235 τῇ
3734 3166 3887 3217 d056-

2320 3284 2466 3337 τητι,
2507 3265 2699 3332 Θνητὸς
2764 3262 2821 3314 δὲ
2879 3263 2943 3330 τῇ
2972 3259 3375 3329 ἀνθρωπότητι.
3431 3259 3574 3311 Ἀλλ’
3609 3260 3637 3311 ὀ
3670 3258 3889 3328 Χριστὸς

2319 3359 2421 3411 οὒκ
2463 3354 2674 3417 ἐδίδαξε
2733 3352 2829 3406 νῦν
2862 3352 2980 3413 πῶς
3022 3353 3120 3421 μέν
3161 3353 3313 3403 ἐστιν
3358 3350 3656 3414 ἀθάνατος,
3702 3350 3887 3413 πῶς-δὲ

2319 3448 2531 3519 θνητὸς,
2570 3445 2727 3509 εἰδὼς
2770 3445 2971 3509 αὐτοὺς
3001 3444 3063 3497 οὐ
3110 3442 3595 3514 παραδεξομινους
3634 3443 3728 3496 τὸν
3766 3446 3887 3511 περὶ

2317 3546 2417 3616 τῆς
2442 3544 2701 3613 θεότητος
2729 3539 2895 3594 αὑτοῦ
2929 3539 3113 3608 λόγον.

2390 3637 2588 3688 Σκόπει
2635 3634 2742 3703 γὰρ
2776 3634 2857 3686 δτι
2889 3634 2985 3685 καὶ
3026 3631 3131 3701 τὴν
3180 3630 3446 3684 ἐλθοῦσαν
3476 3629 3665 3699 φωνὴν
3695 3630 3761 3681 ὲκ
3800 3626 3885 3679 τοῦ

2316 3728 2550 3795 οὐρανοῦ
2603 3726 3014 3791 ἔνωτισθέντες,
3074 3725 3171 3777 καὶ
3219 3725 3468 3785 είπόντες
3523 3723 3611 3775 δτι
3664 3721 3884 3789 ἄγγελος

2316 3821 2464 3890 αὐτῷ
2508 3820 2831 3889 λελάληκεν,
2882 3819 2963 3872 ἔτι
3016 3817 3444 3890 πονηρεύονται.
3493 3816 3587 3869 Διὸ
3638 3814 3886 3885 παραινεί

2315 3910 2498 3973 αὐτοῖς
2531 3909 2741 3973 ἁπλῶς.

2391 3997 2575 4055 Εἶπεν
2602 4032 2669 4042 --
2702 3998 3033 4067 καταλάϐῃ.
3065 3997 3184 4058 Φῶς
3215 3995 3411 4049 ἑαυτὸν
3434 3994 3607 4061 λέγει.
3644 3994 3757 4046 Καὶ
3783 3995 3880 4061 γὰρ

2315 4093 2410 4144 καὶ
2444 4091 2729 4163 προλαδὼν
2792 4092 2975 4157 ἔλεγεν
3001 4108 3014 4122 ·
3057 4088 3205 4159 Ἐγώ
3234 4091 3351 4158 ειμι
3390 4088 3456 4141 τὸ
3504 4086 3628 4155 φῶς
3656 4085 3762 4140 τοῦ
3796 4086 3883 4137 κό-

2312 4199 2494 4251 σμου,
2516 4187 2548 4237 ὁ
2570 4180 2921 4237 ἀκολουθῶν
2958 4181 3087 4251 ἐμοὶ
3114 4184 3186 4235 οὑ
3208 4181 3296 4251 μὴ
3320 4179 3704 4248 περιπατήσῃ
3728 4179 3794 4231 ἐν
3815 4175 3878 4243 τῇ

2312 4278 2545 4341 σκοτίᾳ.
2596 4276 2809 4345 Μικρὸν
2862 4276 2919 4327 δι
2975 4273 3171 4343 χρόνον
3244 4274 3382 4342 φησὶ
3459 4273 3554 4324 τὸν
3620 4271 3749 4341 ἄχρι
3796 4266 3878 4321 τοῦ

2314 4370 2548 4423 θανάτου
2580 4366 2766 4420 αὑτοῦ.
2810 4367 2950 4418 ’Υπδ
2978 4365 3396 4435 φιλανθρωπίας
3431 4364 3615 4416 τοίνυν
3649 4363 3875 4431 διαμαρ-

2309 4460 2560 4531 τύρεται,
2600 4461 2691 4512 καὶ
2725 4460 3047 4526 κατεπείγει
3088 4458 3287 4519 αὐτοὺς
3331 4458 3409 4519 εί,
3456 4459 3515 4510 τὸ
3564 4458 3876 4525 περιπατεῖν

620 4550 925 4614 ambulent,
964 4550 1067 4604 hoc
1098 4560 1179 4605 est
1203 4563 1502 4622 sequantur
1528 4570 1653 4609 eum
1677 4572 1799 4610 cum
1828 4556 2036 4613 lumine
2061 4574 2201 4627 prie-

2320 4556 2367 4607 iv
2399 4552 2474 4623 τῷ
2508 4555 2670 4621 φωτὶ,
2704 4552 2873 4621 ἠγουν
2908 4550 3224 4604 ἀκολουθεῖν
3270 4549 3418 4619 αὺτῷ
3454 4549 3874 4617 ςρωτατωγοῦντι

619 4650 842 4695 euntem
874 4640 1127 4711 viamque
1154 4654 1699 4710 commonstrantem,
1734 4656 1788 4699 et
1827 4649 1947 4717 ejus
1974 4648 2202 4702 credant

618 4732 987 4786 sermonibus.
1037 4733 1137 4786 Per
1170 4734 1427 4789 tenebras
1459 4750 1589 4789 vero
1640 4752 1885 4792 errorem
1932 4738 2197 4809 intelligo,

618 4838 729 4892 quo
763 4839 858 4878 eos
907 4826 1248 4881 seduxerunt
1298 4825 1516 4880 illorum
1560 4828 1867 4897 pontiﬁces,
1904 4840 2195 4901 postquam

618 4915 901 4969 Christum
938 4916 1355 4981 interfecerunt,
1386 4918 1719 4974 al'lirmautes
1755 4920 1897 4991 quod
1938 4923 2199 4977 seductor

618 5008 839 5063 fuisset.

688 5101 1072 5172 lntelliguutur
1104 5118 1322 5173 quoque
1368 5104 1694 5175 simpliciter
1742 5105 2002 5171 Tenebra',
2041 5122 2195 5161 error

616 5193 954 5258 Judazorum.
994 5196 1087 5265 qui
1134 5197 1471 5269 corporalem
1526 5198 1733 5253 cultum
1765 5209 2071 5261 servantes,
2105 5216 2194 5253 ar-

724 5402 772 5436 “
794 5401 949 5457 Joan.
975 5420 1057 5467 Ill,
1088 5404 1141 5471 8,
1174 5421 1285 5476 xxv,
1311 5407 1399 5464 28.
1518 5407 1563 5440 “
1582 5406 1740 5463 Joan.
1769 5424 1885 5474 vm,
1918 5408 2006 5461 ιε.

2310 4650 2405 4699 καὶ
2439 4646 2741 4711 ίδηγοῦντι,
2774 4646 2868 4697 καὶ
2898 4641 3179 4694 πιστεύειν
3207 4644 3318 4703 τοῖς
3348 4642 3528 4709 λόγοις
3557 4640 3673 4711 (77)
3699 4639 3871 4693 αὐτοῦ.

2309 4739 2536 4792 Σκοτίαν
2563 4738 2620 4791 δι
2653 4738 2759 4790 νοῶ
2782 4736 2879 4806 τὴν
2910 4734 3138 4804 πλάνην,
3169 4736 3234 4804 ἢν
3264 4735 3583 4801 ἐπλάνησαν
3608 4735 3800 4793 αὐτοὺς
3828 4732 3871 4784 οἱ

2307 4834 2567 4904 ἄρχοντες
2599 4831 2777 4884 αὐτῶν
2814 4831 2952 4900 μετά
2983 4829 3042 4881 τὸ
3068 4828 3279 4881 ἀνελεῖν
3333 4828 3422 4880 τὸν
3454 4828 3714 4896 Χριστὸν,
3748 4825 3870 4892 πλη·

2308 4925 2711 4995 ροφορήσαντες
2745 4924 2827 4975 ὅτι
2858 4922 3055 4985 πλάνος
3083 4916 3175 4993 ἦν.

2373 5106 2596 5159 Νοεῖται
2650 5104 2706 5157 δὲ
2755 5103 2969 5158 σκοτία
3027 5104 3120 5157 καὶ
3192 5105 3224 5174 ἠ
3297 5102 3488 5166 ἀπλῶς
3539 5103 3719 5173 πλάνη
3769 5099 3865 5153 τῶν

2313 5196 2618 5251 ἰουδαίωνο
2668 5197 2766 5267 τὴν
2804 5197 2912 5267 γὰρ
2965 5196 3287 5265 σωματικὴν
3338 5195 3607 5264 λατρείαν
3660 5194 3855 5266 φυλάσ-

1810 5591 2012 5655 νιπὶω
2059 5592 2363 5657 lectiones
2392 5605 2453 5659 et
2486 5604 2677 5659 nom.

688 5754 799 5826 (75)
829 5754 941 5820 Γάρ
972 5772 1067 5826 pro
1090 5759 1145 5811 δέ
1179 5761 1242 5813 Α.

691 5825 802 5897 (Ἱϐ)
838 5828 927 5878 Δεῖ
950 5825 1047 5897 pro
1069 5831 1173 5900 χρή
1206 5833 1267 5888 Α.

2355 5763 2467 5833 (77)
2508 5764 2595 5833 Τῷ
2633 5763 2771 5833 λόγῳ
2810 5766 2862 5817 ἃ.
