4108 6408
598 391 739 457 i375

666 507 822 566 Vers.
874 509 964 566 i9.
1019 509 1156 574 Quia
1191 538 1260 547 —
1291 507 1504 578 loquar.
1565 503 1702 571 Quia
1747 502 2004 558 dicebant
2055 514 2161 553 non
2193 500 2239 557 Α

594 615 719 656 esse
752 617 876 656 eum
909 615 939 653 a
971 599 1096 661 Deo,
1129 606 1186 653 et
1242 607 1528 668 propterea
1567 611 1680 650 non
1717 592 2049 650 obediehaut
2087 592 2159 655 ei,

597 693 674 747 ait
703 713 716 747 :
749 692 806 746 In
833 691 1135 746 novissimo
1181 690 1270 744 die.
1329 704 1531 749 sermo.
1563 702 1722 755 quem
1765 685 1982 740 locutus
2043 700 2162 738 sum

595 785 816 840 dicens.
879 781 1024 849 quod
1057 797 1126 834 ex
1180 781 1388 850 neipso
1441 794 1546 833 non
1595 794 1713 833 sum
1762 778 1997 840 locutus,
2070 776 2166 831 sed

601 877 779 932 Pater.
804 875 893 942 qui
922 873 1070 927 misit
1087 887 1194 935 nte,
1212 874 1328 941 ipse
1342 870 1475 925 mihi
1498 877 1829 939 pra-ceptum
1852 868 2024 930 dedit,
2041 866 2167 936 quid

598 966 772 1020 dicam
791 975 844 1019 et
861 965 987 1024 quid
1007 965 1216 1031 loquar,
1236 964 1324 1016 ille
1347 961 1734 1016 condemnabit
1761 975 1913 1022 eum,
1931 959 2050 1012 loco
2074 973 2166 1010 ac-

598 1057 861 1111 cusatoris
879 1056 1232 1116 constitutus,
1254 1055 1608 1116 convincens,
1631 1065 1959 1120 omnemque
1975 1065 2169 1119 ampu-

600 1157 720 1199 tans
736 1147 1102 1206 Occasionem,
1121 1161 1280 1215 quem
1299 1145 1557 1211 operibus
1573 1142 1912 1205 conllrmavi,
1935 1158 2002 1195 ex
2021 1140 2168 1195 omni

599 1246 749 1305 parte
786 1238 1109 1299 ost-uidens,
1171 1235 1312 1305 quod
1350 1235 1459 1287 Deo
1501 1249 1610 1288 non
1631 1235 1733 1288 sim
1765 1235 2096 1288 contrarius.

671 1327 824 1383 Vers.
863 1328 952 1382 50.
985 1329 1051 1382 Et
1090 1359 1160 1369 —
1188 1339 1286 1383 est.
1310 1327 1516 1398 Utpote
1550 1329 1714 1383 vitam
1734 1327 2040 1381 concilians
2095 1341 2170 1378 ze-

599 1431 834 1485 ternam,
877 1430 1136 1492 tanquam
1194 1421 1263 1475 ad
1326 1421 1493 1476 vitam
1561 1422 1837 1476 adducens
1883 1430 2170 1476 aeternam.

600 1512 742 1566 Sunt
775 1529 906 1583 ergo
946 1513 1369 1578 ineacusabiles,
1419 1515 1509 1584 qui
1546 1529 1609 1569 ea
1666 1528 1779 1567 non
1841 1513 2173 1582 suspiciunt,

599 1618 719 1670 qua:
752 1601 888 1655 mihi
924 1614 1194 1671 przccepta
1214 1612 1364 1667 sunt,
1385 1612 1441 1655 ut
1475 1603 1688 1672 loquar,
1730 1601 1988 1655 videlicet
2011 1597 2174 1653 verlul

601 1708 744 1755 mea,
773 1693 1073 1748 doctrinam
1117 1709 1292 1754 meam
1333 1703 1426 1747 :et
1449 1693 1551 1748 sibi
1597 1692 1731 1762 ipsis
1761 1704 1888 1746 sunt
1945 1690 2172 1756 inimici,

600 1790 787 1850 utpote
812 1781 974 1834 vitam
1007 1797 1116 1836 non
1150 1781 1514 1850 suscipientes
1547 1788 1834 1835 mternam.

675 1871 799 1926 llaec
853 1889 1025 1927 vero:
1089 1873 1228 1937 Quid
1290 1874 1464 1926 dicam
1499 1882 1553 1925 et
1610 1872 1739 1941 quid
1770 1871 1982 1938 loquar,
2033 1870 2175 1924 idem

602 1963 932 2031 signiﬁcant.
997 1962 1161 2016 Multa
1220 1971 1403 2016 autem
1472 1971 1602 2015 sunt
1673 1961 1984 2032 hujusmodi
2036 1961 2177 2032 apud

603 2070 814 2110 sacram
838 2055 1203 2124 Scripturam.

676 2147 828 2200 Vcrs.
857 2145 944 2199 56.
988 2147 1117 2209 Qua:
1145 2145 1438 2214 —loquor.
1495 2145 1559 2199 Et
1599 2160 1696 2215 per
1755 2145 2073 2212 praedictam
2124 2153 2182 2200 et

606 2253 700 2304 per
731 2245 1050 2304 praesentem
1077 2238 1430 2298 sententiam,
1463 2251 1683 2289 rursum
1747 2236 1962 2290 inducit
1994 2251 2090 2290 eos
2113 2237 2178 2289 ad

605 2329 789 2390 lhlem,
822 2327 1378 2395 parcensadhucillis
1430 2343 1542 2396 pra:
1600 2328 1868 2382 immensa
1924 2328 2180 2398 benigni-

607 2427 737 2472 tate.
777 2419 849 2471 De
914 2419 1229 2487 huiusmodi
1265 2429 1446 2474 autem
1520 2419 1829 2473 humilitate
1893 2419 2180 2474 verborum

608 2510 1013 2578 c|i<pensatorie
1062 2511 1356 2574 dictorum,
1423 2511 1590 2564 variis
1631 2509 1686 2563 in
1744 2510 1880 2564 locis
1918 2509 2178 2564 diximus.

606 2601 700 2654 lila
730 2616 965 2669 namque
1001 2621 1013 2654 :
1043 2607 1080 2656 Α
1121 2604 1317 2670 meipso
1348 2619 1448 2655 non
1481 2603 1596 2656 veni
1623 2603 1668 2634 “
1707 2619 1721 2667 ;
1751 2613 1842 2654 et:
1871 2601 1956 2656 Ea:
1986 2603 2182 2670 meipso

609 2709 709 2744 non
732 2709 846 2746 sum
875 2694 1080 2748 locutus
1110 2695 1194 2759 ";
1239 2705 1293 2748 et
1323 2713 1337 2747 :
1369 2694 1486 2764 Ipse
1509 2695 1636 2748 mihi
1665 2704 1988 2764 praceplum
2010 2694 2178 2756 dedit,

608 2784 735 2850 quid
768 2785 943 2836 dicam
973 2786 1171 2854 etquid
1202 2785 1468 2854 loquar”,
1533 2799 1598 2838 ac
1637 2784 1860 2848 similia,
1917 2783 2183 2838 manifes-

611 2874 722 2926 tius
755 2874 976 2943 qudcm
1006 2877 1356 2937 conﬁrmant,
1392 2876 1538 2945 quod
1575 2875 1684 2930 Deo
1711 2890 1822 2928 non
1854 2877 1926 2930 sit
1959 2887 2183 2930 contra-

609 2965 767 3017 rius:
801 2968 1461 3020 secretiusveroinnuunt
1485 2966 1631 3035 quod
1689 2965 1838 3019 Patri
1898 2967 2183 3034 sitaequa-

609 3056 697 3108 lis.

1813 385 2194 448 EUTHYMII
2233 383 2592 446 ZIGABENI

3715 372 3840 434 1276

2339 499 2466 552 Ὀτι
2491 529 2557 541 --
2583 494 2860 562 λαλήσω.
2899 492 3055 548 Ἐπεὶ
3082 491 3269 560 ἰλεγον
3307 491 3391 544 ὅτι
3438 486 3539 540 οὐκ
3583 484 3736 537 ἔστιν
3779 487 3844 539 εκ

2265 590 2362 642 τοῦ
2395 590 2554 655 Θεοῦ,
2583 589 2679 642 καὶ
2707 589 2795 642 διὰ
2824 587 2982 641 τοῦτο
3023 585 3124 639 οὐκ
3161 583 3443 637 ιπείθοντο
3473 578 3648 648 αὐτῷ,
3682 579 3844 648 φησιν

2265 682 2346 734 ὅτι
2377 680 2467 734 Ἐν
2488 683 2551 750 τῇ
2571 679 2772 750 ἔσχάτῃ
2795 678 2978 749 ἡμέρα
2993 679 3022 730 ό
3039 676 3196 743 λόγος
3213 674 3272 727 ὃν
3295 671 3536 743 ὲλάλησα
3555 668 3733 736 λέγων
3764 668 3844 720 ὅτι

2269 772 2327 838 ἐξ
2370 770 2611 842 ίμαυτοῦ
2641 771 2742 824 οὐκ
2770 769 3031 835 ἐλάλησα,
3064 764 3180 821 ἀλλ’
3216 767 3245 818 ό
3271 762 3498 832 πέμψας
3532 778 3599 832 με
3631 759 3843 826 Πατὴρ.

2267 861 2432 924 αὑτός
2466 877 2556 931 μοι
2589 858 2895 914 ενετείλατο
2917 857 2972 908 τί
3001 856 3140 908 είπω
3166 853 3258 906 καὶ
3286 851 3342 904 τί
3371 850 3615 919 λαλήσω,
3641 846 3848 906 ἐκεῖνος

2269 954 2448 1022 κρινεῖ
2495 952 2681 1014 αὑτὸν,
2735 951 2794 1002 εν
2824 947 2995 1013 -τάξει
3046 943 3359 1014 κατηγόρου
3411 942 3706 1010 ἱστάμενος
3757 938 3848 990 καὶ

2268 1041 2581 1113 διελέγχων,
2658 1039 2755 1094 καὶ
2813 1038 2998 1092 πᾶσαν
3045 1034 3346 1101 ἀπολογίαν
3394 1027 3724 1100 περιαιρῶν,
3788 1025 3848 1078 δν

2271 1133 2554 1187 ιϐεϐαίουν
2579 1134 2689 1197 τοῖς
2727 1131 2929 1202 ῐργοιῖ,
2962 1126 3303 1197 πανταχόθεν
3328 1122 3598 1179 δεικνύων
3628 1119 3710 1174 ὅτι
3750 1120 3849 1170 οὐκ

2271 1229 2386 1294 είμὶ
2417 1225 2684 1287 ἀντίθεος.
2946 1299 2956 1307 .

2342 1316 2448 1371 Καὶ
2481 1344 2548 1355 -
2574 1316 2766 1371 ἐστιν.
2809 1313 2898 1378 Ὦς
2931 1301 3078 1383 ζωὴν
3122 1308 3342 1364 αἰώνιον
3375 1303 3739 1379 προξενοῦσα,
3775 1301 3850 1362 ῶς

2273 1409 2353 1470 εἰς
2398 1407 2544 1476 ζωὴν
2575 1404 2795 1458 αἰώνιον
2829 1405 3061 1472 ἄγουσα.
3090 1399 3514 1467 ’Δναπολόγητοι
3547 1395 3644 1448 οὖν
3685 1395 3734 1446 οἱ
3778 1389 3851 1460 μὴ

2272 1499 2550 1568 δεχόμενοι
2587 1496 2655 1550 τά
2711 1495 3036 1550 ινταὶθίντα
3091 1509 3183 1564 μοι
3228 1489 3558 1558 λαληθῆναι,
3619 1485 3739 1554 ἢτοι
3788 1482 3850 1531 τὰ

2278 1590 2502 1662 ῥήματά
2551 1605 2676 1659 μου,
2729 1588 2828 1658 τὴν
2871 1585 3220 1640 διδασκαλίαν
3262 1597 3402 1651 μου·
3443 1580 3536 1632 καὶ
3581 1574 3851 1630 ἑπίϐουλοξ

2277 1685 2416 1736 εἰσιν
2440 1681 2651 1734 ἑαυτῶν
2679 1680 2755 1742 ὡς
2793 1677 2868 1749 μὴ
2899 1677 3182 1748 δεχόμενοι
3212 1675 3311 1742 τὴν
3338 1669 3558 1725 αίώνιον
3598 1667 3767 1734 ζωήν.

2350 1876 2426 1930 Th
2465 1875 2557 1928 ει·
2589 1873 2656 1928 Τί
2682 1875 2820 1928 είπω
2853 1874 2947 1928 καὶ
2992 1872 3042 1927 τί
3071 1872 3294 1943 λαλήσω
3336 1873 3398 1926 τὸ
3437 1870 3570 1924 aut?)
3620 1866 3849 1937 δηλοῦσι.

2283 1965 2466 2022 Πολλά
2498 1966 2552 2019 δι
2587 1963 2812 2019 τοιαῦτα
2843 1963 2996 2036 παρὰ
3025 1966 3092 2034 τῇ
3122 1964 3338 2032 Γραφῇ.

2359 2144 2420 2197 Ἀ
2450 2172 2518 2183 -
2537 2140 2728 2196 λαλῶ.
2759 2142 2870 2196 Καὶ
2903 2139 2991 2194 διὰ
3017 2139 3112 2193 τοῦ
3144 2136 3570 2210 προρρηθέντθς,
3627 2135 3724 2187 καὶ
3773 2133 3854 2186 διὰ

2281 2235 2374 2288 τοῦ
2427 2237 2697 2306 παρόντος
2735 2232 2936 2306 ρητοῦ,
2986 2231 3147 2287 πάλιν
3182 2231 3368 2298 ενάγει
3398 2230 3626 2291 τούτους
3651 2227 3733 2289 είς
3773 2225 3851 2278 πί-

2285 2343 2423 2390 στιν,
2457 2327 2536 2380 ἔτι
2560 2326 2880 2396 φειδόμενος
2910 2323 3090 2379 αὐτῶν
3119 2321 3226 2377 ὑπὸ
3267 2321 3370 2390 τῆς
3408 2319 3644 2390 ἀπείρου
3676 2316 3846 2386 φιλαν.

2285 2420 2552 2490 θρωπίας.
2606 2417 2742 2488 Περὶ
2791 2418 2975 2488 μέντοι
3021 2415 3123 2486 τῆς
3168 2412 3560 2482 ταπεινότητος
3609 2411 3720 2464 τῶν
3753 2427 3853 2462 τοι·

2285 2511 2458 2565 ούτων
2494 2511 2857 2580 οἰκονομικῶν
2908 2509 3170 2581 ῥημάτων
3217 2505 3491 2577 διαφόρως
3537 2507 3853 2574 εἰρήκαμεν.

2287 2603 2360 2656 Τὸ
2382 2606 2453 2670 γὰ
2462 2621 2492 2673 ρ
2526 2604 2582 2657 Ἀ
2593 2602 2654 2656 π’
2682 2601 2948 2672 ἐμαυτοῦ
2975 2602 3086 2654 οὐκ
3111 2598 3402 2668 ἐλήλυθα,
3429 2597 3521 2650 καὶ
3545 2595 3652 2660 Ἐξ
3680 2597 3851 2663 ἐμαυ-

2285 2693 2391 2748 τοῦ
2418 2697 2530 2747 οὐκ
2560 2693 2860 2761 ἐλάλησα,
2886 2694 2981 2746 καὶ
3009 2692 3202 2758 Αὐτός
3225 2708 3326 2762 μοι
3355 2689 3630 2758 ἐντολὴν
3656 2688 3851 2748 ἔδωκε.

2285 2785 2344 2838 τι
2382 2784 2531 2838 εἴπω
2572 2784 2671 2839 καί
2714 2784 2772 2837 τί
2801 2784 3078 2850 λαλήσω,
3109 2785 3202 2836 κάὶ
3226 2783 3294 2836 τά
3330 2780 3579 2839 τοιαῦτα,
3614 2779 3853 2849 φανερὼ·

2285 2892 2446 2944 τερον
2480 2875 2582 2945 μὲν
2637 2875 2696 2928 τὸ
2733 2874 2808 2947 μὴ
2849 2872 2990 2928 εἶναι
3037 2874 3205 2928 αὑτὸν
3246 2871 3492 2927 ἀντίθεον
3543 2870 3852 2942 βεϐαιοῦσι,

2285 2966 2665 3038 κρυφιὼτερον
2691 2967 2751 3020 δι
2778 2967 2840 3021 τὸ
2869 2963 3010 3020 εἶναι
3040 2966 3204 3020 αὑτὸν
3245 2965 3364 3019 ἴσον
3391 2964 3474 3035 τῷ
3501 2964 3680 3035 Πατρὶ
3721 2963 3846 3016 ὐπο-

2289 3061 2566 3131 φαίνουσι.

682 3145 836 3201 CAP.
873 3147 1006 3201 Xlll.
1043 3147 1200 3203 Vers.
1244 3149 1294 3202 ί.
1326 3149 1464 3202 Ante
1495 3179 1565 3188 —
1589 3148 1826 3203 Patrem.
1863 3148 1997 3204 Nam
2033 3157 2182 3220 post-

2359 3154 2478 3222 Πρὸ
2520 3181 2590 3192 ——
2631 3149 2884 3218 Πατέρα.
2935 3147 3254 3203 Ἀποθανων
3303 3146 3413 3217 γὰρ
3463 3148 3556 3200 καὶ
3596 3146 3848 3212 ἀναστὰς,

607 3253 770 3306 quam
801 3248 1048 3293 mortuus
1069 3247 1155 3293 est
1179 3255 1242 3294 ac
1268 3239 1596 3306 resurrexit,
1637 3255 1667 3293 a
1703 3251 1845 3294 terra
1899 3243 1955 3294 in
1985 3242 2182 3298 cmlum

2294 3243 2496 3314 μετέϐη
2527 3243 2636 3296 ἀπὸ
2667 3242 2768 3311 τῆς
2795 3242 2898 3312 γῆς
2925 3241 3004 3302 είς
3030 3239 3122 3294 τὸν
3153 3238 3406 3309 οὐρανόν.

613 3332 887 3397 migravit.

687 3421 837 3476 Vers.
871 3423 919 3475 ί.
953 3421 1086 3477 Cum
1110 3421 1381 3477 dilexisset
1412 3454 1480 3464 —
1507 3440 1614 3478 eos.
1647 3424 1813 3485 Suos.
1847 3433 2006 3479 vocat
2029 3424 2190 3479 disci-

614 3510 792 3578 pulos.
821 3522 1009 3580 utpote
1042 3515 1383 3570 domesticos
1418 3527 1642 3586 propter
1672 3517 2067 3572 obedientiam.
2090 3515 2187 3572 Sui

613 3612 796 3654 autem
827 3605 1082 3672 appellati
1117 3622 1340 3675 quoque
1376 3618 1507 3662 sunt
1562 3625 1756 3664 omnes
1809 3609 2006 3672 Judaei,
2065 3619 2186 3663 tan-

614 3710 776 3761 quam
815 3696 1033 3765 cognati
1066 3716 1078 3750 :
1115 3697 1224 3751 imo
1259 3699 1424 3752 etiam
1455 3715 1648 3754 omnes
1693 3702 1854 3754 simul
1912 3702 2185 3764 homines.

612 3794 872 3854 tanquam
900 3801 1167 3844 creatura:
1192 3791 1382 3858 ipsius.
1420 3793 1644 3847 Addidit
1678 3806 1881 3858 autem,
1918 3793 2022 3859 Qui
2037 3802 2189 3849 erant

613 3880 668 3930 in
702 3883 919 3933 munda.
960 3879 1092 3934 Nam
1133 3884 1224 3948 qui
1285 3884 1394 3951 jam
1429 3887 1482 3936 in
1510 3885 1710 3939 virtute
1769 3885 1974 3940 mortui
2003 3893 2184 3950 erant,

611 3971 733 4036 ejus
761 3971 926 4024 etiam
952 3975 1156 4041 proprii
1211 3973 1558 4038 dicebantur,
1611 3976 1887 4030 Abraham
1936 3976 2190 4032 videlicet

617 4060 762 4115 Isaac
779 4071 834 4115 et
860 4062 1052 4125 Jacob,
1080 4066 1284 4134 quique
1317 4069 1801 4136 temporeillorum
1835 4069 1969 4138 justi
2002 4078 2183 4124 erant.

617 4156 748 4207 Cum
781 4157 1064 4212 dilexisset
1117 4175 1249 4230 ergo
1305 4161 1605 4230 discipulos
1645 4163 1710 4215 ad
1770 4163 1822 4216 id
1853 4179 2022 4229 usque
2053 4173 2190 4217 tem-

616 4245 786 4313 poris,
821 4257 950 4300 tunc
985 4249 1153 4318 magis
1183 4250 1373 4304 dilexit
1396 4266 1514 4305 eos.
1544 4249 1700 4315 Nam,
1723 4252 1779 4304 in
1834 4252 2015 4320 ﬁnem,
2045 4251 2188 4306 idem

615 4335 882 4406 significat
927 4341 1070 4406 quod
1106 4345 1479 4396 vehementer.
1519 4341 1658 4408 Quia
1711 4343 1856 4396 enim
1886 4344 1997 4412 jam
2025 4343 2193 4396 mori-

621 4435 781 4481 turus
819 4439 1183 4499 erat,eosqne
1217 4434 1534 4494 relicturus,
1599 4433 1947 4486 dilectionem
2015 4433 2192 4488 inten-

2357 3421 2706 3493 Ἀγαπήσας
2739 3449 2809 3462 —
2835 3419 3075 3486 αὐτούς.
3113 3418 3301 3483 Ίδίους
3332 3418 3480 3486 λέγει
3514 3420 3642 3482 τοὺς
3683 3418 3852 3488 μαθη-

2286 3511 2406 3576 τάς,
2437 3511 2514 3576 ὡς
2545 3511 2784 3574 οἰκείους
2808 3510 2901 3563 διά
2928 3511 3030 3578 τὴν
3061 3510 3396 3564 εὐπείθειαν.
3430 3511 3587 3563 Ἰδιοι
3614 3510 3672 3562 δὲ
3699 3509 3854 3563 αὐτοῦ

2289 3601 2822 3674 προσηγορεύθησαν
2848 3601 2946 3654 καὶ
2998 3602 3052 3654 οί
3100 3600 3301 3664 πάντες
3340 3600 3587 3654 Ἰουδαῖοι
3618 3601 3694 3663 ὡς
3732 3616 3856 3668 σνγο

2289 3696 2504 3763 γενείς·
2537 3694 2631 3746 καὶ
2672 3695 2722 3746 oi
2771 3694 3088 3762 σύμπαντες
3121 3693 3399 3759 ἄνθρωποι
3428 3692 3505 3755 ὡς
3533 3692 3845 3762 δημιουργή-

2293 3804 2440 3857 ματα
2465 3784 2654 3839 αύτοῦ.
2696 3784 2840 3851 Τοὺς
2871 3785 2942 3838 ἐν
2985 3783 3066 3849 τῷ
3111 3786 3317 3854 κόσμῳ
3352 3784 3410 3838 δὲ
3439 3779 3585 3850 εἷπε,
3614 3785 3749 3838 διότι
3776 3786 3854 3837 καὶ

2289 3879 2337 3931 ol
2391 3877 2844 3946 τετελευτηκότες
2909 3877 2969 3932 ἐν
3037 3877 3209 3947 ἀρετῇ
3278 3875 3400 3929 ῐδιοι
3457 3876 3628 3930 αὐτοῦ
3700 3873 3854 3948 ἦσαν,

2301 3968 2556 4039 Ἀϐραάμ
2589 3970 2686 4021 καὶ
2738 3970 2929 4022 Ἰσαὰκ
2963 3969 3060 4023 καὶ
3101 3966 3321 4034 Ἰακὼϐ,
3371 3971 3468 4022 καὶ
3502 3970 3554 4021 οἱ
3587 3971 3710 4022 κατ’
3732 3970 3838 4023 ἐκεί

2290 4078 2416 4123 νους
2453 4061 2679 4115 δίκαιοι.
2723 4061 3046 4132 Ἀγαπήσας
3077 4059 3194 4125 οὖν,
3239 4060 3407 4131 φησὶ,
3459 4062 3588 4124 τοὺς
3622 4061 3859 4132 μαθητὰς

2291 4152 2418 4223 ἄχρι
2442 4152 2538 4206 τοῦ
2573 4153 2696 4205 τότε
2739 4151 2966 4221 καιροῦ,
3019 4153 3141 4206 τότε
3185 4153 3389 4223 μᾶλλον
3434 4152 3728 4223 ἠγάπησεν
3776 4157 3858 4205 αὐ-

2290 4244 2418 4308 τούς
2437 4260 2452 4277 ο
2483 4245 2544 4298 τδ
2566 4245 2676 4316 γὰρ
2709 4248 2812 4310 Είς
2839 4244 3013 4311 τέλος
3039 4246 3101 4299 τὸ
3127 4245 3332 4315 σφόδρα
3366 4244 3536 4314 δηλοῖ.
3582 4244 3740 4298 Ἐπεὶ
3761 4245 3860 4316 γάρ

2293 4335 2518 4404 ιμελλεν
2547 4337 2648 4408 ήδη
2687 4336 2985 4390 ἀποθανεῖν
3020 4337 3116 4390 καὶ
3161 4337 3451 4391 ἀπολιπεῖν
3487 4337 3690 4402 αὐτοὺς
3711 4380 3725 4404 ,
3755 4341 3854 4392 ὲπι·

2292 4427 2460 4480 τείνει
2511 4427 2611 4498 τὴν
2655 4428 2878 4498 ἀγάπην
2922 4431 3002 4493 είς
3050 4429 3390 4502 ιμπύρευμα
3443 4435 3669 4505 μνήμης
3710 4433 3860 4487 αὐτοῦ

616 4520 691 4572 dit
731 4521 794 4572 ad
829 4524 1210 4576 accensionem
1245 4525 1965 4578 vehementiorismemoriae
1991 4525 2182 4594 ipsius.

2293 4519 2680 4588 σφοδροτέρας.
2740 4521 2976 4590 Σημεϊον
3024 4521 3080 4574 δι
3124 4522 3227 4591 τῆς
3261 4524 3572 4588 επιτάσεως
3616 4526 3678 4578 τὸ
3725 4525 3854 4592 νίψα-

616 4611 839 4679 Signum
873 4628 1002 4664 vero
1030 4613 1356 4669 intentionis
1383 4615 1510 4676 fuit,
1531 4616 1664 4669 lotio
1694 4617 1893 4686 pedum
1923 4617 2140 4671 illorum
2168 4633 2184 4672 :

615 4715 740 4751 nam
770 4702 858 4767 qui
897 4703 1134 4768 aliquem
1193 4704 1466 4758 ferventer
1525 4715 1693 4771 amat,
1757 4722 1824 4762 ne
1881 4718 2188 4762 extremum

613 4792 838 4858 quidem
865 4794 982 4860 ejus
1040 4795 1404 4848 ministerium
1461 4797 1692 4852 devitat.

691 4883 841 4936 Vers.
875 4884 928 4938 2.
958 4884 1025 4938 Et
1057 4901 1201 4939 cena
1224 4889 1391 4956 facta.
1426 4887 1482 4941 ln
1516 4889 1844 4955 diversorio,
1867 4892 1923 4944 in
1951 4891 2186 4948 instrato

617 4975 942 5030 ccenaculo:
976 4977 1101 5046 quia
1132 4977 1278 5032 facta
1303 4994 1554 5048 vespera,
1588 4982 1881 5036 sicutdixit
1904 4983 2192 5040 Matthzeus

617 5068 877 5121 areuhuit
915 5083 1039 5122 cum
1065 5069 1356 5125 duodecim
1381 5072 1446 5126 “.
1476 5073 1671 5138 Quaere
1699 5089 1828 5144 ergo
1880 5077 2022 5130 hanc
2062 5092 2193 5131 sen-

619 5158 849 5212 tentiam
895 5161 1240 5229 sexagesimo
1293 5164 1459 5216 tertio
1519 5166 1638 5233 ejus
1687 5166 1892 5234 capite,
1950 5182 2014 5222 ac
2075 5167 2193 5237 lege

618 5267 860 5315 omnem,
888 5269 1008 5322 qum
1039 5255 1111 5308 ibi
1139 5255 1263 5310 data
1288 5267 1391 5320 θεῖ,
1426 5259 1853 5326 expositionem.

693 5436 848 5491 Vers.
888 5435 942 5491 2.
979 5435 1112 5492 Cum
1143 5439 1466 5493 diabolus—
1485 5443 1739 5496 traderet.
1767 5444 1902 5496 Cum
1923 5444 2034 5514 jam
2061 5454 2190 5499 tunc

625 5528 1009 5597 cogitationem
1051 5529 1388 5589 inmisisset,
1421 5534 1640 5601 quando
1672 5544 2007 5604 unguentum
2049 5536 2187 5591 edu-

626 5616 708 5672 dit
746 5635 910 5687 super
939 5628 1101 5687 caput
1129 5619 1259 5674 Jesu
1290 5621 1500 5686 mulier,
1536 5622 1605 5676 de
1651 5640 1755 5691 qua
1800 5624 2018 5693 scripsit
2057 5625 2192 5679 Mat-

631 5710 825 5765 tlizeus.
859 5713 1050 5778 Quznre
1075 5728 1204 5784 ergo
1230 5714 1384 5785 juxta
1413 5713 1572 5768 tinem
1599 5717 1922 5788 sexagesimi
1965 5720 2189 5774 secundi

735 5851 775 5884 "
806 5849 962 5908 Joan.
994 5868 1088 5916 vn,
1111 5852 1202 5908 28.
1313 5851 1536 5909 "10m.
1581 5869 1686 5921 HV,
1723 5855 1803 5910 l0.

1928 5857 1972 5888 “
1993 5857 2151 5914 Joan:
2184 5873 2280 5922 xu,
2327 5857 2410 5913 49.

2290 4613 2418 4672 τοὺς
2472 4612 2639 4674 πόδας
2681 4612 2884 4667 αὐτῶν.
2938 4613 2999 4666 '0
3049 4615 3159 4686 γὰρ
3198 4615 3428 4683 ἀγαπῶν
3477 4635 3603 4672 τινα
3656 4619 3858 4689 θερμῶς

2291 4703 2411 4756 οὐδὲ
2437 4707 2539 4774 τὴν
2566 4705 2801 4776 ἐσχάτην
2833 4705 3139 4776 ὑπηρεσίαν
3167 4707 3332 4761 αὐτοῦ
3361 4713 3732 4780 παραιτεῖται.

2366 4887 2477 4943 Καὶ
2521 4887 2775 4944 δείπνου
2832 4891 3188 4961 γενομένου.
3234 4891 3325 4944 Ἐν
3372 4891 3450 4962 τῷ
3504 4892 3854 4963 καταλύματι.

2292 4979 2429 5032 ὅπου
2456 4979 2518 5032 τὸ
2547 4982 2894 5048 ἐστρωμένον
2923 4983 3204 5052 ἀνώγεων,
3233 4983 3323 5036 ὅτε
3357 4983 3518 5053 ὀψίας
3548 4987 3857 5054 γενομένης.

2290 5073 2367 5134 ὼς
2397 5067 2516 5124 εἶπε
2557 5072 2856 5136 Ματθαῖος,
2891 5075 3142 5128 ἀνέκειτο
3188 5075 3327 5145 μετά
3359 5074 3472 5128 τῶν
3497 5075 3732 5132 δώδεκα.
3765 5080 3856 5147 Ζή-

2289 5181 2456 5234 τησον
2505 5160 2599 5218 οῦν
2646 5168 2797 5219 τουτὶ
2851 5167 2912 5218 τὸ
2944 5166 3109 5236 ῥητὸν
3142 5169 3200 5220 ὲν
3242 5167 3320 5237 τῷ
3380 5168 3667 5240 ἑξηκοστῷ
3709 5170 3858 5239 τρίτῳ

2292 5261 2574 5329 κεφαλαίῳ
2607 5259 2798 5317 αὐτοῦ.
2841 5261 2936 5313 καὶ
2966 5259 3246 5328 ἀνάγνωθι
3279 5261 3461 5314 πᾶσαν
3487 5264 3588 5332 τὴν
3618 5265 3735 5316 ὲκεῐ
3780 5265 3837 5333 ῥη

2300 5352 2487 5404 θεῖσαν
2513 5353 2795 5420 ἐξήγησιν.

2378 5442 2489 5496 Τοῦ
2521 5443 2804 5496 διαϐόλου
2830 5473 2902 5486 -
2938 5442 3203 5512 παραδῷ.
3245 5445 3383 5513 Ἤδη
3432 5443 3761 5514 βεϐληκότος
3789 5447 3848 5498 lo-

2301 5534 2498 5603 γισμδν
2523 5535 2665 5600 τότε,
2697 5536 2783 5586 ὅτε
2807 5535 2868 5588 τὸ
2905 5537 3078 5605 μύρον
3102 5535 3357 5606 κατέχεεν
3381 5538 3474 5590 ἐπὶ
3502 5537 3603 5608 τὴν
3633 5539 3855 5607 κεφαλὴν

2302 5623 2394 5676 τοῦ
2436 5624 2671 5693 Χριστοῦ
2706 5625 2739 5692 ἡ
2782 5623 2941 5693 γυνὴ,
2998 5624 3126 5695 περὶ
3159 5619 3228 5695 ἧς
3267 5625 3548 5689 Ματθατος
3598 5628 3854 5695 ἱστόρησε.

2302 5718 2542 5786 Ζήτησον
2573 5713 2664 5769 οὖν
2703 5717 2838 5786 πρὸς
2866 5714 2943 5787 τῷ
2977 5717 3120 5771 τέλει
3159 5717 3251 5771 τοῦ
3289 5715 3586 5788 ἑξηκοστοῦ
3619 5719 3850 5792 δευτέρου

2523 5856 2568 5888 ⁸⁸
2589 5856 2779 5914 Matth.
2805 5871 2952 5924 xm,
2982 5857 3074 5913 20.
