4068 6384
665 365 804 435 1395

659 581 814 636 puta,
899 589 1007 629 non
1073 588 1194 646 post
1297 579 1526 634 multum
1589 590 1822 650 tempus.
1894 579 2232 652 cognoscetis

656 677 782 717 eum
823 675 883 718 ut
927 678 1162 737 oportet,
1215 671 1305 727 uhi
1355 688 1519 745 super
1567 691 1660 730 vos
1721 673 1959 743 Spiritus
2007 683 2232 727 sanctus

658 755 1026 813 descenderit.

732 845 888 904 Vers.
958 851 1008 906 7.
1079 853 1143 906 Et
1200 858 1402 912 vidistis
1465 875 1603 912 eum.
1690 857 1864 912 Etiam
1931 853 2231 924 potentiam

656 937 776 1006 eius
827 939 1038 996 vidistis
1103 960 1202 1013 per
1249 962 1424 1002 meam
1493 947 1816 1016 potentiam,
1882 961 1982 1016 per
2047 943 2230 1000 divina

657 1028 834 1099 signa,
885 1047 1007 1102 quze
1059 1035 1203 1092 dedi.
1269 1037 1403 1092 Nam
1463 1053 1585 1108 qum
1637 1053 1739 1109 ego
1801 1053 2046 1108 possum,
2119 1035 2234 1088 hac

658 1128 714 1173 et
746 1120 860 1176 ille.

725 1209 879 1268 Vers.
929 1214 981 1270 8.
1025 1215 1160 1271 Dicit
1193 1250 1262 1260 —
1301 1222 1467 1274 nobis.
1498 1252 1568 1260 —
1599 1221 1666 1275 Et
1709 1221 1895 1290 stt/ﬁcit
1943 1221 2106 1283 vobis,
2173 1230 2233 1275 ut

655 1303 748 1373 qui
809 1317 863 1361 te
897 1307 1008 1377 jam
1057 1321 1214 1366 antea
1260 1315 1637 1382 cognovimus.
1677 1313 1812 1379 Quia
1858 1327 1989 1382 ergo
2034 1313 2233 1382 quaesi-

653 1396 732 1451 vit
785 1413 948 1453 nosse
1011 1400 1251 1468 Patrem,
1299 1405 1537 1459 ostendit
1591 1404 1846 1458 Christus
1905 1403 2046 1474 quod
2105 1419 2232 1458 eum

650 1486 762 1555 jam
822 1499 1029 1546 nosset.

727 1575 880 1634 Vers.
919 1581 973 1636 9.
1035 1583 1125 1636 Ait
1152 1614 1221 1624 -—
1252 1584 1535 1655 Philippe?
1574 1585 2016 1655 lnterrogationis
2051 1591 2234 1638 sermo

653 1679 737 1725 est
789 1689 802 1724 :
865 1671 1034 1726 Tanto
1081 1683 1311 1740 tempore
1350 1677 1609 1730 vobiscum
1653 1692 1790 1741 sum,
1844 1675 2025 1729 divina
2083 1675 2232 1746 signa

653 1774 905 1829 operans,
949 1773 1004 1818 et
1039 1764 1106 1818 ah
1149 1765 1234 1819 his
1282 1781 1390 1819 non
1441 1766 1740 1836 cognovisti
1791 1780 1898 1827 me,
1952 1767 2076 1833 quis
2124 1765 2227 1821 sim

652 1851 914 1920 dignitate
959 1863 1015 1909 et
1063 1857 1347 1925 potentia?
1401 1857 1548 1926 quod
1611 1857 1754 1911 Deus
1819 1857 2227 1926 omnipotens?

655 1941 802 1997 Sane
852 1944 1076 1999 omnino
1119 1948 1423 2017 cegnovisti
1471 1963 1578 2012 me,
1619 1956 1674 2001 et
1708 1963 2052 2017 consequens
2101 1963 2231 2017 ergo

648 2043 749 2088 cst.
794 2045 851 2088 ut
903 2045 957 2090 et
1014 2036 1226 2092 Patrem
1287 2040 1661 2110 cognoveris:
1717 2055 1842 2093 nam
1884 2040 2070 2110 imago
2132 2057 2230 2110 per

649 2127 829 2178 omnia
855 2127 1048 2182 similis
1102 2144 1222 2184 sum
1271 2145 1370 2200 ego
1411 2131 1605 2186 Patris.

731 2211 884 2268 Vers.
921 2216 974 2270 9.
1042 2214 1217 2281 Qui-
1273 2217 1510 2272 Patrem.
1575 2218 1680 2285 Qui
1737 2235 1914 2275 meam
1980 2223 2230 2293 cognovit

649 2301 966 2373 dignitatem
1043 2317 1098 2362 et
1177 2311 1517 2379 potentiam,
1577 2312 1834 2383 cognovit
1924 2323 1979 2368 et
2055 2313 2229 2368 Patris

649 2396 966 2466 dignitatem
1021 2414 1085 2454 ac
1151 2403 1512 2470 potentiam:
1574 2419 1762 2458 sumus
1828 2421 2063 2475 namque
2131 2421 2228 2476 per

651 2485 831 2540 omnia
875 2487 1102 2553 similes,
1136 2499 1191 2545 et
1267 2507 1407 2547 unus
1459 2507 1554 2562 per
1601 2493 1831 2548 alterum
1878 2506 2068 2550 mutuo
2099 2511 2229 2568 cog-

649 2581 949 2633 nascimur.

741 2667 898 2725 Vers.
970 2673 1024 2728 9.
1082 2673 1238 2727 Et—
1270 2674 1526 2730 Patrem?
1559 2677 1845 2743 Quomodo
1894 2696 2228 2750 cognocere

647 2763 824 2830 cupis,
888 2779 1047 2833 quem
1113 2767 1224 2836 jam
1280 2769 1622 2839 cognovisti?
1675 2773 1950 2840 quomodo
2002 2773 2224 2842 quaeris,

645 2851 792 2920 quod
831 2851 1036 2909 habes?

716 2941 838 2996 Alio
873 2958 1090 3012 quoque
1127 2946 1290 3002 modo
1315 2949 1696 3021 intelliguntur
1735 2952 1850 3008 hmo
1873 2955 2055 3018 verba,
2083 2958 2226 3024 quod

644 3035 922 3100 quaerebat
955 3034 1235 3106 Philippus
1266 3039 1449 3096 videre
1472 3042 1684 3098 Patrem
1721 3046 2068 3102 sensibilibns
2091 3062 2224 3103 ocu-

1867 377 2246 439 EUTllYMlI
2323 382 2494 442 ZlGA
2506 385 2685 446 BENI

730 478 1153 551 Chrysostomus
1210 501 1372 551 vero,
1423 487 1752 560 Cognoscetis
1806 489 2232 558 interpretatur,
2271 498 2311 549 Α

3775 386 3898 452 1396

2422 493 2482 547 Ὀ
2537 495 2592 547 δὲ
2650 497 3033 569 Χρυσόπομος
3082 500 3156 566 (6)
3216 503 3546 559 Γνώσεσθε
3591 502 3894 572 ἑρμηνεύειν

2339 585 2507 654 ἤγουν
2559 588 2683 640 ὅσον
2726 588 2877 642 οῦπω
2933 588 3207 658 γνώσεσθε
3269 593 3456 657 αὐτὸν,
3485 596 3560 656 ὼς
3609 609 3893 663 προσηκον,

2338 678 2786 748 ὲπιςροιτήσαντος
2817 682 2945 751 ὑμῖν
2979 681 3072 734 τοῦ
3097 683 3252 750 ἁγίου
3282 684 3624 753 Πνεῦματος.

2409 851 2516 902 Και
2547 847 2844 914 ἑωράκατε
2877 847 3083 901 αὐτόν.
3118 849 3229 902 Καὶ
3282 849 3568 917 ἑωράκατε
3617 849 3717 917 τὴν
3747 849 3899 901 δύνα-

2341 959 2430 1010 μιν
2455 941 2621 993 αὑτοῦ
2653 940 2740 992 διὰ
2771 941 2869 1008 τῆς
2902 941 3040 1009 ὲμῆς
3077 938 3383 1008 δυνάμεως,
3425 940 3512 992 διὰ
3543 941 3653 992 τῶν
3687 940 3902 1009 6501:95-

2339 1031 2455 1084 πῶν
2487 1032 2730 1100 σημείων
2782 1024 2857 1084 ὦν
2890 1031 3148 1100 ἐποίησα..
3210 1031 3277 1082 Ἀ
3328 1029 3437 1098 γὰρ
3489 1028 3603 1094 ἐγὼ
3649 1028 3897 1096 δύναμαι,

2339 1121 2512 1174 ταῦτα
2542 1123 2814 1182 κάκεῖνος.

2408 1211 2577 1280 Λέγει
2603 1242 2671 1250 —
2703 1211 2869 1279 ἡμῖν.
2899 1241 2966 1251 -
2997 1213 3103 1264 Καὶ
3138 1210 3312 1278 ἀρκεῖ
3348 1209 3516 1277 ἡμῖν,
3554 1210 3630 1270 ὡς
3668 1210 3724 1260 σὲ
3776 1209 3902 1267 τέως

2338 1305 2657 1372 ἐγνωκόσιν.
2712 1304 2863 1356 Ἐπεὶ
2894 1299 2986 1356 οὖν
3014 1303 3251 1374 ἐζήτησε
3282 1302 3488 1368 γνῶναι
3530 1301 3624 1353 τὸν
3670 1301 3899 1369 Πατέρα,

2335 1398 2612 1450 δείκνυσιν
2637 1399 2664 1448 ὁ
2694 1393 2929 1466 Χριστὸς
2964 1395 3048 1447 ὅτι
3086 1388 3226 1446 οἶδεν
3254 1394 3441 1446 αὐτόν.

2407 1581 2576 1649 Λέγει
2612 1609 2680 1619 -
2708 1579 3004 1639 dimissus;
3058 1576 3193 1629 Κατ’
3218 1574 3488 1645 ἐρώτησιν
3521 1575 3548 1625 ὁ
3587 1574 3767 1641 λόγος.
3809 1571 3900 1626 το-

2335 1674 2563 1726 σοῦτον
2594 1671 2814 1739 χρόνον
2863 1669 2988 1736 μεθ’
3034 1666 3200 1736 ὑμῶν
3247 1668 3386 1735 ειμι,
3436 1667 3777 1734 Θεοσημείις
3819 1666 3899 1731 lp-

2335 1763 2655 1832 γαζόμενος,
2693 1761 2788 1814 καὶ
2811 1761 2910 1814 οὐκ
2957 1761 3204 1826 ἔγνωκάς
3268 1775 3334 1828 με
3393 1759 3502 1810 ἀπὸ
3546 1757 3777 1820 τούτων,
3829 1757 3903 1816 τίς

2333 1857 2448 1922 εἰμι
2475 1852 2571 1923 τὴν
2609 1851 2766 1915 ἀξίαν
2792 1852 2888 1903 καὶ
2913 1850 3011 1920 τὴν
3034 1849 3268 1918 δύναμιν
3299 1867 3314 1911 ;
3359 1849 3442 1901 ὅτι
3490 1849 3625 1908 Θεὸς
3656 1845 3902 1901 παντοδῦ-

2332 1961 2522 2014 ναμος.
2569 1944 2676 1996 Ναὶ
2709 1943 2929 2004 πὰντως
2965 1940 3213 2008 ἔγνωκάς
3245 1957 3346 2008 με·
3404 1940 3499 1992 καὶ
3557 1940 3610 1992 εί
3659 1939 3894 2006 ἔγνωκάς

2335 2057 2424 2109 με,
2468 2038 2656 2091 λοιπὸν
2689 2037 2936 2104 ἔγνωκας
2965 2037 3056 2088 τὸν
3081 2036 3332 2105 Πατέρα·
3369 2034 3536 2086 εἰκὼν
3569 2037 3680 2102 γὰρ
3727 2034 3898 2101 ἀπαρ-

2332 2131 2596 2192 άλλακτος
2620 2129 2730 2196 ἐγὼ
2754 2127 2847 2180 τοῦ
2886 2128 3126 2196 Πατρός.

2415 2224 2477 2276 Ὀ
2507 2252 2577 2263 -ι
2602 2221 2854 2289 Πατέρα.
2897 2221 2957 2272 '0
3000 2218 3254 2288 ἐγνωκὼς
3302 2218 3400 2288 τὴν
3455 2219 3478 2269 ἒ
3491 2217 3598 2287 μὴν
3632 2216 3789 2281 ἀξίαν
3821 2215 3900 2266 xzi

2329 2315 2581 2384 δύναμιν,
2617 2313 2820 2381 ἔγνωκε
2878 2312 2976 2382 τὴν
3040 2310 3134 2363 τοῦ
3193 2310 3444 2376 Πατρός·
3495 2308 3898 2379 ἁπαράλλακτοι

2332 2407 2438 2474 γὰρ
2465 2406 2649 2474 ἡμεῖς,
2681 2404 2774 2456 καὶ
2798 2402 2866 2455 δι’
2896 2402 3142 2472 ἀλλήλων
3171 2400 3593 2472 γνωριζόμενοι.

2402 2687 2508 2741 Καὶ
2531 2717 2601 2725 -
2636 2685 2905 2751 Πατέρα;
2932 2683 3057 2744 Πῶς
3091 2681 3265 2745 θέλεις
3301 2683 3508 2748 γνῶναι
3539 2682 3597 2735 ὃν
3629 2683 3896 2751 Ervum“;

2329 2779 2446 2841 πῶς
2479 2777 2662 2847 ζητεῖς
2693 2776 2720 2829 ὂ
2746 2776 2928 2846 ἐχεκς

2397 2969 2660 3023 Νοοῦνται
2706 2967 2764 3020 δὲ
2810 2968 2904 3020 καὶ
2951 2967 3153 3036 ἑτέρως
3207 2964 3276 3019 τὰ
3330 2963 3496 3036 ῥητὰ,
3543 2965 3624 3016 ὅτι
3679 2964 3892 3032 ἐζήτησε

2331 3062 2429 3132 μὲν
2471 3064 2499 3114 ὁ
2543 3061 2811 3122 Φίλιππος
2871 3059 2998 3112 ίδεῐν
3054 3057 3146 3110 τὸν
3199 3056 3417 3127 Πατέρα
3467 3059 3581 3117 τοῖς
3625 3055 3890 3123 αίσΘητοῑς

641 3123 730 3185 lis,
788 3125 1012 3180 audiens
1069 3128 1314 3196 fortassis
1359 3145 1388 3184 a
1442 3133 1626 3187 multis
1664 3133 1982 3204 frequenter
2041 3139 2219 3194 visum

2330 3123 2640 3222 ὀφθαλμοῖς,
2667 3151 2795 3211 ἴσως
2827 3147 3042 3202 ἀκούων
3067 3148 3332 3218 ὁραθῆναι
3350 3123 3361 3127 ὴ
3379 3147 3596 3208 πολλοῖς
3641 3147 3894 3207 πολλάκις

642 3229 764 3269 esse
819 3217 1117 3287 prophetis.
1178 3220 1360 3284 specie
1399 3236 1464 3275 ac
1529 3223 1695 3295 ﬁgura
1736 3227 1993 3292 humana,
2049 3229 2225 3286 addit-

642 3320 748 3374 que
785 3321 800 3357 :
841 3304 907 3360 Et
953 3310 1137 3377 ssi/ﬁcit
1179 3312 1342 3374 nobis,
1400 3322 1458 3368 ut
1504 3316 1596 3384 qui
1647 3316 1824 3386 ipsum
1863 3319 2057 3374 Filium
2110 3323 2222 3391 jam

642 3397 854 3451 videret
901 3413 962 3452 ac
989 3411 1193 3456 nosset.
1239 3401 1498 3460 Christus
1543 3416 1725 3462 autem
1764 3412 2031 3473 ostendit,
2075 3417 2221 3481 quod

645 3502 825 3554 neque
855 3503 911 3541 se
942 3490 1152 3544 vidisset
1172 3507 1352 3562 neque
1378 3506 1567 3551 nosset
1595 3500 1896 3554 secundum
1922 3501 2222 3559 divinitatis

643 3586 919 3632 naturam.
952 3579 1089 3635 Dicit
1118 3597 1246 3654 ergo
1277 3587 1324 3639 ei
1373 3587 1582 3656 prolata
1614 3591 1866 3661 negative
1903 3596 2170 3654 sententia
2205 3614 2219 3650 :

642 3667 808 3721 Tanto
837 3677 1067 3735 tempore
1089 3675 1357 3728 vobiscum
1403 3693 1517 3731 sum
1553 3689 1604 3732 et
1635 3697 1736 3733 non
1771 3685 2054 3752 cognovisti
2121 3703 2218 3752 me,

649 3757 922 3824 Philippe;
970 3775 1096 3814 nam
1152 3762 1334 3818 divina
1386 3776 1582 3822 natura
1633 3771 1800 3824 videri
1855 3763 1975 3826 non
2024 3783 2220 3842 potest,

639 3863 742 3903 nec
777 3850 1052 3920 cognosci.
1085 3851 1188 3918 Qui
1215 3857 1340 3910 vidit
1395 3874 1497 3921 me,
1549 3861 1678 3913 vidit
1723 3871 1776 3914 et
1820 3860 2038 3916 Patrem
2070 3879 2088 3927 ;
2127 3865 2216 3934 qui

635 3955 766 3996 vero
822 3957 908 3998 me
937 3943 1121 4000 videre
1171 3962 1282 4003 non
1323 3961 1522 4020 potest,
1557 3969 1736 4023 neque
1781 3953 1994 4010 Patrem
2035 3957 2220 4013 videre

638 4044 841 4103 potest.
889 4035 956 4089 Et
987 4041 1260 4108 quomodo
1302 4052 1359 4097 tu
1401 4043 1536 4100 dicis
1588 4061 1603 4098 :
1659 4045 1884 4102 Ostende
1933 4049 2077 4103 nobis
2112 4049 2220 4103 Pa-

638 4133 790 4189 trem,
825 4140 950 4179 cum
987 4141 1090 4181 nec
1123 4144 1209 4184 me
1249 4130 1469 4197 videris,
1512 4147 1613 4188 nec
1662 4137 2002 4206 cognoveris.
2048 4153 2221 4206 quan-

635 4231 799 4284 quam
834 4225 885 4271 te
909 4219 1152 4288 opinaris
1177 4229 1231 4274 et
1259 4221 1457 4278 vidisse
1483 4235 1537 4278 et
1570 4227 1891 4295 cognovisse
1924 4228 2050 4282 me?

710 4327 866 4382 Vera.
907 4329 994 4384 10.
1049 4330 1264 4385 Non—
1292 4336 1426 4389 est.’
1479 4336 1634 4403 Quod
1694 4350 1884 4395 mutuo
1942 4358 2085 4398 unus
2124 4360 2221 4414 per

633 4416 867 4472 alterum
929 4421 1312 4491 cognoscimur
1388 4436 1645 4497 tanquam
1708 4431 1934 4486 omnino
1988 4432 2216 4490 similes.

2331 3248 2442 3298 τῶν
2472 3242 2774 3314 προφητῶν
2818 3243 2876 3293 ἐν
2924 3239 3254 3309 ἀνθρωπίνῳ
3307 3237 3437 3291 εῖδει
3489 3241 3584 3292 καὶ
3645 3238 3891 3308 σχήματι.

2333 3335 2444 3389 Καὶ
2503 3331 2840 3403 προσέθηκεν
2885 3331 2967 3383 ὅτι
3016 3329 3125 3382 Καὶ
3170 3328 3342 3396 ἀρκεῖ
3381 3328 3546 3396 ἡμῖν,
3606 3329 3683 3390 ὡς
3731 3327 3886 3380 αότὸν

2331 3429 2470 3488 τέως
2497 3424 2640 3495 ὁρῶν
2670 3422 2764 3475 καὶ
2794 3421 2972 3484 είδώς.
2998 3421 3252 3473 Δείκνυσι
3275 3420 3332 3473 δὲ
3361 3423 3387 3472 ὁ
3411 3421 3649 3490 Χριστὸς
3681 3421 3759 3472 ὃτι
3779 3416 3892 3469 οὔτε

2331 3517 2492 3572 αὐτὸν
2523 3511 2665 3568 εἶδεν
2696 3513 2818 3566 οὐδὲ
2847 3506 2954 3565 οἶδε
2982 3511 3127 3565 κατὰ
3156 3512 3253 3583 τὴν
3285 3510 3448 3578 φύσιν
3479 3512 3580 3580 τῆς
3628 3511 3891 3577 θεότητος.

2329 3611 2492 3678 Λέγει
2532 3603 2624 3661 οὖν
2657 3604 2806 3675 αὑτῷ
2830 3605 2975 3659 κατὰ
3003 3606 3307 3672 ἀπόφασινο
3352 3603 3653 3657 Τοσοῦτον
3684 3605 3893 3670 χρόνον

2325 3701 2453 3772 μεθ’
2482 3699 2650 3769 ὑμῶν
2682 3702 2821 3769 ειμι,
2848 3699 2949 3752 καὶ
3003 3700 3114 3752 οὐκ
3162 3697 3431 3766 ἔγνωκάς
3483 3713 3581 3765 με,
3622 3697 3884 3748 Φίλιππε.

2343 3795 2597 3854 ’Λθέατος
2629 3792 2738 3862 γὰρ
2785 3794 2817 3860 ἡ
2863 3791 2983 3844 Θεία
3036 3790 3195 3859 φύσις
3227 3789 3317 3841 καὶ
3349 3789 3648 3855 ἄγνωστος.
3689 3787 3782 3858 [Ὃ
3817 3786 3885 3852 (7)

2328 3883 2600 3954 ἑωρακὼς
2645 3883 2750 3952 ἐμὲ
2793 3881 3015 3950 ἑώρακε
3067 3883 3174 3934 τὸν
3219 3880 3487 3948 Πατέρα·
3522 3880 3630 3932 ὁδὲ
3687 3881 3780 3948 ἐμὲ
3813 3879 3881 3946 μὴ

2326 3978 2623 4047 δυνάμενος
2678 3976 2806 4029 ἰδεῖν
2856 3975 2977 4028 οὑδδ
3040 3974 3130 4026 τὸν
3191 3974 3410 4042 Πατέρα
3474 3972 3694 4024 δύναται
3745 3969 3881 4021 ἰδεῖν.

2327 4071 2438 4126 Καὶ
2475 4069 2588 4132 πῶς
2633 4070 2694 4122 σὺ
2720 4068 2921 4134 λέγεις,
2952 4066 3161 4130 Δεῖξον
3189 4066 3335 4134 ἡμῖν
3360 4066 3470 4117 τὸν
3501 4063 3725 4133 Πατέρα
3745 4103 3761 4126 ,
3795 4060 3884 4144 Ep}

2331 4164 2406 4234 μὴ
2467 4161 2610 4225 ἰδὼν,
2660 4161 2796 4230 μήτε
2827 4160 3016 4227 γνοὺς,
3073 4159 3122 4210 εί
3175 4159 3270 4211 καὶ
3320 4157 3722 4226 ὑπολαμϐάνεις
3769 4154 3885 4206 ἰδεῖν

2330 4255 2424 4309 καὶ
2447 4255 2651 4320 γνῶναί
2679 4271 2743 4322 με
2760 4250 2800 4320 ;]

2401 4347 2482 4398 Οὐ
2519 4375 2588 4383 -
2615 4345 2824 4408 iactr;
2851 4345 2973 4396 Ὀτι
2997 4343 3063 4396 δι’
3108 4340 3354 4411 ἀλλήλων
3378 4336 3773 4408 γνωριζόμεθα,
3813 4334 3880 4394 ὡς

2327 4435 2763 4505 ἀπαράλλακτοι.
2801 4437 3046 4505 Ζήτησον
3091 4434 3148 4486 δὲ
3178 4431 3314 4502 πρὸς
3338 4431 3416 4500 τῷ
3439 4431 3583 4483 τέλει
3617 4428 3707 4480 τοῦ
3734 4425 3880 4478 δεκά-

635 4509 833 4573 Quaere
914 4520 1100 4568 autem
1163 4515 1307 4571 circa
1393 4516 1557 4573 ﬁnem
1624 4520 1821 4576 decimi
1874 4525 2069 4593 capitis
2127 4526 2217 4580 ubi

2330 4545 2416 4581 του
2439 4527 2738 4594 κεφαλαίου
2765 4527 2825 4580 τό
2845 4542 2859 4555 ο
2901 4525 3036 4579 ἰνα
3063 4521 3252 4589 γνῶτε
3272 4523 3369 4574 καὶ
3398 4519 3760 4584 πιστεύσητε
3802 4516 3879 4568 ὅτι

633 4597 834 4653 dicitur
885 4617 899 4655 :
957 4599 1026 4655 Ut
1079 4607 1401 4674 cognoscatis
1467 4617 1516 4660 et
1583 4609 1834 4676 credatis,
1911 4614 2049 4674 quod
2101 4612 2217 4668 Pa-

635 4701 714 4745 ter
753 4692 808 4746 in
842 4710 923 4748 me
953 4704 1052 4762 est,
1094 4706 1144 4750 et
1190 4713 1283 4767 ego
1328 4700 1382 4752 in
1431 4716 1490 4753 eo
1519 4701 1587 4766 ”,
1628 4711 1684 4757 et
1740 4702 1858 4773 lege
1911 4705 2030 4776 ejus
2060 4722 2222 4761 enar-

633 4783 925 4839 rationem.

706 4876 862 4930 Vers.
919 4879 1004 4931 in.
1073 4878 1234 4932 Verba
1265 4909 1335 4921 —
1373 4881 1578 4954 loquor.
1615 4883 1721 4940 Sed
1761 4900 1791 4939 a
1841 4885 2032 4953 Patre;
2075 4891 2217 4959 quod

633 4963 680 5017 si
721 4980 748 5017 a
782 4963 960 5032 Patre,
1007 4967 1196 5037 utique
1229 4983 1258 5022 a
1294 4970 1523 5040 meipso;
1567 4987 1692 5026 nam
1723 4988 1844 5043 qua:
1897 4991 2016 5029 mea
2065 4988 2213 5043 sunt,

633 5054 797 5109 etiam
852 5056 995 5111 illius
1026 5068 1173 5125 sunt;
1217 5071 1273 5115 et
1316 5076 1436 5132 quae
1484 5062 1649 5128 illius,
1686 5065 1845 5120 etiam
1901 5081 2016 5121 mea
2062 5079 2210 5126 sunt.

632 5145 827 5201 Omnia
908 5149 1174 5218 siquidem
1225 5153 1537 5208 communia
1591 5165 1645 5210 et
1685 5156 1912 5226 aequalia
1965 5159 2212 5228 posside-

2319 4621 2389 4674 ἐν
2419 4620 2549 4689 ἐμοὶ
2583 4622 2614 4673 ό
2663 4619 2889 4686 Πατὴρ,
2941 4616 3105 4686 κάγὼ
3145 4615 3216 4668 ἐν
3258 4610 3451 4678 αὐτῷ’
3503 4611 3599 4666 καὶ
3630 4605 3877 4678 ἀνάγνωθι

2317 4714 2415 4784 τὴν
2455 4710 2721 4781 ἐξήγησιν
2753 4709 2942 4763 αὐτοῦ.

2399 4901 2473 4954 Τὰ
2490 4899 2734 4969 ῥήματα
2761 4929 2828 4940 -
2851 4897 3045 4953 λαλῶ.
3098 4897 3240 4951 Ἀλλ’
3270 4897 3382 4950 ἀπὸ
3402 4895 3500 4950 τοῦ
3531 4892 3755 4964 Πατρός.
3776 4891 3870 4944 Καὶ

2323 4994 2373 5046 εί
2403 4991 2512 5045 ἀπὸ
2542 4992 2635 5044 τοῦ
2672 4990 2907 5062 Πατρὸς,
2959 4991 3067 5061 ἄρα
3100 4991 3194 5042 ἀπ’
3226 4989 3470 5059 ἐμαυτοῦ
3496 5005 3509 5018 ·
3546 4989 3613 5040 τὰ
3641 4989 3739 5055 ἐμὰ
3780 4985 3870 5050 γὰρ

2321 5080 2554 5144 ἱκείνου,
2586 5081 2680 5136 καὶ
2719 5082 2785 5134 τὰ
2813 5081 3023 5132 ὲκιίνου
3085 5080 3193 5148 ιμά
3215 5097 3228 5108 ·
3261 5078 3440 5131 πάντα
3475 5078 3586 5146 γὰρ
3617 5075 3761 5128 κοινὰ
3789 5073 3868 5124 καὶ

2317 5169 2411 5227 ἶσα
2439 5172 2781 5242 κεκτήμεθα.
2813 5168 2996 5222 Εἰπὼν
3048 5171 3103 5222 δὲ
3146 5171 3276 5240 περὶ
3330 5169 3442 5223 τῶν
3492 5169 3687 5239 λόγων,
3736 5165 3863 5231 λέγει

631 5255 775 5297 mus.
842 5239 1038 5297 Diceris
1077 5254 1259 5299 autem
1314 5247 1381 5301 de
1434 5249 1801 5316 sermonibus,
1862 5252 1995 5308 dicit
2047 5254 2208 5310 etiam

2330 5267 2410 5321 sai
2439 5265 2567 5334 περὶ
2736 5263 2916 5334 ἔργων

630 5333 698 5387 de
726 5332 983 5401 operibus

739 5469 784 5500 "
815 5467 972 5522 Joan.
1006 5485 1059 5535 χ,
1084 5471 1172 5526 58.

1796 5547 2020 5642 [Variis
2047 5546 2353 5609 lectiones
2390 5552 2452 5608 et
2481 5554 2670 5608 notae.

702 5705 784 5781 (6);
813 5707 965 5761 Tom.
999 5707 1134 5772 Vlll,
1169 5723 1234 5781 p_._
1253 5709 1376 5763 ‘32.
1412 5710 1474 5765 C.
1513 5710 1678 5765 Recte
1712 5720 1894 5765 autem
1931 5711 2070 5767 dixit
2099 5713 2204 5766 hoc
2315 5713 2456 5781 Ergo
2494 5722 2701 5767 textum
2737 5712 2970 5767 mutavit
3000 5712 3445 5781 Chrysostcmus.

629 5775 750 5832 loco
774 5775 1179 5848 interpretatur.
1197 5777 1430 5835 Facilius
1447 5781 1592 5838 enim
1607 5791 1724 5837 erat
1743 5782 1814 5838 ita
1832 5783 2202 5854 interpretari.

2384 5781 2463 5855 (7)
2498 5781 2705 5840 Inclusa
2734 5783 2930 5840 desunt
2978 5783 3043 5838 Α.
