4108 6396
216 388 362 461 i397

205 606 506 676 εἰρημένου
533 609 834 678 κεφαλαίου
869 607 1023 663 εἶπεν
1050 628 1061 641 ·
1117 615 1184 666 ει
1210 617 1281 667 οὐ
1329 614 1476 668 ποιῶ
1544 615 1614 668 τὰ
1645 616 1788 684 ἔργα

203 697 317 750 τοῦ
357 701 588 765 Πατρός
629 717 768 766 μου,
798 702 882 769 μὴ
912 704 1227 758 πιστεύετέ
1276 724 1372 775 μοι
1400 726 1415 739 ο
1449 709 1680 762 ἐνταῦθα
1729 711 1786 762 δὲ

203 787 361 853 λέγει
421 791 503 841 ὅτι
540 791 598 842 Ὀ
625 790 816 861 Πατὴρ
849 796 992 846 ποιεῖ
1016 795 1080 847 τὰ
1107 795 1263 866 ἔργα,
1291 797 1326 850 ἃ
1351 791 1664 869 ἐργάζομαι
1694 800 1787 867 δη-

204 877 410 934 λονότι.
443 881 550 932 Καὶ
581 883 699 935 τότε
742 884 798 937 δέ
826 886 917 938 καὶ
963 886 1056 940 νῦν
1088 889 1148 941 τὸ
1193 890 1326 943 αὐτὸ
1369 891 1651 962 ἐνέφηνεν,
1707 893 1787 946 ὅτι

204 972 277 1020 τὰ
310 972 450 1025 αὐτὰ
479 977 571 1027 καὶ
595 974 849 1030 δύνανται
884 980 978 1031 καὶ
1025 979 1291 1039 Θέλουσιν.
1358 984 1415 1038 Ὀ
1450 987 1633 1038 τοίνυν
1673 988 1790 1040 Πα-

202 1061 316 1130 τὴρ
344 1063 494 1116 λα).εῖ
526 1065 625 1132 μὲν
669 1068 755 1120 διὰ
799 1069 891 1121 τοῦ
947 1071 1093 1134 Υἰοῦ,
1147 1074 1221 1138 ὡς
1268 1077 1354 1130 διὰ
1399 1075 1558 1148 [ἰδίου
1598 1077 1673 1147 (8)
1705 1079 1792 1131 λό-

205 1170 310 1220 γου
333 1171 346 1185 ο
393 1156 688 1222 ἐργάζεται
720 1160 774 1212 δὲ
806 1160 893 1213 διὰ
917 1162 1009 1214 τοῦ
1047 1164 1200 1228 Υίοῦ,
1235 1168 1309 1228 ὡς
1356 1167 1468 1240 διὰ]
1506 1170 1643 1233 ἰδίας
1698 1171 1789 1224 δυ·

207 1245 450 1313 νάμεως.
484 1248 557 1299 Τὸ
578 1250 633 1302 δὲ
681 1251 744 1302 '0
775 1253 840 1305 ἐν
862 1254 990 1319 ἐμοὶ
1025 1256 1244 1324 μένων,
1283 1258 1402 1312 ἀντὶ
1445 1262 1562 1325 τοῦ,
1611 1262 1669 1316 ’0
1714 1263 1788 1333 μὴ

209 1339 627 1408 κεχωρισμένος
663 1341 693 1410 ἢ
723 1344 750 1394 ἧ
774 1343 841 1396 δι’
872 1345 1008 1414 ἐμοῦ
1040 1351 1611 1422 χιρακτηριζόμενος.

283 1528 609 1582 Πιστεύετε
651 1562 718 1572 —-
761 1533 912 1603 ἐμοί.
954 1537 1245 1594 Πιστεύετέ
1298 1562 1387 1614 μοι
1444 1545 1657 1615 λέγοντι
1708 1552 1790 1605 ὅτι

208 1614 329 1683 ἐγὼ
371 1619 430 1670 ἐν
462 1619 538 1688 τῷ
587 1622 797 1693 Πατρὶ,
847 1627 940 1679 καὶ
972 1629 1002 1680 ὁ
1051 1631 1238 1705 Πατὴρ
1285 1637 1341 1688 ἐν
1403 1614 1527 1706 ἐμοι
1555 1639 1791 1713 Θεωροῦ-

207 1707 377 1778 μιθα,

1154 400 1540 462 COMMENT.
1587 401 1669 462 IN
1711 400 2089 466 ΙΟΑΝΝΕΜ.
2121 431 2186 440 -·
2224 407 2378 472 CAP.
2421 412 2579 474 XIV.

293 515 350 568 '0
385 514 453 568 ee
505 515 710 584 Πατὴρ
741 547 808 557 -ι
852 518 1013 585 ἔργα.
1044 521 1187 590 Πρὸς
1238 522 1316 591 τῷ
1363 523 1505 577 τέλει
1556 525 1655 592 μὲν
1695 519 1786 576 τοῦ
1832 525 1873 579 Α
1975 524 2130 579 Vers.

3336 420 3473 484 1398

2220 527 2306 581 10.
2358 528 2519 582 Pater
2579 540 2752 584 autem
2814 561 2868 570 —
2911 548 3090 602 opera.
3165 536 3246 591 Ad
3317 539 3476 595 [int-tn

1905 613 2149 683 praedicti
2201 617 2393 687 capitis
2448 618 2586 672 dixit
2634 637 2648 674 :
2705 619 2764 673 Si
2821 638 2922 674 non
2961 622 3098 685 {acia
3152 643 3312 695 opera
3374 630 3480 684 Pa-

1906 707 2000 758 tris
2048 708 2169 772 mei,
2225 709 2385 763 nolite
2433 713 2639 766 credere
2709 715 2835 768 mihi
2862 715 2938 781 ’°;
2999 717 3088 772 hic
3143 734 3273 774 vero
3337 723 3412 776 ait
3462 739 3477 776 :

1905 796 2065 851 Pater
2109 799 2234 854 facit
2285 817 2469 871 opera,
2517 819 2637 874 quze
2684 805 2933 861 videlicet
2991 823 3092 877 ego
3142 825 3360 877 operor.
3417 815 3483 868 Et

1906 895 2036 940 tunc
2097 898 2301 956 autem,
2356 902 2412 946 et
2471 909 2616 948 nunc
2677 895 2818 950 idem
2879 896 3226 966 signiﬁcatit,
3287 916 3482 970 nempe

1905 980 2046 1046 quod
2101 981 2290 1036 eadem
2366 991 2430 1064 et
2484 985 2694 1054 possint
2756 996 2811 1042 et
2868 988 3058 1044 velint.
3139 989 3302 1046 Pater
3353 1009 3483 1064 ergo

1903 1067 2144 1138 loquitur
2195 1087 2290 1141 per
2342 1062 2560 1141 Filium,
2633 1086 2888 1148 tanquam
2972 1096 3067 1149 per
3130 1098 3288 1137 suum
3369 1062 3485 1139 seir-

1906 1176 2168 1226 monem;
2223 1176 2482 1233 operatur
2547 1185 2677 1224 vero
2765 1187 2864 1240 per
2931 1171 3150 1236 Filium,
3226 1185 3482 1245 tanquam

1909 1270 2005 1323 per
2059 1271 2210 1310 suam
2281 1261 2603 1327 potentiam.
2671 1265 2934 1321 Praeterea
2987 1269 3040 1320 in
3095 1286 3175 1322 me
3231 1287 3480 1332 manens,

1906 1345 2009 1399 hoc
2058 1356 2163 1412 est,
2223 1364 2252 1402 a
2304 1364 2391 1404 me
2424 1367 2534 1406 non
2585 1363 2892 1424 separatus,
2930 1358 3015 1412 vel
3066 1375 3163 1430 per
3209 1375 3295 1414 me
3341 1362 3485 1416 desi-

1903 1448 2116 1509 gnatus.

1974 1529 2128 1585 Vers.
2189 1533 2274 1586 11.
2326 1532 2628 1590 Credite—
2665 1556 2766 1604 me.
2821 1540 3041 1598 Credite
3097 1544 3228 1598 mihi
3295 1546 3488 1621 diccuf

1907 1621 1969 1686 ti,
2036 1623 2178 1691 quod
2233 1639 2336 1696 ego
2392 1626 2447 1681 in
2511 1628 2694 1698 Patre,
2759 1642 2815 1688 et
2865 1633 3031 1689 Pater
3081 1635 3138 1690 in
3199 1653 3285 1692 me
3358 1653 3486 1695 CIIII-,-

1897 1714 2144 1784 spieitur.

282 1800 451 1910 .El‘dié
477 1803 569 1871 μὴ
612 1838 683 1845 —-
719 1825 843 1876 μοι.
879 1812 939 1865 Ei
991 1814 1050 1868 δὲ
1102 1817 1176 1888 μὴ
1227 1822 1513 1878 πιστεύετέ
1565 1843 1653 1893 μοι
1707 1827 1797 1882 διὰ

1980 1809 2132 1866 Vers.
2196 1813 2283 1867 11.
2349 1815 2558 1883 Alioqui
2602 1819 2849 1873 —mihi.
2911 1821 2966 1876 Si
3022 1836 3151 1874 vero
3204 1837 3311 1874 non
3368 1836 3488 1875 cre-

207 1891 338 1951 τοὺς
365 1891 555 1960 λόγους
604 1915 731 1966 μου,
770 1902 874 1956 κᾶν
913 1903 999 1959 διὰ
1049 1909 1118 1961 τὰ
1168 1911 1305 1982 ἔργα
1343 1915 1479 1969 αὑτά
1514 1891 1798 1974 πιστεύετέ

1907 1900 2035 1956 ditis
2085 1904 2215 1958 mihi
2277 1917 2500 1976 propter
2559 1925 2842 1964 sermones
2906 1927 3075 1971 meos,
3127 1913 3207 1966 vel
3263 1922 3486 1982 prepth

211 1984 625 2086 pot,t':1:epfpuﬁ
683 1993 777 2045 καὶ
815 1993 1091 2069 θεοπρεπῆ
1140 2000 1289 2056 ὄντα.
1348 2003 1498 2078 [Kal
1549 2011 1692 2080 πρὸς
1719 2014 1796 2086 (9)

208 2075 291 2142 τῷ
321 2075 463 2128 τέλει
505 2077 564 2131 δὲ
590 2082 794 2150 ὁμοίως
832 2086 927 2138 τοῦ
956 2088 1292 2158 δηλωθέντος
1319 2075 1617 2167 κεφαλαίου
1647 2075 1802 2174 είρηζ

211 2181 313 2216 κεν
339 2182 352 2195 ·
393 2168 477 2264 ὅτι
528 2170 654 2225 Κᾶν
691 2174 819 2244 ἐμοὶ
855 2177 934 2249 μὴ
981 2184 1326 2254 πιστεύητε,
1425 2207 1550 2259 τοις
1601 2168 1801 2264 ἐργίοις

211 2261 607 2320 πιστεύσατε.
637 2264 656 2336 ]

302 2351 859 2425 Ἀμὴν-ποιήσει.
899 2363 1014 2418 Οὐκ
1070 2363 1226 2422 εἶπεν
1280 2372 1360 2427 ὅτι
1420 2375 1529 2430 Καὶ
1579 2378 1803 2444 μείζονα

214 2435 294 2541 erant
335 2444 682 2541 είργασάμην
714 2450 950 2523 δύναμαι
985 2458 1360 2527 ἐργάσασθαι·
1410 2465 1524 2519 ἀλλ’
1551 2435 1591 2520 ὃ,
1624 2435 1802 2541 πολλῷ

216 2532 704 2609 θαυμασιώτερον,
756 2544 837 2597 ὅτι
909 2548 1005 2602 καὶ
1074 2552 1289 2624 ἑτέροις
1349 2556 1505 2612 δώσω
1574 2564 1801 2618 τοιαῦτα

216 2626 575 2693 ἐργάζεσθαι.
614 2629 748 2688 Εἶτα
803 2640 1129 2714 προστίθησι
1187 2647 1280 2699 καὶ
1330 2650 1390 2702 τὸ
1440 2650 1518 2704 ἔτι
1572 2657 1800 2722 μεῖζον,

215 2717 418 2786 λέγων’

293 2811 399 2903 Kal
427 2815 785 2903 -Αποιήσεη
812 2821 980 2876 Τοῦτο
1021 2825 1075 2878 δὲ
1118 2827 1217 2897 τῆς
1267 2831 1546 2903 δυνάμεως
1588 2839 1681 2892 τοῦ
1726 2841 1804 2893 δε-

216 2895 455 2960 Eurota;
505 2900 652 2955 ἐστὶν
698 2905 992 2974 ἀπόδειξις,
1020 2913 1080 2965 οὑ
1122 2916 1219 2987 τῆς
1249 2920 1341 2975 τοῦ
1400 2924 1697 2991 ποιοῦντος.
1742 2931 1800 2984 Ὀ

219 2988 328 3056 γὰρ
368 2992 427 3044 ἐν
472 2993 548 3062 τῷ
589 2997 810 3067 ὀνόματι
853 3002 946 3055 τοῦ
1001 3007 1235 3074 Χριστοῦ
1290 3015 1511 3081 μείζονα
1553 2988 1669 3074 τῶν⁷
1708 3025 1802 3078 τοῦ

217 3081 458 3151 Χριστοῦ
489 3086 624 3156 ἔργα
677 3093 863 3164 ποιῶν,
893 3095 993 3166 τὴν
1021 3099 1114 3152 τοῦ
1145 3103 1383 3172 Χριστοῦ
1411 3108 1640 3182 δύναμιν
1673 3117 1806 3169 ἀναν

218 3173 500 3244 κηρύττει.

293 3268 424 3322 Ὀτι
449 3302 521 3312 —
552 3277 893 3346 πορεύομαι.
947 3282 1154 3352 Ὕμῶν,
1189 3289 1374 3356 φησιν,
1405 3291 1523 3345 ἐστὶ
1559 3295 1654 3348 τοῦ
1695 3296 1804 3351 λοι-

219 3359 325 3411 ποῦ
379 3362 442 3415 τὸ
494 3366 588 3417 καὶ
642 3369 1112 3444 θαυματουργείν,
1168 3377 1300 3431 διότι
1356 3381 1467 3448 ἐγὼ
1525 3386 1662 3454 πρὸς
1712 3388 1803 3442 τον

220 3451 440 3525 Πατέρα
487 3474 587 3527 μου
637 3461 958 3534 πορεύομαι,
1011 3470 1102 3520 καὶ
1146 3470 1223 3532 είς
1259 3473 1356 3543 τὴν
1400 3451 1607 3529 οἰκείαν
1648 3478 1804 3544 δόξαν

218 3547 688 3620 ἀποκαθίστσμαι.
749 3555 933 3609 Ταῦτα
966 3558 1020 3610 δὲ
1077 3561 1254 3615 πάντα
1309 3569 1804 3638 παραμυθούμενος

221 3637 420 3701 αὐτοὺς
467 3639 644 3707 ἔλεγε.
693 3644 1189 3715 σκυθρωπάζοντας
1235 3654 1328 3706 καὶ
1376 3655 1800 3728 δυσφοροῦντας,

219 3725 309 3779 διὰ
350 3728 409 3779 τὸ
462 3730 630 3800 μήπω
671 3733 955 3802 γινώσκειν
998 3739 1122 3804 τοὺς
1163 3743 1291 3813 περὶ
1329 3746 1426 3816 τῆς
1458 3725 1804 3818 ἀναστάσειος

221 3817 386 3869 αὐτοῦ
412 3818 625 3887 λόγους.

298 3911 404 3963 Kal
443 3942 511 3953 -—
551 3915 802 3981 ποιήσω.
857 3922 921 3974 ’0
977 3923 1043 3976 ἂν
1073 3925 1334 3996 αἰτήσητε
1386 3931 1803 4002 ἐπικαλούμενοι

223 4002 285 4056 τὸ
323 4003 495 4074 ὄνομά
528 4026 650 4078 μου.
679 4011 921 4080 Ποιήσω
961 4015 1038 4082 δὲ,
1078 4014 1217 4084 εἷπε,
1255 4002 1469 4086 δείκνὺς
1513 4025 1612 4095 τὴν
1658 4028 1807 4092 ἐξου-

227 4095 348 4147 σίαν
370 4097 555 4152 αὐτοῦ.

298 4187 434 4240 Ἵνα
461 4219 526 4228 ——
559 4191 689 4257 Υίῷ.
734 4194 870 4261 Δόξα
909 4197 1017 4269 γὰρ
1063 4202 1141 4272 τῷ
1189 4204 1390 4276 Πατρὶ,
1433 4208 1492 4260 τὸ
1545 4211 1806 4264 παντοδύ-

225 4294 290 4329 να
297 4295 396 4346 μον
425 4280 518 4333 τοῦ
545 4282 693 4338 Υίοῡ.

309 4371 453 4426 Ἐὰν
481 4403 549 4417 --
575 4379 828 4447 ποιήσω.
873 4382 1014 4451 Ἐγὼ
1056 4385 1130 4448 ὡς
1174 4390 1578 4460 παντοδύναμος
1612 4395 1806 4464 ἐπίσης

225 4465 302 4535 τῷ
338 4467 532 4538 Πατρί.
567 4470 640 4523 Τὸ
681 4472 812 4526 αὐτὸ
852 4474 909 4527 δὲ
952 4475 1120 4544 λέγει,
1153 4477 1390 4548 βεϐαιῶν
1434 4483 1668 4552 μάλιστα
1712 4485 1803 4538 τὸν

226 4555 402 4626 λόγον.
441 4562 594 4615 Ἐπεὶ
620 4562 941 4629 δὲέκείνους
975 4568 1079 4637 χρὴ
1102 4571 1291 4635 αἰτεῖν,
1321 4573 1442 4630 τοὺς
1473 4575 1804 4641 ἀγαπῶντας

225 4651 674 4718 αὺτδνβιδάσκει,
711 4656 828 4719 πῶς
861 4657 966 4730 χρὴ
1000 4660 1218 4731 ἀγαπᾷν
1242 4663 1422 4730 αὐτὸν,
1455 4668 1533 4719 ὅτι
1567 4667 1625 4719 οὐ
1662 4668 1803 4739 λόγῳ

227 4736 410 4804 μόνον,
447 4738 581 4792 ἀλλὰ
612 4745 702 4794 καὶ
737 4743 900 4815 ἔργῳ.

308 4828 451 4885 Ἐὰν
475 4860 545 4872 —-
579 4834 897 4904 τηρήσατε.
929 4839 1035 4892 Τοῦ
1059 4841 1278 4914 ἀγαπᾷν
1315 4861 1383 4914 με
1415 4846 1523 4914 γὰρ
1554 4852 1802 4919 σημεῖον,

221 4922 257 4990 ἠ
287 4924 521 4993 τήρησις
568 4926 675 4979 τῶν
709 4929 936 4983 ἐντολῶν
973 4931 1082 4987 τῶν
1130 4935 1297 5005 ἐμῶν.
1342 4937 1588 5009 Τήρησις
1617 4941 1673 4994 δὲ
1709 4943 1807 4994 αὑ-

224 5015 354 5081 τῶν,
389 5017 422 5086 ἡ
458 5016 736 5087 πλήρωσις
775 5022 807 5090 ἡ
858 5023 1091 5092 ἐργασία
1125 5025 1323 5082 αὐτῶν.
1366 5028 1521 5083 Ἐπεὶ
1555 5030 1610 5084 δὲ
1655 5035 1808 5098 elato;

229 5107 423 5172 αὐτοὺς
472 5109 755 5180 ἐπιζητεῖν
797 5116 898 5185 τὴν
953 5119 1270 5188 σωματικὴν
1311 5119 1475 5173 αὐτοῦ
1518 5126 1805 5179 συνουσίαν

231 5201 323 5249 καὶ
353 5200 453 5263 τὰς
507 5205 757 5274 συνήθεις
794 5206 1031 5275 ὁμιλίας,
1072 5209 1152 5263 ἐτι
1201 5211 1695 5285 παραμυθούμενος
1742 5218 1804 5271 τὸ

228 5291 388 5368 ἄλγος
415 5293 595 5346 αὐτῶν
618 5299 749 5366 φησί
765 5311 780 5327 ⁸

299 5385 408 5437 Kal
440 5415 508 5425 —
537 5390 701 5458 ὑμῖν.
741 5391 1024 5446 Ἐντεῦθεν
1069 5393 1298 5464 ἄρχεται
1346 5398 1635 5468 γνωρίζειν
1688 5402 1801 5464 τοῖς

370 5578 414 5609 νο
453 5577 610 5631 Joan.
651 5580 712 5645 Α,
745 5582 834 5635 57.
922 5541 990 5616 ﬁ
1025 5583 1159 5638 Ibid.
1195 5585 1284 5640 58.

1903 2008 2066 2063 opera
2105 1996 2219 2066 ipsa
2269 1999 2476 2053 credite
2507 2000 2661 2064 mibi,
2710 2018 2834 2056 cum
2897 1992 3330 2073 supe'rnaturalia
3375 2005 3486 2058 sint

1903 2101 1967 2141 ac
2017 2087 2222 2143 divina.
2287 2088 2548 2146 Similiter
2597 2109 2815 2163 quoque
2878 2099 2944 2148 ad
2999 2099 3162 2151 linem
3243 2100 3482 2168 pnedirti

1904 2176 2096 2246 capitis
2138 2178 2276 2233 dixit
2322 2197 2335 2234 :
2385 2180 2536 2245 Quod
2581 2184 2626 2234 si
2676 2185 2806 2238 mihi
2859 2201 2962 2238 non
3011 2187 3254 2252 creditis,
3314 2190 3485 2254 operi-

1907 2274 1998 2326 bus
2047 2273 2239 2327 credite
2259 2274 2327 2327 ⁹¹.

1977 2359 2111 2415 Vers
2187 2360 2273 2414 12.
2338 2359 2501 2415 Amen
2546 2392 2614 2401 ——
2669 2365 2848 2432 faciet.
2912 2363 3030 2419 Non
3105 2364 3243 2420 dixit
3304 2381 3319 2418 :
3368 2365 3482 2418 Ma-

1901 2447 2020 2517 jora
2075 2447 2253 2503 facere
2311 2462 2532 2517 possum
2611 2448 2697 2504 bis
2787 2466 2908 2519 quae
2980 2450 3104 2516 ieci,
3177 2452 3273 2506 sed
3333 2451 3480 2522 quod

1906 2535 2212 2589 mirabilius
2295 2543 2400 2598 est,
2449 2535 2614 2590 etiam
2696 2535 2816 2591 aliis
2901 2537 3162 2604 tribuam,
3244 2549 3304 2593 ut
3361 2539 3483 2593 talia

1905 2635 2219 2696 operentur.
2278 2626 2484 2681 Deinde
2544 2626 2714 2692 addit,
2770 2628 2916 2698 quod
2974 2628 3153 2682 adhuc
3192 2630 3366 2697 majus
3400 2643 3487 2684 est

1906 2719 2093 2774 dicens
2129 2736 2143 2771 :

1978 2811 2130 2866 Vers.
2202 2811 2288 2866 12.
2346 2813 2414 2866 Et
2475 2843 2544 2853 —
2605 2814 2784 2883 faciet.
2858 2812 2970 2870 Hoc
3027 2824 3208 2870 autem
3262 2817 3486 2871 demon-

1911 2903 2103 2957 stratio
2156 2912 2240 2958 est
2287 2903 2544 2973 potentiae
2589 2903 2730 2972 ejus,
2789 2905 2882 2974 qui
2942 2905 3115 2968 dedit.
3182 2922 3290 2960 non
3364 2907 3485 2976 ejus

1905 2995 1997 3064 qui
2084 2995 2237 3066 signa
2285 2997 2443 3062 edit;
2501 3013 2625 3051 nam
2689 2998 2782 3067 qui
2849 3014 2946 3068 per
3001 2997 3205 3053 Christi
3284 3015 3484 3053 nomen

1908 3087 2112 3156 majora
2148 3087 2276 3142 facit
2311 3103 2500 3158 opera,
2535 3104 2697 3156 quam
2731 3089 2983 3145 Christus
3031 3090 3286 3154 ediderit,
3328 3089 3488 3145 Chri-

1834 3197 1879 3257 C
1910 3177 1978 3233 sti
2028 3178 2323 3246 potentiam
2374 3177 2647 3246 praedicat.

1983 3272 2140 3326 Vers.
2207 3271 2294 3324 12.
2355 3269 2490 3336 Quia
2527 3272 2783 3336 ——vado,
2840 3273 3093 3328 Vestrum
3154 3272 3352 3343 inquit.
3403 3287 3488 3329 eSt

1907 3362 2162 3432 deinceps
2225 3363 2486 3417 miracula
2538 3365 2776 3432 operari,
2836 3365 2960 3434 quia
3000 3379 3101 3434 ego
3149 3365 3216 3420 ad
3270 3364 3483 3420 Patrem

1909 3467 2087 3506 meum
2167 3452 2327 3516 vado,
2389 3461 2447 3505 ut
2494 3452 2548 3505 in
2594 3454 2868 3522 propriam
2921 3455 3178 3509 restituar
3237 3455 3484 3526 gloriam.

1909 3541 2035 3598 Haec
2082 3553 2263 3598 autem
2316 3547 2497 3599 omnia
2551 3547 2616 3600 ad
2648 3546 3043 3600 consolandum
3097 3561 3191 3602 eos
3247 3546 3482 3606 diccbat.

1908 3637 2053 3707 quod
2118 3637 2302 3691 tristes
2355 3645 2558 3703 essent,
2621 3652 2684 3692 ac
2757 3638 2993 3708 graviter
3062 3639 3288 3702 ferrent,
3363 3639 3487 3708 quia

1909 3746 2189 3786 sermones
2248 3729 2316 3790 de
2375 3729 2777 3785 resurrectione
2836 3731 2954 3800 ejus
3036 3747 3144 3785 non
3220 3731 3487 3801 intellige-

1909 3821 2060 3876 bant.

1983 3913 2257 3970 Vers.15.
2308 3912 2372 3966 Et
2423 3943 2477 3952 —
2527 3914 2744 3982 faciam.
2783 3943 2853 3952 -—
2883 3914 3157 3982 Quidquid
3215 3914 3488 3984 petieritis

1911 4006 2161 4061 invocato
2211 4005 2437 4059 nomine
2472 4021 2615 4060 meo.
2659 4004 2804 4059 Dixit
2834 4015 3018 4059 autem
3057 4003 3295 4072 Faciam,
3334 4023 3486 4061 suam

1910 4096 2205 4151 ostendens
2233 4097 2557 4165 potentiam.

1980 4189 2138 4243 νει-ς.
2179 4190 2260 4243 15.
2297 4189 2358 4244 Ut
2403 4219 2471 4228 ——
2509 4186 2730 4242 Filium.
2788 4186 2965 4244 Patris
3010 4189 3279 4259 siquidem
3322 4191 3490 4262 gloria

1910 4293 1995 4338 est
2027 4282 2143 4336 Filii
2170 4281 2591 4349 onmipotentia.

1982 4375 2137 4432 Vers.
2177 4375 2262 4429 14.
2300 4374 2358 4428 Si
2400 4404 2467 4414 -
2493 4373 2709 4444 faciant.
2747 4373 2856 4444 Ego
2895 4381 3151 4444 tanquam
3180 4391 3303 4430 cum
3334 4377 3491 4432 l’atre

1911 4468 2192 4538 :cqualiler
2217 4467 2584 4535 omnipotens.
2608 4465 2754 4519 Idem
2782 4475 2962 4520 autem
2991 4467 3144 4530 dixit,
3179 4483 3488 4523 sermonem

1913 4560 2145 4614 maxime
2175 4557 2527 4626 conﬁrmans.
2560 4554 2696 4621 Quia
2729 4569 2856 4608 vero
2883 4555 3004 4610 illos
3041 4568 3224 4626 petere
3251 4566 3489 4626 oportet,

1911 4651 2002 4721 qui
2038 4664 2162 4704 eum
2211 4633 2466 4713 diligunt,
2510 4643 2670 4698 docet
2719 4645 2995 4712 quomodo
3051 4646 3200 4700 illum
3261 4647 3490 4718 diligere

1911 4751 2180 4814 oporteat,
2214 4740 2339 4807 quia
2365 4753 2476 4791 non
2508 4736 2625 4791 solo
2659 4735 2845 4799 verbo,
2880 4737 2976 4792 sed
3006 4747 3061 4792 et
3089 4754 3276 4809 opere.

1983 4833 2138 4889 Vers.
2184 4832 2271 4886 15.
2319 4827 2378 4883 Si
2422 4858 2492 4868 —-
2541 4836 2760 4880 servate.
2820 4826 2954 4882 Nam
3004 4827 3318 4887 dilectionis
3356 4850 3491 4890 mea:

1913 4932 2129 5002 signum
2196 4933 2280 4980 est
2349 4919 2662 4976 observatio
2714 4929 3114 4990 prmceptornm
3173 4941 3420 4981 meorum
3472 4946 3486 4980 :

1914 5038 2103 5080 eorum
2136 5036 2269 5074 vero
2321 5017 2633 5073 observatio
2678 5030 2763 5075 est
2790 5016 3085 5086 completio
3113 5028 3207 5072 aut
3244 5018 3490 5088 operatio

1913 5118 2154 5172 illorum.
2183 5113 2321 5178 Quia
2346 5121 2529 5167 autem
2549 5111 2847 5167 verisimile
2868 5120 2985 5164 erat
3007 5110 3343 5179 corporalem
3372 5109 3493 5178 ejus

1913 5206 2409 5271 conversationem,
2438 5214 2762 5273 assuetaque
2785 5202 3055 5272 colloquia
3077 5217 3171 5257 eos
3191 5210 3448 5271 expetere
3474 5219 3489 5256 :

1920 5305 2098 5364 adhuc
2132 5297 2443 5354 consolatur
2481 5296 2694 5350 illorum
2720 5294 2986 5360 dolorem,
3015 5293 3203 5348 dicens
3234 5309 3248 5346 :

1989 5397 2145 5451 Vers.
2212 5391 2298 5446 16.
2362 5388 2432 5443 Et
2483 5419 2550 5430 —-
2584 5388 2745 5442 vobis.
2797 5385 2934 5441 llinc
2974 5386 3166 5455 incipit
3207 5383 3493 5456 discipulis

1433 5674 1638 5738 Varie)
1675 5673 1988 5737 lectiones
2027 5678 2090 5732 ct
2129 5675 2313 5730 notw.

304 5838 380 5909 (δ)
411 5836 619 5892 Inclusa
655 5840 976 5918 exciderunt
1036 5842 1098 5896 A.

1960 5842 2033 5910 (ll)
2067 5836 2277 5893 Inclusa
2306 5837 2508 5893 omittit
2561 5837 2627 5890 Α.
