4108 6400
286 395 426 468 “Ol

1243 398 1630 464 COMMENT.
1673 400 1758 463 IN
1796 401 2180 472 IOANNEM.
2210 404 2474 475 ~ICAP.
2497 411 2658 473 XIV;

3404 405 3546 477 1802

282 530 390 583 περ
412 511 523 583 γὰρ
545 510 574 565 ό
596 507 869 581 νενοηκὼς
897 507 997 578 litt
1027 507 1248 579 νενόηκε
1277 510 1369 564 τὸν
1427 511 1678 583 ιῐατὲραο
1715 510 1858 566 οὕτω

1966 517 2107 572 enim
2160 521 2251 590 qui
2281 521 2434 576 novit
2485 536 2599 585 me.
2627 520 2782 577 novit
2819 530 2876 578 et
2904 522 3150 588 Patrem;
3173 522 3248 578 ita
3284 537 3531 591 rursum.

280 604 448 660 πάλιν
495 603 524 656 ό
564 602 836 673 νενοηκὼς
880 601 982 670 ἐμὲ
1051 602 1274 672 νενόηκε
1321 603 1383 656 τὸ
1429 601 1683 674 Πνεῦμα·
1733 607 1860 676 μιᾶς

279 697 394 767 γὰρ
434 694 486 748 οῖ
521 694 672 764 τρεῖς
702 692 892 755 οὐσίας
929 692 1024 745 καὶ
1059 691 1274 761 φύσεως
1312 694 1406 745 καὶ
1443 691 1726 763 δυνάμεως
1765 693 1862 746 καὶ

280 785 464 851 ἀξίας.

357 876 491 930 ὀτι
526 907 592 918 -
621 873 814 944 μένει.
869 874 1080 946 Ὠσπερ
1116 874 1226 944 γὰρ
1269 876 1298 928 ό
1342 873 1533 950 Πατὴρ
1572 891 1672 943 μετ
1722 873 1857 946 ἐμοῦ

276 966 460 1022 ιστινο
490 964 634 1020 οὕτω
654 966 752 1018 καὶ
781 965 843 1018 τὸ
870 964 1094 1036 Πνεῦμα
1112 982 1125 997 ο
1155 965 1457 1034 ἀχώριστος
1478 965 1648 1036 γάρή
1682 982 1861 1036 μακα-

285 1056 379 1130 ρία
414 1055 608 1126 Τριάς.

349 1145 459 1202 Kal
491 1147 563 1200 ἐν
592 1143 736 1214 ὑμῖν
757 1146 950 1198 ἔσται.
983 1144 1073 1216 Μὴ
1100 1144 1446 1213 ἀποθνῆσκον
1472 1145 1607 1214 (ii),
1624 1144 1696 1208 ὡς
1723 1144 1854 1215 ἐγώ.

278 1237 417 1291 om
437 1238 546 1306 γὰρ
578 1234 1003 1306 ἀνηνθρώπησεν
1047 1236 1123 1300 ὡς
1155 1237 1284 1305 ἐγώ.
1322 1238 1474 1291 Ἐπεὶ
1520 1239 1577 1291 δὲ
1617 1238 1857 1292 τοσαῦτα

275 1324 451 1378 εἰπὼν
465 1323 619 1377 οῦπω
639 1325 739 1393 τὴν
761 1325 998 1394 ἀθυμίαν
1019 1325 1198 1378 αὐτῶν
1221 1324 1497 1390 ἐξέϐαλεν,
1522 1327 1856 1397 ἀδημονοῦν-

275 1426 388 1464 των
417 1411 497 1463 In
519 1413 614 1464 καὶ
644 1411 1048 1480 ἀλγυνομένων,
1088 1412 1163 1474 ὡς
1184 1413 1438 1483 ὀρφανῶν
1459 1415 1562 1484 ἥδη
1583 1414 1856 1483 καταλιμ-

279 1503 626 1572 πανομένων,
652 1500 954 1571 θεραπεύει
988 1503 1049 1554 τδ
1071 1502 1312 1556 τοιοῦτον
1339 1503 1527 1572 ἀλγος.

345 1672 468 1726 οὐκ
487 1671 898 1740 -ὀρφανούς,
921 1671 1203 1741 Πατρικῆς
1230 1673 1634 1744 εὐσπλαγχνίας
1661 1674 1722 1728 τὸ
1754 1675 1854 1745 ῥῆ-

281 1778 380 1833 μα,
418 1761 620 1832 πολλὴν
674 1761 899 1829 εἰσάγον
938 1761 1288 1833 παράκλησιν
1340 1766 1432 1816 καὶ
1470 1763 1848 1833 ψυχαγωγίαν.

275 1851 354 1905 υύ
379 1850 723 1904 παντάπασιν
749 1851 948 1920 ἀφήσω
973 1852 1120 1922 ὑμᾶς
1144 1853 1212 1905 τά
1236 1854 1423 1906 τεκνία
1448 1870 1574 1922 μου.

347 2023 638 2092 Ἔρχομαι
668 2023 816 2092 πρὸς
848 2021 1023 2089 ὑμᾶς.
1065 2023 1336 2094 Ἔρχομαι
1375 2023 1538 2078 πάλιν
1583 2025 1722 2094 μετὰ
1758 2023 1859 2095 τὴν

271 2116 580 2184 τριήμερον
629 2117 967 2180 ἀνάστασιν,
1013 2117 1062 2168 εί
1102 2116 1198 2170 καὶ
1246 2116 1322 2188 μὴ
1368 2117 1443 2180 ὡς
1481 2117 1545 2169 τὸ
1592 2119 1857 2188 πρότερον

277 2207 659 2274 συνεσόμενος.

349 2299 481 2352 Ἔτι
505 2328 568 2338 -
603 2298 822 2366 θεωρεῖ.
863 2298 1228 2352 Ἀποθανόντα
1251 2298 1325 2362 ὡς
1347 2301 1655 2371 ἄνθρωπον.

360 2481 562 2552 ’Υμεῖς
616 2510 688 2521 -
738 2497 837 2550 με.
901 2479 1364 2550 Ἐπιφαινόμενον
1420 2481 1552 2551 ὑμῖν
1615 2482 1680 2535 ὲκ
1739 2482 1860 2536 δια·

278 2573 641 2643 λειμμάτων,
681 2572 932 2635 συνόντος
982 2572 1112 2641 ὑμῖν
1163 2571 1254 2624 ἀεὶ
1309 2571 1404 2624 τοῦ
1458 2571 1618 2625 ἄλλου
1668 2574 1856 2643 Παρασ

278 2666 504 2736 κλήτου.

352 2756 484 2809 Ὀτι
525 2753 640 2825 ἐγὼ
670 2753 762 2815 ζῶ.
799 2753 907 2818 Ζῶ,
941 2753 1103 2807 πάλιν
1156 2752 1396 2816 ἀναστὰς
1429 2754 1492 2805 ὲκ
1520 2753 1750 2822 νεκρῶν.

357 2936 466 2992 Kal
508 2936 680 3005 ὑμεῖς
729 2935 1009 3004 ζήσεσθε.
1064 2933 1158 3003 Μὴ
1210 2932 1602 3003 ἀναιρούμενοι
1658 2935 1858 2989 αὐτίκα

280 3031 380 3084 σὺν
431 3032 578 3100 ἐμοὶ,
618 3027 733 3081 ἀλλ’
767 3029 872 3081 ὑπὸ
898 3028 995 3096 τῆς
1044 3028 1186 3097 ἐμῆς
1234 3028 1516 3100 δυνάμεως
1557 3029 1644 3098 ἐφ’
1677 3029 1858 3084 ἱκανὸν

1964 611 2056 679 qui
2089 613 2240 666 novit
2273 628 2378 675 me,
2411 613 2565 668 novit
2591 621 2648 668 et
2673 611 2942 682 Spiritum
2965 621 3238 670 sanctum.
3263 610 3399 670 Nam
3429 622 3542 671 tres

1962 701 2127 757 unius
2165 712 2296 758 sunt
2343 705 2661 760 substantia
2690 720 2754 760 ac
2787 711 3022 772 naturae,
3068 703 3328 787 potentia
3361 719 3426 762 ac
3452 704 3543 762 di-

1960 791 2203 862 gnitatis.
3014 810 3016 812 ν

2032 879 2188 936 Vers.
2222 883 2308 938 l7.
2347 884 2484 950 Quia
2516 913 2588 926 —
2625 893 2823 939 monet.
2860 882 3018 939 Sicut
3056 883 3204 938 enim
3240 881 3399 940 Pater
3424 899 3546 940 Ino-

1960 983 2084 1022 cum
2148 979 2255 1038 est,
2314 971 2387 1024 ita
2441 981 2506 1042 ,et
2563 970 2806 1041 Spiritus
2857 979 3104 1027 sanctus.
3173 970 3543 1042 Inseparabile

1962 1059 2236 1128 siquidem
2274 1070 2358 1115 est
2387 1062 2546 1116 beata
2575 1061 2843 1117 Trinitas.

2037 1149 2185 1206 Vers.
2243 1153 2328 1206 17.
2370 1152 2435 1206 Ει
2469 1154 2525 1206 in
2587 1153 2730 1207 vobis
2777 1154 2898 1208 erit.
2933 1149 3050 1207 Non
3101 1150 3370 1218 moriens,
3394 1150 3541 1206 sicut

1958 1256 2057 1312 ego
2091 1256 2311 1312 :neque
2337 1243 2484 1297 enim
2533 1243 2853 1298 incarnatus
2888 1250 2995 1303 est.
3038 1241 3184 1296 sicut
3226 1255 3348 1311 ego.
3390 1238 3528 1306 Quia

1957 1346 2098 1386 vero
2149 1348 2275 1387 cum
2315 1342 2422 1387 tam
2465 1333 2636 1387 multa
2676 1331 2924 1397 dixisset,
2980 1330 3225 1384 nondum
3263 1326 3540 1383 tristitiam

1955 1423 2170 1477 illorum
2204 1424 2500 1491 repulerat,
2532 1422 2658 1492 quia
2693 1423 2930 1493 graviter
2973 1421 3152 1475 adhuc
3192 1420 3442 1476 ferebant
3469 1432 3536 1472 ac

1954 1513 2282 1576 maerebant,
2319 1521 2378 1566 ut
2411 1512 2502 1581 qui
2534 1511 2642 1580 jam
2665 1511 2898 1580 orphani
2931 1509 3397 1580 relinquerentur,
3421 1507 3533 1562 bu-

1949 1602 2192 1672 jusmodi
2226 1613 2381 1658 curat
2415 1602 2754 1657 maestitiam.

2033 1693 2191 1749 Vers.
2224 1696 2309 1751 18.
2336 1695 2544 1749 Non—
2577 1695 2868 1764 orphauos.
2891 1692 3144 1748 Paterna:
3175 1689 3544 1748 miserationis

1953 1786 2180 1840 verbum
2236 1796 2342 1853 est,
2396 1786 2621 1840 multam
2682 1784 2923 1839 aﬂ'erens
2989 1783 3423 1840 consolationem
3476 1796 3543 1836 ac

1958 1877 2397 1932 oblectationem.
2418 1877 2767 1947 Nequaquam
2807 1891 2902 1930 vos
2925 1876 3224 1930 relinquam
3270 1873 3544 1943 orphanos

1962 1967 2057 2036 qui
2086 1967 2181 2022 lilii
2215 1969 2322 2021 mei
2348 1969 2502 2023 estis.

2033 2056 2191 2113 Vera.
2230 2059 2316 2113 18.
2372 2059 2583 2112 Veniam
2619 2061 2688 2114 ad
2733 2075 2843 2113 vos.
2895 2057 3127 2112 Veniam
3172 2069 3391 2110 rursum
3418 2059 3546 2126 post

1965 2148 2108 2202 tertii
2129 2148 2236 2202 diei
2269 2150 2753 2214 resurrectionem,
2775 2164 3088 2218 quanquam
3119 2162 3254 2210 non,
3278 2152 3338 2198 ut
3367 2142 3541 2213 prius,

1966 2252 2068 2292 COD
2077 2252 2323 2292 versans.

2034 2326 2193 2381 Vers.
2236 2326 2322 2381 19.
2361 2326 2545 2381 Adhuc
2570 2324 2882 2380 —videbit.
2915 2322 3052 2379 Cum
3088 2334 3343 2392 tanquam
3377 2323 3545 2378 homo

1964 2417 2193 2471 moriar.

2035 2505 2186 2560 Vers.
2213 2506 2300 2560 19.
2333 2503 2428 2559 Vos
2458 2533 2526 2546 —
2553 2519 2659 2559 me.
2684 2504 3050 2573 Apparentem
3080 2502 3230 2556 vobis
3247 2517 3346 2572 per
3377 2501 3547 2556 inter-

1961 2597 2126 2650 missa
2171 2605 2433 2665 tempora,
2465 2603 2826 2649 conversante
2860 2607 3078 2651 semper
3111 2593 3387 2648 vobiscum
3435 2591 3545 2645 alio

1959 2685 2263 2740 Paracleto.

2031 2779 2186 2832 Vers.
2229 2777 2314 2833 l9.
2355 2776 2496 2842 Quia
2543 2792 2635 2846 ego
2662 2776 2859 2829 uiuam.
2889 2773 3077 2829 Vivam
3120 2790 3308 2828 rursus
3338 2790 3368 2828 a
3397 2789 3546 2828 mor-

1961 2867 2069 2922 tuis
2099 2881 2407 2935 resurgens.

2030 2957 2186 3012 Vers.
2245 2955 2332 3010 19.
2393 2954 2463 3008 Et
2517 2969 2605 3007 vos
2675 2953 2877 3007 vioetis.
2929 2950 3048 3005 Non
3103 2950 3284 3004 statim
3332 2963 3546 3003 mecum

1961 3045 2270 3108 interiecti,
2298 3044 2424 3098 vsed
2469 3057 2590 3097 mea
2621 3043 2824 3096 virtute
2865 3041 3039 3094 multo
3077 3039 3256 3095 adhuc
3301 3047 3548 3106 tempore

281 3119 732 3191 συντηρούμενοι.
760 3119 827 3173 Ἢ
862 3122 955 3173 καὶ
997 3120 1157 3189 ὑμεῖς
1184 3117 1414 3190 ζήσεσθε
1453 3121 1593 3190 μετά
1623 3122 1856 3176 θάνατον

1966 3137 2289 3192 conservati.
2331 3132 2450 3197 Vel,
2509 3147 2608 3188 vos
2652 3131 2846 3187 vivetis
2906 3131 3072 3184 etiam
3131 3137 3256 3199 post
3309 3137 3541 3181 mortem

277 3213 382 3282 τὴν
410 3211 689 3283 μακαρίαν
716 3211 885 3280 ζωήν.

362 3303 468 3356 Ἐν
491 3333 562 3343 -
585 3320 726 3370 μου.
764 3301 852 3354 Ἐν
883 3299 1064 3372 ἐκείνῃ
1096 3303 1162 3371 τῇ
1191 3301 1396 3371 ἡμέρᾳ,
1461 3304 1526 3370 τῇ
1573 3303 1674 3372 τῆς
1730 3303 1859 3355 ἀνα-

281 3395 526 3460 στάσεώς
554 3412 654 3466 μου
675 3394 940 3465 δηλονότι,
967 3393 1241 3461 γνώσεσθε
1257 3394 1335 3446 ὅτι
1362 3393 1476 3461 ἑγὼ
1494 3395 1551 3446 ἐν
1581 3393 1658 3463 τῷ
1684 3396 1860 3468 Πατρί

284 3503 411 3557 μου,
442 3486 526 3538 ὃτι
574 3485 684 3553 ἐγὼ
721 3484 1024 3554 ἀδιαίρετος
1064 3481 1160 3535 τοῦ
1203 3482 1413 3550 Πατρός
1445 3499 1572 3552 μου,
1605 3484 1662 3536 ὲν
1691 3483 1768 3553 τῷ
1796 3484 1865 3538 τὰ

279 3576 422 3629 αὐτᾶ
453 3576 648 3644 ἐκείνῳ
681 3573 963 3627 δύνασθαι.

353 3670 464 3725 Kal
490 3696 561 3709 -ο
591 3668 756 3737 ὑμῖν.
789 3668 899 3720 Καὶ
919 3668 1003 3719 ὃτι
1036 3667 1129 3719 καί
1165 3665 1324 3734 ὑμεῖς
1351 3667 1410 3720 ἐν
1438 3665 1560 3735 ἐμοὶ
1592 3665 1864 3736 φρουροῦο

286 3779 437 3833 μενοι
473 3762 569 3815 καὶ
597 3759 980 3830 νευρούμενοιο
1017 3757 1175 3825 κάγὼ
1204 3761 1262 3810 ὲν
1292 3759 1444 3826 ὑμῖν,
1480 3758 1734 3828 φρουρῶν
1770 3757 1866 3810 καὶ

281 3850 493 3922 νευρῶν
522 3852 688 3920 ὑμᾶς.
717 3847 996 3902 Γνώσεσθε
1032 3848 1087 3900 δὲ
1120 3848 1315 3911 ταῦτα,
1336 3846 1445 3901 τῶν
1468 3847 1675 3918 ἐχθρῶν
1700 3865 1868 3901 κατα-

287 3943 677 4012 στελλομένων,
712 3941 865 4010 ὑμῶν
913 3940 1468 4011 παρρησιαζομένων,
1515 3939 1611 3992 τοῦ
1695 3939 1863 4010 κηρύο

284 4051 497 4106 γματος
530 4031 653 4086 καθ’
686 4031 925 4099 ἑκάστην
964 4030 1252 4093 ἀνθοῦντος
1292 4027 1388 4100 τὴν
1420 4031 1653 4099 ἡμέραν.

365 4128 424 4180 '0
459 4128 556 4195 μὲν
593 4124 687 4178 οὖν
715 4123 947 4193 Χριστὸς
976 4124 1032 4175 ὲν
1063 4121 1139 4191 τῷ
1173 4122 1371 4192 Ila-cpi,
1401 4122 1541 4175 κατά
1579 4121 1736 4189 λόγον
1767 4125 1870 4176 ίσοο

286 4217 584 4288 δυναμίαςο
627 4217 679 4268 οῖ
723 4217 779 4268 δὲ
825 4213 1114 4268 ἀπόστολοι
1157 4215 1217 4268 ὲν
1262 4212 1431 4281 αὐτῷ,
1472 4213 1563 4266 καὶ
1610 4213 1773 4276 αὐτὸς
1810 4215 1868 4268 ὲν

287 4310 492 4373 αὐτοῖς,
547 4307 687 4360 κατά
733 4306 892 4374 λόγον
952 4299 1395 4375 βοηθείας·.,οῐδε
1445 4303 1554 4373 γάρ
1596 4304 1630 4374 ή
1675 4304 1870 4375 Γραφὴ

288 4399 552 4462 πολλάκις
571 4399 684 4460 τοῖς
708 4396 892 4458 αὐτοῖς
915 4396 1156 4466 ῥήμασιν
1181 4395 1273 4448 ἰπὶ
1299 4393 1434 4447 Θεοῦ
1456 4395 1550 4448 καὶ
1565 4394 1868 4466 ἀνθρώπων

1964 3230 2077 3283 vita
2106 3228 2284 3282 beata.

2036 3318 2190 3373 Vers.
2228 3315 2612 3372 20.1n—meo.
2633 3314 2691 3368 In
2713 3314 2806 3368 illo
2834 3313 2943 3378 die,
2971 3309 3389 3366 resurrectionis
3411 3323 3550 3364 meas

1961 3409 2238 3470 videlicet,
2272 3407 2632 3476 cognoscetis.
2676 3405 2823 3474 quod
2865 3419 2963 3472 ego
2992 3417 3022 3457 a
3054 3401 3214 3456 Putre
3245 3414 3369 3455 meo
3404 3398 3548 3454 indi-

1964 3497 2115 3552 visus
2148 3496 2273 3555 sim.
2299 3494 2491 3550 eadem
2523 3503 2719 3564 potens
2746 3506 2869 3546 cum
2901 3491 3016 3544 illo.

2037 3679 2176 3734 γει-ε
2213 3677 2288 3731 20
2333 3677 2678 3732 Ει-υοὺίε,
2715 3674 2782 3729 Et
2826 3673 2970 3741 quod
3003 3687 3100 3726 vos
3150 3670 3312 3726 etiam
3349 3670 3404 3724 in
3436 3685 3547 3732 me,

1972 3769 2229 3827 custoditi
2268 3784 2332 3824 ac
2379 3767 2618 3823 roborati
2652 3783 2669 3822 :
2713 3773 2769 3820 et
2797 3779 2896 3834 ego
2937 3763 2990 3818 in
3023 3763 3196 3826 vobis,
3227 3759 3546 3817 custodiens

1966 3878 2033 3917 ac
2057 3862 2323 3917 roborans
2355 3874 2466 3914 vos.
2505 3857 2632 3915 llaec
2676 3867 2856 3911 autem
2893 3855 3256 3921 cognoscetis,
3289 3852 3551 3922 repressis

1971 3952 2237 4016 inimicis,
2264 3951 2528 4019 vobisque
2559 3950 2732 4005 libere
2755 3945 3127 4016 loquentibus,
3155 3958 3221 3998 ac
3257 3943 3550 4011 Evangelia

1970 4045 2027 4098 in
2066 4043 2184 4098 dies
2213 4041 2460 4098 ﬂorente.

2040 4135 2288 4189 Chrlstus
2314 4132 2493 4203 itaque
2521 4133 2575 4186 in
2598 4132 2784 4196 Patre,
2813 4128 3025 4182 ratione
3081 4125 3327 4196 ejusdem
3354 4133 3554 4195 poten-

1973 4226 2099 4291 tiae;
2132 4223 2366 4294 apostoli
2409 4237 2540 4278 vero
2564 4221 2620 4276 in
2655 4235 2724 4276 eo
2744 4231 2799 4275 et
2823 4219 2940 4289 ipse
2971 4217 3027 4270 in
3057 4215 3183 4280 illis,
3213 4215 3423 4270 ratione
3450 4229 3552 4270 au—

1970 4317 2108 4372 xilii.
2145 4313 2425 4384 Siquidem
2458 4311 2611 4366 novit
2650 4309 2967 4380 frequenter
3022 4304 3308 4375 Scriptura
3345 4302 3551 4360 eisdem

1971 4406 2156 4464 verbis
2177 4415 2231 4461 et
2257 4405 2324 4460 de
2357 4403 2466 4458 Deo
2483 4413 2538 4458 et
2561 4401 2780 4456 homine
2808 4397 3020 4468 positis,
3039 4411 3151 4450 non
3173 4394 3424 4449 similiter
3451 4395 3551 4447 uti.

291 4492 571 4562 κειμένοις
617 4489 718 4558 οὐχ
767 4487 969 4556 ὁμοίως
1015 4486 1341 4556 κεχρῆσθαι.
1394 4487 1503 4540 Kal
1560 4487 1590 4540 ό
1631 4488 1863 4558 Χριστὸς

1977 4498 2113 4554 Nam
2147 4504 2202 4549 et
2240 4491 2492 4548 Christus
2530 4498 2588 4545 et
2619 4504 2720 4544 nos
2762 4487 2858 4542 lilii
2903 4485 3000 4542 Dei
3043 4501 3108 4540 ac
3157 4485 3244 4538 dei
3295 4483 3552 4546 dicimur,

291 4588 423 4658 γάρ,
454 4586 551 4639 καὶ⁸
588 4583 749 4654 ἡμεῖς
801 4581 907 4632 υἱοὶ
943 4579 1078 4631 Θεοῦ
1134 4581 1228 4630 καὶ
1256 4577 1373 4630 θεοὶ
1423 4577 1730 4648 λεγόμεθα,
1774 4579 1870 4632 καὶ

294 4676 458 4731 ιίκὼν
486 4675 644 4738 Θεοῦ,
674 4673 769 4726 καὶ
792 4671 916 4734 δόξα
949 4669 1086 4723 Θεοῦ
1106 4686 1119 4700 ο
1149 4669 1285 4723 ἀλλά
1308 4669 1442 4724 πολὺ
1477 4671 1537 4724 τὸ
1582 4670 1864 4742 διάφορον.

296 4766 410 4820 Καὶ
438 4763 608 4816 πολλὰ
639 4759 907 4829 πολλαχοῦ
940 4757 1183 4811 τοιαῦτα.

373 4856 431 4908 '0
461 4883 530 4895 -—
546 4870 644 4922 με.
685 4853 800 4906 Οὐκ
834 4853 994 4921 ἀρκεῖ
1025 4849 1134 4920 γάρ
1175 4848 1238 4902 τὸ
1268 4848 1413 4919 ἔχειν
1457 4849 1628 4913 αὐτὰς
1685 4849 1867 4920 μόνον,

295 4947 435 5004 ἀλλὰ
465 4947 571 5018 χρὴ
590 4947 680 5000 καὶ
712 4945 888 4997 ποιεῖν
914 4943 1104 5005 αὑτάς.
1126 4940 1306 4994 Εἰπὼν
1333 4941 1392 4995 δὲ
1421 4941 1579 4995 τοῦτο
1608 4943 1705 4995 καὶ
1729 4941 1868 5008 πρό-

296 5055 477 5110 τερον,
504 5036 652 5104 λέγει
678 5035 808 5089 αὐτὸ
838 5036 932 5088 καὶ
963 5033 1080 5096 νῦν,
1116 5031 1397 5101 ἐμφαίνων
1422 5032 1503 5085 ὅτι
1528 5032 1626 5100 τῆς
1649 5033 1872 5105 ἀγάπης

297 5129 464 5182 αὑτοῦ
497 5131 743 5197 σημεῖον,
775 5127 833 5178 οὑ
875 5127 937 5178 τὸ
979 5126 1209 5192 ἀθυμεῖν
1243 5123 1336 5176 ἐπὶ
1371 5122 1450 5193 τῷ
1482 5123 1747 5195 χωρισμῷ
1774 5126 1873 5178 αὐ.

297 5217 430 5272 τοῦ·
459 5218 618 5270 τοῦτο
648 5217 756 5288 γὰρ
794 5217 996 5278 δειλίας
1032 5215 1232 5284 μᾶλλόν
1269 5215 1452 5268 δστινο
1486 5214 1622 5270 ἀλλά
1663 5216 1728 5272 τὸ
1771 5233 1874 5286 φυ-

301 5308 524 5365 λάσσειν
551 5311 649 5372 τὰς
676 5308 893 5371 ἐντολὰς
915 5307 1100 5362 αὑτοῦ.

385 5400 451 5454 '0
480 5431 549 5441 —
579 5403 786 5456 αὐτόν.
846 5402 957 5455 Kal
1006 5399 1117 5468 ἐγὼ
1164 5399 1238 5460 ὡς
1282 5399 1420 5468 μετὰ
1469 5399 1530 5452 τὸ
1577 5400 1878 5470 ἀναστῆναι

303 5492 694 5554 ἀπκαταστάς
722 5492 802 5553 είς
825 5492 883 5543 τὸ
908 5490 1171 5561 πρότερον
1192 5489 1431 5559 ἀξίωμα.
1463 5489 1605 5558 Ὀρα
1642 5489 1700 5544 δὲ
1744 5492 1878 5546 θαυ-

1970 4599 2027 4644 et
2062 4588 2240 4656 imago
2277 4598 2341 4639 ac
2370 4582 2537 4654 gloria
2583 4580 2682 4635 Dei
2717 4578 2854 4635 :sed
2880 4593 3076 4649 magna
3110 4584 3192 4631 est
3223 4573 3552 4640 din‘ereutia,

1969 4689 2024 4737 et
2048 4677 2217 4732 multa
2242 4673 2407 4729 variis
2433 4673 2489 4728 in
2513 4672 2646 4728 locis
2675 4670 2877 4726 similia
2920 4667 3298 4723 inveniuntur.

2048 4857 2204 4912 Vers.
2244 4855 2334 4909 21.
2370 4853 2472 4919 Qui
2501 4882 2570 4893 —
2596 4869 2698 4907 me.
2729 4850 2914 4920 Neque
2934 4851 3079 4906 enim
3101 4847 3300 4904 sumcit
3354 4861 3416 4903 ea
3440 4855 3560 4902 tan-

1980 4957 2097 5004 tum
2133 4946 2357 5009 habere,
2389 4943 2485 5000 sed
2524 4942 2784 4998 etfacere
2817 4943 2906 4997 illa
2938 4949 3173 5011 oportet.
3211 4938 3346 4994 Cum
3373 4945 3556 4993 autem

1984 5041 2088 5095 hoc
2123 5039 2358 5109 primum
2385 5035 2632 5099 dixisset,
2672 5049 2820 5088 nunc
2861 5047 3079 5087 rursum
3115 5031 3259 5086 idem
3286 5031 3432 5095 dicit,
3465 5044 3559 5084 os-

1983 5132 2216 5189 tendens
2236 5128 2379 5200 quod
2411 5125 2720 5182 dilectionis
2758 5125 2930 5195 ipsius
2969 5124 3178 5194 signum
3216 5137 3326 5177 non
3348 5129 3434 5177 est
3458 5122 3559 5175 do-

1981 5224 2098 5279 lere
2135 5223 2204 5277 de
2242 5218 2584 5290 separatione
2615 5217 2765 5288 ejus;
2803 5232 2931 5272 nam
2963 5215 3017 5270 id
3048 5214 3354 5269 timiditatis
3383 5213 3562 5284 potius

1983 5324 2088 5377 est,
2121 5312 2218 5366 sed
2248 5317 2516 5381 praecepta
2552 5305 2671 5376 ejus
2706 5320 2948 5361 servare.

2056 5401 2212 5458 Vers.
2244 5401 2337 5455 2t.
2374 5399 2477 5465 Qui
2520 5413 2735 5452 --eum.
2765 5397 2832 5451 Et
2862 5411 2984 5467 ego,
3025 5405 3282 5466 tauquam
3317 5401 3443 5463 post
3477 5407 3566 5448 re-

1984 5491 2380 5548 surrectionem
2442 5490 2498 5545 in
2547 5486 2833 5559 pristinam
2885 5485 3174 5542 restitutus
3219 5482 3564 5554 dignitatem.

1465 5663 1663 5727 Varie:
1694 5664 2000 5727 lectiones
2030 5673 2090 5726 et
2123 5671 2311 5728 nota.

382 5763 494 5837 με)
544 5763 944 5835 Ἀποθνήσκων,
985 5766 1024 5817 Α
1036 5804 1050 5822 .
