4108 6348
575 349 716 413 Ῑίθῖ]

1813 345 2196 410 EUTHYMH
2237 341 2599 407 ZIGABENI

3701 334 3842 400 1404

571 460 872 517 Considera
921 475 1052 516 vero
1102 459 1547 531 consequentiam
1602 457 1997 515 admirabilem.
2048 457 2149 524 Qui

2271 457 2466 528 ιαστὴν
2519 451 2876 508 ἀκολουθίαν
2939 454 2996 510 Ὀ
3040 453 3225 526 τηρῶν
3286 452 3388 515 τάς
3437 447 3653 512 ὲντολάς
3711 467 3840 518 μου,

573 563 776 618 servat,
807 553 1002 623 inquit,
1036 560 1302 622 praecepta
1328 567 1470 618 mea,
1493 551 1668 622 diligit
1695 566 1780 605 me
1810 568 1825 604 ε
1851 551 1942 619 qui
1972 557 2154 603 autem

573 644 750 714 diligit
777 659 891 708 me,
921 643 1166 713 diligitur
1196 661 1225 698 a
1260 643 1418 698 Patre
1449 657 1569 697 meo
1595 658 1611 708 ;
1633 656 1795 711 quem
1827 655 1957 695 vero
2003 638 2158 692 Pater

574 737 845 801 dilexerit,
888 746 941 790 et
983 752 1082 807 ego
1114 737 1338 791 omnino
1383 736 1625 803 diligam.
1673 740 1858 803 utpote
1892 731 2159 786 ambObus

574 829 758 881 eadem
784 834 838 880 et
863 826 1172 881 volentibus
1199 835 1251 881 et
1279 824 1730 894 suscipientibus.

646 917 802 975 νοτε.
843 917 937 972 21.
978 917 1047 970 Et
1079 947 1147 960 --
1178 920 1453 985 meipsum.
1491 915 1771 971 Interdum
1805 913 2024 986 quidem
2054 913 2158 967 bu-

575 1026 736 1065 mano
765 1026 936 1073 more,
960 1011 1285 1081 quandoque
1315 1024 1445 1064 vero
1475 1009 1662 1064 divino
1689 1008 1998 1080 splendore.
2049 1004 2161 1066 Hoc

575 1112 752 1155 autem
782 1101 1010 1156 audiens
1039 1101 1205 1155 ludas
1235 1100 1438 1163 Jacobi,
1470 1101 1560 1170 qui
1589 1109 1643 1156 et
1673 1101 1906 1154 Lebaaus
1938 1099 2160 1154 diceba-

577 1203 664 1244 tur
702 1202 757 1245 et
784 1190 1109 1256 Thaddzeus,
1142 1193 1370 1261 putavit,
1415 1191 1560 1262 quod
1608 1192 1774 1247 veluti
1811 1192 2010 1246 mortui
2058 1203 2159 1244 sa:-

578 1287 695 1350 pius
729 1282 959 1344 iaciunt.
993 1283 1046 1337 in
1094 1283 1326 1340 somniis
1376 1283 1829 1340 manifestaturus
1850 1292 1993 1338 esset
2017 1281 2161 1351 seip-

575 1389 717 1427 smn:
773 1374 1004 1444 ideoque
1053 1377 1323 1442 turbatus,
1371 1391 1483 1430 non
1529 1388 1613 1432 est
1642 1393 1823 1456 .ausus
1869 1377 2158 1448 explicare,

574 1465 716 1532 quod
750 1466 983 1528 volebat,
1026 1475 1190 1534 puta:
1229 1465 1326 1521 Hei
1358 1467 1535 1534 nobis,
1571 1468 1696 1537 quia
1720 1469 1993 1535 morieris,
2021 1478 2076 1522 et
2107 1468 2160 1520 in

577 1558 798 1608 inodum
853 1557 1054 1610 mortui
1110 1558 1544 1612 manifestandus
1590 1575 1670 1625 es,
1717 1560 1811 1614 sed
1859 1559 1966 1614 alio
2000 1559 2162 1614 modo

575 1663 673 1716 per
700 1649 1177 1718 interrogationem
1213 1663 1366 1703 suam
1395 1651 1634 1705 ostendit
1670 1651 2054 1706 turbationem.

647 1737 799 1791 νει-ε.
859 1739 1131 1792 22.-Dirit
1170 1771 1234 1783 --
1283 1741 1475 1794 mundo
1503 1743 1526 1794 .9
1559 1743 1698 1806 Quid
1761 1744 1962 1797 factum
2033 1745 2141 1797 est?

2261 556 2426 625 φησὶν
2455 597 2468 621 ,
2503 556 2692 626 ἀγαπᾷ
2729 570 2827 626 με’
2860 554 2889 606 6
2914 552 2970 604 δὲ
3008 547 3239 615 ἀγαπῶν
3283 560 3370 613 με,
3415 538 3844 608 ἀγαπηθήσεται

2260 645 2364 697 61:6
2397 647 2486 698 τοῦ
2521 647 2733 714 Πατρός
2761 663 2863 714 μου
2885 659 2899 673 ο
2963 642 3022 694 δν
3042 639 3099 692 δὲ
3124 636 3403 704 ἀγαπήσει
3435 633 3463 684 6
3495 632 3685 701 Πατήρ
3712 647 3845 697 μου,

2260 737 2352 788 καὶ
2395 734 2506 802 ἐγὼ
2539 737 2809 804 ἀγαπήσω
2835 733 3072 791 πάντως,
3103 727 3177 788 ὡς
3224 723 3550 792 ἀμφοτέρων
3591 721 3657 772 τὰ
3702 718 3850 770 αὐτὰ

2265 823 2528 877 θελόντων
2563 825 2656 876 καὶ
2687 820 3123 891 ἀποδεχομένων.

2331 918 2441 971 Καὶ
2472 947 2540 958 —-
2569 916 2850 986 ἐμαυτόν,
2885 914 3016 966 Ποτὲ
3053 910 3151 977 μὲν
3173 902 3685 974 ἀνθρωποπρεπῶς,
3713 900 3846 953 ποτε

2262 1009 2318 1062 δὲ
2355 1009 2425 1063 δι’
2463 1008 2801 1078 ἐλλάμψεως.
2846 1003 3016 1057 Τοῦτο
3043 1001 3097 1054 δὲ
3136 997 3377 1057 ἀκούσας
3420 995 3623 1056 Ἰούδας
3665 995 3692 1044 6
3741 993 3848 1044 Ἰαο

2264 1101 2341 1155 κώ
2354 1101 2450 1154 6ου
2483 1102 2509 1153 6
2535 1102 2625 1154 καὶ
2644 1098 2904 1160 Δεδὸαἱος
2926 1097 3035 1166 (l3)
3071 1093 3164 1145 καὶ
3191 1091 3449 1151 θαδδαϊος
3478 1085 3842 1152 καλούμενος,

2262 1193 2514 1264 ἐνόμισεν
2552 1192 2657 1253 ὅτι,
2693 1188 2767 1251 ὡς
2827 1190 2874 1240 oi
2938 1186 3125 1256 νεκροὶ
3171 1181 3427 1242 πολλάκις
3473 1181 3531 1230 ἐν
3589 1176 3844 1244 ὀνείροις,

2267 1284 2560 1352 ἔμφανίσει
2618 1281 2833 1335 ἑαυτόν.
2904 1278 3009 1331 Διὸ·
3047 1279 3143 1350 καὶ
3206 1272 3497 1342 συγχυθεὶς
3538 1270 3640 1322 οῦκ
3701 1268 3852 1319 έτόλ-

2269 1392 2412 1445 μησε
2463 1375 2561 1443 μὲν
2625 1375 2800 1426 εἰπεῖν
2857 1371 2884 1423 6
2925 1368 3209 1427 ὲόούλετο,
3240 1362 3352 1418 οἷον
3399 1361 3537 1416 Οὐαὶ
3580 1361 3728 1429 ὑμῖν,
3764 1359 3850 1410 ὅτι

2266 1463 2678 1533 ἀποθνήσκεις,
2736 1463 2832 1515 καὶ
2896 1457 3089 1527 νεκροῦ
3167 1456 3368 1527 τρόπον
3447 1450 3850 1522 ἔμφανίζεσθαι

2267 1556 2485 1626 μέλλεις
2514 1596 2529 1620 ,
2579 1556 2781 1626 ἑτέρως
2817 1552 2873 1606 δὲ
2920 1552 2988 1606 δι’
3039 1551 3360 1620 ἐρωτήσεως
3423 1545 3522 1615 τὴν
3583 1546 3849 1612 σύγχυσιν

2266 1647 2576 1715 ὑποφαίνει.

2338 1739 2508 1806 Λέγει
2537 1768 2606 1779 —
2647 1739 2889 1805 κίσμψ;
2939 1735 3034 1797 T6,
3059 1733 3126 1786 Τί
3153 1733 3381 1800 γέγονες
3429 1727 3842 1797 δυσφοροῦντός

577 1829 812 1898 graviter
842 1829 1070 1883 ferentis
1110 1839 1192 1883 est
1227 1846 1288 1885 ac
1319 1834 1542 1887 turbati.
1573 1835 1714 1898 Quid
1761 1835 1980 1901 accidit,
2011 1836 2155 1904 quod

2271 1834 2380 1891 ἐστι
2419 1800 2514 1885 καὶ
2557 1800 2949 1902 συγχεομένου.
2974 1827 3039 1878 Τί
3072 1824 3420 1894 συμϐέϐηκεν
3450 1823 3533 1876 ὅτι
3581 1821 3718 1890 ἡμῖν
3747 1821 3853 1888 ὲμ-

577 1921 738 1975 nobis
768 1921 1203 1977 manifestaudus
1241 1939 1299 1977 es
1325 1924 1380 1978 in
1431 1927 1676 1992 somniis,
1710 1937 1764 1982 et
1803 1942 1912 1982 non
1957 1929 2162 1982 mundo

577 2023 847 2064 consueto
901 2015 1076 2067 more?
1115 2029 1240 2068 nam
1288 2015 1413 2084 quia
1445 2017 1708 2072 nolebant
1737 2026 1796 2072 ut
1839 2028 2160 2084 moreretur,

578 2101 950 2155 admirandam
984 2120 1050 2156 ac
1076 2104 1424 2174 desperatam
1456 2108 1721 2175 putabant
1749 2117 1977 2162 mortem
2011 2110 2156 2178 ejus.

655 2194 806 2249 Vers.
847 2195 936 2248 25.
977 2195 1261 2263 Respondit
1289 2227 1358 2238 ——
1390 2199 1664 2266 faciemus.
1695 2229 1763 2241 —
1793 2205 1870 2254 Ad
1899 2217 2036 2267 eum,
2071 2202 2164 2271 qui

581 2299 668 2337 nte
704 2285 897 2355 diligit,
958 2301 1057 2356 ego
1085 2297 1137 2341 et
1166 2287 1326 2342 Pater
1358 2290 1640 2353 veniemus,
1675 2291 1778 2346 hoc
1809 2301 1895 2347 est
1923 2331 1936 2356 ,
1966 2295 2042 2347 ita
2062 2308 2162 2362 ap-

582 2373 892 2441 parebiinus
919 2376 1061 2430 sicut
1099 2375 1259 2432 Pater
1294 2394 1470 2444 meus,
1504 2389 1560 2434 et
1602 2396 1712 2436 non
1747 2383 1893 2437 sicut
1941 2384 2163 2450 mortui;

581 2472 628 2514 et
662 2463 982 2517 ntanrionem
1009 2468 1151 2535 apud
1177 2483 1291 2520 eum
1322 2469 1570 2540 faciemus
1592 2487 1610 2524 :
1634 2488 1784 2529 more
1804 2473 1990 2530 divino
2021 2475 2074 2529 in
2101 2490 2168 2529 eo

583 2554 1061 2627 liabitantes,quod
1090 2561 1430 2618 somniorum
1469 2579 1580 2619 non
1615 2575 1721 2621 est.

652 2738 805 2793 Vers.
831 2739 920 2793 24.
950 2739 1050 2805 Qui
1074 2774 1138 2784 —
1162 2743 1361 2801 Patris.
1386 2745 1657 2816 Ostendit,
1686 2751 1831 2819 quod
1858 2751 1903 2807 is
1928 2755 2018 2822 qui
2049 2771 2168 2809 ser»

581 2845 772 2884 itiones
805 2847 931 2887 suos
967 2850 1074 2888 non
1105 2848 1305 2903 servat,
1339 2854 1441 2894 nec
1471 2856 1551 2906 se,
1587 2858 1685 2897 uec
1725 2842 1938 2900 Patrem
1973 2846 2166 2918 diligit.

581 2921 674 2974 Ait
722 2923 891 2977 enim:
930 2923 1032 2988 Qui
1072 2943 1172 2980 nou
1230 2931 1400 3000 diligit
1444 2948 1544 2994 me,
1575 2949 1837 2989 sermones
1872 2953 2008 2990 meos
2067 2955 2167 2992 non

2268 1923 2581 1996 φανισθήσῃ
2607 1925 2664 1974 έν
2690 1920 2943 1990 ὀνείροις,
2967 1918 3062 1970 καὶ
3083 1915 3203 1986 οὐχὶ
3225 1914 3302 1983 τῷ
3356 1914 3546 1982 κόσμῳ
3570 1911 3850 1981 συνήθωςς

2275 2016 2384 2068 ὑπὸ
2425 2015 2534 2082 γὰρ
2561 2013 2656 2065 τοῦ
2700 2012 2774 2082 μὴ
2807 2009 2980 2064 θέλειν
3007 2008 3094 2061 ἴνα
3124 2005 3371 2075 ἀποθάνῃ
3413 2003 3715 2072 παράδοξον
3761 2005 3855 2053 καὶ

2268 2107 2586 2161 ἀνέλπιστον
2616 2103 2783 2174 ᾧοντο
2808 2102 2896 2154 τὸν
2924 2101 3153 2154 θάνατον
3181 2096 3371 2151 αὐτοῦ.

2349 2216 2657 2284 Ἀπεκρίθη
2702 2245 2772 2255 -
2815 2214 3168 2282 ποιήσομεν.
3204 2209 3360 2280 Πρὸς
3391 2209 3499 2261 τὸν
3526 2204 3855 2276 ἀγαπῶν-τά

2262 2323 2340 2378 με
2372 2305 2480 2375 ἑγὼ
2523 2306 2617 2358 καὶ
2663 2305 2690 2357 6
2733 2304 2921 2373 Πατήρ
2967 2318 3069 2370 μου
3111 2299 3515 2368 ἐλευσόμεθα,
3543 2299 3854 2358 τουτέστιν,

2268 2398 2442 2458 οὕτως
2493 2396 2974 2467 ἔμφανισθήσομαι
3022 2392 3097 2456 ὡς
3147 2392 3176 2444 6
3231 2391 3423 2459 Πατήρ
3471 2407 3607 2460 μου,
3643 2389 3739 2442 καὶ
3760 2389 3856 2457 οὐχ

2269 2491 2347 2556 ὡς
2389 2491 2440 2542 οἱ
2488 2488 2692 2556 νεκροί.
2731 2486 2839 2540 Καὶ
2885 2483 3086 2553 μονὴν
3131 2479 3451 2549 παράὑτῷ
3489 2481 3854 2549 ποιήσομεν,

2267 2583 2545 2644 οἰκοῦντες
2579 2581 2637 2632 ὲν
2668 2577 2818 2648 αὐτῷ
2857 2575 3198 2646 θεοπρεπῶς,
3241 2577 3377 2645 ὅπερ
3419 2573 3716 2642 ὀνειράτων
3758 2570 3858 2624 οὐκ

2268 2673 2438 2726 ἔστιν.

2352 2764 2416 2816 '0
2442 2793 2510 2802 —
2538 2762 2787 2831 Πατρός.
2838 2759 3247 2813 Ἀποδείκνυσιν
3295 2759 3376 2811 ὅτι
3424 2759 3453 2810 6
3496 2757 3624 2819 τοὺς
3669 2755 3856 2822 λόγους

2272 2854 2437 2909 αὐτοῦ
2467 2854 2540 2924 μὴ
2563 2853 2764 2923 τηρῶν,
2785 2851 2907 2905 οὔτε
2942 2851 3102 2905 αὑτὸν
3126 2850 3318 2920 ἀγαπᾷ
3343 2847 3466 2901 οὔτε
3494 2848 3582 2900 τὸν
3614 2847 3851 2914 Πατέρα.

2272 2946 2439 3013 Λέγει
2492 2945 2623 3014 γὰρ,
2653 2946 2736 2997 ὅτι
2783 2943 2844 2996 '0
2891 2942 2976 3010 μὴ
3028 2939 3276 3010 ἀγαπῶν
3319 2957 3396 3008 με
3453 2939 3595 3003 τοὺς
3639 2939 3854 3004 λόγους

582 3021 774 3068 servat.
817 3015 949 3078 Qua:
975 3025 1154 3071 autem
1186 3017 1329 3086 dico,
1361 3037 1467 3074 non
1503 3038 1619 3077 mea
1650 3035 1799 3089 sunt,
1837 3029 1932 3081 sed
1983 3027 2165 3083 Patris

2271 3054 2384 3108 μου
2427 3039 2498 3090 οὑ
2551 3035 2737 3104 τηρεῖο
2773 3033 2808 3087 ἀ
2855 3033 2911 3086 δὲ
2948 3033 3092 3100 λέγω
3119 3029 3219 3084 οῦκ
3248 3033 3385 3083 είσιν
3420 3029 3556 3099 ἐμὰ,
3598 3029 3736 3081 ἀλλά
3764 3027 3854 3079 τοῦ

583 3105 718 3158 mei.
754 3104 962 3176 Itaque,
1013 3110 1103 3178 qui
1146 3126 1296 3166 meos
1340 3128 1448 3167 non
1483 3125 1664 3170 servat
1695 3131 1784 3170 ser
1804 3132 2014 3182 mones,
2063 3135 2165 3174 nec

2271 3104 2504 3198 Πατρδς·
2544 3129 2617 3196 μὴ
2649 3125 2832 3196 τηρῶν
2859 3123 2914 3176 δὲ
2945 3125 3069 3184 τοὺς
3084 3122 3279 3190 λόγους
3309 3137 3433 3188 μου,
3464 3120 3524 3172 οὐ
3550 3119 3713 3189 τηρεῖ
3735 3117 3855 3180 τοὺς

584 3195 760 3251 Patris
783 3210 965 3253 servat
997 3203 1279 3256 sermones
1307 3217 1322 3257 ε
1353 3204 1442 3272 qui
1468 3219 1596 3260 vero
1624 3206 1799 3261 Patris
1841 3224 1949 3263 non
1977 3222 2160 3264 servat

584 3301 886 3350 sermones,
907 3306 1083 3361 neque
1101 3293 1316 3350 Patrem
1341 3296 1531 3367 diligit,
1561 3298 1832 3368 siquidem
1863 3301 2170 3358 dilectionis

585 3379 798 3446 s‘gnum
873 3390 956 3436 est
1013 3386 1322 3441 observatio
1371 3402 1815 3460 praeceptorum.
1881 3393 2170 3459 Quomodo

586 3479 768 3524 autem
823 3488 1024 3542 sermo,
1103 3493 1265 3546 quem
1329 3480 1589 3549 loquitur,
1654 3486 1722 3538 sit
1775 3487 1894 3554 ejus
1953 3495 2007 3540 et
2061 3503 2170 3541 non

589 3561 661 3614 sit
685 3563 825 3629 ejus,
853 3565 962 3634 jam
996 3569 1365 3636 praediximus.
1402 3570 1603 3626 Verum
1655 3575 1780 3643 quia
1813 3577 2040 3640 sciebat,
2077 3596 2170 3633 eos

588 3654 835 3720 quaedam
874 3672 981 3710 non
1012 3659 1332 3729 intelligere,
1367 3663 1422 3717 in
1444 3665 1766 3733 quibusdam
1794 3679 1974 3723 autem
1997 3672 2162 3726 etiam

592 3746 871 3814 dubitare,
910 3752 1179 3818 promittit
1221 3762 1274 3807 et
1302 3769 1492 3808 eorum
1536 3773 1657 3826 qua:
1703 3760 2047 3828 ignorabant,
2119 3774 2174 3819 et

589 3853 776 3894 eorum
817 3840 885 3895 de
914 3844 1112 3911 quibus
1143 3847 1513 3916 ambigebant,
1569 3850 2007 3924 intelligentiam.

661 3928 816 3983 Vers.
854 3930 943 3984 25.
987 3932 1113 3986 Ilico
1155 3963 1217 3978 -—
1257 3954 1493 3993 manens.
1517 3971 1586 3980 —
1624 3945 1773 4009 Ha'c,
1801 3961 1921 4015 qua:
1942 3948 2174 4003 obscura

589 4019 866 4076 videntur.
910 4022 1130 4077 Addidit
1157 4036 1337 4083 autem
1379 4048 1391 4084 :
1425 4031 1578 4100 Apud
1619 4050 1706 4088 vos
1743 4053 1976 4103 manens,
2007 4041 2171 4094 etiam

593 4113 721 4166 hinc
750 4116 1041 4170 ostendens
1067 4121 1209 4187 quod
1243 4123 1402 4192 paulo
1432 4135 1552 4194 post
1583 4127 1695 4182 abit
1728 4129 1793 4184 ad
1824 4131 2060 4188 Patrem.

665 4202 816 4259 Vers.
851 4207 940 4261 26.
975 4208 1282 4267 Paracletus
1313 4225 1491 4270 autem
1521 4248 1591 4257 —
1618 4223 1817 4278 omnia.
1865 4223 1996 4290 Quae
2027 4228 2178 4282 vide-

591 4293 732 4364 licet!
753 4297 819 4351 ad
874 4314 972 4353 vos
1009 4306 1372 4374 spectantm').
1425 4307 1656 4364 Nomine
1718 4331 1831 4367 meo
1880 4328 2086 4384 autem,
2123 4321 2176 4376 id

591 4396 675 4440 est
700 4397 757 4440 ut
781 4389 867 4446 hic
900 4406 983 4444 me
1013 4396 1231 4459 referat,
1254 4407 1309 4452 et
1337 4400 1470 4454 meis
1498 4401 1753 4474 fungatur
1785 4407 2014 4465 vicibus.
2038 4412 2172 4468 Nam

2276 3223 2466 3288 ὶόγους
2511 3218 2603 3271 τοῦ
2658 3218 2871 3286 Πατρός
2895 3231 2909 3246 ο
2944 3219 3020 3284 μὴ
3055 3211 3240 3283 τηρῶν
3279 3211 3334 3263 δὲ
3379 3213 3502 3273 τοὺς
3535 3211 3728 3277 λόγους
3766 3210 3853 3262 τοῦ

2275 3312 2520 3381 Πατρός,
2572 3309 2690 3362 οὐδὲ
2742 3310 2832 3361 τὲνν
2891 3307 3110 3373 Πατέρα
3156 3304 3370 3374 ἀγαπᾷ.
3400 3303 3719 3372 Τεκμήριον
3751 3303 3854 3371 γὰρ

2277 3407 2388 3478 (Η)
2421 3404 2637 3473 ἀγάπης
2664 3404 2696 3471 ἠ
2725 3404 2954 3469 τήρησις
2989 3397 3096 3450 τῶν
3127 3395 3382 3448 ὲντολῶν.
3402 3394 3526 3457 Πῶς
3558 3394 3614 3446 δὲ
3650 3399 3678 3446 6
3705 3394 3854 3462 λόγος

2273 3499 2330 3551 ὃν
2358 3496 2620 3567 λέγεικαὶ
2659 3492 2824 3547 αὑτοῦ
2860 3495 2997 3554 ἐστι,
3030 3491 3125 3542 καὶ
3152 3489 3250 3542 οῦκ
3271 3487 3418 3540 ἐστιν
3453 3487 3642 3550 αὐτοῦ,
3677 3504 3856 3556 προειο

2278 3592 2550 3662 ρήκαμεν.
2603 3586 2753 3638 Ἐπεὶ
2791 3583 2847 3636 δὲ
2892 3583 3188 3650 ἐγίνωσκεν
3233 3581 3428 3640 αὐτοὺς
3474 3581 3597 3632 τινὰ
3644 3580 3742 3648 μὲν
3785 3579 3852 3648 μὴ

2279 3679 2585 3739 συνιέντας,
2624 3675 2680 3727 έν
2711 3692 2817 3727 τισι
2859 3673 2912 3726 δὲ
2949 3673 3042 3726 καὶ
3071 3671 3538 3743 ἀμφιϐάλλοντας,
3586 3671 3855 3740 ὑπισχνεῖ·

2276 3787 2365 3822 ται
2389 3770 2480 3821 καὶ
2504 3769 2602 3838 τὴν
2646 3767 2751 3819 τῶν
2779 3765 3167 3835 ἀγνοουμένων
3199 3765 3291 3816 καὶ
3323 3763 3419 3832 τὴν
3455 3763 3564 3814 τῶν
3590 3761 3856 3832 ἀμφιϐαλ-

2276 3860 2527 3930 λομένων
2551 3857 2918 3910 διδασκαλίαν.

2351 3948 2546 4002 Ταῦτα
2587 3977 2658 3986 -—
2683 3948 2905 4014 μένων.
2953 3945 3167 4011 Ταῦτα,
3210 3946 3276 3997 τὰ
3319 3944 3582 3997 δοκοῦντα
3639 3944 3851 4012 ἀσαςιῆσ

2276 4040 2337 4094 τὸ
2399 4039 2455 4091 δὲ
2522 4039 2662 4106 Hap‘
2706 4037 2846 4105 ὑμῖν
2892 4037 3096 4106 μένων
3157 4036 3542 4108 προσέθηκεν,
3585 4038 3854 4105 ἐμφαίνων

2279 4130 2558 4186 κάνταῦθα
2588 4132 2670 4184 ὅτι
2695 4129 2789 4183 τοῦ
2825 4128 3019 4182 λοιποῦ
3067 4130 3254 4184 ἄπεισι
3295 4129 3436 4198 πρὸς
3479 4130 3572 4181 τὸν
3619 4129 3851 4198 Πατέρα.

2362 4221 2422 4274 '0
2447 4221 2516 4274 es
2543 4219 2933 4288 Παράκλητος
2963 4249 3031 4261 —
3063 4220 3287 4274 πάντα.
3326 4218 3409 4272 Τὰ
3451 4221 3857 4291 προσιστάμενα

2281 4313 2412 4382 ὑμῖν
2469 4311 2693 4382 δηλαδή.
2747 4309 2818 4363 Τδ
2869 4310 2958 4374 δι,
3007 4312 3110 4364 Ἔν
3163 4310 3241 4375 τῷ
3293 4311 3541 4379 ὀνόματί
3588 4329 3730 4379 μου,
3779 4313 3855 4374 τλι,

2280 4405 2394 4460 ἀντ’
2441 4404 2598 4473 ἐμοῦ,
2634 4403 2890 4473 σημαίνει
2921 4403 3178 4456 ἐνταῦθα.
3221 4403 3375 4456 Ἐπεὶ
3404 4405 3510 4474 γὰρ
3534 4404 3698 4466 αὐτὸς
3731 4404 3856 4471 πλη-

593 4483 717 4548 quia
753 4483 864 4550 ipse
893 4489 1160 4556 completa
1200 4491 1605 4561 dispensatione
1654 4501 1902 4555 ascendit
1956 4504 2022 4558 ad
2073 4504 2165 4561 Pa-

2286 4496 2466 4567 ρῶσας
2521 4495 2619 4565 τὴν
2678 4496 2998 4564 οἰκονομίαν
3041 4494 3243 4563 ἀνῆλθε
3299 4494 3435 4563 πρὸς
3486 4493 3579 4546 τὸν
3629 4495 3855 4565 Πατέρα,

597 4581 753 4636 trem,
787 4577 1051 4645 reliquum
1075 4589 1192 4636 erat
1227 4591 1284 4636 ut
1317 4585 1435 4639 loco
1464 4587 1582 4656 ejus
1614 4593 1970 4649 descenderet
1995 4596 2174 4664 Spiri-

599 4669 683 4714 tus
711 4677 956 4728 sanctus.
992 4685 1059 4722 ne
1097 4671 1428 4742 Paracletus,
1475 4681 1590 4734 sive
1633 4681 1974 4750 exhortator,
2017 4689 2174 4746 nobis

596 4754 871 4820 deﬁceret,
913 4761 1051 4816 sicut
1077 4764 1153 4816 ait
1191 4765 1483 4838 Gregorius
1522 4746 1849 4845 Tlieolbgus.

671 4846 734 4940 lit
767 4864 934 4916 quare
965 4861 1094 4908 tunc
1116 4871 1227 4910 non
1248 4858 1455 4924 docuit,
1485 4877 1603 4930 qua:
1629 4865 1694 4918 ad
1719 4865 1840 4922 illos
1864 4868 1970 4938 (klt)
2001 4874 2169 4940 perti-

596 4939 826 4993 nebant?
865 4942 1000 5007 Quia
1032 4948 1267 5016 amplius
1308 4951 1450 5008 ferre
1474 4969 1582 5009 non
1617 4966 1886 5028 poterant,
1919 4939 2060 5018 sicut
2089 4966 2145 5021 di
2159 4997 2179 5008 -

600 5039 684 5080 cet
719 5029 772 5080 in
801 5036 1171 5100 sequentibus.

673 5119 824 5178 Vers.
857 5125 948 5180 9.6.
986 5127 1051 5180 Et
1080 5155 1150 5170 —-
1189 5130 1351 5189 vobis.
1397 5133 1704 5193 Periectius
1743 5139 1810 5196 ad
1844 5100 2164 5220 memoriam

2281 4586 2470 4640 λοιπὸν
2495 4587 2610 4638 ἀντ’
2645 4584 2808 4638 αὐτοῦ
2851 4585 3084 4654 κατῆλθε
3119 4585 3180 4637 τὸ
3213 4583 3436 4654 Πνεῦμα
3463 4584 3525 4636 τὸ
3563 4584 3749 4652 ἅγιον,
3779 4586 3857 4636 ἵνα

2280 4677 2637 4747 Παράκλητος
2676 4677 2810 4746 ἡμῖν
2845 4675 2921 4746 μὴ
2960 4673 3145 4747 λείπῃ,
3180 4674 3357 4738 καθώς
3409 4691 3582 4746 φησιν
3629 4678 3656 4729 6
3684 4676 3858 4729 Θεολέ-

2279 4784 2371 4835 γος
2397 4767 2719 4838 Γρηγὸριος.

2348 4860 2458 4912 Καὶ
2487 4859 2629 4912 διατί
2662 4859 2763 4912 οὐκ
2811 4858 2976 4921 αὐτὸς
3019 4858 3224 4925 ἐδίδαξε
3270 4861 3392 4912 τότε
3442 4863 3512 4913 τὰ
3574 4861 3858 4931 προσιστὰ⁴

2276 4967 2448 5021 μινας
2503 4951 2650 5003 Διότι
2699 4949 2800 5002 οὐκ
2854 4949 3120 5020 ἠδύναντο
3175 4951 3468 5020 βαστάζειν
3521 4950 3742 5018 πλεῖον,
3789 4952 3855 5015 ὡς

2275 5043 2481 5112 προῖὼν
2518 5044 2654 5113 ἐρεῖ.

2335 5137 2444 5192 Kal
2478 5135 2712 5205 -ὐμῒν,
2755 5135 3083 5209 ’Δναμνήσει
3112 5134 3446 5190 τελεώτεοον
3491 5138 3854 5207 τελεωτέρους

1833 5319 2032 5382 νοτία)
2067 5319 2374 5384 lectiones
2406 5327 2469 5384 et
2523 5327 2714 5385 notis.

679 5458 791 5533 (l3)
853 5461 1086 5525 Δεὸαῖος
1131 5465 1198 5519 Α.

680 5621 768 5688 (jj)
804 5621 997 5698 Adeo:
1024 5635 1278 5698 spectant.
1316 5625 1399 5698 Τά
1431 5630 1848 5698 προσιστάμενά
1893 5647 2000 5683 τινι
2058 5643 2186 5688 sunt

608 5705 667 5768 ei
698 5707 818 5768 quin
845 5694 1256 5768 alithetn__ntal_e
1288 5694 1509 5754 habent.
1539 5714 1660 5764 qiun
1695 5694 1742 5750 iii
1776 5701 2002 5756 molesta
2032 5715 2179 5768 sunt,

605 5757 664 5813 ἷιι
706 5757 903 5831 Quibus
927 5757 1178 5818 oﬂettdit.
1216 5764 1377 5835 Ergo,
1409 5783 1490 5820 τοι
1515 5757 1798 5828 nlli'nduut.

2374 5472 2483 5543 (lsi)
2513 5474 2600 5536 Δί,
2630 5488 2726 5545 pro
2750 5473 2880 5544 γάρ,
2923 5473 2985 5528 Α.

2370 5633 2479 5697 (Η.)
2541 5630 2668 5697 Qua:
2727 5632 2797 5685 ad
2859 5631 2998 5696 illos,
3065 5629 3136 5685 Ea
3172 5631 3221 5684 in
3282 5632 3484 5700 quibus
3515 5630 3852 5686 edendi-lian-

2296 5711 2401 5756 lttl‘.
