4108 6400
283 402 427 464 1105

1240 397 1627 461 COMMENT.
1674 397 1756 456 IN
1798 397 2179 462 JOANNEM.
2220 425 2287 436 -
2323 401 2483 463 CAP.
2519 403 2672 467 XIV.

3391 406 3528 474 1406

273 515 628 584 γενομένους.
686 513 879 576 ῖΕἰκὺς
929 515 1039 586 (i5)
1090 515 1197 586 γέιρ
1248 515 1446 578 αὐτοὺς
1507 511 1858 566 ἐπιλαθέσθαι

1970 515 2192 570 reducet
2225 516 2324 586 (ﬁ-
2356 518 2775 587 perfectioribus
2823 519 3000 590 factis)
3038 519 3174 575 Nam
3236 521 3531 578 verisimile

273 624 463 661 τινων.

350 697 626 764 Εἰρήνην
662 696 875 764 ἀφίημι
919 695 1084 764 ὑμῖν.
1129 698 1191 749 Οί
1242 697 1340 764 μὲν
1373 694 1524 747 ἄλλοι
1575 694 1850 764 ἄνθρωποι

273 786 721 853 ἀποθνήσκοντες
752 787 1013 856 χρήματα
1055 787 1149 839 καὶ
1187 787 1445 858 κτήματα
1476 789 1591 848 τοῖς
1630 786 1851 848 οἰκείοις

273 880 539 945 ἀφιᾶσιν*
572 882 598 931 ὁ
636 879 691 931 δὲ
726 879 958 946 Χριστὸς
1003 879 1227 948 εἰρήνην
1259 881 1372 941 τοῖς
1407 878 1556 942 ἰδίοις
1603 878 1851 946 ἀφῆκεν,

274 970 520 1038 εἰρήνην,
554 969 612 1020 τὸ
644 967 816 1034 γλυκὺ
846 969 938 1019 καὶ
971 970 1202 1037 πρᾶγμα
1226 969 1317 1020 καὶ
1342 967 1530 1038 ὄνομα.
1566 967 1849 1035 Εἰρήνην,

274 1059 466 1126 φησὶν,
515 1059 726 1126 ἀφίημι
763 1057 929 1127 ὑμῖν,
989 1059 1076 1111 ἵνα
1121 1058 1442 1129 εἰρηνεύητε
1496 1058 1634 1128 πρὸς
1692 1059 1857 1128 ἀλλή-

274 1150 402 1210 λους
429 1148 538 1216 (16)
569 1151 661 1200 καὶ
694 1147 827 1217 πρὸς
866 1149 962 1215 ὲμὲ
988 1165 1002 1178 ·
1032 1149 1125 1200 καὶ
1158 1148 1344 1201 λοιπὸν
1364 1148 1516 1202 οὐδὲν
1534 1149 1680 1218 ὑμᾶς
1707 1151 1740 1219 ἠ
1758 1149 1853 1202 τοῦ

281 1239 493 1305 κόσμου
526 1238 736 1307 ταραχή
766 1238 960 1306 βλάψει
989 1237 1099 1290 οὐδ’
1125 1238 1428 1307 ὲμποδίσει.

350 1329 623 1395 Εἰρήνην
665 1360 734 1369 -
781 1327 946 1398 ὑμῖν.
999 1330 1111 1399 Τὴν
1167 1329 1290 1399 ἐμοὶ
1334 1328 1712 1399 πεφιλημένην
1758 1330 1858 1400 τὴν

273 1423 369 1473 cui.
411 1422 526 1481 τοῖς
564 1421 968 1490 ψυχωφελέσιν,
1009 1423 1069 1476 οὐ
1100 1421 1198 1494 τὴν
1236 1421 1334 1476 τοῦ
1372 1423 1580 1494 κόσμου
1619 1425 1717 1494 τὴν
1762 1424 1858 1476 ἰπὶ

268 1515 382 1575 τοῖς
415 1513 838 1582 ψυχοὸλαόἐσιν.

351 1695 434 1748 Οὐ
467 1695 720 1764 -ὐμῖν,
771 1686 831 1748 '0
869 1696 966 1766 μὲν
1014 1696 1123 1766 γὰρ
1150 1697 1375 1767 κόσμος,
1410 1696 1580 1765 1ίλγουν
1627 1697 1677 1750 οἰ
1728 1713 1860 1750 κοσ-

1953 615 2055 669 cst,
2083 622 2177 662 eos
2203 610 2448 676 qusndam
2486 611 2741 666 oblivioni
2777 612 3082 682 tradidisse,

2055 697 2192 753 Vers
2257 700 2349 752 27.
2402 698 2598 754 Pacem
2666 702 2905 770 relinquo
2954 702 3120 757 vobis.
3151 702 3255 755 Alii
3312 702 3530 772 quidem

1954 786 2206 842 homines
2255 789 2551 844 morientes
2603 792 2860 860 pecunias
2907 807 2970 845 ac
3018 791 3394 861 possessiones
3434 792 3532 847 do-

1955 878 2194 933 mesticis
2225 879 2538 948 relinquunt
2566 896 2580 944 ;
2609 880 2860 935 Christus
2905 896 3034 935 vero
3077 896 3264 949 pacem
3301 880 3415 933 suis
3444 895 3532 933 re-

1955 966 2170 1036 linquit,
2201 985 2411 1038 pacem,
2439 971 2594 1038 cujus
2618 981 2672 1026 et
2695 987 2780 1026 res
2797 982 2850 1026 et
2875 987 3068 1025 nomen
3094 971 3252 1025 dulce
3277 989 3291 1024 ι
3320 971 3534 1036 Pacem,

1956 1057 2156 1128 inquit,
2196 1061 2432 1131 relinquo
2455 1065 2612 1128 vobis,
2643 1072 2702 1117 ut
2726 1065 2930 1134 pacifici
2963 1079 3089 1135 erga
3120 1080 3216 1118 vos
3249 1075 3439 1118 mutuo
3463 1062 3537 1116 si-

1958 1153 2030 1207 tis
2086 1160 2139 1205 et
2185 1168 2310 1221 erga
2341 1168 2445 1215 me,
2479 1155 2626 1207 etita
2679 1154 2832 1208 vobis
2879 1156 3024 1208 nulla
3066 1155 3254 1210 mundi
3301 1152 3540 1207 turbatio

1956 1243 2248 1312 quidquam
2295 1243 2533 1306 nocebit,
2588 1259 2766 1312 neque
2809 1245 3199 1315 impedimento
3255 1247 3376 1300 erit.

2028 1331 2182 1385 Vers.
2231 1330 2321 1385 $7.
2377 1329 2572 1385 Pacem
2600 1362 2671 1372 —
2701 1334 2863 1388 vobis.
2920 1335 3050 1400 Quae
3093 1351 3121 1388 a
3167 1351 3254 1390 me
3307 1351 3541 1405 amatur,

1957 1439 2078 1493 qua:
2123 1434 2345 1493 propter
2375 1425 2465 1478 illa
2500 1442 2616 1494 qum
2657 1427 2854 1480 animae
2898 1437 3151 1498 prosunt,
3195 1432 3538 1488 conceditur:

1958 1527 2069 1566 non
2100 1513 2287 1566 mundi
2328 1527 2516 1582 pacem
2565 1530 2685 1582 qua:
2714 1515 2783 1568 ob
2826 1531 2888 1569 ea
2925 1532 3042 1586 quae
3077 1526 3273 1573 nocent
3325 1520 3540 1586 animae,

1965 1611 2182 1658 servato
2191 1619 2234 1658 Γ.

2033 1695 2188 1751 Vers.
2228 1697 2318 1751 27.
2364 1697 2484 1752 Non
2525 1726 2594 1739 —-
2637 1699 2798 1753 vobis.
2835 1698 3110 1770 Siquidem
3157 1703 3394 1757 mundus
3425 1703 3544 1758 sive

279 1785 420 1852 μικὰ
447 1783 789 1851 φρονοῦντες,
813 1786 1037 1853 εἰρήνην
1066 1784 1301 1837 διδόασιν
1332 1784 1442 1852 (17)
1490 1783 1739 1852 ἀλλήλοις
1767 1785 1858 1839 ἐπὶ

1961 1789 2237 1843 mundana
2269 1789 2566 1856 sapientes,
2603 1806 2791 1860 pacem
2818 1803 3009 1846 mutuo
3037 1794 3167 1848 dant
3199 1795 3326 1849 mali
3355 1811 3542 1850 causa:

273 1874 466 1944 κακῷο
497 1876 606 1942 ἐγὼ
627 1875 682 1928 δὲ
723 1875 949 1945 εἰρήνην
982 1875 1177 1946 δίδωμι
1213 1877 1340 1946 ὑμῖν
1371 1876 1468 1950 ,ἐπ’
1505 1877 1715 1944 ἀγαθῷ.

353 1967 426 2018 Ἦ
478 1967 592 2035 (18)
634 1970 662 2020 ὁ
719 1968 820 2036 μὲν
867 1969 1073 2037 κόσμος
1138 1971 1399 2037 χρήματα
1453 1969 1548 2021 καὶ
1607 1969 1860 2037 κτήματα

269 2056 456 2110 δίδωσι
499 2061 608 2120 τοῖς
665 2059 864 2110 αὑτοῦ·
910 2058 1020 2126 ἐγὼ
1080 2058 1137 2110 δὲ
1191 2059 1418 2128 εἰρήνην
1470 2058 1663 2127 δίδωμι
1730 2059 1858 2130 ὑμῖν

270 2149 386 2209 τοῖς
440 2150 610 2216 ἐμοῖς.
673 2150 827 2202 Ἐπεὶ
883 2149 938 2201 δὲ
999 2149 1059 2201 τὸ
1124 2149 1362 2217 Ἀφίημι
1415 2148 1591 2217 ὑμῖν,
1646 2149 1861 2219 ἀναχώ-

274 2255 440 2308 ρησιν
467 2240 748 2308 ἐμφαῖνον,
780 2238 1045 2309 σύγχυσιν
1075 2239 1297 2292 πλείονα
1325 2240 1508 2302 αὐτοῖς
1543 2241 1854 2309 ἐνεποίησε,

275 2331 450 2400 φησι·

343 2422 441 2489 Μὴ
477 2453 544 2462 —
567 2422 1040 2491 δειλιάτω,⁹ορᾶς
1079 2423 1164 2476 ὅτι
1192 2423 1250 2476 οὐ
1281 2421 1536 2475 τοσοῦτον
1563 2422 1670 2475 ἀπὸ
1707 2422 1858 2492 φιλο-

277 2517 564 2581 στοργίας,
601 2517 724 2568 ὅσον
758 2514 865 2568 ἀπὸ
900 2514 1103 2577 δειλίας
1138 2514 1394 2583 ἔπασχον,
1424 2515 1662 2582 οἰόμενοι
1745 2514 1858 2568 διαο

280 2606 771 2677 σπαραχθήσεσθαι
799 2606 947 2676 παρὰ
976 2605 1084 2658 τῶν
1107 2605 1317 2676 ἐχθρῶν
1343 2604 1532 2659 αὑτοῦ.

350 2777 684 2832 Ἠκούσατε
738 2803 810 2814 ——
839 2772 1014 2842 ὑμᾶς.
1046 2773 1160 2826 Οὐκ
1189 2768 1341 2824 εἰπον
1389 2771 1470 2824 ὅτι
1503 2770 1728 2840 Ὑπάγω
1755 2771 1854 2842 μό-

276 2888 388 2931 νον,
422 2870 537 2922 ἀλλ’
566 2871 646 2922 ὅτι
677 2871 772 2923 καὶ
814 2872 1094 2940 Ἔρχομαι
1133 2869 1282 2937 πρὸς
1330 2867 1510 2937 ὑμᾶς.
1559 2868 1759 2922 Λοιπὸν
1804 2869 1855 2921 τί

274 2961 510 3014 δειλιᾶτε
532 2979 547 3026 ;

345 3055 415 3105 Εἰ
450 3082 515 3092 -
540 3055 789 3121 Πατέρα.
818 3054 1034 3123 Ἐπειδὴ
1064 3051 1216 3107 οὔπω
1261 3054 1387 3124 περὶ
1434 3053 1533 3122 τῆς
1583 3052 1725 3121 ὲμῆς
1757 3067 1856 3102 πε-

1961 1897 2061 1950 ego
2088 1896 2220 1936 vero
2264 1897 2452 1951 pacem
2483 1883 2553 1937 do
2582 1884 2736 1937 vobis
2769 1884 2893 1938 boni
2925 1899 3115 1939 causa.

2029 1969 2137 2023 Aut
2161 1969 2352 2029 aliter:
2384 1969 2618 2024 mundus
2642 1971 2904 2037 pecunias
2943 1987 3004 2025 ac
3034 1973 3405 2039 possessiones
3429 1973 3542 2028 suis

1958 2055 2206 2125 largitur,
2238 2072 2337 2125 ego
2377 2070 2506 2108 vero
2549 2070 2734 2122 pacem
2779 2055 2850 2109 do
2896 2059 3075 2116 vobis,
3109 2060 3200 2127 qui
3246 2060 3349 2112 mei
3383 2060 3543 2114 estis.

1959 2146 2095 2212 Quia
2136 2155 2316 2200 autem
2343 2146 2597 2201 dicendo:
2631 2145 2823 2200 Pacem
2856 2148 3094 2217 relinquo
3121 2152 3282 2215 vobis,
3315 2166 3424 2219 quo
3454 2167 3543 2204 se-

1958 2237 2297 2305 parationem
2338 2235 2632 2303 indicabat,
2662 2237 2923 2306 majorem
2952 2239 3030 2292 eis
3062 2238 3322 2308 iniecerat
3360 2243 3542 2296 turba-

1957 2325 2182 2385 tionem,
2208 2324 2283 2377 ait
2317 2340 2330 2376 :

2040 2412 2195 2467 Vers.
2235 2415 2326 2467 27.
2376 2415 2454 2469 Nc
2510 2447 2580 2456 -
2638 2417 2910 2484 formidet.
2981 2417 3164 2484 Vides,
3218 2419 3364 2488 quod
3433 2435 3545 2474 non

1960 2512 2170 2559 tantum
2224 2507 2425 2560 amoris
2460 2507 2832 2576 magnitudine
2865 2510 3248 2572 mouebantur,
3282 2520 3546 2578 quantum

1957 2595 2249 2652 formidine
2275 2615 2290 2654 :
2319 2608 2590 2667 putantes,
2623 2613 2680 2654 se
2723 2599 3113 2670 discerpendos
3151 2602 3218 2655 ab
3261 2601 3404 2655 illius
3437 2601 3541 2654 ini~

1962 2689 2140 2744 micis.

2027 2780 2186 2836 Vcrs.
2212 2781 2300 2836 28.
2327 2782 2738 2838 Audistis-vos.
2759 2783 2875 2837 Non
2901 2783 3072 2838 solum
3091 2785 3196 2838 dixi
3221 2784 3364 2853 quod
3391 2786 3546 2852 vado,

1957 2875 2049 2930 sed
2084 2876 2249 2930 etiam
2281 2877 2424 2945 quod
2453 2879 2597 2930 venio
2635 2879 2708 2930 ad
2742 2895 2849 2931 vos.
2881 2877 3020 2944 Quid
3055 2893 3183 2945 ergo
3213 2877 3552 2931 formidatis?

2033 3043 2190 3100 Vers.
2237 3044 2326 3098 28.
2377 3045 2438 3098 Si
2468 3076 2535 3084 -——
2578 3045 2812 3099 Patrem.
2843 3045 2977 3109 Quia
3027 3046 3093 3100 de
3135 3062 3251 3101 mea
3307 3046 3547 3100 nondum

275 3142 701 3213 πληροφόρησθε
767 3146 1083 3214 δυνάμεως,
1135 3146 1228 3197 καὶ
1278 3145 1411 3197 διότι
1483 3143 1851 3211 ἀποθνήσκω,

1970 3137 2230 3192 certiores
2260 3137 2383 3191 facti
2419 3137 2548 3190 estis
2577 3137 2837 3206 potentia,
2878 3146 2933 3191 ct
2961 3139 3086 3206 quia
3125 3139 3348 3198 morior.
3388 3147 3548 3205 puta-

276 3232 524 3300 νομίζετέ
581 3251 646 3303 με
705 3233 779 3304 μὴ
831 3234 1091 3288 δύνασθαι
1127 3234 1262 3303 μετὰ
1297 3233 1524 3287 θάνατον
1571 3235 1856 3304 συντηρεῖν

290 3324 477 3392 ὑμᾶς’
533 3326 778 3393 ὀφείλετε
834 3327 1084 3396 χαίρειν,
1145 3327 1227 3378 ὃτι
1287 3320 1474 3386 εἷπον,
1529 3326 1856 3392 Πορεύομαι

282 3415 435 3482 πρὸς
485 3415 590 3467 τὸν
625 3418 875 3484 Πατέρα,
920 3419 1009 3468 τὸν
1051 3417 1352 3484 δυνάμενον
1396 3415 1672 3479 ἐξελέσθαι
1713 3415 1855 3482 ὑμᾶς

281 3508 464 3576 πάσης
494 3507 810 3578 ἐπιϐουλῆς,
833 3509 1140 3570 ἐννοοῦντες
1171 3509 1252 3561 ὃτι
1286 3507 1609 3576 πρεσϐεύσω
1639 3506 1856 3567 πάντως

281 3598 422 3666 ὑπὲρ
447 3599 620 3666 ὑμῶν.

354 3693 476 3744 Ὅτι
504 3725 573 3732 -
599 3692 1056 3757 ὲστί.-Μείζων
1084 3691 1200 3760 μού
1221 3691 1373 3751 ἐστι,
1412 3691 1476 3759 τῇ
1514 3686 1856 3756 δυνάμει,ὠς

282 3785 441 3854 ὑμεῖς
475 3786 705 3849 δοκεῖτε,
739 3787 834 3839 an
878 3784 1345 3855 περιφανέστερον
1381 3783 1435 3832 ὲν
1467 3784 1584 3842 ταῖς
1614 3780 1856 3848 Γραφαίς

279 3878 813 3947 ἀνακηρυττὸμενος.
855 3877 1037 3929 Ταῦτα
1068 3876 1122 3927 δὲ
1158 3877 1334 3928 πάντα
1383 3872 1532 3939 λέγει
1581 3887 1855 3938 συγκατα-

279 3969 483 4020 6αίνιυν
533 3971 597 4038 τῇ
660 3968 922 4036 ὑπολήψει
974 3966 1067 4018 καὶ
1120 3963 1377 4034 ἀσθενείᾳ
1426 3962 1536 4014 τῶν
1577 3959 1852 4030 μαθητῶν,

281 4062 377 4113 καὶ
411 4060 468 4124 ἐξ
500 4059 672 4126 αὐτῆς
704 4059 801 4126 τῆς
835 4060 934 4110 οὑκ
958 4057 1122 4127 ὀρθῆς
1151 4055 1330 4107 αὐτῶν
1357 4051 1672 4120 ὑπολήψεως
1710 4051 1860 4117 ὲλέγ-

281 4170 392 4222 χων
431 4149 652 4212 αὐτούς.
703 4150 859 4202 Κατὰ
887 4151 993 4219 γὰρ
1024 4149 1114 4201 τὸν
1150 4147 1321 4216 ἀληθῆ
1358 4147 1548 4210 λόγον,
1591 4143 1619 4196 ὁ
1671 4145 1860 4214 Πατὴρ
1898 4158 1900 4160 '

283 4241 483 4312 μείζων
517 4241 634 4310 μὲν.
665 4239 871 4292 ἀλλὀὐ
900 4243 963 4308 τῇ
1004 4239 1228 4306 δυνάμει
1251 4253 1264 4267 °
1295 4237 1440 4305 μόνῳ
1476 4234 1532 4286 δὲ
1566 4233 1644 4303 τῷ
1677 4235 1857 4300 αἰτίῳ,

279 4334 362 4384 ὅτι
390 4335 561 4392 αἶπος
603 4333 681 4402 τῷ
714 4331 825 4402 Υἱῷ
869 4332 968 4400 τῆς
1010 4331 1336 4400 γεννήσεως.
1385 4329 1482 4380 Ἐκ
1509 4327 1602 4379 τοῦ
1649 4325 1860 4395 Πατρδς

282 4424 393 4493 γὰρ
423 4427 452 4478 ὁ
485 4423 637 4486 me.

1965 3231 2056 3294 tis,
2092 3245 2177 3283 me
2211 3239 2330 3298 post
2356 3239 2584 3283 mortem
2616 3245 2723 3282 non
2754 3245 2908 3297 posse
2946 3244 3039 3284 τος
3062 3245 3417 3289 conservare:
3450 3230 3547 3284 de-

1963 3324 2103 3377 betis
2138 3333 2313 3376 tamen
2340 3324 2592 3390 gaudere,
2634 3320 2776 3389 quod
2811 3319 3038 3373 dixerim
3089 3338 3104 3372 :
3151 3317 3296 3371 Vado
3339 3322 3407 3372 ad
3441 3318 3550 3372 Pa-

1965 3425 2117 3476 trem.
2145 3415 2237 3482 qui
2272 3424 2464 3482 potens
2499 3422 2581 3465 est
2620 3427 2715 3465 vos
2742 3412 2808 3465 ab
2841 3410 3096 3464 omnibus
3125 3409 3336 3463 insidiis
3367 3410 3548 3479 eripe-

1966 3519 2047 3568 re,
2103 3511 2518 3572 cognoscentes,
2560 3500 2702 3569 quod
2754 3499 2980 3553 omnino
3029 3497 3298 3566 legatione
3357 3496 3552 3565 fungar

1963 3612 2062 3666 pro
2116 3595 2291 3648 vobis.

2035 3687 2189 3742 Vers.
2249 3687 2342 3740 28.
2390 3684 2525 3749 Quia
2553 3714 2624 3723 —
2657 3693 2750 3737 est.
2776 3711 2844 3725 —-
2873 3682 3051 3750 Major
3098 3697 3179 3733 me
3208 3687 3305 3740 est,
3341 3688 3399 3730 ut
3454 3692 3552 3728 vos

1964 3779 2188 3849 putatis,
2224 3786 2478 3845 tanquam
2507 3772 2851 3827 manifestius
2894 3770 2949 3823 in
2977 3767 3272 3834 Seripturis
3307 3766 3548 3834 promul-

1964 3879 2140 3941 gatus.
2173 3868 2296 3922 l‘la-c
2341 3876 2522 3919 autem
2555 3864 2732 3918 omnia
2769 3862 2897 3915 dicit
2923 3858 3206 3928 indulgens
3259 3853 3552 3922 suspicioni

1965 3980 2027 4018 ac
2062 3959 2411 4015 imbecillitati
2445 3957 2677 4010 illorum.
2713 3962 2850 4005 etex
2875 3952 2990 4018 ipsa
3022 3963 3130 4001 non
3168 3952 3318 3999 recta
3353 3958 3546 3996 eorum

1966 4053 2221 4122 opinione
2244 4063 2481 4119 arguens
2503 4046 2644 4099 illos.
2688 4043 2819 4097 Nam
2852 4043 2905 4093 in
2934 4039 3160 4093 veritate
3192 4036 3350 4089 Pater
3381 4033 3553 4102 major

1964 4144 2186 4214 quidem
2231 4151 2334 4197 est.
2391 4148 2446 4192 at
2497 4151 2604 4189 non
2654 4132 2913 4203 potentia.
2971 4128 3064 4182 sed
3117 4129 3233 4181 solo
3293 4124 3548 4193 principii

1967 4235 2148 4299 modo,
2179 4232 2303 4302 quia
2333 4229 2466 4283 Filio
2488 4225 2815 4296 principium
2839 4230 2922 4277 est
2945 4217 3316 4292 generationis
3341 4233 3356 4270 :
3383 4214 3556 4282 siqui-

1967 4329 2089 4384 dem
2121 4343 2185 4380 ει
2221 4326 2376 4378 Patre
2416 4333 2499 4376 cst
2531 4320 2721 4373 Filius.

355 4517 462 4570 Καὶ
489 4546 560 4556 -
599 4517 990 4582 πιστεύσητε.
1039 4514 1251 4585 Εἴρηκα
1297 4515 1426 4584 ὑμῖν
1474 4512 1544 4565 τὰ
1592 4511 1722 4582 περί
1760 4510 1858 4578 τῆς

2037 4511 2190 4565 Vers.
2217 4508 2308 4563 29.
2333 4508 2400 4562 Et
2431 4536 2502 4547 —
2527 4505 2774 4558 credatis.
2803 4501 2923 4555 Diti
2960 4498 3136 4560 vobis,
3164 4510 3284 4564 qua:
3319 4502 3447 4548 sunt
3483 4494 3551 4547 de

285 4604 595 4672 ἀποδημίας
645 4606 736 4656 καὶ
770 4604 934 4658 πάλιν
981 4605 1271 4673 ἐπιδημίας
1325 4620 1456 4673 μου,
1500 4602 1596 4655 καὶ
1634 4600 1704 4652 τὰ
1737 4598 1862 4669 περὶ

284 4693 383 4747 τοῦ
425 4695 586 4749 ἄλλου
626 4695 1004 4764 Παρακλήτου,
1040 4696 1125 4748 ἴνα
1173 4696 1302 4746 ὅταν
1335 4693 1586 4762 γένηται,
1637 4689 1860 4743 πιστεύ-

289 4802 420 4852 σητε
473 4786 553 4836 ὅτι
595 4788 771 4837 πάντα
807 4786 899 4837 καὶ
929 4781 1044 4838 οἰδα
1091 4786 1184 4836 καὶ
1225 4783 1483 4852 δύναμαι.
1534 4782 1722 4844 Οὔτως
1769 4778 1862 4834 οὖν

289 4877 829 4946 παραμυθησάμενος
855 4879 1071 4940 αὐτοὺς,
1106 4876 1269 4928 πάλιν
1309 4875 1455 4942 λέγει
1502 4873 1573 4926 τὰ
1616 4873 1860 4943 λυπηρὰ,

293 4951 657 5038 {fomiqu
706 4969 913 5020 τούτων
962 4967 1257 5036 γυμνάζων
1301 4967 1497 5027 αὐτοὺς
1550 4965 1629 5027 εἰς
1672 4966 1733 5016 τὸ
1789 4963 1864 5033 μὴ

291 5058 660 5126 θορυϐηθὴναι
695 5056 835 5110 κατὰ
883 5058 972 5109 τὸν
1004 5061 1191 5127 καιρὸν
1235 5057 1342 5108 τῶν
1383 5055 1588 5111 δεινῶν.
1637 5055 1710 5108 Τὸ
1754 5056 1864 5125 γάρ

299 5148 669 5215 προτδοκηθὶν
699 5149 1043 5219 ὁμαλώτερον
1068 5149 1222 5201 εἴωθε
1268 5146 1640 5216 προσϐάλλειν.

369 5241 489 5290 Οὐκ
511 5239 599 5291 ἔτι
639 5269 708 5279 -——
743 5239 962 5307 ἅρχων.
1022 5238 1290 5292 Ἐνταῦθα
1338 5239 1540 5306 κόσμον
1585 5236 1682 5305 μὲν
1717 5234 1866 5303 λέγει

292 5329 394 5399 τὴν
423 5331 617 5384 κακίαν
639 5348 652 5361 ·
688 5333 925 5403 ἄρχοντα
949 5331 1006 5385 δὲ
1030 5333 1119 5385 τὸν
1141 5331 1418 5386 διάϐολον⁹
1461 5329 1523 5381 οὐ
1569 5329 1676 5398 γὰρ
1706 5328 1866 5397 οὐρα-

1964 4620 2084 4658 mea
2121 4599 2481 4672 profectione,
2523 4611 2585 4650 ac
2626 4610 2840 4646 rursum
2904 4593 2971 4644 de
3004 4605 3125 4642 meo
3151 4588 3351 4646 reditu.
3378 4595 3434 4639 et
3488 4587 3554 4637 de

1963 4692 2069 4746 alio
2116 4688 2417 4748 Paracleto,
2478 4694 2536 4738 ut
2593 4699 2716 4737 cum
2779 4681 2893 4734 ﬁeri
2953 4679 3221 4743 videritis,
3267 4675 3548 4740 credatis.

1961 4781 2107 4852 quod
2134 4779 2315 4834 omnia
2343 4789 2399 4832 et
2427 4776 2672 4830 noverim
2705 4783 2757 4826 et
2786 4775 3014 4842 possim.
3051 4771 3125 4822 lta
3157 4768 3544 4823 consolaturus

1965 4888 2082 4933 eos,
2118 4885 2336 4923 rursum
2381 4867 2552 4921 tristia
2602 4865 2773 4924 dicit,
2820 4864 3012 4916 horum
3073 4857 3376 4928 frequentia
3439 4856 3558 4906 illos

1966 4979 2248 5027 exercens,
2310 4977 2380 5015 ne
2439 4958 2802 5028 periculorum
2863 4965 3106 5023 tempore
3177 4954 3545 5011 turbarentur,

1967 5055 2232 5126 siquidem
2265 5052 2406 5122 quod
2434 5057 2805 5120 exspectatum
2837 5055 2920 5101 est
2945 5047 3110 5099 levius
3137 5046 3264 5098 ferri
3299 5043 3435 5097 solet

2044 5235 2200 5290 Vers.
2231 5232 2464 5288 SOJam
2501 5249 2602 5284 non
2628 5261 2693 5272 —-
2721 5232 2980 5299 princeps.
3018 5222 3276 5280 Mnndum
3321 5223 3550 5290 appella:

1973 5330 2083 5394 hic,
2139 5327 2436 5390 malitiam;
2494 5321 2797 5393 principem
2860 5333 3010 5383 vero,
3077 5316 3404 5372 diabolum:
3444 5326 3553 5365 non

1493 5511 1690 5573 Variae
1726 5510 2036 5572 lectiones
2079 5515 2140 5570 et
2169 5512 2361 5566 notae.

377 5679 1010 5755 (liil‘lnclnsauterqne
1057 5683 1108 5736 in
1174 5683 1435 5755 margine.
1491 5680 1865 5752 Τελεωτέρους

303 5763 429 5822 γενο
442 5750 630 5822 μένονές
661 5751 918 5822 omiserat
955 5753 1247 5822 interpres.

380 5818 491 5880 (IU)
561 5817 645 5868 Ἐν
678 5817 940 5884 ἀλλήλοις.
979 5823 1042 5875 Δ.

2045 5678 2159 5749 (17)
2179 5675 2549 5749 -Δίδωσιν,ᾐᾼ.
2579 5674 2747 5749 Δΐοιῑιε
2770 5670 3004 5749 διδοζδσιν
3033 5670 3223 5726 voluit.

2047 5741 2156 5821 US)
2177 5747 2308 5802 Post
2336 5748 2369 5818 ἢ
2406 5741 2554 5800 addit
2578 5745 2849 5814 interpres
2883 5741 3078 5804 ἄλλως.
