4108 6382
630 380 655 443 1
669 378 769 441 10⁸1

1862 373 2244 437 EUTHYMII
2288 374 2650 437 ZIGABENI

3753 371 3898 435 1108

626 494 773 548 enim
827 491 967 547 emlo
996 506 1058 547 ac
1082 498 1243 548 terra
1294 490 1629 553 dominatur,
1682 485 1777 541 sed
1828 484 2045 539 malitia
2097 483 2202 552 (lt).

2311 488 2398 544 νοῦ
2425 488 2519 542 καὶ
2550 487 2656 558 γῆς
2698 486 2881 559 ἄρχει.
2944 486 3099 541 Ἐπεὶ
3162 484 3341 539 πάντα
3384 482 3452 537 ἀν
3486 481 3753 551 ἀνέτρεψε
3793 486 3893 537 καὶ

626 587 772 656 quod
821 584 1004 641 omnia
1043 585 1298 641 straverit
1340 599 1403 640 ac
1454 580 1799 664 pervenerit,
1854 577 1975 647 ipse
2026 585 2209 632 autem

626 677 830 731 dicitur
868 676 1035 731 etiam
1077 678 1331 747 princeps
1374 675 1743 729 tenebrarum.
1805 672 1920 726 sive
1980 671 2208 740 peccati.

626 766 717 823 Ait
766 781 935 838 ergo:
975 765 1139 822 Venit
1185 766 1473 821 advenam
1524 780 1611 820 me
1640 763 1890 818 diabolus
1933 778 2055 817 cum
2086 776 2211 831 per-

629 855 807 910 versis
834 852 1059 918 ludatis,
1091 852 1215 909 data
1244 854 1348 909 sibi
1380 868 1412 907 e
1442 854 1690 923 supernis
1740 861 2029 923 potestate.
2070 850 2203 905 Nam

630 958 687 1001 et
720 946 862 1015 apud
908 945 1108 999 Lucam
1157 945 1293 1000 dixit
1340 945 1409 1001 ad
1452 960 1572 1010 eos,
1618 945 1709 1015 qui
1738 959 1797 1000 se
1843 942 2209 1013 comprehen-

626 1037 861 1093 debant:
901 1034 1031 1092 ﬂre
1081 1046 1159 1091 est
1184 1038 1316 1091 liora
1374 1049 1546 1093 vestra
1601 1048 1649 1092 et
1697 1048 1926 1107 potestas
1968 1040 2213 1090 tenebra-

625 1146 742 1183 rum
776 1129 844 1182 ".

699 1216 855 1272 Vers.
888 1219 975 1273 50.
1007 1219 1074 1273 Et
1105 1249 1166 1259 —
1192 1220 1497 1289 quidquam.
1540 1216 1598 1272 in
1622 1217 1744 1273 aliis
1770 1217 1989 1287 quidem
2021 1216 2209 1271 homi-

624 1308 789 1363 nibus
819 1317 1101 1379 peccatum
1132 1318 1215 1364 est
1247 1325 1407 1364 causa
1461 1310 1675 1371 mortis,
1704 1310 1886 1363 nullus
1937 1309 2204 1377 slquidem

624 1398 839 1467 peccati
870 1414 1065 1469 expers
1094 1410 1200 1464 est,
1238 1400 1363 1456 ideo
1400 1400 1581 1454 nullus
1626 1400 1948 1455 immortalis
1973 1417 1988 1465 ;
2013 1400 2066 1453 in
2120 1415 2208 1454 me

626 1504 758 1545 vero
804 1503 913 1543 non
951 1492 1113 1547 habet
1171 1491 1333 1546 ullam
1366 1494 1558 1548 mortis
1613 1507 1831 1547 causam
1866 1509 1881 1556 ;
1914 1505 2014 1562 ego
2063 1492 2211 1545 enim

625 1575 834 1643 absque
862 1586 1089 1645 peccato
1128 1592 1271 1636 sum.
1309 1585 1363 1631 et
1394 1586 1682 1647 propterea
1728 1577 2208 1641 condemnabitur,

625 1665 771 1720 sicut
801 1665 954 1736 prius
986 1666 1205 1722 decimo
1240 1669 1433 1737 quinto
1480 1680 1657 1737 capite
1684 1669 2087 1730 enarravimus,
2118 1669 2208 1722 nhi

625 1756 830 1811 dicitur
857 1776 877 1812 τ
906 1757 1063 1813 Nam:
1078 1760 1341 1829 judicium
1378 1769 1451 1813 est
1479 1760 1633 1829 hujus
1659 1760 1865 1825 mundi,
1897 1776 2035 1813 nunc
2063 1761 2210 1829 prin-

626 1864 743 1918 ceps
771 1850 927 1918 hujus
953 1851 1133 1903 mundi
1154 1851 1398 1919 ejicielur
1419 1853 1565 1920 {oras
1601 1851 1668 1904 ".

699 1933 858 1992 Vers.
890 1939 979 1993 3i.
1016 1936 1119 1993 Sed
1148 1968 1215 1978 —
1238 1939 1478 1994 Patrem.
1511 1939 1619 1995 Sed
1650 1940 1878 2005 morior,
1907 1949 1966 1996 ut
1992 1957 2213 2013 cognos-

626 2035 752 2081 cant
784 2042 1002 2092 omnes,
1061 2029 1206 2097 quod
1242 2030 1460 2100 diligam
1496 2028 1734 2096 Patrem,
1768 2031 2037 2087 obediens
2070 2034 2213 2088 illius

625 2118 890 2173 voluntati
930 2136 945 2183 ;
982 2118 1234 2175 voluntas
1262 2128 1442 2175 autem
1492 2120 1613 2191 ejus
1654 2131 1759 2185 est,
1800 2131 1861 2176 ut
1889 2124 2090 2178 moriar
2114 2138 2214 2193 pro

626 2208 803 2263 salute
823 2209 1131 2263 hominum.

696 2302 853 2357 Vers.
881 2302 970 2356 3i.
1003 2302 1073 2356 Et
1098 2287 1166 2343 -ἶ-
1195 2303 1360 2370 facio.
1397 2302 1467 2359 Ut
1500 2312 1859 2374 cognoscant.
1891 2306 2036 2375 quod
2069 2320 2204 2376 prmo

622 2401 842 2460 ceptum
867 2391 989 2460 ejus
1016 2393 1259 2448 moriens
1292 2394 1643 2465 adimpleam.

692 2481 851 2536 Vers.
888 2481 975 2536 3i.
1008 2481 1240 2554 Surgite.
1273 2500 1454 2539 eamus
1483 2486 1627 2541 hinc.
1673 2487 1876 2543 Videns
1915 2487 2211 2558 discipulos

625 2571 918 2628 admodum
966 2584 1294 2639 metuentes,
1341 2584 1396 2631 et
1450 2591 1509 2631 se
1555 2578 1665 2647 jam
1726 2579 2112 2649 comprehendi
2146 2595 2211 2635 ac

625 2664 858 2719 interﬁci
895 2665 1279 2736 imaginantes,
1320 2677 1375 2721 et
1393 2678 1679 2737 propterea
1704 2670 1895 2725 crebro
1914 2680 2209 2726 retrorsum

627 2771 687 2810 se
748 2756 1139 2817 convertenda,
1203 2772 1311 2810 non
1368 2758 1504 2812 satis
1558 2759 1644 2812 his
1690 2775 1812 2828 quae
1866 2761 2205 2826 dicebantur,

627 2847 912 2901 advertere
945 2862 961 2899 :
994 2846 1266 2917 siquidem
1312 2848 1611 2903 maximum
1640 2851 1747 2904 illis
1771 2865 2030 2922 angorem
2051 2852 2211 2905 indu-

626 2938 809 3002 cebat,
844 2948 961 2993 tum
1017 2938 1172 2993 locus
1225 2938 1497 3014 publicus,
1534 2952 1648 2996 tum
1703 2958 1811 2998 nox
1844 2955 1899 2999 et
1940 2944 2210 3015 praecipue

627 3028 773 3095 quod
820 3028 1091 3083 dixisset:
1138 3027 1289 3082 Venit
1336 3031 1579 3101 princeps
1615 3035 1797 3088 mundi
1834 3036 1902 3099 ’⁸,
1955 3036 2212 3090 trausl'ert

627 3119 751 3172 illos
781 3119 834 3172 in
872 3120 1047 3174 locum
1080 3122 1249 3176 alium
1278 3124 1559 3187 tutiorem,
1594 3140 1704 3194 quo
1732 3126 2109 3188 existimantes
2154 3129 2210 3183 in

2312 579 2629 633 κατέϐαλεν.
2674 578 2734 632 Ὀ
2757 577 2917 638 αὐτὸς
2961 578 3020 631 δὲ
3052 579 3145 630 καὶ
3182 579 3364 647 ἄρχων
3387 574 3481 629 τοῦ
3513 573 3739 635 σκότους
3776 574 3895 628 ὀνο·

2316 669 2567 739 μάζεται,
2602 668 2772 737 ἤγουν
2792 668 2891 736 τῆς
2921 665 3215 736 ἁμαρτίας.
3248 666 3416 735 Φησὶν
3449 663 3544 717 οὖν
3572 664 3655 717 ὅτι
3698 662 3900 731 Ἐρχεο

2312 779 2401 815 ται
2449 759 2741 829 κατίμοῦ
2788 761 2817 813 ό
2854 758 3098 821 διάϐολος
3137 757 3273 827 μετά
3308 758 3417 810 τῶν
3460 755 3715 825 πονηρῶν
3759 755 3891 807 Ἰου-

2312 854 2497 917 δαίων,
2531 850 2777 920 δοθείσης
2818 852 3004 914 αὑτοῐς
3029 850 3274 915 ἐξουσίας
3310 851 3539 904 ἀνωθεν.
3588 844 3746 921 [Eius
3784 850 3893 919 γὰρ

2318 945 2411 997 καὶ
2441 941 2554 1013 (i9)
2588 942 2646 994 iv
2671 941 2750 1009 τῷ
2793 941 2932 995 κατά
2980 942 3192 994 Λουκᾶν
3241 939 3556 1009 [εὐαγγελίῳ
3596 938 3733 1009 πρὸς
3768 938 3895 1000 τοὺς

2315 1032 2786 1101 συλλαμϐάνοντας
2810 1030 2969 1083 αὐτόν
2986 1048 2998 1059 ο
3027 1032 3105 1083 ὅτι
3138 1030 3297 1097 Αὕτη
3328 1030 3496 1099 ὑμῶν
3513 1031 3689 1083 ἐστιν
3715 1028 3752 1091 ἢ
3771 1028 3889 1097 ὥρα

2314 1126 2410 1178 καί
2445 1126 2482 1191 ἡ
2528 1123 2780 1187 ἐξουσία
2821 1122 2928 1175 τοῦ
2957 1122 3239 1186 σκότους.

2390 1216 2495 1268 Καὶ
2544 1243 2606 1254 -
2646 1213 2851 1268 οὐδέν.
2906 1212 3030 1265 Ἐπὶ
3079 1212 3178 1281 μὲν
3207 1212 3315 1264 τῶν
3366 1211 3541 1263 ἄλλων
3593 1209 3895 1279 ἀνθρώπων

2315 1310 2485 1363 αἴτιον
2517 1308 2615 1360 τοῦ
2651 1306 2764 1376 (20)
2797 1306 3025 1358 θανάτου
3052 1302 3359 1374 ηάμαρτία
3377 1318 3391 1332 ·
3428 1302 3602 1363 οὐδεὶς
3628 1303 3736 1370 γάρ
3760 1305 3892 1354 ἀνα·

2319 1401 2616 1468 μάρτητος,
2662 1397 2741 1449 διὸ
2772 1395 2868 1447 καὶ
2899 1394 3074 1456 οὐδεὶς
3106 1393 3374 1455 ἀθάνατος
3394 1407 3409 1422 ο
3440 1394 3498 1443 ὲν
3541 1392 3663 1460 ἐμοὶ
3708 1392 3765 1443 δὲ
3794 1393 3894 1445 οὐκ

2315 1490 2429 1559 εχει
2462 1488 2614 1541 οὐδὲν
2648 1488 2819 1541 αῐτιον
2864 1485 3136 1539 Θανάτου·
3171 1484 3557 1553 ἀναμάρτητος
3604 1484 3714 1552 γὰρ
3760 1483 3893 1550 ἐγώ.

2314 1582 2404 1632 Διὸ
2436 1580 2529 1632 καὶ
2578 1577 3066 1649 κατακριθήσεται,
3117 1574 3323 1647 [καθὼς
3351 1573 3463 1645 (2|)
3514 1574 3897 1645 προεξηγησάο

2317 1671 2456 1741 μεθα
2479 1673 2535 1724 ὲν
2554 1669 2632 1739 τῷ
2649 1668 3118 1737 πεντεκαιδεκάτῳ
3140 1665 3442 1735 κεφαλαίῳ,
3466 1664 3594 1717 ἔνθα
3618 1667 3794 1717 κεῖται
3814 1664 3895 1716 τό·

2316 1761 2451 1815 Νῦν
2505 1761 2706 1829 κρίσις
2755 1756 2886 1811 ἐστὶ
2943 1755 3055 1809 τοῦ
3107 1757 3343 1823 κόσμου
3396 1755 3653 1818 τούτου,
3706 1752 3823 1805 νῦν
3865 1756 3898 1804 ό

2245 1844 2284 1898 Β
2315 1848 2518 1916 ἅρχων
2540 1847 2649 1900 τοῦ
2686 1847 2919 1912 κόσμου
2949 1844 3164 1897 τούτου
3198 1842 3634 1908 ὲκϐληθύσεται
3671 1839 3837 1912 ἕξοι]

2405 1936 2570 1991 Ἀλλ’
2624 1964 2691 1976 ——
2731 1933 2985 2001 Πατέρα.
3055 1931 3192 1985 Ἀλλ’
3221 1930 3572 1997 ἀποθνήσκω,
3609 1930 3692 1981 ἵνα
3727 1930 3898 1996 γνῶσι

2322 2030 2522 2089 πάντες
2558 2028 2639 2079 δτι
2669 2024 2867 2092 ἀγαπῶ
2902 2024 2994 2076 τὸν
3023 2022 3265 2091 Πατέρα,
3298 2021 3592 2075 ὑπακούων
3625 2019 3792 2071 αὐτοῦ
3817 2018 3897 2087 τῷ

2322 2118 2613 2186 θελήματι.
2647 2115 2872 2184 Θέλημα
2902 2114 2959 2165 δδ
2991 2110 3155 2164 αὐτοῦ
3189 2111 3488 2164 ἀποθανεῖν
3518 2127 3585 2180 με
3622 2110 3763 2179 ὑπὲρ
3803 2110 3899 2178 τῆς

2323 2208 2600 2277 σωτηρίας
2626 2207 2735 2258 τῶν
2769 2204 2868 2257 ἀνθ
2877 2204 3097 2274 ρώπων.

2391 2300 2499 2353 Kal
2532 2329 2601 2338 —
2629 2296 2798 2351 ποιῶ.
2831 2298 2939 2350 Καὶ
2979 2298 3065 2350 ἵνα
3092 2297 3290 2363 γνῶσιν
3319 2296 3398 2349 ὅτι
3442 2294 3643 2363 πληρῶ
3672 2293 3774 2362 τὴν
3812 2294 3899 2345 ὲν-

2318 2394 2481 2463 τολὴν
2510 2392 2676 2447 αὐτοῦ
2698 2392 3081 2463 ἀποθνήσκων.

2401 2485 2757 2555 Ἐγείρεσθε,
2790 2484 3027 2553 ἄγωμεν
3059 2482 3361 2537 ἐντεῦθεν.
3391 2481 3617 2534 Βλέπων
3646 2480 3773 2544 τοὺς
3795 2496 3899 2548 μα-

2320 2574 2489 2643 θητάς
2548 2574 2751 2643 σφόδρα
2800 2572 3116 2634 δειλιῶντας
3165 2572 3259 2625 καὶ
3308 2570 3749 2639 ψανταζομένους
3794 2569 3895 2638 ήδη

2319 2642 2446 2728 τοὺς
2479 2642 2920 2734 συλληψομένους
2942 2664 3035 2715 καὶ
3069 2662 3493 2731 ἀναιρήσοντας,
3532 2661 3624 2713 καὶ
3658 2660 3747 2712 διὰ
3772 2658 3895 2711 τοῦ-

2316 2773 2379 2809 το
2425 2757 2603 2809 πυκνά
2645 2755 3224 2825 μεταστρεφομένους,
3271 2756 3367 2806 καὶ
3422 2754 3497 2823 μὴ
3549 2751 3893 2819 δυναμένους

2317 2845 2613 2926 προσέχειν
2630 2847 2743 2907 τοῖς
2762 2845 3073 2914 λεγομένοις
3096 2862 3110 2875 ⁸
3144 2843 3238 2898 καὶ
3268 2844 3375 2915 γάρ
3398 2843 3680 2897 ὶνετιοίουν
3714 2842 3894 2902 αὐτοῖς

2317 2936 2581 3004 ἀγωνίαν,
2608 2938 2703 2989 καὶ
2732 2939 2760 2989 ό
2788 2937 2974 3000 τόπος,
3003 2936 3303 3004 κατάδηλος
3330 2935 3425 2996 ῶν,
3451 2938 3544 2988 καὶ
3577 2937 3609 3005 ἠ
3652 2934 3769 2998 νὺξ,
3800 2933 3894 2984 καὶ

2316 3028 2376 3081 τὸ
2403 3029 2577 3081 εἰπεῖν
2605 3029 2687 3081 ὅτι
2726 3027 3008 3095 Ἔρχεται
3039 3030 3071 3081 ό
3101 3026 3207 3079 τοῦ
3248 3027 3482 3095 κόσμου
3511 3026 3717 3094 ἄρχων
3742 3042 3756 3057 ·
3794 3040 3893 3092 με-

2316 3120 2472 3185 τάγει
2505 3119 2725 3180 τούτους
2767 3122 2845 3181 είς
2897 3120 3080 3189 ἕτερον
3110 3119 3275 3171 τόπον
3319 3118 3748 3186 ἀσφαλέστερον,
3782 3116 3887 3175 ἴνα,

628 3214 744 3264 tuto
773 3224 916 3274 esse,
948 3211 1153 3280 absque
1183 3214 1291 3267 ullo
1340 3223 1488 3269 metu
1518 3216 1771 3271 audirent
1805 3235 1819 3271 :
1854 3234 1978 3272 nam
2014 3234 2205 3291 magna

2315 3212 2635 3281 νομίσαντες
2668 3213 2726 3263 ιν
2770 3211 3039 3281 ἀσφαλείᾳ
3097 3210 3457 3279 καταστῆναι,
3516 3211 3657 3279 μετά
3709 3210 3889 3270 ἀδείας

624 3297 866 3352 audituri
905 3302 1353 3371 crantdngmata.
1392 3303 1598 3359 Deinde
1629 3320 1845 3359 rursum
1881 3306 1994 3361 ait:

700 3478 834 3547 Cap.
892 3478 1009 3532 XV.
1039 3479 1198 3536 Vers.
1256 3483 1307 3537 1.
1364 3482 1478 3554 Ego
1514 3514 1585 3524 —
1624 3502 1769 3541 uera.
1796 3484 1850 3541 id
1875 3501 1957 3543 est
1986 3490 2204 3557 eximia,

628 3565 1081 3637 incorruptibilis,
1113 3571 1417 3639 spiritualis
1451 3592 1463 3626 :
1498 3574 1767 3643 siquidem
1798 3578 1914 3631 haec
1946 3577 2209 3647 frequen-

629 3667 713 3713 ter
738 3658 1010 3728 signiﬁcat
1043 3676 1243 3715 nomen
1279 3663 1554 3731 ἀληθινόν.

698 3750 870 3802 Aliter
897 3766 1113 3819 quoque
1143 3752 1366 3815 dicitur,
1402 3753 1530 3808 Vitis
1559 3770 1705 3819 vera,
1732 3754 1857 3824 quia
1900 3771 1999 3826 pro
2028 3756 2206 3812 fructu

626 3839 837 3909 profert
867 3842 1177 3894 veritatem.

695 3928 765 3983 Se
785 3932 961 4000 ipsum
980 3931 1159 3999 itaque
1180 3932 1345 3986 vitem
1366 3936 1636 4001 nominat,
1654 3946 1842 4008 utpote
1876 3939 2205 4009 praebentem

624 4019 968 4076 dulcedinem
991 4038 1054 4078 ac
1084 4024 1307 4078 humani
1345 4028 1529 4081 cordis
1552 4028 1817 4094 laetitiam,
1843 4031 2012 4100 ipsam
2054 4032 2207 4086 vide-

624 4110 752 4165 licet
780 4113 1245 4180 praedicationem.
1272 4130 1433 4185 quam
1461 4118 1623 4171 etiam
1690 4118 1964 4189 Scriptura
2018 4121 2202 4174 vinum

624 4201 884 4270 appellat,
915 4212 968 4256 et
1014 4213 1273 4273 tanquam
1312 4208 1550 4261 radicem
1596 4208 1992 4279 discipulorum
2036 4230 2049 4264 :
2085 4212 2203 4281 pal-

625 4292 787 4346 mites
824 4308 951 4347 vero
983 4294 1301 4364 discipulos,
1330 4298 1483 4365 quasi
1546 4314 1610 4352 ex
1670 4299 1787 4369 ipso
1837 4301 2205 4371 germinantes

624 4396 879 4437 sermone
904 4384 1187 4446 doctrinae,
1222 4396 1277 4439 et
1304 4402 1403 4455 per
1432 4402 1555 4441 eum
1586 4390 1819 4443 nutritos
1848 4390 1913 4449 ad
1975 4390 2204 4445 fructiﬁ-

624 4472 894 4527 cationem
930 4484 1266 4530 maturorum
1321 4478 1623 4541 botrorum,
1658 4484 1772 4536 sive
1804 4482 2087 4549 virtutum,
2140 4493 2199 4537 ut

623 4573 678 4620 et
702 4565 801 4633 ipsi
836 4565 1083 4619 similiter
1120 4568 1391 4637 praebeant
1421 4570 1605 4624 vinum
1636 4571 1916 4626 doctrinae.

698 4652 852 4709 Vers.
927 4657 1068 4710 i.Et
1119 4657 1371 4712 Paler—
1404 4672 1499 4714 est.
1550 4661 1800 4726 Curator,
1855 4679 1963 4717 non
2016 4675 2197 4718 tamen

622 4746 843 4811 radicis,
878 4748 970 4801 sed
1002 4750 1307 4817 palmitum.
1351 4751 1489 4806 Vere
1547 4758 1661 4807 haec
1687 4756 1812 4808 vitis
1849 4754 2043 4809 eximia
2093 4764 2196 4819 est,

624 4840 677 4890 in
710 4853 814 4909 qua
844 4839 911 4893 de
946 4842 1074 4896 solis
1118 4842 1424 4912 palmitibus
1454 4860 1637 4899 curam
1692 4847 1891 4901 habere
1938 4854 2150 4915 oportet
2183 4864 2197 4914 ;

730 4980 777 5013 ”
798 4980 958 5038 Joan.
986 5000 1096 5052 xw,
1130 4986 1218 5040 i3.
1313 4986 1360 5020 "
1399 4984 1533 5041 Luc.
1566 5001 1698 5053 ειη,
1736 4990 1826 5046 55.
1898 4991 1941 5020 ’⁷
1968 4990 2124 5045 Joan.
2158 4995 2257 5058 xii,
2307 4991 2397 5044 5|.

2311 3303 2610 3358 ἀκούσωσι.
2660 3304 2768 3355 Καὶ
2812 3302 2922 3372 γὰρ
2973 3302 3199 3371 ἔμελλον
3262 3302 3514 3371 μεγάλων
3562 3300 3887 3354 ἀκούσεσθαι

2310 3394 2619 3464 δογμάτων,
2642 3391 2757 3447 εἶτα
2772 3394 2932 3448 πάλιν
2961 3394 3146 3461 φησίν

2395 3483 2543 3551 Ἐγὼ
2606 3512 2678 3525 -
2738 3482 3018 3549 ἀληθινή.
3088 3484 3155 3535 Ἥ
3205 3482 3883 3551 ἑξαίρετος.ήάερθαρτος,

2312 3574 2347 3643 η
2399 3573 2771 3643 πνευματική.
2814 3572 2999 3625 Ταῦτα
3049 3572 3158 3639 γάο
3210 3572 3471 3632 πολλάκις
3528 3573 3589 3623 τὸ
3641 3571 3885 3641 ἀληθινὸν

2307 3663 2474 3733 δηλοῖ.

2382 3755 2516 3826 [Καὶ
2553 3754 2753 3825 ἑτέρως
2796 3754 2907 3824 (22)
2940 3754 2997 3807 δὲ
3029 3756 3326 3823 Ἀρπαλος
3377 3754 3668 3826 ἀληθινὴ]
3719 3757 3752 3825 ἡ
3789 3755 3883 3825 τὴν

2309 3845 2569 3915 ἀλήθειαν
2598 3844 3051 3915 καρποφοροῦσα.

2383 3934 2663 4004 Ἄμπελον
2696 3936 2793 4005 μιν
2816 3932 2909 3990 οὖν
2949 3937 3144 3990 ἑαυτὸν
3171 3938 3445 4008 ὀνομάζει,
3474 3938 3549 4001 ὡς
3580 3939 3883 4009 παρέχοντι

2307 4026 2370 4079 τὸ
2400 4025 2654 4095 νόστιμον
2709 4025 2806 4079 καὶ
2855 4027 3148 4097 εὐφραῖνον
3194 4028 3423 4097 καρδίαν
3457 4028 3749 4099 ἀνθρώπου
3793 4032 3884 4098 ad}-

2309 4133 2517 4187 ρυγμα,
2548 4116 2577 4169 ὃ
2602 4119 2696 4169 καὶ
2724 4113 2865 4170 οἶνον
2904 4118 2937 4187 ἡ
2983 4118 3172 4188 Γραφὴ
3220 4118 3617 4189 προσαγορεύει
3644 4136 3658 4149 ·
3692 4120 3783 4172 καὶ
3808 4120 3881 4174 ὡς

2311 4208 2470 4277 ῥίζαν
2516 4206 2627 4259 τῶν
2661 4206 2922 4277 μαθητῶν
2948 4223 2963 4237 ³
3006 4208 3260 4277 κλήματα
3295 4208 3406 4277 (25)
3440 4208 3497 4261 δὲ
3537 4210 3664 4272 τοὺς
3712 4210 3882 4278 μαθη·

2306 4295 2405 4357 τάς
2454 4295 2526 4356 ὡς
2557 4294 2618 4359 ἐξ
2650 4294 2817 4349 αὐτοῦ
2866 4295 3275 4365 βλαστήσαντας
3308 4296 3387 4367 τῷ
3420 4297 3561 4365 λόγῳ
3600 4302 3700 4368 τῆς
3742 4298 3881 4351 διδα-

2305 4386 2551 4451 σκαλίας,
2586 4388 2676 4439 καὶ
2700 4386 2768 4438 δι’
2803 4386 2969 4439 αὑτοῦ
2993 4388 3356 4457 τρεφομένους
3378 4390 3459 4451 είς
3498 4393 3877 4461 καρποφορὶαν

2308 4480 2551 4550 βοτρύων
2580 4480 2819 4550 ὡραίων,
2845 4482 3022 4534 είτουν
3046 4481 3275 4552 ἀρετῶν,
3294 4485 3387 4534 καὶ
3411 4484 3659 4553 παροχὴν
3678 4485 3874 4552 ὁμοίως

2304 4571 2397 4623 τοῦ
2430 4570 2809 4623 διδασκαλικοῦ
2839 4570 3008 4625 οἴνου.

2376 4662 2489 4733 (24)
2505 4664 2568 4716 '0
2588 4662 3047 4730 Πατὴρ-ἐστιν.
3076 4662 3137 4715 Ὀ
3155 4662 3455 4733 ἑπιμελητὴ
3471 4682 3511 4728 ο,
3546 4662 3686 4732 πλὴν
3701 4663 3761 4717 ού
3780 4663 3874 4731 τῆς

2307 4754 2490 4823 ῥίζης,
2526 4752 2661 4806 ἀλλά
2694 4752 2804 4806 τῶν
2832 4752 3061 4807 κλάδων.
3081 4752 3380 4821 Ἑξαίρετος
3412 4753 3523 4822 γὰρ
3541 4753 3710 4815 ὅντως
3738 4753 3871 4822 αὕτη

2309 4847 2341 4916 ἠ
2380 4845 2646 4914 ἄμπελος,
2681 4845 2822 4897 κατὰ
2852 4844 2977 4905 τοὺς
3020 4842 3246 4906 κλάδους
3278 4844 3440 4912 μόνον
3486 4843 3721 4913 δεομένη
3761 4846 3873 4896 ἐπι-

2507 4988 2554 5022 ⁹⁸
2572 4987 2731 5044 Joan.
2767 5004 2875 5053 xiv,
2906 4986 2997 5042 30.

1817 5140 2013 5203 Variae
2046 5142 2343 5204 lecliones
2376 5148 2437 5205 et
2468 5148 2656 5206 notae.

730 5302 816 5361 i9l
847 5301 1057 5358 inclusa
1115 5305 1312 5361 absunt
1366 5305 1432 5360 Α.

726 5372 818 5435 το)
885 5372 1015 5435 Τοῦ,
1044 5375 1195 5429 abest
1243 5376 1315 5430 Δ.

704 5442 817 5503 (21)
844 5442 1055 5496 Inclusa
1079 5443 1279 5499 absunt
1320 5446 1387 5499 Α.

704 5512 818 5580 (2‘2)
851 5512 1060 5566 inclusa
1081 5515 1280 5567 absunt
1354 5518 1419 5567 Α.

707 5581 821 5651 (23)
867 5581 1057 5651 Ὑμεῖς
1078 5582 1148 5635 τά
1175 5584 1446 5652 κλήματα,
1476 5601 1541 5641 ex
1574 5600 1732 5641 versu
1798 5588 1853 5654 5,
1916 5588 2036 5653 Hic,
2092 5605 2193 5658 pro

2292 5324 2446 5431 inge
2472 5325 2621 5434 Asuo,
2677 5306 2843 5365 infert
2880 5307 3161 5379 Chrysost.
3210 5320 3252 5364 t.
3292 5305 3433 5373 Vill,
3483 5322 3543 5378 p.
3596 5306 3702 5362 μϐ
3792 5304 3856 5368 Β.

2366 5449 2480 5518 (2i)
2504 5448 2660 5513 .Kai,
2680 5456 2807 5503 ante
2834 5449 2862 5501 ὁ
2884 5448 3095 5520 Πατὴρ,
3124 5450 3269 5520 quod
3294 5444 3609 5505 lientenius
3638 5458 3852 5515 expres-

2298 5517 2387 5584 sit,
2421 5527 2616 5573 neuter
2636 5532 2881 5573 meorum
2903 5517 3085 5574 habet.

714 5739 795 5814 χιι)
823 5738 923 5796 Sed
959 5744 1198 5810 malum,
1233 5755 1337 5801 εις.
1376 5746 1653 5817 Siquidem
1688 5749 1870 5803 omnia
1925 5755 2190 5802 everteret
2212 5752 2266 5799 et
2294 5742 2572 5814 dejiceret.
