4108 6390
620 343 753 412 Mil

694 459 850 512 Vera.
881 455 935 510 6.
965 458 1034 511 Et
1064 485 1135 500 --
1157 458 1457 526 conjicienl.
1481 458 1779 514 Gebennas.

687 548 838 602 Vers.
862 549 914 602 6.
945 547 1010 603 Et
1033 551 1309 606 ardebant.
1334 549 1840 612 lnﬂammabuntur,
1863 565 1972 604 non
2004 562 2182 606 tamen

615 639 1024 693 comburentur.
1055 640 1170 693 Non
1199 648 1480 694 manentes
1505 651 1683 694 autem
1712 645 1762 692 in
1796 655 1879 703 se,
1913 641 2048 695 dicit
2070 655 2180 694 non

615 748 710 786 eos
741 734 940 796 solum,
976 734 1066 800 qui
1113 733 1182 785 ab
1215 732 1306 784 illo
1347 741 1477 784 sunt
1520 732 1786 800 amputati
1813 742 1908 786 aut
1937 731 2182 796 abscissi,

616 823 711 874 sed
745 833 799 874 et
834 822 954 874 illos
986 823 1077 888 qui
1125 837 1234 872 non
1270 820 1497 872 ﬁrmiter
1545 836 1669 874 cum
1715 837 1780 874 eo
1839 821 2183 890 copulantur.

691 911 837 964 Vers.
876 911 926 964 7.
959 909 1017 962 Si
1054 940 1109 949 —
1154 911 1313 962 vobis.
1350 909 1492 962 Nihil
1516 915 1664 964 enim
1702 911 1978 981 indignum
2010 919 2178 979 petet,

615 1003 706 1070 qui
741 1001 793 1052 iu
829 1000 918 1052 Dei
961 1002 1242 1067 pnccrptis
1275 1008 1553 1052 versatur.
1585 998 1882 1054 Considera
1917 1015 2044 1054 vero
2082 1001 2186 1054 hoc

616 1105 736 1142 esse
766 1090 1042 1143 Christum
1079 1092 1130 1143 in
1163 1091 1446 1160 discipulis
1487 1105 1732 1152 manere,
1767 1092 1929 1145 verba
1979 1093 2099 1160 ejus
2129 1092 2183 1146 in

616 1180 722 1232 illis
753 1195 996 1243 manere,
1025 1184 1139 1234 sive
1163 1182 1390 1246 servari,
1433 1191 1527 1234 aut
1555 1197 1718 1251 opere
1747 1181 1956 1250 perﬁci.

686 1365 843 1419 Vers.
877 1368 929 1419 8.
959 1364 1023 1419 In
1066 1395 1136 1404 —
1180 1367 1442 1433 alfarotis.
1486 1397 1556 1407 —
1592 1367 1926 1437 Cloriﬁcatus
1955 1380 2049 1434 est,
2082 1369 2186 1425 hoc

613 1467 718 1521 cst,
748 1457 1168 1512 Glorilicabitur.
1200 1456 1267 1511 Ut
1295 1458 1556 1521 all’eratis,
1585 1460 1636 1512 id
1667 1475 1771 1525 est,
1798 1460 1842 1514 si
1871 1462 2182 1516 attuleritis.

615 1549 779 1602 Multa
833 1550 1102 1618 siquidem
1135 1558 1266 1602 sunt
1317 1550 1460 1617 apud
1497 1549 1832 1620 Scripturam
1872 1551 2185 1621 huiusmodi

614 1639 893 1692 idiomata.

687 1730 836 1783 Vers.
872 1731 923 1784 8.
982 1729 1049 1782 Et
1100 1759 1168 1769 —
1225 1731 1495 1794 discipuli.
1551 1729 1786 1784 Perfecti
1851 1731 2182 1789 cﬂiciamini.

615 1815 1024 1871 Observandum
1080 1816 1262 1886 igitur,
1301 1791 1444 1884 quod
1495 1818 1538 1870 is
1579 1819 1670 1886 qui
1726 1818 1970 1873 fructum
2023 1821 2182 1877 aﬂert
2220 1791 2259 1847 Β

616 1910 918 1976 copiosum,
952 1909 1037 1961 hic
1073 1906 1347 1974 perlectus
1374 1905 1603 1962 ellieitur
1634 1907 1838 1962 Christi
1862 1911 2181 1980 discipulus.

615 1995 914 2052 Glorilicari
948 2006 1128 2050 autem
1157 1997 1296 2050 dixit
1327 1995 1544 2051 Patrem
1581 2008 1632 2052 et
1685 1999 1942 2069 gaudere,
1997 2002 2054 2054 in
2089 2017 2184 2056 co-

615 2089 765 2157 piosa
791 2085 1210 2139 lructillcatione
1257 2095 1310 2138 et
1359 2085 1604 2154 perfecto
1644 2087 1968 2156 discipulatu
1997 2088 2185 2157 ipsius,

614 2179 913 2231 adhortans
943 2190 1037 2230 eos
1085 2176 1152 2229 ad
1186 2176 1329 2230 hanc
1363 2191 1500 2240 rem,
1539 2188 1794 2246 tanquam
1839 2177 1906 2232 ad
1937 2177 1990 2232 id
2041 2179 2185 2248 quod

617 2269 844 2323 Domino
871 2278 1079 2338 gratum
1112 2276 1217 2322 est.

689 2354 840 2411 Vers.
873 2359 926 2410 9.
959 2355 1106 2410 Sicut
1157 2389 1230 2398 —
1274 2376 1382 2414 nos.
1429 2360 1508 2414 Eo
1543 2359 1707 2413 modo
1739 2373 1849 2428 quo
1881 2373 1966 2413 me
1999 2359 2188 2414 dilexit

614 2451 796 2514 Pater,
857 2459 1110 2519 tanquam
1177 2452 1429 2506 videlicet
1498 2450 1788 2505 facientem
1846 2451 2184 2506 voluntatem

615 2555 814 2594 suam:
875 2540 946 2593 ita
990 2549 1046 2594 et
1079 2555 1177 2609 ego
1255 2541 1418 2596 dilexi
1487 2555 1602 2605 vos,
1661 2551 1918 2610 tanquam
1975 2543 2188 2597 scilicet

616 2631 874 2685 facientes
906 2631 1236 2684 voluntatem
1266 2647 1462 2686 meam.

686 2718 744 2772 In
794 2721 1235 2790 prmcedenlihus
1281 2723 1497 2790 quidem
1536 2721 1658 2775 data
1692 2729 1776 2777 est
1810 2738 1841 2776 a
1875 2723 2033 2778 nobis
2081 2723 2191 2779 dis-

621 2810 813 2864 tinctio
843 2808 910 2864 de
940 2811 1099 2872 sicut,
1148 2813 1585 2878 quemadmodum
1626 2821 1680 2866 et
1719 2813 2008 2878 similibus,
2044 2815 2189 2884 quod

616 2917 737 2956 cum
755 2901 822 2956 de
835 2901 1013 2963 Patre,
1034 2902 1174 2956 Filio
1205 2917 1266 2956 ac
1287 2903 1492 2972 Spiritu
1511 2913 1702 2958 sancto
1719 2906 1994 2970 dicuntur,
2012 2923 2193 2976 aequa-

617 2993 822 3047 litatem
847 2994 1195 3063 signiﬁcant;
1228 3009 1352 3048 cum
1386 3010 1514 3048 vero
1535 2998 1599 3048 ile
1637 2995 1746 3050 Deo
1769 3005 1826 3051 et
1860 2997 2189 3064 hominibus,

617 3084 1026 3139 similitudinem
1101 3086 1390 3155 designant
1431 3101 1663 3141 :vernm
1720 3088 2019 3144 similitudo
2079 3105 2190 3145 non

617 3177 816 3247 ubique
847 3193 944 3248 per
966 3178 1145 3231 omnia
1179 3178 1406 3247 quadrat
1432 3180 1570 3247 (nn).

689 3266 844 3322 Vers.
879 3268 932 3322 9.
965 3268 1170 3322 Honete
1197 3297 1265 3308 -—
1299 3285 1434 3323 mea.
1465 3271 1700 3326 Rursum
1750 3273 2004 3343 astringit
2063 3274 2187 3328 illos

619 3358 687 3413 ad
712 3373 793 3412 se.

692 3450 843 3504 Vers.
891 3449 978 3504 l0.
1005 3448 1064 3504 Si
1102 3480 1170 3490 —
1223 3451 1519 3506 dilectione.
1553 3454 1618 3507 Et
1647 3454 1923 3524 quomodo
1964 3455 2192 3511 moreris

617 3537 768 3593 velut
797 3539 960 3593 homo
1005 3554 1201 3595 carens
1251 3543 1507 3596 auxilio?
1541 3542 1676 3608 Quia
1706 3543 1822 3598 vult
1871 3545 1976 3599 hoc
2028 3546 2191 3600 Pater

619 3635 677 3680 ct
707 3641 833 3696 ego.
873 3643 973 3696 pro
1029 3629 1312 3684 hominum
1343 3631 1519 3686 salute
1563 3649 1576 3685 :
1609 3633 1734 3701 quia
1784 3633 1924 3689 hanc
1977 3649 2194 3705 quoque

618 3731 733 3770 rem
759 3717 899 3772 duco
928 3718 1177 3788 gloriam.
1213 3721 1364 3775 Sicut
1395 3737 1523 3792 ergo
1554 3737 1654 3793 ego
1682 3722 1914 3779 dilectus
1969 3740 1999 3778 a
2033 3724 2193 3782 Patre

620 3817 800 3862 tamen
829 3827 928 3880 pro
947 3812 1101 3865 vobis
1133 3816 1356 3875 morior.
1409 3815 1488 3868 sic
1516 3825 1570 3868 ct
1594 3831 1687 3870 vos
1721 3818 1792 3870 ita
1819 3833 1848 3871 a
1875 3835 1961 3873 me
1984 3819 2190 3885 dilecti,

621 3900 927 3952 moriemini
965 3908 1142 3954 tamen
1185 3917 1283 3972 pro
1333 3919 1442 3959 me.
1491 3904 1626 3958 Nam
1680 3905 1988 3975 hujusmodi
2042 3924 2188 3964 mors

615 3989 768 4058 juxta
781 3989 1182 4059 beneplacituni
1207 4001 1310 4058 est,
1330 4008 1436 4047 non
1456 4008 1521 4047 ex
1543 3995 1666 4049 odio
1687 4007 1780 4050 aut
1802 3997 2188 4054 imbecillitate.

692 4243 847 4299 Vers.
878 4245 962 4298 ﬂ.
999 4242 1197 4299 Hcc—
1219 4256 1450 4300 maneat.
1481 4245 1604 4303 Haec
1635 4249 1992 4306 consolatoria
2025 4255 2190 4310 verba

621 4335 840 4391 locutus
895 4350 1016 4390 sum
1070 4337 1243 4401 vobis,
1274 4337 1365 4407 qui
1426 4339 1496 4393 ob
1552 4354 1728 4395 meam
1785 4341 2190 4400 discruciaminl

1880 347 2262 410 EUTHYMU
2302 343 2668 409 ZIGABENI

2213 458 2268 519 Α
2360 457 2468 511 Kal
2493 454 2915 520 —.8d.1.lov0‘t.
2951 455 3025 510 Τδ
3059 456 3156 525 τῆς
3185 455 3432 526 γεέννης.

3721 343 3854 411 Πἰὲ

2356 548 2464 602 Kal
2485 547 2732 601 καίεται.
2761 547 2872 601 Καὶ
2891 547 3200 615 φλέγονται,
3223 545 3285 600 οὐ
3311 547 3418 616 μὴν
3440 545 3853 605 κατακαίονται.

2286 639 2360 692 Οὐ
2394 638 2654 707 μινοντας
2685 639 2743 692 δὲ
2777 639 2835 692 ιν
2865 638 3014 708 αὺτῷ
3042 637 3190 706 λέγει
3231 638 3292 690 οὗ
3336 636 3498 707 μόνον
3541 637 3668 698 τοὺς
3719 639 3853 690 ἀποο

2287 730 2555 790 κοπέντας
2605 729 2636 800 ἢ
2685 728 3117 798 ἀποσχισθέντας
3166 727 3354 790 αὑτοῦ,
3403 727 3542 780 ἀλλά
3591 729 3686 779 καὶ
3732 730 3857 791 τοὺς

2291 820 2535 889 μηδόλως
2565 820 2937 888 συναφθέντας
2969 820 3139 889 αὐτῷ.

2371 910 2511 965 Ἐὰν
2541 940 2609 952 -
2641 910 2803 980 ὑμῖν.
2841 910 3008 964 Οὑδξν
3057 912 3166 979 γάρ
3215 909 3435 973 ἀνάξιον
3504 910 3790 978 αἰτήσεται
3831 912 3856 962 ὁ

2287 1004 2406 1064 ταῖς
2456 1002 2697 1066 ὶντολαῐς
2721 1001 2816 1054 τοῦ
2843 1001 2978 1054 Θεοῦ
3026 1000 3543 1071 ιμπνιλιτιυὸμενος.
3577 1002 3778 1053 Σκόπει
3802 1003 3856 1054 δὲ

2289 1095 2372 1147 ὅτι
2397 1093 2559 1148 τοῦτό
2594 1097 2708 1148 ἑστι
2739 1094 2802 1148 τὸ
2841 1096 3026 1164 μένειν
3055 1087 3145 1146 τδν
3176 1095 3416 1164 Χριστὸν
3451 1096 3510 1147 ὲν
3540 1094 3654 1152 τοῖς
3684 1092 3857 1161 μαθηο

2285 1189 2426 1251 ταῖς,
2451 1186 2510 1238 τὸ
2537 1186 2604 1238 τὰ
2641 1186 2866 1256 ῥήματα
2891 1183 3057 1238 αὐτοῦ
3093 1185 3276 1254 μένειν
3323 1187 3382 1237 ἐν
3435 1185 3641 1248 αὐτοῖς,
3678 1184 3853 1236 circus

2285 1277 2593 1345 τηρεῖσθαι,
2633 1275 2996 1344 ἐνεργεῖσθαι.

2372 1366 2469 1421 Ἐν
2492 1397 2562 1408 -—-
2583 1369 2821 1436 φέρητε.
2857 1369 2928 1422 Τὸ
2965 1369 3064 1438 μὲν
3104 1367 3430 1433 ἐδοξάσθη,
3481 1369 3600 1422 ἀντὶ
3628 1366 3742 1430 τοῦ,
3775 1366 3853 1418 δοο

2290 1455 2530 1521 ξάςεται.
2565 1459 2637 1511 Τὸ
2667 1460 2726 1512 δὲ
2774 1460 2874 1511 ινα
2925 1459 3165 1527 φέρητε,
3195 1461 3317 1513 ἀντὶ
3356 1459 3451 1512 τοῦ
3498 1460 3594 1510 ἐὰν
3633 1459 3851 1527 φέρητε.

2290 1549 2469 1602 Πολλά
2501 1551 2610 1620 γὰρ
2643 1549 2868 1604 τοιαῦτα
2897 1550 3166 1620 ἰδιώματα
3193 1553 3345 1620 παρά
3378 1553 3444 1620 τῇ
3474 1551 3689 1619 Γραφῇ.

2359 1733 2470 1784 Kal
2494 1760 2564 1771 -
2569 1733 2854 1801 μαθηταί.
2887 1730 3022 1784 ’Λπα
3034 1729 3413 1800 ρτισθήσεσθε.
3435 1727 3854 1799 Παρατηρητέον

2288 1816 2380 1875 οὖν
2423 1823 2504 1874 ὃτι
2536 1826 2564 1875 ὁ
2601 1823 2812 1893 καρπον
2849 1824 3017 1875 πολὺν
3051 1824 3255 1892 φέρων,
3299 1816 3454 1882 οὗτος
3496 1821 3854 1889 ἀπαρτίςεται

2291 1915 2537 1985 μαθητὴς
2581 1915 2675 1968 τοῦ
2722 1913 2988 1984 Χριστοῦ.
3021 1913 3351 1977 Δοξάζεσθαι
3379 1913 3454 1972 δὲ,
3487 1913 3606 1980 ἦτοι
3647 1910 3854 1978 χαίρειν

2287 2007 2380 2060 τὸν
2411 2008 2630 2076 Πατέρα
2678 2002 2856 2071 εἶπεν,
2890 2011 2947 2059 ὲν
2970 2010 3036 2076 τῇ
3072 2007 3239 2076 πολλῇ
3273 2004 3626 2075 καρποφορίᾳ
3657 2004 3752 2054 καὶ
3779 2017 3858 2052 τεο

2288 2098 2408 2168 λείᾳ
2443 2099 2713 2169 μαθητιίᾳ
2741 2097 2932 2162 αὑτοῦ,
2965 2098 3409 2168 προτρεπόμενος
3440 2095 3639 2156 αὐτοὺς
3684 2093 3774 2143 ἐπὶ
3801 2089 3860 2142 τὸ

2289 2191 2547 2258 πρᾶγμα,
2571 2189 2646 2252 ὡς
2668 2189 2765 2240 ὲπὶ
2795 2187 3158 2240 εὑαπόδεκτον
3187 2186 3265 2256 τῷ
3298 2188 3438 2258 Θεῷ.

2356 2357 2561 2424 Καθὼς
2583 2387 2652 2397 -
2681 2355 2853 2427 ὑμᾶς.
2887 2359 2983 2409 ⁸ον
3011 2357 3208 2428 τρόπον
3231 2358 3488 2427 ὴγάπησι
3515 2375 3583 2430 με
3605 2362 3632 2413 ὁ
3652 2360 3862 2432 Πατὴρ,

2288 2452 2364 2514 ὼς
2401 2450 2654 2504 ποιοῦντα
2701 2449 2906 2520 δηλαδὴ
2939 2453 2996 2502 τι
3026 2449 3241 2520 θέλημα
3273 2451 3440 2504 αὐτοῦ
3468 2466 3485 2482 ·
3529 2451 3676 2506 οῧιω
3707 2453 3860 2521 κάγὼ

2290 2543 2555 2611 ἠγάπησα
2584 2541 2750 2610 ὑμᾶς,
2793 2539 2868 2603 ὡς
2895 2538 3184 2602 ποιοῦντας
3213 2542 3272 2592 τὸ
3301 2541 3512 2610 θέλημά
3540 2559 3665 2610 μου.

2363 2623 2782 2702 Προὸιέστα).ται
2799 2631 2854 2683 δι
2872 2635 3000 2702 ἡμῖν
3017 2634 3096 2684 ὅτι
3113 2632 3173 2684 τὸ
3188 2632 3384 2697 καθὼς
3407 2635 3500 2685 καὶ
3517 2634 3586 2686 τά
3615 2634 3863 2700 τοιαῦτα,

2291 2722 2420 2773 ὅταν
2446 2724 2546 2790 μὲν
2577 2723 2674 2774 ἐπὶ
2699 2721 2792 2774 τοῦ
2823 2721 3034 2791 Πατρὸς
3057 2721 3260 2774 καὶτοῦ
3293 2721 3423 2774 Υιοῦ
3454 2725 3546 2774 καὶ
3576 2723 3669 2776 τοῦ
3708 2724 3860 2791 ἁγίου

2296 2809 2611 2879 ιινεύματος
2634 2811 2924 2878 λέγωνται,
2952 2812 3172 2880 ἰσότητα
3201 2811 3456 2881 δηλοῦσιν
3482 2828 3496 2842 ο
3522 2814 3654 2867 ὅταν
3682 2812 3739 2867 δὲ
3771 2815 3862 2866 ἐπὶ

2294 2899 2428 2953 Θεοῦ
2467 2903 2561 2955 καὶ
2583 2902 2906 2972 ἀνθρώπων,
2950 2906 3243 2974 ὁμοιότητα
3288 2906 3668 2975 σημαίνουσιν
3718 2907 3752 2978 ἡ
3807 2905 3860 2958 δὲ

2294 2992 2550 3061 ὁμοιότης
2584 2993 2644 3045 οὐ
2688 2994 3034 3047 παντάπασιν
3060 2994 3498 3065 ἀπαράλλακτος.

2367 3269 2624 3324 Μείνατε
2648 3299 2718 3310 -
2740 3269 2876 3340 ἐμῆ.
2909 3271 3079 3326 Πάλιν
3113 3273 3430 3345 ἑπισφιγγτι
3468 3276 3688 3341 αὐτούς.

2376 3434 2604 3489 Ἐὰν-
2635 3435 2853 3505 ἀγάπῃ.
2888 3436 2993 3492 Καὶ
3029 3439 3146 3502 πῶς
3189 3441 3575 3512 ἀποθνήσκεις,
3613 3445 3744 3498 ὡσεὶ
3771 3447 3860 3501 ἀν-

2294 3525 2512 3596 θρωπος
2544 3526 2846 3596 ἀϐοήθητος
2876 3546 2891 3595 ;
2925 3532 3070 3582 Διότι
3097 3529 3242 3607 θέλοι
3284 3532 3441 3588 τοῦτο
3475 3536 3572 3588 καὶ
3610 3537 3636 3587 5
3682 3538 3860 3607 Πατὴρ

2294 3616 2450 3684 κάγὼ
2479 3617 2618 3686 ὑπὶρ
2647 3617 2744 3686 τῆς
2777 3619 3052 3689 σωτηρίας
3100 3605 3230 3671 τῶν·
3253 3622 3586 3692 ἀνθρώπων,
3621 3627 3740 3679 ιπει
3769 3605 3857 3679 ...ε

2293 3708 2452 3772 δόξαν
2508 3711 2568 3763 τὸ
2608 3711 2841 3780 πρᾶγμα
2876 3713 3112 3782 ἥγημαι.
3158 3715 3367 3786 Ὠσπερ
3397 3716 3490 3769 οὖν
3525 3718 3662 3786 ἐγὼ,
3697 3721 3860 3781 οὕτως

2294 3800 2666 3870 ἀγαπώμενος
2705 3803 2809 3854 ὑπὸ
2848 3803 2943 3854 τοῦ
2981 3805 3214 3874 υατρὸη
3243 3807 3394 3875 ὅμως
3429 3809 3764 3881 ἀποθνήσκω
3799 3814 3861 3865 δι’

2293 3892 2458 3960 ὑμᾶς’
2489 3891 2632 3946 οὕτω
2655 3893 2751 3945 καὶ
2771 3893 3144 3963 {ipsumtum
3171 3897 3526 3968 ἀγαπώμινοι
3552 3902 3684 3972 παρ’
3709 3902 3859 3972 ἐμοῦ,

2292 3983 2441 4052 ὅμως
2493 3983 2856 4038 ἀποθανεῖσθε.
2909 3986 2978 4038 δι’
3027 3987 3151 4056 ἐμὲ.
3213 3989 3350 4042 Κατ’
3388 3991 3640 4046 εὐδοκίαν
3688 3996 3794 4066 γὰρ
3836 3997 3862 4047 6

2292 4076 2536 4138 τοιοῦτος
2587 4075 2839 4141 θάνατος,
2900 4078 2960 4130 οὐ
3018 4079 3162 4133 κατά
3211 4082 3567 4153 ἀποστροφὴν
3626 4084 3660 4154 ἧ
3705 4087 3862 4140 ἀσθέ-

2293 4181 2468 4220 νειαν.

2369 4255 2566 4312 Ταῦτα
2611 4287 2681 4298 -
2725 4261 2926 4328 μείνῃ.
2972 4260 3160 4314 Ταῦτα
3206 4262 3274 4315 τὰ
3309 4266 3740 4337 παραμυθητικά
3771 4271 3865 4340 pi,-

2298 4365 2446 4419 ματα
2504 4349 2780 4418 λελάληκα
2833 4353 2961 4422 ὑμῖν
3005 4354 3325 4424 ἀνιωμένοις
3376 4359 3468 4408 ἐπὶ
3523 4360 3603 4427 τῷ
3654 4361 3864 4433 Θανάτῳ

621 4439 848 4481 mortem
883 4443 898 4489 ;
935 4436 991 4480 ut
1017 4428 1298 4496 gaudium,
1328 4431 1472 4498 quod
1497 4441 1614 4499 erat
1648 4443 1870 4502 propter
1902 4448 2010 4501 me,
2045 4437 2188 4506 quod

2298 4461 2424 4514 μου,
2463 4443 2551 4497 ἵνα
2602 4445 2636 4514 ἡ
2686 4445 2830 4514 χαρά
2873 4447 2905 4514 ἡ
2958 4444 3024 4496 δι’
3062 4448 3182 4516 ἐμὲ,
3225 4451 3290 4517 ἢν
3335 4449 3583 4519 ἑχαίρετε
3621 4454 3708 4504 ἐπ’
3748 4428 3865 4522 ἐμοὶ

620 4519 687 4572 de
713 4533 801 4572 me
833 4519 1172 4588 gaudebatis,
1231 4520 1408 4575 donec
1461 4521 1790 4577 advenirent
1824 4525 1941 4581 haec
1991 4529 2189 4596 tristia,

624 4625 734 4663 non
765 4621 1182 4680 corrumpatur;
1219 4613 1312 4666 sed
1354 4613 1409 4666 in
1443 4615 1594 4669 \obis
1626 4627 1860 4681 maneat,
1916 4635 2039 4673 cum
2069 4635 2194 4676 cer-

625 4701 790 4754 tiores
813 4702 939 4755 facti
980 4703 1117 4767 sitis,
1149 4703 1292 4770 quod
1322 4719 1424 4756 non
1466 4704 1758 4774 relinquam
1790 4724 1877 4763 vos
1903 4711 2189 4778 orphnnos,

623 4792 715 4845 sed
745 4792 935 4845 iterum
965 4792 1169 4845 veniam
1194 4793 1264 4844 ad
1296 4809 1401 4846 vos.

699 4879 853 4934 Vers.
901 4883 982 4935 ll.
1016 4881 1083 4933 Et
1111 4909 1179 4925 ο·-
1203 4887 1547 4951 compleatur.
1593 4885 1658 4940 Et
1693 4896 1750 4941 ut
1783 4889 2037 4958 gaudium
2094 4906 2194 4946 ve-

626 4979 823 5030 strum.
855 4973 998 5040 quod
1015 4974 1080 5026 de
1102 4987 1188 5026 me
1204 4985 1308 5036 est,
1325 4977 1682 5044 compleatur,
1712 4977 1944 5034 sicutab
1969 4982 2194 5036 exordio

625 5063 745 5131 ejus
775 5064 1190 5130 exspectabalis,
1225 5074 1504 5133 sperantes
1547 5081 1766 5136 semper
1809 5085 2020 5125 mecum
2055 5086 2191 5127 con-

625 5155 854 5207 versari.

702 5241 856 5296 Vers.
892 5244 977 5296 Η..
1015 5241 1130 5298 Hoc
1179 5277 1246 5286 —
1278 5263 1385 5301 vos.
1419 5247 1484 5305 Ut
1521 5248 1757 5319 diligatis
1801 5267 1898 5307 vos
1949 5255 2186 5310 invicem

627 5335 763 5390 adeo
803 5336 1176 5402 vehementer,
1211 5349 1269 5392 ut
1300 5340 1463 5395 etiam
1494 5357 1592 5410 pro
1623 5343 1776 5398 vobis
1805 5346 2036 5401 invicem
2068 5363 2189 5402 nio-

628 5423 842 5478 riamini
881 5439 1027 5497 :ego
1063 5428 1215 5484 enim
1245 5430 1324 5486 sic
1370 5431 1533 5486 dilexi
1590 5448 1707 5500 vos,
1761 5443 1821 5488 ut
1871 5437 2034 5490 etiam
2090 5452 2188 5506 pro

2299 4537 2462 4606 μέχρι
2495 4535 2605 4589 τῶν
2641 4537 2984 4606 σκυθρωπῶν
3027 4538 3253 4601 τούτων,
3284 4541 3358 4610 μὴ
3408 4542 3707 4613 ἀφανισθῇ,
3736 4544 3864 4597 ἀλλὰ

2295 4629 2354 4682 ιν
2379 4628 2509 4695 ὑμῖν
2554 4627 2716 4697 μείνῃ
2749 4627 3256 4696 μεσαιωθιῖσιν,ὁτι
3293 4633 3414 4684 Οὐκ
3461 4633 3682 4700 ἀφήσω
3720 4634 3865 4703 ὑμᾶς

2295 4719 2617 4786 ὀρφανοὺς.
2649 4719 2814 4772 ἀλλὰ
2855 4719 3037 4773 πάλιν
3067 4720 3314 4790 ἔρχομαι
3353 4725 3504 4792 πρὸς
3535 4727 3712 4793 ὑμᾶς.

2381 4904 2489 4956 Kal
2530 4933 2598 4946 -—
2647 4905 2957 4976 πληρωθῇ.
2997 4908 3106 4961 Καὶ
3147 4909 3230 4961 ἵνα
3266 4911 3296 4977 ἡ
3341 4910 3486 4983 χαρά
3534 4913 3749 4984 ὑμῶνή
3784 4911 3865 4965 ἐπ’

2304 4999 2426 5069 ιμοὶ
2470 4995 2757 5066 πληρωθῇ,
2805 4995 2882 5058 ὡς
2941 5000 2998 5048 ὲν
3058 5000 3199 5068 ἀρχῇ
3261 5001 3431 5070 αὐτῆς
3480 5004 3862 5071 προσεδοκᾶτε,

2302 5093 2614 5156 ἐλπίζοντες
2644 5090 2730 5142 ἀει
2765 5105 2857 5159 μοι
2896 5092 3156 5144 συνεῖναι.

2361 5255 2518 5323 Αὕτη
2572 5285 2641 5296 —
2699 5254 2876 5324 ὑμᾶς.
2921 5256 3039 5308 Ἵνα
3100 5258 3350 5325 ἀγαπᾶτε
3415 5261 3686 5331 ἀλλήλους
3731 5261 3865 5314 οὕτω

2297 5346 2561 5416 σφοδρῶς,
2576 5345 2652 5408 ὡς
2669 5347 2762 5398 καὶ
2775 5346 2912 5416 ὑπὲρ
2933 5346 3182 5418 ἀλλήλων
3195 5349 3587 5421 ἀποθνήσκειν⁸
3611 5353 3866 5424 οῧτωγὲιρ

2303 5437 2460 5504 κάγὼ
2483 5437 2749 5505 ἠγάπησα
2767 5437 2934 5508 ὑμᾶς,
2955 5437 3030 5503 ὡς
3054 5440 3149 5493 καὶ
3167 5440 3306 5512 ὑπὲρ
3322 5441 3478 5509 ὑμῶν
3505 5445 3868 5509 ἀποθνήσκειν

1817 5609 2022 5671 Varia)
2058 5608 2370 5675 lectiones
2401 5617 2466 5675 et
2493 5619 2684 5675 nota.

706 5727 819 5798 (nn)
851 5724 1114 5791 Quadral.
1141 5726 1372 5796 Similis,
1400 5746 1508 5786 non
1535 5732 1829 5789 absimilis.
