4068 6384
171 374 315 438 1421
1129 369 1514 430 [ΣΟΜΜΕΝΤ.
1567 369 1641 428 IN
1683 369 1762 428 J0

1883 368 2064 428 NEM.
2094 391 2165 406 -
2204 367 2363 427 CAP.
2404 366 2560 426 XVI.
3303 368 3441 430 112:!

243 487 358 543 Καὶ
415 517 480 526 —-
542 485 667 553 ἐμέ.
716 483 793 535 Δι’
847 480 939 543 οὓς
993 479 1169 534 ταῦτα
1221 479 1618 550 ὑποστήσεσοε.
1652 480 1758 531 Καὶ

1944 478 2093 532 Vcrs.
2129 478 2180 530 3.
2231 475 2297 529 Et
2341 505 2411 514 -—
2461 492 2563 530 me.
2597 473 2828 542 Propter
2860 492 2998 545 quos
3032 478 3145 532 lucc
3195 482 3437 535 sustine—

166 581 336 649 ἀρκεῖ
388 578 516 646 ὑμίν
551 577 630 640 είς
663 572 1010 642 παράκλησιν
1071 572 1130 623 τὸ
1149 571 1220 623 δι’
1249 573 1395 641 ἡμᾶς
1435 571 1607 624 ταῦτα
1660 571 1761 623 πάν

167 687 348 740 σχειν.
371 671 489 722 Οὐκ
523 667 800 736 ἔγνωσαν
825 666 893 718 δὲ
922 667 1026 718 τὸν
1056 664 1288 730 Πατέρα
1308 663 1450 717 οὐδὲ
1473 664 1577 732 ἐμὲ
1612 662 1762 714 ἑκόν-

164 777 288 826 τες,
318 759 393 822 ὡς
424 756 903 818 ὲθελοκακοῦντες.

258 942 434 997 Ἀλλὰ
477 970 548 982 —
597 941 760 1010 ὑμῖν.
823 941 962 1005 Ἵνα,
1007 940 1136 993 ὅταν
1198 938 1327 1008 ἔλθῃ
1364 941 1391 991 ὁ
1420 937 1610 1007 καιρὸς
1659 936 1758 1006 τῆς

164 1032 408 1096 διώξεως
458 1033 549 1084 καὶ
583 1033 918 1100 ἀναιρέσεως
959 1031 1132 1100 ὑμῶν,
1166 1030 1546 1100 μνημονεύητε
1580 1028 1648 1082 αὑ
1662 1029 1761 1080 τῶν

162 1122 246 1180 ὧν
278 1125 342 1195 δὴ
377 1125 488 1196 (Η)
521 1124 797 1194 λελάληκα
829 1125 980 1194 ὑμῖν,
1009 1125 1178 1194 ήγουν
1229 1125 1315 1177 ἶνα
1379 1121 1760 1193 μνημονεύητε

164 1218 254 1269 ὅτι
284 1218 394 1282 ἐγὼ
429 1209 586 1268 είπον
621 1218 749 1286 ὑμῖν
779 1216 984 1278 πάντα,
1011 1218 1088 1278 ὠς
1121 1217 1301 1269 πάντα
1335 1214 1628 1278 είδὼς,καὶ
1673 1215 1763 1267 ἵνα.

166 1307 284 1360 ἀπὸ
317 1307 418 1374 τῆς
454 1305 688 1376 ἀληθοῦς
721 1309 1177 1376 προαγορεύσεως
1210 1307 1317 1359 τών
1356 1306 1468 1376 (45)
1505 1306 1760 1374 σκυθρω-

167 1401 290 1450 πῶν
317 1398 524 1467 ἡγῆσθέ
564 1415 631 1467 με
660 1399 851 1450 πιστὸν
884 1399 980 1451 καὶ
1014 1401 1109 1451 ἐπὶ
1139 1400 1260 1461 ταῖς
1297 1399 1532 1465 ἀγαθαῖς
1584 1399 1763 1466 ἐπαγ-

169 1491 404 1556 γελίαις.
439 1490 497 1540 Ὀ
552 1491 659 1559 γάρ
711 1490 939 1543 ἀπατῶν
974 1489 1034 1541 οὐ
1095 1489 1349 1558 προλέγει
1379 1489 1448 1541 τὰ
1477 1490 1760 1555 ἀπάγοντα

170 1585 268 1644 τῆς
294 1582 407 1651 (46)
436 1582 674 1649 ἀπάτης,
699 1581 838 1634 ἀλλὰ
865 1582 1004 1650 μόνα
1040 1582 1108 1633 τὰ
1133 1581 1386 1634 ἕλκοντα.

245 1751 436 1805 Ταῦτα
462 1751 519 1804 δὲ
551 1752 645 1803 καὶ
674 1751 741 1803 τὰ
765 1750 993 1803 τοιαῦτα
1023 1751 1262 1818 συνεχῶς
1287 1750 1470 1811 αὐτοῖς
1491 1749 1759 1817 ἐπιλέγει.

1869 570 1996 624 bilis
2047 590 2059 624 :
2111 580 2166 625 et
2213 569 2344 624 satis
2387 581 2469 623 est
2505 569 2658 624 vobis
2689 571 2756 622 ad
2801 569 3256 636 consolationem,
3296 573 3443 641 quod

1870 662 1983 715 [nec
2039 671 2261 730 propter
2310 677 2408 715 nos
2450 659 2756 729 patiamini.
2799 658 2919 712 Non
2967 672 3220 714 noverunt
3260 672 3442 717 autem

1867 753 2104 819 Putrem,
2157 769 2320 822 neque
2351 770 2453 817 me,
2492 753 2653 822 idque
2701 753 3026 817 voluntarie,
3064 763 3259 822 sponte
3290 754 3443 808 vide-

1852 846 1993 926 ⁸Ιίεει
2024 846 2293 900 deteriora
2324 854 2621 899 sectantes.

1937 936 2096 991 Vers.
2137 940 2190 992 4.
2226 937 2331 992 Sed
2364 966 2433 976 —-
2462 937 2625 990 vobis.
2681 934 2767 1000 Ut,
2820 949 2943 988 cum
2990 936 3204 990 venerit
3231 945 3446 1003 tempus

1869 1031 2275 1100 persecutionis
2337 1045 2401 1083 ac
2461 1029 2655 1082 mortis
2727 1036 2944 1092 vestrm,
3014 1027 3445 1080 reminismmini

1869 1137 2061 1175 eorum
2115 1138 2236 1190 qua:
2268 1121 2518 1174 videlicet
2567 1121 2786 1174 locutus
2819 1134 2940 1174 sum
2983 1118 3138 1173 vobis
3171 1136 3185 1172 :
3217 1118 3350 1183 sive,
3389 1129 3450 1172 ut

1870 1211 2261 1275 recordemini,
2307 1209 2452 1279 quod
2506 1221 2607 1280 ego
2647 1207 2996 1278 praedixerim
3054 1208 3210 1262 vobis
3264 1208 3448 1262 omnia

1874 1313 2132 1371 tanquam
2189 1302 2441 1355 universa
2487 1315 2876 1371 cognoscens:
2912 1308 2967 1354 et
3010 1308 3128 1353 uta
3175 1315 3302 1354 vera
3358 1303 3454 1354 tri-

1873 1395 2040 1449 stium
2081 1394 2559 1463 pra-nuntiatione,
2619 1392 2830 1446 ﬁdelem
2862 1407 2947 1446 me
2990 1391 3235 1445 habeatis
3285 1393 3448 1446 etiam

1869 1486 1924 1539 in
1956 1487 2223 1540 bonorum
2257 1484 2735 1555 promissionibus.
2763 1482 2897 1536 Nam
2928 1483 3187 1552 deceptor
3219 1484 3306 1554 (tt)
3337 1500 3447 1539 non

1873 1591 1937 1628 ea
1980 1575 2251 1644 praedicit,
2302 1589 2422 1644 quae
2455 1589 2484 1626 a
2526 1572 2854 1642 deceptione
2906 1570 3208 1636 abducunt,
3256 1573 3352 1627 sed
3387 1588 3451 1628 ea

1871 1674 2082 1717 tantum
2120 1681 2242 1732 qua:
2277 1663 2587 1717 attrahunt.

1957 1755 2085 1808 llaec
2110 1771 2238 1809 vero
2262 1764 2320 1809 et
2346 1754 2546 1808 similia
2584 1753 2905 1822 frequenter
2935 1749 3016 1806 eis
3054 1753 3316 1820 inculcat,
3372 1765 3452 1822 ut,

173 1844 287 1905 ίνα,
310 1843 440 1894 ὅταν
471 1842 723 1911 πάσχωσι
750 1843 828 1910 μὴ
857 1839 1218 1911 θορύϐωνται,
1245 1841 1556 1910 προειδότες
1577 1840 1757 1905 τοῦτο,

1869 1848 1994 1903 dum
2019 1849 2163 1919 passi
2198 1849 2425 1912 fuerint,
2450 1864 2561 1902 non
2593 1849 2908 1911 turbentur,
2942 1865 3065 1904 cum
3096 1853 3198 1904 hoc
3230 1852 3454 1919 pra'sci-

172 1933 310 2002 μηδὲ
347 1933 757 2003 μαλακίζωνται
806 1931 1168 2000 γινώσκοντες
1219 1931 1301 1984 ὅτι
1342 1932 1430 1985 διὰ
1479 1931 1570 1986 τὸν
1625 1931 1758 1984 θεὸν

172 2028 472 2094 πάσχουσι.
517 2027 678 2093 Μέγα
709 2025 817 2096 γὰρ
841 2025 1132 2093 φάρμακον
1165 2026 1223 2076 ἐν
1248 2027 1359 2086 τοῖς
1390 2025 1530 2092 ὑπὲρ
1559 2026 1760 2092 ἀρετῆς

166 2118 372 2185 ἀγῶσι,
408 2119 468 2169 τδ
501 2119 793 2184 γινώσκειν
828 2115 968 2185 ὑπὲρ
1003 2116 1146 2178 τίνος
1179 2119 1206 2168 ὁ
1231 2113 1408 2183 ἁγών.
1452 2117 1563 2168 Καὶ
1610 2117 1758 2185 ἡμᾶς

167 2210 288 2271 οὖν,
323 2210 466 2278 ὑπὲρ
497 2206 663 2261 καλοῦ
699 2208 1027 2277 πάσχοντας,
1047 2206 1485 2277 παραμυθείσξιω
1511 2208 1570 2260 τὸ
1593 2206 1757 2276 γινώ-

170 2315 328 2350 σκειν
359 2299 439 2349 ὅτι
474 2297 616 2366 ὑπὲρ
643 2297 809 2349 καλοῦ
839 2297 1124 2366 πάσχομεν
1150 2313 1163 2327 ’
1193 2299 1243 2348 εί
1275 2297 1385 2364 γὰρ
1425 2297 1564 2366 ὑπὲρ
1616 2299 1757 2364 ἀγα-

172 2387 351 2456 πητοῦ
382 2404 464 2448 τις
494 2389 718 2456 πάσχων
761 2387 963 2458 χαίρει,
1009 2387 1191 2456 πολλῷ
1246 2388 1449 2456 μᾶλλον
1486 2387 1628 2458 ὑπὲρ
1664 2387 1759 2441 τοῦ

168 2477 311 2530 Θεοῦ
343 2479 435 2529 καὶ
466 2477 606 2546 ὑπὲρ
632 2477 852 2546 ἀρετῆς.

248 2569 442 2622 Ταῦτα
477 2601 539 2609 -
568 2568 750 2636 ἤμην.
778 2570 902 2622 Ὅτι
925 2569 1047 2639 μεθ’
1073 2570 1229 2642 ὑμῶν
1257 2573 1349 2625 καὶ
1375 2573 1476 2625 οὐκ
1505 2574 1759 2642 ἐμέλλετε

168 2662 321 2715 οὕτω
355 2661 566 2722 παθεῖν,
597 2662 704 2725 ἕως
751 2661 871 2729 μεθ’
925 2661 1080 2732 ὑμῶν
1131 2663 1302 2732 ήμην.
1344 2663 1458 2716 Νῦν
1486 2663 1543 2716 δὲ
1589 2664 1763 2718 ταῦτα

170 2755 340 2820 λέγω,
362 2751 496 2804 διότι
529 2751 840 2822 χωρίζομαι
879 2753 1055 2823 ὑμῶν,
1087 2754 1184 2807 καὶ
1210 2753 1526 2821 ἐγγίζουσιν
1557 2755 1660 2824 ήδη
1696 2756 1762 2809 τὰ

168 2843 329 2895 δεινὰ
365 2843 514 2912 ὑμῖν.

245 2935 358 2986 Καὶ
391 2935 497 3003 μὴν
525 2933 620 2986 καὶ
647 2932 706 2998 ἐξ
736 2935 932 3004 ἀρχῆς,
986 2935 1076 2987 ὅτε
1110 2935 1371 2988 ἐκάλεσεν
1415 2937 1635 3001 αὐτοὺς,
1669 2938 1764 2991 καὶ

170 3024 281 3097 [εἰς
323 3025 431 3095 (Π)
450 3025 753 3096 ἀποστολὴν
789 3025 1026 3098 ﬁngam]
1082 3020 1236 3079 εἶπεν
1267 3027 1452 3092 αὐτοῖς
1515 3029 1627 3098 (48)
1681 3031 1764 3082 ὅτι

183 3116 348 3171 Ἰδοὺ
378 3116 494 3186 ἐγὼ
515 3117 878 3172 ἀποστέλλω
913 3117 1068 3187 ὑμᾶς
1093 3117 1172 3184 ὡς
1194 3119 1461 3185 πρόϐατα
1501 3119 1572 3172 ἐν
1595 3121 1764 3188 μέσῳ

1867 1942 2299 2010 verintzneque
2354 1949 2670 2010 torpescant
2729 1943 2988 2008 scientes,
3039 1943 3182 2012 quod
3232 1951 3455 2010 prOpter

1864 2032 2034 2086 Deum
2067 2033 2282 2100 passuri
2337 2033 2467 2086 sint.
2520 2030 2773 2102 Magnum
2836 2033 3106 2104 siquidem
3150 2036 3454 2086 remedium

1863 2136 1948 2178 est
2006 2126 2092 2178 bis
2124 2125 2217 2194 qui
2249 2140 2347 2194 pro
2379 2127 2578 2179 virtute
2618 2124 2925 2190 decertant,
2967 2139 3299 2196 cognoscere
3355 2141 3455 2195 pro

1863 2232 1972 2286 quo
1996 2217 2067 2270 sit
2097 2228 2400 2271 certamen.
2441 2217 2508 2271 Et
2536 2217 2696 2270 nobis
2757 2233 2886 2288 ergo
2943 2234 3041 2287 pro
3099 2219 3332 2272 honesto
3363 2234 3457 2287 pa-

1867 2306 2130 2360 tientibus
2160 2306 2522 2362 consolationi
2552 2307 2642 2371 sit,
2695 2322 3028 2374 cognoscere
3051 2310 3197 2376 quod
3230 2325 3330 2376 pro
3361 2313 3457 2362 lio-

1863 2409 2023 2453 nesto
2079 2401 2200 2469 (uu)
2231 2401 2492 2468 patimur.
2544 2398 2679 2451 Nam
2730 2399 2772 2451 si
2807 2415 2906 2468 pro
2941 2398 3144 2454 dilecto
3184 2402 3304 2468 quis
3342 2413 3457 2470 pati

1864 2490 2082 2556 gaudet,
2114 2489 2287 2543 multo
2315 2489 2497 2559 magis
2531 2504 2632 2558 pro
2663 2487 2773 2541 Deo
2798 2498 2854 2542 et
2883 2504 2984 2557 pro
3017 2489 3240 2544 virtute.

1939 2578 2094 2634 Vers.
2128 2581 2182 2636 4.
2221 2581 2348 2634 ΙΙαέ
2375 2610 2444 2621 -—-
2490 2597 2659 2634 eram.
2693 2581 2832 2646 Quia
2885 2581 3164 2636 vobiscum
3198 2597 3349 2635 cram
3401 2593 3457 2635 et

1867 2670 1940 2724 ita
1972 2673 2187 2740 passuri
2222 2687 2329 2725 non
2374 2671 2562 2733 eratis,
2597 2670 2839 2738 quandiu
2905 2671 3183 2730 vobiscum
3250 2688 3451 2727 esseni.

1865 2761 2024 2816 Nunc
2055 2774 2240 2816 autem
2273 2763 2390 2817 litec
2448 2763 2595 2823 dico.
2641 2763 2770 2831 quia
2802 2777 3028 2832 scparor
3074 2779 3102 2816 a
3163 2765 3336 2829 vobis,
3401 2774 3458 2818 et

1864 2852 1976 2920 jam
2015 2857 2221 2906 instant
2251 2853 2408 2907 vobis
2438 2853 2700 2918 pericula.

1940 2942 2104 3010 Atqui
2159 2943 2324 2996 etiam
2358 2942 2428 2996 ab
2478 2941 2660 3006 initio,
2705 2957 2829 2996 cum
2891 2942 3109 2997 vacavit
3145 2958 3260 3008 eos,
3299 2951 3354 2998 et
3403 2944 3458 2997 iu

1871 3031 2239 3102 aposwlatum
2291 3030 2585 3096 ordinavit,
2635 3031 2774 3086 dixit
2812 3033 2893 3086 eis
2929 3049 2946 3087 :
2980 3032 3114 3087 Ecce
3169 3051 3261 3102 ego
3309 3037 3459 3088 mitto

1870 3139 1979 3186 vos,
2016 3131 2270 3193 tanquam
2322 3139 2439 3176 oves
2473 3125 2530 3176 in
2579 3123 2748 3176 medio
2796 3123 3037 3190 luporum
3080 3126 3143 3179 “.
3177 3126 3244 3180 Et
3280 3143 3294 3180 :
3325 3128 3460 3182 Tra-

167 3208 545 3263 λύκωνοκαὶ
597 3208 681 3260 ὃτι
737 3205 1216 3276 Παραδώσουσιν
1266 3206 1422 3276 ὑμᾶς
1470 3209 1556 3272 εἰς
1583 3209 1762 3262 συνέο

1872 3216 1993 3269 dent
2024 3232 2114 3270 vos
2141 3219 2211 3269 ad
2241 3217 2490 3283 concilia,
2518 3224 2568 3269 et
2591 3217 2645 3268 in
2673 3219 2947 3286 synagogis
2978 3220 3090 3272 suis
3117 3218 3459 3274 verberabant

169 3297 333 3364 δρία,
359 3297 457 3349 καὶ
504 3297 576 3350 ἐν
613 3297 744 3361 ταῖς
790 3297 1170 3366 συναγωγαῖς
1224 3298 1425 3351 αὐτῶν
1464 3297 1765 3367 μαστιγώο

170 3405 408 3443 σουσιν
461 3387 635 3461 [ὑμᾶς
660 3404 675 3420 ⁸
709 3389 818 3460 (49)
852 3391 948 3443 καὶ
1013 3391 1094 3442 ὅτι
1134 3389 1266 3442 Ἐπὶ
1315 3391 1615 3459 ἡγεμόνας
1665 3393 1764 3445 καὶ

164 3479 461 3546 ⁴βασιλεῖς
492 3467 839 3549 ἀχθήσεσθε
875 3480 1090 3534 ἕνεκεν
1119 3482 1264 3550 ἐμοῦ
1294 3499 1308 3511 ·
1329 3487 1417 3534 καὶ
1480 3481 1562 3534 ὅτι
1594 3483 1767 3535 "Eae-

171 3578 290 3627 σθε
309 3573 665 3640 μισούμενοι
687 3572 807 3627 ὑπὸ
833 3572 1074 3625 πάντων
1131 3571 1227 3624 διὰ
1261 3573 1325 3624 τὸ
1373 3572 1564 3640 ὄνομα
1606 3591 1727 3642 μου
1749 3591 1764 3604 ·

174 3665 279 3716 καὶ
338 3663 421 3715 ὅτι
456 3664 550 3730 Μὴ
575 3663 846 3732 φοϐῆσθε
887 3665 1006 3717 ἀπὸ
1047 3661 1166 3716 τῶν
1185 3664 1666 3718 ἀποκτεινόντων
1698 3666 1765 3718 τὸ

175 3755 408 3827 σῶμα·]
441 3760 532 3808 καὶ
562 3757 732 3810 πολλὰ
770 3755 1020 3810 τοιαῦτα.

253 3849 377 3912 Πῶς
416 3844 510 3901 οὖν
548 3844 701 3901 εἶπεν
749 3849 832 3902 ὅτι
883 3848 1074 3904 Ταῦτα
1126 3848 1269 3918 ὑμῖν
1301 3849 1368 3912 ἐξ
1419 3849 1613 3918 ἀρχῆς
1653 3851 1766 3904 οὐκ

177 3936 356 3994 εἷπον
379 3955 398 4004 ;
425 3940 572 3992 Διὸτι
603 3939 834 3993 ἐνταῦθα
864 3941 926 3992 τὸ
967 3940 1160 3993 Ταῦτα
1219 3941 1384 4009 ἔτερα
1423 3941 1554 4010 παρ’
1580 3943 1765 3992 ἐκεῖνα

177 4032 352 4102 δηλοῖ,
370 4035 512 4101 φημὶ
543 4031 608 4102 δὴ
641 4033 733 4084 τό·
771 4031 924 4085 Ἀλλ’
976 4033 1214 4098 ἔρχεται
1242 4030 1386 4098 ὥρα,
1411 4031 1590 4083 εἵτουν
1640 4031 1765 4098 Ἐγ-

177 4123 326 4192 γίξει
351 4139 365 4152 ·
403 4123 495 4174 καὶ
528 4122 586 4173 τό
607 4137 621 4152 ο
662 4121 797 4176 Ἵνα
844 4123 964 4187 πᾶς
996 4125 1027 4175 ό
1058 4121 1422 4186 ἀποκτείνας
1451 4117 1610 4188 ὑμᾶς
1643 4117 1766 4191 [δό-

176 4214 258 4280 ξῃ
284 4213 396 4284 (3.0)
430 4213 715 4280 λατρείαν
734 4212 1100 4283 προσφέρειν
1125 4213 1204 4279 τῷ
1235 4212 1405 4284 Θεῷ.]
1435 4212 1622 4265 Ταῦτα
1655 4212 1763 4283 γὰρ

177 4307 280 4361 νῦν
320 4301 474 4360 εἶπεν
515 4307 723 4369 αὐτοῖς,
752 4306 1110 4376 φοϐερώτερα
1139 4307 1364 4359 ἐκείνων
1397 4306 1550 4359 ὄντα.

248 4398 383 4452 Νῦν
418 4426 475 4437 .-
514 4395 800 4467 ὺπάγεις;
845 4396 985 4451 Ἰδὼν
1046 4397 1247 4461 αὐτοὺς
1297 4396 1475 4462 οὕτως
1521 4398 1627 4451 ὑπὸ
1664 4398 1764 4466 τῆς

1871 3324 1982 3372 vos,
2043 3318 2090 3361 et
2125 3309 2195 3360 ad
2259 3323 2398 3379 reges
2434 3318 2482 3360 et
2518 3309 2764 3377 prmities
2799 3309 3062 3362 ducemini
3115 3325 3338 3378 propter
3377 3329 3458 3366 me

1871 3411 1919 3454 et
1976 3401 2122 3452 eritis
2175 3400 2296 3452 odio
2355 3399 2525 3452 habiti
2578 3404 2644 3452 ab
2695 3399 2934 3454 omnibus
3005 3413 3219 3470 prapter
3267 3422 3452 3459 nomen

1872 3507 2044 3543 meum
2079 3491 2143 3544 ¹³.
2182 3490 2470 3560 Itemque:
2506 3489 2586 3544 Ne
2605 3491 2746 3544 vobis
2787 3493 2852 3546 ab
2903 3492 2982 3546 liis
3035 3494 3340 3560 timueritis,
3369 3500 3458 3567 qui

1873 3584 2111 3636 occidunt
2145 3599 2334 3651 corpus
2367 3583 2430 3648 “,
2456 3598 2520 3638 ac
2555 3585 2724 3637 multa
2759 3584 3096 3653 bujusmodi.

1943 3847 2232 3912 Quomodo
2266 3862 2396 3918 ergo
2421 3847 2534 3900 ait:
2570 3845 2700 3902 llwc
2734 3849 2876 3902 vobis
2908 3849 2972 3901 ab
2994 3849 3148 3902 initio
3176 3867 3278 3904 non
3306 3852 3416 3905 dixi
3435 3856 3460 3908 1’

1871 3937 2011 4004 Quia
2041 3939 2209 3994 dictio
2235 3939 2363 4004 hazc,
2406 3939 2459 3991 in
2492 3939 2744 4008 praesenti
2781 3941 2885 3993 alia
2911 3941 2980 3995 ab
3015 3942 3124 3996 illis
3142 3943 3411 4013 signiﬁcat
3443 3963 3455 3999 ε

1869 4031 1993 4085 dico
2024 4033 2195 4095 'sane,
2231 4032 2326 4085 sed
2354 4031 2499 4085 Venit
2547 4031 2660 4084 sive
2699 4034 3096 4103 appmpinquat
3153 4047 3373 4104 tempus,
3406 4055 3456 4090 ut

1874 4123 2105 4192 quisquis
2136 4124 2459 4194 interfecerit
2506 4139 2617 4183 vos,
2651 4123 2896 4175 videatur
2957 4126 3155 4177 cultum
3204 4137 3459 4194 prwslare

1874 4214 2016 4269 Dea:
2040 4230 2163 4267 nam
2188 4216 2304 4270 hinc
2330 4214 2467 4270 dixit
2496 4228 2665 4279 nunc,
2692 4228 2812 4283 qua:
2840 4218 3283 4284 praecedentibus
3303 4232 3459 4275 erant

1870 4306 2324 4361 formidabilium.

1943 4404 2099 4459 Vers.
2138 4404 2191 4458 5.
2228 4402 2382 4456 Nunc
2408 4433 2475 4446 --
2508 4405 2666 4459 abis?
2699 4405 2903 4459 Videns
2960 4420 3056 4460 eos
3117 4405 3170 4459 in
3246 4415 3455 4460 tantum

176 4491 425 4560 ἀθυμίας
464 4490 1037 4556 καταπαλαισθέντας,
1061 4492 1136 4555 ὡς
1178 4491 1429 4561 ἀφώνους
1484 4493 1761 4560 γενέσθαι,

1873 4496 2089 4549 tristitia
2129 4496 2422 4565 absorptos
2447 4497 2571 4566 (vv),
2602 4509 2659 4550 ut
2721 4498 2858 4552 muti
2925 4497 3291 4559 efﬁcerentur,
3354 4515 3457 4553 nec

179 4585 281 4636 καὶ
314 4584 389 4652 μὴ
423 4583 686 4636 δύνασθαι
713 4585 864 4653 αὑτῷ
894 4585 1240 4655 προσλαλεῖν,
1260 4587 1512 4650 ὀνειδίζει
1537 4587 1634 4657 τὴν
1657 4587 1766 4640 ἀπὸ

175 4673 282 4741 τῆς
338 4673 596 4742 τοιαύτης
647 4672 886 4742 ἀθυμίας
917 4674 1094 4745 σιγὴν,
1122 4676 1294 4744 λέγων
1319 4693 1331 4705 ο
1366 4677 1498 4730 Νῦν
1543 4675 1654 4747 (51)
1701 4676 1769 4730 δὲ

260 4836 306 4866 ³⁸
338 4833 528 4888 Matth.
564 4850 618 4896 Χ,
676 4838 760 4893 16.
877 4839 1084 4893 "ibid.
1125 4840 1321 4902 17,18,
1354 4839 1446 4893 22.

1875 4602 2198 4656 responsum
2229 4587 2280 4641 ei
2320 4588 2447 4642 dare
2472 4599 2713 4658 possent,
2746 4587 3039 4658 exprobrat
3077 4590 3156 4643 eis
3175 4589 3454 4643 silentium

1878 4698 1907 4735 a
1943 4682 2034 4736 tali
2097 4682 2310 4737 tristitia
2359 4690 2563 4748 ortum,
2615 4683 2802 4737 dicens
2837 4681 3034 4736 :Nunc
3091 4694 3268 4740 autem
3328 4685 3454 4736 abeo

1559 4842 1600 4874 “
1650 4840 1780 4897 ibid.
1821 4841 1910 4895 9.8.

1351 4995 1552 5056 Varini
1598 4997 1904 5060 lectiones
1949 5004 2011 5057 et
2055 5005 2246 5058 notas.

259 5163 373 5236 (M)
405 5165 637 5236 Δηλαδὴ,
676 5167 794 5220 loco
834 5165 919 5235 δή,
967 5168 1033 5219 Α.

258 5232 372 5307 (35)
419 5232 660 5306 Ἑχθρὼν
689 5232 1000 5307 εηιεεέεεά
1025 5250 1088 5290 ex
1121 5234 1467 5290 correctione
1520 5232 1771 5304 eiusdem

179 5305 401 5369 manus,
465 5305 597 5358 σκοο
609 5306 824 5375 ρωπῶν.
861 5305 921 5357 Β.

258 5375 372 5446 (46)
419 5374 663 5446 Ἀγάπης
702 5376 755 5428 in
789 5385 1068 5440 contextu,
1099 5383 1167 5446 et
1189 5389 1356 5444 supra
1389 5375 1633 5442 ἀπάτης,
1703 5374 1762 5427 Β.

181 5443 488 5512 Utrumque
526 5445 594 5500 ab
622 5443 811 5499 eadem
841 5461 1025 5500 manu.
1059 5443 1273 5500 Codex’
1295 5446 1340 5498 A
1411 5447 1576 5500 habet
1619 5445 1766 5499 ἁπά-

181 5533 284 5588 της
320 5523 553 5569 tantum.

259 5673 349 5748 (tt)
377 5671 651 5749 chcplor.
679 5677 844 5749 Forte
881 5677 1033 5749 legit,
1062 5677 1090 5728 ὁ
1120 5673 1402 5730 ἀπατεὼν.

259 5743 376 5813 (uti)
404 5743 508 5796 Pro
536 5748 770 5800 honesto.
805 5747 859 5799 In
886 5743 1075 5803 Graeco
1105 5757 1210 5812 est,
1236 5764 1331 5816 pro
1355 5753 1558 5799 amato.

261 5818 362 5886 (υυ)
397 5816 697 5886 Apsorptos.
741 5816 986 5872 Grzeeum
1028 5827 1200 5884 notat,
1236 5813 1405 5870 'lucta
1464 5819 1646 5883 victos,
1709 5813 1763 5869 id

1953 5163 2066 5231 (47)
2103 5166 2312 5222 Inclusa
2347 5168 2547 5222 desunt
2573 5171 2639 5221 Α.

1950 5235 2065 5305 (48)
2123 5239 2318 5300 amr;
2349 5239 2554 5292 omittit
2590 5241 2684 5305 A._

1948 5304 2060 5373 (49)
2122 5307 2337 5362 Inclusa
2396 5308 2600 5362 omittit
2650 5304 2714 5360 Α.
2782 5308 2980 5364 Eorum
3067 5310 3189 5366 loco
3271 5321 3452 5366 autem

1875 5374 2060 5434 liabet,
2124 5381 2218 5429 καὶ
2249 5381 2315 5431 τὰ
2348 5377 2495 5444 ἑξῆς.

1948 5444 2061 5512 (50)
2086 5445 2298 5502 Inclusa
2331 5447 2529 5502 absunt
2568 5450 2633 5505 A.

1944 5513 2056 5586 (51)
2085 5517 2151 5569 Δέ
2186 5518 2339 5572 abest
2368 5521 2433 5572 Α.

1874 5683 1978 5748 est,
2010 5685 2334 5743 prostratos.
2367 5676 2643 5748 lnlerpres
2661 5679 2873 5735 videtur
2899 5680 3177 5739 invenisse
3209 5700 3451 5739 καταπο·

1875 5742 2069 5808 θέντας
2101 5759 2195 5800 aut
2218 5742 2776 5815 καταποντξσοέντας.
