4068 6390
213 382 350 448 1525

1131 391 1519 456 COMMENT.
1557 394 1641 455 IN
1680 393 2060 457 JOANNEM.
2097 421 2166 437 -
2204 401 2364 461 CAP.
2405 403 2555 464 ΧΠ.

3324 405 3459 470 1428

208 500 418 591 γὶρᾷν
458 500 788 572 ἁμαρτωλὸς
823 503 920 559 καὶ
961 504 1167 570 πλάνος
1206 509 1302 563 καὶ
1347 512 1664 580 παράνομος
1693 509 1780 562 καῖ

1889 512 2161 580 quomodo
2234 531 2470 585 namque
2561 527 2817 588 peccator
2875 534 2938 576 ac
2979 519 3254 585 seductor,
3325 521 3458 591 legis

206 590 458 652 ἀντίθεος
519 591 812 664 πορευθείη
858 593 996 664 πρὸς
1029 595 1122 649 τὸν
1162 595 1376 650 δίκαιον
1405 601 1500 653 καὶ
1528 599 1783 670 ἀληθινὸν

208 681 304 733 καὶ
339 681 643 753 νομοθέτην
675 686 771 737 καὶ
801 685 978 753 Θεόν;

277 867 390 920 Καὶ
423 868 588 922 πόθεν
632 870 792 940 δῆλον
829 873 912 926 ὄτι
948 875 1086 944 πρὸς
1131 875 1226 930 τὸν
1254 877 1390 932 Θεὸν
1424 878 1537 950 (55)
1569 880 1782 949 ἀπῆλθε

205 956 302 1008 καὶ
344 957 598 1012 σύνεστιν
646 962 826 1032 αὐτῷ;
867 963 1075 1032 Πόθενς
1119 967 1254 1021 Ἀπὸ
1298 971 1398 1039 τῆς
1449 969 1544 1024 τοῦ
1622 971 1780 1040 ἁγίου

208 1046 530 1116 Ιίνεύματος
567 1053 898 1121 μαρτυρίας,
947 1055 1050 1124 τῆς
1075 1057 1146 1112 δι’
1187 1058 1513 1130 έλλάμψεως
1559 1064 1657 1116 καὶ
1687 1080 1781 1133 ση-

208 1136 399 1205 μείων,
415 1138 491 1201 ὡς
527 1142 873 1213 προείρηται,
900 1146 1016 1200 ἐπὶ.
1042 1147 1126 1219 τῷ
1149 1149 1376 1221 ὀνόματι
1428 1154 1596 1208 αὐτοῦ
1638 1171 1784 1224 γινο-

207 1227 380 1298 μένης
414 1230 548 1300 (56).

278 1320 479 1376 Οὐκέτι
507 1323 564 1377 δὲ
617 1325 876 1400 θεωρεῖτέ
912 1347 1004 1400 με,
1067 1332 1207 1401 μετὰ
1238 1332 1340 1405 τῆς
1383 1336 1480 1389 νῦν
1534 1337 1782 1409 δηλονότι

199 1412 419 1506 ἀδοξίας
481 1417 575 1470 καὶ
628 1421 944 1485 εὐτελείαςο
976 1424 1200 1494 ἔμελλον
1271 1431 1382 1502 γὰρ
1417 1431 1584 1485 αὐτὸν
1626 1436 1780 1506 όρᾷν,

201 1504 322 1558 ἀλλ’
348 1507 447 1577 οὐχ
483 1507 559 1572 ὡς
589 1511 652 1563 τὸ
681 1513 967 1585 πρότερον.

276 1598 416 1664 Περὶ
431 1601 795 1668 -κέιιριται,
816 1605 936 1659 Ὅτι
951 1609 978 1660 ὁ
1002 1608 1252 1674 διάϐολος
1267 1615 1667 1686 κατακέκριται
1689 1621 1784 1674 καὶ

204 1689 538 1759 ὲκϐἐϐληται
566 1693 668 1762 τῆς
685 1695 1013 1762 δυναστείας
1041 1703 1231 1771 αὐτοῦ,
1258 1707 1456 1774 μηκέτι
1480 1709 1782 1779 δυνάμενος

199 1779 342 1840 ὅλως
375 1781 564 1852 φέρειν
591 1784 652 1836 τὸ
682 1786 814 1855 ἐμὸν
848 1787 1197 1859 ὁνομα,ἀλλὰ
1227 1800 1543 1867 παραυτίκα
1573 1802 1782 1871 δραπε-

1886 610 2285 674 transgrcssor,
2399 607 2605 678 Deique
2700 611 3068 676 adversarius,
3150 613 3459 680 perveniret

1883 695 1951 749 ad
2016 710 2142 750 eum
2216 698 2307 766 qui
2375 700 2557 768 justus
2606 712 2710 767 est,
2791 718 2973 768 verax,
3064 703 3342 774 legislator
3396 718 3463 756 ac

1884 787 2029 844 Deus
2051 789 2073 841 τ

1956 882 2060 938 Sed
2089 885 2231 941 unde
2281 886 2628 942 manifestum
2665 887 2794 949 erit,
2834 888 2980 956 quod
3005 887 3070 942 ad
3102 889 3269 942 Deum
3301 888 3460 942 abeat

1882 981 2080 1029 etcum
2118 991 2184 1031 eo
2215 976 2329 1032 sit?
2358 978 2532 1034 Unde.
2570 979 2614 1031 A
2655 977 2894 1048 Spiritus
2925 979 3096 1034 sancti
3126 980 3458 1036 testimonio.

1882 1065 2444 1134 perillustrationem,
2472 1076 2532 1123 ut
2585 1069 2791 1124 dictum
2842 1077 2952 1135 est,
3006 1086 3069 1126 ac
3114 1071 3289 1141 signa,
3343 1087 3462 1140 qua:

1883 1171 1984 1227 per
2015 1173 2217 1214 nomen
2257 1160 2379 1231 ejus
2396 1160 2649 1215 edentur.

1952 1325 2186 1383 Posthac
2209 1337 2388 1381 autem
2412 1343 2522 1382 non
2561 1329 2810 1384 videbitis
2840 1345 2946 1392 me,
2976 1344 3099 1383 cum
3133 1329 3238 1384 hac
3267 1329 3463 1384 videli-

1883 1425 1972 1473 cet
2004 1418 2300 1487 ignominia
2349 1427 2401 1472 ct
2437 1419 2766 1488 abjcctione,
2816 1418 3084 1489 siquidem
3113 1418 3283 1473 visuri
3338 1433 3464 1472 cum

1884 1516 2065 1573 erant,
2094 1509 2187 1562 sed
2223 1525 2330 1562 non
2359 1519 2418 1564 ut
2460 1509 2633 1580 prius.

1959 1599 2110 1653 Vera.
2149 1599 2234 1654 ll.
2274 1599 2349 1653 De
2375 1629 2446 1638 --
2465 1601 2738 1670 judicatus
2765 1609 2869 1655 est.
2892 1601 3030 1668 Quia
3057 1599 3306 1656 diabolus
3335 1606 3466 1653 con“

1885 1690 2170 1746 demnatus
2220 1699 2323 1755 est,
2359 1700 2416 1746 et
2465 1699 2874 1761 potentatusuo
2925 1691 3155 1762 eiet-tus,
3202 1705 3309 1744 non
3373 1703 3467 1756 po-

1885 1787 2006 1833 tens
2022 1780 2254 1848 posthac
2308 1795 2492 1835 meum
2523 1781 2749 1836 omnino
2780 1781 2924 1836 ferre
2944 1796 3167 1845 nomen,
3223 1779 3319 1833 sed
3355 1789 3464 1832 sta-

387 1843 399 1848 -
448 1843 459 1852 .
714 1843 726 1855 .
945 1843 956 1859 .
1029 1843 1042 1854 ι
1066 1843 1093 1845 -ί
1234 1843 1543 1867 -ν-ινν-ν-π--σ
1576 1843 1777 1871 *δ”-η’*

198 1871 400 1960 τεύων.
452 1877 575 1940 Πῶς
603 1879 649 1931 δ’
678 1878 746 1932 ἂν
784 1881 946 1937 τοῦτο
999 1886 1293 1954 πέπονθεν,
1323 1891 1372 1943 εί
1430 1893 1585 1960 φίλον
1619 1895 1780 1950 αὑτὸν

1887 1868 1983 1920 tim
2025 1843 2286 1937 lugiens:
2322 1871 2619 1940 quomodo,
2659 1873 2916 1934 obsecro,
2973 1871 3025 1926 id
3064 1843 3457 1938 illi-continge-

199 1959 372 2056 εἶχον,
405 1965 480 2030 ὡς
516 1969 568 2021 οἱ
600 1976 828 2043 πονηροὶ
883 1977 1168 2046 λέγουσιν’
1211 1982 1294 2037 ὃτι
1324 1987 1383 2038 ιν
1420 1986 1498 2056 τῷ
1558 1987 1783 2054 Βεελζε-

199 2053 588 2150 septimm
633 2063 745 2117 τῶν
781 2066 1078 2132 δαιμονίων
1115 2073 1361 2128 ἐκϐάλλω
1392 2053 1479 2130 τι
1508 2079 1778 2150 δαιμόνια,

199 2145 298 2199 καὶ
341 2147 424 2200 ὅτι
453 2147 734 2220 δαιμόνιον
763 2154 894 2227 ῑχω,
919 2158 1015 2212 καὶ
1045 2161 1114 2216 τὰ
1137 2164 1400 2233 τοιαῦτα;

269 2323 386 2377 Ἵνα
431 2324 489 2378 δὲ
535 2325 626 2379 τὸν
659 2327 818 2396 λόγον
871 2330 1473 2409 ἀνακεφαλαιὼσωμεν,
1527 2340 1777 2411 Ἐλθὼν,

199 2417 389 2484 φησὶν,
421 2421 454 2472 ό
473 2420 864 2489 Παράλλητος
887 2424 1120 2495 ἐλέγξει
1146 2429 1290 2495 τοὺς
1320 2437 1624 2503 πονηρούς
1643 2454 1658 2468 ·
1685 2439 1780 2491 ἐπὶ

197 2509 452 2581 ἁμαρτίᾳ
488 2513 584 2580 μὲν
613 2515 694 2567 ὅτι
720 2517 1118 2588 ἁμαρτάνουσι,
1147 2522 1222 2593 μὴ
1260 2524 1612 2592 πιστεύοντες
1657 2529 1738 2583 ἔτι
1762 2546 1775 2562 °

199 2598 298 2650 uti
314 2599 629 2675 δικαιοσύνῃ
649 2604 728 2669 δὲ,
746 2606 825 2658 ὅτι
843 2606 1055 2672 δίκαιος
1073 2611 1182 2680 ἐγὼ
1202 2615 1292 2667 καὶ
1309 2615 1406 2686 οὐχ
1427 2617 1776 2688 ἁμαρτωλὸς,

195 2691 280 2751 ὡς
308 2691 464 2744 αὐτοὶ
495 2693 747 2762 λέγουσιν
767 2712 782 2727 ⁸
807 2699 900 2751 ἐπὶ
941 2701 1121 2771 κρίσει
1160 2703 1218 2757 δὲ
1250 2705 1373 2776 ἦτοι
1428 2711 1776 2779 κατακρίσει,

195 2780 287 2872 ὅτι
317 2784 716 2856 κατακέκριται
749 2789 778 2841 ὁ
804 2789 988 2860 ἄρχων
1010 2793 1120 2848 τῶν
1141 2794 1461 2865 δαιμονίων,
1489 2800 1564 2862 ὡς
1585 2800 1778 2872 ἐχθρὸς

198 2870 302 2924 καὶ
329 2874 392 2927 οὐ
426 2875 580 2943 φίλος
607 2893 731 2947 μου.

277 3042 408 3098 Ἔτι
441 3073 509 3087 -
540 3045 690 3114 ἄρτι.
735 3047 972 3113 ’Λτελεῖς
1003 3051 1158 3117 ὄντες
1204 3055 1308 3123 ἔτι,
1358 3058 1454 3111 καὶ
1488 3059 1657 3130 μήπω
1687 3062 1779 3118 διὰ

1885 1970 1988 2020 ret.
2017 1961 2064 2015 si
2089 1962 2324 2017 amicum
2345 1978 2470 2018 eum
2502 1963 2785 2028 haberem,
2845 1962 3012 2018 veluti
3081 1961 3277 2016 dicunt
3316 1960 3463 2015 mali.

1884 2051 2030 2120 quod
2080 2068 2176 2122 per
2231 2053 2520 2109 Beelzebul
2583 2054 2886 2124 principem
2937 2052 3333 2108 daemoniorum
3363 2051 3462 2118 eji.

1883 2140 2024 2194 ciam
2053 2141 2322 2196 damonia
2348 2143 2412 2208 ⁸⁸,
2463 2143 2718 2212 quodque
2769 2142 3097 2198 daemonium
3135 2141 3361 2196 habeam
3399 2139 3466 2202 ⁸⁸.

1883 2242 1942 2288 ct
1968 2241 2164 2286 caetera
2195 2233 2512 2302 hujusmodi
2535 2233 2560 2288 ἓ

1955 2322 2028 2378 Ut
2071 2332 2255 2378 autem
2316 2338 2629 2378 sermonem
2696 2323 3013 2378 summatim
3075 2323 3392 2393 colligamus
3443 2335 3456 2371 :

1884 2414 2019 2470 Cum
2060 2418 2256 2470 uenerit
2313 2416 2648 2477 Paracletus.
2700 2424 2889 2484 arguet
2956 2416 3206 2468 uiundum
3242 2414 3305 2466 de
3348 2427 3471 2482 pec-

1883 2514 2022 2570 cato,
2072 2507 2197 2573 quia
2240 2514 2489 2575 peccant,
2534 2504 2627 2574 qui
2676 2505 2858 2558 adhuc
2897 2519 3007 2558 non
3071 2504 3345 2568 credunt;
3403 2501 3468 2556 de

1876 2596 2090 2664 justitia
2122 2607 2327 2657 autem.
2360 2596 2488 2665 quia
2509 2597 2690 2665 justus
2727 2613 2826 2667 ego
2871 2611 3001 2650 sum.
3029 2603 3083 2648 et
3135 2609 3242 2648 non
3264 2608 3461 2664 pecca-

1885 2692 1990 2751 tor,
2023 2687 2163 2741 sicut
2193 2687 2293 2756 ipsi
2321 2687 2550 2752 dicunt;
2587 2688 2652 2741 de
2704 2690 2910 2756 judicio
2968 2702 3120 2750 vero,
3163 2687 3278 2741 sive
3333 2700 3466 2741 con-

1883 2780 2258 2839 demnatione,
2345 2780 2471 2848 quia
2564 2780 2962 2834 condemnatus
3053 2787 3136 2832 est
3214 2777 3469 2848 princeps

1884 2870 2300 2937 daemoniorum,
2335 2877 2593 2940 tanquam
2631 2871 2909 2937 inimicus,
2962 2879 3018 2925 et
3095 2885 3204 2923 non
3257 2869 3467 2925 amicus

1883 2977 2122 3110 “mars.
2176 3052 2260 3106 l2.
2305 3053 2492 3108 Adhuc
2520 3082 2587 3092 —
2632 3068 2788 3107 nunc.
2847 3051 2985 3106 Cum
3047 3052 3225 3106 adhuc
3261 3049 3470 3120 imper-

193 3132 314 3185 τῶν
346 3137 405 3186 ιν
434 3135 517 3206 τῷ
551 3138 772 3208 σταυρῷ
815 3141 910 3192 καὶ
968 3144 1033 3211 τῇ
1067 3144 1363 3200 ἀναστάσει
1401 3165 1502 3217 μου
1534 3153 1780 3222 φρικτῶν

1885 3143 2010 3199 fecti
2052 3143 2194 3206 sitis,
2248 3151 2304 3198 ct
2326 3142 2555 3198 necdum
2595 3159 2691 3212 per
2716 3142 3044 3196 horrendam
3092 3141 3192 3212 (zz)
3248 3141 3468 3211 passio-

197 3226 298 3278 καὶ
355 3226 675 3294 παραδόξων
751 3231 1152 3302 προκόψαντες,
1197 3237 1336 3307 μηδὲ
1422 3240 1779 3314 ινδυσάμενοι

194 3315 433 3388 δύναμιν
466 3318 524 3383 ὶξ
553 3320 745 3389 ὕψους.

276 3411 463 3465 ὀταν
516 3441 587 3452 -
623 3409 936 3482 ἀλήθειαν.
989 3417 1085 3481 El;
1115 3418 1177 3471 τὸ
1209 3419 1406 3475 εἰδέναι
1446 3424 1627 3477 πᾶσαν
1680 3425 1778 3497 τὴν

194 3503 464 3572 ἀλήθειαν
497 3506 605 3559 τῶν
646 3507 809 3560 θείων
864 3510 1174 3579 δογμάτων,
1233 3514 1336 3580 τὴν
1396 3518 1780 3587 προσήκουσαν

197 3597 451 3666 δηλονότι
478 3600 854 3670 γνωρισθῆναι
897 3602 1047 3672 ὑμῖν.
1078 3599 1212 3657 Εἶτα
1237 3606 1326 3660 ἵνα
1359 3608 1780 3679 μὴ,τηλικαῦτα

203 3690 337 3758 περὶ
386 3688 487 3742 τοῦ.
535 3691 692 3758 ἁγίου
742 3692 1068 3762 Πνεῦματος
1119 3696 1477 3762 ἀκούσαντες,
1511 3701 1694 3770 μεῖζον
1721 3703 1784 3756 τὸ

205 3780 434 3851 Πνεῦμα
462 3783 753 3849 νομίσωσι,
780 3786 877 3837 καὶ
910 3787 990 3849 είς
1023 3787 1260 3858 ἐσχάτην
1313 3789 1575 3844 ἀσέϐειαν
1609 3793 1782 3864 ἐμπέ-

203 3887 398 3933 σωσιν,
420 3871 622 3940 ἐπάγει·
645 3874 949 3944 θεραπείαν
984 3877 1078 3930 καί
1105 3895 1272 3948 φησιν
1301 3894 1318 3912 ⁸

267 3966 351 4017 Οὐ
375 3991 446 4002 -—
465 3963 704 4019 ἑαυτοῦ.
725 3965 936 4036 Ὠσπερ
961 3967 1069 4020 οὐδ’
1113 3969 1245 4036 ἑγὼ,
1287 3969 1472 4035 καθὼς
1505 3972 1782 4044 διαφόρως

202 4054 707 4124 προδιεστειλάμην
728 4072 744 4086 ο
774 4057 927 4110 οὐδὲν
955 4060 1065 4127 γὰρ
1097 4060 1228 4113 ῐδιον
1252 4062 1427 4115 οὐδενὶ
1478 4064 1581 4133 τῆς
1620 4065 1782 4133 ἁγίας

201 4145 459 4216 Τριάδος,
477 4145 614 4216 πλὴν
634 4148 986 4218 ἀγεννησίας,
1015 4151 1108 4204 καὶ
1129 4154 1462 4223 γεννήσεως,
1485 4156 1582 4210 καὶ
1611 4158 1781 4210 hmo-

199 4236 473 4310 ρεύσεως,
495 4236 631 4291 ἀλλὰ
660 4239 818 4293 κοινὰ
853 4239 1033 4294 πάντα
1061 4243 1224 4314 αὐτῇ.

1883 3251 2032 3300 nem,
2069 3251 2133 3289 ac
2179 3235 2511 3305 inepinatam
2545 3234 3011 3290 resurrectionem
3049 3247 3225 3287 meam
3285 3231 3470 3302 profe-

1881 3325 2086 3389 ceritis.
2115 3340 2294 3395 neque
2335 3324 2508 3380 induti
2539 3325 2662 3379 sitis
2690 3325 2892 3380 virtute
2921 3341 2986 3379 ex
3023 3324 3132 3378 alto
3160 3325 3229 3378 '°.

1959 3414 2112 3470 Vers.
2179 3413 2266 3467 15.
2315 3412 2543 3468 Cum—
2588 3412 2884 3467 veritatem.
2947 3414 3026 3468 Ad
3093 3413 3216 3478 hoc,
3247 3421 3306 3467 ut
3333 3412 3472 3468 scia-

1889 3507 1957 3561 tis
1998 3520 2216 3560 onmem
2244 3504 2528 3558 veritatem
2565 3504 2878 3559 divinorum
2926 3504 3264 3574 dogmatum.
3303 3519 3466 3572 quam

1887 3597 2142 3652 videlicet
2175 3594 2400 3665 expedit
2424 3594 2578 3648 vobis
2601 3609 2954 3665 cognoscere.
2984 3593 3216 3656 Deinde,
3250 3609 3319 3647 ne
3372 3609 3469 3646 au-

1888 3687 2015 3743 ditis
2038 3687 2236 3741 talibus
2265 3686 2333 3740 de
2377 3684 2585 3755 Spiritu
2626 3695 2838 3751 sancto,
2871 3686 3134 3754 majorem
3191 3685 3462 3739 existima-

1889 3784 2011 3830 rent
2035 3789 2156 3829 essc
2183 3773 2467 3844 Spiritum,
2497 3781 2552 3827 et
2581 3773 2635 3826 in
2668 3782 2970 3827 extremam
3024 3773 3319 3827 inciderint
3367 3772 3470 3825 im-

1895 3862 2177 3930 pietatem,
2211 3859 2481 3914 medelam
2537 3859 2782 3930 adjungit
2806 3858 2996 3913 dicens
3022 3876 3037 3912 :

1960 3953 2114 4008 Vers.
2163 3953 2252 4007 l5.
2301 3949 2519 4004 Non—
2571 3951 2874 4018 semetipso.
2944 3949 3100 4004 Sicut
3133 3964 3309 4019 neque
3348 3964 3470 4020 ego,

1891 4040 2354 4114 quemadmodum
2458 4039 2628 4094 variis
2702 4039 2758 4093 in
2825 4040 2965 4094 locis
3049 4039 3467 4109 explicavimus.

1892 4132 2172 4203 Siquidem
2235 4131 2376 4184 nihil
2444 4130 2540 4184 ulli
2612 4139 2814 4184 sancta:
2899 4129 3186 4185 Trinitatis
3280 4145 3469 4198 perso-

1892 4241 1977 4279 na:
2034 4221 2314 4294 proprium
2368 4230 2474 4287 est,
2525 4230 2725 4290 pra'tcr
2757 4221 3264 4286 innascihilitatem,
3321 4221 3467 4275 nati-

1889 4315 2112 4370 vitalem
2167 4322 2224 4369 et
2281 4314 2711 4384 processionem,
2774 4313 2871 4368 sed
2947 4312 3131 4368 omnia
3187 4312 3270 4367 eis
3321 4325 3475 4366 com-

1894 4422 2100 4462 llllll'lla.

287 4495 456 4552 Ἀλλ’
488 4497 866 4567 -λαλήσει,
918 4499 1060 4555 Ὅσα
1087 4499 1155 4555 ἂν
1210 4503 1420 4576 ἀκούσῃ
1477 4507 1632 4578 παρὰ
1688 4508 1780 4564 τοῦ

1960 4498 2118 4555 Vers.
2169 4496 2256 4552 15.
2305 4492 2504 4550 Sed—
2544 4495 2806 4566 loquetur.
2884 4492 3236 4564 Quaecunque
3285 4491 3474 4546 audie-

199 4587 446 4655 ῐιατρὸς,
468 4585 497 4639 ὃ
521 4588 616 4640 καὶ
643 4588 773 4658 περὶ
806 4589 1043 4658 ἐμαυτοῦ
1075 4592 1337 4657 πολλάκις
1359 4595 1588 4666 είρηκα,
1606 4597 1780 4665 δηλῶν

1888 4590 1961 4644 rit
1987 4604 2016 4642 a
2050 4589 2233 4651 Patre,
2267 4585 2412 4641 sicut
2435 4585 2599 4640 etiam
2628 4585 2950 4654 frequenter
2979 4585 3046 4639 de
3097 4583 3306 4654 meipso
3335 4583 3461 4638 dixi.

199 4679 266 4732 τὸ
289 4677 599 4748 ὀμοούσιον,
627 4677 722 4732 καὶ
748 4679 1008 4747 ὁμοφυὲς,
1033 4682 1129 4735 καὶ
1153 4681 1294 4750 ἴσον,
1335 4685 1432 4738 καὶ
1463 4688 1783 4758 ἀπαράλλα·

201 4787 363 4826 κτον.
394 4771 604 4842 Ὠσπερ
634 4771 742 4842 γὰρ
771 4773 800 4824 ὁ
826 4771 954 4835 rte;
973 4772 1248 4845 πλήρωμα
1264 4776 1430 4846 νόμον
1450 4779 1546 4831 καὶ
1568 4797 1784 4849 προφη-

1887 4680 2204 4751 signiﬁcans
2269 4676 2590 4733 substantia:
2665 4691 2730 4731 ac
2811 4681 3020 4730 narum
3094 4673 3472 4734 identitatem,

1884 4772 2282 4841 mqualitatem,
2372 4783 2437 4824 ac
2536 4767 2912 4822 omnimodam
3026 4765 3466 4822 similitudinem.

201 4861 423 4926 τῶν,τὰ
475 4860 727 4924 τυπικῶς
782 4863 1272 4935 προδιαγραφέντα
1338 4867 1644 4937 βεϐαιώσας
1693 4870 1780 4926 διὰ

1885 4861 2350 4932 Quemadmodum
2409 4861 2556 4917 enim
2632 4859 2806 4913 Filius
2893 4859 3140 4929 impletio
3191 4858 3328 4928 legis
3387 4866 3472 4912 est

203 4953 313 5022 τῆς
346 4949 639 5020 ἀληθείας·
677 4949 821 5004 οὕτω
852 4953 946 5005 καὶ
977 4954 1039 5007 τὸ
1062 4953 1205 5008 θετον
1241 4956 1464 5026 Πνεῦμα
1507 4958 1780 5030 πλήρωμα

1893 4975 1955 5014 ac
1995 4957 2416 5029 prophetarum,
2485 4954 2716 5008 veritate
2760 4951 3115 5016 confirmans,
3157 4965 3277 5020 qua:
3318 4950 3470 5020 prius

288 5135 334 5167 "
367 5135 560 5195 Matth.
595 5159 690 5211 xu,
714 5143 805 5201 24.
923 5147 965 5179 ¹⁹
989 5146 1147 5202 Joan.
1180 5165 1274 5210 vn.
1307 5147 1399 5208 ΞΟ.

1479 5147 1525 5179 ιο
1561 5147 1693 5202 Luc.
1727 5163 1871 5212 xxiv,
1905 5151 1995 5204 69.

1387 5324 1593 5386 Varia)
1623 5324 1935 5387 lectiones
1978 5331 2037 5385 et
2081 5334 2271 5388 notae.

285 5488 400 5552 (55)
428 5489 502 5542 lla
534 5489 599 5545 A.
634 5489 740 5547 Sed
771 5491 910 5562 Cod.
943 5493 980 5546 Β
1008 5494 1062 5546 in
1114 5501 1371 5562 contextu
1417 5491 1601 5558 habet,
1651 5491 1788 5562 πρὸς

212 5559 327 5621 τόν,
360 5569 415 5612 et
442 5575 631 5629 supra,
661 5563 752 5616 αὐ.
795 5557 908 5616 iIe.
945 5562 1130 5627 αὐτόν,
1171 5571 1226 5618 et
1275 5561 1428 5615 Θεόν.

1967 5506 2080 5567 (ab)
2142 5493 2448 5566 Γενομένης
2491 5495 2556 5549 Α.

289 5715 392 5789 (2;)
428 5714 530 5789 Per
554 5716 894 5782 horrendam,
928 5724 1036 5773 etc.
1068 5716 1174 5773 Per
1219 5733 1284 5774 ea
1322 5733 1443 5789 qua:
1500 5718 1558 5773 in
1598 5731 1761 5774 cruce
1805 5725 1861 5773 et
1895 5717 2298 5774 resurrectione
2328 5731 2446 5773 mea
2493 5715 2744 5773 accident
2773 5713 3045 5770 horrenda
3097 5724 3150 5771 et
3183 5711 3467 5777 mirabilia,

217 5787 587 5846 proieceritis.
