4108 6452
234 431 254 489 1
276 430 290 487 Ξ
302 432 370 493 29
1114 427 1499 490 COMMENT.
1540 425 1622 486 IN
1673 422 1856 488 JOAN

1878 422 2050 484 NEM.
2088 449 2157 461 --
2195 427 2352 491 CAP.
2395 428 2553 490 XVI.
3363 424 3500 488 1430

229 551 346 609 τοῖς
403 547 695 618 μαθηταῖς·
730 547 792 601 τὸ
826 547 1054 617 Πνεῦμα
1098 547 1155 600 δὲ
1193 547 1254 601 τὸ
1305 548 1461 616 ἆγιον
1491 547 1810 618 εἰργάσατο,
1843 583 1851 602 4

1875 542 2060 611 ιρυιῑε
2120 546 2357 614 operari,
2421 561 2484 602 ea
2543 553 2722 600 tamen
2787 555 3044 615 operatus
3113 553 3196 599 est
3262 543 3497 614 Spiritus

229 639 320 689 ἵνα
353 639 622 708 μάθωμεν
659 639 754 692 καὶ
782 638 951 692 αὐτοῦ
1001 637 1099 708 τὴν
1127 637 1358 707 δύναμιν
1388 639 1483 691 καὶ
1531 634 1811 706 Beatum]

1915 643 2155 696 sanctus.
2189 644 2247 688 ut
2270 637 2386 705 ejus
2416 650 2632 705 quoque
2659 635 2933 690 discamus
2982 632 3276 701 potentiam
3308 648 3370 687 ac
3416 632 3501 684 di-

239 733 399 787 Ἐπεὶ
430 733 537 802 γάρ
569 733 694 802 περὶ
733 735 834 803 μὲν
864 733 959 785 τοῦ
993 733 1209 798 Πατρὸς
1253 733 1427 793 οὐδεὶς
1467 730 1809 799 ἀμφέὗαλλε,

1917 724 2222 779 vinitatem.
2258 725 2392 780 Nam
2428 727 2555 796 quia
2600 726 2666 780 de
2705 724 2864 779 Patre
2903 723 3120 794 quidem
3166 724 3348 776 nullus
3393 723 3502 775 lue-

230 827 360 892 περὶ
383 825 437 876 δὲ
472 824 567 877 τοῦ
599 824 730 877 Υξοῦ
759 824 855 878 καὶ
885 824 980 876 τοῦ
1008 823 1164 891 ἁγίου
1209 822 1526 892 Ιινεύματος
1557 820 1809 890 ἠγνόουν,

1915 819 2136 884 sitabat,
2161 820 2229 874 de
2261 820 2393 874 Filio
2415 830 2595 874 autem
2627 834 2690 872 ac
2723 819 2926 888 Spiritu
2960 827 3149 872 sancto
3200 815 3502 886 ignorantia

227 913 317 964 Bai
369 915 528 966 τοῦτο
559 916 584 965 ὁ
620 915 720 982 μὲν
767 915 836 967 δι’
888 913 1362 981 ἑνανθρωπήσεως
1395 913 1572 982 ὁμιλεῖ
1604 912 1812 973 αὐτοῖς,

1917 912 2261 970 tenebantur,
2299 921 2585 980 propterea
2614 911 2702 965 ille
2752 925 2882 964 sane
2918 924 3014 978 per
3070 905 3500 958 incarnationem

231 1002 292 1053 τὸ
321 1002 376 1054 δὲ
405 1003 608 1072 τρόπον
637 1003 826 1072 ἕτερον
858 1001 1197 1065 καταοτίζει.

1918 1017 2042 1055 cum
2075 1004 2153 1056 eis
2186 1012 2538 1060 conversatus
2577 1010 2680 1063 est,
2733 999 2820 1054 hic
2859 1013 2990 1053 vero
3023 999 3130 1051 alio
3169 995 3326 1048 modo
3379 1010 3506 1063 per-

1921 1096 2072 1150 fecit.

313 1182 422 1235 Kal
477 1183 600 1235 ἐπεὶ
634 1183 764 1253 περὶ
814 1183 913 1252 μὲν
949 1182 1042 1234 τοῦ
1081 1182 1297 1252 Πατρὺς
1346 1182 1520 1236 πολλὰ
1550 1183 1813 1253 ἥκουσαν,

1993 1189 2260 1242 Praeterea
2313 1186 2382 1240 de
2438 1184 2598 1238 Patre
2665 1184 2886 1253 quidem
2947 1183 3122 1235 multa
3179 1180 3509 1234 audierant:

231 1273 327 1324 τὸν
353 1274 408 1326 δὲ
442 1274 569 1326 Υίὸν
597 1274 861 1335 πολλάκις
900 1269 1042 1327 εἶδον
1069 1273 1394 1345 θεοπρεπῶς
1421 1274 1816 1344 ἐργαζόμενον,

1925 1278 2116 1332 Filium
2147 1292 2364 1347 quoque
2396 1276 2595 1345 smpius
2625 1275 2807 1329 divina
2853 1282 3171 1344 operantem
3211 1285 3515 1340 conspexe-

234 1365 332 1432 τὴν
364 1365 420 1417 δὲ
480 1365 575 1417 τοῦ
632 1367 788 1432 ἁγίου
833 1365 1152 1434 Πνεῦματος
1189 1366 1346 1430 ἀξίαν
1376 1364 1500 1420 οὔτε
1527 1366 1594 1418 δι’
1623 1367 1818 1434 ἀκοῆς,

1925 1379 2046 1423 rant
2078 1387 2089 1423 :
2126 1367 2362 1438 Spiritus
2391 1367 2562 1422 sancti
2598 1376 2780 1421 autem
2840 1366 3178 1437 dignitatem,
3214 1378 3390 1431 neque
3421 1378 3516 1414 au-

234 1455 359 1507 οῧτε
389 1456 454 1508 δι’
486 1458 661 1524 ὅψεως
711 1457 1033 1525 ἐγίνωσκον,
1089 1458 1274 1511 λοιπὸν
1325 1459 1476 1528 παρὰ
1509 1457 1704 1511 τοῦτον
1730 1476 1820 1512 τε·

1924 1463 2065 1526 ditu,
2096 1478 2272 1532 neque
2299 1472 2524 1532 aspectu
2551 1461 2975 1533 cognoscebant.
3003 1460 3084 1514 Ab
3105 1459 3208 1512 hoc
3234 1458 3413 1525 ilaque
3438 1454 3510 1523 (ιτ)

235 1549 532 1614 λειοῦνται,
567 1552 652 1603 ἵνα
686 1553 779 1603 καὶ
838 1551 938 1621 τὴν
970 1553 1166 1604 τούτου
1197 1553 1429 1622 θεότητα.
1484 1551 1821 1621 γνωρίσωσι.

1925 1553 2310 1623 perﬁciuntur,
2337 1564 2395 1607 ut
2415 1554 2535 1623 ejus
2559 1567 2776 1623 quoque
2796 1551 3136 1607 divinitatem
3161 1555 3512 1617 cognoscant.

238 1642 338 1693 Διὰ
367 1641 524 1695 τοῦτο
555 1644 649 1694 καὶ
680 1645 769 1695 ἐπὶ
798 1642 893 1694 τοῦ
919 1643 1066 1696 θείου
1099 1643 1529 1713 βαπτίσματοςή
1562 1646 1823 1716 ζωοτκὶρ⁹

1928 1645 2220 1714 Propterea
2275 1645 2437 1698 etiam
2502 1642 2556 1696 in
2610 1642 2794 1696 divino
2859 1640 3185 1710 baptismate
3242 1636 3521 1693 viviIiCans

239 1749 364 1801 07:0;
414 1734 586 1800 Τριὰς
644 1735 1162 1804 παραλαμϐάνεται,
1203 1737 1301 1804 οὐχ
1332 1737 1410 1798 ὡς
1442 1734 1537 1787 τοῦ
1567 1735 1686 1798 ἑνὸς
1732 1737 1827 1802 μό-

1929 1735 2169 1790 Trinitas
2200 1735 2533 1788 assumitur:
2563 1749 2671 1786 non
2705 1732 2846 1800 quod
2881 1746 2987 1784 una
3017 1730 3129 1784 sola
3169 1742 3400 1798 persona
3451 1726 3514 1778 ad

245 1841 338 1876 νου
368 1825 441 1892 μὴ
476 1824 772 1895 ἀρκοῦντος
798 1827 876 1886 είς
900 1825 1286 1894 άναγέννησιν,
1322 1826 1438 1877 ἀλλ’
1468 1826 1555 1878 ἴνα
1587 1826 1676 1878 διὰ
1725 1827 1825 1895 τῆς
1863 1888 1867 1898 ί

1896 1893 1900 1898 _
1931 1827 2399 1898 regenerationem
2433 1841 2541 1880 non
2573 1824 2822 1888 suﬁiciat,
2865 1821 2958 1876 sed
2987 1831 3046 1875 ut
3073 1837 3167 1891 per
3219 1818 3518 1872 invoeatim

245 1886 538 1977 κοινωνίας
567 1916 676 1969 τῶν
706 1886 1048 1986 ἐπικλήσεων
1079 1918 1110 1986 ἡ
1139 1886 1396 1970 κοινωνία
1427 1918 1526 1986 τῆς
1576 1886 1830 1988 θεότητος
1863 1888 1867 1941 1

1885 1889 1904 1939 δ
1942 1921 2024 1974 nis
2057 1918 2608 1975 communicationem
2632 1915 2857 1971 Deitatis
2896 1909 3318 1968 communicatio
3350 1909 3507 1980 signi-

250 2007 381 2076 δήλη
415 2006 690 2081 γένηται,]
1940 2013 2148 2070 licetur.

325 2102 553 2166 Μικρὸν
592 2131 655 2140 -
687 2118 778 2168 με.
812 2100 1170 2170 Τεθαμμένον
1204 2101 1309 2162 ὑπὸ
1339 2104 1464 2171 γῆν.

2016 2109 2168 2167 Vers.
2203 2106 2287 2161 i6.
2322 2103 2525 2159 Pusillo
2558 2133 2626 2143 —
2650 2118 2750 2155 me.
2783 2100 2894 2156 Sub
2927 2113 3066 2154 terra
3121 2096 3415 2166 sepultum.

325 2189 434 2242 Kal
459 2217 522 2229 --
542 2207 636 2257 με.
686 2192 1021 2243 Ἀναστάντα
1063 2193 1126 2244 ἐκ
1153 2193 1383 2264 νεκρῶν.

2015 2201 2173 2254 V'ers.
2209 2199 2294 2254 i6.
2325 2198 2391 2252 Et
2423 2227 2472 2237 —
2523 2212 2624 2249 me.
2661 2195 2761 2250 llhi
2803 2209 2834 2247 a
2867 2192 3099 2247 mortuis
3149 2201 3525 2244 resurrexero.

326 2279 457 2331 Ὅτι
498 2309 556 2318 -
600 2279 852 2347 Πατέρα.
895 2281 1155 2334 Διάόασιν
1184 2281 1464 2350 πανταχοῦ
1496 2281 1557 2335 τὸ
1608 2284 1840 2353 πρᾶγμα

2016 2292 2172 2347 Vers.
2208 2291 2293 2345 16.
2326 2289 2467 2355 Quia
2507 2318 2570 2329 —
2607 2287 2842 2340 Patrem.
2879 2282 3159 2340 Passionis
3195 2279 3525 2353 'mysterium

253 2370 432 2432 καλεῖ,
491 2371 704 2434 δεικνὺς
762 2372 842 2423 ὅτι
895 2372 956 2424 οὐ
1014 2373 1498 2442 κατασχεθήσεται
1556 2374 1650 2425 ἐπὶ
1703 2374 1837 2426 πολὺ

1947 2386 2186 2455 appellat
2219 2383 2423 2452 ubique
2457 2380 2766 2443 transitum,
2827 2377 3148 2451 ostendens,
3207 2373 3356 2443 quod
3417 2385 3527 2425 non

255 2464 410 2533 παρὰ
435 2461 528 2515 τοῦ
560 2463 814 2517 θανάτου.
847 2463 1123 2533 Χαρίεντα
1153 2465 1249 2533 μὲν
1279 2460 1372 2517 οὖν
1399 2464 1528 2535 περὶ
1558 2465 1652 2517 τοῦ
1678 2465 1843 2518 ἄλλου

1948 2477 2118 2532 multo
2157 2485 2405 2545 tempore
2434 2470 2594 2526 morti
2642 2469 2762 2525 erit‘
2789 2466 3091 2536 subjectus.
3128 2463 3314 2532 Itaque
3369 2467 3531 2530 post-

257 2554 622 2626 Ιιαρακλήτου
681 2555 1194 2624 ἐπαγγειλάμενος,
1251 2555 1473 2624 λυπηρὰ
1535 2556 1698 2608 πάλιν
1746 2558 1846 2610 ιπ-

1949 2569 2257 2640 (ιιιειηιεεια
2291 2566 2360 2622 de
2399 2565 2574 2636 altero
2633 2559 2919 2616 Paracleto
2979 2554 3252 2640 promisit,
3313 2567 3532 2608 rursum

262 2648 465 2718 ἤγαγε.
499 2647 604 2699 Καὶ
636 2647 898 2709 πολλάκις
927 2648 1027 2718 ἢδη
1052 2647 1213 2700 τοῦτο
1245 2649 1513 2715 πεποίηκε
1548 2651 1644 2701 καὶ
1683 2652 1846 2713 ποιεῖ,

1954 2637 2127 2714 tristia
2189 2655 2420 2720 inducit,
2479 2652 2644 2723 idque
2707 2650 3027 2722 frequenter
3087 2656 3143 2701 et
3176 2637 3438 2715 fecitjam
3480 2651 3536 2698 et

261 2742 376 2801 τοῖς
433 2738 706 2809 θυμήρεσι
741 2739 810 2792 τὰ
860 2739 1118 2809 θυμαλγῆ
1166 2740 1514 2806 ἀναπλέκων,
1551 2738 1636 2795 οἷα
1691 2742 1851 2795 τοῦτο

1955 2749 2103 2813 facit,
2159 2748 2296 2803 laetis
2356 2745 2535 2801 tristia
2596 2743 2962 2814 permiscens,
3026 2749 3088 2794 ut
3135 2739 3264 2792 hinc
3318 2735 3533 2805 quidem

269 2831 372 2901 μὲν
399 2832 738 2903 παρηγορῶν
769 2835 1244 2898 καταπίπτοντας,
1276 2834 1437 2886 τοῦτο
1465 2835 1522 2887 δὲ
1552 2835 1851 2903 γυμνάζων

1955 2841 2272 2897 consoletur
2326 2837 2594 2907 deiectos,
2648 2834 2780 2889 bine
2841 2847 2974 2887 vero
3000 2839 3211 2886 stantes
3263 2834 3535 2882 exerceat.

266 2923 532 2987 ἑστῶτας.
568 2927 630 2976 Ui.
664 2924 774 2992 γὰρ
809 2925 866 2975 ὲν
893 2928 1009 2987 τοῖς
1041 2925 1254 2994 ῥήμασι
1291 2927 1358 2978 τὰ
1391 2927 1702 2980 ἁπευκταῖα
1761 2945 1856 2998 με·

1957 2931 2196 3000 Namqui
2231 2930 2286 2983 in
2316 2928 2501 2983 verbis
2529 2925 2809 2982 horrenda
2849 2924 3084 2994 primum
3117 2918 3371 2975 meditati
3417 2916 3540 2971 fue-

267 3019 601 3090 λετήσαντες
651 3019 1030 3090 εὐφορὼτερον
1087 3020 1316 3090 ἔμελλον
1376 3024 1547 3075 οἴσειν
1604 3023 1742 3076 αυτά
1797 3024 1855 3077 ὲν

1957 3032 2104 3086 rant,
2139 3037 2201 3076 ea
2234 3019 2585 3092 postmodum
2643 3017 2699 3070 in
2757 3016 2924 3071 rebus
2978 3011 3324 3069 tolerabilius
3377 3006 3539 3063 laturi

270 3115 385 3174 τοῖς
422 3113 767 3181 πράγμασιν.

515 3113 767 3181 ίγμασιν.
1960 3124 2137 3170 erant.

345 3196 538 3254 Εἶπον
579 3232 644 3242 --
683 3201 880 3256 λαλεῖ.
919 3201 1130 3255 ’Ἐδόκει
1161 3201 1269 3273 γὰρ
1325 3204 1510 3266 αὐτοῖς
1540 3205 1855 3278 παραϐολήν
1882 3225 1926 3283 c

1915 3227 1926 3281 ς
2032 3207 2191 3264 Vers.
2223 3207 2309 3261 17.
2355 3205 2611 3259 Dixerunt
2640 3233 2707 3244 —-
2739 3201 2895 3258 Vers.
2929 3199 3016 3258 18.
3047 3199 3313 3268 loquatur.
3355 3192 3537 3263 Siqui-

271 3308 398 3344 τινα
433 3293 713 3346 κάνταῦθα
741 3294 946 3360 λέγειν,
983 3293 1058 3357 ὡς
1093 3294 1184 3346 καὶ
1211 3295 1269 3347 ὲν
1297 3293 1374 3362 τῷ
1397 3296 1540 3348 κατὰ
1578 3297 1857 3353 Ματθαῐον

1963 3305 2086 3359 dem
2122 3301 2440 3374 parabolam
2498 3301 2579 3354 eis
2629 3299 2922 3354 videbatur
2991 3295 3230 3364 aliquam
3257 3292 3421 3346 etiam
3453 3289 3540 3344 hic

275 3385 714 3453 προειρήκαμεν.
747 3386 908 3448 Ἴσως
935 3386 991 3439 δὲ
1024 3386 1201 3440 καὶτὸ
1225 3385 1456 3456 σφοδρὸν
1479 3389 1576 3458 τῆς
1619 3388 1861 3458 ἀθυμίας

1963 3389 2172 3454 dicere,
2209 3390 2353 3444 sicut
2383 3398 2440 3443 et
2472 3389 2524 3440 in
2554 3385 2848 3458 Evangelto
2885 3385 3042 3454 juxta
3067 3381 3382 3436 Matthmum
3412 3393 3548 3449 prte-

274 3472 378 3542 τὴν
405 3474 771 3542 ἀναισθησίαν
804 3477 1012 3546 ταύτην
1053 3478 1373 3544 ἐνεποίησεν
1428 3479 1635 3545 αὐτοῖς,
1678 3481 1773 3532 καὶ
1811 3481 1860 3533 oi

1964 3481 2224 3536 diximus.
2259 3479 2536 3536 Fortassis
2561 3489 2742 3534 autem
2799 3488 2854 3532 et
2911 3475 3149 3530 tristitiae
3205 3471 3544 3527 vehementia

278 3565 544 3628 πολλάκις
572 3567 750 3620 ταῦτα
783 3569 1127 3630 ἀκούσαντες
1167 3570 1310 3623 οὕτω
1341 3555 1611 3624 διέκειντο
1653 3571 1728 3633 ὡς
1759 3589 1862 3643 μη-

1967 3573 2445 3630 insensibilitatem
2477 3573 2621 3627 hanc
2637 3572 2717 3626 eis
2747 3571 3014 3640 iniecerat
3041 3583 3055 3620 :
3085 3575 3142 3621 et
3162 3565 3256 3636 qui
3293 3564 3549 3634 frequen-

279 3657 475 3711 δὲποτι
509 3659 675 3731 μηδὲν
705 3661 908 3714 τούτων
938 3662 1260 3734 ἀκηκοότες.

1974 3677 2054 3722 ter
2091 3668 2208 3722 haec
2237 3666 2550 3730 audierant,
2607 3664 2686 3720 sic
2725 3661 2902 3717 allecti
2965 3667 3146 3722 erant,
3205 3656 3361 3728 quasi
3414 3654 3552 3710 nihil

1967 3777 2210 3830 unquam
2237 3762 2433 3817 horum
2461 3760 2767 3815 audissent.

364 3846 558 3914 Ἔγνω
606 3877 676 3886 --
709 3864 820 3916 με;
853 3844 984 3900 Εἶτα
1030 3848 1379 3920 διερμηνευει
1425 3849 1484 3903 τὸ
1514 3849 1864 3921 ζητούμενον.

2041 3856 2198 3911 Vers.
2234 3857 2320 3912 l9.
2349 3856 2598 3928 Cognovit
2633 3885 2699 3895 -—-
2724 3871 2806 3908 me
2844 3857 2868 3909 ξ)
2899 3851 3108 3908 Deinde
3148 3850 3292 3922 quod
3345 3862 3555 3919 qutere—

1971 3951 2106 4005 bant
2149 3950 2568 4018 interpretatur.

377 4030 563 4100 Ἀμὴν
611 4063 673 4072 -
725 4032 918 4101 ὑμεῖς.
947 4033 1039 4103 Μὴ
1073 4031 1410 4102 θεωροῦντες
1441 4049 1506 4102 με
1552 4032 1628 4096 ὡς
1668 4034 1871 4104 τεθαμο

2050 4040 2211 4094 Vers.
2241 4039 2332 4094 20.
2391 4038 2786 4092 Amen—vos.
2823 4035 2941 4090 Non
2988 4033 3241 4090 videntes
3295 4046 3409 4098 me,
3458 4031 3560 4086 sub

293 4124 456 4196 μένον
490 4125 592 4176 ὑπὸ
617 4125 743 4193 γῆν.

1978 4143 2126 4188 terra
2145 4131 2406 4186 videlicet
2438 4129 2737 4200 sepultum.

376 4218 440 4269 Ὀ
478 4213 546 4268 δὲ
584 4221 814 4284 κόσμος
842 4214 1192 4284 χαρήσεται.
1224 4215 1287 4267 Οἱ
1319 4214 1566 4285 πονηροὶ,
1599 4214 1675 4278 ὡς
1701 4215 1877 4269 ἀπαλ-

2050 4222 2209 4278 Vers.
2247 4219 2740 4277 20.1fundusvero
2801 4219 3080 4289 gaudebit,
3141 4215 3265 4272 Mali
3327 4214 3560 4278 scilicet,

292 4309 552 4377 λαγέντες
587 4325 712 4377 μου.

1980 4327 2238 4386 tanquam
2273 4331 2301 4369 a
2335 4329 2424 4368 me
2447 4313 2677 4368 liberati.

379 4401 567 4468 Ὑμεῖς
591 4399 660 4452 δὲ
696 4397 1154 4466 λυπηθήσεσθε.
1181 4398 1325 4469 Πρὸς
1347 4400 1539 4471 καιρόν
1559 4417 1703 4454 τινα.
1735 4401 1880 4471 Ὅρα

2057 4407 2210 4464 Vers.
2246 4407 2335 4461 ΞΟ.
2379 4404 2478 4459 Vos
2505 4415 2680 4459 autem
2702 4403 3175 4458 contristabimiui.
3229 4400 3309 4455 Ad
3345 4399 3564 4469 aliquod

295 4495 355 4547 δὲ
385 4496 501 4552 πῶς
536 4491 680 4558 εἷπε,
709 4494 1020 4547 κλαύσετε
1046 4492 1144 4545 καὶ
1179 4492 1514 4560 θρηνήσετε
1545 4493 1644 4546 καὶ
1676 4495 1878 4559 dum)-
1916 4566 1917 4569 η

1988 4511 2223 4569 tempus.
2254 4498 2387 4552 Vide
2415 4508 2621 4562 autem,
2653 4495 2930 4566 quomodo
2989 4493 3225 4548 dixerit:
3282 4491 3568 4544 Plorabitis

297 4586 583 4652 θήσεσθε,
612 4585 904 4654 γυμνάζων
931 4584 1128 4646 αὐτοὺς
1157 4585 1249 4637 ἐπὶ
1291 4584 1453 4637 πλέον
1492 4587 1572 4647 εἰς
1598 4583 1878 4654 ὑπομονὴν
1916 4565 1919 4616 l

1943 4567 1956 4613 ’
1987 4599 2034 4643 et
2065 4589 2488 4643 lamentabimini
2538 4605 2600 4642 ac
2631 4585 3094 4646 contristabimini,
3125 4585 3192 4638 ad
3222 4583 3565 4638 tolerantiam

299 4679 392 4733 διὰ
417 4680 513 4748 τῆς
549 4679 831 4747 συνεχείας
875 4675 974 4730 καὶ
1005 4676 1311 4740 ὲπιτάσεως
1355 4677 1462 4729 τῶν
1506 4676 1876 4742 άλγυνόντων.

1989 4681 2225 4750 amplius
2253 4695 2347 4735 eos
2367 4695 2654 4740 exercens,
2695 4693 2792 4748 per
2848 4674 3317 4731 continuationem
3367 4673 3444 4742 (d)
3477 4688 3565 4727 eo-

1993 4788 2110 4825 rum
2144 4787 2264 4841 quae
2299 4785 2534 4824 mmrore
2569 4768 2824 4824 alliciant.

387 4861 541 4917 Ἀλλ’
583 4890 654 4900 -
700 4860 1039 4930 γενήσεται.
1074 4859 1244 4914 Πάλιν
1291 4859 1641 4929 θεωρούντων
1677 4877 1770 4929 με.
1807 4859 1883 4924 ὡς

2060 4861 2221 4917 Vers.
2255 4864 2344 4917 '20.
2377 4861 2482 4916 Sed
2513 4889 2581 4902 —-
2615 4869 2865 4915 vertetur.
2898 4858 3036 4913 Cum
3070 4870 3159 4911 me
3182 4856 3384 4910 iterum
3421 4854 3570 4908 vide-

306 4957 612 5013 ἀναστάντα
657 4957 721 5008 bc
758 4954 970 5024 νεκρῶν
997 4955 1122 5026 ἤδη.
1148 4948 1281 5007 Εἶτα
1311 4954 1493 5024 τίθησι
1525 4954 1620 5006 καὶ
1647 4953 1758 5022 (60)
1786 4971 1878 5006 κο-

1996 4953 2120 5008 bitis
2148 4969 2212 5007 ex
2249 4952 2479 5007 mortuis
2503 4951 2913 5007 rcsuscitatum.
2964 4947 3175 5003 Deinde
3233 4948 3390 5017 ponit
3410 4947 3572 5002 etiam

309 5049 508 5118 σμικδν
525 5047 912 5119 ἀναντίρρητον
932 5037 1280 5120 παράδειγμα
1296 5048 1390 5119 τῆς
1416 5044 1515 5117 τὴν
1538 5045 1717 5115 λύπην
1741 5048 1883 5113 άφα-

1999 5045 2219 5115 vulgare
2259 5044 2328 5115 (e)
2380 5059 2442 5098 ac
2485 5043 2848 5098 certissimum
2881 5041 3192 5112 exemplum
3239 5040 3307 5094 de
3355 5037 3569 5110 gaudio.

311 5139 563 5210 νιζούσης
593 5141 792 5211 χαρᾶς.

1998 5137 2143 5206 quod
2183 5149 2522 5197 mmroremo
2557 5135 2736 5190 medio
2764 5133 2929 5190 tollit.

1515 5334 1712 5396 Variae
1750 5333 2060 5396 lectiones
2098 5341 2157 5395 et
2193 5343 2382 5397 notat.

394 5499 504 5570 (60)
531 5503 765 5571 Μικρὸν,
798 5517 896 5568 pro
935 5499 1197 5570 κοσμικόν
1227 5499 1290 5553 Α.

419 5659 467 5725 c)
497 5660 573 5712 Ab
599 5662 692 5711 hoc
715 5659 908 5722 itaque.
937 5656 1176 5725 Denique
1208 5655 1277 5709 ab
1311 5655 1436 5725 hoc.
1631 5722 1642 5725 _
1813 5722 1823 5725 _
2071 5652 2148 5725 _(e)
2192 5652 2439 5725 Vulgare.
2473 5649 2532 5703 in
2561 5648 2750 5725 Grzeco
2772 5651 2890 5725 est.
2914 5643 3263 5725 mundanum,
3294 5641 3348 5697 id
3385 5651 3490 5725 est,
3511 5657 3572 5696 ex

419 5661 467 5725 c)
497 5661 573 5712 Ab
599 5662 692 5711 hoc
715 5661 908 5722 itaque.
937 5661 1176 5725 Denique
1208 5661 1277 5709 ab
1313 5661 1436 5709 hoc.
2079 5661 2148 5724 (e)
2196 5661 2439 5722 Vulgare.
2475 5661 2532 5703 In
2561 5661 2750 5704 tjrzeco
2772 5661 2878 5704 est.
2914 5661 3263 5708 mundanum,
3294 5661 3348 5697 tu
3385 5661 3490 5706 (εει,
3511 5661 3557 5696 (ιτ

393 5661 472 5802 id)
503 5729 983 5802 gonmnintionem.
1011 5724 1488 5802 Continuationem
1538 5722 1897 5802 et.i_ntentio-
2004 5723 2193 5802 rebus,
2225 5738 2357 5802 quae
2374 5722 2428 5775 in
2459 5719 2666 5802 mundo
2718 5716 2898 5773 solent
2945 5714 3214 5782 accidere,
3267 5712 3557 5784 repetitum

325 5789 474 5856 noin'.
501 5800 618 5852 Non
649 5798 860 5853 videtur
883 5795 1102 5868 legisse,
1133 5795 1569 5860 καὶὲπιτάσεως,
1603 5793 1658 5848 id
1688 5803 1772 5850 est
1800 5795 1897 5848 αὒ-

937 5795 1102 5868 gisse,
1133 5795 1569 5860 καὶὲπιτάσεως,
1603 5793 1658 5848 id
1688 5803 1772 5850 est
1800 5795 1897 5848 αὑ·
2002 5793 2115 5850 Nisi
2149 5789 2326 5848 κοινόν
2347 5789 2554 5862 legerit.

328 5869 556 5938 ξὴσεως.
