4108 6396
611 385 744 446 1423

675 490 827 544 Vera.
863 489 914 544 9.
947 487 1055 560 Ego
1093 515 1157 526 —
1198 500 1342 552 rogo.
1380 481 1482 534 Pro
1509 480 1588 535 eis
1614 491 1663 533 te
1686 493 1894 549 precor.
1923 489 2175 544 tanquam
2210 486 2251 540 Α

605 586 788 638 homo.
821 580 955 634 Nam
981 587 1034 633 et
1072 578 1162 632 hic
1191 584 1247 630 et
1278 575 1331 628 in
1374 570 1627 641 sequenti
1663 567 1927 624 sententia
1968 566 2180 634 capitur

606 673 794 743 ερωτῶ
823 687 923 740 pro
961 669 1188 723 obsecro.

680 760 829 814 V'ers.
855 760 908 814 9.
955 761 1074 813 Non
1103 787 1173 799 —
1203 764 1344 810 sunt.
1384 753 1501 808 Non
1539 766 1637 821 pro
1685 749 1890 803 mundo
1927 747 2182 802 universo

605 869 815 921 precor,
846 851 939 905 sed
978 867 1075 920 pro
1104 849 1187 903 his
1211 849 1302 917 qui
1339 846 1568 900 credunt
1594 843 1646 894 in
1678 856 1763 895 me
1794 857 1808 902 ;
1835 856 1958 894 nam
1984 839 2075 908 qui
2127 839 2183 892 in

606 958 690 995 me
708 958 813 994 non
831 941 1080 1002 credunt,
1104 939 1293 993 nolunt
1320 949 1379 989 ut
1400 950 1497 1004 pro
1521 937 1601 988 eis
1630 947 1804 986 orem.
1849 931 2186 999 Frequenter

605 1043 787 1084 autem
841 1031 994 1098 ponit
1027 1029 1249 1083 verbum
1306 1027 1514 1088 dedisti,
1575 1033 1634 1077 ut
1695 1022 1900 1075 tirmius
1948 1021 2182 1082 discant,

603 1122 746 1190 quod
809 1121 986 1172 Patris
1035 1119 1284 1172 voluntas
1342 1116 1409 1170 sit
1461 1125 1520 1168 ut
1559 1116 1813 1167 credatur
1866 1111 1919 1163 in
1969 1107 2183 1162 Filium.

609 1211 801 1263 Verum
833 1224 981 1277 quia,
1022 1207 1240 1268 Dedisti,
1267 1216 1322 1259 et
1364 1206 1455 1258 Tui
1496 1213 1638 1264 sunt,
1696 1220 1756 1254 ae
1785 1200 2005 1260 similia,
2056 1197 2187 1250 insi-

605 1301 880 1367 pientibus
973 1313 1166 1367 pravas
1220 1307 1540 1366 generatum
1603 1303 1759 1348 erant
1829 1290 2186 1360 suspiciones,

607 1406 797 1458 nempe
822 1389 965 1458 quod
996 1390 1166 1457 major
1189 1396 1242 1441 et
1267 1387 1541 1454 antiquior
1555 1393 1697 1438 esset
1723 1383 1894 1437 Patris
1911 1382 2184 1451 potentia,

613 1479 711 1530 ltus
742 1478 902 1529 solvit
923 1477 1115 1531 dicens
1147 1495 1160 1529 :

689 1566 842 1621 Vers.
904 1569 985 1622 10.
1021 1569 1089 1619 Et
1121 1595 1189 1604 -—
1224 1582 1359 1618 mea.
1398 1563 1559 1618 \‘ides
1637 1564 1908 1617 honorum
1973 1564 2193 1632 aequali-

607 1660 968 1713 tatcm?nam
1029 1659 1131 1710 hoc
1193 1655 1461 1726 signiﬁcat
1519 1671 1667 1708 nunc
1729 1657 1829 1708 ista
1883 1657 2190 1710 conversio.

605 1755 740 1805 Cum
770 1754 914 1805 enim
947 1751 1104 1816 dixit,
1131 1751 1224 1803 Tui
1251 1760 1395 1812 sunt,
1443 1751 1703 1813 ostendit,
1747 1750 1893 1818 quod
1925 1751 2084 1803 etiam
2134 1747 2187 1801 hi

606 1843 694 1908 qui
727 1842 826 1895 5ὼὶ
868 1842 973 1894 dati
1022 1849 1167 1904 sunt,
1207 1849 1444 1909 paternae
1475 1815 1911 1908 sintpotestatis,
1959 1853 2027 1892 ne
2071 1839 2192 1908 quis

2302 1834 2512 1902 [lat-96¢
2553 1831 2710 1880 εἰσιν.
2748 1826 2864 1877 Ἵνα
2893 1821 2950 1873 δὲ
3007 1817 3081 1889 μὴ
3111 1815 3310 1885 νομίσῃ

605 1946 735 1999 ergo
773 1931 1136 1998 potentiorem
1165 1938 1382 1999 putaret
1406 1927 1641 1988 Patrem,
1671 1927 1878 1981 addidit
1915 1943 1928 1979 :
1963 1925 2031 1979 Et
2074 1942 2190 1978 mea

605 2023 780 2073 omnia
819 2031 910 2073 tua
929 2030 1072 2084 sunt,
1099 2029 1146 2072 et
1183 2032 1277 2071 tua
1309 2035 1424 2071 mea
1453 2027 1597 2069 sunt.
1628 2015 1808 2084 Itaque
1837 2017 2000 2070 etiam
2038 2026 2192 2068 antc-

605 2127 766 2179 quam
793 2113 1078 2174 darentur,
1123 2109 1244 2163 Filii
1268 2118 1443 2172 erant,
1482 2121 1537 2160 et
1569 2117 1860 2176 postquam
1904 2108 2012 2160 dati
2045 2115 2192 2169 sunt,

606 2183 782 2256 Patris
816 2209 1256 2270 permanserunt,
1288 2201 1391 2252 hoc
1452 2206 1554 2260 est,
1611 2212 1829 2266 semper
1885 2197 2192 2258 amborum,

607 2301 794 2361 utpote
831 2290 1128 2360 aequalium
1157 2291 1211 2342 in
1255 2288 1551 2342 honoribus
1578 2299 1633 2340 et
1689 2286 1862 2339 bonis.
1922 2286 2028 2340 Eos
2069 2299 2196 2354 ergo

606 2385 736 2437 mihi
773 2382 992 2444 dedisti,
1023 2382 1114 2449 qui
1147 2381 1252 2432 mei
1288 2387 1464 2431 crant.
1508 2377 1707 2431 Dedisti
1755 2390 1887 2429 vero
1932 2376 2042 2428 dixi
2080 2374 2192 2428 dis-

608 2473 936 2544 pensatorie,
970 2481 1027 2524 ut
1048 2481 1402 2542 cognoscant,
1436 2469 1578 2538 quod
1634 2483 1742 2522 non
1783 2476 1978 2538 praeter
2002 2466 2197 2520 volun-

617 2574 782 2618 tatem
810 2573 957 2616 tuam
987 2562 1087 2614 hos
1115 2561 1453 2613 attraxerim.

679 2653 830 2706 Veis.
869 2648 956 2702 10.
989 2648 1055 2701 Et
1087 2677 1157 2686 —
1186 2650 1277 2702 eis.
1309 2647 1484 2701 Etiam
1517 2653 1839 2714 potestatem
1871 2644 2096 2708 [habens
2141 2645 2195 2698 in

610 2741 695 2795 his
728 2755 844 2810 qua:
888 2751 977 2792 tua
1007 2747 1155 2801 sunt,
1188 2737 1329 2790 sicut
1365 2737 1418 2788 in
1461 2736 1542 2787 his
1573 2749 1693 2802 qua:
1734 2747 1852 2786 mea
1885 2751 1898 2786 :
1931 2736 2194 2802 quemad-

614 2832 832 2886 modum
871 2839 926 2884 et
993 2840 1049 2882 tu
1083 2830 1137 2882 in
1179 2827 1263 2881 bis
1297 2843 1412 2894 qua:
1466 2841 1585 2881 mea
1629 2833 1775 2889 sunt,
1816 2826 1957 2880 sicut
2005 2827 2060 2879 in
2113 2826 2196 2882 his

609 2937 730 2992 quae
766 2922 874 2974 tua.

682 3013 794 3076 Vel,
828 3010 1156 3081 gloi'iticatus
1186 3024 1306 3063 sum
1363 3009 1416 3062 in
1448 3008 1749 3078 discipulis,
1783 3007 1874 3077 qui
1921 3006 2054 3061 mihi
2086 3005 2196 3060 dati

611 3113 764 3168 sunt,
797 3101 1213 3173 ag‘tmscentibus
1245 3117 1331 3154 me
1358 3100 1644 3154 Dominum
1676 3114 1856 3161 suum,
1879 3106 1933 3152 et
1969 3098 2199 3151 adoran-

611 3197 755 3250 tibus
781 3212 843 3249 ac
875 3192 1294 3264 praedicantibus
1332 3208 1416 3246 me
1447 3192 1639 3246 Deum.

681 3288 834 3342 Vers.
886 3287 971 3340 Η.
1011 3285 1078 3339 Et
1119 3311 1189 3325 --
1228 3287 1443 3337 mundo.
1497 3284 1659 3338 l'aulo
1699 3293 1821 3355 post
1877 3282 2192 3337 moriturus.

609 3378 845 3432 Rursun
879 3386 1057 3431 autem
1111 3390 1414 3429 sermonem
1467 3375 1532 3429 de
1579 3386 1753 3430 morte
1807 3390 1912 3427 sua
1967 3372 2194 3432 ἱιιιΙυι-ἱι,

614 3473 1086 3524 commendaturus
1128 3481 1224 3520 eos
1265 3476 1517 3534 tauquam
1554 3466 1716 3519 homo
1763 3471 1868 3518 Deo
1913 3481 1974 3518 ac
2018 3463 2194 3517 Patri.

611 3563 867 3628 Aitergo,
897 3558 1019 3611 Jam
1079 3573 1182 3610 non
1231 3573 1346 3610 sum
1378 3558 1432 3608 in
1470 3558 1687 3614 mundo.
1724 3556 1865 3610 sicut
1912 3558 2192 3615 hactenus,

607 3668 731 3707 cum
781 3654 861 3704 eis
923 3663 1209 3704 conversar
1240 3676 1266 3702 ο
1299 3660 1352 3700 ct
1409 3650 1759 3712 confirmans,
1818 3648 2087 3716 inungens
2132 3661 2195 3700 ac

609 3743 896 3797 consolans
926 3742 1069 3796 illos.

681 3831 839 3888 Vers.
909 3834 991 3886 Η.
1046 3832 1114 3885 Et
1149 3861 1217 3872 —-
1257 3840 1401 3884 sunt.
1463 3827 1714 3882 Nondum
1777 3829 2093 3893 morientes,
2141 3836 2196 3882 et

611 3936 897 3994 propterea
948 3933 1040 3978 tuo
1071 3932 1230 3994 egent
1265 3921 1487 3976 auxilio.
1524 3921 1659 3974 Cum
1711 3931 1893 3974 autem
1945 3917 2191 3985 dixisset,

611 4015 728 4070 lant
754 4033 857 4068 non
898 4033 1014 4067 sum
1057 4017 1113 4068 in
1153 4020 1366 4075 mundo,
1399 4015 1793 4081 interpretatur
1822 4011 1924 4064 hoc
1959 4011 2147 4064 dicens
2177 4025 2190 4062 :

685 4104 836 4160 Vers.
889 4106 975 4157 il.
1021 4105 1082 4158 Et
1115 4134 1182 4144 —
1209 4105 1377 4156 venio.
1421 4101 1575 4154 Sicut
1628 4101 1797 4153 Filius
1847 4101 1914 4154 ad
1956 4101 2191 4164 Patrem,

614 4202 1000 4250 co..sutnn)ato
1024 4194 1134 4262 jam
1169 4206 1353 4262 Opere,
1394 4200 1452 4243 ut
1474 4190 1676 4244 dictum
1710 4201 1810 4244 est.

686 4283 849 4338 Vers.
905 4285 988 4338 Η.
1023 4282 1187 4335 Pater
1216 4313 1279 4323 —
1317 4297 1414 4334 me.
1450 4281 1550 4335 Per
1581 4296 1777 4335 nomen
1825 4291 1974 4336 tuum
2017 4280 2193 4335 omni-

614 4383 827 4443 potens,
883 4372 1024 4440 quod
1061 4379 1116 4424 et
1157 4386 1256 4440 ego
1295 4379 1486 4423 natura
1544 4369 1739 4423 habeo.
1798 4367 1930 4422 Nam
1986 4379 2040 4422 et
2095 4383 2196 4438 ego

1822 369 2200 430 EU'I‘HYMI]
2254 364 2615 426 ZIGABENI

3715 349 3841 414 li“

2365 473 2511 541 ‘Ept‘u
2547 501 2614 510 —
2643 465 2856 537 ἐρωτῶ.
2901 465 3072 534 ’Υπὲρ
3113 463 3286 516 αὐτῶν
3323 456 3630 530 παρακαλῶ
3667 473 3745 521 σε,
3777 459 3844 517 ὡς

2286 566 2587 634 ἄνθρωπος.

2362 737 2442 790 Οὐ
2476 763 2540 775 -
2569 735 2746 787 εἰσιν.
2785 730 2860 782 Οὐ
2893 726 3023 796 περὶ
3059 724 3154 777 τοῦ
3190 726 3400 792 κόσμου
3433 719 3640 782 παντὸς
3674 733 3847 784 παραυ

2288 827 2459 887 καλῶ,
2487 823 2622 877 ἀλλά
2657 823 2783 890 περ).
2813 819 2921 872 τῶν
2955 815 3324 869 πιστευόντων
3357 814 3439 873 εἰς
3471 810 3598 879 ἐμέ.
3648 806 3713 862 Οἰ
3749 808 3849 874 γὰρ

2292 922 2366 990 μὴ
2396 916 2746 971 πιστεύοντες
2774 915 2832 964 οὐ
2884 911 3130 962 Θέλουσιν
3162 909 3250 959 ἵνα
3284 905 3416 974 περὶ
3448 901 3631 955 αὐτῶν
3677 916 3850 969 παρα-

2289 1011 2478 1064 καλώρ
2519 1006 2743 1066 Πυκνῶς
2777 1003 2833 1054 δὲ
2872 1003 3054 1069 τίθησι
3094 1000 3152 1051 τὸ
3185 997 3474 1060 Δέὄωκας,
3519 993 3609 1046 ἵνα
3649 993 3852 1060 μάθωσι

2292 1100 2636 1171 βεδαιύτερον
2662 1098 2742 1149 ὅτι
2765 1094 2979 1160 θέλημα
3000 1087 3093 1142 τοῦ
3118 1087 3329 1157 Πατρός
3356 1090 3469 1138 ἐστι
3493 1083 3552 1136 τὸ
3579 1081 3852 1134 πιστεύειν

2291 1195 2368 1252 εἰς
2404 1190 2492 1241 τὸν
2532 1187 2682 1240 Υἱόν.
2723 1181 2912 1254 [Ἐπεὶ
2946 1179 3059 1250 (84)
3091 1177 3147 1230 δὲ
3185 1176 3246 1228 τὸ
3298 1174 3568 1238 Δέδωκὰς
3602 1187 3727 1240 μοι,
3766 1172 3854 1221 καὶ

2290 1283 2352 1334 τὸ
2387 1281 2491 1334 Σοί
2519 1282 2656 1336 εἰσι,
2690 1275 2782 1327 καὶ
2811 1275 2879 1327 τὰ
2909 1264 3138 1328 τοιαῦτα
3163 1265 3392 1336 ἔμελλον
3416 1262 3722 1333 ἐμποιῆσαι
3749 1261 3856 1320 τοῖς

2295 1373 2580 1431 ἀσυνέτοις
2636 1366 2872 1436 ὑποψίας
2911 1363 3151 1433 πονηρὰς
3196 1361 3278 1412 ὅτι
3329 1355 3595 1427 μείζωνὴ
3641 1352 3857 1417 ἐξουσία

2293 1467 2383 1520 τοῦ
2421 1463 2631 1534 Πατρὸς
2661 1461 2755 1513 καὶ
2791 1454 3222 1528 προγενεστέρα,
3253 1449 3369 1502 λύει
3401 1447 3608 1508 ταύτας
3636 1439 3854 1511 λέγων]

2364 1557 2472 1610 Kal
2526 1581 2594 1593 —-
2639 1548 2771 1619 ἐμά.
2818 1545 2971 1608 Εἶδες
3016 1543 3327 1612 ἰσοτιμίαν;
3368 1539 3531 1591 τοῦτο
3569 1537 3681 1604 γὰρ
3715 1533 3858 1602 δηλοί

2293 1649 2387 1702 νῦν
2436 1641 2856 1716 ήὰντιστροφή.
2911 1635 3094 1690 Εἰπὼν
3145 1633 3245 1702 μὲν
3283 1627 3376 1684 οὖν
3416 1631 3498 1681 ὅτι
3532 1626 3638 1679 Σοί
3682 1625 3854 1684 εἰσιν,

2296 1739 2494 1802 ἕδ-ιξεν
2539 1738 2619 1788 ὅτι
2665 1734 2758 1787 καὶ
2807 1729 3049 1789 δοθέντες
3106 1723 3252 1793 αὐτῷ
3312 1721 3412 1789 τῆς
3467 1713 3721 1781 ἐξουσίας
3762 1711 3851 1763 τοῦ

3355 1827 3440 1873 τις
3474 1805 3732 1860 ἐντεῦθεν
3771 1803 3849 1855 ὃτι

2297 1916 2851 1988 ὲξουσιαστικώτερὸς
2891 1915 3039 1965 ὲστιν
3071 1912 3098 1962 ὁ
3131 1909 3342 1976 Πατὴρ,
3379 1899 3690 1972 προσέθηκε
3713 1913 3728 1928 ⁸
3755 1894 3857 1948 Kal

2295 1986 2366 2068 τά
2389 2015 2499 2082 ἐμὰ
2523 2009 2737 2069 πάντα,
2765 2005 2846 2059 σά
2868 2005 3019 2067 ἐστι,
3048 1999 3144 2054 καὶ
3169 1999 3239 2051 τὰ
3264 1995 3346 2049 σὰ
3367 1993 3504 2062 ἐμά.
3529 1990 3719 2062 (Ὥστε
3747 1986 3860 2082 (85.)

2297 2108 2390 2158 καὶ
2418 2079 2524 2174 πρὶ
2571 2102 2662 2154 τοῦ
2702 2098 2922 2166 δοθῆναι
2968 2093 3056 2146 τοῦ
3115 2089 3247 2143 Υἰοῦ
3283 2084 3448 2159 ἦσαν,
3501 2083 3598 2136 καὶ
3635 2079 3772 2174 μετά
3804 2079 3862 2174 τὸ

2295 2169 2510 2264 δοθῆναι
2555 2192 2650 2244 τοῦ
2703 2190 2936 2257 [ἰατρὸς.
2981 2184 3255 2237 τουτέστιν
3299 2179 3386 2232 ἀεὶ
3429 2173 3762 2246 ἀμφοτέρων
3791 2169 3864 2231 ὡς

2300 2287 2578 2355 ἰσοτίμων.
2624 2283 2872 2341 Δέδωκας
2916 2277 3010 2330 οὖν
3058 2291 3149 2346 μοι
3179 2273 3304 2334 τοὺς
3355 2270 3546 2334 ἐμούς.
3597 2264 3864 2325 Δέόωκας

2297 2381 2351 2432 δὲ
2393 2375 2544 2429 εἷπον
2590 2369 2974 2440 οἰκονομικῶς,
3008 2368 3096 2420 ἵνα
3149 2364 3356 2432 γνῶσιν
3380 2363 3462 2414 ὃτι
3493 2359 3554 2411 οὐ
3610 2355 3761 2426 παρά
3808 2355 3867 2405 τὸ

2301 2471 2391 2523 σὸν
2427 2467 2638 2535 θέλημα
2671 2461 2892 2524 τούτους
2925 2450 3372 2525 ὲπεσπασάμην].

2371 2652 2480 2706 Κιιί
2512 2679 2581 2691 -—
2605 2645 2826 2707 αὐτοῖς.
2856 2645 2965 2696 Καὶ
2989 2640 3243 2707 ἐξουσίαν
3271 2637 3380 2707 ἔχω
3400 2637 3460 2688 ὲν
3492 2635 3610 2696 τοῖς
3643 2633 3756 2694 σοῖς
3790 2629 3866 2693 ὼς

2299 2747 2473 2814 ἐμοῖς,
2505 2740 2692 2806 ὥσπερ
2719 2738 2813 2790 καὶ
2847 2736 2909 2787 σὺ
2934 2737 2991 2787 ὲν
3018 2735 3132 2796 τοῖς
3161 2731 3314 2798 ὲμοῐς
3341 2728 3417 2791 ὼς
3450 2727 3586 2789 σοῖς.

2373 3005 2463 3068 Ἣ,
2497 3000 2814 3068 δεδόξασμαι
2850 2998 2904 3047 ἐν
2939 2997 3045 3056 τοῖς
3077 2993 3276 3046 δοθεῖσί
3313 3008 3402 3059 μοι
3438 2988 3712 3059 μαθηταῖς
3748 2989 3871 3038 ἑπι-

2301 3095 2490 3164 γνοῦσι
2551 3093 2647 3163 μὲν
2701 3092 2905 3160 Κύριον
2955 3084 3164 3138 ἑαυτῶν
3210 3083 3305 3136 καί
3357 3078 3726 3151 προσκυνοῦσι
3776 3078 3874 3129 καὶ

2301 3185 2636 3259 κηρύττουσί
2676 3199 2740 3253 με
2770 3182 2923 3234 Θεό-ι.

2368 3279 2479 3334 Καὶ
2529 3307 2598 3318 -—-
2648 3276 2874 3342 κόσμῳ.
2919 3270 3070 3326 Μετά
3108 3269 3300 3340 μικρὸν
3347 3266 3729 3336 ἀποθνήσκων.
3760 3265 3875 3316 Πά-

2296 3375 2380 3426 λιν
2429 3374 2543 3443 (86)
2595 3371 2651 3423 δὲ
2707 3372 2917 3435 εἰσάγει
2956 3366 3016 3417 τὸ
3065 3364 3196 3433 περὶ
3249 3363 3342 3414 τοῦ
3396 3362 3630 3414 θανάτου
3679 3358 3872 3419 αὑτοῦ,

2301 3465 2510 3536 μέλλων
2540 3463 2761 3525 αὐτοὺς,
2807 3461 2882 3522 ὼς
2916 3459 3222 3527 ἄνθρωπος,
3258 3452 3603 3523 παραθέσθαι
3649 3451 3725 3521 τῷ
3754 3449 3875 3518 Θεῴ

2297 3563 2390 3612 καὶ
2416 3556 2610 3626 Πατρί.
2638 3555 2805 3623 «Imm
2838 3551 2930 3604 οὖν
2981 3553 3064 3604 ὅτι
3109 3549 3318 3602 Οὐκέτι
3363 3547 3477 3615 (87)
3507 3547 3623 3614 εἰμί
3671 3545 3742 3596 ἑν
3789 3541 3873 3606 τῷ

2296 3652 2523 3719 κόσμω,
2582 3649 2836 3714 καθάπερ
2867 3644 2994 3714 ἄχρι
3047 3643 3160 3706 νῦν,
3203 3641 3400 3699 συνὼν,
3439 3638 3536 3690 καὶ
3560 3636 3863 3706 στηρίζων,

2299 3743 2393 3795 καὶ
2425 3741 2684 3808 ἀλείφων,
2721 3738 2816 3788 καὶ
2849 3733 3180 3806 παρηγορῶν
3213 3731 3412 3794 αὐτούς
3446 3730 3583 3800 (88).

2370 3835 2500 3907 {Kal
2526 3833 2636 3902 (89)
2667 3861 2736 3871 --
2764 3831 2907 3884 εἰσί.
2932 3830 3117 3897 Μήπω
3155 3826 3618 3892 ἀποθνήσκοντες,
3653 3820 3748 3872 καὶ
3778 3819 3875 3871 διὰ

2299 3926 2458 3978 τοῦτο
2502 3923 2601 3991 τῆς
2643 3923 2738 3992 σῆς
2780 3921 2986 3974 δέονται
3023 3918 3296 3987 βοηθείας.
3335 3912 3517 3966 Εἰπὼν
3542 3913 3599 3964 δὲ
3635 3912 3716 3964 ὅτι
3745 3911 3874 3963 Οὑιι

2295 4018 2410 4088 εἰμί
2445 4018 2513 4070 ἐν
2541 4014 2620 4078 τῷ
2651 4016 2878 4082 κόσμῳ,
2903 4010 3266 4081 ὲφερμηνεύει
3294 4009 3453 4060 τοῦτο
3483 4009 3659 4074 λέγων
3679 4023 3694 4036 ο

2366 4110 2477 4165 Καὶ
2524 4138 2596 4153 -
2646 4105 2940 4175 ἔρχομαι).
3003 4105 3089 4167 Ὠς
3148 4103 3274 4165 Tit;
3327 4102 3460 4172 πρὸς
3509 4101 3752 4170 Πατέρα,
3813 4097 3881 4149 τὸ

2299 4203 2458 4272 ἔργον
2489 4201 2804 4272 τελειώσας,
2839 4198 2915 4258 ὼς
2947 4201 3184 4266 εἴρηται.

2368 4298 2563 4363 Πάτερ
2597 4324 2665 4334 --
2689 4310 2812 4362 μοι.
2862 4293 2961 4344 Διά
2988 4289 3082 4343 τοῦ
3110 4288 3373 4358 ὀνόματός
3405 4304 3500 4340 σου
3530 4285 3626 4338 τοῦ
3671 4301 3879 4338 παιτο-

2308 4390 2553 4460 δυνὰμου
2585 4388 2612 4440 δ
2642 4389 2749 4457 ἔχω
2782 4385 2942 4454 φύσει
2969 4381 3148 4449 κάγώ.
3186 4379 3338 4453 (Θεὸς
3385 4378 3498 4449 (90)
3528 4380 3638 4446 γὰρ
3665 4375 3879 4447 κάγώ).

614 4469 758 4521 Deus
786 4483 929 4520 sum.
964 4465 1166 4518 lterum
1193 4473 1374 4516 autem
1405 4461 1500 4526 ait,
1534 4459 1776 4526 Donasti,
1815 4475 1882 4514 ne
1907 4461 2017 4513 Deo
2045 4461 2192 4514 vide-

2301 4459 2472 4535 Πάλιν
2519 4479 2576 4531 δὲ
2623 4479 2685 4530 τὸ
2737 4476 3023 4539 Δέὄωκας,
3063 4475 3150 4526 ἵνα
3179 4473 3255 4543 μὴ
3297 4471 3422 4542 δόξῃ
3473 4469 3748 4532 ἀντίθεος·
3776 4469 3815 4540 ἢ
3853 4470 3883 4521 ὃ

617 4574 765 4612 retur
798 4572 918 4610 esse
949 4555 1285 4610 contrarius.
1332 4554 1444 4619 Vel,
1475 4555 1616 4623 quod
1647 4553 1844 4607 dedisti
1876 4551 2030 4618 mihi,
2067 4562 2190 4607 tan-

614 4667 774 4720 quam
811 4649 1043 4703 nomini.

689 4742 838 4796 Vers.
871 4743 956 4796 11.
1006 4741 1066 4797 Ut
1095 4743 1202 4795 sint
1232 4757 1414 4793 unum.
1449 4738 1665 4794 Uuitate
1691 4739 1838 4805 ﬁdei,
1878 4753 1995 4809 qua:
2021 4739 2074 4793 in
2103 4754 2190 4792 me

617 4841 716 4895 cst,
760 4839 814 4883 et
867 4841 1051 4883 mutua
1111 4830 1418 4896 dilectione,
1471 4829 1538 4884 de
1580 4844 1685 4899 qua
1719 4831 1969 4899 superius
2022 4830 2191 4884 multa

614 4925 692 4976 eis
732 4932 1081 4992 praeceperat.

687 5015 838 5068 Vers.
874 5015 955 5068 Η.
988 5013 1136 5068 Sicut
1167 5030 1278 5067 nos.
1304 5011 1558 5070 l'rzedixit
1585 5014 1754 5082 enim,
1800 5016 1908 5086 Ego
1960 5027 2008 5069 et
2032 5015 2190 5069 Pater

618 5125 777 5161 unum
805 5123 983 5160 sumus
1010 5107 1073 5161 “.
1121 5107 1276 5163 l’rius
1305 5117 1486 5162 autem
1516 5108 1632 5163 aliis
1658 5108 1713 5162 in
1748 5107 1882 5162 locis
1931 5106 2190 5161 disserui-

733 5225 780 5256 ⁸³
803 5224 961 5279 Joan.
984 5239 1040 5291 ι,
1066 5223 1159 5279 50.

2299 4573 2535 4634 δέδωκάς
2576 4587 2695 4640 μοι,
2725 4569 2799 4632 ὼς
2830 4567 3126 4636 ἀνθρώπῳ.

2371 4739 2506 4794 Ἵνα
2551 4731 2702 4791 ὦσιν
2747 4734 2837 4787 ἐν.
2890 4735 3006 4786 Ἰνα
3053 4727 3188 4786 ὦσιν
3232 4731 3312 4796 ἓν,
3354 4734 3421 4802 τῇ
3446 4731 3641 4785 ὲνώσει
3673 4735 3772 4802 τῆς
3800 4735 3885 4795 εἰς

2298 4831 2401 4903 ἐμὲ
2453 4830 2710 4893 πίστεως,
2789 4826 2885 4879 καὶ
2951 4826 3051 4895 τῆς
3127 4827 3208 4888 εἰς
3286 4823 3556 4894 ἀλλήλους
3626 4825 3880 4895 ἀγάπης,

2304 4924 2458 4998 [περὶ
2512 4921 2624 4993 (91)
2673 4917 2743 4993 ἧς
2792 4919 3045 4992 ἀνωτέρω
3091 4917 3262 4971 πολλά
3303 4917 3488 4979 αὐτοῖς
3517 4917 3882 4989 harenato].

2365 5013 2574 5078 Καθὼς
2623 5012 2811 5081 ἡμεῖς.
2865 5010 3194 5083 [Προείρηκε
3246 5011 3361 5081 (9‘2)
3413 5011 3559 5080 γὰρ·
3610 5011 3693 5063 ὅτι
3735 5010 3886 5080 Ἐγὼ

2298 5110 2397 5162 καὶ
2445 5111 2477 5160 ό
2529 5105 2732 5173 Πατὴρ
2776 5104 2848 5158 ἓν
2874 5104 3086 5172 ἐσμεν.
3125 5101 3665 5175 Προδιεστειλάμεθα
3695 5102 3754 5158 δὲ
3787 5103 3888 5157 καὶ

1822 5337 2021 5399 Variae
2051 5339 2358 5402 lectiones
2390 5346 2451 5401 ct
2481 5345 2670 5401 notas.

690 5471 801 5536 (84)
843 5468 1050 5523 Inclusa
1073 5469 1270 5524 omittit
1298 5471 1361 5523 Α.

688 5541 799 5608 (85)
830 5539 1042 5592 inclusa
1078 5541 1277 5593 absunt
1294 5541 1361 5592 Α.

690 5609 799 5677 (36)
835 5609 1003 5660 Πάλιν
1034 5609 1225 5674 ἐπάγει
1253 5612 1318 5664 Α.

692 5680 804 5748 (87)
836 5679 960 5748 ξὈτι
994 5680 1091 5729 οὐκ
1120 5681 1233 5746 εἰμί
1263 5681 1324 5730 Α.

694 5747 806 5816 (88)
830 5747 960 5802 Post
1014 5749 1239 5814 Αὐτοὺς,
1274 5750 1421 5804 addit
1465 5753 1505 5804 Δ
1533 5769 1545 5804 :
1574 5752 1644 5805 TL
1671 5750 1726 5803 δὲ
1782 5753 1871 5804 γα)
1906 5751 2015 5819 ἐγὼ
2051 5753 2185 5822 πρὸς

2305 5471 2364 5524 σὲ
2394 5472 2647 5543 ἔρχομαι.

2372 5542 2490 5614 (89)
2518 5543 2734 5614 inclusa
2770 5542 2969 5614 absunt
2995 5542 3060 5595 Α.

2374 5611 2485 5678 (90)
2514 5613 2725 5667 Inclusa
2756 5611 3076 5666 exciderunt
3097 5611 3160 5665 Α.

2367 5685 2478 5743 (9|)
2515 5683 2722 5736 Inclusa
2757 5684 2956 5734 absunt
2993 5683 3060 5737 Α.

2369 5753 2480 5822 (9:!)
2515 5755 2724 5806 Inclusa
2761 5751 2959 5806 absunt
2985 5752 3049 5806 A.
