4068 6388
178 360 321 424 1N5

1131 359 1516 421 COMMENT.
1559 361 1641 422 ΙΝ
1682 358 2157 421 JOANNEM.—
2193 361 2350 423 CAP.
2391 362 2580 426 XVII.

3314 374 3448 437 1446

167 482 227 532 ὲν
264 478 448 542 ἀλῖοις
475 479 555 530 ὅτι
587 477 648 529 τὸ
679 477 884 542 Καθὼς
917 479 1010 531 καὶ
1035 475 1101 533 τὰ
1130 477 1362 531 τοιαῦτα
1396 478 1491 530 ἐπὶ
1527 479 1629 548 μὲν
1655 477 1747 546 τῆς

1862 490 2004 539 mus,
2032 475 2175 545 quod
2203 475 2386 538 καθὼς
2411 477 2570 543 sicut,
2595 486 2648 530 ct
2672 479 2891 542 similia,
2915 480 2983 535 de
3018 493 3202 539 sancta
3221 491 3444 557 quidem

165 572 328 636 ἁγίαις
364 572 593 641 Τριάδος
633 571 856 640 ἰσότητα
903 569 1178 638 δηλοῦσιν,
1230 572 1322 622 ἐπὶ
1373 570 1430 623 δὲ
1466 569 1605 623 Θεοῦ
1644 571 1738 622 καὶ

163 662 474 733 ἀνθρώπων
520 661 780 731 ὁμοίωσίν
829 679 972 714 τινα.
1016 663 1111 714 Ἐν
1159 657 1253 715 οὖν
1297 663 1438 714 εἰσιν
1486 664 1515 714 ὁ
1559 662 1749 731 Πατὴρ

180 758 280 807 καὶ
305 759 331 808 6
364 753 539 826 T163],
572 754 762 824 ὥσπερ
798 758 862 825 τῇ
895 757 1055 826 οὐσίᾳ
1088 757 1184 808 καὶ
1214 759 1326 816 τοῖς
1367 754 1570 819 ἄλλοις,
1607 755 1749 808 οὕτω

170 844 272 896 καὶ
300 849 366 914 τῇ
402 845 646 914 ὁμονοίᾳ.
695 848 899 899 Λοιπὸν
930 843 1020 900 οὖν
1067 848 1149 912 τὺ,
1183 839 1387 913 Καθὼς
1417 848 1610 916 ἡμεῖς,
1662 850 1748 902 διὰ

161 933 226 986 τὸ
260 935 562 1006 ἀδιαίρετον
592 937 687 990 καὶ
719 937 1108 1007 ἀδιάρρηκτον.

245 1025 382 1078 Ὅτε
412 1055 478 1067 --
510 1042 647 1082 σου.
675 1027 803 1079 Ὅτε
835 1028 984 1098 ἥμην
1027 1031 1084 1079 ὲν
1113 1029 1190 1099 τῷ
1220 1030 1409 1098 κόσμῳ
1432 1031 1507 1093 ὡς
1538 1031 1747 1099 ἂνθρω-

164 1131 307 1171 ποςο
368 1118 454 1170 ἀεὶ
520 1120 625 1190 γὰρ
677 1121 795 1187 είμι
841 1119 914 1182 ὡς
974 1121 1148 1183 Θεὸς·
1206 1123 1293 1173 ὅτε
1349 1121 1458 1190 ἐγὼ
1516 1124 1747 1193 ἐτήρουν

179 1208 379 1272 αὐτοὺς
429 1211 488 1263 ὲν
548 1214 613 1280 τῇ
663 1210 892 1279 δυνάμει
923 1229 1038 1274 σουο
1092 1212 1257 1282 ἤγουν
1299 1217 1357 1266 έν
1391 1217 1508 1267 σ⁰ί’
1558 1219 1591 1285 ἡ
1639 1216 1744 1285 ἐμὴ

166 1299 281 1365 γὰρ
307 1300 534 1370 δύναμις
572 1303 660 1372 σὴ,
697 1303 790 1354 καὶ
819 1304 929 1370 ἐγὼ
963 1303 1058 1356 καὶ
1095 1306 1159 1355 σὺ
1191 1304 1249 1356 ἓν
1272 1306 1465 1370 ἐσμεν.

245 1387 346 1440 Καὶ
376 1391 452 1452 ὠς
491 1390 780 1460 ἄνθρωπος
826 1390 879 1442 δὲ
925 1392 1100 1444 ταῦτα
1136 1396 1231 1446 καὶ
1267 1395 1336 1448 τὰ
1368 1395 1598 1449 τοιαῦτα
1630 1397 1745 1450 δια-

164 1476 403 1544 λέγεται,
436 1484 531 1534 καὶ
551 1485 639 1533 διὰ
667 1483 766 1549 τὴν
791 1481 1078 1536 ἀσθένειαν
1107 1484 1218 1536 τῶν
1246 1486 1530 1556 μαθητῶν.
1555 1485 1744 1558 [Ἐπεὶ

167 1572 283 1639 γὰρ
329 1573 461 1644 (93),
517 1574 684 1626 πολλά
741 1575 870 1644 περὶ
925 1576 1022 1644 τῆς
1076 1577 1208 1646 παρ’
1265 1578 1432 1630 αὑτοῦ
1485 1578 1743 1650 βοηθείας

162 1663 520 1727 ἀκούσαντες,
583 1670 675 1718 καὶ
735 1663 816 1720 ὅτι
879 1669 1075 1723 Πάλιν
1122 1671 1345 1738 ὄψομαι
1402 1671 1583 1742 ὑμᾶς,
1643 1677 1744 1728 καὶ

163 1754 492 1822 χαρήσεται
534 1755 701 1825 ὑμῶν
733 1759 768 1824 ἠ
800 1759 1033 1826 καρδία,
1077 1761 1174 1814 καὶ
1206 1761 1318 1826 τὴν
1357 1764 1551 1832 χαρὰν
1577 1765 1744 1834 ὑμῶν

161 1842 362 1912 οὐδεὶς
409 1848 554 1911 αἴρει
608 1850 708 1916 ἀφ’
746 1850 945 1918 ὑμῶν’
1000 1853 1101 1905 οὐκ
1162 1853 1560 1924 ἀπηλλάγησαν
1592 1856 1745 1911 οὔπω

160 1935 268 2002 τῆς
307 1940 546 2009 ἀθυμίας
582 1941 764 1993 τέλεον
787 1959 799 1972 ο
843 1943 920 2010 τῷ
959 1943 1134 2012 “arpi
1173 1943 1357 1998 λοιπὸν
1391 1946 1532 2016 ὑπὲρ
1563 1948 1744 2000 αὐτῶν

159 2025 495 2096 διαλέγεται,
538 2029 624 2082 ἵνα
654 2031 758 2083 κᾶν
808 2027 939 2096 γοῦν
985 2032 1063 2098 τῷ
1097 2033 1276 2103 Πατρὶ
1312 2036 1746 2107 παρατιθέμενοι

159 2118 540 2191 Θειῤῥήσωσιν.
609 2124 847 2186 ’Λτελείς
905 2124 1015 2192 γὰρ
1077 2125 1232 2187 ὄντες
1283 2125 1381 2195 οὐχ
1435 2126 1580 2180 οὕτω
1631 2132 1745 2191 τοῖς

162 2206 390 2276 ὑψηλοῖς
423 2210 517 2263 καὶ
555 2211 754 2281 θεοπρε
771 2213 890 2264 πέσι
922 2215 1165 2282 ῥήμασιν
1200 2215 1489 2270 ἐπίστευον
1517 2217 1592 2279 ὼς
1631 2223 1746 2281 τοῖς

157 2301 574 2372 ταπεινοτέροις
603 2305 698 2357 καὶ
731 2305 1286 2378 ἀνθρωποπρεπέσιν]
1299 2348 1315 2361 .

241 2391 355 2458 Οὓς
377 2425 446 2433 -
477 2396 803 2460 ἀπωλείας.
854 2397 1081 2461 Ἰούδας,
1124 2400 1150 2450 ό
1180 2400 1470 2470 προδότης,
1495 2405 1523 2455 6
1555 2403 1744 2469 φίλτα-

156 2497 257 2544 τος
309 2484 406 2553 τῆς
453 2487 750 2549 ἀπωλείας,
794 2489 821 2540 ὁ
875 2487 1125 2557 φιληθεὶς
1168 2491 1310 2560 αὐτῇ
1364 2495 1459 2545 καὶ
1512 2496 1744 2563 φιλήσας

159 2573 356 2644 αὑτήν.
401 2576 701 2631 Ἀπώλειαν
723 2579 779 2632 δὲ
809 2579 917 2631 νόει
962 2580 1060 2650 τὴν
1099 2581 1208 2633 ἀπὸ
1234 2582 1328 2635 τοῦ
1360 2584 1496 2636 Θεοῦ
1529 2586 1747 2638 ἔκπτω-

158 2664 252 2714 σίν
317 2683 375 2718 τε
425 2670 518 2721 καὶ
582 2669 963 2737 ἀλλοτρίωσιν,
1010 2671 1042 2742 ἢ
1099 2673 1195 2724 καὶ
1226 2674 1317 2725 τὸν
1366 2674 1616 2728 διάϐολον
1671 2678 1746 2739 ὡς

155 2755 504 2811 ἀπολλύοντα
534 2759 659 2824 τοὺς
692 2762 1058 2832 πειθομένους
1083 2762 1254 2832 αὐτῷ.
1289 2764 1603 2835 [Ἃπώλετο
1632 2767 1745 2838 (94)

157 2846 272 2915 γᾶρ
321 2850 348 2901 6
418 2850 618 2913 Ἰούδας
664 2853 932 2916 ἑκουσίως
978 2854 1078 2919 ,διὰ
1127 2856 1437 2925 φαυλότητα
1487 2860 1745 2929 προαιρέ-

159 2954 324 3002 σεως.
375 2940 487 2994 Καὶ
541 2944 651 3013 μὴν
701 2945 798 2997 καὶ
830 2945 984 2998 ἀλλοι
1041 2947 1150 2999 ἀπὸ
1199 2947 1308 2998 τῶν
1366 2947 1745 3017 ἐϐδομήκοντα

160 3029 428 3099 μαθητῶν
481 3033 780 3101 ἀπώλοντο,
849 3037 966 3089 ἀλλ’
1019 3035 1276 3104 οιΓτότε,
1333 3039 1447 3091 ἀλλ’
1496 3040 1741 3110 ὕστερον.

157 3125 294 3178 Τότε
325 3126 382 3178 δὲ
415 3129 575 3196 μόνος
609 3130 637 3181 6
667 3129 938 3200 προδότης
972 3130 1267 3203 ambitae].

233 3217 369 3270 Ἵνα
395 3217 434 3284 ἡ
467 3219 538 3286 Γι
553 3219 680 3288 ago-i1
708 3220 1017 3288 πληρωθῇ.
1061 3223 1124 3274 Ἢ
1148 3222 1432 3294 Δαυῖτικὴ,
1466 3226 1497 3293 ἡ
1535 3225 1732 3278 πολλαο

158 3304 258 3380 χοῦ
278 3312 408 3380 περὶ
425 3306 519 3376 τῆς
539 3309 812 3371 ἀπωλείας
837 3310 998 3365 αὐτοὶ
1026 3309 1486 3380 διαλαμϐάνουσα,
1510 3316 1604 3365 καὶ
1621 3317 1746 3383 μᾶλ-

159 3403 254 3455 λον
278 3407 338 3458 ὲν
362 3405 440 3475 τῷ
465 3405 745 3475 ἑκατοστῷ
768 3403 939 3473 ὀγδόῳ
974 3401 1198 3474 ψαλμῷ.
1235 3404 1532 3458 Κάνταῦθα
1565 3407 1748 3460 τοίνυν

162 3496 226 3548 τὸ
253 3497 356 3573 ira
383 3498 482 3549 οὐκ
504 3497 682 3559 αἰτίας
714 3497 832 3549 ἐστὶ
861 3495 1178 3565 δηλωτικὸν,
1210 3494 1346 3547 ἀλλὰ
1393 3495 1487 3548 τοῦ
1517 3498 1738 3562 πάντως

163 3588 454 3658 ἐσομένου,
488 3589 569 3640 ὅτι
597 3586 785 3657 μέλλει
810 3587 843 3657 ἠ
877 3585 1071 3657 Γραφὴ
1097 3584 1478 3656 πληρωθῆναι.

232 3773 366 3826 Νῦν
397 3772 762 3842 -ἐρχομαα
816 3771 984 3825 Πάλιν
1035 3772 1095 3825 τὸ
1143 3773 1302 3841 Πρὸς
1351 3774 1425 3828 σὲ
1468 3776 1750 3845 ἔρχομαι,

161 3865 356 3933 ὥσπερ
390 3865 487 3918 καὶ
537 3865 595 3918 τὸ
636 3864 802 3933 Παρὰ
853 3864 961 3918 τοῦ
1014 3864 1163 3918 Θεοῦ
1200 3864 1488 3933 ἐξῆλθον,
1544 3870 1638 3920 καὶ
1687 3871 1756 3927 τὰ

173 3955 431 4019 τοιαῦτα,
481 3958 546 4026 τῇ
601 3956 853 4025 συνεχείᾳ
901 3955 1117 4018 πάντως
1165 3958 1257 4009 ἐπὶ
1309 3957 1474 4015 πλέον
1521 3958 1758 4032 βεδαιῶν

161 4050 353 4108 αὐτοῖς
379 4047 573 4114 ταῦτα,
607 4050 700 4101 καὶ
725 4048 841 4116 ἃμα
879 4052 1234 4122 παραμυθίαν
1266 4053 1517 4106 ἐντεῦθεν
1564 4055 1626 4108 οὐ
1659 4059 1757 4124 τὴν

163 4137 445 4207 τυχοῦσαν
485 4141 765 4212 παρέχων.

247 4233 360 4283 Καὶ
392 4258 466 4272 -—
499 4234 727 4300 αὐτοῖς.
781 4235 967 4288 Ταῦτα
1012 4235 1179 4301 λαλῶ,
1223 4237 1282 4288 ὲν
1319 4236 1398 4306 τῷ
1444 4237 1635 4308 κόσμῳ
1684 4237 1758 4289 ὢν

165 4325 274 4379 ἔτι.
322 4324 529 4388 Ταῦτα,
574 4328 735 4391 ποίας
764 4327 860 4393 Τὸ,
916 4329 1072 4395 Πρὸς
1119 4327 1193 4380 σὲ
1238 4328 1505 4396 ἔρχομαι,
1556 4328 1648 4380 καὶ
1677 4329 1758 4387 τὸ,

170 4417 456 4485 Τήρησσν
493 4419 737 4483 αὐτούς.
791 4416 979 4472 Ταῦτα
1027 4416 1142 4482 οὖν,
1197 4423 1386 4488 φησιν,
1436 4418 1605 4483 λαλῶ,
1663 4419 1750 4470 ἵνα

1856 564 2124 620 Trinitate
2182 567 2347 631 dicta,
2408 569 2772 638 equalitatem
2825 572 3265 642 signiﬁcent;de
3330 581 3440 636 Deo

1851 673 1982 711 vero
2006 666 2059 710 et
2084 658 2418 721 hominibus,
2461 661 2872 716 similitmlinetn
2904 665 3217 731 quamdam.
3261 669 3442 728 Unum

1854 763 1982 818 ergo
2017 760 2143 803 sunt
2175 748 2332 805 Pater
2353 761 2404 805 et
2431 750 2624 814 Filius,
2654 754 2796 807 sicut
2826 756 3061 808 essentia
3100 768 3155 811 et
3191 760 3328 825 aliis,
3362 765 3438 819 ita

1850 825 2016 892 etiam
2046 842 2358 895 concordia.
2428 841 2569 896 Dicit
2626 843 2827 912 itaque,
2863 844 3011 898 Sicut
3067 863 3180 914 nos,
3221 861 3444 920 propter

1855 935 2236 989 itzdivisioncm
2266 931 2331 989 ac
2354 936 2896 1005 inseparabilitateut.

1926 1027 2076 1080 Vers.
2111 1028 2195 1082 19..
2232 1028 2366 1082 Cum
2395 1059 2463 1068 —
2495 1039 2663 1100 tuuyi.
2709 1031 2844 1083 Cum
2876 1047 3053 1087 essem
3106 1033 3159 1087 iit
3211 1045 3439 1103 mundo,

1853 1127 1912 1171 tit
1953 1118 2138 1182 homo,
2178 1119 2269 1187 qui
2299 1134 2516 1188 semper
2543 1121 2596 1174 in
2630 1135 2695 1174 eo
2721 1137 2865 1188 sum,
2898 1132 2956 1176 ut
2988 1124 3152 1191 Deus,
3183 1135 3312 1180 tunc
3339 1143 3438 1200 ego

1851 1212 2134 1263 servabant
2167 1225 2261 1265 eos
2295 1227 2391 1280 per
2432 1213 2687 1266 virtutem
2717 1223 2887 1278 tuam,
2915 1217 3028 1270 sive
3055 1232 3151 1286 per
3180 1228 3233 1272 te
3260 1235 3274 1281 ;
3310 1235 3438 1275 nam

1849 1317 1968 1356 utea
2012 1304 2181 1357 virtus
2218 1316 2306 1357 tua
2331 1313 2435 1369 est,
2467 1316 2520 1358 et
2559 1320 2658 1376 ego
2683 1316 2737 1359 et
2769 1315 2824 1360 tu
2859 1323 3028 1361 unum
3053 1323 3264 1364 smnus.

1921 1389 2046 1444 Haac
2077 1399 2256 1443 autem
2293 1400 2347 1444 et
2373 1392 2567 1444 similia
2592 1393 2851 1461 loquitur.
2882 1404 2937 1448 et
2963 1407 3217 1463 tanquam
3253 1397 3439 1466 homo,

1848 1488 1902 1533 et
1947 1490 2167 1550 propter
2199 1481 2587 1551 discipulorum
2643 1484 3091 1539 imbecillitatem.
3157 1486 3440 1556 Siquidem

1847 1570 1974 1638 quia
2008 1571 2190 1625 multis
2253 1573 2319 1625 de
2380 1573 2499 1641 ejus
2551 1573 2752 1627 auxilio
2832 1559 3056 1642 auditis,
3111 1587 3166 1631 et
3202 1577 3442 1634 :lterum

1846 1659 2026 1712 videbo
2074 1675 2182 1722 vos,
2215 1670 2261 1711 et
2297 1661 2543 1726 gaudebit
2597 1677 2685 1712 cor
2740 1669 2991 1723 vestrum,
3064 1673 3113 1716 et
3178 1666 3439 1735 gaudium

1846 1762 2071 1806 vestrum
2103 1769 2251 1805 nemo
2307 1751 2454 1804 tollet
2482 1769 2514 1805 a
2553 1753 2690 1805 vobis
2716 1753 2780 1819 “,
2845 1755 3088 1809 nondum
3142 1757 3382 1825 perfecte
3413 1776 3442 1814 a

1773 1822 1819 1880 Β
1849 1857 2084 1896 mmrore
2107 1841 2318 1895 liberati
2346 1853 2533 1901 erant:
2573 1843 2717 1897 Patri
2744 1845 3004 1915 deinceps
3033 1822 3236 1917 pro-eis
3267 1849 3443 1920 loqui-

1851 1944 1957 1996 tur,
1983 1944 2038 1989 ut
2065 1935 2212 1987 Patri
2232 1951 2447 2004 quoque
2469 1938 2858 2000 commendati,
2876 1939 3015 1992 bono
3033 1948 3217 1995 essent
3236 1943 3440 1997 animo.

1846 2025 1982 2079 Cum
2016 2027 2162 2079 enim
2228 2025 2529 2094 imperfecti
2556 2037 2777 2094 ,cssent,
2843 2045 2949 2082 non
2993 2031 3062 2083 ita
3103 2032 3432 2088 sublimibus

1847 2130 1911 2168 ac
1948 2115 2149 2170 divinis
2175 2116 2356 2170 verbis
2387 2117 2701 2182 credebant,
2741 2120 3199 2187 quemadmodum
3262 2124 3449 2178 humi-

1849 2207 2077 2263 lioribus
2115 2223 2180 2262 ac
2211 2223 2364 2262 more
2392 2209 2634 2262 humano
2663 2210 2842 2266 dictis.

1923 2391 2076 2445 \‘ers.
2142 2392 2225 2446 12.
2281 2389 2419 2455 Quos
2456 2422 2525 2432 —
2562 2393 2889 2461 perditionis.
2954 2393 3123 2450 Judas
3174 2399 3440 2466 proditor.

1849 2481 2256 2536 amantissimus
2286 2483 2634 2551 perditionis,
2664 2484 2897 2540 dilectus
2951 2487 3020 2541 ab
3047 2501 3134 2553 ea,
3190 2489 3446 2558 illamque

1849 2573 2101 2644 diligens.
2158 2575 2532 2629 Perditionem
2568 2591 2697 2630 vero
2730 2577 2967 2647 intellige
2998 2594 3182 2633 casum
3216 2590 3271 2634 ct
3313 2585 3444 2636 alie-

1851 2667 2124 2720 nationem
2162 2683 2192 2720 a
2219 2666 2350 2741 Deo,
2389 2680 2483 2722 aut
2515 2670 2678 2724 etiam
2714 2670 2991 2725 diabolum
3029 2673 3228 2742 ipsum,
3259 2686 3447 2744 utpote

1850 2758 2169 2826 perdentem
2193 2759 2312 2812 illos
2351 2761 2442 2829 qui
2476 2761 2525 2814 ei
2555 2761 2838 2816 obediunt.
2868 2763 3038 2816 Periit
3059 2775 3238 2819 autem
3271 2764 3441 2822 Jutlas

1851 2860 2167 2920 spontanee,
2243 2866 2466 2922 propter
2525 2854 2820 2907 voluntatis
2880 2855 3219 2923 pravitatem.
3283 2861 3447 2927 Atqui

1851 2943 2010 2995 ctiam
2029 2943 2118 2996 alii
2140 2944 2206 2997 de
2227 2946 2567 3014 septuaginta
2597 2945 2898 3014 perierunt,
2937 2962 3122 3002 verum
3148 2965 3254 3004 non
3287 2960 3442 3018 tunc,

1851 3047 1975 3084 nam
2014 3034 2161 3085 solus
2186 3034 2432 3102 proditor
2473 3043 2602 3088 tunc
2643 3035 2805 3104 periit

1928 3217 2081 3271 Vcrs.
2145 3217 2230 3271 12.
2287 3219 2348 3273 Ut
2409 3217 2689 3287 Scriptura
2741 3219 3446 3288 compleretur..Davidica,

1855 3322 1975 3373 qua:
2005 3307 2320 3374 frequenter
2351 3308 2419 3362 de
2447 3309 2566 3378 ejus
2588 3311 2893 3379 perditione
2929 3312 3187 3381 loquitur,
3213 3322 3268 3368 et
3308 3332 3447 3384 preco

1857 3390 2018 3467 cipue
2054 3399 2260 3466 psalmo
2291 3401 2590 3455 centesimo
2621 3410 2836 3456 octavo.
2858 3446 2864 3453 .
2885 3402 2946 3456 Et
2975 3402 3066 3458 hic
3105 3419 3234 3472 ergo
3286 3406 3451 3461 dictio

1859 3499 1940 3552 ut,
1982 3504 2090 3542 non
2155 3498 2237 3543 est
2284 3506 2460 3544 causae
2508 3491 2889 3561 signiﬁcativa,
2946 3495 3041 3550 sed
3100 3498 3240 3562 ejus,
3301 3499 3447 3565 quod

1862 3588 2086 3638 omnino
2144 3585 2386 3639 futurum
2437 3596 2572 3651 erat,
2616 3596 2743 3656 puta
2795 3587 2937 3656 quod
2993 3586 3270 3656 Scriptura
3304 3605 3452 3644 com-

1861 3676 2122 3744 pleretur.

1934 3768 2089 3822 Vers.
2128 3769 2209 3824 15.
2241 3771 2635 3827 Nune-senio.
2673 3775 2906 3828 “ursam
2942 3778 3138 3846 repetit
3163 3778 3263 3847 (lt),
3288 3777 3370 3832 Ad
3405 3791 3452 3834 te

1863 3861 2034 3927 renio,
2069 3865 2207 3919 sicut
2235 3869 2356 3926 σιμ-ι
2391 3867 2496 3918 Deo
2529 3869 2684 3929 exivi,
2713 3869 2830 3921 lucc
2869 3867 3310 3936 frequentissime
3348 3872 3452 3926 iliis

1865 3958 2216 4022 conﬁrmans,
2255 3958 2416 4012 simul
2447 3959 2628 4011 etiam»
2653 3958 3090 4014 consolationem
3147 3960 3276 4016 hinc
3330 3977 3442 4017 non

1866 4048 2140 4117 vulgarem
2178 4049 2444 4103 tribuens.

1944 4231 2097 4284 Vcrs.
2135 4232 2225 4283 l5.
2262 4231 2328 4282 Et
2373 4261 2439 4268 —
2503 4233 2813 4301 semetipsis.
2871 4235 2995 4288 Haec
3052 4235 3268 4304 loquor,
3322 4250 3448 4291 cum

1870 4322 2049 4375 adhuc
2081 4321 2135 4374 in
2179 4322 2384 4374 mundo
2415 4337 2571 4385 sum;
2611 4323 2748 4383 ltaac,
2781 4324 3068 4391 quamam?
3101 4319 3180 4377 Ad
3212 4336 3259 4377 te
3285 4327 3452 4391 venio,

1875 4421 1950 4474 ct,
1994 4414 2160 4466 Serva
2193 4429 2297 4469 cos.
2331 4413 2455 4466 limo
2482 4428 2632 4482 ergo,
2665 4413 2860 4482 inquit,
2889 4414 3104 4483 loquor,
3139 4425 3198 4469 ιιι
3223 4416 3454 4486 habeant

166 4513 341 4580 ἔχωσι
366 4509 463 4581 τὴν
493 4511 669 4580 χαρὰν
694 4510 794 4581 τὴν
827 4511 958 4580 περὶ
979 4509 1114 4580 ἐμοῦ
1146 4510 1386 4579 ὁλοτελῆ,
1417 4510 1736 4581 πληροφορη

1871 4505 2123 4574 gaudium
2149 4504 2216 4558 de
2254 4519 2374 4556 tne:
2413 4503 2653 4572 penfccte
2685 4503 2950 4558 certiores
2987 4504 3170 4559 eﬂ'ectt
3201 4507 3346 4575 quod
3369 4522 3454 4561 nte

170 4605 362 4664 θέντες
391 4601 472 4654 ὅτι
501 4603 596 4654 καὶ
630 4601 731 4670 ἐμὲ
753 4601 812 4654 οὐ
847 4601 1066 4668 καθέξει
1094 4604 1120 4655 6
1157 4601 1311 4672 ᾅδης,
1356 4601 1450 4654 καί
1486 4619 1545 4653 σε
1578 4601 1759 4665 ἕξουσι

174 4693 396 4763 βοηθόν.
439 4693 500 4745 Εἰ
527 4692 639 4763 γὰρ
671 4694 766 4746 καὶ
796 4693 1103 4756 ἐπίστευον,
1142 4692 1305 4756 ἀλλὰ,
1355 4696 1522 4762 μήπω
1546 4709 1756 4761 καταρ..

173 4786 478 4848 τισθὲντες,
526 4785 887 4853 ὲκυμαίνοντο
936 4787 1046 4847 τοῖς
1086 4783 1373 4852 λογισμοῖς
1417 4783 1608 4849 πάλιν,
1661 4786 1760 4837 καὶ

177 4877 413 4946 ὴρεμεῖν
445 4876 546 4928 οὐκ
581 4875 869 4945 ἠδύναντο.

255 4966 357 5039 [Ἥ
377 4966 508 5037 (95),
527 4965 886 5031 Ταῦταλαλῶ,
913 4966 981 5020 τὰ
1007 4967 1237 5019 ταπεινὰ
1259 4965 1352 5019 καὶ
1378 4964 1770 5035 ιίινθρωποπρε-⁵

179 5060 284 5129 πῆ,
326 5059 432 5124 ἵνα,
470 5057 896 5128 ἁναπαυομὲνης
929 5058 1028 5129 τῆς
1060 5054 1320 5119 ἀσθενοῦς
1346 5056 1481 5118 τέως
1516 5055 1756 5118 διανοίας

291 5242 336 5273 ⁸⁸
366 5239 519 5295 Joan.
547 5255 657 5306 xvi,
684 5239 775 5296 22.

1872 4611 1982 4649 non
2013 4595 2267 4649 retinebit
2304 4595 2573 4656 infernus,
2612 4603 2665 4648 et
2700 4603 2752 4647 te
2783 4595 3067 4648 habebunt
3117 4597 3448 4664 adjutorem.

1873 4687 2193 4758 Quanquam
2226 4689 2370 4741 enim
2403 4687 2724 4751 credebant,
2765 4688 3008 4740 nondum
3053 4697 3230 4741 tamen
3268 4699 3453 4742 mente

1872 4779 2183 4849 compositi,
2220 4778 2641 4848 cogitationibus
2677 4777 2855 4832 adhuc
2902 4777 3279 4841 ﬂuctuabant,
3350 4793 3453 4831 ncc

1874 4870 2162 4941 quiescere
2194 4879 2468 4938 poterant.

1945 4961 2068 5027 Vel,
2108 4961 2233 5016 Hazc
2259 4961 2454 5030 loquor
2485 4960 2710 5016 buntilia
2735 4977 2800 5016 ac
2860 4976 3010 5016 more
3066 4961 3307 5014 humano
3374 4967 3454 5023 ut,

1876 5060 2127 5109 cessante
2157 5052 2214 5124 (i)
2248 5052 2465 5107 interim
2499 5051 2818 5109 inﬁrmitate
2853 5051 3054 5108 mentis
3095 5065 3312 5115 eorum,
3362 5049 3453 5102 ab.

1377 5354 1571 5418 Varias
1615 5355 1924 5418 lectiones
1969 5361 2029 5416 et
2073 5362 2259 5417 noue.

262 5505 374 5574 (95)
396 5503 609 5556 Inclusa
642 5501 841 5574 absunt
875 5504 940 5556 Α.

264 5572 376 5646 (εΗ)
417 5574 630 5627 inclusa
671 5572 872 5627 absunt
914 5575 979 5627 A.

265 5733 578 5806 (Itﬂiepetit,
609 5747 718 5787 non
738 5742 822 5787 est
851 5735 916 5806 in
936 5733 1145 5788 Graeco.

269 5800 335 5875 (ί)
370 5800 436 5860 Ut
456 5814 708 5869 cessante,
737 5812 842 5857 ctc.
878 5802 943 5856 Ut
1001 5803 1383 5873 acquiescente
1426 5800 1640 5856 inﬁrma
1695 5804 1790 5858 ad-

1954 5503 2067 5572 (95)
2089 5501 2299 5558 inclusa
2340 5501 2539 5556 absunt
2560 5503 2624 5554 Α.

1892 5733 2003 5787 huc
2024 5742 2206 5786 mente
2255 5747 2470 5796 eorum,
2507 5731 2667 5801 plene
2693 5726 2984 5799 (perfecte)
3038 5727 3331 5799 gaudeant,
3378 5743 3459 5781 me

1896 5819 2006 5858 non
2033 5802 2308 5858 contrario
2335 5814 2632 5872 apparentc
2668 5801 2795 5854 Deo.
