4068 6394
201 396 350 458 Hi9

1101 385 1492 447 COMMENT.
1537 385 1619 444 IN
1661 383 2038 444 ΙΟΑΝΝΕΜ.
2081 406 2153 421 -
2191 382 2348 442 CAP.
2385 383 2580 442 XVII.

3324 385 3460 451 1450

192 513 280 562 ὢν
333 503 629 560 ἀπέστειλα
681 499 896 559 αὐτούς.
962 497 1122 550 Ἀλλὰ
1169 500 1232 551 σὺ
1281 495 1380 566 μὲν
1425 497 1622 565 Πατήρ
1677 511 1778 565 μου

1885 492 2008 546 misi
2040 507 2156 546 eos.
2197 490 2304 546 Sed
2338 501 2393 546 tu
2441 492 2661 561 quidem
2720 501 2912 546 natura
2962 491 3123 548 Patcr
3168 511 3322 550 meus
3379 515 3459 561 es.

193 601 396 668 φύσει·
427 595 538 664 ἐγὼ
565 595 622 647 δὲ
661 591 860 659 Πατὴρ
893 588 1096 649 αὐτῶν,
1137 587 1213 650 ὡς
1243 589 1472 655 κτίστης
1506 588 1600 639 καὶ
1639 603 1774 656 προ-

190 691 401 760 νοητὴς
457 689 552 742 καὶ
596 683 933 743 διδάσκαλςς.
1005 679 1094 741 Ὠς
1143 678 1368 746 γεγονὸς
1428 678 1486 730 δὲ
1531 677 1678 746 λέγει
1723 677 1783 730 τὸ

191 781 597 849 γενησόμενον,
629 775 715 827 διὰ
744 773 806 825 τὸ
835 772 936 842 ήδη
985 769 1202 839 μέλλειν
1231 769 1553 822 ἀποστεῖλαι
1584 768 1783 830 αὐτοὺς

195 872 346 942 μετὰ
377 871 489 939 (98)
524 866 745 936 μικρόν.

271 962 384 1013 Καὶ
417 989 487 999 -
512 959 794 1025 ἐμαυτόν.
841 954 980 1022 Ἐγὼ
1015 952 1286 1012 ἑκουσίως
1327 949 1575 1015 θυσιάζω
1611 952 1786 1020 ὲμαυ·

193 1053 321 1104 τόν.
378 1052 676 1118 Ἀγιασμὸν
702 1049 810 1117 γὰρ
837 1045 1071 1100 ἐνταῦθα
1125 1047 1217 1099 τὸν
1267 1043 1571 1110 θυσιασμὸν
1601 1042 1773 1112 λέγει.

193 1142 397 1208 ’Ἂγιον
431 1142 541 1208 γὰρ
569 1139 786 1201 λέγεται
838 1140 934 1190 καὶ
974 1139 1008 1206 ἡ
1051 1136 1235 1202 θυσία,
1279 1135 1375 1186 καὶ
1428 1134 1542 1204 (99)
1601 1135 1773 1187 πολλὰ

193 1234 467 1303 σημαίνει
486 1233 546 1284 τὸ
567 1231 750 1300 ἅγιον.

274 1417 412 1468 Ἵνα
451 1443 517 1453 -—-
548 1413 818 1480 ἀληθείᾳ.
858 1413 974 1465 Ἵνα
1020 1415 1113 1467 καὶ⁴
1148 1413 1301 1466 αὐτοὶ⁹
1345 1409 1445 1466 ὦσι
1484 1414 1778 1485 τεθυμὲνοι

191 1509 260 1558 ἐν
296 1506 526 1575 ἀληθινῇ
561 1505 746 1576 θυσίᾳ.
802 1505 1013 1575 ἸΙ·γάρ
1041 1504 1239 1575 νομικὴ
1300 1504 1462 1558 θυσία
1491 1507 1662 1568 τύπος
1691 1503 1782 1577 ἦν,

187 1601 301 1654 οὐκ
331 1600 577 1670 ἀλήθεια.
605 1601 721 1652 Ἵνα
749 1599 807 1652 δὲ
837 1593 940 1652 ὦσι
962 1597 1276 1669 τεθυμένοι,
1303 1599 1380 1659 ὡς
1405 1599 1506 1668 τῆς
1539 1598 1787 1669 κεφαλῆς

190 1693 386 1748 αὐτῶν
437 1693 719 1762 τυθείσης.

273 1783 346 1836 Ἦ
400 1783 475 1847 ὡς
518 1786 610 1837 καὶ
663 1783 821 1836 αὐτοὶ
874 1782 1148 1852 θυόμενοι.
1195 1782 1631 1850 Ἑλογίσθημεν
1652 1781 1782 1849 γὰρ,

1886 598 1988 654 ego
2012 598 2139 637 vero
2162 583 2325 637 Pater
2360 599 2573 646 eorum,
2603 594 2855 654 tanquam
2890 597 3105 641 creator
3137 597 3192 642 et
3217 590 3464 658 provisor

1885 690 1951 727 ac
1992 674 2271 745 magister.
2307 674 2465 740 Quod
2508 684 2691 729 autem
2751 676 2993 730 futurum
3040 688 3144 743 est,
3207 687 3461 750 tanquam

1886 767 2090 821 factum
2123 767 2276 832 dicit,
2305 783 2370 821 eo
2400 767 2545 836 quod
2596 767 2709 836 jam
2760 770 2923 839 paulo
2997 781 3120 841 po.t
3163 784 3308 828 esset
3370 791 3467 830 eos

1887 859 2177 912 missurus.

1961 948 2116 1003 Vers.
2148 952 2229 1004 t9.
2255 949 2322 1002 Et
2359 978 2428 988 —
2473 949 2748 1018 meipsum.
2785 948 2896 1020 Ego
2921 950 3467 1011 voluntarieimmolo

1890 1045 2180 1113 meipsum.
2209 1045 2344 1097 Nam
2386 1044 2487 1098 hoc
2527 1046 2578 1098 in
2606 1046 2726 1100 loco
2749 1047 3026 1102 victimam
3079 1049 3210 1103 dicit
3259 1051 3468 1104 sancti--

1889 1131 2218 1186 litationem.
2253 1131 2513 1186 Sanctum
2574 1135 2718 1188 enim
2746 1136 2944 1189 dicitur
2974 1147 3028 1190 et
3082 1140 3198 1206 ipsa
3253 1137 3465 1193 hostia:

1889 1225 2058 1278 multa
2095 1241 2312 1295 quoque
2357 1226 2616 1280 dicuntur
2669 1238 2883 1293 sancta,
2945 1237 3204 1298 tanquam
3253 1231 3468 1302 signum

1890 1318 2218 1371 sanctitatis.

1963 1407 2231 1462 Vers.19.
2280 1409 2343 1464 Ut
2371 1437 2442 1448 —
2469 1409 2766 1464 veritatem.
2824 1410 2894 1465 Ut
2923 1419 2979 1465 et
3043 1411 3146 1480 ipsi
3205 1413 3467 1468 immolati

1889 1498 1998 1552 sint
2028 1515 2125 1565 per
2159 1515 2342 1554 veram
2372 1501 2606 1554 hostiam
2648 1519 2662 1555 :
2701 1502 2888 1573 legalis
2917 1503 3187 1572 siquidem
3240 1507 3461 1561 victima

1890 1589 2060 1657 ﬁgura
2086 1599 2222 1653 erat,
2262 1607 2372 1645 non
2408 1592 2630 1658 veritas,
2675 1604 2733 1647 ut
2771 1594 2950 1662 etipsi
3006 1595 3268 1652 immolati
3335 1599 3470 1662 sint,

1891 1680 2068 1748 capite
2092 1679 2348 1735 videlicet
2379 1681 2622 1750 ipsorum
2658 1683 2965 1738 immolato.

1965 1769 2062 1823 Vel
2098 1773 2290 1834 etiam,
2319 1780 2580 1842 tanquam
2627 1783 2683 1828 et
2722 1776 2824 1843 ipsi
2855 1776 3145 1833 immolati.
3172 1777 3357 1832 Habiti
3384 1795 3474 1832 su-

189 1876 388 1943 φησὶν,
422 1875 503 1939 ὠς
549 1876 812 1942 πρόϐατα
843 1872 1120 1942 σφαγῆς·
1173 1873 1264 1925 καί
1289 1889 1305 1904 ο
1347 1869 1787 1940 Παραστήσατε

1895 1879 2029 1926 mus,
2056 1863 2252 1933 inquit,
2276 1866 2408 1917 sicut
2435 1883 2549 1920 oves
2571 1868 2702 1921 credi
2729 1869 2992 1936 deputata:
3009 1870 3085 1935 ";
3106 1878 3161 1925 et
3185 1889 3199 1924 :
3219 1869 3472 1926 Exhibete

186 1968 271 2019 τὰ
313 1964 468 2035 μέλη
521 1965 597 2035 (i)
645 1963 834 2034 ὑμῶν,
895 1963 1120 2017 θυσίαν
1174 1960 1391 2020 ζῶσαν.
1451 1963 1611 2014 Ἔστι
1672 1960 1784 2030 γὰρ

198 2058 434 2111 θύεσθαι
514 2058 609 2110 καὶ
659 2056 783 2126 δίχα
835 2055 1072 2125 σφαγῆς.
1110 2056 1224 2110 Ἵνα
1253 2055 1308 2107 δὲ
1347 2055 1423 2125 μὴ
1451 2055 1650 2124 νομίσῃ
1698 2071 1783 2116 τις

188 2149 345 2217 ὑπὲρ
386 2147 494 2201 τῶν
540 2147 858 2201 ἀποστόλων
907 2147 1087 2217 μόνων
1133 2146 1303 2200 ταῦτα
1359 2146 1543 2213 λέγειν
1592 2145 1780 2214 αὑτὸν,

187 2243 392 2313 φησίν.

269 2333 356 2386 Οὐ
405 2361 474 2371 -
524 2323 696 2386 ὦσιν.
757 2330 911 2398 "Ana
955 2330 1050 2383 καὶ
1081 2327 1526 2398 παρεμυθήσατο
1581 2328 1780 2390 αὐτοὺς

186 2424 386 2490 πάλιν,
432 2423 615 2487 δείξας
651 2424 735 2476 ὅτι
780 2423 869 2474 διὰ
911 2422 1006 2476 τοῦ
1065 2421 1425 2493 κηρύγματος
1456 2421 1639 2473 αὐτῶν
1687 2421 1781 2474 καὶ

185 2517 348 2572 ἄλλοι
380 2516 598 2570 ἔσονται
633 2514 876 2586 μαθηταί
884 2554 898 2570 .

266 2698 476 2764 Καθὼς
520 2713 593 2739 ι-
636 2692 770 2751 dim.
803 2694 1006 2757 Καθὼς
1061 2695 1125 2748 σὺ
1181 2695 1240 2748 ὲν
1285 2698 1350 2766 τῇ
1409 2697 1515 2765 ἐμῇ
1567 2696 1776 2766 ἀγάπη,

183 2792 352 2861 κάγὼ
375 2797 431 2845 ὲν
459 2795 525 2860 τῇ
562 2793 649 2858 σῇ,
683 2790 770 2842 ἵνα
805 2789 898 2841 καὶ
927 2787 1079 2840 αὐτοὶ
1115 2789 1174 2838 ὲν
1227 2788 1379 2857 ἡμῖν,
1413 2787 1582 2857 ἤγουν
1621 2789 1680 2839 ὲν
1711 2790 1778 2858 τῇ

185 2886 276 2947 είς
325 2883 474 2952 ἡμᾶς
521 2883 729 2946 πίστει,
759 2879 817 2930 ἒν
863 2872 1021 2932 ὦσιν.
1083 2880 1276 2942 Ὀντες
1331 2881 1441 2949 γὰρ
1491 2882 1548 2930 ὲν
1599 2881 1664 2949 τῇ
1700 2881 1780 2941 είς

182 2972 345 3040 ἡμᾶς
392 2971 575 3022 πίστει
627 2969 706 3034 ἓν,
759 2967 974 3020 ἔσονται
1024 2968 1121 3020 καὶ⁵
1171 2969 1230 3020 ὲν
1280 2971 1345 3038 τῇ
1374 2971 1455 3030 είς
1511 2968 1781 3039 ἀλλήλους

180 3065 384 3132 ἀγάπῃ
432 3061 512 3116 ἓν.
573 3060 817 3132 [Εἴρηκε
889 3058 966 3130 (ὲ)
1036 3061 1145 3128 γὰρ
1189 3061 1271 3113 ὃτι
1353 3061 1408 3112 '0
1464 3063 1621 3129 ἔχων
1671 3063 1780 3126 τὰς

184 3153 448 3217 ἐντολάς
508 3168 622 3219 μου
671 3151 767 3204 καί
820 3150 1015 3220 τηρῶν
1066 3152 1287 3216 αὐτὰς,
1319 3150 1556 3217 ἐκεῖνός
1607 3154 1779 3207 ἐστιν

183 3250 223 3300 ὀ
254 3243 501 3315 ἀγαπῶν
521 3260 595 3312 με
616 3260 628 3274 ·
673 3242 768 3295 καί
797 3257 811 3272 ·
836 3242 994 3310 Αὕτη
1040 3241 1212 3295 ἐστιν
1240 3241 1278 3308 ἠ
1307 3242 1528 3311 ἐντολὴ
1564 3245 1601 3311 ἠ
1636 3245 1771 3315 ἐμὴ,

182 3317 305 3388 ἵνα
332 3333 600 3404 ἀγαπᾶτε
639 3333 978 3401 ἀλλήλους.
1042 3333 1138 3385 Ἐκ
1175 3335 1274 3403 τῆς
1320 3335 1545 3402 ἀγάπης
1591 3337 1774 3389 τοίνυν

182 3429 285 3478 καὶ
322 3426 578 3495 ὁμονοίας
626 3423 959 3495 ἀρξάμενος,
1014 3425 1096 3488 είς
1137 3423 1346 3495 ταύτην
1397 3428 1562 3480 πάλιν
1610 3431 1769 3482 κατέ-

182 3518 374 3570 κλεισε
411 3517 500 3568 τὸν
550 3516 726 3583 λόγον,
771 3515 985 3577 δεικνὺς
1030 3515 1112 3567 ὅτι
1154 3515 1405 3585 θεοφιλὲς
1454 3518 1551 3570 καὶ
1616 3535 1773 3584 περι-

183 3608 531 3660 σπούδαστον
555 3607 586 3675 ἡ
610 3604 849 3676 drawn].

261 3702 387 3754 Ἵνα
416 3730 488 3740 —
515 3701 902 3765 ἀπέστειλας.
932 3727 974 3740 -—
1000 3701 1145 3766 Ἵνα,
1183 3700 1616 3764 πιστεύσαςτοῖς
1634 3701 1774 3754 ἀπο·

184 3793 426 3857 στόλοις,
479 3791 782 3858 πιστεύσῃ
814 3789 905 3842 ὅτι
939 3792 1021 3844 σύ
1060 3807 1138 3860 με
1179 3791 1569 3866 ἀπέστειλας.
1601 3793 1774 3846 Τοῦτο

181 3889 302 3958 γὰρ
335 3885 586 3956 μέλλουσι
620 3884 937 3955 κηρύττειν.
988 3884 1157 3937 Οὐδὲν
1184 3885 1294 3955 γὰρ
1345 3884 1518 3950 οὕτως
1550 3885 1774 3956 ἔμελλεν

180 3978 504 4048 ἐμποδίζειν
551 3975 630 4045 τῷ
690 3975 1011 4044 κηρύγματι
1053 3975 1126 4038 ὡς
1182 3975 1246 4028 τὸ
1291 3976 1592 4046 διεσχίσθαι
1645 3977 1773 4040 τοὺς

180 4066 464 4135 κήρυκας,
505 4066 573 4133 τῇ
603 4079 666 4114 τε
702 4063 938 4133 διαφορᾷ
965 4063 1068 4132 τῆς
1108 4063 1366 4130 πίστεως,
1402 4067 1497 4118 καὶ
1533 4068 1601 4136 τῇ
1635 4067 1773 4136 πρὸς

179 4156 453 4225 ἀλλήλους
496 4154 764 4224 ἀπεχθείᾳ
791 4192 808 4219 ,
856 4155 1076 4226 ἐπειδὴ,
1118 4157 1480 4225 μαχομένων,
1529 4158 1768 4226 ἐροῦσιν,

179 4247 291 4299 οὐκ
327 4243 602 4314 εἰρηνικοῦ
645 4240 783 4297 είναι
817 4244 1066 4314 μαθητάς
1088 4260 1102 4274 ·
1138 4246 1186 4298 εί
1221 4246 1278 4299 δὲ
1326 4248 1428 4300 οὐκ
1465 4248 1771 4319 εἰρηνικοῦ,

176 4341 308 4392 οὐδὲ
349 4338 502 4407 παρὰ
548 4336 642 4388 σοῦ
672 4335 1074 4400 ἀποσταλέντες
1095 4354 1109 4370 ο
1145 4340 1676 4408 ὀμογνωμονούντων
1711 4341 1770 4395 δὲ

175 4434 281 4486 καὶ
311 4434 408 4494 τὰς
439 4429 662 4493 ἐντολάς
695 4446 800 4497 μου
844 4432 1243 4498 φυλαττόντων,
1293 4432 1592 4500 γνώσονται
1627 4437 1766 4488 πάνυ

1888 1955 2117 2008 membra
2140 1968 2309 2009 vestra
2374 1957 2602 2011 hostiam
2659 1959 2914 2013 viventem
2946 1960 3013 2015 “.
3081 1959 3273 2017 Potest
3322 1963 3470 2018 enim

1887 2045 2052 2098 etiam
2119 2046 2239 2101 sine
2313 2045 2461 2101 caede
2539 2047 2811 2101 immolari
2896 2049 3098 2104 hostia.
3181 2052 3264 2106 Ne
3349 2053 3472 2122 quis

1886 2144 2068 2188 autem
2095 2149 2223 2190 eum
2251 2145 2470 2207 putaret
2512 2136 2630 2192 haec
2657 2153 2756 2208 pro
2782 2129 2914 2195 solis
2953 2141 3215 2211 apostolis
3262 2142 3468 2210 dicere,

1885 2227 2068 2280 subdit
2094 2244 2108 2280 :

1962 2320 2212 2376 νει-830.
2243 2320 2363 2376 Νοη
2386 2354 2456 2363 -
2486 2322 2642 2379 Vers.
2680 2325 2770 2378 21.
2829 2327 2957 2381 sint.
3015 2324 3192 2382 Simul
3249 2345 3468 2399 quoque

1885 2423 1979 2463 eos
2080 2410 2278 2466 iterum
2338 2412 2652 2477 consolatus
2714 2425 2822 2478 est,
2922 2417 3222 2471 ostendens
3320 2421 3468 2490 quod

1886 2518 1984 2572 per
2006 2517 2196 2558 eorum
2230 2505 2674 2574 praedicationem
2715 2507 2804 2560 alii
2865 2522 3085 2578 quoque
3123 2509 3255 2564 (ient
3294 2512 3462 2568 disci-

1884 2596 2017 2665 puli.

1960 2685 2114 2742 Vers.
2148 2687 2240 2745 2i.
2275 2689 2426 2744 Sicut
2456 2722 2523 2732 —
2559 2694 2692 2747 sint.
2730 2693 2886 2750 Sicut
2918 2704 2975 2750 tu
2998 2695 3053 2751 in
3090 2697 3195 2752 mei
3258 2708 3313 2752 et
3367 2714 3465 2770 ego

1885 2777 1936 2829 in
1964 2778 2038 2831 tui
2068 2779 2382 2847 dilectione,
2416 2793 2474 2838 ut
2501 2793 2554 2838 et
2576 2785 2757 2854 ipsi‘in
2786 2786 2965 2852 nobis,
2986 2789 3100 2843 sive
3126 2791 3180 2845 in
3210 2792 3315 2848 (ide
3345 2809 3466 2864 qua:

1882 2882 1967 2924 est
2011 2872 2064 2924 in
2096 2887 2217 2936 nos,
2246 2889 2415 2927 unum
2448 2877 2581 2930 sint.
2615 2876 2749 2932 Nam
2778 2881 2870 2948 qui
2905 2881 2961 2935 in
2992 2881 3116 2949 ﬁde,
3151 2901 3272 2955 qua:
3299 2898 3385 2942 est
3413 2891 3467 2944 in

1882 2977 1984 3016 nos
2011 2979 2180 3017 unum
2243 2976 2391 3031 sunt,
2452 2977 2613 3021 erunt
2636 2986 2855 3040 quoque
2880 2972 2932 3026 in
2971 2984 3157 3030 mutua
3211 2979 3356 3034 inter
3408 2998 3468 3037 se

1882 3042 2176 3113 dilectione
2209 3074 2403 3115 unum.
2441 3060 2588 3116 Dixit
2617 3066 2762 3118 enim
2805 3081 2818 3117 :
2863 3066 2968 3130 Qui
3002 3069 3153 3123 habet
3206 3086 3466 3144 pra-cepta

1884 3164 1997 3200 mea
2027 3159 2074 3201 et
2102 3159 2276 3202 servat
2316 3167 2401 3214 ea,
2434 3152 2519 3203 hic
2548 3161 2622 3205 est
2648 3155 2740 3222 qui
2767 3155 2940 3224 diligit
2975 3174 3055 3210 me
3081 3159 3128 3190 ⁸⁶
3160 3177 3175 3227 ;
3216 3172 3271 3216 et
3302 3183 3315 3217 :
3351 3165 3466 3219 Hoc

1882 3247 2301 3308 estpra'ceptum
2342 3256 2539 3304 meum,
2600 3253 2655 3294 ut
2722 3243 2959 3314 diligatis
3008 3263 3096 3301 vos
3151 3250 3374 3306 invicem
3395 3254 3461 3308 ".

1876 3330 2014 3386 Cum
2067 3348 2196 3403 ergo
2244 3348 2275 3388 a
2336 3333 2632 3390 dilectione
2686 3344 2743 3390 et
2819 3340 3113 3395 concordia
3177 3343 3464 3415 inceperit,

1877 3442 2095 3482 rursum
2172 3428 2226 3481 in
2283 3427 2383 3482 hac
2439 3426 2713 3482 conclusit
2759 3441 3098 3497 sermonem,
3170 3438 3467 3494 ostendens

1875 3519 2024 3588 quod
2050 3517 2160 3573 Deo
2193 3520 2356 3574 chara
2392 3521 2462 3573 sit
2492 3534 2556 3573 ac
2586 3534 2783 3592 magno
2822 3523 3004 3578 studio
3029 3523 3335 3583 aﬂcctanda
3374 3531 3461 3585 di-

1877 3610 2062 3665 lectio.

1946 3701 2100 3755 Vers.
2126 3702 2218 3755 21.
2255 3702 2735 3757 Ut-—mireris.——
2761 3705 2848 3768 Ut,
2894 3707 3125 3764 credens
3177 3705 3462 3780 apostolis,

1875 3789 2054 3842 credat
2121 3790 2258 3859 quod
2304 3798 2361 3842 tu
2420 3806 2502 3844 me
2556 3791 2936 3847 miseris.Nam
2965 3796 3070 3849 hoc
3091 3798 3464 3867 prazdicaturi,

1874 3890 2003 3937 sunt
2033 3899 2047 3935 :
2075 3889 2131 3935 et
2157 3882 2290 3935 nihil
2323 3881 2463 3937 adeo
2518 3882 2624 3937 erit
2670 3883 3060 3953 impedimento
3094 3889 3462 3957 praedicationi

1873 3973 2016 4028 sicut
2047 3973 2251 4028 divisos
2308 3988 2432 4028 esse
2478 3974 2890 4043 pradicatores,
2966 3976 3091 4032 ﬁdei
3143 3979 3463 4038 diversitate

1873 4081 1937 4119 ac
1969 4073 2160 4119 mutua
2209 4064 2351 4119 inter
2405 4079 2463 4119 se
2514 4065 2822 4124 inimicitia.
2891 4065 2949 4120 Si
3018 4069 3164 4123 enim
3211 4071 3354 4126 inter
3403 4089 3465 4129 se

1871 4157 2256 4229 pugnaverint,
2288 4156 2473 4212 dicent
2505 4171 2599 4211 eos
2633 4171 2742 4211 non
2790 4171 2913 4212 esse
2945 4158 3156 4228 paciﬁci
3211 4164 3459 4234 magistri

1871 4247 2170 4316 discipulos
2213 4263 2227 4300 :
2264 4245 2411 4315 quod
2447 4247 2493 4300 si
2533 4260 2646 4301 non
2683 4247 2916 4316 paciﬁci,
2949 4263 3053 4304 nec
3088 4264 3120 4304 a
3172 4259 3227 4305 te
3279 4255 3457 4312 missi.

1870 4339 1927 4396 Si
1947 4353 2077 4392 vero
2095 4338 2392 4392 concordes
2418 4336 2624 4392 iuerint
2638 4349 2694 4393 et
2719 4348 2992 4409 przecepta
3032 4355 3156 4396 mea
3171 4345 3454 4402 custodie-

1871 4428 2005 4497 rint,
2040 4445 2234 4486 omnes
2264 4441 2598 4501 cognoscent
2624 4432 2768 4502 quod
2797 4434 2905 4489 mei
2940 4433 3054 4489 sint
3087 4434 3362 4506 discipuli,
3403 4449 3459 4494 et

174 4537 276 4583 τες
307 4521 391 4572 ὅτι
431 4520 553 4590 ἐμοὶ
595 4518 838 4588 μαθηταί
865 4522 994 4586 εισι,
1025 4522 1121 4573 καὶ
1159 4522 1242 4574 ὅτι
1295 4519 1359 4573 σύ
1408 4538 1478 4591 με
1512 4523 1769 4576 ἀπίστειο

1879 4523 2020 4594 qnod
2051 4532 2108 4577 tu
2137 4537 2225 4577 me
2265 4523 2501 4577 miseris.

175 4612 246 4663 λα
254 4627 303 4674 ς.

252 4703 365 4756 Καὶ
395 4731 467 4742 -
494 4704 721 4772 αὐτοῖς.
755 4704 868 4774 Τὴν
897 4704 1006 4758 ἀπὸ
1032 4703 1142 4756 τῶν
1167 4703 1515 4774 διδαγμάτων
1537 4706 1633 4760 καὶ
1653 4705 1765 4758 τῶν

172 4793 504 4862 θαυμάτων,
550 4794 606 4865 [ἢ
649 4798 728 4867 (3)
777 4797 872 4849 καὶ
900 4797 999 4865 τὴν
1046 4794 1155 4847 ἀπὸ
1176 4795 1275 4863 τῆς
1303 4796 1617 4868 ὁμονοίας.]
1649 4800 1763 4851 Οὐκ

171 4884 403 4934 ἔλαττον
424 4885 533 4953 γὰρ
562 4885 623 4937 ὲκ
658 4885 862 4954 ταύτης
892 4885 924 4955 ἠ
957 4888 1023 4938 ὲκ
1051 4884 1259 4936 τούτων
1288 4884 1626 4950 δοξάζονται.
1658 4887 1765 4942 Δέ-

168 4974 341 5027 δωκα
379 4969 437 5027 δὲ
475 4971 616 5041 εἶπε,
666 4976 993 5046 παραδηλῶν
1033 4976 1315 5030 κάνταῦθα
1344 4977 1519 5030 καὶτὸ
1561 4975 1760 5032 ἑαυτοῦ

170 5066 420 5135 ἀξίωμα,
451 5066 631 5120 καὶτὸ
658 5069 795 5138 πρὸς
828 5068 920 5123 τὸν
966 5067 1192 5140 Πατέρα
1227 5068 1514 5140 ὁμότιμον,
1564 5069 1759 5141 ὥσπερ

170 5159 273 5212 καὶ
303 5158 361 5210 ἐν
389 5158 572 5222 ἄλλοις
605 5160 893 5226 πολλάκις.

291 5295 338 5328 ⁵³
364 5297 509 5356 Psal.
547 5314 701 5364 xuii,
733 5297 826 5352 22.

1944 4703 2098 4758 Vers.
2129 4704 2219 4758 22.
2250 4703 2319 4758 Et
2362 4733 2414 4744 —-
2451 4706 2542 4759 eis.
2576 4705 2708 4772 Quae
2746 4723 2777 4760 a
2801 4707 3054 4764 doctrina
3077 4719 3134 4765 et
3177 4709 3456 4780 miraculis

1867 4796 2135 4866 procedit,
2174 4803 2271 4849 aut
2293 4811 2413 4865 quae
2437 4811 2467 4850 a
2501 4798 2793 4853 concordia
2821 4813 2838 4865 ;
2880 4789 3056 4870 neque
3079 4802 3225 4857 enim
3255 4819 3322 4859 ex
3353 4804 3457 4859 hac

1869 4890 2052 4943 minus
2101 4903 2265 4959 quam
2295 4902 2362 4943 ex
2391 4888 2498 4943 illis
2531 4889 2922 4960 gloriﬁcantur.
2949 4891 3277 4949 Dediautem
3313 4895 3456 4951 dixit

1870 4980 2034 5034 etiam
2058 4979 2169 5044 hic,
2204 4988 2260 5034 et
2281 4995 2433 5033 suam
2468 4979 2760 5036 insinuans
2795 4981 3140 5055 dignitatem,
3172 4994 3228 5039 et
3267 5001 3452 5057 requa-

1870 5071 1977 5124 lem
2007 5086 2130 5124 cum
2166 5072 2330 5124 Patre
2359 5071 2620 5127 honorem
2657 5087 2671 5124 :
2702 5073 3165 5140 quemadmodum
3190 5074 3451 5146 l‘rcquen-

1872 5172 1957 5217 ter
1993 5161 2115 5215 aliis
2138 5161 2191 5214 in
2214 5160 2370 5214 locis.
2805 5149 2812 5154 ’

947 5299 993 5333 δ’
1020 5301 1180 5356 Rom.
1216 5318 1317 5368 xu,
1353 5301 1407 5354 Ι.
1482 5301 1528 5332 ⁸⁸
1558 5299 1718 5356 Joan.
1755 5317 1863 5365 xiv,
1886 5299 1977 5354 21.
2054 5301 2097 5333 ⁸⁸
2127 5301 2284 5355 .loan.
2311 5316 2402 5364 xv,
2441 5297 2526 5351 12.

1381 5461 1581 5524 Variae
1625 5461 1938 5526 lectiones
1970 5470 2033 5525 et
2076 5471 2267 5524 notae.

248 5603 362 5675 (98)
391 5603 547 5657 Κατὰ
589 5605 788 5675 μικρόν
821 5605 881 5660 Β.

245 5677 360 5744 (99}
385 5675 803 5746 interpreshic
826 5691 1058 5746 prorsus
1089 5679 1355 5734 dissentit
1376 5695 1406 5735 a
1437 5681 1579 5737 meis
1596 5681 1756 5738 cod-i-

164 5743 486 5818 ctbus._Sed
525 5745 648 5818 haec
660 5743 848 5818 lectio
887 5748 1062 5818 magis
1096 5750 1298 5816 placet.

242 5817 321 5886 (Ι)
354 5815 433 5868 lla
490 5829 558 5868 ex
610 5813 1006 5885 Chrysostomd
1069 5813 1276 5885 laudat,
1341 5829 1474 5875 tom.
1508 5821 1648 5889 Vill,
1704 5839 1764 5893 p.

508 5909 781 5970 ΡΑτιιοι..
835 5911 952 5969 Gn.
991 5910 1256 5973 CXXIX.

1862 5612 1966 5668 ιει
1996 5615 2062 5668 C.

1931 5685 2008 5753 (ὲ)
2035 5682 2248 5741 Inclusa
2291 5685 2495 5740 absunt
2519 5687 2584 5740 Α.

1926 5755 2004 5824 (5)
2039 5753 2251 5812 Inclusa
2279 5757 2478 5811 absunt
2517 5759 2583 5810 A.

3053 5919 3128 5980 46
