4068 6384
116 399 277 463 1ί53

982 396 1372 457 COMMENT.
1418 396 1498 455 1N
1537 395 1911 460 JOANNEM.
1955 423 2023 435 *-
2063 399 2221 458 CAP.
2265 392 2486 458 XVIII.

3226 397 3248 460 1
3264 399 3364 464 454

107 511 272 574 dum:
303 507 417 576 τὴν
503 508 693 573 δόξαν
747 507 966 578 Κυρίου
1011 505 1544 576 κατοπτριωμενοι.
1595 509 1695 560 Ma.

1803 509 1968 564 etiam
1998 508 2130 564 dicit
2163 508 2360 563 Paulus
2385 529 2396 562 :
2420 508 2633 561 Detecta
2661 507 2796 577 [acie
2838 507 3058 576 gloriam
3102 506 3193 563 Dei
3243 528 3360 565 cou—

120 601 298 668 γίστη
356 605 465 671 γὰρ
521 600 686 662 ὅντως
750 600 912 664 δόξα,
967 598 1029 652 τὸ
1102 597 1326 668 θεωρεῖν
1376 600 1473 668 τὴν
1543 599 1700 663 δόξαν

112 689 319 744 αὑτοῦ.

201 781 394 850 Πάτερ
444 781 654 835 δίκαιε.
685 781 904 834 Δίκαιον
952 779 1114 832 αὐτὸν
1159 778 1303 846 λέγει
1361 776 1478 843 νῦν,
1509 778 1584 842 ὡς
1617 777 1701 831 05'-

113 872 313 936 λοντα,
354 873 428 942 μὴ
469 872 648 940 μόνοις
690 872 985 934 Ἰουδαίοις,
1022 869 1156 922 ἀλλὰ
1187 871 1348 922 πᾶσιν
1395 870 1702 937 ἀνθρώποις

113 964 568 1032 ἐπιγνωσθῆναι,
616 963 702 1015 ἵνα
756 963 956 1024 πάντες
1001 959 1298 1024 σώζωνται,
1372 962 1467 1013 καὶ
1516 961 1702 1030 μηδεὶς

1801 597 2115 668 ιεηιιηαηιιε
2141 599 2211 653 ⁸⁵.
2247 599 2524 670 Siquidem
2569 613 2701 652 vere
2763 597 2991 652 maxima
3044 608 3126 653 est
3172 600 3362 671 gloria,

1800 691 1921 760 ejus
1950 691 2137 746 videre
2177 690 2424 762 gloriam.

1872 781 2025 836 Vers.
2057 781 2145 835 25.
2166 783 2330 834 Pater
2350 781 2517 848 juste.
2548 777 2764 835 Justum
2823 793 2948 832 eum
3009 793 3155 832 nunc
3215 779 3365 844 dicit,

1804 881 1999 942 utpote
2037 873 2308 926 volentem
2334 886 2440 925 non
2468 887 2496 924 a
2528 871 2657 926 solis
2709 869 2930 933 Judmis,
2987 885 3175 924 verum
3205 871 3365 924 etiam

1798 964 1869 1017 ab
1926 963 2180 1018 omnibus
2223 962 2541 1016 hominibus
2590 962 2833 1032 agnosci,
2876 969 2937 1015 ut
2983 975 3176 1016 omnes
3232 961 3365 1015 salvi

121 1054 208 1105 δι’
240 1055 460 1121 ἄγνοιαν
502 1054 788 1123 ἀπόληται.
841 1051 1011 1104 T0610
1064 1049 1176 1121 (10)
1237 1048 1347 1119 γὰρ
1399 1051 1695 1120 ἀκροτάτης

1803 1053 2016 1116 fierent,
2052 1061 2107 1107 et
2133 1053 2318 1108 nullus
2353 1068 2452 1122 per
2509 1051 2870 1122 ignorantiam
2934 1051 3179 1121 periret:
3242 1066 3366 1104 nam

115 1144 483 1214 δικαιοσύνης
505 1147 599 1198 καὶ
638 1144 995 1212 ἀγαοότητος.

202 1236 312 1290 Καὶ
345 1264 416 1274 -
446 1234 620 1305 ἔγνω.
657 1234 750 1307 [Ὀ
785 1234 882 1304 μὲν
911 1232 1068 1296 ἀλλος
1102 1232 1215 1304 (ll)
1251 1231 1472 1301 κόσμος,
1503 1231 1620 1284 οὐδ’
1645 1232 1705 1283 ὃ·

1803 1143 1854 1196 id
1894 1153 2150 1197 extrema:
2168 1143 2392 1212 justitia:
2407 1151 2491 1196 est
2510 1156 2574 1195 ac
2596 1140 2880 1196 bonitatis.

1877 1234 2032 1289 νει-ε.
2054 1233 2147 1289 25.
2175 1233 2244 1287 Et
2270 1262 2341 1272 —
2371 1233 2630 1301 cognovit.
2661 1230 2903 1286 Gentiles
2935 1229 3155 1301 quidem
3218 1231 3369 1284 nullo

114 1327 238 1389 λως
271 1326 412 1396 (12)·
440 1327 488 1377 0i
529 1326 586 1379 δὲ
630 1327 873 1379 Ἰουδαῖοι
915 1325 1065 1396 (15),
1094 1325 1307 1395 Πατέρα
1342 1341 1466 1395 μου,
1510 1323 1600 1378 διά
1643 1324 1695 1377 τὲ

1806 1323 1988 1388 modo,
2015 1323 2398 1378 cum-adorent
2425 1322 2601 1387 idola;
2632 1320 2804 1375 Judaei
2841 1335 2970 1375 vero
2995 1336 3105 1375 non
3165 1336 3370 1391 cogno-

113 1417 494 1470 ἐθελοκακεῖν.
518 1415 538 1487 ]

210 1598 362 1666 Ἐγὼ
383 1631 450 1642 —-
467 1600 689 1670 Ezram.
713 1603 896 1656 Φύσει.

203 1690 314 1744 Καὶ
369 1717 436 1731 ——
493 1692 881 1758 ἀπέστειλας.
923 1693 986 1746 Οί
1042 1692 1278 1764 μαθηταί
1317 1709 1418 1761 μου
1463 1691 1704 1761 ἔγνωσαν

111 1780 310 1846 τοῦτο,
333 1781 427 1850 ἀφ’
447 1774 520 1834 ῶν
549 1777 702 1836 εἶπον
730 1785 825 1836 καὶ
845 1781 1056 1852 ἔπραξα
1079 1783 1417 1854 θεοπρεπῶς.

196 1964 308 2017 Καὶ
340 1994 410 2004 -
442 1981 582 2018 σου.
629 1965 702 2017 Τὸ
737 1965 836 2036 τῆς
881 1965 1238 2035 πατρὸτητος.
1266 1965 1451 2019 Ταῦτα
1490 1965 1602 2034 (ll)
1643 1967 1699 2020 δὲ

117 2055 223 2107 καὶ
255 2055 518 2125 ἀνωτέρω
543 2057 752 2127 εἴρηκε,
784 2058 877 2109 καὶ
899 2054 993 2110 νῦν
1016 2057 1164 2124 λέγει
1199 2055 1357 2110 πάλιν
1382 2057 1701 2126 ἐπαναλαμο

110 2148 326 2202 σάνων.

197 2235 315 2290 Καὶ
355 2240 649 2307 γνωρίσω.
711 2239 836 2292 Ἐπὶ
868 2237 1027 2293 πλέον
1077 2239 1167 2292 διά
1198 2238 1291 2291 τοῦ
1332 2239 1484 2307 ἀγίου
1531 2238 1697 2293 Ilvati-

114 2346 320 2399 ματος.
354 2331 517 2401 Ὁρᾷς
547 2331 628 2384 ὅτι
657 2330 846 2401 ὥσπερ
878 2332 906 2385 δ
936 2330 1124 2400 Πατὴρ
1145 2329 1291 2397 λέγει
1314 2330 1400 2383 διὰ
1421 2330 1514 2382 τοῦ
1539 2331 1695 2398 ἀγὶου

114 2419 478 2488 ΙΙνεύματος,
523 2419 667 2473 οὕτω
712 2422 807 2474 καὶ
859 2420 886 2472 ὁ
933 2419 1059 2482 Υἱὸς
1106 2419 1364 2487 γνωρίζει
1417 2417 1486 2472 δι’
1529 2419 1694 2472 αὑτοῦ

109 2505 152 2559 ἃ
188 2505 442 2566 βούλεται
464 2510 575 2571 τοῖς
599 2507 891 2578 μαθηταῖς.
933 2507 1052 2576 Ἀφ’
1078 2501 1151 2560 ὧν
1179 2507 1336 2570 αὖθις
1362 2508 1423 2559 τὸ
1453 2507 1693 2576 ἰσότιμον

115 2596 221 2648 καὶ
250 2597 543 2666 σύμφωνον
576 2600 674 2669 τῆς
705 2599 866 2667 ἁγίας
901 2597 1127 2668 Τριὰδος
1150 2598 1445 2652 δείκνυται.

195 2779 328 2832 ἰνα
354 2810 425 2821 -
448 2775 507 2850 ᾖ.
541 2780 818 2850 Γνωρίσω,
851 2781 1036 2852 φησιν,
1070 2781 1256 2846 αὐτοῖς
1301 2782 1393 2834 ἐπὶ
1433 2782 1597 2835 πλέον
1618 2782 1695 2866 ‘10

122 2870 308 2939 ὄνομά
335 2887 452 2936 σου,
491 2871 578 2923 ἵνα
621 2870 777 2924 τοῦτο
806 2871 991 2940 σαφῶς
1025 2877 1407 2942 γνωρίσαντων
1447 2874 1540 2926 και)⁵
1581 2875 1694 2927 δια-

116 2963 386 3028 γνόντων,
426 2961 505 3013 ὅτι
545 2962 764 3030 γνήσιος
811 2960 936 3022 Υἱὸς
957 2959 1068 3028 ιιγὼ
1113 2961 1224 3029 (15)
1277 2977 1374 3014 σου
1409 2963 1504 3014 καὶ
1535 2961 1692 3031 φύσει

1804 1423 2001 1469 verunt
2030 1413 2254 1483 te,qnia
2294 1421 2487 1484 sponte
2529 1421 2834 1482 peccantes,
2864 1420 3060 1481 negant
3099 1419 3151 1466 te
3189 1426 3368 1466 meum

1801 1521 1924 1560 esse
1950 1505 2183 1558 Patrem.

1872 1595 2026 1651 Vers.
2057 1596 2151 1650 25.
2178 1596 2289 1667 Ego
2316 1626 2387 1636 —-
2407 1597 2642 1666 cognovi.
2696 1597 2918 1650 Natura.

1875 1685 2039 1741 νει-ε.
2067 1686 2158 1742 95.
2193 1685 2257 1739 Ει
2285 1717 2354 1726 -
2376 1687 2582 1740 misisti.
2625 1687 2878 1757 Discipuli
2907 1686 3011 1741 mei
3040 1687 3143 1741 boc
3166 1701 3370 1763 cogno-

1803 1784 2000 1832 verunt
2026 1792 2091 1831 ex
2118 1777 2204 1831 bis
2234 1794 2353 1846 qua:
2374 1791 2469 1832 eos
2507 1777 2689 1845 docui,
2737 1786 2791 1832 ct
2816 1778 3004 1833 divino
3029 1777 3192 1832 modo
3241 1791 3372 1847 ope-

1804 1877 1954 1920 ratus
1984 1881 2126 1920 ευηι.

1873 1955 2028 2011 Vers.
2051 1957 2142 2011 ‘26.
2182 1956 2338 2010 Et—
2365 1965 2537 2010 tuum.
2569 1956 2779 2011 Nomen
2811 1957 3175 2027 patet-uitatis.
3244 1956 3371 2012 Haec

1799 2059 1980 2106 autem
2014 2052 2177 2106 etiam
2200 2053 2451 2123 superius
2469 2051 2626 2120 dixit,
2685 2060 2740 2106 et
2777 2066 2923 2107 nunc
2977 2051 3176 2107 iterum
3214 2067 3372 2123 repe-

1803 2143 1967 2198 tendo
1989 2143 2142 2199 dicit.

1868 2235 2022 2291 Vers.
2053 2235 2144 2290 96.
2178 2236 2247 2290 Et
2265 2243 2446 2290 notum
2463 2235 2951 2308 faciam.Amplius
2980 2251 3079 2306 per
3105 2235 3366 2306 Spiritum

1797 2337 2067 2382 sanctum.
2133 2329 2317 2393 Vides,
2354 2328 2499 2398 quod
2551 2329 2694 2384 sicut
2749 2325 2910 2383 Pater
2965 2328 3204 2397 loquitur
3272 2345 3369 2399 per

1796 2417 2059 2488 Spiritum
2087 2429 2360 2485 sanctum,
2399 2419 2473 2474 ita
2511 2429 2571 2475 et
2624 2418 2792 2472 Filius
2851 2428 3040 2472 notum
3099 2417 3228 2473 facit
3273 2433 3370 2489 per

1794 2510 1969 2579 ipsum
2034 2511 2315 2581 discipulis
2355 2527 2477 2581 quas
2543 2509 2828 2566 voluerit?
2875 2525 2945 2565 ex
2992 2510 3190 2579 quibus
3241 2527 3366 2565 rur-

1795 2617 1916 2657 sum
1944 2603 2167 2657 honoris
2200 2602 2482 2672 aequalitas
2502 2617 2566 2657 ac
2600 2601 2894 2657 concordia
2951 2610 3152 2656 sanctae
3184 2600 3366 2656 Trini-

1797 2695 1924 2748 tatis
1962 2694 2290 2749 ostenditur.

1867 2783 2022 2838 Vers.
2063 2785 2154 2839 26.
2183 2785 2246 2839 Ut
2277 2786 2448 2839 —sit.
2477 2785 2674 2839 Notum
2718 2783 2932 2848 faciam,
2998 2785 3193 2855 inquit,
3251 2801 3369 2840 am-

1797 2875 1942 2943 plius
1997 2890 2196 2929 nomen
2251 2885 2426 2940 tuum,
2469 2887 2527 2930 ut
2579 2891 2702 2930 cum
2746 2876 2850 2930 hoc
2896 2878 3253 2946 cognoverint
3305 2893 3371 2932 ac.

1795 2963 2088 3018 didicerint
2134 2965 2278 3033 quod
2318 2966 2576 3020 naturalis
2601 2966 2705 3020 sim
2736 2965 2906 3020 Filius
2933 2979 3076 3030 tuus,
3100 2976 3154 3021 et
3172 2977 3366 3022 natura

116 3052 432 3119 ἀγαπητὸς,
465 3052 497 3120 η
520 3051 745 3121 τοιαύτη
775 3051 988 3120 ἀγάπη,
1025 3052 1058 3121 ὴ
1081 3051 1279 3121 γνησία
1311 3054 1403 3106 καὶ
1427 3053 1608 3121 φύσει,
1635 3057 1693 3107 ὲν

1798 3055 2048 3119 dilectus,
2080 3055 2396 3125 bujusmodi
2427 3056 2665 3120 dilectio,
2717 3073 2838 3126 quae
2901 3057 3136 3128 ingenua
3196 3067 3280 3114 est
3314 3071 3370 3114 et

122 3143 318 3203 αὐτοῖς
344 3142 428 3209 εἴη
459 3141 858 3210 γνωριζομένη.

196 3231 372 3299 Κάγὼ
407 3231 475 3283 ἐν
503 3231 722 3296 αὐτοῖς.
774 3230 945 3300 Κάγὼ
984 3232 1042 3284 ὲν
1079 3231 1261 3295 αὐτοῖς
1302 3226 1348 3285 ὦ
1396 3233 1577 3300 πλέον,
1609 3235 1698 3288 διὰ

119 3324 367 3386 πίστεως
409 3322 674 3393 μείζονος,
705 3322 802 3376 ἆτι
829 3324 1227 3395 γνωριζόμενος
1265 3325 1450 3387 αὐτοῖς
1490 3327 1694 3379 ἐντελέ-

116 3432 340 3485 στερον.
370 3415 537 3467 Πάλιν
557 3413 648 3467 οὖν
677 3415 756 3478 εἰς
783 3415 1004 3485 ἀγάπην
1029 3415 1311 3486 κατέληξε,
1341 3417 1543 3488 ταύτην
1574 3419 1695 3470 ἑπι-

114 3507 240 3568 οεὶς
275 3507 353 3576 τῷ
378 3505 518 3576 λόγῳ
546 3506 842 3561 τελείωσιν.
865 3506 1199 3577 Τελειωτικὴ
1231 3508 1339 3578 γὰρ
1359 3508 1466 3561 τῶν
1488 3511 1698 3578 ἀρετῶν

114 3601 150 3668 ὴ
191 3597 408 3666 ἀγάπη.

197 3688 393 3743 Ταῦτα
420 3715 489 3728 --
517 3690 724 3744 αὐτοῦ.
752 3692 994 3761 Ζήτησον
1021 3693 1076 3744 ἐν
1097 3691 1176 3762 τῷ
1204 3690 1482 3763 ἑξηκοστῷ
1500 3695 1695 3763 τετάρ-

115 3794 198 3848 τῳ
228 3776 509 3847 κεφαλαίῳ
534 3778 627 3830 τοῦ
655 3783 795 3834 κατά
821 3781 1095 3834 Ματθαῖον
1124 3782 1183 3834 τό
1200 3797 1213 3811 ·
1236 3783 1346 3835 Καὶ
1379 3782 1696 3851 ὑμνήσαν-

118 3884 225 3934 τες
255 3867 521 3936 ἐξῆλθον
547 3873 636 3936 εις
673 3869 738 3923 τὸ
779 3869 917 3938 ὅρος
948 3872 1068 3924 τῶν
1106 3870 1373 3929 Ἐλαιῶν.
1406 3873 1554 3926 Ἐκεῖ
1588 3875 1696 3944 γὰρ

117 3957 368 4029 ιξηγήθη
408 3959 503 4011 καὶ
541 3963 668 4030 περὶ
693 3959 920 4013 τούτων.
955 3962 1116 4015 Ἀλλά
1145 3965 1238 4015 καὶ
1276 3962 1535 4034 περὶτῶν
1567 3962 1697 4032 ἑξῆς

123 4050 469 4119 πλατύτερον
491 4067 551 4102 τε
583 4051 678 4104 καὶ
703 4051 1096 4122 ἀκριὸέστερον
1132 4055 1191 4107 ὲν
1220 4055 1413 4124 ἐκείνῳ
1437 4054 1514 4125 τῷ
1533 4057 1696 4121 εὐαγο

121 4141 354 4209 γελιστῇ
381 4141 780 4211 δεδηλώκαμεν.

195 4231 358 4301 ’ῌδει
389 4260 455 4271 -
493 4234 701 4287 τόπον.
743 4229 876 4287 Εἶτα
921 4233 1089 4303 λέγει,
1138 4236 1234 4289 καὶ
1281 4236 1445 4289 πόθεν
1507 4237 1695 4290 τοῦτον

117 4321 442 4392 ιγίνωσκεν.

193 4416 330 4467 ὀτι
358 4443 430 4457 —
452 4417 664 4471 αὐτοῦ.
693 4416 957 4480 Πολλάκις
986 4416 1215 4488 ηὐλίσθη
1249 4420 1385 4474 ἐκεῖ.

205 4507 270 4559 Ὀ
315 4506 427 4560 οὗν
469 4506 700 4574 Ἰούδας
733 4540 800 4550 -
830 4509 1051 4564 ὅπλων.
1099 4509 1179 4562 Τά
1224 4511 1362 4564 ὅπλα
1403 4512 1690 4580 ἐπήγοντο,

115 4599 422 4661 δεδοικότες
455 4602 581 4662 τοὺς
615 4602 910 4670 ἑπομένους
939 4601 1108 4671 αὐτῷ.
1137 4603 1236 4657 Διά
1267 4603 1422 4658 τοῦτο
1453 4604 1560 4674 γὰρ
1601 4606 1694 4657 καὶ

115 4692 264 4761 ἀωρὶ
296 4691 406 4743 τῶν
432 4693 646 4745 νυκτῶν
673 4692 928 4761 ἀπῆλθον.

203 4782 297 4834 Ἐν
328 4781 404 4851 τῷ
434 4783 708 4854 ἑξηκοστῷ
736 4785 793 4836 δὲ
827 4785 1064 4856 πέμπτῳ
1101 4786 1386 4856 κεφαλαίῳ
1423 4785 1516 4839 τοῦ
1552 4788 1693 4838 κατὰ

117 4871 402 4926 λίατθαῖον
452 4872 657 4944 ἐρρήθη
705 4874 834 4945 περὶ
871 4875 1106 4940 τούτων,
1162 4875 1311 4946 [ἔνθα
1358 4877 1469 4946 (16)
1515 4881 1690 4929 κεῖται

117 4963 178 5016 τό
208 4977 224 4990 ο
273 4962 384 5016 Kal
407 4961 494 5015 ἔτι
519 4964 703 5018 αὐτοῦ
740 4965 1116 5031 λαλοῦντος,
1151 4967 1280 5021 ἰδοὺ
1352 4966 1560 5032 ιούδας
1602 4963 1690 5032 εἷς

193 5158 247 5194 ⁸⁸
270 5157 317 5212 ll
347 5159 476 5217 Cor.
505 5177 587 5228 tu,
618 5162 707 5220 18.
783 5165 828 5198 ⁸⁸
859 5166 1048 5224 Matth.
1085 5184 1232 5234 xxvi,
1263 5170 1354 5226 30.

1725 3143 1768 3202 Ο
1804 3160 1899 3214 per
1931 3155 2200 3209 naturam,
2226 3145 2297 3199 sit
2325 3146 2379 3198 in
2422 3145 2502 3198 eis
2533 3159 2631 3213 per
2645 3146 3033 3215 cognitionem.

1868 3238 2023 3293 Vers.
2059 3237 2148 3291 26.
2177 3236 2243 3289 Et
2273 3252 2365 3306 ego
2392 3236 2447 3288 in
2485 3236 2580 3289 eis.
2615 3236 2682 3290 Et
2713 3251 2813 3307 ego
2843 3237 2896 3290 in
2931 3237 3012 3292 eis
3051 3239 3224 3308 magis
3266 3239 3367 3294 sint

1799 3347 1898 3404 per
1929 3330 2090 3385 fidem
2125 3329 2405 3398 majorem,
2475 3337 2664 3400 utpote
2723 3329 3024 3399 perfectius
3054 3334 3137 3387 eis
3182 3341 3366 3388 notus.

1801 3425 2000 3480 lterum
2035 3435 2164 3492 ergo
2186 3421 2241 3474 in
2275 3420 2623 3476 dilectionem
2651 3421 2981 3487 terminavit,
3015 3422 3157 3476 hanc
3189 3423 3369 3492 impo-

1799 3523 1938 3563 nens
1955 3511 2194 3566 sermoni
2229 3513 2778 3564 consummationem.
2799 3508 2934 3565 Nam
2965 3511 3232 3581 perfectio
3258 3513 3370 3567 vir-

1801 3608 1972 3654 tutum
2002 3609 2084 3655 est
2112 3601 2350 3655 dilectio.

1869 3691 2021 3746 CAP.
2055 3689 2245 3744 XVIII.
2280 3691 2434 3746 Vers.
2474 3692 2522 3746 l.
2543 3694 2670 3746 Hec
2694 3721 2764 3732 —
2789 3693 2925 3762 ejus.
2981 3692 3177 3760 Quaere
3209 3712 3370 3752 sexa-

1799 3783 2006 3853 gesimo
2042 3794 2235 3851 quarto
2269 3783 2447 3851 capite
2498 3782 2777 3855 Evangelii
2821 3785 2977 3852 juxta
3033 3784 3366 3853 Mattlmum,

1800 3871 1891 3925 ubi
1921 3871 2139 3940 ponitur
2169 3889 2182 3926 :
2218 3871 2286 3924 Et
2311 3873 2463 3926 dictis
2490 3873 2731 3926 laudibus
2773 3875 3014 3927 exierunt
3066 3874 3121 3926 in
3141 3887 3367 3929 montem

1798 3963 2068 4020 Oliuarum
2091 3966 2166 4031 ";
2194 3979 2319 4019 nam
2340 3965 2412 4020 ibi
2439 3964 2507 4020 de
2531 3966 2615 4020 bis
2635 3974 2941 4020 enarratum
2964 3977 3066 4020 est.
3089 3966 3197 4022 Sed
3215 3978 3270 4022 et
3301 3968 3369 4022 de

1801 4053 1868 4108 iis
1908 4069 2028 4124 qua:
2060 4064 2387 4124 sequuntur,
2421 4054 2582 4109 latius
2602 4063 2657 4110 et
2687 4055 2933 4110 exactius
2967 4053 3024 4108 in
3078 4055 3171 4109 illo
3198 4069 3339 4111 evan

1798 4143 1990 4214 gelista
2002 4142 2452 4212 signiﬁcavimus.

1873 4235 2027 4290 Vcrs.
2067 4235 2121 4288 2.
2161 4234 2372 4289 Sciebat
2423 4235 2708 4290 —locum.
2768 4234 2975 4292 Deinde
3023 4238 3186 4293 etiam
3241 4241 3370 4296 dicit

1802 4328 1945 4381 unde
1976 4329 2078 4380 hoc
2113 4327 2343 4381 sciebat.

1871 4418 2025 4474 Vers.
2055 4419 2109 4472 2.
2139 4418 2287 4484 Quod
2311 4447 2383 4457 -
2400 4419 2529 4472 suis.
2563 4419 2900 4488 Frequenter
2925 4431 3236 4476 versaretur
3263 4422 3362 4476 ibi.

1869 4510 2023 4564 Vers.
2052 4510 2104 4562 5.
2127 4509 2300 4561 Judas
2342 4524 2461 4579 ergo
2494 4537 2562 4548 —
2594 4511 2778 4562 armis.
2804 4508 2967 4563 Arma
2999 4511 3364 4576 adduxerunt,

1799 4600 2054 4653 timentes
2080 4613 2173 4652 eos
2200 4599 2291 4668 qui
2318 4598 2690 4668 sequebantur
2715 4597 2901 4653 lesum
2928 4615 2943 4652 :
2974 4614 3100 4653 nam
3162 4607 3226 4653 ει·
3245 4613 3368 4675 pro-

1799 4701 1986 4761 pterea
2033 4691 2417 4761 intempestivo
2469 4692 2646 4745 noctis
2707 4699 2951 4759 tempore
3005 4691 3365 4745 advenerunt.

1873 4784 1946 4837 De
1985 4782 2069 4836 bis
2098 4791 2282 4836 autem
2314 4782 2519 4837 dictum
2534 4791 2617 4835 est
2640 4782 2981 4851 sexagesimo
2997 4782 3188 4851 quinto
3212 4782 3367 4851 juxta

1798 4872 2112 4926 lllattbteum
2129 4873 2328 4942 capite,
2353 4871 2444 4926 ubi
2464 4873 2663 4927 dicitur
2687 4887 2702 4926 :
2723 4871 2790 4926 Et
2822 4871 2994 4925 adhuc
3020 4887 3079 4926 eo
3098 4871 3366 4941 loquente,

1797 4981 1912 5018 ecce
1941 4965 2108 5019 ludas
2129 4982 2263 5019 unus
2295 4965 2359 5019 de
2389 4965 2660 5019 duodecim
2700 4963 2934 5030 venit“;
2967 4978 3092 5018 nam
3146 4978 3268 5033 qnte
3306 4962 3362 5014 in

1466 5169 1512 5201 “
1540 5171 1672 5225 ibid.
1702 5169 1795 5224 47.

1282 5349 1478 5410 νει-ιω
1521 5347 1835 5413 lectiones
1877 5357 1939 5410 et
1982 5357 2170 5411 notes.

193 5527 313 5600 (ιο)
346 5528 456 5600 ae,
479 5526 758 5600 loco'rdp,
806 5532 870 5585 Α.

124 5598 552 5724 άὶέἒέἐᾶῗοιιιεο
577 5598 780 5656 absunt
820 5604 887 5657 A.
921 5602 1177 5663 Hentcnii
1200 5610 1380 5664 versio
1413 5609 1504 5664 bic
1529 5612 1693 5664 etiam

127 5809 138 5820 .
210 5738 562 5820 (τηιιειειιη
600 5738 766 5820 ἔγνω.
799 5740 986 5820 forte
1007 5744 1310 5804 llentenius
1328 5750 1416 5806 hic
1450 5750 1694 5805 additum

127 5809 362 5874 invenit,
395 5809 484 5863 διά
515 5808 575 5861 τὸ
608 5809 1038 5884 εἰδωλολατρετν.

1873 5539 1986 5608 (l3)
2029 5539 2142 5609 Οὐχ
2169 5541 2268 5602 ὡς.
2302 5540 2763 5610 interponendum
2803 5540 3038 5604 videtur,
3076 5547 3136 5592 ut
3173 5539 3245 5593 sit
3270 5537 3365 5604 οὐχ

1797 5610 1873 5672 ὡς
1940 5611 2161 5675 Πατέρα
2194 5627 2319 5680 μου,
2353 5611 2524 5665 intell.
2581 5609 2844 5678 ἔγνωσαν.

1871 5681 1984 5746 (Η)
2021 5680 2154 5747 Γάρ,
2198 5681 2315 5734 loco
2350 5680 2429 5745 δὲ,
2467 5681 2528 5734 Α.

1871 5750 1982 5817 (ιδ)
2020 5750 2122 5802 Σου
2153 5750 2346 5818 ἑγὼΑ.

1869 5821 1981 5889 (ιδ)
2017 5820 2226 5875 Inclusa
2253 5819 2451 5873 omittit
2476 5822 2542 5873 A.
