4108 6400
711 376 844 439 3459

1929 376 2311 437 EUTHYMII
2353 378 2716 440 ZIGABENI

3798 369 3941 436 ιιοο

705 492 935 562 maligne
958 492 1026 548 ile
1057 493 1143 548 his
1177 509 1295 563 qua:
1323 503 1552 549 noverat
1581 493 2008 564 interrogantem
2039 508 2147 547 non
2172 506 2256 544 ar-

2363 494 2653 565 ἐρωτῶντα
2685 495 2812 566 περὶ
2842 488 2916 548 ὧν
2948 489 3056 548 οἶδε
3085 513 3099 560 ;
3129 492 3438 562 Δυνάμενος
3469 489 3562 543 οὖν
3616 489 3796 540 σεῖσαι
3840 485 3939 538 καὶ

705 584 925 650 guerit?
953 583 1086 638 Cum
1132 600 1260 656 ergo
1297 594 1481 656 posset
1519 600 1711 640 omnes
1748 592 2041 638 concutere
2068 592 2123 636 et
2165 580 2261 635 ob-

706 688 881 739 ruere,
927 682 1021 727 aut
1072 672 1180 727 alio
1224 675 1422 729 acerbo
1480 674 1642 728 modo
1693 673 1942 742 perdere,
1989 673 2262 741 patienter

705 760 828 824 fert,
865 761 1141 829 verbaque
1198 761 1563 830 proloquitur,
1611 774 1732 828 quae
1775 771 1994 812 omnem
2049 757 2260 826 possint

703 848 996 904 dissolvere
1021 848 1312 915 feritatem,
1350 863 1659 919 quanquam
1689 862 1800 901 non
1831 861 1948 900 eam
1981 862 2100 916 «jure
2139 845 2259 898 illo-

704 954 821 992 rum
850 947 988 996 erat.

769 1029 928 1084 Vers.
975 1031 1065 1085 23.
1118 1031 1401 1101 Respondit
1435 1060 1490 1072 —
1536 1032 1691 1085 cadis
1724 1031 1750 1084 ?
1777 1029 1972 1084 Proler
2005 1029 2256 1083 testimo-

701 1120 875 1184 nium,
918 1121 1022 1176 boc
1066 1133 1172 1186 est,
1214 1123 1464 1184 ostende.
1501 1123 1630 1192 quid
1667 1123 1737 1177 sit
1794 1123 1931 1176 male
1962 1123 2257 1191 prolatum,

703 1225 866 1280 argue
888 1226 1010 1265 eum
1045 1211 1136 1280 qui
1161 1212 1230 1267 sit
1263 1213 1404 1267 male
1436 1212 1670 1267 locutus.

771 1301 1032 1365 Quaerunt
1061 1311 1242 1355 autem
1267 1302 1508 1370 quidam,
1533 1303 1806 1371 quomodo
1835 1316 1940 1355 non
1964 1298 2261 1355 obverterit

701 1389 952 1446 Christus
981 1402 1038 1447 et
1081 1394 1306 1447 alteram
1345 1393 1615 1447 maxillam
1661 1391 1982 1462 impingenti
2026 1391 2257 1459 alapam,

702 1477 842 1531 sicut
888 1479 1148 1546 apostolis
1193 1479 1498 1534 faciendum
1536 1486 1886 1548 praeceperat,
1939 1478 2034 1532 sed
2079 1477 2260 1546 potius

702 1569 1012 1637 indignatus
1053 1570 1180 1623 est?
1221 1568 1332 1624 Nos
1387 1577 1567 1623 autem
1608 1569 1864 1631 dicimus,
1919 1569 2065 1636 quod
2127 1567 2258 1621 illud

700 1666 1028 1726 praeceptum
1063 1661 1132 1712 de
1161 1673 1270 1711 non
1303 1658 1622 1713 ulciscendo
1660 1658 1764 1712 fuit
1811 1657 2091 1712 inductum
2139 1671 2262 1724 pm-

699 1759 817 1818 pter
841 1750 1161 1814 seditiones,
1185 1763 1306 1818 qua:
1331 1749 1456 1802 inde
1489 1749 1813 1802 oriebantur
1846 1764 1862 1802 :
1897 1763 2043 1802 nunc
2076 1754 2255 1800 tamen

698 1849 875 1904 neque
909 1835 1154 1890 Christus
1175 1850 1298 1889 eum
1329 1837 1476 1888 ultus
1504 1844 1610 1898 est,
1651 1835 1744 1903 qui
1774 1835 1982 1903 alapam
2017 1834 2257 1903 impege-

697 1935 804 1988 rat,
843 1926 973 1994 quin
1023 1927 1228 1995 potius,
1261 1940 1386 1978 cum
1428 1925 1580 1978 illum
1608 1939 1718 1978 non
1769 1925 2049 1993 repulerit.
2085 1938 2260 1992 neque

696 2016 812 2084 ipse
844 2015 1121 2080 resilierit,
1149 2015 1215 2070 ad
1245 2015 1379 2068 alias
1402 2029 1621 2084 quoque
1651 2014 1836 2084 plagas
1870 2021 2094 2082 paratus
2119 2024 2258 2078 erat,

695 2110 789 2164 sed
825 2117 1010 2177 partes
1039 2121 1166 2162 suas
1199 2105 1464 2170 defendit,
1495 2120 1566 2160 ne
1592 2105 1866 2175 quomodo
1901 2105 1944 2160 si
1978 2106 2257 2169 tacuisset,

695 2209 986 2254 contumax
1041 2199 1339 2260 videretur,
1392 2198 1461 2252 de
1497 2212 1604 2266 quo
1645 2196 1811 2251 etiam
1874 2198 2256 2252 accusabatur.

763 2291 920 2345 Vcrs.
967 2289 1057 2343 24.
1117 2288 1266 2342 Μίιίι
1318 2316 1386 2329 —
1419 2285 1576 2341 Vers.
1619 2287 1715 2341 27.
1756 2286 1970 2342 Petrus.
2016 2286 2256 2358 Sexage-

696 2382 834 2434 simo
877 2380 1069 2449 quinto
1102 2378 1377 2448 Evangelii
1428 2378 1580 2447 juxta
1617 2376 1929 2432 Matthmum
1969 2378 2147 2448 capite
2189 2377 2258 2432 de

698 2474 782 2526 his
825 2471 1114 2540 diligenter
1170 2469 1509 2539 disputatum
1562 2475 1669 2533 est,
1723 2468 1815 2522 ubi
1866 2469 2099 2524 habetur
2138 2486 2151 2521 :
2190 2469 2257 2522 Et

693 2563 953 2628 ingressus
988 2561 1126 2612 intro
1154 2559 1364 2612 sedebat
1404 2575 1520 2611 cum
1554 2559 1829 2624 ministris,
1879 2569 1934 2611 ut
1969 2560 2160 2613 uideret
2195 2559 2261 2628 ﬁ-

694 2668 811 2704 nem
829 2651 897 2705 “.

763 2743 920 2798 Vers.
955 2744 1045 2798 27.
1081 2742 1377 2813 Statimque
1416 2743 1589 2814 gallus
1623 2743 1825 2796 cecinit.
1857 2742 2049 2808 Quaere
2095 2757 2255 2796 sexa-

694 2839 899 2908 gesimo
928 2847 1084 2894 sexto
1115 2838 1245 2894 dieti
1283 2838 1630 2909 evangelista
1671 2839 1848 2908 capite
1883 2838 1973 2893 ubi
2005 2839 2260 2893 similiter

693 2931 891 2985 dicitur
924 2947 938 2985 :
970 2931 1266 3000 Statimque
1315 2930 1490 3000 gallus
1529 2932 1714 2984 cecinit
1757 2931 1842 2996 ⁶³;
1892 2945 2016 2986 nam
2064 2931 2137 2984 ibi
2190 2932 2258 2986 de

693 3017 797 3069 hoc
824 3017 1107 3071 manifeste
1137 3019 1342 3072 dictum
1369 3027 1471 3073 est.

761 3102 917 3156 Vera.
948 3103 1038 3158 28.
1067 3102 1276 3157 Ducunt
1302 3134 1372 3145 —
1393 3103 1622 3160 Pascha.
1651 3103 1854 3159 Horum
1876 3121 2090 3176 quoque
2116 3106 2254 3162 facta
2283 3123 2326 3181 ρ

691 3203 774 3247 est
811 3195 1018 3248 mentio
1054 3195 1105 3248 in
1142 3194 1252 3249 ﬁne
1298 3195 1659 3266 praecedentis
1689 3197 1762 3250 ibi
1802 3197 2016 3266 capitis,
2052 3198 2144 3252 ubi
2177 3198 2259 3252 di-

691 3286 874 3340 citur:
924 3286 1085 3341 Mane
1115 3297 1289 3341 autem
1327 3290 1466 3358 {acto
1493 3289 1766 3343 consilium
1813 3291 2043 3343 inierunt
2084 3307 2258 3345 omnes

689 3380 947 3446 principes
1001 3381 1334 3434 sacerdotum
1384 3397 1447 3433 ac
1498 3383 1728 3435 seniores
1769 3383 1948 3450 papuli
2006 3382 2256 3437 adversus

689 3465 896 3530 Jesum,
933 3479 989 3522 ut
1032 3486 1148 3522 eum
1185 3470 1340 3522 morti
1367 3471 1631 3524 traderent
1660 3473 1725 3524 “.

766 3557 911 3612 Vcrs.
931 3558 1018 3612 29.
1039 3558 1210 3613 Exivit
1230 3589 1297 3599 —
1315 3559 1463 3614 Vers.
1481 3560 1568 3614 5i.
1593 3577 1730 3616 eum.
1753 3559 1875 3616 llaec
1905 3577 2121 3632 quoque
2136 3579 2255 3618 om-

689 3649 778 3700 nia
815 3647 887 3700 ibi
918 3648 1188 3702 declarata
1225 3657 1352 3703 sunt
1393 3651 1639 3718 sequenti
1662 3650 1858 3719 capite,
1892 3652 1982 3705 ubi
2018 3653 2254 3722 positum

689 3745 769 3788 est
800 3752 813 3788 :
835 3734 871 3788 Ι
876 3752 990 3789 esus
1014 3746 1187 3790 autem
1210 3739 1350 3791 stetit
1375 3755 1553 3792 coram
1582 3743 1799 3808 pra'side
1821 3743 1898 3807 '7;
1924 3743 2038 3814 lege
2060 3753 2256 3813 ergoet

687 3827 795 3881 illa.
831 3826 935 3880 Sed
966 3828 1259 3895 quomodo,
1281 3844 1404 3883 cum
1437 3831 1620 3886 dicant
1643 3848 1766 3886 eum
1791 3849 1910 3888 esse
1943 3834 2254 3889 malefacto-

689 3933 825 3980 rem,
853 3917 1037 3970 tacet?
1058 3917 1195 3982 Quia
1217 3918 1282 3972 de
1299 3918 1403 3974 hoc
1428 3936 1537 3975 non
1569 3922 2003 3994 interrOgabatur
2026 3940 2042 3989 ;
2074 3924 2254 3994 itaque

689 4007 958 4071 patienter
987 4007 1244 4062 sustinet.

758 4098 913 4155 Vers.
944 4098 1031 4153 5L
1056 4099 1313 4152 Dixerunt
1339 4130 1404 4139 —
1431 4116 1761 4170 quemquam.
1782 4105 1952 4159 Cruce
1977 4105 2249 4158 videlicet.

683 4190 798 4244 lloc
856 4200 1035 4244 autem
1078 4189 1353 4254 dixerunt,
1408 4208 1511 4245 non
1561 4202 1766 4247 tantum
1805 4196 1958 4264 quasi
2017 4194 2248 4263 subjecti

684 4281 926 4336 dominio
964 4282 1358 4349 Romanorum,
1385 4292 1439 4338 et
1473 4287 1685 4354 propria
1713 4287 1905 4356 privati
1942 4295 2244 4356 potestate:

681 4384 939 4442 quantum
995 4374 1240 4430 volentes
1289 4375 1559 4430 Christum
1596 4393 1758 4433 cruce
1815 4379 2010 4443 occidi,
2051 4379 2246 4434 miser-

2360 585 2680 655 καταχῶσαι
2739 585 2972 648 πάντας,
3024 584 3057 654 ἦ
3099 584 3190 636 καὶ
3228 585 3428 652 τρόπον
3468 581 3660 648 ἕτερον
3717 575 3938 645 πικρῶς

2360 675 2646 739 ἀπολέσαι,
2682 674 3035 745 μακροθυμεῖ
3065 673 3158 726 καὶ
3185 673 3482 740 φθέγγεται
3541 670 3790 741 ῥήματα,
3830 669 3938 719 πί-

2363 789 2460 827 σαν
2483 770 2597 842 (98)
2616 770 2878 825 ἐκλύοντα
2899 767 3222 840 θηριωδίαν,
3245 770 3294 821 εί
3322 768 3418 820 καὶ
3445 765 3522 837 μη
3549 765 3652 833 τὴν
3679 762 3933 816 ἐκείνων.

2444 1051 2761 1119 Ἀπεκρίθη
2808 1077 2876 1089 —
2925 1047 3193 1114 Balpstc;
3231 1077 3294 1087 —
3351 1043 3756 1111 Μαρτύρησσν
3797 1038 3935 1106 περὶ

2361 1143 2467 1196 τοῦ
2514 1139 2726 1204 κακοῦ,
2758 1139 3065 1202 τουτέστιν,
3099 1134 3409 1198 ’Δπόδειξον
3438 1133 3501 1186 τὸ
3546 1132 3745 1195 κακῶς
3765 1130 3936 1198 λαλη-

2363 1233 2472 1296 θὶν,
2500 1231 2741 1304 Ῐῐλεγξον
2775 1228 2885 1298 (29)
2920 1229 3108 1290 κακῶς
3124 1226 3470 1308 λαλήσαντα.

2431 1325 2664 1396 Ζητοῦσι
2695 1324 2797 1394 μὶν
2825 1318 2920 1376 οὖν
2973 1339 3119 1384 τινες
3149 1320 3266 1384 πῶς
3295 1321 3396 1372 οὐκ
3428 1317 3656 1387 ἔστρεψε
3691 1317 3786 1368 καὶ
3833 1313 3935 1383 τήν

2361 1418 2530 1487 ἄλλην
2556 1417 2779 1485 σιαγόνα
2806 1418 2835 1467 ό
2861 1414 3096 1486 Χριστὸς
3132 1412 3210 1482 τῷ
3244 1411 3560 1484 ραπίσαντι,
3594 1407 3780 1469 καθὼς
3822 1408 3936 1467 τοῖς

2362 1508 2683 1570 ἀποστόλοις
2733 1505 3045 1559 ἐνετείλατο
3076 1506 3270 1565 ποιεῖν,
3300 1500 3436 1553 ἀλλὰ
3487 1499 3690 1568 μᾶλλον
3725 1497 3936 1566 ἡγανάο

2363 1610 2564 1668 urnas;
2598 1597 2847 1666 Λέγομεν
2889 1596 2946 1649 δὲ
2992 1596 3154 1664 ἡμεῖς
3182 1596 3264 1646 ὅτι
3294 1591 3386 1644 καὶ
3423 1591 3455 1660 ή
3508 1589 3703 1656 ἐντολὴ
3746 1588 3934 1652 ἐκείνη

2361 1691 2423 1743 τὸ
2457 1691 2533 1760 μὴ
2558 1688 2860 1760 ἀμύνεσθαι
2890 1687 3226 1756 εἰσηγήσατο
3255 1684 3344 1737 διὰ
3375 1682 3475 1744 τὰς
3521 1679 3775 1733 ἐντεῦθεν
3801 1677 3933 1730 στά-

2293 1813 2332 1866 B
2367 1796 2502 1844 σεις·
2537 1781 2632 1834 καὶ
2665 1780 2761 1832 νῦν
2789 1779 2847 1832 δὴ
2876 1781 2903 1832 ό
2932 1777 3169 1866 Χριστὸς
3198 1777 3298 1828 οὐκ
3342 1772 3592 1866 ⁴ίιμὺνατο
3626 1771 3718 1822 τὸν
3763 1767 3930 1866 paulo

2364 1888 2554 1925 σαντα·
2622 1870 2824 1940 μᾶλλον
2878 1870 2978 1940 μὲν
3030 1864 3146 1930 οὖν,
3182 1866 3257 1935 μὴ
3287 1863 3688 1933 παρωσάμενος
3740 1858 3928 1920 αὑτὸν,

2366 1958 2488 2030 μηδ’
2520 1958 2901 2026 ἀποπηδήσας,
2933 1957 3150 2025 ετοιμος
3173 1950 3241 2025 ἦν
3271 1955 3365 2006 καὶ
3409 1952 3544 2018 προς
3570 1951 3764 2017 ἑτέρας
3795 1947 3931 2016 πλη-

2361 2049 2486 2118 γάς.
2546 2048 3056 2115 Ἑδικαιολογήσατο
3109 2045 3167 2098 δι
3215 2044 3306 2098 ἴνα
3352 2042 3428 2113 μὴ
3461 2041 3749 2109 σιωπήσας
3793 2035 3921 2108 δέξῃ

2362 2142 2622 2212 αὐθάδης,
2651 2141 2679 2193 ὃ
2713 2142 2807 2194 καὶ
2835 2138 3082 2209 ᾐτιάθη.)

2441 2324 2830 2378 Ἀπέστειλεν
2850 2351 2919 2362 —
2947 2323 3188 2389 Πέτρος.
3232 2319 3322 2372 Ἐν
3350 2319 3428 2390 τῷ
3459 2316 3743 2388 ἑξηκοστῷ
3780 2317 3928 2384 πέμ-

2362 2435 2482 2489 πτῳ
2503 2415 2784 2484 κεφαλαίῳ
2805 2415 2899 2467 τοῦ
2918 2413 3060 2468 κατὰ
3082 2411 3358 2466 Ματθαῐον
3380 2409 3787 2481 ὴκριδολογήθη
3813 2409 3925 2471 (30)

2360 2510 2453 2562 καὶ
2482 2510 2611 2578 περὶ
2638 2506 2863 2570 τούτων,
2889 2504 3017 2558 ἔνθα
3042 2507 3218 2557 κτίται
3246 2503 3324 2555 τό·
3351 2501 3462 2556 Kal
3484 2500 3778 2554 εἰσελθὼν
3804 2500 3929 2552 ἔσω

2363 2599 2639 2672 [ἐκάθητο
2667 2602 2815 2668 μετὰ
2844 2595 2959 2650 τῶν
2983 2592 3295 2661 ὑπηρετῶν
3323 2591 3471 2646 Mair
3491 2592 3558 2644 τὸ
3583 2587 3808 2660 τέλος-,1

2432 2767 2542 2822 Kal
2583 2767 2800 2830 εὐθέως
2825 2764 3090 2832 ἀλέκτωρ
3121 2761 3417 2832 έφώνησε.
3470 2759 3739 2832 [Ζήτησον
3765 2758 3821 2810 ὲν
3849 2757 3927 2826 τῷ

2361 2857 2636 2926 ἑξηκοστῷ
2687 2856 2832 2923 ἕκτῳ
2879 2854 3162 2924 κεφαλαίῳ
3209 2853 3302 2906 τοῦ
3339 2852 3599 2921 ῥηθέντος
3640 2847 3928 2916 εὐαγγελι-

2362 2946 2488 3002 στοῦ
2536 2946 2616 2998 τό·
2661 2945 2767 2998 Kal
2811 2941 3028 3007 εὐθέως
3074 2941 3339 3007 ἀλέκτωρ
3378 2937 3715 3006 ἐφώνησεν.
3780 2935 3930 2987 Ἐκεῐ

2359 3040 2465 3109 γὰρ
2497 3034 2708 3107 ὲρῤήθη
2748 3033 2878 3102 περὶ
2901 3031 3090 3086 τούτου
3119 3027 3358 3101 σαφῶς.)

2433 3131 2714 3198 Ἄγουσιν
2743 3158 2811 3168 -
2836 3125 3070 3194 Πάσχα.
3137 3119 3658 3192 Ἐμνημονεύθησαν
3690 3116 3802 3187 (5|)
3831 3117 3928 3170 καὶ

2361 3221 2536 3276 ταῦτα
2567 3223 2625 3274 ὲν
2653 3217 2730 3288 τῷ
2757 3217 2903 3270 τέλει
2929 3215 3025 3269 τοῦ
3057 3215 3388 3284 δηλωθέντος
3422 3211 3741 3278 κεφαλαίου,
3789 3211 3926 3261 ὅπου

2359 3312 2440 3365 τό·
2490 3312 2718 3379 Πρωτας
2771 3307 2839 3360 δὲ
2890 3304 3234 3375 γενομένης,
3285 3302 3661 3371 συμϐούλων
3701 3299 3928 3353 ἔλαϐον

2360 3403 2582 3468 πάντες
2616 3403 2672 3454 οι
2692 3398 2980 3468 ἀρχιερεῖς
3009 3397 3106 3450 καί
3132 3398 3186 3450 οι
3207 3395 3593 3462 πρεσϐύτεροι
3646 3389 3752 3444 τοῦ
3771 3389 3928 3443 λαοῦ

2360 3494 2510 3548 κατὰ
2563 3492 2669 3546 τοῦ
2707 3490 2936 3558 Ἰησοῦ,
2961 3488 3116 3542 ὥστε
3150 3483 3489 3541 θανατῶσαι
3513 3483 3720 3536 αὐτόν.

2440 3583 2734 3649 Ἐξῆλθεν
2761 3607 2830 3623 -ν-
2856 3579 3061 3633 αὑτόν.
3097 3579 3205 3630 Καὶ
3250 3576 3420 3630 ταῦτα
3467 3575 3647 3628 πάντα
3681 3572 3924 3642 διηρμη-

2359 3673 2627 3739 νεύθησαν
2648 3672 2781 3733 ἐκεῖ,
2809 3671 2866 3721 ὲν
2892 3669 2971 3739 τῷ
3007 3668 3205 3737 ἐφεξῆς
3235 3664 3540 3736 κεφαλαίῳ,
3573 3663 3700 3717 ἔνθα
3738 3663 3820 3715 τό’
3863 3663 3925 3716 ’0

2356 3765 2425 3816 δὲ
2461 3761 2698 3829 Ἰησοῦς
2718 3763 2866 3827 ἔστη
2903 3761 3242 3829 ἔμπροσθεν
3266 3757 3372 3810 τοῦ
3397 3748 3706 3825 ἡγεξιιόνος.
3734 3753 3926 3826 [Ἃνάο

2357 3856 2527 3924 γνωθι
2558 3856 2672 3925 (52)
2725 3853 2818 3906 οὖν
2851 3855 3100 3906 κάκεῖνα.
3158 3850 3319 3904 Ἀλλὰ
3365 3849 3503 3912 πῶς,
3532 3848 3796 3903 εἰπόντων
3844 3849 3924 3901 ὅτι

2357 3947 2649 4009 κακοποιός
2676 3947 2814 4010 ἔστι,
2851 3946 3010 4014 σιγᾷς
3044 3945 3191 3997 Διότι
3224 3944 3324 3996 οὐκ
3351 3939 3614 4012 ἠρωτήθη
3639 3938 3766 4009 περὶ
3798 3938 3922 3990 τού-

2355 4055 2469 4090 του.
2515 4036 2857 4101 ’Λνεξικακεῐ
2883 4032 3023 4106 οὖν.]

2425 4123 2614 4182 Εἶπον
2640 4153 2711 4168 -—-
2747 4126 2989 4180 οὐδένα.
3032 4125 3254 4196 Σταυρῷ
3289 4122 3400 4194 (55)
3432 4120 3696 4192 δηλονότι.
3751 4118 3923 4171 Τοῦτο

2357 4219 2465 4290 γὰρ
2528 4213 2682 4272 εἷπον
2736 4219 2794 4271 οὐ
2830 4217 3083 4271 τοσοῦτον
3134 4216 3209 4277 ὡς
3254 4216 3498 4284 κείμενοι
3538 4213 3643 4265 ὑπὸ
3691 4211 3792 4279 τὴν
3837 4210 3923 4263 δε-

2358 4307 2615 4362 σποτείαν
2635 4309 2743 4360 τῶν
2787 4306 3074 4377 Ῥωμαίων
3103 4306 3196 4359 καὶ
3220 4302 3570 4375 ἀφῃρημένοι
3592 4302 3690 4371 τήν
3713 4300 3924 4352 οίκείαν

2355 4403 2627 4468 ἐξουσίαν,
2663 4403 2787 4454 ὅσον
2818 4400 2892 4464 ὡς
2920 4398 3235 4469 βουλόμενοι
3265 4395 3377 4466 (54)
3415 4392 3636 4464 σταυρῷ
3664 4391 3756 4444 τὸν
3789 4392 3924 4460 Χριο

682 4466 818 4519 rima
862 4466 1068 4521 scilicet
1100 4482 1164 4521 ac
1194 4467 1711 4538 ignominiosissima
1743 4481 1940 4537 morte,
1977 4470 2116 4541 quod
2156 4471 2239 4524 lex

2356 4462 2480 4548 στὸν
2509 4462 2892 4562 ἀναιρεθῆναι,
3036 4462 3414 4559 χαλεπωτάτῳ
3449 4485 3540 4538 καὶ
3561 4462 3922 4548 ⁷ἔικτονε.ιδίσ⁴ιιι›

680 4555 760 4610 eis
793 4572 903 4610 non
937 4559 1304 4625 permittebat.
1337 4556 1470 4612 Nam
1504 4560 1649 4627 quod
1672 4560 1778 4614 alio
1809 4561 1971 4615 modo
2004 4561 2237 4630 perime-

681 4655 821 4712 rent,
852 4647 1092 4700 ostendit
1123 4645 1432 4717 Stephanus
1461 4647 1748 4718 lapidatus.

752 4865 907 4919 Vers.
933 4865 1020 4919 32.
1050 4867 1111 4921 Ut
1133 4895 1200 4906 -—
1223 4873 1351 4919 esset
1379 4867 1695 4921 moriturus.
1730 4865 1843 4922 Hoc
1876 4869 2154 4932 dixerunt,
2182 4878 2243 4922 ut

675 4968 855 5008 sermo
877 4953 1005 5009 Jesu
1023 4955 1406 5023 compleretur.
1444 4955 1808 5024 Complendus
1824 4957 1969 5011 enim
2006 4966 2141 5022 erat,
2168 4957 2244 5010 in-

673 5045 810 5112 quit,
829 5061 1007 5100 sermo
1024 5047 1162 5115 ejus,
1183 5061 1340 5116 quem
1360 5049 1572 5102 locutus
1593 5049 1966 5104 fueratdicens
1983 5067 1995 5101 :
2011 5049 2074 5103 Si
2089 5049 2239 5103 exal-

674 5142 812 5186 tatus
833 5135 980 5202 fuero
997 5152 1027 5186 a
1051 5144 1215 5198 terra,
1229 5151 1404 5189 omnes
1427 5137 1630 5189 traham
1644 5137 1713 5190 ad
1736 5135 2037 5204 meipsum"
2058 5153 2073 5202 ;
2098 5136 2240 5190 sicut

775 5269 820 5298 "‘
849 5268 1035 5322 Matth.
1071 5286 1214 5333 xxvi,
1246 5271 1332 5326 58.
1443 5273 1489 5302 ⁸⁵
1518 5271 1644 5326 ibid.
1678 5271 1768 5327 74.

1879 5273 1923 5303 ⁸⁸
1949 5271 2141 5327 Matth.
2179 5288 2346 5337 xxv",
2397 5273 2446 5325 l.

2353 4586 2590 4655 θανάτῳ,
2618 4585 2758 4654 ὅπερ
2789 4585 2817 4635 ὁ
2871 4584 3035 4651 νόμος
3059 4579 3160 4632 οὐκ
3192 4578 3496 4648 ἐπέτρεπεν
3545 4572 3752 4634 αὐτοῖς.
3799 4571 3921 4623 Ὀτι

2350 4681 2457 4749 γὰρ
2507 4679 2708 4748 ἑτέρως
2755 4676 2990 4746 ἀνῄρουν
3022 4673 3290 4726 δείκνυσιν
3325 4671 3354 4724 6
3398 4667 3663 4736 στέφανος
3701 4663 3922 4728 λιθαζό-

2394 4789 2528 4834 ενος.

2353 4791 2560 4914 μῠῖῑῖαιι
2600 4890 2669 4899 --
2693 4860 2948 4928 ἔμελλεν
2983 4853 3414 4918 ἀποθνήσκειν.
3446 4848 3619 4903 Τοῦτο
3651 4842 3811 4900 εἷπον
3836 4846 3917 4899 ἵνα

2350 4957 2378 5006 ὁ
2410 4955 2564 5018 λόγος
2604 4953 2697 5004 τοῦ
2745 4949 2918 5018 Ἰησοῦ
2946 4946 3231 5017 πληρωθῇ.
3278 4943 3511 5013 Ἔμελλε
3541 4943 3674 5010 γὰρ,
3725 4941 3915 5010 φησὶν,

2347 5045 2557 5111 όλόγος
2622 5041 2789 5095 αὐτοῦ
2850 5039 3222 5110 πληρωθῆναι,
3281 5037 3341 5088 ὃν
3373 5031 3518 5095 εἷπε,
3578 5033 3778 5101 λέγων·
3835 5033 3913 5084 ὅτι

2345 5135 2487 5189 Ἐὰν
2518 5132 2737 5202 ὑψωθῶ
2793 5133 2862 5186 ἐκ
2914 5128 3026 5198 τῆς
3051 5128 3184 5196 γῆς,
3219 5128 3449 5192 πάντας
3487 5124 3730 5179 ἑλκύσω
3768 5121 3910 5188 πρὸς

2560 5272 2606 5302 ⁶⁷
2648 5270 2782 5325 ibid.
2853 5269 2932 5323 ll.
3046 5269 3091 5300 “
3119 5265 3280 5320 Joan.
3314 5281 3414 5330 xu,
3451 5263 3541 5318 '52.

1931 5426 2134 5486 Varias
2173 5424 2478 5486 lectioves
2513 5433 2570 5486 et
2607 5432 2794 5487 notae.

739 5586 851 5653 (28)
885 5589 1076 5640 Πᾶσαν
1106 5589 1384 5642 κωλύοντα
1419 5591 1482 5642 Α.

739 5659 852 5721 (29)
872 5656 1080 5710 Inclusa
1126 5659 1322 5711 absunt
1352 5661 1415 5711 Α.

735 5727 846 5792 (30)
892 5727 1340 5796 ἸΙκριὸολόγηται
1373 5732 1431 5780 Λ.

740 5796 848 5867 εὖι)
893 5796 1401 5868 Ἐςινημονεύοησαν
1433 5801 1488 5851 ἐν
1537 5799 1609 5868 τῷ
1654 5799 1792 5853 τέλει
1822 5799 1912 5853 τοῦ
1963 5800 2222 5870 δηλωθέν-

2327 5606 2415 5651 τος
2453 5589 2770 5654 κεσαλαίου,
2805 5586 3280 5652 (περιοιήδυηιὶεδῑε,
3306 5587 3372 5641 Δ..

2401 5661 2508 5726 (5'2)
2539 5659 2745 5711 Inclusa
2772 5657 2972 5709 omittit
3003 5659 3069 5709 Α.

2401 5730 2510 5792 (55)
2545 5730 2681 5779 Sta-1
2693 5728 2861 5792 βῶσαι
2895 5731 2929 5776 Α
2943 5765 2958 5778 .

2405 5799 2514 5868 (δι)
2553 5796 2868 5865 Σταυρῶσαι
2905 5796 2968 5849 Α.
