4068 6384
227 363 374 431 1485

217 577 330 629 ἀπὸ
357 580 456 645 τῆς
491 580 742 644 ἐξουσίας
767 579 938 649 ὀφρῦν
959 583 1148 644 αὑτοῦ,
1172 586 1263 637 καί
1287 604 1473 654 φησιν·
1497 592 1616 642 Οὐκ
1639 586 1798 657 εἶχες

214 668 516 730 ἐξουσίαν
567 670 855 739 οὐδεμίαν
885 676 1012 726 κατ’
1038 676 1207 742 ἐμοῦ,
1243 679 1397 745 εἰμὴ
1427 675 1503 746 ἦν
1532 697 1628 732 σοι
1653 696 1800 748 συγ·

215 764 645 831 κεχωρημένον
673 765 740 817 ἐκ
776 765 945 831 Θεοῦ,
971 765 1171 837 [δηλῶν
1197 768 1309 836 (59.)
1342 769 1462 821 κατ’
1487 772 1798 839 οἰκονομίαν

211 854 337 905 τινα
376 855 660 922 θειοτέραν
718 857 968 924 πάσχειν.
1008 858 1128 910 Ἵνα
1174 860 1227 910 δὲ
1263 860 1336 928 μὴ
1372 861 1610 924 ἀκούσας
1639 861 1798 916 τοῦτο

211 947 414 1017 νομίσῃ
450 948 797 1018 ἀπηλλάχθαι
831 950 1202 1019 ἐγκλήματος,
1232 953 1480 1021 ἐπήγαγε

286 1131 395 1182 Διὰ
430 1130 606 1183 τοῦτο
629 1133 858 1199 -ἕχει.
899 1135 1044 1185 Διότι
1090 1134 1342 1198 ἐξουσίαν
1377 1135 1542 1204 ἔχεις,
1577 1137 1671 1188 καὶ
1697 1141 1794 1190 οὐκ

204 1219 474 1282 ἀπολύεις
503 1240 593 1289 με,
624 1223 722 1275 οὐκ
747 1223 1079 1276 ἀπολέλυσαι
1109 1227 1406 1294 ἁμαρτίας,
1441 1230 1487 1278 εἰ
1523 1229 1614 1278 καὶ
1642 1229 1797 1279 ἐλάτ-

203 1326 368 1372 τονος
416 1311 515 1380 τῆς
544 1313 653 1364 τῶν
689 1313 1048 1381 παραδόντων
1106 1317 1172 1384 μέ
1211 1333 1312 1366 σοι.
1351 1318 1456 1368 Καὶ
1497 1320 1606 1388 γὰρ
1641 1314 1792 1371 οὗτοι

205 1401 312 1469 μὲν
345 1405 648 1470 μιαιφόνοι,
692 1406 754 1456 σὺ
783 1405 839 1456 δὲ
868 1405 1071 1466 ἁπαλὸς
1113 1408 1209 1457 καὶ
1234 1409 1573 1476 εὺρέπιστος.

289 1583 395 1634 Ἐκ
429 1611 499 1620 -
527 1584 734 1636 αὐτόν.
798 1582 1230 1654 [Καταπλαγεὶς
1272 1587 1383 1656 (55)
1425 1589 1553 1652 τοὺς
1599 1590 1792 1657 λόγους

197 1675 394 1729 αὑτοῦ.
444 1677 685 1728 Ἰουδαῖοι
739 1677 819 1739 δὲ,
876 1680 972 1728 καὶ
1021 1678 1302 1750 θεοπρεπῆ
1366 1685 1566 1750 σημεῖα
1623 1682 1792 1735 αὑτοῦ

197 1768 380 1818 πολλὰ
413 1769 778 1836 θεασάμενοι,
813 1767 1016 1836 μᾶλλον
1057 1770 1400 1842 ἐμαίνοντο]

270 1863 336 1910 Ol
385 1860 454 1910 δὲ
516 1858 790 1912 Ἰουδαῖοι
834 1887 902 1896 -
938 1837 1210 1926 Καίσαρι.
1262 1837 1482 1924 Ἰδόντες
1532 1864 1790 1936 ἀνόνητον
1828 1837 1866 1890 Β

191 1953 292 2001 τδιν
329 1950 708 2018 προὸληθέντα
740 1950 925 2018 νόμον,
956 1952 1051 2002 καὶ
1085 1952 1308 2018 γνόντες
1335 1954 1416 2004 ὅτι
1469 1953 1623 2023 ζητεῖ
1653 1961 1789 2010 ἁπο-

192 2042 366 2093 ).ὖσαι
409 2042 591 2105 αὑτὸν,
627 2043 789 2094 πάλιν
825 2043 916 2094 ἐπὶ
957 2044 1056 2111 τὴν
1097 2045 1433 2113 κατηγορίαν
1465 2050 1562 2114 τῆς
1593 2065 1791 2116 τυραν-

191 2134 347 2195 νίδος
383 2133 822 2204 μεταχωροῦσιν,
873 2134 948 2196 ὠς
992 2135 1052 2185 ού
1085 2136 1402 2201 παροπτέαν
1445 2136 1522 2205 τῷ
1551 2138 1786 2206 Πιλάτῳ,

190 2225 291 2277 διὰ
348 2228 440 2277 τὸν
494 2226 600 2279 ἀπὸ
655 2225 748 2276 τοῦ
799 2225 1074 2295 Καίσαρος
1129 2226 1312 2293 φόϐον.
1347 2229 1468 2280 Οὐκ
1507 2227 1787 2297 εἷφίλος,

188 2316 381 2368 εῖτουν
412 2316 620 2379 εὔνους.
664 2316 987 2384 Ἀντιλέγει
1022 2318 1098 2382 δὲ,
1129 2318 1245 2387 ἦτοι
1282 2318 1577 2390 Ἀνταίρει.

271 2500 388 2551 Καὶ
424 2499 528 2552 ποῦ
560 2493 716 2564 οὗτος
745 2502 1062 2570 τυραννίδος
1089 2503 1200 2574 (54)
1235 2504 1410 2568 ἑάλως
1441 2505 1606 2558 πόθεν
1639 2505 1790 2575 ἔχετε

187 2593 376 2656 δείξαι
410 2592 598 2659 τοῦτο;
637 2593 745 2645 ἀπὸ
794 2594 893 2661 τῆς
939 2595 1294 2662 άλουργίδοςς
1331 2597 1440 2647 ἀπὸ
1475 2595 1568 2647 τοῦ
1601 2597 1784 2666 διαδή-

198 2700 413 2752 ματος;
452 2685 559 2734 άπὸ
610 2683 702 2736 τοῦ
757 2685 1068 2753 ὀχήματος;
1121 2685 1226 2737 ἀπὸ
1259 2685 1358 2754 τῆς
1403 2686 1569 2755 ἄλλης
1617 2705 1793 2754 παρα-

196 2777 411 2844 σκευῆς
441 2778 535 2828 καὶ
575 2777 688 2828 τῶν
723 2779 1109 2846 παρασήμωνς
1142 2778 1203 2829 ού
1249 2779 1429 2830 πάντα
1464 2773 1532 2847 ἦν
1570 2779 1793 2847 εὐτελὴς

190 2870 295 2920 καὶ
342 2869 548 2937 τροφὴν
586 2869 677 2920 καὶ
718 2868 908 2935 στολὴν
959 2869 1054 2920 καὶ
1099 2867 1315 2936 οἴκησιν
1359 2868 1455 2920 καὶ
1482 2870 1549 2920 τὰ
1590 2869 1789 2934 λοιπάς

195 2961 349 3029 μετὰ
401 2959 608 3012 δώδεκα
670 2961 846 3029 μόνων
880 2960 1310 3028 περιερχόμενος
1370 2960 1652 3030 μαθητῶν,
1700 2962 1792 3014 καὶ

189 3053 411 3105 τούτων
443 3053 706 3124 οίκτρῶν·
751 3054 818 3105 τά
845 3052 1014 3104 πλείω
1047 3053 1102 3104 δὲ
1147 3053 1326 3122 μόνος.

277 3327 347 3379 '0
369 3321 481 3381 οὖν
505 3327 842 3394 Πιλάτος-
862 3327 1124 3383 Γαϐαθᾶ.
1151 3328 1398 3399 Νομίσας
1423 3327 1786 3400 προσκρούειν

185 3419 276 3489 τῷ
338 3418 616 3486 Καίσαρι,
683 3419 778 3471 καὶ
837 3419 1194 3484 κινδυνεύειν,
1275 3420 1324 3472 εί
1408 3419 1626 3488 παρίδοι
1687 3421 1787 3489 τὴν

186 3510 462 3577 τοιαύτην
497 3511 835 3580 κατηγορίαν
874 3511 1250 3574 ἀνεξέταστον,
1285 3514 1494 3581 ἢγαγεν
1538 3512 1641 3574 ἔξω
1672 3511 1785 3580 (55)

188 3602 298 3670 τῆς
334 3602 541 3663 πόλεως
587 3602 678 3654 τδν
719 3601 947 3671 Ἰησοῦν,
980 3604 1074 3654 καὶ
1107 3603 1361 3655 ἐκάθισεν
1406 3604 1496 3656 ἐπὶ
1542 3602 1786 3672 βήματος

188 3693 460 3762 δημοσίᾳ,
495 3693 582 3744 ἵνα
619 3691 828 3754 πάντας
860 3692 974 3761 ἔχοι
1011 3693 1298 3764 μάρτυρας
1327 3692 1428 3760 τῆς
1459 3691 1782 3758 ἐξετάσεως.

267 3869 385 3928 Ἦν
413 3907 481 3919 -
511 3875 676 3941 ἕκτη.
733 3876 1236 3944 Παρεσημειὼσατο
1276 3875 1370 3926 καὶ
1416 3873 1514 3943 τὴν
1571 3873 1786 3944 ἡμέραν

189 3968 288 4018 καὶ
330 3967 430 4034 τὴν
465 3965 635 4036 ὥραν,
685 3967 950 4020 δεικνύων
1005 3969 1087 4019 ὅτι
1136 3967 1196 4019 ού
1235 3966 1394 4033 μόνον
1449 3970 1506 4018 ὲν
1550 3967 1686 4034 αὐτῇ
1719 3968 1783 4034 τῇ

193 4054 387 4124 ἡμέρα
420 4058 513 4108 τοῦ
561 4057 750 4126 Πάσχα
773 4098 787 4121 ,
823 4057 959 4108 ἀλλὰ
1008 4061 1103 4110 καὶ
1134 4057 1234 4124 τῆς
1284 4056 1497 4126 ἡμέρας
1537 4057 1636 4125 ἤδη
1671 4057 1786 4107 κλι-

190 4146 400 4214 νούσης
435 4148 529 4200 καὶ
571 4147 899 4218 ὲγγιζούσης
945 4153 1012 4218 τῇ
1062 4149 1272 4220 ἑσπέρᾳ
1306 4149 1402 4216 τῆς
1446 4148 1663 4216 ἑορτῆς,
1697 4149 1784 4199 ὅτε

189 4240 256 4290 τὸ
300 4239 492 4308 Πάσχα
547 4240 726 4304 ἔθυον,
771 4242 1124 4312 δικαστήριον
1191 4240 1569 4309 θανατηφόρον
1624 4256 1782 4291 συνεο

193 4331 452 4400 κρότουν,
486 4332 536 4382 οἱ
590 4333 696 4402 πρὸ
745 4333 974 4404 βραχέος
1031 4334 1274 4404 μιασμδν
1333 4332 1674 4404 ἡγησάμενοι
1725 4333 1786 4384 τὸ

192 4419 456 4486 ἐπιϐῆναι
484 4422 578 4474 τοῦ
611 4423 840 4495 δικαστη
853 4425 968 4493 ρίου
981 4467 993 4479 .

1159 377 1540 442 COMMENT.
1586 384 1666 445 IN
1704 385 2084 454 JOANNEM.
2123 414 2190 429 ε
2231 397 2385 458 CAP.
2424 401 2579 459 XIX.

293 486 612 555 Ἀπεκρίοη
644 515 712 526 —
738 485 988 541 ἀνωθεν.
1017 489 1336 561 Ἀπεκρίθη,
1365 499 1666 550 κατασπῶν
1699 500 1795 567 τὴν
1829 514 1871 565 Α

3347 411 3482 474 1465

1974 507 2128 562 Vers.
2160 510 2242 562 II.
2269 510 2552 579 Respondit
2574 543 2634 553 —
2653 519 2912 584 supernis.
2943 520 3258 589 Respondit,
3285 526 3480 582 fastum

1902 597 2216 667 objurgans,
2246 602 2338 668 qui
2377 603 2448 654 illi
2484 604 2553 655 ob
2595 615 2916 673 potestatem
2966 615 3308 667 accrescebat
3359 620 3479 687 (ιη),

1901 697 1955 739 et
2007 689 2080 740 ait
2141 687 2304 742 :Non
2361 692 2582 746 haberes
2633 707 2937 762 potestatem
2989 700 3151 752 ullam
3207 705 3478 756 adversum

1901 794 2002 840 me,
2037 779 2139 830 nisi
2195 790 2325 833 esset
2382 783 2475 834 tibi
2531 784 2715 837 datum
2779 804 2805 839 e
2854 791 3113 855 supernis,
3170 795 3480 860 signiﬁcans

1900 866 2080 919 divina
2121 870 2353 937 quadam
2392 871 2803 936 dispensatione
2845 892 2904 931 se
2949 880 3079 944 pati.
3142 879 3220 932 Ne
3275 892 3477 941 autem.

1902 957 2004 1012 hoc
2077 961 2282 1022 audito,
2347 963 2710 1018 arbitraretur
2765 982 2886 1022 sese
2943 970 3147 1022 absolvi
3211 974 3464 1033 crimine,

1900 1049 2182 1117 subjunxit
2217 1071 2229 1105 :

1969 1137 2123 1192 Vers.
2167 1141 2251 1192 il.
2295 1142 2582 1209 Propterea
2612 1173 2679 1184 —
2733 1146 2902 1199 habet.
2951 1149 3086 1209 Quia
3152 1159 3474 1216 potestatem

1899 1235 2087 1294 habes,
2117 1251 2217 1289 nec
2251 1238 2486 1292 absolvis
2518 1255 2623 1297 me,
2659 1255 2766 1292 non
2793 1256 2852 1292 es
2886 1241 3142 1294 immunis
3170 1257 3196 1293 a
3229 1252 3474 1310 put-cato,

1896 1345 2203 1396 quanquam
2265 1332 2446 1383 minus
2468 1331 2537 1385 sit
2579 1341 2804 1400 peccato
2854 1349 3044 1385 eorum
3101 1336 3190 1400 qui
3251 1350 3337 1384 me
3377 1331 3474 1386 tibI

1898 1417 2273 1473 tradiderunt:
2304 1418 2572 1485 siquidem
2614 1419 2686 1470 illi
2721 1420 3005 1472 homicida
3033 1430 3160 1473 sunt
3190 1419 3466 1479 scelerati,

1897 1517 1952 1560 tu
1989 1524 2119 1561 vero
2148 1509 2323 1560 mollis
2353 1510 2622 1578 facileque
2658 1512 2934 1565 credulus.

1965 1599 2118 1652 Vers.
2143 1601 2229 1653 lit.
2253 1601 2332 1652 Ea:
2369 1630 2419 1639 —
2437 1619 2574 1656 eum.
2597 1602 2950 1680 Sermonibus
2973 1606 3089 1667 eius
3124 1602 3470 1670 perterritus.

1893 1687 2058 1742 Judzei
2094 1705 2247 1752 vero.
2273 1692 2361 1757 qui
2415 1691 2592 1743 divina
2621 1694 2739 1758 ejus
2787 1693 2937 1760 signa
2979 1691 3290 1760 frequenter
3334 1706 3472 1745 con-

1897 1789 2202 1846 spexerant,
2229 1781 2460 1848 amplius
2486 1783 2849 1836 insaniebant.

1970 1871 2118 1926 Vers.
2166 1871 2249 1925 12.
2300 1872 2472 1925 Ιιιίίατὶ
2519 1884 2695 1926 autem
2728 1905 2786 1912 -—
2817 1876 3034 1927 Ca’sari.
3094 1873 3279 1926 Intuiti
3323 1871 3474 1937 obje-

1891 1971 2032 2016 ctatn
2075 1962 2246 2028 legem
2280 1963 2449 2016 fuisse
2485 1964 2766 2026 inutilem,
2803 1975 2856 2016 et
2912 1965 3274 2030 intell‘gentes
3327 1960 3470 2028 quod

1891 2067 2014 2104 eum
2043 2052 2201 2105 vellet
2231 2053 2530 2113 absolvere,
2591 2056 2656 2106 ad
2692 2055 3092 2107 accusationem
3145 2054 3337 2104 iterum
3395 2061 3474 2119 ty-

1892 2143 2140 2196 rannidis
2206 2144 2519 2205 divertunt,
2583 2160 2741 2212 quam
2800 2146 2994 2197 timore
3049 2143 3280 2195 (fetas-aris
3360 2157 3468 2194 non

1892 2244 2078 2303 posset
2111 2236 2261 2302 parvi
2300 2235 2538 2302 pendere
2581 2236 2804 2288 Pilatus.
2855 2235 2964 2287 Non
3007 2251 3058 2286 es
3091 2235 3310 2292 amicus,
3355 2234 3470 2284 sive

1891 2326 2204 2380 benevolus.
2267 2326 2592 2379 Contradicit
2649 2343 2798 2389 vero,
2859 2329 2960 2380 hoc
3021 2337 3122 2386 est,
3190 2327 3468 2378 Adversa-

1896 2425 1986 2470 tur
2011 2421 2112 2485 (η).

1965 2507 2192 2572 Verum,
2233 2509 2512 2577 quomodo
2578 2509 2666 2561 hic
2733 2508 3071 2576 tyrannidem
3127 2507 3471 2561 meditatur?

1893 2601 2042 2654 unde
2075 2601 2175 2652 hoc
2202 2601 2428 2667 potestis
2461 2600 2795 2652 ostendere?
2825 2615 2886 2650 an
2913 2615 2939 2651 a
2966 2609 3114 2650 vvste
3135 2600 3471 2667 purpurea?

1895 2692 2308 2746 adiadcmate?
2369 2694 2435 2745 ab
2483 2693 2718 2745 habitu?
2797 2692 2976 2744 aliove
3035 2701 3319 2758 apparatu,
3380 2700 3473 2742 aut

1897 2783 2244 2853 insignibus?
2314 2798 2493 2835 annon
2538 2783 2720 2834 omnia
2776 2782 3099 2845 abiectionis
3153 2792 3308 2835 erant
3369 2783 3466 2847 (ο),

1895 2875 2008 2928 sive
2039 2876 2379 2937 alimentum,
2437 2876 2551 2928 sive
2602 2876 2940 2935 indumenta,
2981 2875 3097 2927 site
3151 2875 3370 2926 domum
3408 2889 3470 2925 ac

1894 2966 2362 3018 conversationem
2393 2974 2486 3017 aut
2521 2975 2715 3017 czetera
2756 2965 3059 3031 spectetis?
3083 2982 3206 3017 cum
3258 2965 3471 3017 duode-

1897 3053 2004 3106 cim
2047 3061 2256 3105 tantum
2311 3052 2642 3104 circumiens
2682 3053 2986 3120 discipulis,
3050 3053 3223 3120 iisque
3279 3054 3466 3105 admo-

1815 3169 1858 3226 ε
1899 3144 2027 3196 dum
2082 3142 2377 3197 humilibus
2431 3152 2487 3196 et
2562 3142 2812 3211 abjeclis,
2879 3144 2986 3195 into
3028 3155 3082 3196 et
3145 3144 3464 3212 plerumque

1893 3232 2063 3286 solus.

1959 3324 2114 3378 Vers.
2154 3325 2240 3378 15.
2303 3324 2508 3377 Pilatus
2573 3341 2791 3393 ωηο-
2841 3325 3104 3380 Cabatha.
3159 3325 3471 3378 Arbitratus

1891 3433 2012 3472 sese
2059 3419 2396 3472 oﬂ'ensurum
2453 3415 2724 3470 Caesarem
2778 3432 2840 3470 ac
2896 3417 3355 3484 periclitaturum,
3423 3414 3469 3468 si

1892 3510 2205 3580 huiusmodi
2246 3509 2656 3564 accusationem
2692 3508 3052 3561 indiscussam
3086 3505 3468 3573 pretereundo

1890 3610 2295 3662 contemneret,
2339 3600 2489 3653 duxit
2547 3597 2734 3652 Iesum
2803 3608 2956 3650 extra
3025 3599 3363 3664 praetorium,
3408 3611 3471 3648 ac

1892 3693 2110 3762 publice
2148 3693 2413 3760 seditpro
2449 3692 2731 3754 tribunali,
2783 3700 2842 3743 ut
2891 3689 3183 3743 universos
3243 3688 3472 3740 haberet

1890 3799 2004 3837 sua:
2038 3784 2411 3853 inquisitionis
2443 3794 2633 3839 testes.

1963 3871 2112 3926 Vers.
2157 3875 2243 3926 H.
2273 3873 2699 3926 Erat—sexta.
2752 3871 2901 3926 Diem
2944 3887 3006 3924 ac
3059 3871 3249 3923 horam
3303 3869 3473 3938 signi-

1889 3964 2089 4026 ﬁcavit,
2116 3959 2412 4018 ostendens
2459 3965 2604 4032 quod
2628 3979 2737 4017 non
2767 3963 2940 4017 solum
2968 3963 3086 4032 ipso
3116 3962 3205 4016 die
3227 3961 3467 4021 Pascha.

1887 4071 2076 4109 verum
2105 4057 2266 4108 etiam
2312 4057 2398 4110 die
2421 4056 2532 4125 jam
2593 4056 2924 4118 declinante,
2977 4056 3208 4124 iestique
3243 4069 3470 4124 vespera

1891 4147 2382 4216 appropinquante,
2412 4148 2631 4215 quando
2656 4147 2861 4201 Pascha
2886 4147 3269 4208 immolabant,
3298 4145 3467 4198 fune-

1888 4249 2030 4292 stum
2089 4239 2329 4292 tribunal
2380 4239 2777 4303 convocabant,
2838 4239 2935 4307 qui
2984 4239 3142 4306 paulo
3197 4248 3325 4290 ante
3347 4238 3471 4290 loco

1887 4331 2082 4401 piaculi
2121 4330 2414 4394 habebant,
2443 4329 2754 4398 huiusmodi
2785 4328 3020 4383 tribunal
3046 4328 3324 4382 accedere.

269 4515 381 4566 Kal
418 4543 486 4554 —-
514 4515 700 4583 ὑμῶν.
750 4517 935 4585 Ἀφεὶς
969 4518 1218 4583 ἐξετάσαι
1251 4515 1414 4570 πάλιν
1441 4521 1519 4582 είς
1552 4519 1612 4572 τὸ
1649 4519 1776 4571 δυσ-

1957 4521 2111 4574 Vers.
2153 4520 2238 4573 M.
2268 4519 2622 4572 Et—vester.
2647 4516 2855 4570 Relicta
2888 4515 3234 4570 discussione
3270 4512 3467 4566 iterum

191 4606 421 4677 ωπῆσαι
461 4607 683 4672 τούτους
726 4609 1013 4678 ἐτράπετο.
1041 4609 1181 4680 [Ἴδε
1206 4608 1316 4680 (56)
1355 4610 1487 4680 γάρ,
1520 4610 1712 4681 φησὶν,
1747 4613 1780 4665 δ

1889 4614 1954 4668 ad
1986 4612 2309 4683 placandum
2331 4627 2429 4667 eos
2486 4611 2870 4668 convertitur:
2925 4611 3082 4672 Ecce,
3136 4605 3338 4676 inquit,
3379 4619 3472 4658 rea:

1395 4784 1603 4848 Varias
1647 4785 1954 4850 lectiones
1987 4794 2050 4850 et
2090 4794 2281 4850 notae.

270 4953 385 5018 (52)
421 4953 635 5008 Inclusa
671 4956 870 5009 desunt
904 4953 968 5009 Α.

269 5023 384 5091 (55)
408 5023 623 5079 Inclusa
659 5026 859 5079 absunt
892 5027 957 5080 Α.

269 5093 384 5167 (51)
408 5094 742 5167 [ξυραννίδος
759 5096 1081 5167 ἁλίσκεσθαι
1105 5095 1436 5152 estaﬂeetati
1463 5097 1613 5167 regni
1638 5112 1773 5151 con-

191 5165 368 5217 vinci.
407 5161 600 5220 Nescio
653 5179 804 5236 ergo,
856 5166 1002 5220 unde
1057 5167 1130 5220 sit
1175 5167 1492 5238 interpretis
1526 5161 1774 5221 'medita-

193 5249 310 5290 μιν.

270 5390 369 5457 (m)
397 5391 755 5446 Accrescebat.
794 5391 912 5448 Non
945 5401 1028 5448 est
1058 5393 1112 5446 in
1143 5389 1351 5445 Graeco.
1408 5391 1569 5446 Forte
1596 5409 1767 5461 προσ·-

193 5460 440 5529 φύουσαν
473 5463 698 5516 invenit.
733 5463 914 5518 Redde
971 5482 984 5516 :
1038 5463 1326 5528 respondit,
1378 5473 1432 5515 ut
1455 5463 1566 5525 ejus
1591 5480 1621 5514 a
1647 5460 1650 5461 ⁷
1674 5479 1768 5530 po-

197 5532 367 5584 tentia
393 5531 708 5602 (sublatum)
738 5534 1075 5598 supercilium
1103 5533 1421 5585 detraheret.
1466 5531 1767 5586 Potentiam

195 5602 345 5655 enim
365 5615 459 5654 seu
502 5610 818 5670 potestatem
854 5603 1109 5662 habebat,
1145 5613 1202 5654 ut
1237 5617 1454 5670 pra-ses.

273 5674 351 5732 tn)
385 5667 721 5740 Adversatur.
751 5671 804 5724 In
837 5671 1025 5726 Graeco
1083 5667 1329 5740 ἀνταίρει
1359 5671 1479 5738 plus
1529 5679 1630 5723 est.
1671 5667 1764 5722 Di-

196 5742 346 5792 citur
370 5743 510 5793 enim
547 5739 822 5808 ἀνταίρειν
857 5741 924 5794 de
947 5741 1013 5794 iis
1041 5741 1132 5807 qui
1166 5739 1397 5808 principi
1431 5755 1492 5793 ac
1519 5740 1762 5809 regi__suu

199 5826 262 5865 se
307 5806 840 5880 opponuntidquue
895 5806 1238 5880 tyrannidem
1293 5806 1761 5864 all‘ectautfllinc

1955 4955 2068 5024 (55)
2104 4957 2407 5012 IIenlenius
2433 4974 2447 5012 :
2473 4955 2834 5025 πραιτωρίου.
2866 4953 3082 5015 Πόλεως
3107 4962 3256 5008 certe
3285 4950 3466 5025 locum

1884 5042 1993 5082 non
2031 5027 2214 5082 habet.
2239 5024 2651 5082 Condemnatus
2675 5029 2820 5080 enim
2846 5025 3065 5078 demum
3088 5031 3238 5078 extra
3272 5024 3465 5075 urbem

1885 5098 2128 5152 ducitur.
2159 5099 2369 5163 Uonjici
2402 5099 2595 5166 possit,
2641 5097 2737 5165 τῆς
2759 5093 2934 5166 πύλης
2964 5105 3059 5148 aut
3086 5094 3180 5146 τοῦ
3215 5093 3468 5155 πυλῶνος

1884 5167 1981 5218 τοῦ
2009 5169 2372 5237 πραιτωρίου.

1957 5236 2070 5308 (56)
2102 5236 2314 5292 Inclusa
2349 5239 2549 5292 absunt
2588 5238 2653 5290 Α.

1877 5391 2280 5516 gritgstémtivum
2339 5391 2634 5462 ἀντάρτης.
2688 5389 2823 5446 Vide
2871 5390 3151 5460 Cbrysost.
3204 5388 3336 5449 LV,
3403 5403 3460 5456 p.

2039 5480 2118 5516 in.

2039 5480 2118 5516 ιη.

1950 5535 2022 5602 (ο)
2076 5534 2264 5585 Annon
2291 5532 2472 5602 omnia
2504 5530 2818 5602 objectiouis
2867 5529 3069 5602 erant?
3125 5529 3201 5582 Ac
3245 5527 3287 5602 si
3317 5527 3465 5597 lege-

1876 5597 1968 5664 rit,
1992 5597 2054 5656 οὐ
2092 5603 2265 5654 πάντα
2288 5597 2356 5670 ἦν
2385 5597 2680 5665 εὐτελείας,
2723 5601 2816 5652 καὶ
2842 5601 3038 5670 τροφὴ,
3074 5615 3144 5670 κ.
3165 5615 3216 5651 τ.

1873 5671 2058 5751 llcdde
2096 5689 2117 5755 ,ε
2155 5665 2345 5753 Nonne
2373 5675 2424 5722 in
2455 5671 2696 5724 omnibus
2723 5679 2836 5724 erat
2875 5665 3364 5737 eilistacltumiﬁs)
3397 5667 3452 5718 in

1869 5753 2026 5808 metu,
2090 5751 2141 5796 in
2183 5751 2388 5808 vestitu,
2425 5752 2531 5796 etc.
