4068 6388
244 387 388 452 H73
1206 395 1588 456 COMMENT.
1623 395 1703 456 IN
1742 395 2126 456 JOANNEM.
2157 420 2223 432 -ν
2259 395 2418 456 CAP.
2453 396 2612 455 XIX.
3369 400 3502 464 157i

237 507 528 574 Σαϐὅέιτῳ,
577 508 671 560 καὶ
725 507 950 578 ἔμελλεν
985 508 1285 593 ἑπιφθᾲσαι
1317 511 1457 563 αὐτὰ
1498 510 1824 579 κρεμάμενα

1951 519 2141 574 terent,
2175 511 2370 580 illaque
2400 511 2688 580 pendendo
2718 511 3066 579 pervenirent
3095 515 3161 566 ad
3204 514 3331 568 illud
3370 520 3493 573 Sab-

240 597 424 648 ἐκεῖνο
469 597 530 649 τὸ
563 597 862 661 Σὰὅσατον,
906 599 1002 651 καὶ
1047 599 1221 652 ἐδόκει
1253 600 1501 652 ἐντεῦθεν
1553 599 1821 668 atquc:-

1951 609 2138 667 iatum,
2159 611 2214 655 et
2237 601 2362 654 inde
2395 601 2669 654 videretur
2705 601 2890 654 haberi
2940 606 3299 671 contemptui.

243 685 394 740 οΟαι.

310 773 572 844 Μεγάὶην
600 775 656 829 δὲ
683 777 780 846 τὴν
812 778 1027 865 ἡμέραν
1051 779 1261 832 ἐκείνου
1285 778 1378 832 τοῦ
1400 779 1511 850 (74)
1542 778 1821 832 Σασσάτου

1999 780 2250 850 Magnum
2293 789 2473 834 autem
2510 781 2639 834 dicit
2691 781 2832 836 diem
2864 781 3017 835 illum
3065 783 3310 849 Sabhati,
3357 788 3502 854 quod

240 866 430 934 malv,
481 867 562 918 ὅτι
609 867 671 918 οὐ
707 869 866 935 μόνον
911 866 1026 939 εἶχε
1074 871 1134 922 τὸ
1183 872 1383 938 τίμιον,
1418 871 1492 931 ῶς
1525 869 1821 931 Σάσόατον,

1951 887 2038 924 Ion
2065 872 2237 926 solum
2260 873 2622 926 honoraretur
2670 883 2728 927 ut
2763 873 3082 935 Sabbatum,
3128 891 3312 928 verum
3345 878 3504 930 etiam

242 956 380 1007 ἀλλὰ
431 959 528 1010 καὶ
581 957 655 1020 ῶς
698 959 893 1029 ἑορτῆς
941 963 999 1012 ὲν
1044 961 1192 1030 αὐτῷ
1225 961 1529 1031 λαχούσης,
1562 963 1660 1031 τῆς
1709 962 1822 1014 τῶν

1951 971 2147 1030 iropter
2180 963 2374 1014 festum
2407 965 2755 1032 Azymormn,
2804 965 2946 1031 quod
3006 979 3136 1018 casu
3177 968 3228 1018 in
3274 981 3340 1020 eo
3371 983 3506 1021 con-

242 1044 521 1115 Ἀζύμων.
559 1042 668 1100 Ἦν
723 1051 828 1119 γὰρ
883 1051 1045 1120 διπλῆ
1100 1054 1284 1120 ἑορτή.
1345 1052 1424 1103 Τὰ
1484 1053 1710 1103 τοιαῦτα
1768 1053 1826 1104 δὲ

1955 1056 2143 1121 igerat,
2178 1065 2232 1106 et
2267 1055 2335 1106 ita
2372 1055 2569 1123 duplex
2622 1058 2816 1108 festum
2844 1066 2980 1108 erat.
3039 1055 3361 1126 llujusmodi
3411 1076 3509 1113 au—

244 1136 501 1188 Σάῦὅατα
531 1137 819 1207 ὠνόμαζον
873 1141 1128 1194 Σάϐϐατα
1163 1140 1478 1205 Σαϐϐάτων,
1531 1137 1640 1194 οἷον
1669 1144 1825 1211 τίμια

1954 1159 2038 1198 em
2098 1143 2331 1198 Sabbata
2411 1145 2732 1199 dicebantur
2801 1145 3041 1199 Sahbata
3119 1148 3505 1213 Sabbatorum,

245 1229 468 1294 τιμῖων,
502 1229 695 1298 ἑορτὰς
731 1231 958 1300 ἑορτῶν,
1005 1231 1093 1286 διὰ
1120 1231 1181 1284 τὸ
1211 1231 1434 1284 διπλοῦν
1479 1232 1579 1300 τῆς
1609 1233 1825 1302 ἑορτῆς,

1951 1249 2188 1301 anquam
2223 1237 2528 1288 veneranda
2559 1239 3015 1300 Vi-neramlurum,
3043 1236 3180 1292 festa
3221 1240 3509 1305 festorum,

243 1315 322 1378 ὡς
352 1318 590 1386 εἴρηται.

1951 1321 2001 1374 »δ
2045 1324 2166 1375 festi
2196 1323 2599 1391 duplicitatem,
2634 1334 2691 1376 ut
2721 1325 2925 1378 dictum
2940 1335 3045 1379 est.

321 1405 576 1476 [Ἂζσλως
624 1408 737 1480 (75)
787 1427 845 1462 τε
888 1411 980 1464 καὶ
1027 1409 1089 1464 τὸ
1111 1413 1542 1482 Δευτερονόμιον
1576 1414 1829 1478 ἐθέσπιζε

2001 1411 2081 1481 ﬁ-
2109 1410 2372 1466 Pncterea
2403 1414 2878 1468 Deuteronomium
2902 1419 3064 1468 etiam
3093 1416 3251 1485 jussit
3275 1417 3342 1471 de
3361 1417 3511 1471 cruci

246 1498 379 1566 περὶ
426 1496 521 1550 τοῦ
567 1500 972 1570 σταυρωθέντος
1014 1502 1119 1568 ὅτι,
1152 1505 1276 1556 Οὐκ
1304 1504 1832 1572 ὲπικοιμηθήσεται

1951 1503 2092 1557 iﬂixo
2128 1520 2143 1556 :
2175 1506 2293 1557 Non
2316 1506 2539 1558 dormiet
2567 1522 2754 1574 corpus
2785 1507 2897 1574 ejus
2923 1523 3079 1573 super
3112 1508 3271 1578 ligno,
3304 1510 3394 1562 sed
3427 1525 3512 1562 se-

245 1589 317 1640 τὸ
351 1587 520 1657 σῶμα
563 1592 752 1644 αὑτοῦ
791 1592 889 1644 ἐπὶ
938 1593 1046 1646 τοῦ
1090 1592 1303 1658 ξύλου,
1338 1595 1500 1649 ἀλλὰ
1526 1594 1686 1664 ταφῇ
1725 1596 1824 1650 06-

1951 1594 2150 1647 mltura
2181 1595 2440 1662 sepelietis
2471 1612 2588 1648 eum
2629 1597 2805 1649 eodem
2832 1598 2914 1649 die
2935 1597 3001 1651 ⁸⁸.

244 1684 395 1747 git-ets
419 1682 607 1734 αὐτὸν
633 1682 703 1735 ἐν
723 1683 927 1751 ἐκείνῃ
954 1681 1028 1751 τῇ
1049 1683 1298 1756 ἡμέρῳ]

319 1770 666 1838 ’Πρώτησαν
691 1803 761 1812 -
791 1773 1046 1841 ἀρθῶσι.
1092 1775 1504 1845 Παρεκάλεσαν,
1561 1779 1833 1848 ᾐτήσαντο

247 1861 340 1913 ἵνα
368 1862 679 1917 θλασθῶσιν
703 1865 883 1918 αὐτῶν
913 1866 983 1920 τὰ
1015 1867 1182 1939 σκέλη
1208 1869 1342 1938 πρὸς
1375 1869 1435 1922 τὺ
1466 1870 1663 1923 θᾶττον
1691 1871 1834 1924 ἁπο-

251 1953 460 2008 Θανεῖν.

325 2135 562 2195 Ἦλθον
619 2138 735 2197 οὖν
785 2145 840 2197 οι
883 2145 1262 2212 στρατιῶται.
1314 2146 1380 2199 Ol
1435 2145 1594 2200 τοῦτο
1643 2144 1835 2200 κελευο

255 2232 476 2294 σθέντες
515 2235 667 2301 παρὰ
696 2234 790 2287 τοῦ
833 2235 1091 2291 Πιλάτου.

331 2325 434 2377 Kal
462 2354 532 2363 —
566 2327 784 2393 σκέλη.
832 2326 941 2379 Τοῦ
991 2328 1105 2398 (76‘
1140 2328 1198 2381 ὲν
1231 2327 1382 2400 δεξιᾷ
1439 2328 1533 2383 τοῦ
1594 2329 1835 2401 Χριστοῦ

260 2415 694 2485 σταυρωθέντος.

328 2506 439 2556 Καὶ
469 2535 537 2543 -
562 2504 744 2570 αὐτῷ.
785 2506 908 2577 [Τῷ
942 2507 1055 2579 (77)
1086 2509 1308 2579 Χριστῷ
1335 2509 1639 2583 δηλονοτι.]

329 2595 459 2647 Ἐπὶ
486 2625 556 2635 -
583 2597 799 2665 σκέλη.
829 2600 1154 2654 Τελευταῖον
1187 2597 1352 2672 ἦλθον
1379 2603 1468 2654 ἐπ’
1497 2603 1685 2667 αὐτὸν,
1717 2605 1838 2656 ἐνυ-

257 2685 446 2752 ϐρίσαι
509 2687 669 2740 πλέον
731 2688 1047 2759 βουλόμενοι
1111 2691 1250 2761 πρὸς
1302 2693 1461 2762 χάριν
1513 2692 1626 2746 ⁴ιςῶν
1709 2695 1843 2746 ’1ου-

259 2777 452 2829 δαίων.

347 2869 508 2921 Ἀλλ’
559 2899 626 2908 -
682 2870 858 2939 ὕδωρ.
932 2870 1248 2940 ’Υπερφυὲς
1311 2871 1372 2924 τὸ
1431 2873 1686 2941 πρᾶγμα,
1746 2873 1840 2924 καὶ

257 2958 477 3026 τρανῶς
519 2958 771 3013 διδάσκον
800 2962 881 3012 ὅτι
931 2959 1074 3028 ὑπὲρ
1107 2961 1392 3029 ἄνθρωπον
1437 2964 1464 3013 ὁ
1494 2963 1702 3027 νυγεις.
1744 2962 1841 3013 Ἐκ

260 3048 460 3118 νεκροῦ
485 3049 592 3119 γὰρ
632 3050 946 3119 ἀνθρώπου,
985 3053 1089 3104 κᾶν
1136 3052 1396 3122 μυριάκις
1420 3051 1554 3121 νύξῃ
1587 3070 1715 3117 τις,
1743 3054 1842 3105 οῦκ

1873 1838 1975 1943 δὴ

2009 1780 2163 1835 Vers.
2209 1779 2295 1832 5i.
2335 1778 2672 1850 Rogavenmt
2698 1811 2764 1820 —
2794 1781 3125 1836 tollerentur.
3163 1782 3261 1837 Hic
3288 1800 3505 1839 rursum

1983 1871 2232 1942 ρώτησαν
2264 1873 2570 1942 signiﬁcat:
2630 1872 2844 1926 Precati
2891 1882 3032 1938 sunt,
3085 1873 3417 1943 petiverunt,
3455 1887 3513 1930 ut

1939 1966 2417 2036 conis-ingerentur
2479 1980 2669 2020 eorum
2734 1980 2892 2019 crura
2963 1980 3070 2034 quo
3125 1967 3285 2020 citius
3338 1982 3514 2022 more-

1939 2066 2147 2112 rentur.

2017 2145 2167 2203 Vers.
2193 2146 2283 2200 52.
2333 2145 2590 2200 Venerunt
2621 2162 2742 2217 ergo
2774 2145 2984 2199 milites.
3018 2142 3231 2210 Quibus
3261 2145 3312 2199 id
3366 2161 3396 2200 a
3428 2147 3517 2201 Pi-

1939 2235 2052 2291 lato
2077 2237 2290 2306 jussum
2325 2248 2463 2292 erat.

2015 2325 2167 2378 Vers.
2203 2325 2292 2379 32.
2329 2323 2648 2380 Et—crura.
2676 2323 2779 2389 Qui
2816 2323 2870 2376 in
2902 2322 3095 2379 dextra
3136 2319 3340 2377 Christi
3389 2340 3516 2379 cru-

1940 2417 2136 2472 ciiixus
2161 2427 2301 2470 erat.

2011 2512 2174 2568 Vers.
2220 2513 2306 2566 32.
2351 2509 2419 2564 Et
2441 2539 2508 2550 —
2530 2525 2611 2563 eo.
2637 2509 2855 2564 Christo
2881 2510 3153 2565 videlicet.

2014 2605 2176 2660 Vers.
2216 2605 2304 2658 '53.
2336 2605 2708 2656 Ad—crura.
2756 2603 3045 2656 Postremo
3070 2602 3138 2656 ad
3189 2618 3312 2656 eum
3353 2619 3521 2657 vene-

1943 2707 2090 2762 runt,
2119 2695 2307 2762 majori
2339 2693 2687 2756 contumelia,
2722 2692 2776 2746 in
2809 2695 3037 2762 gratiam
3068 2691 3404 2757 Judaeorum,
3433 2695 3520 2764 ip-

1943 2801 2061 2841 sum
2094 2785 2337 2839 volentes
2363 2782 2602 2836 aﬂicere.

2016 2873 2174 2930 Vers.
2211 2875 2299 2928 δι.
2337 2873 2706 2940 Sed—aqua.
2760 2873 2868 2926 Res
2901 2887 3064 2941 supra
3113 2881 3395 2937 naturam,
3451 2888 3516 2925 ac

1946 2965 2232 3019 manifeste
2259 2964 2462 3018 docens
2483 2964 2628 3031 quod
2691 2964 2864 3030 major
2904 2978 3066 3031 quam
3132 2963 3296 3016 homo
3349 2973 3516 3027 esset,

1945 3055 2035 3124 qui
2062 3056 2235 3108 fuerat
2282 3053 2631 3106 vulneratus:
2668 3051 2933 3119 siquidem
2965 3067 2994 3105 a
3029 3061 3245 3106 mortuo
3281 3053 3520 3116 homine,

260 3138 610 3202 ἐξελεύσεται
667 3136 828 3210 αἷμα.
882 3142 1156 3194 Νύττεται
1216 3145 1316 3212 μὲν
1364 3137 1459 3195 οὖν
1517 3142 1690 3212 λόγχῃ
1743 3145 1843 3213 τὴν

1951 3142 2160 3196 etiamsi
2212 3140 2408 3194 millies
2454 3138 2576 3206 quis
2625 3154 2750 3193 eum
2813 3144 3129 3208 pupugerit,
3184 3155 3292 3194 non
3351 3141 3526 3194 exibit

261 3231 505 3299 πλευρὰν
567 3234 594 3284 ὁ
643 3234 838 3302 Σωτὴρ
888 3234 977 3286 διὰ
1031 3234 1132 3304 τὴν
1183 3236 1438 3298 νυγεῖσαν
1486 3236 1551 3304 τῇ
1602 3236 1846 3306 ἁμαρτίᾳ.

262 3318 506 3388 πλευρὰν
537 3319 630 3372 τοῦ
681 3322 873 3391 Ἀδὰμ,
904 3322 1073 3392 ἡγουν
1097 3323 1197 3394 τὴν
1234 3320 1401 3388 Εὕαν,
1434 3324 1499 3392 τῇ
1534 3321 1718 3392 πληγῇ
1748 3325 1846 3392 τῆς

265 3410 508 3479 πλιυρᾶς
555 3412 653 3482 τὴν
690 3413 907 3482 πληγὴν
940 3414 1038 3482 τῆς
1074 3415 1318 3482 πλευρᾶς
1361 3414 1613 3482 ἰώμενος.
1654 3412 1847 3476 Βλύζει

264 3498 326 3552 δὲ
357 3495 499 3570 αἷμα
545 3507 637 3555 καὶ
671 3503 836 3575 ὕδωρ,
870 3503 962 3556 δύο
995 3504 1349 3574 βαπτίσματα
1382 3503 1750 3574 καινουργῶν,
1785 3505 1848 3556 τὸ

265 3593 337 3647 δι’
377 3598 608 3668 αἵματος
651 3601 978 3671 μαρτυρίου,
1039 3601 1227 3656 καὶτὸ
1259 3601 1329 3653 δι’
1382 3600 1574 3664 ὓδατος
1621 3600 1848 3668 ἀναγιν-

269 3691 501 3759 νήσεως,
531 3693 628 3744 καὶ
665 3696 732 3763 τῇ
778 3696 874 3764 ῥοῇ
906 3693 1112 3748 τούτων
1143 3694 1241 3764 τὴν
1270 3694 1403 3765 ῥοὴν
1429 3692 1530 3762 τῆς
1565 3693 1846 3763 ἁμαρτίας

266 3781 626 3846 κατακλύζει.

300 4011 306 4021 _.
341 3963 481 4036 [Καὶ
513 3967 718 4036 ἑτέρως
767 3967 878 4036 (78)
914 3967 996 4033 δὲ,
1042 3969 1138 4022 δύο
1169 3969 1412 4038 πηγάζει
1441 3969 1701 4040 κρουνούς
1722 3985 1736 4000 ⁸
1768 3969 1847 4039 τῷ

268 4055 424 4107 ὕδατι
485 4056 584 4125 μὲν
632 4056 913 4127 καθαίρων
963 4057 1064 4129 τὴν
1112 4058 1489 4129 Ἐκκλησίαν,
1530 4059 1608 4129 τῷ
1650 4061 1848 4130 αἵματι

265 4147 324 4199 δὲ
354 4148 572 4216 τρέφων
595 4150 788 4219 αὐτὴν.
816 4150 894 4202 Δι’
919 4150 1113 4213 ὓδατος
1144 4151 1243 4220 μὲν
1264 4151 1374 4220 γὰρ
1394 4149 1844 4219 ἀναγεννώμεθα,

266 4238 341 4291 δι’
373 4240 602 4304 αἵματος
657 4240 713 4292 δὲ
763 4241 857 4293 καὶ
905 4239 1109 4311 σαρκὸς
1143 4240 1481 4311 τρεφόμεθα,
1528 4240 1638 4293 τῶν
1685 4240 1846 4294 θείων

271 4331 371 4383 καὶ
412 4334 715 4402 μυστικῶν.
740 4333 941 4386 Λοιπὸν
971 4331 1086 4397 οῦν,
1132 4333 1261 4385 ὅταν
1291 4333 1575 4402 προσέρχῃ
1604 4331 1682 4402 τῷ
1712 4349 1846 4400 φρι-

269 4423 390 4493 κτῷ
416 4426 694 4494 ποτηρίῳ,
731 4425 962 4476 πέπεισο
998 4423 1134 4494 (79),
1168 4423 1264 4477 ἀπ’
1298 4424 1472 4491 αὐτῆς
1504 4422 1719 4492 μέλλεις
1750 4422 1843 4474 πί-

1949 3231 2194 3302 sanguis.
2229 3229 2456 3284 Foditur
2487 3229 2670 3298 itaque
2700 3229 2887 3283 lancea
2944 3231 2998 3282 in
3051 3230 3220 3283 latere
3254 3231 3522 3293 Salvator,

1949 3325 2074 3393 quia
2127 3330 2350 3391 peccato
2403 3320 2747 3374 vulneratum
2778 3328 2860 3373 est
2910 3320 3052 3372 latus
3083 3321 3211 3374 Adae
3251 3339 3266 3375 :
3312 3323 3427 3374 sive
3463 3330 3524 3376 ut

1949 3415 2114 3469 Evam
2143 3414 2246 3484 (ω),
2281 3412 2465 3466 lateris
2486 3412 2568 3466 sui
2602 3412 2845 3476 vulnere,
2894 3425 2923 3462 a
2957 3411 3110 3480 plaga
3148 3411 3332 3464 lateris
3364 3425 3526 3466 sana-

1949 3514 2050 3560 ret.
2108 3504 2439 3575 Sanguinem
2497 3511 2680 3556 autem
2731 3511 2786 3555 et
2834 3516 3029 3568 aquam
3071 3499 3336 3554 scaturire
3375 3501 3525 3564 facit,

1947 3600 2055 3656 duo
2101 3598 2391 3669 designans
2445 3596 2808 3666 baptismata:
2877 3609 3044 3647 unum
3105 3594 3350 3663 quidem,
3427 3609 3527 3663 per

1947 3690 2226 3760 sanguinis
2256 3688 2329 3758 (y)
2362 3689 2702 3758 martyrium,
2735 3686 2965 3739 alterum
3018 3700 3173 3749 vero,
3239 3699 3338 3754 per
3374 3699 3528 3752 aqua:

1947 3784 2459 3851 regenerationem:
2491 3787 2658 3849 atque
2725 3778 2918 3832 borum
2971 3774 3122 3830 ﬂuxu
3177 3775 3385 3844 peccati
3428 3773 3529 3828 ﬂu-

1950 3888 2077 3927 xum
2113 3871 2402 3941 demergit.

2021 3968 2284 4021 Pmterea
2350 3973 2406 4019 et
2457 3964 2636 4018 aliter.
2685 3963 2820 4018 Nam
2878 3962 3017 4017 duos
3080 3959 3348 4016 scaturire
3399 3958 3531 4013 facit

1949 4057 2162 4112 fontes:
2186 4069 2328 4126 aqua
2349 4055 2566 4125 quidem
2592 4054 2888 4124 puriﬁcans
2912 4053 3233 4117 Ecclesiam,
3257 4050 3525 4121 sanguine

1949 4161 2079 4199 vero
2105 4159 2225 4197 eam
2260 4143 2566 4197 enutriens.
2603 4139 2883 4207 Siquidem
2915 4154 3014 4208 per
3045 4154 3241 4208 aquam
3282 4139 3530 4191 renasci-

1951 4250 2092 4298 mur,
2147 4248 2245 4303 per
2270 4232 2590 4301 sanguinem
2646 4238 2830 4284 autem
2861 4237 2914 4282 et
2951 4243 3174 4283 carnem
3224 4225 3520 4296 pascimur,

1948 4341 2070 4396 qua:
2101 4325 2286 4380 divina
2319 4331 2447 4375 sunt
2473 4337 2535 4375 ac
2561 4323 2807 4389 mystica.
2841 4319 3030 4388 Itaque
3059 4333 3180 4372 cum
3209 4317 3275 4371 ad
3303 4326 3531 4370 uernen-

1948 4418 2078 4472 dum
2110 4413 2408 4469 accesseris
2438 4411 2713 4480 poculum,
2752 4410 3090 4479 persuadeto
3135 4407 3254 4472 tibi,
3282 4407 3426 4475 quod
3464 4421 3530 4458 ex

269 4531 388 4565 νεεν
425 4518 519 4585 τῆς
569 4515 910 4584 Δεοποτικῆς
963 4515 1225 4585 πλευρᾶς,
1260 4512 1356 4567 καὶ
1404 4512 1548 4566 οὕτω
1579 4513 1844 4566 διάκεισο.

1955 4509 2237 4562 Dominico
2267 4507 2409 4560 bibis
2441 4505 2630 4568 latere,
2697 4513 2754 4558 et
2805 4519 2874 4560 eo
2925 4501 3085 4556 modo
3142 4500 3218 4554 sis
3276 4499 3528 4552 allectus.

270 4602 415 4658 Εἶτα
439 4604 609 4659 θέλων
649 4604 945 4677 βεϐαιῶσαι
973 4607 1034 4658 τὸ
1071 4604 1314 4659 τοιοῦτον
1337 4604 1541 4674 θαῦμα,
1574 4601 1773 4674 φησί’]

348 4791 456 4846 Kal
504 4822 574 4830 —
621 4793 1096 4860 μεμαρτύρηκεν.
1160 4792 1220 4844 '0
1269 4791 1446 4845 ταῦτα
1513 4789 1852 4858 θεασάμενος

272 4882 453 4935 ταῦτα
482 4885 780 4954 γέγραφεν,
807 4882 868 4934 οὐ
903 4882 1035 4952 παρ’
1064 4883 1254 4953 ἑτέρου
1289 4882 1433 4944 τινὸς
1462 4881 1725 4941 ἀκούσας.

349 5061 397 5093 ⁸⁸
431 5060 587 5115 Deut.
622 5075 733 5124 XXI,
767 5059 857 5117 25.

1955 4600 2161 4655 Deinde
2221 4597 2408 4653 volens
2466 4594 2775 4664 huiusmodi
2829 4591 3151 4648 conﬁrmare
3181 4585 3528 4649 miraculum,

1956 4702 2185 4837 Δηνξτε.
2216 4783 2304 4836 55.
2337 4782 2404 4836 Et
2435 4811 2503 4821 —
2526 4777 2878 4834 testimonium
2921 4775 3196 4844 perhibuit.
3254 4772 3360 4838 Qui
3403 4769 3533 4825 vidit

1961 4875 2097 4940 haec,
2136 4873 2356 4939 scripsit
2379 4874 2502 4936 ista,
2534 4885 2642 4925 non
2666 4867 2810 4939 quod
2849 4868 2918 4922 ab
2945 4867 3126 4935 aliquo
3153 4865 3409 4920 audierit.

1474 5122 1680 5184 Variae
1715 5121 2025 5184 lectiones
2056 5125 2117 5181 et
2153 5124 2341 5180 noue.

355 5299 471 5370 (74)
502 5300 608 5352 Τοῦ
641 5291 921 5353 Σαὸὄάτου
953 5294 1164 5370 ἐκείνου
1195 5293 1260 5348 Α.

359 5355 472 5442 ζπὴ
510 5373 632 5422 Haec
674 5379 898 5437 uterque
920 5367 1089 5421 codex
1141 5366 1196 5418 in
1227 5361 1490 5433 margine.
1545 5355 1853 5413 ﬂentenius

278 5457 395 5497 ιιοιι
434 5443 700 5510 agnoscit.

356 5502 643 5583 (76)'Ante
687 5507 808 5573 τοῦ,
839 5507 1002 5561 habet
1025 5504 1122 5558 τοῦ
1149 5504 1204 5556 δὲ
1231 5502 1450 5572 πρώτου
1485 5503 1552 5555 Α.

359 5691 434 5762 (ac)
495 5690 612 5746 Sive
636 5698 691 5742 ut
723 5687 911 5762 Euam,
947 5693 1034 5740 etc
1060 5681 1186 5762 Sive
1224 5681 1499 5762 Evam,.ut
1521 5677 1753 5762 lateris._

819 5759 920 5822 nis,
953 5765 1062 5809 etc.
1093 5754 1196 5806 Per
1238 5753 1560 5820 sanguinem
1617 5753 1858 5816 martyrii

361 5771 434 5831 (υ)
495 5762 811 5831 Ρεννβαησιιί

224 5806 235 5811 4
289 5806 1168 5902 (invehit-ge,-iiaptismaﬂalterum
1197 5806 1328 5879 vero
1343 5806 1457 5890 "per
1480 5833 1675 5888 aquam
1705 5806 1862 5886 rege-

2039 5287 2151 5357 (77)
2188 5283 2322 5357 _H;e_c
2347 5283 2542 5357 absunt
2565 5283 2633 5336 A.

2035 5353 2150 5426 (78)
2185 5353 2398 5426 Inclusa
2420 5356 2622 5426 absunt
2647 5354 2712 5406 A.

2036 5420 2149 5496 (79)
2193 5425 2314 5476 Ὅτι
2345 5424 2655 5478 addendum
2690 5420 2929 5476 videtur.

1971 5669 2300 5727 nerationis.
2344 5667 2533 5736 Neque
2563 5681 2692 5721 vero
2719 5664 2936 5736 mirum
2988 5657 3202 5736 cagdem‘
3239 5667 3535 5736 martyrum

1970 5743 2079 5796 dici
2115 5739 2407 5809 baptisma,
2444 5730 2570 5792 cum
2602 5735 2853 5796 Christus
2887 5731 3003 5801 ipse
3052 5730 3127 5784 ita
3172 5731 3238 5784 de
3272 5745 3333 5784 se
3388 5731 3530 5783 dixe-

1971 5813 2042 5867 rit
2079 5811 2212 5866 Luc.
2253 5825 2348 5875 xu,
2377 5809 2467 5863 50.
