4108 6388
253 377 386 442 ιεδι

331 493 416 567 [Oi
465 493 543 566 (Ι)
576 493 653 565 τῷ
707 495 861 562 τάφῳ
919 491 1012 545 τοῦ
1071 492 1308 562 Χριστοῦ
1367 493 1824 563 προσεδρεύοντες
1857 496 1900 550 Α

249 585 475 655 ἄγγελοι
535 587 668 656 πρὸς
708 585 974 638 πίστωσιν
1007 583 1311 656 παρέμενον
1340 586 1436 636 καὶ
1468 583 1822 636 διδασκαλία-ι

250 678 348 731 τοῦ
377 677 699 748 ὲγηγέρθαι,
731 676 867 730 ἀλλὰ
891 678 966 746 μὴ
993 676 1290 742 κεκλέφθαι
1316 676 1409 728 τὸν
1437 673 1688 746 Κύριον.]

321 771 429 822 Kal
463 798 532 810 —-
561 768 830 831 κλαίεις;
863 766 976 838 [Μὴ
1012 766 1297 836 τολμώσης
1323 767 1400 837 (2)
1428 767 1598 835 αὐτῆς
1623 767 1832 836 ἐρωτῆ-

253 877 347 913 σαι
379 861 598 922 αὐτοὺς,
641 859 796 911 αὐτοὶ
820 857 1158 923 διαλέγονται
1188 856 1374 927 αὐτῇ]

322 950 494 1017 Λέγει
534 978 604 988 --
647 949 853 1002 αὐτόν.
900 948 1058 1017 ’ῼετο
1107 947 1214 1016 γὰρ
1259 946 1362 998 ὑπὸ
1399 947 1507 998 τῶν
1550 946 1833 1013 θαψάντων

254 1041 627 1110 μετατεθῆναι
660 1040 845 1092 αὐτόν.

324 1132 436 1184 Καὶ
475 1162 542 1172 -
582 1131 830 1185 ἑστῶτα.
866 1130 975 1184 Καὶ
1007 1131 1145 1192 πῶς,
1183 1131 1346 1200 μήπω
1380 1130 1548 1200 μηδὲν
1586 1129 1833 1198 μαθοῦσα

254 1223 410 1290 παρὰ
469 1222 577 1274 τῶν
631 1223 1063 1292 ἑρωτησάντων,
1122 1221 1388 1289 αἰφνίδιον
1448 1223 1696 1290 ἐστράφη
1751 1221 1834 1283 εἰς

250 1313 321 1365 τὰ
360 1313 570 1378 datam;
605 1313 752 1377 Ὅτι,
787 1312 880 1364 τοῦ
917 1311 1150 1382 Χριστοῦ
1190 1312 1342 1379 ἄφνω
1363 1311 1621 1379 φανέντος
1660 1310 1834 1362 ὀπίσω

251 1403 448 1470 αὐτῆς,
477 1404 526 1454 οἰ
561 1403 805 1470 ἄγγελοι,
832 1403 922 1455 τὸν
955 1403 1232 1472 Δεσπότην
1253 1403 1459 1454 ἑαυτῶν
1490 1403 1706 1466 ἰδόντες,
1748 1402 1832 1453 εὖ·

251 1493 393 1554 θέως
453 1493 816 1562 ἐξανέστησαν
869 1493 1196 1563 σύντρομοι,
1260 1494 1648 1564 δουλοπρεπῶς
1704 1497 1830 1547 ἀτε-

252 1581 494 1645 νίζοντες
525 1587 605 1646 εἰς
629 1583 812 1637 αὐτόν.
858 1585 1134 1654 Ἑστράφη
1177 1584 1271 1638 οῦν
1306 1586 1433 1637 [δεῖν
1477 1587 1560 1647 τίς
1592 1588 1619 1638 ὁ
1643 1588 1830 1652 φανεὶς

257 1675 469 1737 αὐτοῖς.

325 1763 438 1816 Kal
485 1794 550 1804 ——
589 1767 776 1819 ἐστιν.
821 1766 1052 1836 ιἚφάνη
1098 1765 1173 1836 (5)
1221 1767 1329 1835 γὰρ
1379 1767 1515 1837 αὐτῇ
1565 1769 1622 1819 ὲν
1667 1769 1830 1838 ἑτέρᾳ

1199 375 1585 436 COMMENT.
1625 371 1704 430 ΙΝ
1748 367 2125 430 JOANNEM.
2166 389 2230 397 ·”
2273 366 2429 425 CAP.
2477 366 2602 423 XX.

3387 363 3525 426 1482

2000 488 2038 555 ’ί-
2078 486 2284 540 Christi
2315 485 2569 554 sepulcro
2623 484 2888 539 assistunt
2926 484 3101 556 angeli
3141 485 3205 539 ad
3238 485 3526 540 credulita-

1947 593 2052 632 tem
2093 589 2527 647 permanentes:
2565 587 2731 647 utque
2782 578 3082 632 surrexisse
3132 577 3412 644 docerent,
3469 588 3526 633 et

1943 686 2051 723 non
2087 669 2232 723 furto
2272 669 2546 722 sublatum
2588 685 2731 723 esse.

2017 761 2168 816 Vcrs.
2223 763 2309 817 15.
2353 762 2418 814 Et
2453 792 2519 800 —
2566 761 2747 829 ploras
2771 765 2796 816 .7
2842 762 2976 816 Cum
3011 762 3122 830 ipsa
3155 777 3264 816 non
3297 762 3523 818 auderet

1942 869 2036 907 eos
2069 854 2427 924 interrogare,
2460 854 2534 907 illi
2569 855 2617 907 ei
2654 854 2971 923 loquuntur.

2014 946 2166 1000 Vers.
2214 949 2298 1002 15.
2348 947 2433 998 Ait
2462 976 2527 985 —
2557 963 2696 1000 eum.
2727 945 2960 1000 Putabat.
3006 945 3174 1008 enim,
3209 947 3277 999 ab
3304 945 3388 1000 his
3429 947 3521 1016 qui

1944 1037 2296 1107 sepelierunt,
2339 1053 2463 1091 eum
2499 1036 2667 1090 fuisse
2701 1037 3117 1105 transpositnm.

2014 1129 2169 1182 Vers.
2231 1128 2312 1182 14.
2369 1129 2436 1182 Et
2473 1136 2816 1180 -—stantem.
2875 1126 2941 1179 Et
2993 1127 3289 1193 quomodo,
3346 1129 3524 1196 prius-

1941 1235 2108 1289 quam
2152 1221 2323 1273 ullum
2369 1220 2674 1288 accepisset
2703 1233 3029 1287 responsum
3061 1219 3127 1272 ab
3157 1220 3241 1272 his
3273 1221 3365 1288 qui
3400 1236 3521 1274 eam

1944 1313 2442 1381 interrogaveram,
2494 1319 2720 1379 repente
2764 1324 3024 1369 conversa
3064 1319 3149 1363 est
3180 1321 3475 1366 retrorsum
3501 1313 3527 1366 ?

1941 1402 2078 1466 Quia
2121 1403 2302 1456 subito
2352 1408 2652 1470 apparente
2701 1399 2923 1454 Christo
2978 1409 3099 1470 post
3135 1416 3276 1467 eam,
3319 1405 3519 1472 angeli,

1941 1494 2058 1546 viso
2091 1492 2323 1546 Domino
2355 1509 2476 1555 suo,
2509 1492 2693 1546 'statim
2727 1504 3084 1546 surrexerunt.
3111 1509 3232 1546 cum
3265 1505 3521 1559 tremore,

1941 1600 2092 1637 more
2150 1599 2434 1638 servorum
2490 1586 2545 1639 in
2590 1599 2713 1638 eum
2767 1584 3064 1637 intuentes.
3113 1585 3388 1640 Conversa
3442 1597 3525 1640 cst

1940 1689 2093 1746 ergo,
2134 1683 2194 1728 ut
2231 1675 2464 1740 videret,
2497 1675 2619 1744 quis
2664 1675 2770 1728 illis
2799 1675 3164 1744 apparuisset.

2013 1768 2167 1824 Vers.
2203 1770 2292 1823 H.
2330 1770 2394 1823 Et
2433 1799 2489 1810 -
2520 1781 2678 1823 esset.
2711 1770 2981 1839 Apparuit
3008 1769 3154 1823 enim
3186 1768 3234 1821 ei
3267 1769 3368 1822 alia
3395 1784 3523 1836 Spe-

256 1858 468 1925 μορφῇ,
506 1857 601 1907 καὶ
633 1858 690 1908 ὲν
724 1857 1092 1927 εὐτελεστέρῳ
1125 1859 1216 1910 καὶ
1248 1858 1411 1930 κοινῷ
1443 1859 1705 1927 σχήματι,
1745 1859 1830 1910 ἵνα

1938 1863 2040 1926 cie,
2086 1872 2140 1916 et
2179 1863 2355 1916 viliori
2396 1877 2458 1916 ac
2511 1861 2876 1916 communiori
2930 1862 3145 1923 habitu,
3196 1877 3264 1914 ne
3298 1873 3522 1934 repente

251 1947 334 2015 μὴ
359 1946 555 2015 ἁθρόον
588 1949 962 2020 καταπλαγῇ.]

327 2036 494 2104 Λέγει
532 2066 603 2077 --
639 2036 782 2104 ἀρῶ.
827 2038 959 2090 Ἀπό
985 2056 1043 2090 τε
1073 2040 1165 2092 τοῦ
1193 2038 1374 2092 κοινοῦ
1429 2041 1706 2109 σχήματος
1737 2044 1830 2094 καὶ

250 2125 347 2179 τοῦ
400 2123 540 2179 εἶναι
591 2129 648 2178 ὲν
697 2127 774 2194 τῷ
826 2130 985 2196 κήπῳ
1039 2128 1310 2181 ὑπέλαϐεν
1363 2131 1500 2182 ὅτιό
1556 2131 1830 2199 κηπουρός

246 2221 422 2275 ἐστιν.
455 2220 586 2272 Οὐδὲ
621 2220 730 2289 γὰρ
765 2220 864 2289 τὴν
901 2221 1079 2290 φωνὴν
1116 2222 1279 2275 αὑτοῦ
1321 2224 1635 2293 ἐγνώρισεν,
1660 2226 1828 2276 ἀσυν-

255 2311 366 2381 ήθη
431 2312 809 2381 ἐνηχηθείσαν.
855 2313 1012 2382 ᾫετο
1041 2313 1115 2376 δὲ,
1149 2315 1224 2376 ὡς
1251 2316 1486 2384 εἴρηται,
1526 2315 1828 2382 μετατεθῆ-

249 2419 344 2453 vat
407 2402 506 2471 μὲν
560 2401 722 2452 αὑτὸν
789 2403 870 2463 εἰς
926 2401 1114 2470 ἕτερον
1169 2404 1336 2454 τόπον
1387 2404 1828 2472 ἀσφαλέστερον,

250 2491 626 2562 βασταχθῆναι
655 2491 711 2543 δὲ
756 2492 903 2560 παρὰ
933 2491 1026 2543 τοῦ
1063 2493 1360 2562 κηπουροῦ.
1412 2493 1583 2558 [Εἰπέ
1607 2511 1708 2562 μοι
1755 2495 1826 2563 (ἆ)

249 2581 369 2645 οὖν,
411 2583 597 2651 φησὶν,
635 2582 754 2636 ποῦ
781 2583 1000 2648 ἔθηκας
1033 2582 1238 2645 αὐτὸν,
1275 2583 1434 2650 κάγὼ
1458 2585 1642 2636 αὐτὸν
1672 2583 1793 2651 ἀρῶ
1814 2625 1829 2648 ,

253 2675 336 2734 εἰς
377 2671 535 2725 ἄλλον
577 2672 962 2741 καταθήσουσα
1001 2672 1169 2724 τόπον
1199 2673 1828 2746 ἁνεπιϐου).ευτότερον.]

325 2761 419 2834 [⁸0
451 2762 630 2833 μόνων
675 2764 752 2831 (5)
784 2763 892 2814 τῶν
932 2766 990 2814 ὲν
1029 2766 1190 2833 γενεᾷ
1226 2764 1321 2816 καὶ
1360 2764 1534 2835 φθορᾷ
1565 2768 1828 2836 δημιουρ-

251 2857 352 2923 γὸν
397 2858 492 2907 καὶ
525 2855 830 2925 προνοητὴν
866 2855 1102 2924 νομίζων
1135 2855 1224 2908 τὸν
1267 2856 1471 2924 Κύριον
1493 2897 1506 2920 ,
1543 2853 1698 2920 οὗτος
1750 2860 1828 2922 εἰς

252 2947 530 3014 κηπουρὸν
567 2946 980 3017 παραγνωρίζει
1013 2946 1175 2998 αὐτόν
1203 2962 1216 2975 °
1250 2947 1328 2999 διὸ
1357 2947 1451 3001 καὶ
1485 2950 1679 3016 φεύγει
1706 2950 1829 3002 τούσ

251 3052 350 3088 του
382 3037 477 3089 καὶ
521 3037 600 3106 (6)
631 3038 731 3107 τὴν
762 3037 904 3105 ἁφὴν
932 3038 960 3088 ὁ
1000 3039 1298 3108 Δεσπότης,
1347 3041 1423 3102 ὡς
1477 3041 1645 3110 μήπω
1696 3044 1827 3113 παρ’

251 3124 403 3194 αὐτῷ
463 3125 670 3188 ἀναϐὰς
726 3127 862 3195 πρὸς
918 3130 980 3180 τὸ
1036 3129 1254 3198 ἀξίωμα
1307 3133 1399 3182 καὶ
1453 3134 1549 3200 τὴν
1607 3134 1829 3203 ἰσότητα

249 3216 349 3268 τοῦ
409 3218 639 3287 Πατρός.
699 3217 933 3282 Ἀνάξιοι
974 3222 1082 3290 γὰρ
1117 3221 1279 3274 αὑτοῦ
1316 3225 1365 3274 οἱ
1398 3226 1535 3292 μετὰ
1572 3226 1828 3295 τοιαύτης

254 3309 578 3378 ὑπολήψεως
606 3309 756 3378 αὐτῷ
785 3312 1262 3384 προσερχόμενοι]

327 3399 495 3469 Λέγει
529 3429 594 3438 -—
626 3399 981 3453 Διδάσκαλε.
1017 3401 1133 3452 Νῦν
1154 3441 1169 3465 ,
1207 3406 1556 3474 καταστήσας
1592 3406 1690 3476 τὴν
1722 3424 1830 3475 φω-

253 3490 352 3556 νὴν
395 3489 489 3540 καὶ⁵
525 3489 622 3556 τὴν
663 3487 877 3557 μορφὴν
909 3489 1000 3540 καὶ
1037 3488 1095 3540 τὸ
1142 3488 1329 3557 σχῆμα
1360 3493 1492 3559 πρὸς
1540 3492 1602 3543 τὸ
1634 3509 1832 3561 γνωριο

257 3579 524 3647 μὼτερον,
556 3577 786 3628 δέδωκεν
818 3576 955 3643 αὐτῇ
990 3574 1246 3643 αἴσθησιν
1275 3577 1476 3640 αὐτῶν,
1504 3577 1597 3629 καὶ
1627 3578 1830 3630 αὐτίκα

254 3669 441 3721 τοῦτον
489 3666 804 3734 ἐπιγνοῦσα,
855 3666 1080 3732 ἐϐόησεν
1128 3667 1232 3717 ὑπὸ
1289 3669 1678 3738 περιχαρείας⁶
1739 3673 1829 3722 Αι-

255 3760 553 3813 διὶσκαλε.
581 3757 765 3829 [Ἂλλὰ
794 3759 869 3826 (7)
892 3756 1007 3818 πῶς
1033 3760 1332 3826 στραφεῖσα
1360 3758 1530 3825 λέγει,
1555 3760 1667 3826 εἴγε
1696 3763 1828 3830 πρὸς

256 3851 417 3903 αὐτὸν
461 3851 773 3916 διελέγετο;
818 3849 960 3901 Διότι
1006 3847 1241 3902 εἰποῦσα
1285 3851 1420 3918 ὅπερ
1470 3847 1612 3913 εἷπε,
1674 3869 1826 3920 μετει-

257 3941 472 4009 στράφη
537 3940 673 4009 πρὸς
730 3939 856 4000 τοὺς
913 3937 1182 4004 ἀγγέλους
1242 3939 1370 3990 ἰδεῖν
1439 3943 1485 3990 εἰ
1554 3940 1825 4009 πάρεισιν,

255 4031 288 4099 ἢ
333 4029 606 4100 ἐρωτῆσαι
653 4031 734 4092 τίς
765 4030 793 4079 ὁ
830 4031 1106 4097 ἐκπλήξας
1154 4029 1385 4091 αὐτούς’
1421 4030 1580 4093 εὐθὺς
1630 4032 1686 4084 δὲ
1734 4032 1828 4084 τοῦ

255 4121 494 4192 Χριστοῦ
552 4119 872 4183 καλέσαντος
936 4122 1128 4190 αὐτὴν,
1193 4120 1435 4190 ἐστράφη
1493 4122 1653 4173 πάλιν
1696 4122 1830 4191 πρὸς

253 4209 460 4281 whom]

327 4301 490 4370 Λέγει
525 4331 589 4338 -
615 4300 699 4369 μή
738 4316 855 4368 μου
891 4298 1106 4353 ἅπτου.
1150 4298 1399 4368 Ὦρμησε
1441 4298 1547 4367 γὰρ
1589 4298 1828 4366 ἅψασθαι

255 4393 364 4446 τῶν
422 4392 597 4445 ποδῶν
654 4391 858 4455 αὑτοῦ,
901 4390 978 4452 ὡς
1023 4388 1226 4441 εἰώθει.
1290 4387 1503 4440 κωλύει
1560 4389 1614 4440 δὲ
1661 4389 1829 4458 αὐτὴν

255 4484 664 4554 προσφέρεσθαι
692 4481 842 4549 αὑτῷ
871 4479 966 4534 τοῦ
995 4480 1203 4543 λοιποῦ,
1235 4479 1417 4542 καθὼς
1447 4481 1507 4531 τὸ
1541 4480 1827 4550 πρότερον,

257 4576 536 4646 θειοτέρας
567 4576 664 4645 ήδη
697 4575 793 4644 τῆς
825 4573 1024 4643 σαρκὸς
1053 4571 1220 4627 αὑτοῦ
1251 4572 1568 4640 γενομένης.

321 4668 494 4719 Οὔπω
535 4693 606 4704 --
643 4681 781 4732 μου.
835 4663 1005 4715 Τοῦτο
1044 4658 1162 4715 εἷπε
1204 4662 1270 4715 δι’
1322 4661 1474 4713 οὐδὲν
1520 4662 1724 4729 ἕτερον,
1757 4660 1832 4723 ὼς

251 4763 280 4810 ὁ
309 4756 692 4828 Χρυσόστομός
726 4771 890 4824 φησιν
921 4754 998 4822 (8)
1025 4792 1039 4814 ,
1073 4752 1107 4822 ἢ
1142 4757 1298 4822 μόνον
1325 4753 1409 4804 ἵνα
1448 4752 1560 4820 γνῷ
1591 4755 1670 4804 ὅτι
1698 4752 1835 4820 ὑψη-

252 4849 470 4917 λότερός
515 4850 629 4899 ἐστι
673 4847 768 4898 καὶ
801 4842 1244 4912 αἱδεσιμώτερος.
1299 4843 1358 4893 '0
1405 4845 1510 4910 γὰρ
1557 4844 1694 4911 μετὰ
1737 4841 1832 4894 τοῦ

258 4939 512 5008 σώματος
574 4937 819 4990 σπεύδων
883 4933 1199 4989 ἀναϐαίνειν
1261 4934 1393 5001 πρὸς
1452 4933 1541 4984 τὸν
1606 4935 1828 5003 Πατέρα

255 5035 352 5086 καὶ
395 5034 524 5085 Θεὸν
569 5031 832 5102 πρίὶδηλον
874 5031 954 5083 ὅτι
999 5029 1060 5080 τὸ
1097 5028 1191 5080 τοῦ
1239 5026 1494 5095 σώματος
1555 5025 1820 5096 ἐπίκηρον

254 5127 578 5177 ἁπείάὶετο.

330 5217 438 5269 Καὶ
470 5216 574 5284 μὴν
604 5217 705 5284 πρὸ
745 5215 972 5284 βραχέος
1018 5212 1154 5280 αῦτη
1201 5229 1254 5262 τε
1289 5211 1382 5262 καὶ
1414 5213 1444 5278 ἡ
1475 5209 1606 5279 ἄλλη
1639 5210 1824 5278 Μαρία

1940 1963 2414 2009 consternarctur.

2012 2045 2165 2100 Vers.
2210 2046 2299 2100 15.
2331 2045 2468 2099 Dicit
2503 2076 2559 2084 —
2605 2047 2811 2099 tollam.
2873 2046 2917 2098 Α
2975 2045 3254 2098 communi
3305 2047 3517 2110 habitu,

1938 2149 1993 2192 et
2041 2141 2164 2208 quia
2211 2141 2263 2192 in
2323 2140 2482 2191 horto
2521 2148 2661 2201 erat,
2723 2136 2986 2191 arbitrata
3029 2145 3114 2190 est
3167 2138 3521 2192 hortulanum

1938 2245 2081 2284 esse.
2123 2231 2309 2298 Neque
2351 2230 2497 2283 enim
2550 2243 2740 2282 vocem
2782 2231 2902 2298 ejus
2954 2229 3196 2298 agnovit,
3248 2245 3398 2284 more
3432 2232 3518 2285 in-

1937 2332 2095 2377 sueto
2155 2323 2435 2392 prolatam.
2476 2322 2708 2376 Putabat
2762 2332 2966 2385 autem,
3034 2331 3091 2375 ut
3145 2323 3348 2376 dictum
3410 2332 3516 2384 est.

1940 2416 2330 2483 transpositum
2373 2431 2496 2468 eum
2549 2429 2670 2468 esse
2714 2414 2766 2466 in
2807 2414 3064 2467 tutiorem
3113 2414 3278 2468 alium
3314 2416 3517 2479 locum,

1937 2515 1990 2558 et
2020 2506 2088 2559 ab
2125 2506 2414 2560 hortulano
2459 2515 2824 2574 asportatum.
2872 2505 2968 2558 Dic
3009 2507 3165 2569 mihi,
3196 2508 3391 2576 inquit,
3428 2508 3514 2560 ubi

1936 2599 2171 2665 posueris
2220 2614 2360 2660 eum,
2412 2607 2459 2650 et
2493 2614 2584 2666 ego
2615 2613 2730 2650 eum
2765 2597 2970 2660 tollam,
3015 2598 3069 2649 in
3108 2598 3272 2651 alium
3311 2599 3520 2668 reposi-

1939 2700 2055 2743 tura
2097 2696 2299 2750 locum,
2332 2690 2403 2743 ab
2437 2691 2648 2744 insidiis
2686 2691 2966 2744 tutiorem.

2005 2781 2043 2849 -ξ-
2090 2781 2194 2846 Qui
2249 2781 2639 2849 generabilium
2699 2790 2910 2834 tantum
2967 2791 3022 2834 et
3076 2782 3517 2851 corruptibilium

1935 2880 2242 2924 creatorem
2278 2887 2340 2926 ac
2373 2874 2717 2941 provisor-em
2753 2882 2907 2941 putat
2942 2871 3254 2938 Dominum,
3293 2873 3380 2926 hic
3414 2888 3517 2941 pro

1935 2958 2224 3017 hortulano
2259 2979 2382 3017 eum
2416 2963 2719 3033 cognoscit.
2756 2965 2970 3018 Idcirco
3004 2965 3170 3018 etiam
3202 2965 3368 3034 hujus
3395 2981 3522 3019 con-

1939 3063 2143 3107 tactum
2190 3053 2325 3123 fugit
2372 3054 2656 3117 Dominus,
2689 3055 2835 3122 quod
2879 3055 3025 3124 apud
3072 3055 3222 3107 illum
3277 3056 3523 3110 nondum

1939 3145 2247 3199 ascenderit
2301 3146 2367 3198 ad
2413 3145 2735 3213 dignitatem
2783 3161 2847 3199 ac
2897 3147 3261 3215 mqualitatcm
3297 3146 3518 3203 Patris:

1940 3237 2212 3306 siquidem
2256 3251 2322 3291 eo
2354 3237 2562 3306 indigni
2596 3247 2744 3302 sunt,
2783 3237 2877 3307 qui
2906 3251 3032 3291 cum
3065 3238 3378 3308 bujusmodi
3407 3241 3522 3309 opi-

1937 3327 2102 3382 nione
2138 3328 2203 3381 ad
2239 3344 2362 3382 eum
2396 3329 2686 3384 accedunt.

2013 3416 2164 3470 Vers.
2219 3417 2302 3471 l6.
2355 3417 2491 3471 Dicit
2533 3447 2601 3456 —
2635 3417 2906 3488 Magister.
2989 3419 3145 3474 Nunc
3198 3423 3505 3491 composita

1943 3524 2098 3571 voce,
2141 3509 2325 3576 specie
2355 3518 2409 3562 et
2441 3509 2653 3574 habitu,
2690 3517 2749 3562 ut
2802 3508 3020 3564 facilius
3068 3522 3514 3582 cognosceretur.

1939 3597 2087 3649 dedit
2116 3599 2164 3649 ei
2197 3597 2393 3651 horum
2426 3599 2700 3663 notitiam,
2739 3600 3033 3668 statimque
3069 3601 3223 3654 illum
3271 3605 3516 3672 agnovit,

1938 3689 2180 3741 clamans
2228 3705 2340 3756 pra:
2379 3689 2586 3751 lietitia,
2623 3687 2903 3758 Magister.
2938 3691 3046 3746 Sed
3077 3695 3353 3760 quomodo
3383 3709 3518 3748 con-

1936 3797 2089 3835 versa
2122 3781 2272 3844 dicit,
2306 3782 2348 3835 si
2393 3781 2500 3850 jam
2547 3796 2668 3834 cum
2703 3797 2767 3835 eo
2798 3781 3159 3850 loquebatur?
3191 3782 3348 3847 Quia,
3394 3798 3516 3837 eum

1936 3872 1987 3924 id
2061 3871 2310 3934 dixisset,
2378 3871 2524 3941 quod
2579 3871 2931 3938 loquebatur,
2999 3885 3266 3924 conversa
3318 3881 3402 3926 cst
3448 3875 3515 3925 ad

1937 3961 2177 4030 angelos,
2211 3968 2270 4013 ut
2313 3961 2521 4014 videret
2565 3975 2634 4012 an
2679 3959 2961 4024 adessent,
2991 3959 3075 4012 vel
3109 3968 3167 4012 ut
3213 3959 3512 4030 interroga~

1936 4060 2018 4104 ret
2054 4052 2184 4120 quid
2220 4052 2340 4106 illos
2376 4051 2428 4104 in
2461 4061 2739 4120 stuporem
2800 4049 3118 4104 adduxisset
3155 4068 3167 4102 :
3222 4051 3516 4120 statimque

1934 4140 2155 4196 Christo
2179 4158 2298 4196 eain
2327 4151 2579 4208 vocante,
2605 4155 2794 4196 rursus
2823 4141 2888 4195 ad
2916 4141 3094 4210 ipsum
3123 4155 3384 4196 conversa
3408 4151 3513 4196 cst.

2010 4293 2163 4348 Vers.
2209 4294 2294 4348 17.
2332 4293 2473 4347 Dicit
2539 4320 2607 4332 —
2641 4292 2750 4344 noli
2781 4308 2863 4344 me
2908 4301 3142 4362 tangere.
3189 4289 3322 4346 Nam
3357 4307 3417 4346 se
3446 4294 3514 4347 ad

1938 4387 2268 4458 tangendum
2335 4386 2502 4456 pedes
2562 4385 2684 4454 ejus
2772 4385 3014 4455 aptabat,
3083 4387 3223 4440 sicut
3282 4387 3509 4441 solebat.

1936 4479 2198 4534 Prohibet
2227 4487 2409 4532 autem
2440 4492 2508 4531 ne
2536 4477 2796 4545 deinceps
2824 4476 3048 4531 accedat
3078 4477 3145 4532 ad
3176 4493 3296 4531 eum
3329 4477 3510 4541 modo.

1885 4567 1906 4580 "
1939 4586 2049 4639 quo
2083 4570 2258 4638 prius,
2295 4585 2418 4622 cum
2449 4572 2559 4637 jam
2597 4567 2832 4621 divinior
2867 4567 3008 4622 facta
3041 4569 3107 4621 sit
3149 4583 3277 4621 caro
3303 4567 3440 4636 ejus.

2017 4662 2166 4715 Vers.
2234 4661 2320 4713 l7.
2361 4659 2611 4712 Nondum
2647 4689 2714 4698 —
2761 4675 2953 4712 meum.
3013 4659 3126 4713 lloc
3186 4658 3252 4712 ad
3307 4658 3512 4712 nullum

1936 4755 2101 4808 alium
2132 4752 2270 4806 dixit
2310 4753 2495 4816 (ineo),
2534 4761 2591 4804 ut
2624 4751 2700 4804 ait
2729 4750 3172 4819 (Shrysostomns,
3204 4750 3308 4803 nisi
3339 4757 3396 4803 ut
3422 4765 3512 4803 so-

1940 4846 2051 4899 lum
2086 4843 2419 4913 intelligeret
2446 4843 2592 4912 quod
2626 4841 2915 4896 sublimior
2946 4845 3016 4895 sit
3047 4843 3321 4910 magisque
3352 4855 3512 4895 vene-

1940 4937 2164 4991 randus.
2216 4935 2349 4989 Nam
2390 4936 2480 5004 qui
2534 4936 2726 4988 nititur
2776 4950 2900 4988 cum
2955 4949 3186 5004 corpore
3233 4936 3298 4987 ad
3343 4933 3512 4987 Deum

1937 5041 2000 5080 ac
2032 5026 2244 5078 Patrem
2281 5024 2600 5084 ascendere,
2635 5022 2984 5076 manifestum
3019 5031 3100 5074 r-st
3149 5023 3288 5090 quod
3321 5036 3512 5089 corpo-

1941 5118 2013 5169 ris
2057 5116 2402 5184 fragilitatem
2447 5115 2737 5183 abiecerat.

2009 5209 2169 5274 Atqui
2223 5207 2380 5275 paulo
2416 5217 2539 5259 ante
2575 5205 2690 5274 ipsa
2726 5218 2776 5258 et
2814 5206 2982 5259 altera
3018 5204 3176 5258 Maria
3227 5211 3512 5257 tenuerant

1455 5397 1645 5456 Variae
1681 5395 1985 5455 lectiones
2037 5399 2098 5453 et
2131 5395 2314 5449 nota).

335 5563 410 5628 (1)
446 5561 571 5615 llaec
605 5570 836 5629 uterque
860 5561 914 5612 in
952 5561 1214 5630 margine.

331 5635 405 5699 ('2)
438 5633 650 5684 lnel’usa
675 5633 876 5685 desunt
939 5633 981 5680 A
1002 5670 1014 5683 .

331 5703 406 5764 (5)
449 5703 622 5754 l'ltiam
660 5704 774 5754 lia-c
805 5701 1007 5753 absunt
1033 5703 1098 5755 A.

334 5773 405 5838 ti)
434 5771 642 5825 Inclusa
677 5771 873 5823 absunt
908 5772 968 5820 Α.

589 5867 856 5925 imane.
900 5869 1015 5923 (in.
1051 5864 1306 5922 CXXIX.

2015 5556 2090 5622 (5)
2132 5553 2188 5605 ln
2234 5552 2477 5618 margine
2513 5551 2628 5622 haec
2665 5548 2830 5600 habet
2853 5544 3020 5599 codex
3057 5549 3304 5609 uterque.

2022 5618 2094 5690 (δ’)
2140 5623 2246 5673 Καί
2281 5622 2485 5673 omittit
2523 5618 2583 5669 B.

2024 5689 2100 5756 (Τ)
2133 5693 2342 5744 Inclusa
2375 5693 2572 5742 absunt
2630 5689 2692 5738 Α.

2014 5765 2088 5832 (8)
2127 5760 2280 5814 Tom.
2316 5758 2455 5818 VIII,
2483 5774 2538 5827 ιι.
2579 5758 2700 5812 bis.
3159 5842 3192 5905 Ἰ

3124 5845 3161 5903 4

3124 5845 3161 5903 ﬂ
