4108 6386
646 370 781 433 1183
1866 368 2192 429 ΕΠἹῊΥΜ]

2293 370 2639 429 ZlGABENI
3738 376 3866 439 1434

646 480 811 551 pedes
864 479 985 549 ejus
1038 481 1177 535 sicut
1214 480 1427 550 scripsit
1465 480 1751 535 Mattheus
1803 482 1869 543 “,
1926 481 2020 535 sed
2078 491 2192 533 tum

2307 480 2618 549 ἐκράτησαν
2658 480 2821 534 αὐτοῦ
2853 481 2976 544 τοὺς
3017 482 3203 546 πόδας,
3238 483 3308 547 ὠ,
3342 485 3631 552 ἱστόρησεν
3666 486 3695 536 ό
3724 486 3868 538 Ματ-

642 572 858 639 quidem
898 586 1005 623 non
1049 570 1350 638 prohibuit,
1389 571 1713 641 permittens
1744 580 1802 624 ut
1830 571 2022 625 tierent
2055 581 2192 624 tactu

2304 569 2451 633 οαῖος
2471 589 2484 602 ·
2514 571 2648 623 ἀλλὰ
2674 572 2794 624 τότε
2825 571 2922 641 μὲν
2942 572 3043 625 οὐκ
3067 572 3384 625 ἁπεκώλυσε
3405 613 3421 637 ,
3447 575 3703 644 παρέχων
3734 574 3867 641 πλη-

643 663 941 723 certiores,
994 677 1102 715 non
1134 676 1253 715 esse
1292 661 1629 731 phantasma.
1667 662 1826 717 Nunc
1870 673 2051 717 autem
2090 678 2192 717 non

2305 664 2675 733 ροφορηθῆναι
2700 666 2786 717 διὰ
2810 665 2909 733 τῆς
2953 665 3097 735 ἀρῆς
3132 667 3214 719 ὅτι
3243 669 3343 719 οὐκ
3372 669 3493 721 ἐστι
3516 669 3709 738 φάσμα
3731 685 3745 699 ·
3778 668 3867 721 νῦν

641 752 927 823 permittit,
959 752 1083 821 quia
1109 762 1165 807 et
1187 752 1412 807 visionis
1444 762 1498 807 et
1531 762 1705 808 tactus
1731 754 1898 808 oblita
1925 766 2064 822 erat,
2102 774 2201 812 nec

641 842 971 897 crediderat.

707 931 864 987 Yers.
906 931 995 985 17.
1048 931 1151 985 Sed
1200 935 1328 986 vade
1362 963 1431 973 —
1466 943 1713 989 vestrum.
1757 937 1921 1007 Atqui
1954 954 2064 993 non
2098 949 2200 994 sta-

637 1024 733 1077 tim
766 1037 1097 1077 ascensurus
1146 1034 1284 1085 erat,
1315 1024 1409 1077 sed
1466 1035 1588 1093 post
1638 1028 2000 1099 quadraginta
2055 1031 2197 1097 dies;

637 1115 911 1182 quomodo
956 1129 1085 1185 ergo
1116 1115 1247 1169 dicit
1282 1132 1295 1166 :
1329 1117 1604 1171 Ascendo?
1636 1117 1834 1187 Utique
1870 1130 1927 1174 ut
1965 1123 2197 1191 amplius

638 1214 876 1259 mentem
913 1206 1034 1276 ejus
1062 1207 1115 1259 in
1150 1206 1385 1262 sublime
1412 1210 1665 1279 erigeret,
1698 1218 1755 1265 et
1786 1212 1963 1267 adhuc
1992 1214 2195 1267 contir-

637 1310 791 1349 snans
840 1310 900 1349 se
939 1296 1315 1351 sublimiorem
1347 1314 1411 1353 ac
1448 1298 1769 1354 diviniorem
1803 1316 1945 1365 esse,
1978 1318 2043 1357 ac
2082 1314 2196 1357 stu-

637 1386 773 1437 dens
828 1394 889 1438 ut
943 1386 1204 1455 deinceps
1251 1388 1443 1455 majori
1499 1403 1624 1441 cum
1680 1392 2032 1446 veneratione
2078 1394 2195 1445 ani-

636 1490 783 1528 mum
823 1476 872 1528 ei
919 1475 1226 1530 intenderet
1255 1486 1309 1529 et
1339 1477 1688 1532 auscultaret.

704 1566 973 1622 Praeterea
1018 1568 1244 1621 verbum
1277 1568 1533 1632 Ascendo,
1579 1568 1846 1639 signiﬁcat
1888 1571 2229 1636 Ascendere.

634 1657 777 1722 volo,
856 1657 999 1726 quod
1059 1666 1237 1711 tamen
1288 1658 1356 1711 ad
1430 1658 1645 1728 longius
1709 1664 1924 1729 tempus
1979 1664 2196 1718 extendi

633 1755 833 1813 potest.

708 1834 997 1905 Discipulis
1038 1846 1217 1891 autem
1252 1838 1321 1892 ad
1357 1840 1670 1894 memoriam
1714 1853 1933 1899 revocat
1965 1844 2018 1899 id
2048 1845 2194 1914 quod
2224 1822 2270 1881 Β

631 1927 973 1994 frequenter,
1028 1930 1345 1997 priusquam
1400 1930 1631 1984 traditus
1679 1945 1845 1999 esset,
1902 1934 2008 1991 illis
2038 1937 2194 1991 dixe-

634 2027 735 2070 rat.
770 2016 987 2073 Fratres
1021 2034 1151 2073 vero
1189 2034 1319 2073 suos
1351 2022 1672 2086 nominavit,
1708 2032 1963 2091 tanquam
1993 2036 2049 2081 et
2078 2027 2195 2096 ipse

626 2108 817 2169 homo.
852 2119 908 2162 et
940 2121 1204 2180 cognatus
1240 2126 1427 2165 eorum
1460 2111 1615 2182 juxta
1647 2116 2062 2172 humanitatem.

702 2200 824 2253 Alio
855 2212 1035 2254 tamen
1067 2202 1229 2255 modo
1257 2200 1471 2257 Patrem
1506 2204 1646 2258 dixit
1675 2206 1890 2260 Patrem
1927 2223 2107 2272 suum,
2142 2218 2194 2263 et

628 2289 733 2343 aiio
786 2290 1188 2359 discipulorum
1240 2306 1254 2343 :
1311 2307 1469 2345 suum
1521 2294 1741 2361 quidem
1790 2304 2010 2359 natura,
2073 2306 2193 2351 tan-

625 2398 791 2451 quam
873 2384 1119 2451 ejusdem
1185 2384 1541 2450 substantiae;
1590 2386 1980 2455 discipulorum
2041 2404 2188 2453 vero,

624 2473 836 2526 ratione
884 2475 1179 2528 creatiouis
1220 2490 1283 2529 ac
1319 2476 1697 2544 providentiae,
1734 2488 1988 2548 tanquam
2036 2495 2189 2535 crt-a-

629 2576 872 2618 turarum
904 2580 974 2619 ac
1011 2566 1351 2633 providentia
1382 2568 1689 2638 dignorum.
1725 2568 1893 2623 Deum
1924 2579 2106 2626 autem
2137 2584 2191 2627 et

625 2670 783 2709 suum
820 2664 876 2708 et
915 2656 1330 2725 discipulorum,
1368 2667 1553 2728 utpote
1584 2660 1886 2714 hominum.

699 2748 781 2800 Et.
807 2762 977 2817 quare
1014 2763 1120 2801 non
1171 2748 1491 2817 simpliciter
1528 2751 1708 2804 dixit:
1766 2751 1833 2805 Et
1880 2753 2045 2807 Deum
2094 2771 2191 2810 no-

625 2846 819 2901 strum,
854 2836 953 2892 sed
989 2840 1151 2892 etiam
1184 2839 1273 2893 hic
1316 2840 1603 2894 distinxit?
1646 2842 1805 2907 Quia,
1852 2846 1980 2900 licet
2025 2848 2189 2901 homo

620 2932 803 2985 Iactus
836 2941 921 2984 est
950 2940 1004 2984 et
1056 2930 1223 2983 frater
1271 2946 1485 2991 eorum.
1539 2943 1729 2986 natura
1783 2936 2185 2995 humanitatis:

625 3022 832 3075 honore
860 3032 1039 3075 tamen
1078 3022 1372 3090 plurimum
1403 3022 1471 3075 ab
1513 3024 1594 3076 eis
1623 3024 1927 3087 ditIrrebat,
1963 3037 2019 3081 et
2054 3028 2189 3082 divi-

620 3112 808 3166 nitatis
854 3113 1055 3165 unione
1096 3127 1159 3165 ac
1193 3113 1663 3181 impeccabilitatc.

692 3205 848 3258 Vers.
887 3207 971 3259 18.
1014 3204 1163 3257 Venit
1195 3234 1265 3243 —
1294 3207 1413 3257 sibi.
1449 3206 1516 3259 Et
1543 3208 1680 3274 quod
1706 3222 1769 3261 ea
1801 3210 1901 3263 sibi
1933 3211 2184 3272 dixisset.

622 3313 743 3366 qua
773 3298 1024 3351 videlicet
1053 3298 1101 3350 ei
1134 3298 1347 3351 locutus
1377 3297 1579 3358 fuerat.
1656 3310 1712 3352 et
1739 3304 1863 3368 quia
1896 3304 2187 3357 verisimile

621 3398 743 3442 crat
788 3387 1114 3455 discipulos,
1148 3404 1270 3440 cum
1301 3388 1417 3441 haec
1446 3389 1747 3455 audissent,
1799 3401 1893 3445 aut
1924 3407 2033 3445 non
2065 3409 2187 3447 cre-

623 3479 751 3533 i‘lere
806 3478 1043 3543 mulieri,
1102 3480 1243 3532 sicut
1297 3495 1399 3533 nec
1461 3481 1614 3548 prius
1678 3497 1691 3533 :
1754 3494 1847 3534 aut
1902 3485 2187 3540 credentes

616 3570 840 3640 {nempe
889 3584 1014 3623 cum
1069 3582 1314 3623 narraret
1357 3569 1659 3624 conlormia
1711 3572 1795 3625 his
1852 3590 1973 3642 qua:
2037 3577 2189 3631 vide-

623 3671 749 3715 rant
786 3659 980 3713 Petrus
1019 3669 1075 3713 et
1101 3660 1342 3713 Joannes
1374 3660 1492 3728 (cc),
1526 3661 1733 3725 dolere,
1764 3666 1909 3731 quod
1947 3668 2050 3735 ipsi
2084 3670 2186 3721 ltu-

620 3750 859 3820 jusmodi
904 3759 1125 3818 aspectu
1157 3749 1304 3818 digni
1340 3750 1510 3803 habiti
1540 3766 1647 3805 non
1681 3752 1913 3809 fuissent
1944 3773 1958 3809 :
1990 3758 2182 3812 eodem

620 3844 715 3896 die
747 3842 910 3894 etiam
944 3841 1050 3894 illis
1080 3851 1325 3909 apparet.
1374 3842 1560 3895 Primo
1588 3858 1822 3911 namque
1852 3847 2181 3903 desiderium

620 3946 811 3985 eorum
865 3930 1083 3983 exacuit
1134 3944 1150 3981 :
1204 3927 1401 3982 deinde
1452 3930 1533 3983 eis
1594 3931 2009 3991 desiderabilius
2064 3952 2185 3992 sese

621 4021 873 4091 praebuit,
901 4020 1012 4089 jam
1043 4019 1225 4072 videre
1255 4021 1797 4087 concupiscentibus.

695 4110 844 4165 Vers.
894 4112 978 4166 l9.
1007 4108 1140 4162 Cum
1170 4125 1290 4178 ergo
1320 4126 1433 4163 sero
1463 4122 1593 4165 esset
1618 4142 1688 4152 —
1728 4116 1913 4167 medio.
1951 4118 2031 4171 Ad
2066 4132 2185 4173 ves-

624 4218 806 4273 peram
854 4203 1021 4263 tcnit,
1070 4202 1288 4269 quando
1334 4204 1501 4273 magis
1535 4204 1816 4271 timebant,
1853 4217 1908 4261 et
1941 4224 2063 4263 cum
2111 4212 2184 4265 si-

620 4294 733 4349 mul
764 4301 947 4349 essent
979 4293 1311 4363 congregati,
1344 4303 1399 4347 et
1427 4294 1645 4363 quidem
1686 4297 1881 4366 januas
1922 4315 2031 4354 non
2066 4303 2184 4369 pul-

619 4387 781 4450 savit,
844 4400 915 4438 ne
964 4385 1333 4449 turbarentur,
1368 4384 1461 4440 sed
1501 4386 1701 4439 clausis
1756 4388 1861 4441 illis
1911 4389 2178 4455 introivit,

2301 755 2357 806 δὲ
2394 756 2453 807 οὐ
2489 759 2778 823 συγχωρεῖ,
2803 757 2938 809 διότι
2968 758 3063 826 τῆς
3087 759 3350 817 ὀπτασίας
3388 760 3604 828 ἐκείνης
3643 760 3738 813 καὶ
3773 761 3867 829 τῆς

2303 846 2444 915 ἁφῆς
2477 848 2770 901 ἐπελάθετο
2794 850 2889 902 καὶ
2921 850 3215 918 ἠπίστησε.

2372 936 2636 1003 Πορεύου
2692 936 2761 989 δὲ
2799 967 2869 980 —-
2912 936 3101 1006 ὑμῶν.
3158 939 3270 991 Καὶ
3351 940 3455 1008 μὴν
3523 940 3622 992 οὑκ
3668 939 3866 1002 εὐθέως

2302 1024 2524 1093 ἔμελλεν
2562 1026 2874 1079 ἀναϐαίνειν
2896 1069 2910 1091 ,
2944 1026 3079 1081 ἀλλὰ
3120 1030 3259 1097 μετά
3295 1031 3702 1099 τεσσαράκοντα
3738 1030 3867 1097 ἠμέν

2303 1133 2403 1185 ρας
2426 1155 2442 1181 ,
2480 1116 2595 1179 πῶς
2626 1114 2720 1169 οὖν
2770 1118 3081 1172 Ἀναϐαίνω
3109 1118 3297 1185 λέγει;
3333 1120 3553 1183 Πάντως
3587 1119 3681 1172 ἐπὶ
3714 1118 3869 1171 πλέον

2301 1202 2520 1269 ἀνάγων
2552 1206 2717 1272 αὐτῆς
2750 1206 2846 1275 τὴν
2878 1207 3133 1269 διάνοιαν,
3167 1208 3258 1259 καὶ
3291 1208 3369 1260 ἐτι
3410 1208 3485 1277 (9)
3520 1208 3754 1276 βεϐαιῶν
3787 1208 3868 1259 ὅτι

2301 1294 2626 1366 ὑψηλότερός
2666 1297 2782 1348 ἑστι
2820 1299 2913 1349 καὶ
2951 1297 3221 1366 θειότερος
3244 1338 3259 1361 ,
3296 1299 3389 1350 καὶ
3427 1299 3633 1351 πείθων
3669 1298 3868 1352 αἰδεσί-

2303 1387 2551 1460 μώτερον
2583 1388 2729 1457 αὐτῷ
2754 1388 2849 1441 τοῦ
2881 1387 3077 1441 λοιποῦ
3106 1388 3415 1457 προσέχειν.

2374 1568 2578 1630 Ἀλλως
2614 1585 2673 1621 τε
2718 1567 2829 1635 (l0)
2859 1567 2919 1619 τὸ
2961 1565 3285 1620 Ἀναϐαίνω
3324 1564 3473 1629 δηλοῖ
3517 1565 3611 1618 καὶ
3640 1566 3699 1617 τὸ
3743 1563 3869 1616 Βού-

2298 1660 2461 1728 λομαι
2518 1659 2847 1721 ἀναϐαίνειν,
2906 1658 3203 1727 δυνάμενον
3259 1658 3339 1720 είς
3400 1656 3623 1710 πλείονα
3679 1658 3865 1728 καιρὸν

2299 1751 2657 1805 ὶκτείνεσθαι.

2381 1842 2811 1913 Ἀναμιμνήσκει
2839 1840 2895 1895 δὲ
2921 1842 3041 1904 τοὺς
3070 1840 3318 1910 μαθητὰς
3342 1832 3401 1891 οὗ
3429 1840 3685 1903 πολλάκις
3716 1835 3864 1892 εἶπεν

2297 1935 2478 1996 αὐτοῖς
2525 1935 2633 2002 πρὸ
2680 1932 2772 1986 τοῦ
2804 1932 3201 1999 παραδοθῆναι.
3256 1930 3544 1999 Ἀδελφοὺς
3577 1930 3634 1982 δὲ
3675 1931 3866 1992 αὐτοὺς

2294 2022 2597 2089 ὠνόμασεν,
2650 2022 2723 2083 ὡς
2773 2021 2867 2073 καὶ
2907 2020 3065 2074 αὐτὸς
3102 2019 3412 2089 ἄνθρωπος,
3464 2019 3560 2072 καὶ
3600 2018 3865 2086 συγγενὴς

2296 2113 2475 2165 αὐτῶν
2518 2111 2658 2164 κατά
2688 2110 2748 2161 τὺ
2772 2109 3131 2179 ἀνθρώπινον.

2377 2201 2609 2269 Ἑτέρως
2650 2200 2704 2251 δὲ
2744 2198 2964 2266 Πατέρα
2998 2196 3191 2249 ἑαυτοῦ
3228 2198 3317 2249 τὶν
3349 2197 3569 2267 Πατέρα
3604 2191 3747 2257 εἶπε,
3775 2197 3866 2247 καὶ

2296 2293 2499 2361 ἑτέρως
2533 2290 2640 2342 τῶν
2683 2288 2937 2359 μαθητῶν
2966 2304 2979 2316 ·
3024 2287 3216 2339 ἑαυτοῦ
3245 2288 3342 2356 μὲν
3375 2288 3538 2357 φύσει
3568 2286 3642 2348 ὡς
3671 2288 3862 2354 όμοουι

2298 2385 2412 2435 σίου
2437 2422 2453 2446 ,
2486 2383 2593 2435 τῶν
2624 2382 2879 2450 μαθητῶν
2911 2382 2967 2434 δὲ
2996 2380 3071 2451 τῷ
3098 2382 3238 2448 λόγῳ
3270 2380 3369 2449 τῆς
3395 2378 3750 2451 δημιουργίας
3769 2384 3863 2429 καὶ

2295 2476 2549 2543 προνοίας
2577 2474 2649 2535 ὡς
2681 2472 3178 2543 δημιουργημάτων
3213 2475 3307 2524 καὶ
3338 2472 3592 2542 προνοίας
3616 2470 3866 2536 ἀξιουμέ-

2295 2586 2397 2619 νων
2422 2582 2436 2597 ο
2466 2567 2620 2637 [Θεὸν
2652 2567 2698 2634 (l
2718 2567 2763 2635 ι)
2791 2565 2846 2616 δὲ
2878 2569 2967 2616 καῖ
2995 2563 3189 2616 ἑαυτοῦ
3225 2566 3317 2615 καὶ
3343 2564 3449 2616 τῶν
3481 2562 3757 2633 μαθητῶν.
3787 2562 3866 2623 ὡς

2292 2660 2609 2728 ἀνθρώπων.

2364 2755 2471 2805 Καὶ
2518 2754 2632 2814 πῶς
2676 2752 2770 2819 οὐχ
2811 2750 2994 2811 ἀπλώς
3034 2744 3175 2813 εῖπε,
3208 2749 3317 2801 Καὶ
3348 2748 3477 2799 Θεὸν
3499 2747 3679 2816 ἡμῶν,
3728 2746 3863 2799 ἀλλὰ

2293 2841 2571 2896 κάνταῦθα
2598 2842 2888 2894 διέστειλεν
2919 2840 3143 2903 ὲαυτόν;
3175 2840 3342 2903 Διότι,
3376 2844 3424 2891 εἰ
3455 2841 3549 2891 καὶ
3577 2838 3863 2907 ἅνθρωπος

2292 2936 2478 3000 γέγονε
2515 2934 2609 2984 καὶ
2641 2932 2863 2997 ἀδελφὸς
2894 2931 3074 2983 αὐτῶν
3100 2934 3164 2999 τῇ
3197 2930 3355 2997 φύσει
3391 2933 3485 2999 τῆς
3510 2929 3863 3000 ἀνθρωπότηο

2291 3041 2403 3085 τος,
2444 3022 2580 3073 ἀλλὰ
2616 3021 2749 3072 πολὺ
2789 3020 3243 3088 διέφερεν-αὑτῶν
3272 3022 3337 3088 τῇ
3373 3021 3501 3087 τιμῇ
3551 3018 3640 3070 διὰ
3671 3036 3729 3071 τε
3762 3020 3864 3088 τὴν

2245 3157 2258 3170 .
2293 3116 2485 3167 ἕνωσιν
2514 3116 2611 3180 τῆς
2642 3111 2891 3179 θεότητος
2931 3111 3022 3163 καὶ
3060 3110 3148 3163 διὰ
3183 3111 3241 3162 τὺ
3270 3108 3695 3181 ἀναμάρτητον]

3820 3180 3856 3199 ρ

2368 3207 2646 3274 Ἐρχεται
2688 3233 2757 3243 -
2799 3203 2973 3270 αὐτῇ.
3025 3205 3133 3256 Καὶ
3169 3205 3251 3256 ὅτι
3295 3202 3466 3255 ταῦτα
3514 3198 3669 3254 εἶπεν
3721 3204 3862 3269 αυτῇ

2291 3298 2594 3367 ἃδηλονότι
2641 3296 2934 3363 λελάληκεν
2983 3296 3142 3365 αὐτῇ.
3190 3294 3379 3365 [Ἐπεὶ
3421 3294 3532 3363 (ιε)
3581 3294 3637 3346 δὲ
3691 3294 3860 3369 εἰκὸς,

2290 3390 2415 3450 τοὺς
2444 3388 2690 3456 μαθητὰς
2714 3388 3053 3447 ἀκούσαντας
3083 3388 3251 3439 ταῦτα
3282 3386 3314 3453 ἦ
3341 3386 3647 3438 διαπιστεῖν
3672 3388 3735 3453 τῇ
3758 3402 3859 3450 γυο

2292 3479 2461 3542 ναικὶ,
2495 3478 2745 3547 καθάπερ
2779 3480 2874 3530 καὶ
2910 3477 3173 3546 πρότερον
3196 3516 3209 3540 ,
3246 3476 3279 3545 ἢ
3314 3476 3733 3537 πιστεύσαντας,
3769 3472 3860 3527 οἷα

2291 3571 2383 3620 καὶ
2414 3568 2507 3621 τοῦ
2544 3569 2749 3637 Πέτρου
2787 3570 2880 3620 καὶ
2918 3568 3165 3620 Ἰωάννου
3198 3566 3618 3634 συντιθεμένων,
3650 3566 3742 3631 ἀφ’
3783 3559 3860 3618 ὧν

2290 3657 2429 3713 εἶδον
2459 3662 2663 3727 ἀλγεῖν,
2695 3661 2776 3712 ὅτι
2808 3660 2963 3712 αὐτοὶ
2991 3660 3088 3713 οὐκ
3118 3658 3428 3729 ἠξιώθησαν
3456 3656 3633 3724 ὂψεως
3666 3656 3857 3719 αὑτοῦ,

2288 3750 2600 3818 αὐθημερὸν
2632 3748 2986 3817 ἐμφανίζεται
3007 3749 3100 3800 καὶ
3129 3748 3333 3809 αὐτοῖς.
3366 3748 3587 3815 Πρῶτον
3620 3746 3719 3814 μὲν
3748 3747 3860 3814 γὰρ

2290 3838 2564 3904 ἑγύμνασε
2600 3837 2690 3887 τὸν
2729 3836 2891 3887 πόθον
2922 3834 3123 3899 αὐτῶν,
3164 3830 3284 3885 εἷτα
3321 3832 3694 3901 ποθεινότερον
3726 3832 3859 3883 tau-

2288 3932 2378 3983 τὸν
2415 3932 2687 3999 παρέσχεν
2719 3929 2921 3993 αὐτοῖς,
2959 3927 3185 3997 διψῶσιν
3214 3928 3316 3997 ἤδη
3341 3924 3550 3997 αὐτόν]

2360 4118 2589 4184 Οὔσηςι
2622 4115 2694 4169 ὗν
2722 4118 2903 4185 ὀψίας
2926 4146 2997 4157 -
3017 4116 3231 4185 μέσον.
3269 4117 3537 4187 Ἐσπέρας
3558 4112 3751 4186 ἦλθεν,
3774 4118 3860 4170 ὅτε

2288 4211 2487 4277 μᾶλλον
2531 4206 2823 4277 ὲφοὸοὖντο
2863 4208 2955 4259 καὶ
2996 4208 3082 4259 ὅτε
3125 4208 3443 4276 συνήγοντο.
3477 4208 3587 4260 Καὶ
3623 4210 3724 4269 τὰς
3759 4210 3860 4277 μὲν

2285 4302 2454 4371 θύρας
2478 4302 2575 4353 οὐκ
2594 4300 2878 4364 ἐπάταξεν,
2908 4301 2993 4353 ῖνα
3022 4300 3097 4370 μὴ
3120 4300 3511 4369 θορυϐηθῶσιν,
3536 4300 3861 4369 κεκλεισμέ-

2285 4411 2391 4445 νων
2430 4395 2485 4445 δὲ
2519 4392 2787 4461 είσῆλθεν,
2832 4392 2906 4453 ὡς
2943 4392 3095 4455 Θεὸς,
3142 4394 3232 4444 καὶ
3264 4392 3339 4453 ὡς
3374 4390 3572 4443 λετττοῦ
3611 4392 3717 4460 ήδη
3767 4395 3860 4443 καὶ

537 4850 543 4855 -
616 4828 790 4882 Etiam
824 4829 1060 4881 moriens
1102 4844 1289 4898 pacem
1327 4830 1432 4883 illis
1464 4832 1756 4901 reliquerat
1788 4851 1803 4886 :
1838 4833 2052 4900 Pacem,
2096 4840 2180 4891 in-

621 4485 875 4543 tanquam
918 4474 1083 4535 Deus,
1137 4483 1191 4526 et
1224 4473 1377 4541 quasi
1434 4489 1664 4543 corpore
1695 4491 1795 4529 suo
1841 4477 1944 4530 levi
1977 4478 2087 4547 jam
2124 4491 2179 4534 et

2293 4485 2489 4553 κούφου
2510 4487 2604 4537 καὶ
2632 4485 2908 4554 ἀκηράτου
2936 4484 3228 4551 γενομένου
3255 4483 3345 4535 τοῦ
3378 4484 3631 4550 σώματος
3664 4482 3858 4536 αὑτοῦ.

617 4564 799 4617 subtili
831 4578 893 4617 ac
925 4563 1211 4617 immortali
1242 4564 1466 4618 euecto.
1498 4564 1659 4620 Stetit
1686 4576 1867 4621 autem
1895 4568 1949 4621 in
1978 4571 2177 4634 medio,

2293 4576 2455 4643 Ἐστη
2488 4575 2542 4626 δὲ
2574 4576 2652 4635 είς
2682 4574 2745 4627 τὸ
2779 4573 2963 4642 μέσον,
3000 4573 3085 4625 ἴνα
3120 4574 3286 4624 πᾶσιν
3311 4572 3395 4642 εἴη
3424 4572 3635 4635 θεατός.

619 4657 679 4699 ιιι
709 4648 962 4700 omnibus
994 4656 1139 4700 esset
1167 4648 1519 4714 conspicuus.

694 4739 844 4791 Vers.
883 4738 968 4791 £9.
1021 4738 1085 4790 Et
1113 4768 1182 4777 ——
1212 4739 1370 4791 vobis.
1424 4738 1539 4793 Hoc
1577 4750 1679 4803 est,
1733 4756 1802 4795 ne
1859 4746 2177 4800 turbemini.

2349 4748 2459 4802 Καὶ
2494 4780 2557 4789 -
2582 4748 2742 4811 ὑμῖν.
2772 4747 3075 4820 [Ton-4km,
3114 4750 3226 4818 (l3)
3260 4748 3333 4817 μὴ
3369 4748 3709 4819 ταράχθητε.
3748 4752 3860 4805 Καὶ

2278 4840 2634 4910 ἀποθνήσκων
2681 4839 2737 4892 δὲ
2784 4841 3007 4910 εἰρήνην
3056 4840 3265 4908 ἀφῆκεν
3316 4839 3530 4900 αὐτοῖς⁶
3592 4840 3863 4907 Εἰρήνην

616 4922 757 4989 quit,
794 4937 965 4974 meam
1000 4920 1235 4989 relinquo
1260 4920 1401 4973 vobis
1435 4920 1504 4973 ".
1536 4919 1851 4976 Mulieribus
1880 4939 2031 4995 ergo,
2056 4943 2177 4995 quae

2293 4930 2412 4999 γὰρ,
2452 4931 2637 4999 φησὶν,
2670 4929 2883 4999 ἀφίημι
2913 4930 3075 4999 ὑμῖν.
3107 4931 3239 4993 Ταῖς
3265 4932 3365 5002 μὲν
3396 4925 3489 4983 οὖν
3521 4930 3857 5002 μαθητρίαις

615 5009 893 5078 discipulae
933 5017 1107 5073 erant,
1142 5012 1396 5080 gaudium
1428 5019 1554 5063 ante
1601 5026 1819 5065 omnem
1868 5028 2173 5071 sermonem

2293 5021 2458 5092 χαρὰν
2488 5021 2593 5090 πρὸ
2624 5021 2819 5085 παντὴ
2843 5022 2997 5089 λόγου
3024 5022 3256 5076 δέδωκεν
3290 5021 3501 5085 αὐταῖς.
3529 5022 3730 5090 Λύπην
3750 5025 3859 5091 γὰρ

688 5143 733 5173 ’⁸
765 5140 957 5195 Matth.
996 5159 1186 5209 xxviii,
1214 5144 1268 5198 9.
1344 5145 1389 5175 "
1422 5142 1581 5197 Joan.
1614 5160 1722 5209 xiv,
1743 5144 1835 5199 27.

1791 5302 1985 5364 Variae
2008 5303 2314 5366 lectiones
2357 5311 2415 5365 et
2446 5315 2631 5369 nota.

678 5469 765 5540 ’(9)
795 5466 1191 5540 Ἐπιϐεϐαιῶν,
1214 5466 1417 5520 omisso
1439 5466 1527 5540 ξιιτιΔ
1544 5468 1607 5518 Α.

718 5539 800 5606 ιο)
827 5540 914 5598 Δέ,
943 5546 1063 5604 post
1090 5552 1149 5606 τε
1181 5537 1479 5604 interponit
1504 5537 1568 5588 Α.

718 5543 800 5606 10)
827 5543 914 5598 Δέ,
943 5546 1063 5604 post
1090 5552 1149 5587 τε
1181 5543 1354 5604 interp

684 5543 795 5677 ίιι)
830 5606 1040 5660 Inclusa
1061 5605 1255 5659 absunt
1290 5608 1354 5657 A.

2354 5463 2467 5541 (f2)
2503 5471 2714 5526 Inclusa
2753 5472 2951 5527 desunt
2974 5475 3041 5528 Α.

2355 5542 2467 5611 (Ιὸ)
2510 5542 2719 5596 Inclusa
2760 5543 2959 5597 desunt
2986 5545 3046 5597 Α.

676 5763 783 5834 (cc)
834 5764 1031 5829 Nempe
1072 5793 1130 5803 —
1160 5762 1408 5820 Joannes.
1444 5764 1640 5835 Utpote
1695 5764 1851 5820 Petro
1894 5765 2055 5819 etiam
2108 5770 2162 5817 et
2190 5761 2397 5818 Joanne
2431 5758 2930 5831 comprobantibus,
2966 5755 3411 5814 assentientibus.
