4108 6418
625 401 750 464 1491

1835 407 2209 468 EUTUYMtI
2253 411 2613 473 ZIGABENI

3727 419 3853 481 1492

616 525 737 560 mem
775 509 890 565 huic
914 512 1332 582 scripsimus,ita
1368 518 1512 572 enim
1537 527 1590 572 ct
1620 519 1723 574 alia
1755 521 2185 589 scripsissemus,

2295 522 2472 593 φαμεν
2494 541 2508 555 ·
2544 520 2578 595 ἦ
2615 525 2722 595 γὰρ
2752 527 2820 580 ἂν
2855 529 2947 581 καὶ
2975 528 3111 582 ἀλλα
3139 529 3484 600 ἐγράψαμεν,
3524 529 3736 580 πολλῶν
3772 531 3856 581 δν-

613 616 736 652 cum
795 604 962 656 multa
1006 615 1192 660 essent
1236 624 1250 660 :
1293 608 1385 662 sed
1429 611 1494 664 ad
1548 613 1721 665 solam
1779 613 2185 674 necessitatem,

619 702 676 743 ut
705 694 943 747 credatis
973 697 1119 764 quod
1152 697 1239 751 hic
1267 699 1428 753 Jesus
1458 711 1542 754 est
1588 701 1839 756 Christus
1873 701 2040 756 Filius
2070 701 2185 767 Dei,

613 786 702 853 qui
739 802 767 838 ιι
807 786 1086 854 prophetis
1112 795 1469 848 annuntiatus
1498 805 1599 847 est.

683 874 834 931 Vers.
871 879 959 931 3|.
997 875 1064 932 Et
1086 911 1155 922 —
1176 899 1310 951 elus.
1343 885 1453 938 lloc
1481 894 1581 947 est,
1608 900 1703 952 per
1728 899 1878 947 eum,
1915 899 2038 936 nam
2070 883 2187 952 ipse

614 967 718 1018 vita
750 978 832 1020 est
859 985 874 1032 ;
912 971 1098 1037 vitam,
1129 974 1368 1043 inquam,
1399 975 1780 1043 sempiternam
1814 976 2079 1028 habeatis.

683 1057 813 1127 Cap.
856 1059 997 1115 XXI.
1045 1062 1191 1117 Vers.
1255 1066 1306 1118 l.
1337 1065 1524 1118 Postea
1555 1095 1624 1104 —
1650 1066 1961 1118 Tiberiadis.
2005 1066 2189 1131 Neque

613 1149 756 1202 cnim
805 1152 1060 1207 continue
1089 1170 1211 1208 cum
1259 1157 1338 1209 eis
1392 1157 1728 1222 versabatur,
1789 1167 1846 1211 ut
1879 1158 2050 1226 prius,
2085 1157 2184 1210 sed

617 1254 711 1307 per
751 1250 1053 1311 temporum
1102 1245 1378 1300 intervalla
1433 1249 1742 1302 accedebat.
1791 1249 1946 1313 Quod
2006 1258 2187 1302 autem

613 1328 832 1396 dicitur,
889 1331 1271 1404 Manifeslavit,
1337 1348 1391 1390 ct
1447 1341 1726 1407 Apparuit,
1792 1349 1845 1392 ct
1931 1337 2082 1392 Visus
2113 1350 2185 1392 est

613 1434 676 1473 ac
718 1421 935 1486 similia,
998 1427 1299 1481 ostendunt
1359 1433 1509 1496 quod
1567 1431 1718 1498 juxta
1793 1442 2041 1482 naturain
2106 1431 2190 1483 iii-

612 1514 1084 1581 corruptibilitatis
1154 1521 1418 1587 corporis,
1472 1519 1759 1574 invisibilis
1818 1529 1936 1573 erat
1997 1535 2189 1573 corru-

617 1602 902 1670 ptibilibus
957 1608 1180 1660 oculis:
1241 1623 1425 1662 verum
1475 1610 1813 1665 demittendo
1869 1625 1926 1664 se
1978 1620 2033 1664 ct
2081 1609 2191 1664 dis-

613 1697 959 1764 pensatoriel
1006 1700 1476 1756 manifestabatur.
1532 1701 1645 1756 Hoc
1693 1711 1872 1756 autem
1945 1718 2090 1756 mare
2135 1703 2189 1756 in

610 1781 825 1840 Galikea
855 1796 966 1841 erat
986 1804 1008 1854 ς
1029 1789 1213 1844 animo
1242 1792 1505 1860 siquidem
1539 1803 1838 1860 resumpto.
1869 1808 1936 1847 eo
1962 1792 2185 1861 profecti

614 1885 762 1929 sunt.

683 1965 837 2020 Vers.
877 1968 925 2021 1.
957 1967 1320 2039 Mauifestavit
1359 1981 1534 2025 autem
1557 1973 1651 2027 sic.
1673 1972 1741 2026 Ut
1766 1987 1912 2026 nunc
1944 1971 2189 2026 dicturus

608 2065 711 2110 est.

685 2147 836 2203 Vers.
862 2149 915 2203 2.
939 2149 1106 2204 Erant
1132 2183 1198 2192 —
1227 2152 1382 2208 Vers.
1415 2156 1466 2208 5.
1495 2164 1684 2207 tecum.
1709 2153 1841 2207 Nam
1867 2169 1988 2207 cum
2015 2168 2190 2222 neque

611 2253 826 2308 semper
848 2255 972 2294 cum
992 2242 1068 2295 eis
1086 2255 1230 2296 esset
1261 2242 1526 2306 Salvator,
1555 2253 1612 2298 ut
1640 2245 1842 2297 dictum
1870 2252 1982 2308 est,
2011 2259 2188 2313 neque

617 2330 756 2384 alius
775 2331 1409 2389 advenissctParaclctus
1428 2375 1442 2397 ,
1467 2350 1642 2404 neque
1660 2333 1900 2405 perfecte
1933 2335 2012 2388 eis
2039 2349 2190 2389 com-

616 2423 774 2475 missa
790 2431 934 2476 esset
959 2425 1293 2492 prxdicatio,
1326 2441 1447 2479 cum
1467 2427 1602 2480 nihil
1619 2435 1762 2481 esset
1780 2427 1920 2495 quod
1944 2437 2187 2497 agerent,

619 2513 826 2583 reliquo
891 2525 1133 2585 tempore
1167 2517 1533 2580 piscabantur,
1593 2517 1827 2586 priorem
1869 2524 2186 2571 exercentes

610 2612 783 2658 artem
825 2622 840 2658 :
871 2621 1176 2676 quanquam
1207 2622 1314 2660 non
1342 2623 1524 2661 amore.
1560 2608 1690 2660 lucri
1720 2616 1777 2660 ut
1818 2608 1986 2676 prius.

687 2691 836 2750 Vers.
869 2696 922 2749 3.
965 2696 1224 2749 Exierunt
1263 2714 1383 2767 ergo
1410 2699 1684 2751 -—s!atim.
1711 2699 1842 2761 Qua:
1873 2697 2016 2751 Petri
2045 2708 2186 2762 erat,

611 2796 706 2840 aut
725 2787 956 2840 ﬁliorum
989 2787 1260 2852 Zebedmi,
1288 2799 1381 2842 aut
1414 2789 1642 2858 alicujus
1703 2804 1888 2843 eorum
1921 2804 2057 2857 quos
2088 2805 2190 2843 uo-

619 2886 830 2932 verant.

691 2968 847 3025 Vers.
879 2971 932 3025 3.
988 2971 1146 3025 Et—
1190 2974 1341 3026 nihil.
1397 2973 1799 3042 Dispensatorie
1848 2974 1949 3027 hoc
1987 2973 2187 3027 factum

615 3069 723 3126 cst,
761 3061 926 3115 veluti
954 3063 1009 3115 in
1060 3065 1412 3131 sequentibus
1456 3064 1717 3117 dicemus.
1753 3063 2058 3119 Verisimile
2107 3073 2192 3119 est

2291 631 2430 667 των·
2463 617 2600 671 ἀλλά
2638 618 2766 686 πρὸς
2821 621 3010 688 χρείαν
3040 621 3230 690 μόνην,
3268 624 3355 674 ἵνα
3409 622 3744 689 πιστεύσητε
3775 625 3855 674 ὅτι

2305 706 2511 775 Ἰησοῦς
2537 703 2693 772 οὗτός
2727 711 2875 761 ἐστιν
2905 712 2934 763 δ
2982 713 3240 780 Χριστὸς,
3285 714 3314 764 δ
3346 714 3472 777 Υἱὸς
3501 713 3598 766 τοῦ
3641 711 3798 776 Θεοῦ,
3832 717 3857 765 ό

2292 793 2398 846 ὑπὸ
2428 796 2536 847 τῶν
2571 798 2870 866 προφητῶν
2897 801 3424 868 καταγγελλόμενος.

2362 885 2469 938 Kal
2497 918 2562 926 —
2611 889 2818 944 αὐτοῦ.
2854 889 3112 943 Τουτέστι
3169 892 3278 959 (31)
3362 893 3432 945 δι’
3462 892 3627 947 αὐτοῦ
3649 910 3663 924 °
3699 894 3858 958 αὐτὸς

2291 977 2400 1044 γάρ
2432 978 2633 1048 ἐστινὴ
2666 979 2776 1048 ζωή
2803 992 2818 1008 ⁶
2853 980 2998 1051 ζωὴν
3025 982 3079 1034 δὲ
3110 983 3271 1051 ἔχητε
3303 983 3402 1051 τὴν
3439 984 3679 1038 αἰώνιον.

2362 1069 2523 1122 Μετὰ
2542 1069 2725 1122 ταῦτα
2751 1100 2820 1110 -
2852 1070 3207 1140 Τιϐεριάδος.
3237 1076 3312 1126 Οὐ
3342 1077 3450 1142 γὰρ
3483 1076 3660 1128 διόλου
3693 1078 3857 1145 συνῆν

2295 1159 2501 1224 αὐτοῖς,
2535 1159 2610 1222 ὡς
2639 1160 2698 1212 τὸ
2732 1159 3022 1230 πρότερον,
3057 1162 3174 1215 ἀλλ’
3201 1165 3265 1214 ὲκ
3307 1164 3705 1232 διαλείμματος
3731 1168 3858 1217 ἑπε-

2290 1249 2474 1318 δήμει.
2502 1249 2574 1302 Τὸ
2620 1250 2675 1302 δὲ
2746 1252 3119 1320 Ἐφανέρωσε
3165 1253 3300 1322 (52),
3360 1255 3454 1306 καὶ
3499 1254 3724 1324 Ἒφάνη
3768 1259 3858 1311 καὶ

2296 1338 2483 1406 Ὄρθη
2519 1339 2613 1392 καὶ
2643 1341 2711 1392 τὰ
2734 1341 2958 1397 τοιαῦτα
2998 1331 3392 1412 ὗποφαίνουσιν
3416 1345 3500 1398 ὅτι
3548 1346 3694 1398 κατά
3745 1348 3856 1414 (53)

2291 1431 2389 1500 τὴν
2421 1432 2584 1502 φύσιν
2608 1434 2710 1502 τῆς
2755 1433 3064 1504 ἀφθαρσίας
3107 1435 3202 1487 τοῦ
3238 1434 3492 1505 σώματος
3539 1437 3753 1506 ἀφανὴς
3792 1432 3857 1506 ἦν

2295 1525 2557 1592 φθαρτοῖς
2584 1525 2914 1593 δφθαλμοίς’
2952 1525 3438 1591 συγκαταδατικῶς
3469 1527 3525 1579 δὲ
3579 1529 3674 1580 καὶ
3715 1530 3854 1579 olito-

2293 1614 2531 1680 νομικῶς
2557 1614 2907 1683 ἐφανεροῦτο.
2957 1617 3020 1668 Ἠ
3060 1616 3303 1669 Θάλασσα
3326 1618 3382 1668 δὲ
3409 1617 3550 1686 αὕτη
3574 1618 3634 1669 ἂν
3659 1620 3723 1686 τῇ
3752 1620 3857 1671 Γα-

2294 1704 2476 1775 λιλαίᾳ
2502 1702 2589 1776 ἦν.
2634 1707 3144 1779 ’Δναθαρρήσαντες
3170 1709 3279 1779 γὰρ
3307 1710 3551 1777 ἀπῆλθον
3574 1711 3711 1763 ἐκεῖ.

2373 1976 2750 2043 Ἐφανέρωσε
2777 1976 2844 2030 δὲ
2883 1977 3094 2043 οὕτως.
3130 1977 3221 2041 ’ος
3252 1978 3390 2047 ὲρεῐ.

2360 2143 2566 2202 Ἶισαν
2587 2179 2655 2189 --
2685 2151 2808 2202 σύν
2828 2167 2947 2204 σοι.
2988 2153 3141 2220 Mign
3186 2151 3295 2221 γὰρ
3343 2150 3438 2204 τοῦ
3471 2152 3724 2223 Σωτῆρος
3752 2154 3863 2207 διό·

2288 2236 2380 2288 λου
2417 2239 2669 2301 συνόντος
2723 2240 2926 2302 αὐτοῖς.
2983 2241 3058 2302 ὡς
3101 2240 3338 2310 εῐρηται,
3385 2245 3521 2310 μήτε
3555 2242 3650 2294 τοῦ
3703 2243 3858 2296 ἄλλου

2289 2327 2645 2396 Παρακλήτου
2666 2329 2929 2392 ἐλθόντος,
2959 2331 3097 2400 μήτε
3125 2331 3219 2383 τοῦ
3249 2333 3610 2404 κηρύγματος
3637 2335 3864 2397 ἐντελῶς

2289 2417 2724 2486 ἐγχειρισθέντος
2753 2421 2955 2484 αὐτοῖς,
2994 2422 3147 2474 οὐδὲν
3172 2423 3390 2491 ἔχοντες
3436 2423 3720 2492 πράττειν,
3747 2424 3862 2476 λοι-

2290 2507 2389 2560 πὸν
2431 2508 2667 2576 ὴλίευον,
2701 2511 2798 2580 τὴν
2832 2512 3103 2580 προτέραν
3128 2515 3523 2584 μετερχόμενοι
3560 2514 3778 2585 τέχνην,
3816 2517 3864 2567 εἰ

2289 2598 2386 2650 καὶ⁵
2419 2599 2494 2668 μὴ
2525 2598 2857 2668 φιλοκερδῶς
2883 2601 2958 2663 ὡς
2987 2603 3040 2654 τὸ
3068 2606 3218 2674 πρίν.

2374 2691 2672 2760 Ἐξῆλθον
2699 2690 2814 2748 οὖν
2862 2725 2932 2735 -
2956 2697 3158 2762 εὺθὺςο
3209 2698 3302 2760 Et:
3330 2697 3386 2750 τὸ
3420 2699 3515 2752 τοῦ
3540 2700 3768 2770 Πέτρουν
3811 2699 3865 2770 [ἦ

2290 2785 2350 2837 τὸ
2373 2785 2480 2838 τῶν
2514 2785 2625 2855 (34)
2658 2785 2791 2838 υίῶν
2819 2785 3129 2851 Ζεϐεδαίου,
3162 2789 3195 2858 η
3221 2804 3366 2852 τινος
3396 2790 3506 2841 τῶν
3523 2788 3868 2862 γνωρίμων.]

2363 2966 2472 3018 Kal
2524 2995 2593 3005 —
2664 2966 2868 3020 οὐδέν.
2921 2969 3059 3020 Κατ’
3115 2967 3454 3036 οἰκονομίαν,
3501 2969 3578 3032 ὡς
3633 2969 3869 3040 ἐροῦμεν

2294 3058 2591 3127 προϊόντες.
2625 3057 2782 3122 Εἰκὸς
2805 3059 2859 3110 δὲ
2887 3058 2978 3110 καὶ
3007 3047 3133 3122 τοὺς
3181 3059 3375 3122 ἀλλους
3413 3060 3696 3128 μαθητὰς,
3735 3061 3815 3122 ὡς
3844 3063 3870 3112 6

617 3163 821 3218 autem,
847 3154 982 3208 alios
995 3156 1518 3224 quoquediscipulos
1537 3159 1776 3210 terrestri
1800 3157 1993 3210 itinere
2020 3157 2186 3212 fuisse

2295 3149 2678 3218 Χρυσόστομος
2707 3150 2820 3218 (55)
2852 3152 3097 3219 εῐρηκεν,
3127 3149 3230 3215 ἔξω
3257 3149 3369 3219 (36)
3402 3149 3738 3214 ἀκολουθεῖν,
3774 3152 3871 3219 xiv

614 3253 852 3306 secutos,
885 3244 1026 3299 sicut
1044 3246 1118 3299 ait
1141 3245 1583 3314 Cbrysostomns,
1627 3248 1828 3299 amoris
1860 3248 2054 3315 gratia,
2094 3256 2180 3302 ut-

615 3349 722 3401 que
754 3344 1082 3404 spectatores
1120 3345 1324 3400 essent,
1349 3351 1410 3388 ac
1428 3336 1595 3405 probe
1624 3336 1800 3390 otium
1833 3338 2189 3401 collocarent,

617 3439 673 3482 et
713 3429 874 3483 simul
909 3445 1031 3484 cum
1071 3429 1150 3484 eis
1189 3436 1589 3500 pernoctarent.

689 3514 845 3568 Vers.
869 3517 922 3568 4.
944 3514 1101 3569 Mane
1117 3546 1187 3556 —
1209 3530 1357 3570 esset.
1388 3515 1674 3577 Fortassis,
1693 3514 1836 3583 quod
1855 3516 2194 3584 splendidio-

621 3603 668 3657 ri
701 3615 984 3672 appareret
1006 3605 1206 3674 specie,
1231 3616 1451 3674 propter
1476 3605 2059 3671 imniortalitatcm,aut
2087 3607 2196 3660 dis-

622 3695 933 3762 pensatorie
957 3695 1026 3749 ab
1053 3696 1132 3750 eis
1155 3699 1407 3764 cognitus
1439 3711 1547 3748 non
1571 3704 1673 3749 est.

697 3788 845 3842 Vers.
890 3788 943 3842 3.
983 3788 1119 3842 Dicit
1152 3819 1219 3828 —-
1244 3791 1440 3842 habetis
1464 3789 1485 3841 ?
1506 3789 1719 3850 Παιδία,
1752 3789 1803 3842 id
1835 3799 1951 3854 est,
1997 3804 2196 3858 pueros

621 3877 743 3932 illos
775 3879 986 3932 vocavit
1017 3881 1165 3948 juxta
1200 3879 1673 3934 consuetudinem.
1727 3879 1891 3933 Moris
1922 3880 2191 3949 siquidem

621 3977 739 4022 erat
765 3970 836 4023 ita
853 3974 1131 4039 operarios
1160 3971 1682 4040 appellare,pr0pter
1705 3971 1918 4024 illorum
1940 3973 2104 4025 robur
2122 3987 2186 4026 ac

622 4061 1004 4113 strenuitatem
1040 4061 1107 4113 ad
1143 4061 1374 4117 labores.
1405 4061 1669 4132 Loquitur
1711 4073 1890 4117 autem
1928 4079 2052 4117 cum
2094 4065 2194 4128 eis,

622 4150 775 4219 quasi
810 4149 994 4204 volens
1022 4151 1222 4220 aliquid
1247 4153 1313 4206 ab
1339 4154 1418 4207 eis
1447 4170 1653 4210 emere.

696 4239 845 4294 Vers.
874 4239 926 4293 5.
954 4239 1362 4308 Responderunt.
1392 4274 1459 4284 —-—
1491 4243 1642 4300 Vers.
1672 4244 1727 4299 6.
1761 4249 2050 4300 invenietis.
2090 4244 2200 4300 Nec

622 4326 802 4380 adhuc
832 4339 1205 4397 cognoverunt
1232 4345 1356 4384 eum
1388 4347 1535 4396 esse,
1587 4333 1729 4402 quod
1765 4343 1944 4388 tamen
1976 4349 2071 4389 eos
2116 4335 2202 4388 in-

2295 3256 2380 3308 ριν
2407 3256 2467 3293 τε
2500 3241 2724 3308 ἀγάπης
2776 3243 2871 3294 καὶ
2903 3240 3032 3304 θέας
3068 3243 3166 3311 τὴν
3203 3241 3402 3310 σχολὴν
3451 3235 3511 3292 εὖ
3557 3239 3873 3308 διατιθεμίο

2293 3346 2438 3395 νους,
2470 3334 2563 3384 καὶ
2596 3333 3132 3403 συνδιανυκτερεύειν
3165 3335 3372 3395 αὐτοῖς.

2371 3512 2605 3577 Πρωτας
2639 3540 2706 3550 -
2743 3511 2935 3566 ἐστιν.
2967 3512 3126 3573 Ἴσως
3175 3509 3270 3564 τοῦ
3309 3510 3484 3572 εἴδους
3524 3508 3692 3563 αὐτοῦ
3733 3510 3875 3578 λαμ·

2296 3601 2565 3670 προτέρου
2599 3601 2928 3670 φαινομένου
2985 3602 3074 3654 διὰ
3121 3601 3220 3671 τὴν
3284 3600 3620 3670 ἀφθαρσίαν,
3662 3601 3695 3670 ῆ
3752 3601 3872 3654 κατ’

2295 3693 2606 3758 οῗκονομίαν
2640 3694 3003 3760 ἀγνοουμένου
3034 3693 3238 3754 αὐτοῖς.

2367 3782 2538 3849 Λέγει
2581 3811 2652 3821 -
2715 3782 2922 3848 exere;
2975 3782 3174 3834 Παιδία
3244 3780 3468 3844 τούτους
3520 3781 3775 3844 ἐκάλεσε,
3810 3784 3872 3850 τῇ

2301 3871 2564 3940 συνηθείᾳ.
2615 3871 2983 3940 χρησάμενος.
3020 3871 3183 3934 Ἐθος
3213 3872 3320 3941 γὰρ
3379 3872 3508 3933 τοὺς
3549 3870 3875 3943 ἐργατικοὺς

2298 3960 2470 4024 οὕτως
2500 3959 2789 4029 ὀνομάζειν
2851 3961 2938 4014 διὰ
2971 3963 3029 4014 τὸ
3062 3963 3198 4030 πρὸς
3230 3963 3356 4024 τοὺς
3389 3963 3590 4023 πόνους
3635 3963 3876 4031 ἀκμαῖόν

2297 4069 2358 4105 τε
2407 4053 2502 4106 καὶ
2558 4055 2807 4106 νεανικὸν
2837 4054 3039 4108 αὐτῶν.
3102 4053 3425 4121 Διαλέγεται
3458 4053 3515 4105 δὲ
3562 4053 3775 4119 αὐτοῖς,
3805 4053 3877 4115 ὡς

2301 4142 2470 4196 θέλων
2498 4143 2659 4212 δῆθεν
2686 4145 2815 4213 παρ’
2848 4143 3028 4197 αὐτῶν
3058 4143 3313 4197 ὠνεῖσθαί
3333 4162 3410 4198 τι.

2383 4233 2816 4301 Ἀπεκρίθησαν
2854 4263 2924 4275 —
2948 4235 3258 4302 εὑρήσετε.
3307 4237 3417 4289 Καὶ
3446 4235 3600 4289 οὕτω
3635 4240 3879 4303 συνῆκαν

2307 4323 2391 4378 ὅτι
2423 4324 2587 4384 αὑτός
2627 4327 2794 4378 ιστιν.
2845 4325 3044 4394 Ἐχρῆν
3085 4327 3140 4378 δὲ
3184 4327 3454 4380 συνιέναι.
3494 4327 3619 4390 Πῶς
3668 4330 3782 4398 γὰρ
3816 4330 3878 4382 ἂν

623 4417 868 4487 telligere
896 4421 1159 4488 Oportuit.
1183 4420 1315 4476 Nam
1336 4425 1607 4492 quomodo
1638 4426 1875 4495 vulgaris
1909 4425 2072 4481 homo
2105 4436 2189 4481 aut

2304 4415 2481 4476 κοινὸς
2515 4414 2806 4484 ἄνθρωπος
2859 4415 3027 4485 εἰδείη
3073 4418 3157 4470 ὅτι
3209 4417 3496 4486 βάλλοντες
3519 4422 3601 4480 εἰς
3633 4420 3702 4471 τὰ
3731 4419 3877 4484 δεξιά

629 4509 821 4564 socius
861 4511 913 4565 id
949 4527 1114 4568 nosse
1137 4516 1445 4584 potuisset,
1488 4519 1632 4586 quod
1682 4519 1943 4586 jacientes
1971 4520 2026 4572 in
2071 4519 2189 4574 des-

2307 4508 2448 4576 μέρη
2475 4508 2570 4560 τοῦ
2604 4508 2792 4562 πλοίου
2818 4509 3150 4579 εύρήσουσι;
3187 4511 3395 4579 Ῥητῶς
3427 4511 3486 4565 δὲ
3516 4513 3598 4574 είς
3627 4513 3702 4564 τὰ
3723 4512 3876 4578 δεξιά

627 4611 799 4655 teram
849 4603 1048 4672 navigii
1097 4615 1326 4674 partem.
1366 4608 1639 4662 inventuri
1675 4610 1884 4664 essent?
1930 4609 2189 4678 Expressa

2305 4599 2488 4670 βαλείν
2520 4602 2802 4668 ἐπέταξεν,
2832 4604 2917 4656 ἵνα
2938 4602 3014 4673 μὴ
3039 4604 3182 4658 κατά
3206 4603 3378 4676 τύχην
3408 4607 3440 4676 ἡ
3474 4606 3626 4675 ἀγρα
3655 4605 3809 4680 δόξῃ.

623 4703 807 4748 autem
826 4694 893 4748 ad
913 4695 1194 4750 dexteram
1215 4697 1397 4765 jacere
1416 4700 1690 4769 praecepit,
1715 4715 1782 4755 ne
1801 4700 2023 4754 fortuita
2046 4701 2197 4756 vide-

626 4797 780 4843 retur
812 4799 1057 4861 captura.

698 4882 849 4936 Vers.
882 4882 936 4938 6.
956 4883 1196 4938 Jecerunt
1227 4885 1423 4953 itaque.
1452 4882 1784 4951 Simpliciter
1813 4884 2196 4952 obtemperan-

629 4983 730 5028 tes:
756 4984 847 5028 aut
873 4975 1136 5037 arbitrati,
1161 4975 1314 5045 signo
1338 4975 1590 5043 quopiam
1639 4974 1786 5028 illum
1825 4990 1985 5028 nosse
2022 4976 2199 5043 pisces

626 5064 836 5130 aliquos
890 5065 962 5119 ibi
1002 5073 1217 5128 natare,
1264 5064 1325 5133 (ἦ
1361 5073 1454 5118 aut
1491 5064 1654 5118 etiam
1689 5063 1890 5118 vidisse
1921 5063 2200 5117 exsultan-

631 5154 759 5222 tes).

2379 4872 2638 4925 'E€u.lor
2658 4868 2791 4928 οὖν.
2826 4871 3072 4945 [Ἃπλῶς
3104 4872 3217 4943 (57)
3251 4871 3694 4937 ὑπακούσαντες,
3723 4873 3756 4943 ἢ
3790 4871 3880 4927 καὶ

2309 4963 2756 5026 ὑποπτεύσαντες
2795 4964 2958 5016 αὑτὸν
3000 4967 3294 5034 τεκμηρίῳ
3321 4967 3431 5017 τινὶ
3479 4963 3693 5032 γνῶναί
3731 4979 3880 5026 τινας

2311 5053 2499 5122 ἰχθύας
2532 5054 2652 5108 ἐκεῖ
2679 5053 3133 5125 διανηχομένους,
3162 5055 3193 5125 ἢ
3227 5055 3341 5125 (38)
3367 5056 3462 5109 καὶ
3502 5055 3637 5109 ίδεῖν
3667 5056 3879 5124 ἀναπηο

2307 5143 2630 5215 δήσανταςᾷ

1799 5315 1994 5375 Variae
2040 5316 2343 5378 lectiones
2383 5322 2443 5378 et
2481 5323 2668 5378 notua.

2373 5469 2484 5537 (35)
2515 5469 2578 5522 Τ.
2614 5467 2752 5531 Vill,
2782 5483 2834 5536 p.
2869 5467 2964 5522 52I
3005 5471 3071 5524 A.

2373 5539 2484 5606 l36)
2520 5538 2759 5604 Ἐξωθεν
2796 5538 2856 5591 Β.

705 5465 816 5532 (31)
847 5463 970 5518 lianc
1015 5467 1182 5520 codex
1210 5466 1251 5518 Α
1281 5467 1351 5518 ita
1379 5465 1650 5520 contrahit
1674 5483 1685 5519 :
1712 5465 1780 5518 δι’
1801 5464 1964 5519 αὐτοῦ
1989 5464 2042 5518 δὲ
2067 5465 2207 5519 δίδο-

633 5550 723 5587 ται
747 5537 840 5605 καὶ
879 5534 992 5605 ζωή
1018 5535 1258 5598 αἰώνιος.

705 5604 816 5672 (52)
881 5604 1231 5674 Ἐφανερὼθη
1275 5605 1335 5656 Α.

2373 5604 2485 5669 (57)
2519 5608 2728 5662 Inclusa
2760 5609 2962 5662 absunt
2989 5609 3057 5661 Α.

859 5677 992 5751 -ῘΓήΑν
1031 5678 1182 5751 abest
1207 5677 1270 5728 A.
1300 5745 1311 5751 _
1338 5744 1350 5751 -
1414 5741 1424 5751 _
1503 5743 1514 5751 _
2077 5746 2086 5751 _

2344 5679 2482 5751 Δ(38)
2514 5678 2595 5732 Ab
2647 5678 2778 5748 ἧσαι
2831 5677 3290 5749 ἀναπηδήσαντας
3335 5680 3602 5735 omiserat
3671 5680 3873 5740 llcntc~

708 5745 820 5808 (54)
852 5744 1081 5799 Omissis
1139 5761 1260 5812 qua:
1300 5744 1386 5797 hic
1414 5743 1615 5798 inclu;a
1655 5754 1801 5806 sunt,
1853 5760 2043 5801 corum
2077 5746 2195 5799 loco
2299 5748 2444 5802 nius.

642 5823 850 5873 uniuni
891 5817 1050 5870 habet
1078 5816 1259 5872 πλοῖον
1292 5819 1350 5870 Α.
