4068 6388
227 349 368 416 1493

1125 358 1499 421 COMMENT.
1545 359 1628 420 IN
1664 358 2041 424 JOANNEM.
2070 388 2138 397 -
2177 364 2334 425 CAP.
2377 366 2539 426 XXI.

3337 370 3472 436 H94

303 467 406 518 Kal
439 468 550 520 οὐκ
601 467 690 522 ἔτι
727 498 794 510 -
831 471 1073 540 ίχθύων.
1111 472 1370 534 Ἀπόντος
1411 472 1511 542 μὲν
1551 473 1645 526 τοῦ
1681 473 1798 527 Σω-

1978 473 2128 530 Vers.
2159 477 2211 530 6.
2256 477 2321 530 Et
2335 481 2456 546 jam
2490 497 2592 534 non
2612 510 2680 520 —
2705 483 2948 552 piscium.
2982 483 3225 540 Absente
3254 487 3474 555 quidem

223 555 414 624 τῆρος,
443 556 596 611 οὐδὲν
614 559 852 611 ἐπίασαν
880 601 895 626 ,
955 561 1221 631 παρόντος
1279 562 1356 628 δὲ,
1400 563 1601 634 πλῆθος
1645 565 1798 618 συνέο

223 646 491 711 κλεισαν,
535 649 621 700 ἵνα
671 649 889 718 γνῶμεν
929 652 1011 705 ὅτι
1063 653 1235 723 χωρὶς
1268 653 1367 721 μὲν
1425 653 1590 707 αὑτοῦ
1642 655 1798 708 οὐδὲν

221 735 504 805 ὠφέλιμον
531 738 770 808 ἀνὺομεν
797 779 812 803 ,
849 743 947 794 σὺν
968 742 1118 811 αὑτῷ
1140 743 1217 805 δὲ,
1241 743 1432 797 πολλά.
1466 745 1589 815 Χρὴ
1616 748 1800 799 τοίνυν

221 825 346 884 ταῖς
378 825 623 888 ἐντολαῖς
655 827 820 880 αὑτοῦ
853 829 1210 898 πειθομένους
1245 834 1428 884 πονεῖν
1459 833 1551 885 καὶ
1583 832 1800 902 βάλλειν

222 916 304 975 είς
328 914 395 966 τὰ
424 910 571 980 δεξιά
593 933 610 946 ο
651 917 805 969 τοῦτο
827 918 935 988 γάρ
961 919 1021 972 τὸ
1051 921 1219 989 μέρος
1240 923 1546 976 ἐπαινετόν.

300 1094 570 1162 [Ζήτησον
600 1095 711 1165 (59)
755 1099 846 1149 καὶ
871 1099 928 1149 ὲν
963 1099 1039 1167 τῷ
1090 1099 1362 1172 ἑνδεκάτῳ
1393 1103 1675 1174 κεφαλαίῳ
1702 1106 1797 1158 τοῦ

226 1184 372 1235 κατὰ
430 1187 645 1237 Λουκάν
705 1187 798 1251 τό·
840 1189 1087 1255 Ὁμοίως
1132 1191 1199 1243 δὲ
1241 1192 1338 1245 καί
1392 1195 1662 1249 Ἰάκωϐον
1701 1198 1799 1251 καί

241 1272 544 1338 Ἰωάννην,
571 1273 740 1339 υἱοὺς
770 1275 1111 1342 Ζεϐεδαίου,
1153 1278 1209 1331 οἳ
1235 1276 1396 1349 ἦσαν
1421 1288 1693 1340 κοινωνοί
1722 1288 1800 1353 τῷ

225 1362 467 1428 Σίμωνι,
502 1364 594 1414 καὶ
630 1367 697 1418 τὰ
751 1365 899 1433 ἑξῆς,
947 1367 1043 1419 καὶ
1076 1370 1349 1437 ἀνάγνωθι
1407 1375 1504 1443 τὴν
1538 1375 1802 1447 ὲξήγησ.ν

225 1451 432 1504 αὐτῶν.
468 1454 740 1525 Εὑρήσεις
769 1457 878 1526 γάρ
912 1458 1228 1532 ἀναγωγὴν,
1263 1463 1408 1517 πάνυ
1443 1469 1558 1530 τοῖς
1591 1473 1804 1541 παροῦ-

227 1559 315 1593 σιν
349 1544 743 1617 άρμὸζουσαν.]

299 1637 470 1702 Λέγει
502 1667 573 1677 --
604 1639 756 1693 ἐστι.
784 1640 955 1694 Τοῦτο
1006 1645 1186 1706 συνεὶς
1222 1647 1330 1700 ἀπὸ
1370 1651 1468 1716 τῆς
1521 1654 1797 1723 εὐτυχίας,

228 1723 324 1775 καὶ
354 1726 448 1778 τοῦ
477 1731 900 1795 συγκεκλεῖσθαι
952 1732 1067 1804 (40)
1098 1737 1222 1799 τοὺς
1257 1739 1467 1808 ἰχθύας,
1521 1743 1712 1816 ὥσπερ
1742 1747 1804 1811 ἐξ

227 1812 623 1885 ἐπιτάγματος.

301 1907 498 1974 Σίμων
527 1942 594 1952 —-
619 1913 963 1974 θάλασσαν.
1002 1923 1468 1996 Διορατικὼτερος
1499 1927 1601 1996 μὲν
1628 1930 1656 1983 ό
1692 1930 1804 1984 Ἰω-

230 1994 399 2088 άννης
443 2005 734 2075 περιουσίᾳ
798 2008 1220 2081 καθαρότητος,
1282 1994 1611 2088 θερμότερος
1668 2021 1723 2073 δὲ
1776 2025 1804 2076 ό

228 2085 437 2178 Hispo;
470 2094 793 2165 σφοδρότητι
821 2099 1068 2170 φίλτρου.
1102 2106 1194 2156 Διὸ
1225 2108 1483 2177 γνωρίζει
1508 2085 1607 2178 μὲν
1639 2114 1802 2165 αὐτὸν

226 2175 256 2222 ὁ
296 2175 572 2248 Ἰωάννης,
605 2185 712 2252 πρὸ
753 2186 848 2238 τοῦ
893 2189 1098 2260 Πέτρου
1122 2208 1139 2227 ο
1181 2175 1351 2259 ἔξεισι
1377 2198 1434 2248 δὲ
1476 2175 1612 2270 πρὸς
1639 2204 1803 2256 αὑτὸν

228 2267 495 2362 όΠέτρος
552 2275 659 2343 πρὸ
714 2277 807 2329 τοῦ
864 2280 1141 2336 Ἰωάννου.
1207 2284 1472 2351 ’Δκούοας
1500 2267 1610 2362 γάρ
1643 2294 1804 2361 μόνον

229 2359 315 2411 ὅτι
345 2361 372 2411 ὁ
409 2363 614 2432 Κύριός
651 2369 788 2434 ἐστι,
832 2373 1017 2441 ῥίπτει
1044 2375 1112 2426 τὰ
1135 2377 1190 2429 ἐν
1219 2380 1405 2449 χερσὶν
1446 2382 1670 2448 εὐθέως,
1711 2390 1805 2441 καὶ

234 2451 312 2521 μὴ
346 2454 645 2523 ἀναμείνας
681 2461 758 2531 τῷ
791 2463 1060 2536 πλοιαρίῳ
1089 2465 1346 2536 ἐξελθεῖν,
1391 2473 1574 2542 βάλλει
1612 2478 1805 2533 ἑαυτὸν

233 2544 315 2604 εἰς
337 2543 433 2614 τὴν
465 2547 740 2603 θάλασσαν
771 2553 858 2606 διὰ
891 2556 950 2606 τὸ
970 2558 1131 2626 τάχος
1165 2560 1262 2628 τῆς
1291 2559 1637 2628 ἐξελεύσεως.

310 2635 414 2731 ΪΓὸν
448 2637 793 2731 ἐπενδύτην
836 2645 893 2697 δὲ
934 2649 1184 2716 χιτώνιόν
1228 2653 1280 2704 τί
1313 2671 1480 2721 φασιν
1512 2659 1624 2728 (41)
1658 2663 1807 2731 ἀχει-

240 2723 464 2818 ρίδωτον
485 2730 615 2799 ἄχρι
646 2735 888 2800 γονάτων
912 2743 1284 2808 περιστέλλον.
1311 2723 1547 2818 Σύνηθες
1576 2723 1631 2804 δὲ
1650 2723 1807 2807 τοίίτο

237 2817 355 2878 τοῖς
391 2817 842 2890 θαλαττεύουσιν,
874 2827 1192 2900 εὑκινησίαν
1247 2834 1365 2903 ἅμα
1399 2817 1492 2890 καὶ
1530 2841 1805 2910 εὐσχημοσ-

238 2906 409 2976 σύνην
467 2911 654 2975 αὐτοῖς
683 2918 835 2985 παρὰ
884 2920 962 2986 τῷ
997 2919 1151 2975 ὕδατι
1192 2927 1667 2996 περιποιούμενον.
1710 2933 1811 2985 Γυ-

245 3000 380 3067 μνὸς
411 3003 511 3070 μὲν
543 3005 635 3057 οὖν
657 3003 724 3078 ἦν
748 3010 846 3080 τῆς
891 3011 1055 3081 ἄλλης
1090 3015 1280 3086 στολῆς
1323 3019 1515 3087 αὑτοῦ,
1542 3023 1730 3078 τοῦτον
1754 3027 1808 3080 δὲ

1908 562 2186 620 Salvatore
2207 569 2343 621 nihil
2378 579 2660 639 ceperunt,
2699 583 2964 641 praesente
2993 590 3121 628 vero
3169 575 3477 631 multitudi-

1905 671 2032 710 nem
2067 659 2479 726 eoneluserunt,
2535 671 2594 716 ut
2621 678 3012 734 cognoscamus
3049 665 3193 734 quod
3224 665 3344 719 sine
3383 665 3477 718 illo

1901 746 2036 801 nihil
2058 752 2200 819 quod
2227 751 2354 804 utile
2383 753 2476 816 sit,
2508 754 2848 822 perlicimus:
2879 770 3004 808 cum
3031 771 3097 810 eo
3121 765 3326 817 autem,
3354 756 3478 823 plu-

1900 838 2056 892 rima.
2096 844 2320 910 Oportet
2347 856 2479 909 ergo
2511 851 2568 895 ut
2595 844 2878 912 pneceptis
2907 845 3025 912 ejus
3041 843 3360 898 obedientes
3386 844 3468 898 la-

1903 929 2182 994 boremus,
2215 942 2270 985 et
2303 931 2368 986 ad
2392 933 2670 986 dexteram
2704 935 3011 1003 iaciamus;
3045 953 3170 990 nam
3207 937 3321 989 hzec
3357 951 3480 999 pars

1903 1021 2047 1076 laudi
2074 1023 2253 1076 datur.

1971 1112 2161 1174 Quare
2182 1120 2357 1166 autem
2374 1121 2427 1166 et
2445 1113 2888 1182 undecimojuxta
2911 1114 3108 1172 Lucam
3129 1116 3323 1185 capite.
3339 1115 3483 1184 quod

1902 1194 2123 1254 dicitur:
2175 1202 2432 1255 Similiter
2499 1215 2676 1256 autent
2738 1215 2786 1257 et
2831 1205 3081 1258 Iacobum
3136 1217 3183 1260 et
3230 1207 3484 1260 Joannem

1904 1293 2040 1360 filios
2077 1293 2332 1357 Zebedwi,
2396 1298 2484 1363 qui
2509 1311 2656 1349 erant
2701 1301 2830 1350 socii
2867 1298 3098 1352 Simonis
3121 1300 3166 1360 ’,
3191 1307 3482 1359 etetctera,

1904 1397 1967 1436 ac
2003 1385 2217 1438 illorum
2261 1387 2378 1456 lege
2423 1389 2851 1440 enarrationem.
2888 1390 3142 1443 Invenies
3171 1389 3313 1442 enim
3346 1404 3482 1442 ana-

1904 1475 2090 1545 gogica
2127 1479 2487 1545 prtesentibus
2512 1479 2806 1533 admodum
2841 1495 3110 1549 congrua.

1972 1653 2126 1709 Vers.
2160 1657 2210 1709 7.
2245 1655 2382 1709 Dicit
2415 1687 2484 1697 —
2508 1667 2604 1711 est.
2625 1655 2670 1710 Α
2699 1673 2962 1727 prospero
2992 1659 3043 1714 id
3078 1673 3277 1717 eventu
3324 1665 3487 1719 intel-

1904 1747 2096 1817 ligens.
2135 1756 2189 1799 et
2220 1745 2362 1816 quod
2411 1757 2663 1816 tanquam
2685 1765 2751 1801 ex
2775 1749 2917 1802 illius
2947 1749 3100 1816 jussu
3133 1755 3372 1808 conclusi
3398 1770 3488 1809 es-

1912 1847 2033 1892 sent
2061 1839 2255 1906 pisces.

1985 1928 2138 1982 Vers.
2160 1930 2210 1980 7.
2231 1926 2498 1982 Simon—
2521 1945 2689 1982 mare.
2718 1929 3090 2000 Perspicacior
3119 1932 3339 2002 quidem
3367 1943 3488 1986 erat

1910 2021 2147 2076 Joannes
2176 2019 2549 2090 magnitudine
2591 2022 2860 2088 puritatis.
2891 2023 3081 2079 Petrus
3105 2043 3230 2081 vero
3275 2028 3492 2081 ferven-

1914 2114 2024 2165 tior
2048 2112 2386 2165 vehementia
2411 2113 2633 2165 amoris:
2669 2113 2791 2166 ideo
2820 2114 3070 2183 agnoscit
3098 2119 3315 2184 quidem
3363 2133 3490 2169 eum

1910 2203 2148 2257 Joannes
2177 2213 2301 2256 ante
2339 2201 2583 2265 Petrum,
2610 2203 2704 2256 sed
2730 2206 3006 2273 egreditur
3031 2207 3094 2257 ad
3127 2222 3250 2260 eum
3296 2207 3490 2260 Petrus

1913 2304 2036 2348 ante
2058 2293 2344 2347 Joannem.
2375 2293 2478 2348 Ubi
2498 2296 2640 2347 enim
2666 2293 2842 2348 solum
2869 2296 3132 2363 audisset,
3154 2312 3184 2350 e
3217 2313 3274 2351 se
3305 2299 3493 2351 Domi-

1914 2401 2065 2449 num,
2111 2385 2393 2439 confestim
2424 2399 2543 2454 qua
2582 2385 2636 2436 in
2663 2385 2915 2438 manibus
2937 2395 3113 2450 erant,
3141 2388 3492 2455 projicit,nec

1914 2475 2190 2529 sustinens
2220 2484 2278 2527 ut
2294 2476 2510 2544 navigio
2531 2475 2596 2528 ad
2617 2489 2741 2528 eum
2767 2475 3097 2544 perveniret,
3119 2491 3237 2531 sese
3261 2477 3316 2531 in
3337 2494 3488 2533 mare

1909 2567 2042 2634 jaeit
2072 2580 2180 2633 quo
2209 2565 2370 2619 citius
2409 2565 2714 2619 accederet.

1998 2657 2323 2726 Ἐπενδύτην
2345 2667 2525 2711 autem
2557 2657 2678 2728 (pro
2698 2673 2805 2726 quo
2833 2659 3064 2712 tunicam
3088 2659 3368 2725 vertimus)
3401 2675 3497 2714 vo-

1917 2757 2010 2802 ant
2042 2749 2334 2803 tuniculam
2373 2750 2659 2818 quamdatn
2677 2750 2904 2804 manicis
2935 2759 3498 2818 carentcm,qu:ecor-

1915 2858 2018 2911 pus
2053 2842 2117 2894 ad
2145 2856 2314 2910 genua
2343 2857 2515 2905 usque
2533 2850 2782 2909 contegat
2812 2858 2827 2907 ;
2860 2852 2912 2894 et
2941 2840 3042 2893 hac
3072 2841 3382 2904 utebantur,
3402 2842 3494 2910 qui

1919 2933 1975 2985 in
2005 2933 2138 2985 mari
2163 2931 2447 3001 degebant.
2468 2929 2600 2984 Nam
2626 2931 2786 2984 simul
2809 2941 2864 2983 et
2887 2930 3174 3000 agilitatem
3189 2933 3268 2986 eis
3295 2933 3498 2987 tribue-

1921 3021 2028 3087 bat,
2056 3033 2110 3078 et
2145 3024 2286 3076 inter
2315 3037 2483 3089 aquas
2501 3031 2750 3074 ornatum
2781 3021 2900 3089 (eo).
2921 3022 3047 3074 Erat
3075 3023 3275 3092 quippe
3316 3023 3495 3077 nudus

243 3093 407 3160 μόνον
437 3097 528 3149 ἐπὶ
559 3098 653 3150 τοῦ
683 3101 937 3168 σώματος
969 3107 1245 3161 ἐνεδέδυτο
1277 3111 1522 3174 ἄζωστον
1546 3131 1562 3144 ο
1589 3117 1808 3182 ἀνάξιον

1919 3120 2022 3172 alia
2051 3131 2243 3172 carens
2275 3129 2444 3182 veSte;
2478 3131 2604 3169 nam
2637 3116 2738 3168 hac
2768 3113 2879 3167 sola
2900 3113 2965 3166 ad
2995 3129 3192 3181 corpus
3224 3115 3494 3170 discincta

239 3185 352 3255 γὰρ
387 3182 528 3240 εἶναι
555 3190 720 3243 αὑτὸν
746 3195 932 3265 πάντη
969 3199 1176 3267 γυμνὸν
1227 3202 1315 3255 διὰ
1347 3205 1446 3274 τὴν
1490 3209 1813 3277 ἀσχημοσύ-

240 3291 362 3344 νην.
413 3278 690 3343 Ἑζὼσατο
723 3284 778 3336 δὲ
804 3289 968 3339 αὐτὸν
989 3289 1132 3342 αἰδοῖ
1156 3293 1248 3345 τοῦ
1280 3296 1509 3365 Κυρίου.

315 3460 379 3512 Ol
404 3459 472 3514 δὲ
491 3461 668 3517 ἄλλοι
695 3495 766 3506 —
793 3470 1036 3536 ἰχθύων.
1065 3467 1269 3526 Ἦλθον
1305 3476 1656 3549 ἐφελκόμενοι
1689 3485 1814 3547 τοὺς

246 3549 514 3618 σύροντας
541 3554 600 3606 τὸ
625 3554 846 3609 δίκτυον
881 3562 1158 3629 σχοίνους.

328 3641 427 3706 Ὠς
458 3673 527 3682 —
555 3643 759 3712 ἄρτον.
786 3648 860 3700 Τδ
885 3651 986 3718 μὲν
1015 3651 1246 3722 ὀψάριον
1278 3657 1344 3725 τῇ
1383 3657 1659 3729 ἀνθρακίᾳ
1692 3661 1816 3713 ὲπι-

245 3731 502 3800 κείμενον
527 3774 542 3798 ,
573 3735 665 3787 τὸν
711 3736 768 3788 δὲ
803 3738 968 3807 ἄρτον
1016 3740 1123 3811 ἰδίᾳ.
1176 3745 1604 3814 παρακείμενον,
1629 3748 1688 3814 ἐξ
1717 3750 1818 3801 οὐκ

246 3823 417 3877 όντων
464 3828 644 3879 πάντα
692 3830 913 3893 πάντως
959 3835 1312 3903 παρηγμένα,
1373 3837 1461 3889 ἵνα
1520 3840 1818 3893 κάντεῦθεν

248 3915 402 3989 δείξῃ
427 3918 522 3987 τὴν
553 3919 788 3990 δύναμιν
821 3923 1014 3989 αὑτοῦ,
1063 3927 1158 3978 καὶ
1201 3931 1584 3999 πεπονηκότας
1618 3933 1819 3996 αὐτοὺς

248 4008 626 4080 ἁνακτήσηται
655 4014 1025 4082 φιλοστόργως
1054 4016 1144 4069 διὰ
1171 4019 1401 4088 τροῃῆς.

323 4101 496 4167 Λέγει
516 4131 588 4140 —
619 4103 757 4157 νῦν.
805 4104 891 4168 Ὠς
919 4106 1074 4169 είδὼς
1104 4109 1186 4160 ὅτι
1228 4111 1464 4164 ἐπίασαν
1497 4112 1669 4181 λέγει.
1707 4117 1820 4169 Καὶ

249 4190 360 4259 γὰρ
384 4195 477 4243 καὶ
509 4195 638 4262 πρὶν
666 4194 740 4255 ὡς
767 4195 925 4259 εἰδὼς
962 4198 1044 4249 ὅτι
1068 4197 1354 4255 πιάσουσιν
1383 4198 1504 4255 εἷπε
1535 4220 1550 4235 ο
1595 4204 1822 4260 Βάλετε

247 4279 338 4343 εις
369 4279 440 4332 τὰ
472 4281 638 4346 δεξιὰ
669 4285 821 4352 μέρη
871 4285 978 4339 τοῦ
1029 4289 1246 4342 πλοίου
1303 4292 1368 4344 τὸ
1405 4291 1672 4359 δίκτυον,
1719 4297 1818 4350 καὶ

249 4373 564 4440 εὑρήσετε,
592 4376 685 4428 καὶ
706 4375 794 4429 ἵνα
818 4379 894 4448 μὴ
919 4378 1192 4446 φαντασία
1220 4379 1346 4451 δόξῃ
1364 4382 1424 4434 τὺ
1447 4387 1700 4454 πρᾶγμα,
1726 4389 1820 4439 καὶ

1924 3213 2147 3266 indutus
2184 3219 2323 3274 erat;
2361 3225 2541 3277 neque
2586 3209 2731 3262 enim
2763 3209 3140 3272 conveniebat,
3180 3217 3239 3262 ut
3269 3209 3497 3261 omnino

1921 3301 2102 3356 nudus
2129 3309 2275 3355 esset
2308 3310 2525 3369 propter
2557 3299 2972 3369 turpitudinem;
3014 3300 3280 3354 succinxit
3315 3308 3494 3352 autem

1921 3393 2088 3454 illam,
2120 3393 2326 3461 pudore
2357 3391 2592 3444 Domini.
3115 3389 3117 3392 ⁴

1996 3481 2157 3536 Vers.
2182 3481 2235 3534 8.
2265 3480 2457 3535 Crateri
2482 3496 2599 3532 vero
2639 3510 2707 3520 —
2737 3481 2977 3548 piscium.
3015 3480 3296 3536 Venerunt
3323 3489 3494 3534 attra-

1924 3573 2102 3628 hendo
2124 3573 2303 3636 funes,
2329 3572 2525 3640 quibus
2558 3580 2672 3626 rete
2701 3572 3035 3625 trahebatur.

1991 3660 2149 3715 Vers.
2184 3662 2236 3716 9.
2275 3661 2426 3716 Ut-—
2449 3677 2660 3728 panem.
2691 3659 2896 3714 Piscetn
2918 3661 3137 3729 quidem
3169 3660 3360 3728 prunis
3396 3677 3493 3716 su-

1923 3754 2285 3824 perpositum,
2314 3768 2508 3822 panem
2555 3767 2685 3807 vero
2741 3766 2990 3805 seorsum
3019 3752 3272 3821 positum:
3312 3753 3497 3822 utique

1925 3845 2183 3915 producta
2214 3861 2279 3899 ex
2331 3845 2418 3898 his
2461 3860 2583 3904 qua:
2629 3857 2736 3896 non
2786 3851 2964 3898 erant:
2999 3850 3059 3896 ut
3113 3843 3241 3897 hinc
3281 3858 3494 3912 quoque

1924 3951 2078 3990 suam
2103 3939 2357 3990 ostendat
2387 3936 2706 4005 potentiam,
2743 3949 2808 3988 ac
2840 3932 3103 3988 benevole
3137 3947 3232 3987 eos
3280 3948 3376 4001 per
3408 3933 3490 3986 ci-

1924 4028 2052 4083 bum
2079 4043 2108 4081 a
2126 4028 2312 4081 labore
2343 4026 2628 4080 refocillet.

1996 4120 2152 4175 Vers.
2184 4119 2270 4173 10.
2311 4121 2400 4171 Ait
2423 4149 2489 4158 —
2527 4135 2683 4171 nunc.
2721 4115 2920 4185 Utpote
2948 4115 3149 4180 sciens,
3175 4116 3319 4185 quod
3347 4131 3496 4170 com-

1926 4211 2366 4284 prehendissent.
2393 4208 2526 4262 Nam
2553 4218 2607 4262 et
2634 4207 2806 4277 prius,
2831 4217 3085 4278 tanquam
3116 4211 3317 4272 sciens,
3351 4208 3495 4277 quod

1928 4300 2377 4373 comprehensuri
2400 4308 2605 4361 essent,
2648 4299 2857 4353 dixerat
2897 4299 3110 4353 :Jacitc
3145 4301 3200 4353 in
3229 4300 3497 4352 dexteram

1926 4403 2129 4461 partem
2147 4393 2342 4461 navigii
2363 4402 2412 4446 et
2429 4391 2721 4445 invenietis.
2745 4390 2812 4444 Et
2833 4405 2902 4444 ne
2919 4392 3321 4461 phantasticum
3347 4392 3502 4446 vide-

250 4465 401 4526 ὅπως
449 4465 651 4529 ἰδόντες
700 4467 796 4519 καὶ
854 4467 916 4519 τὸ
949 4471 1157 4540 πλῆθος
1203 4473 1299 4528 καὶ
1335 4472 1396 4525 τὸ
1425 4475 1657 4543 μέγεθος
1713 4476 1808 4528 τῶι

1931 4497 2084 4542 retur
2108 4485 2416 4554 negotium,
2442 4493 2610 4549 utque
2635 4482 2884 4546 videntes
2935 4483 3161 4552 piscium
3192 4483 3503 4537 multitudi-

255 4554 495 4625 ἰχθύων,
521 4557 703 4610 καὶτὸ
731 4559 848 4622 πῶς
883 4559 983 4614 οὐκ
1026 4564 1250 4636 ἐσχίσθη
1301 4565 1364 4618 τδ
1404 4565 1642 4630 δίκτυον,
1683 4565 1820 4620 θαυ-

256 4648 474 4717 μάσωσι
503 4649 685 4704 πλέον.

334 4739 544 4808 Ἀνέϐη
576 4741 773 4810 Σίμων
792 4743 1032 4813 Πέτρος.
1052 4747 1280 4820 [Ἀνέϐη
1300 4749 1413 4820 (42)
1431 4752 1510 4815 είς
1533 4752 1596 4804 τὸ
1613 4752 1818 4820 πλοῖον,

251 4831 330 4894 ὼς
356 4831 776 4903 ἐμπειρότερος,
806 4836 1092 4907 ἑπομένων
1126 4839 1279 4910 αὑτῷ
1312 4841 1406 4894 καὶ
1446 4841 1620 4896 ἄλλων
1659 4844 1821 4915 δηλο-

253 4921 390 4975 νότι.

323 4937 390 4973 τι.

323 4920 434 5066 Κλί
459 5014 713 5068 εἵλκυσε
751 5048 808 5058 -
842 5016 1040 5085 τριῶν.
1078 5021 1216 5073 Φασί
1243 5039 1390 5085 τινες
1444 5023 1535 5077 διὰ
1554 5024 1663 5078 τῶν
1694 5027 1826 5080 ἑκα-

254 5105 349 5158 τὸν
375 5105 475 5174 μὲν
535 5108 934 5178 ὑποδηλοῦσθαι
963 5113 1089 5178 τοὺς
1121 5113 1180 5179 ἐξ
1214 5115 1386 5171 ὲθνῶν
1417 5119 1825 5190 σαγηνευθησο-

326 5244 347 5276 ⁹
391 5243 524 5300 Luc.
562 5263 617 5309 ν,
651 5246 737 5300 10.

1920 4594 2067 4638 nem.
2114 4592 2180 4633 ac
2209 4575 2634 4647 magnitudinem
2664 4584 2719 4629 et
2748 4575 3015 4642 quomodo
3044 4590 3152 4629 non
3181 4585 3328 4629 esset
3366 4575 3500 4627 scis-

1921 4689 2043 4729 sum
2070 4681 2202 4734 rete.
2239 4672 2406 4743 magis
2430 4672 2589 4726 etiam
2622 4669 3038 4724 admirarentur.

1994 4763 2150 4818 Vers.
2200 4762 2285 4815 Η.
2342 4761 2588 4816 Ascendit
2652 4760 2834 4814 Simon
2881 4763 3092 4813 Petrus.
3139 4759 3399 4813 Ascendit
3446 4759 3500 4812 in

1923 4856 2126 4913 navim.
2149 4861 2407 4922 tanquam
2431 4853 2563 4905 artis
2586 4853 2833 4921 peritior,
2858 4852 3217 4920 sequentibus
3244 4852 3500 4905 videlicet

1934 4959 2060 5000 eum
2095 4943 2258 4997 etiam
2296 4940 2528 4995 caeteris.

2004 5032 2161 5088 Vers.
2199 5030 2286 5083 Η.
2324 5029 2394 5084 Et
2415 5029 2578 5082 traxit
2614 5056 2685 5068 -—
2712 5029 2899 5082 tribus.
2942 5030 3141 5084 Dicunt
3168 5028 3357 5098 aliqui,
3408 5042 3505 5097 per

1933 5131 2155 5178 centum
2179 5120 2399 5190 quidem
2430 5133 2525 5173 eos
2549 5117 2840 5190 designari,
2864 5119 2957 5190 qui
2985 5135 3050 5175 ex
3075 5119 3330 5190 gentibus
3364 5120 3501 5191 δαείη

1489 5315 1700 5378 Varia)
1731 5317 2038 5382 lectiones
2083 5325 2146 5380 et
2176 5327 2362 5386 notae.

333 5485 444 5558 (39)
475 5484 689 5558 Inclusa
711 5485 912 5558 absunt
934 5484 997 5536 A.

330 5553 442 5625 ('40)
475 5555 827 5625 Συγκλεῖσθαι
849 5553 917 5605 Δ.

330 5620 442 5695 (tt)
474 5624 646 5679 llabet
668 5625 809 5680 hanc
842 5637 1033 5678 vocem
1062 5620 1262 5680 Galeus
1296 5625 1352 5681 in
1405 5641 1599 5696 opusc.
1651 5626 1822 5699 Myth.

333 5777 430 5848 (ee)
458 5777 737 5832 Ornatam.
798 5777 998 5844 Decus,
1027 5776 1357 5833 decentiam.

1933 5505 1989 5560 po
2133 5532 2358 5619 .lnclusa
2387 5562 2586 5619 absunt
2609 5563 2676 5620 A.
