4068 6386
233 395 370 460 lit-7

1089 396 1470 456 COMMENT.
1518 393 1596 452 ΙΝ
1634 387 2012 453 ΙΟΛΝΝΕΜ.
2052 411 2117 423 -
2156 383 2316 443 CAP.
2352 383 2514 444 XXI.

3342 379 3480 446 1498

225 506 657 577 ἀπαρνήσασθαι
687 505 872 570 αὖτὶν,
916 506 1273 577 ἀπηρνήσατο
1307 508 1399 560 δέ·
1435 508 1529 559 καὶ
1565 523 1782 577 σωφρο-

1915 512 2068 550 amen
2104 493 2339 564 negavit,
2370 505 2426 547 et
2453 491 2838 546 modestiorem
2910 490 3083 559 ipsum
3114 505 3178 544 ac
3199 489 3479 545 meliorem

225 599 484 666 νέστερον
541 599 704 650 αὐτὸν
747 599 840 651 καὶ
889 599 1135 668 βελτίονα
1166 599 1227 651 τὸ
1259 598 1432 660 πάθος
1474 601 1656 651 ἐκεῖνο
1697 617 1796 651 πε-

227 692 492 758 ποέηκεψ
525 688 792 757 ἐλυπήθη,
841 691 1137 760 ἐταράχθη,
1173 690 1502 760 ἐθορυϐήθη.
1546 690 1654 742 Καὶ
1684 691 1797 743 λοι-

226 785 328 832 πὸν
359 780 520 834 αὑτὸν
568 778 643 842 ὡς
680 783 856 834 πάντα
900 783 1029 849 πρὶν
1082 781 1352 848 γενέσεως
1403 781 1584 833 αὐτῶν
1619 781 1796 834 εἰδότα

227 875 485 944 μάρτυρα
514 878 774 938 ποιεῖται,
813 875 902 927 καὶ
928 876 1077 943 λέγει
1105 892 1118 906 ο
1151 876 1234 928 Σὺ
1263 875 1460 929 πάντα
1479 872 1669 941 οἶδας,
1701 877 1796 928 καὶ

221 966 290 1017 τὰ
320 967 436 1029 νῦν,
473 969 566 1018 καὶ
597 969 663 1019 τὰ
713 967 999 1034 μέλλοντα,
1053 969 1127 1030 ὠς
1184 968 1338 1031 Θεὸς,
1378 968 1442 1020 σὺ
1506 968 1798 1035 γινώσκεις

222 1059 304 1109 ὅτι
338 1058 477 1125 φιλὼ
506 1074 565 1109 σε
597 1057 692 1109 νῦν
723 1057 1021 1127 ὁλοψὺχως,
1055 1061 1149 1112 καὶ
1177 1057 1331 1111 οὐδὲν
1357 1059 1520 1111 πλέον
1558 1058 1708 1126 λέγει
1736 1059 1797 1111 τὸ

227 1146 425 1212 μτλλον
475 1147 709 1212 ἀγνοῶν.
762 1150 870 1200 Καί
919 1149 1028 1216 γὰρ
1072 1151 1166 1200 καὶ
1224 1148 1415 1218 πρώην
1481 1149 1798 1201 ἀντιτείνων

223 1237 467 1304 ἠλέγχθη
507 1239 686 1305 μάτην
737 1239 1175 1308 ἰσχυριζόμενος.
1213 1239 1403 1309 Ἀρνία
1461 1241 1642 1293 τοίνυν
1702 1239 1798 1294 καὶ

230 1328 481 1394 πρόϐατα
512 1330 560 1379 οἱ
605 1328 849 1395 μαθηταὶ
911 1329 998 1381 διὰ
1059 1329 1118 1381 τὸ
1145 1331 1352 1384 ἄκακον
1389 1332 1481 1384 καὶ
1504 1333 1798 1400 πρόχειρον

224 1420 307 1479 εἷς
334 1421 570 1484 σφαγήν.
613 1421 722 1471 Καὶ
766 1421 922 1482 αὖθις
973 1421 1137 1490 ἀρνία
1180 1424 1278 1490 μὲν
1329 1424 1378 1474 oi
1413 1424 1795 1492 ἀτελέστεροι,

229 1510 480 1578 πρόϐατα
509 1511 565 1562 δὲ
606 1515 654 1563 οἱ
681 1511 1032 1583 τελειότεροι.

303 1600 575 1668 Πρότερον
627 1601 726 1667 μὲν
763 1600 856 1652 uim
915 1603 1001 1653 διὰ
1035 1619 1144 1654 των
1187 1602 1396 1670 πικρῶν
1432 1602 1656 1654 ἐκείνων
1705 1602 1800 1654 δα-

229 1691 412 1761 κρύων
446 1693 522 1760 τῷ
573 1695 763 1762 Πέτρῳ
811 1695 911 1762 τὴν
944 1694 1135 1762 κηλῖδα
1185 1696 1282 1763 τῆς
1332 1696 1616 1764 ἀρνήσεως
1664 1697 1800 1748 ἀπο·

226 1785 572 1853 λουσαμένῳ,
604 1787 728 1854 ἄρτι
760 1786 816 1837 δὲ
870 1786 1032 1839 πάλιν
1067 1788 1186 1839 ἀντὶ
1222 1787 1322 1855 τῆς
1358 1787 1588 1856 τριπλῆς
1627 1788 1799 1857 ἀρνήε·

230 1895 368 1938 σεως
411 1877 955 1946 τριπλῆι.οόμολυ,ίαν
991 1879 1377 1944 εἰσενεγκόντι,
1410 1879 1504 1930 καὶ
1531 1879 1649 1929 τότε
1703 1878 1802 1947 μὲν

227 1970 395 2038 ἔργῳ,
428 1970 522 2020 νῦν
553 1970 608 2020 δὲ
645 1971 785 2038 λόγῳ
843 1971 904 2021 τὸ
932 1972 1018 2023 διὰ
1050 1971 1208 2038 λόγου
1244 1974 1467 2040 σλεάλμα
1497 1971 1608 2040 (49)
1641 1971 1802 2040 θερα-

228 2056 411 2117 πεύει,
442 2058 538 2126 τὴν
578 2058 948 2124 ποιμαντικὴν
983 2060 1282 2128 ἐγχειρίζει
1319 2063 1416 2129 τῆς
1453 2061 1799 2129 οἰκουμένης.

305 2143 436 2198 Εἶτα
474 2147 858 2214 παραϐολικῶς
916 2149 1225 2219 προμηνύει
1255 2150 1403 2219 αὐτῷ
1453 2152 1550 2205 καὶ
1596 2153 1686 2203 τὸν
1716 2151 1804 2204 διὰ

229 2237 472 2303 σταυροῦ
511 2235 762 2296 θάνατον,
800 2231 844 2304 ᾧ
883 2238 1233 2305 τελειωθῆναι
1290 2240 1506 2308 ἔμελλε,
1541 2239 1804 2292 δεικνύων

232 2326 482 2378 ἐντεῦθεν
513 2327 594 2378 ὅτι
624 2328 720 2378 οὐκ
763 2328 974 2394 ἀγνοῶν
1008 2331 1127 2382 οὐδὲ
1158 2332 1404 2382 ἀπιστῶν
1433 2332 1580 2401 αὐτῷ
1621 2332 1806 2398 ἔλεγεν

231 2416 379 2485 ὅπερ
407 2416 609 2483 ἔλεγεν.
671 2417 968 2472 Ἥπίστατο
1015 2422 1122 2490 γὰρ
1164 2422 1303 2474 πάνυ
1330 2422 1391 2474 τὸ
1421 2422 1685 2492 διάπυρον
1708 2424 1805 2491 τῆς

231 2509 314 2568 εἰς
363 2508 522 2559 αὑτὸν
571 2510 815 2578 ἀγάπης,
872 2511 991 2564 ἀλλ’
1058 2512 1143 2564 ἶνα
1208 2512 1322 2581 γνῷ
1370 2514 1464 2566 καὶ
1515 2515 1677 2578 αὐτὸς
1714 2517 1806 2568 καὶ

234 2599 437 2651 πάντες
472 2601 552 2652 ὃτι
591 2602 795 2670 σφόδρα
848 2605 975 2673 περὶ
1027 2605 1224 2657 πολλοῦ
1265 2605 1476 2659 τίθεται
1518 2606 1617 2677 τὴν
1675 2623 1809 2676 προ-

243 2692 474 2741 στασίαν
529 2693 637 2744 τῶν
700 2694 846 2747 ίδίων
903 2697 1180 2766 μαθητῶν,
1211 2697 1286 2760 ὡς
1341 2699 1602 2769 ἀνωτέρω
1652 2700 1806 2769 δεδή-

235 2796 431 2833 [ωται.

322 2875 511 2940 Ἀμὴν
537 2904 601 2913 -
639 2873 874 2941 ἤθελες.
913 2877 1040 2927 Ὅτε
1083 2875 1380 2946 ἐτύγχανες
1429 2877 1804 2946 ἀτελέστερος,

240 2967 348 3017 ὑπὸ
385 2967 474 3017 τὸν
497 2967 852 3034 ἀτελέστερον
876 2966 1039 3034 νόμον
1072 2970 1164 3020 τὸν
1202 2968 1497 3020 Μωσαῖκὺν
1535 2969 1807 3038 κείμενος,

239 3056 537 3126 ἡτοίμαζε-,ς
585 3059 811 3109 σεαυτὸν
846 3059 980 3127 πρὸς
1015 3058 1043 3111 ὅ
1071 3059 1316 3124 ἐϐούλου,
1369 3063 1464 3115 καὶ
1502 3062 1690 3131 διῆγες
1734 3063 1808 3125 ὡς

235 3147 448 3218 ἤθελες.

315 3243 500 3293 Ὅταν
540 3270 610 3281 σ-
661 3241 875 3308 Οέλεις.
931 3243 1100 3296 Ὅταν
1143 3243 1254 3312 (50)
1289 3243 1347 3297 δὲ
1397 3243 1693 3315 τελειωθῇς
1732 3247 1810 3310 είς

237 3334 410 3402 ἄνδρα
441 3334 666 3393 τέλειον,
702 3335 782 3396 είς
808 3335 1003 3403 μέτρον
1033 3336 1248 3404 ἡλικίας
1275 3339 1676 3407 πνευματικῆς,
1709 3340 1814 3392 ὑπὸ

234 3425 334 3479 τοῦ
358 3425 559 3478 τελείου
586 3426 774 3493 νόμου,
802 3425 893 3477 τοῦ
918 3426 1141 3493 εὐαγγε)
1158 3427 1298 3492 ικοῦ,
1327 3429 1810 3499 καταρτιζόμενος,

241 3520 483 3578 ἐκτενεῖς
525 3519 618 3577 τὰς
670 3519 856 3586 χεῖράς
891 3534 986 3569 σου
1019 3519 1112 3569 ἐπὶ
1145 3521 1404 3588 σταυροῦ,
1437 3523 1530 3574 καὶ
1563 3522 1722 3583 ἄλλος
1752 3538 1811 3573 σε

243 3612 462 3677 σφίγξει
493 3613 607 3674 τοῖς
634 3612 806 3680 ἥλοις,
841 3610 935 3663 καὶ
968 3611 1150 3680 ἀγάγῃ
1201 3611 1311 3680 (Si)
1343 3615 1421 3674 εις
1453 3614 1704 3674 θάνατον,
1733 3614 1813 3678 ὃν,

239 3707 292 3755 εἰ
347 3705 441 3755 καὶ
495 3703 669 3764 θέλεις
729 3707 793 3773 τῇ
833 3705 1173 3774 προαιρέσει,
1203 3705 1263 3755 οὐ
1307 3704 1483 3768 Θέλεις
1522 3709 1589 3775 τῇ
1630 3705 1811 3772 φύσει.

240 3795 530 3864 Συμπαθεῑ
567 3796 674 3863 γὰρ
709 3798 742 3864 ἠ
788 3796 933 3864 ψυχὴ
981 3796 1058 3865 τῷ
1093 3796 1304 3865 σώματι
1339 3797 1424 3849 διὰ
1473 3798 1573 3867 τὴν
1623 3797 1809 3867 φύσιν,

240 3891 338 3940 καὶ
372 3887 582 3940 ἄκουσα
618 3888 1060 3958 ἀπορῤήγνυται,
1103 3889 1262 3942 τοῦτο
1307 3889 1402 3941 τοῦ
1435 3889 1571 3942 Θεοῦ
1609 3906 1817 3957 συμφεο

245 3979 452 4050 ράντως
507 3981 986 4047 οἱκονομήσαντος,
1035 3980 1217 4042 καθὼς
1265 3983 1359 4032 καὶ
1397 3981 1633 4052 ἀλλαχοῦ
1669 3983 1818 4051 δεδή-

241 4071 435 4131 λωται,
473 4070 557 4122 ἴνα
589 4074 663 4140 μὴ
695 4075 836 4125 κατὰ
881 4072 1205 4139 περίστασιν
1255 4073 1502 4142 εὐχερῶς
1552 4073 1815 4127 ἀνέλωσιν

243 4161 476 4223 ἑαυτοὺς
507 4163 556 4213 οἱ
594 4163 894 4230 ἄνθρωποι.
934 4163 994 4214 Εἰ
1023 4163 1133 4232 γὰρ
1165 4165 1258 4214 καὶ
1291 4164 1390 4232 τῆς
1439 4164 1616 4233 ψυχῆς
1646 4165 1819 4226 οὓτως

249 4253 491 4324 ἰσχυρῶς
510 4254 995 4324 ἀποστρεφομένης
1017 4255 1116 4325 τὴν
1139 4253 1411 4318 διάζευξιν
1429 4255 1520 4306 τοῦ
1546 4256 1815 4323 σώματος,

245 4346 426 4414 ἰσχύει
475 4345 734 4408 πολλάκις
787 4348 815 4398 ὁ
845 4345 1039 4415 ἐχθρός
1069 4363 1223 4408 τινας
1252 4346 1582 4416 ἐργάζεσθαι
1629 4352 1810 4415 φονεῖς

244 4435 489 4487 ἑαυτῶν
528 4437 576 4488 εί
625 4437 699 4505 μὴ
736 4437 896 4489 τοῦτο
927 4435 1017 4506 ἦν,
1055 4439 1261 4506 ταχέως
1290 4438 1354 4490 ἂν
1385 4440 1433 4490 οἱ
1463 4437 1650 4490 πολλοί
1683 4439 1818 4507 πρὸς

243 4527 527 4597 ἀναίρεσιν
551 4530 755 4583 ἑαυτῶν
789 4532 1045 4599 ἐχώρουν.

324 4618 505 4671 Τοῦτο
539 4650 609 4658 —
637 4623 804 4674 Θεόν.
837 4624 973 4685 Δόξα
1006 4625 1111 4691 γὰρ
1141 4624 1200 4676 οὑ
1236 4625 1396 4694 μόνον
1431 4627 1526 4680 τοῦ
1553 4627 1821 4696 θνήσκον-

243 4725 338 4769 τος
364 4709 632 4777 μαθητοῦ,
670 4712 805 4764 ἀλλά
834 4715 924 4764 καὶ
948 4714 1040 4766 τοῦ
1071 4714 1226 4779 Θεοῦ,
1251 4717 1278 4767 ὁ
1303 4717 1388 4770 διὰ
1411 4721 1680 4787 τιμωρίας
1707 4721 1820 4791 (52)

245 4799 509 4859 θάνατος’
556 4800 649 4850 τοῦ
695 4799 1018 4868 θνήσκοντος
1065 4804 1184 4870 μὲν,
1233 4805 1313 4856 ὅτι
1369 4805 1508 4877 ὑπὲρ
1537 4806 1631 4858 τοῦ
1680 4807 1817 4859 Θεοῦ

245 4887 513 4957 θνήσκει,
544 4889 637 4941 τοῦ
671 4889 806 4943 Θεοῦ
841 4891 894 4945 δὲ
915 4931 929 4954 ,
963 4894 1043 4944 ὅτι
1076 4895 1318 4948 τοιοῦτον
1340 4896 1448 4966 ἔχει
1485 4899 1756 4970 μαθητήν.

327 5113 372 5144 ¹⁶
402 5111 603 5181 Ephes.
630 5130 704 5180 iv,
743 5117 830 5169 l3.

1902 589 1989 659 (ff)
2035 587 2264 641 allectus
2296 586 2386 639 ille
2433 583 2760 648 reddiderat,
2809 597 3043 638 muerore
3098 582 3327 636 affectus
3375 590 3479 646 est,

1907 681 2154 734 turbatus
2206 688 2310 740 est,
2361 677 2520 731 etiam
2570 676 2769 744 ipsum,
2808 685 2864 730 ut
2914 676 3006 744 qui
3053 675 3238 728 omnia
3281 684 3473 728 nosset

1901 774 2214 843 priusquam
2265 771 2474 832 ﬁerent,
2532 777 2724 821 testem
2767 768 2895 822 facit
2925 775 2978 820 et
3006 767 3117 821 ait:
3171 766 3241 820 Tu
3308 767 3484 818 omnia

1903 866 2054 931 nosti,
2101 874 2155 918 et
2188 861 2476 933 praesentia
2532 871 2587 913 et
2636 874 2757 930 qua:
2803 859 2982 919 futura
3036 868 3182 921 sunt,
3231 867 3482 924 tanquam

1901 956 2045 1010 Deus
2076 971 2090 1019 ;
2125 963 2177 1007 lu
2213 953 2342 1013 scis,
2371 951 2510 1021 quod
2534 965 2682 1003 nunc
2725 945 2837 1008 toto
2866 949 3031 1002 corde
3064 957 3114 1000 te
3164 962 3336 1000 amem
3364 963 3379 1010 ;
3433 958 3487 1000 et

1900 1045 2035 1100 nihil
2062 1045 2296 1114 amplius
2322 1042 2471 1103 dicit,
2504 1040 2758 1111 ignorans
2785 1039 2912 1108 quid
2945 1039 3185 1092 futurum
3213 1035 3301 1092 sit.
3352 1035 3484 1089 Nam

1905 1138 2062 1206 paulo
2094 1146 2243 1197 ante,
2269 1149 2390 1188 curn
2441 1131 2875 1192 contradixissr-t,
2900 1130 3181 1183 convictus
3214 1137 3296 1181 est
3343 1128 3484 1195 quod

1905 1244 2095 1281 vanam
2132 1224 2386 1279 habuerit
2425 1224 2492 1276 de
2527 1237 2584 1275 se
2611 1221 2884 1274 fiduciam.
2917 1219 3252 1288 Aguiitaque
3279 1226 3333 1271 et
3359 1233 3488 1271 oves

1904 1323 2162 1377 dicuntur
2205 1314 2457 1386 discipuli
2493 1324 2711 1386 propter
2743 1312 3141 1380 simplicitatem
3176 1325 3238 1362 ac
3269 1323 3486 1377 promp-

1905 1411 2188 1467 titudiuem
2219 1409 2433 1470 adhoc,
2492 1416 2549 1458 ut
2580 1403 2945 1456 immolentur.
3004 1401 3066 1453 Et
3110 1415 3326 1453 rursum
3365 1398 3489 1468 agni

1907 1505 2130 1573 quidem
2190 1499 2622 1570 imperfectiores
2657 1535 2670 1560 ,
2699 1510 2828 1550 oves
2862 1502 3067 1556 autem,
3105 1492 3484 1560 perfectiores.

1971 1611 2133 1664 Petro
2171 1607 2349 1675 itaque
2391 1604 2497 1674 (gg)
2549 1601 2805 1673 pascendi
2839 1616 3022 1653 curam
3056 1615 3117 1652 ac
3140 1599 3491 1668 gubernatio-

1902 1714 2029 1752 nem
2062 1694 2377 1756 committit,
2402 1703 2461 1744 ut
2520 1694 2609 1759 qui
2642 1699 2694 1743 et
2719 1688 2868 1756 prius
2893 1686 3090 1739 amaris
3111 1685 3214 1738 illis
3240 1686 3493 1754 lacrymis

1908 1789 2214 1862 negationis
2251 1787 2520 1841 maculam
2544 1783 2799 1845 abluerit,
2855 1790 2910 1835 et
2934 1796 3079 1834 nunc
3114 1795 3331 1834 rursum
3392 1795 3491 1849 pro

1911 1886 2049 1935 trina
2085 1881 2371 1950 negatione
2433 1878 2633 1930 trinam
2685 1874 2879 1927 offerat
2927 1871 3373 1925 c0ufessionem:
3434 1880 3492 1925 et

1910 1987 2037 2029 tunc
2059 1974 2277 2042 quidem
2307 1985 2494 2039 opere,
2519 1981 2664 2020 nunc
2694 1973 2876 2018 autem
2906 1963 3097 2024 verbo,
3125 1961 3323 2032 lapsui,
3386 1961 3482 2032 qui

1907 2067 2075 2121 verbo
2115 2064 2289 2117 factus
2318 2069 2420 2120 est,
2457 2059 2725 2112 medetur.

1992 2154 2195 2207 Deinde
2249 2149 2557 2222 parabolice
2597 2145 2924 2217 praenuntiat
2961 2146 3007 2198 ei
3059 2146 3252 2199 mortis
3297 2159 3490 2214 genus,

1911 2247 2052 2315 quod
2093 2261 2189 2313 per
2233 2257 2450 2296 crucem
2495 2249 2642 2295 esset
2673 2249 2727 2292 et
2765 2239 2880 2308 ipse
2931 2239 3272 2293 moriturus:
3305 2247 3496 2292 osten-

1911 2338 2071 2400 dens,
2111 2334 2254 2404 quod
2302 2347 2414 2386 non
2475 2340 2730 2397 tanquam
2778 2328 3055 2396 ignorans,
3109 2336 3205 2381 aut
3258 2327 3334 2380 illi
3383 2341 3493 2381 non

1910 2431 2141 2485 credens
2169 2426 2405 2488 dicebat,
2433 2437 2553 2492 quae
2594 2420 2827 2484 dicebat,
2874 2435 3000 2473 cum
3051 2419 3258 2488 optime
3303 2427 3496 2472 nosset

1911 2518 2177 2571 fervorem
2205 2511 2513 2566 dilectionis
2563 2509 2682 2579 ejus
2710 2521 2836 2576 erga
2863 2520 2921 2558 se
2958 2545 2972 2570 ,
3002 2508 3095 2560 sed
3127 2516 3184 2560 ut
3214 2514 3268 2559 et
3295 2506 3411 2575 ipse
3441 2513 3494 2558 et

1911 2621 2101 2662 omnes
2124 2610 2536 2675 cognoscerent,
2558 2600 2701 2670 quod
2727 2594 2952 2671 plurimi
2975 2597 3178 2651 faceret
3199 2595 3496 2665 praesiden-

1913 2703 2041 2756 tiam
2077 2713 2240 2767 super
2273 2695 2574 2764 discipulos
2592 2709 2742 2759 suos,
2773 2693 2942 2748 veluti
2979 2689 3235 2760 superius
3287 2685 3496 2758 signiﬁ-

1912 2801 2092 2848 catum
2126 2797 2231 2842 est.

1985 2881 2139 2937 Vers.
2170 2881 2258 2934 18.
2293 2875 2756 2954 Amen—volemis.
2843 2873 2978 2926 Cum
3011 2886 3162 2926 esses
3204 2867 3496 2938 imperfec-

1916 2974 2019 3027 tior
2060 2972 2161 3025 sub
2223 2964 2613 3037 imperfectiori
2663 2962 2900 3018 Mosaica
2947 2962 3064 3032 lege
3120 2960 3493 3014 constitutus:

1918 3060 2145 3134 parabas
2190 3069 2243 3113 te
2283 3060 2348 3112 ad
2379 3057 2432 3110 id
2464 3055 2605 3125 quod
2649 3055 2931 3125 cupiebas,
2986 3063 3041 3108 et
3087 3052 3250 3105 vitam
3296 3049 3497 3120 agebas

1839 3157 1883 3214 ο
1920 3165 1980 3210 ιιι
2004 3152 2244 3206 volebas.

1954 3262 2104 3317 Vers.
2128 3260 2214 3314 18.
2237 3256 2337 3311 Ubi
2359 3254 2540 3307 ——vis.
2567 3253 2667 3308 Ubi
2694 3261 2873 3306 autem
2905 3251 2959 3305 in
2991 3250 3165 3303 virum
3191 3248 3496 3317 perfectum

1919 3352 2234 3423 profeceris,
2288 3351 2342 3403 in
2393 3360 2701 3400 mensuram
2749 3344 2924 3398 relatis
2963 3341 3342 3412 spiritualis“,
3394 3341 3495 3395 sub

1921 3449 2159 3517 perlecta
2216 3443 2335 3511 lege
2383 3437 2696 3508 evangeliea
2749 3444 3182 3497 consummatus,
3226 3433 3492 3486 extendes

1921 3549 2116 3591 manus
2149 3543 2269 3587 tuas
2301 3532 2366 3584 ad
2399 3543 2617 3584 crucem
2650 3545 2663 3581 :
2707 3535 2761 3580 et
2809 3527 2948 3579 alius
2988 3536 3040 3578 te
3080 3524 3247 3578 clavis
3294 3524 3500 3577 astrin-

1921 3639 2026 3699 get,
2054 3641 2117 3681 ac
2151 3625 2311 3679 ducet
2345 3623 2410 3675 ad
2443 3629 2693 3684 mortem,
2729 3633 2890 3686 quam
2923 3617 3026 3670 etsi
3067 3616 3212 3668 voles
3242 3615 3496 3667 volunta-

1923 3733 2004 3786 te,
2040 3728 2232 3773 natura
2269 3727 2448 3770 tamen
2483 3729 2590 3765 non
2613 3711 2800 3764 voles:
2854 3709 3122 3778 siquidem
3173 3708 3499 3776 cornpatitur

1920 3810 2134 3879 corpori
2193 3808 2368 3862 anima
2411 3811 2636 3873 prepter
2670 3812 2940 3864 naturam,
2972 3809 3027 3852 et
3072 3797 3253 3851 audita
3309 3797 3499 3851 mortis

1921 3902 2219 3960 mentione,
2263 3897 2540 3953 abhorret,
2595 3893 2704 3946 Deo
2739 3892 2809 3944 ita
2861 3891 3211 3958 dispensante
3261 3887 3494 3950 utiliter,

1920 3996 2061 4051 sicut
2104 3995 2265 4046 etiam
2301 3988 2427 4042 alibi
2485 3986 2843 4055 significatum
2897 3992 2997 4044 est,
3031 3997 3100 4034 ne
3146 3978 3393 4033 homines
3438 3979 3496 4031 in

1921 4083 2231 4138 infortuniis
2265 4078 2419 4132 facile
2447 4090 2568 4129 sese
2602 4074 2933 4128 occiderent.
2970 4071 3098 4123 Nam
3124 4070 3166 4122 si
3199 4070 3338 4122 Valet
3370 4069 3495 4121 bos-

1922 4176 1990 4230 tis
2025 4173 2337 4242 frequenter
2384 4167 2594 4236 aliquos
2639 4164 2705 4217 ad
2752 4162 3023 4232 proprism
3069 4158 3345 4226 impellere
3389 4171 3496 4210 ca:-

1922 4270 2044 4322 dem
2071 4284 2084 4319 :
2129 4263 2342 4318 tametsi
2382 4260 2560 4314 anima
2588 4257 2724 4309 adeo
2754 4254 2970 4308 fortiter
2999 4251 3064 4304 ad
3093 4247 3337 4318 corporis
3367 4263 3500 4301 con-

1919 4357 2255 4430 junctionem
2279 4351 2469 4406 affecta
2493 4349 2581 4408 sit,
2612 4347 2754 4416 quod
2787 4346 3025 4398 futurum
3055 4352 3160 4403 est,
3189 4340 3232 4392 si
3264 4339 3366 4392 boc
3391 4353 3503 4392 non

1929 4449 2114 4504 esset?
2147 4444 2301 4500 multi
2342 4440 2586 4512 profecto
2633 4439 2697 4491 ad
2733 4452 2884 4490 suam
2933 4433 3287 4503 procederent
3335 4430 3505 4484 inter-

1852 4512 1896 4567 ῃ
1929 4541 2241 4592 lectionem.

1999 4630 2152 4683 Vcrs.
2185 4629 2266 4682 l9.
2303 4626 2412 4680 Hoc
2439 4653 2508 4663 -
2537 4622 2720 4675 Deum.
2759 4616 2935 4674 Glo:ia
2974 4612 3238 4682 siquidem
3284 4619 3366 4664 est
3397 4625 3504 4662 non

1929 4717 2180 4786 discipuli
2208 4726 2414 4770 tantum
2446 4713 2537 4784 qui
2571 4713 2819 4773 moritur,
2854 4706 2946 4768 sed
2974 4716 3025 4758 et
3059 4704 3149 4757 Dei
3217 4715 3364 4757 mors
3401 4715 3506 4768 qua

1931 4809 2052 4877 quis
2099 4816 2320 4876 propter
2353 4819 2474 4856 eum
2513 4799 2780 4869 supplicio
2835 4795 3095 4848 afﬁcitur:
3137 4789 3255 4858 ejus
3286 4787 3506 4856 quidem

1932 4898 2022 4966 qui
2072 4895 2358 4958 occiditur,
2415 4892 2537 4958 quia
2583 4903 2680 4959 pro
2726 4889 2832 4940 Deo
2872 4884 3122 4947 moritur,
3169 4880 3258 4932 Dei
3299 4887 3501 4942 autem,

1934 4990 2076 5058 quod
2123 4989 2283 5042 talem
2321 4985 2516 5039 habeat
2549 4981 2896 5051 discipulum.

1444 5189 1648 5250 Variae
1681 5191 1989 5254 lectiones
2027 5199 2088 5253 et
2121 5196 2309 5251 noun.

326 5355 437 5424 (49)
472 5355 650 5409 Malim
685 5354 1107 5423 θεραπεύσαντι.

328 5428 440 5493 (50)
475 5428 538 5477 Δέ
565 5427 724 5479 abest
764 5430 824 5477 A.

325 5497 436 5565 (5-1)
479 5495 553 5550 lta
587 5506 831 5565 uterque.
901 5494 1060 5551 Forte
1087 5494 1225 5560 ἄξει,
1251 5502 1342 5548 aut
1365 5493 1598 5567 ἀχθήσῃ.

329 5665 404 5733 (ῙῙ)
465 5663 579 5714 Etsi
638 5661 935 5716 llenteuius
1001 5663 1163 5716 etiam
1227 5660 1677 5733 videturilegisse
1725 5662 1818 5713 καὶ

255 5732 723 5803 σωφρονέστερον,
753 5745 930 5788 tamen
973 5734 1183 5800 malim,
1231 5732 1668 5800 σωψρονέστερον
1709 5735 1815 5800 γὰρ

256 5805 418 5843 αὐτὴν)
446 5821 475 5843 ν
533 5821 579 5843 '3,
621 5804 666 5843 3.

255 5817 418 5856 αὑτὸν
446 5821 501 5856 κ.
533 5821 584 5856 τ.
620 5817 668 5854 Ι..

2004 5357 2116 5425 (52)
2163 5354 2322 5408 Forte
2359 5354 2781 5425 μαρτυρίου,ιιιιι
2812 5352 3137 5425 μαρτυρίας,
3182 5347 3499 5425 Cyrillusde

1936 5444 1990 5478 re
2012 5419 2202 5479 eadem
2238 5419 2367 5477 tom.
2399 5425 2485 5486 IV,
2510 5443 2559 5494 p.
2593 5424 2728 5478 “9.0
2751 5426 2808 5476 C:
2835 5423 2945 5491 Τὴν
2969 5429 3045 5484 εἰς
3071 5419 3207 5490 αἷμα
3233 5423 3501 5488 τιμωρίαν

1936 5496 2214 5557 ἐπιθέντες
2241 5494 2408 5564 αὐτῷ.

2003 5661 2107 5729 (ggl
2172 5662 2329 5714 Ρινινο
2380 5663 2577 5729 itaque.
2615 5668 2719 5713 etc.
2780 5660 2909 5725 Qum
2953 5662 3003 5711 iu
3041 5658 3226 5713 Graeco
3285 5654 3337 5729 in
3393 5655 3500 5706 fine

1927 5728 2121 5784 scliolii
2193 5728 2484 5802 leguntur,
2542 5748 2603 5783 ea
2672 5733 2723 5784 in
2782 5731 3051 5800 principio
3121 5732 3281 5781 habet
3326 5728 3500 5779 inteb-

1929 5817 2070 5858 trres.
