4108 6396
278 427 413 500 1501

1182 410 1565 480 COMMENT.
1606 406 1688 468 IN
1728 400 2104 468 JOANNEM.
2133 425 2202 439 ·-
2236 399 2395 462 CAP.
2437 397 2600 459 XXI.

3361 387 3383 451 1
3400 387 3504 452 502

272 496 512 611 £9101“:
571 533 708 590 κατὰ
737 531 837 604 τὴν
863 530 1120 602 δευτίραν
1149 546 1250 600 μου
1279 524 1605 598 παρουσίαν,
1631 520 1682 576 τί
1711 517 1843 590 πρὸς
1869 544 1882 574 Α

1974 529 2075 569 iere
2132 513 2307 569 donec
2360 510 2600 568 secundo
2676 508 2910 564 adventu
2968 503 3202 568 veniam,
3258 502 3386 572 quid
3431 496 3504 557 illi

274 633 337 685 σὲ
370 628 581 693 κοινόν;

347 720 430 775 Σὺ
461 717 783 774 ἀκολούθει
822 731 946 784 μοι.
979 713 1052 765 Σὺ
1086 711 1177 763 τὸν
1217 708 1308 762 σὺν
1352 706 1582 760 θάνατον
1626 701 1838 764 σκόπει,

277 811 444 882 μηδδν
476 810 566 862 τὸν
591 807 802 860 ἐκείνου
840 800 1363 873 περιεργαζόμενος.

361 899 651 966 Ἐξῆλθεν
674 925 744 937 -
767 892 1085 962 ἀδελφούς.
1122 891 1276 950 Uolo;
1309 886 1500 952 λόγος;

353 994 483 1046 Ὀτι
503 1020 574 1031 -
591 987 984 1054 ἀποθνήσκει.
1007 983 1168 1042 Είκδς
1195 980 1303 1050 γὰρ
1320 976 1609 1037 κάκείνους
1627 970 1847 1026 ἀκούειν

277 1085 318 1138 ἃ
354 1084 488 1152 πρὸς
517 1082 608 1134 τὸν
631 1080 835 1150 Πέτρον
866 1074 1204 1147 ἐρρήθησαν.
1239 1067 1586 1138 Διεφημίσθη
1612 1064 1668 1118 δὲ
1697 1064 1725 1115 ὁ
1754 1061 1846 1113 λό-

279 1192 379 1242 γος
408 1168 583 1238 οὗτος,
619 1171 788 1241 ῆγουν
817 1168 928 1237 (59)
960 1168 1043 1219 ὅτι
1075 1164 1176 1216 οὑκ
1208 1160 1561 1228 ἀποθνήσκει,
1606 1157 1682 1218 ὡς
1717 1154 1850 1206 πλα-

1944 616 2122 662 tecum
2161 603 2216 658 in
2251 603 2357 658 hoc
2410 615 2699 657 commune
2725 600 2833 655 est?

2015 698 2164 752 Vers.
2203 695 2295 751 22.
2345 693 2420 748 Tu
2449 708 2530 746 nte
2559 709 2792 755 sequere.
2825 691 2906 745 Tu
2928 697 3084 743 tuam
3114 696 3344 742 mortem
3379 701 3510 741 con-

1941 788 2139 850 sidera,
2175 785 2314 840 nihil
2349 786 2417 840 de
2445 785 2589 839 illius
2613 791 2787 838 morte
2820 779 3171 849 investigans.

2012 877 2167 931 Vera.
2194 876 2284 931 2'5.
2312 875 2458 930 Exit’t
2488 868 2553 918 -ἐ-
2579 876 2792 946 fratres.
2816 871 2951 937 Quis
3003 868 3220 924 sermo?

2013 967 2171 1023 Vera.
2225 966 2316 1023 23.
2373 966 2524 1034 Quod
2581 997 2648 1007 —
2713 972 3025 1017 moreretur.
3076 959 3382 1014 Verisimile
3431 967 3514 1012 est

1944 1075 2178 1130 namque
2209 1069 2264 1114 et
2293 1073 2388 1113 eos
2417 1058 2656 1122 audisse,
2692 1069 2811 1124 qute
2843 1052 3003 1108 Petro
3035 1052 3176 1105 dicta
3208 1057 3382 1104 erant.
3425 1048 3515 1101 Di-

1946 1151 2198 1221 vulgatus
2234 1157 2317 1204 est
2349 1149 2432 1204 hic
2459 1162 2660 1213 sermo,
2694 1144 2965 1206 videlicet,
2998 1141 3140 1212 quod
3177 1154 3285 1194 non
3333 1152 3517 1192 more-

279 1229 952 1334 νηθέντωνάὑτῶν,“καὶ
1008 1257 1082 1327 μὴ
1133 1252 1557 1321 συνεωρακότων
1607 1247 1698 1300 τὸν
1746 1243 1841 1298 τοῦ

1974 1251 2133 1298 λθῑιπι
2181 1241 2306 1310 quia
2347 1239 2622 1301 errabant,
2652 1251 2754 1291 nec
2786 1233 3058 1290 sermonis
3087 1229 3522 1300 assequebantur

282 1357 448 1421 λόγου
503 1351 728 1406 σκοπόν.
787 1347 918 1404 Εἶτα
973 1344 1282 1416 διορθρῦται
1351 1341 1452 1412 τὴν
1505 1335 1851 1407 ὶσφαλμένην

285 1446 504 1514 φήμην.
1296 1489 1303 1501 η

359 1534 471 1589 Kal
504 1562 576 1574 —
601 1533 715 1593 σές
747 1532 926 1599 Ὅπερ
953 1530 1013 1581 οὑ
1044 1527 1199 1596 δηλοί
1241 1526 1323 1578 ὅτι
1356 1523 1455 1576 οὑκ
1486 1519 1851 1589 ἀποθνήσκει,

287 1623 406 1676 ἁλλ’
448 1622 633 1690 ἕτερον
678 1619 792 1688 ἔχει
843 1616 1068 1678 σκοπὸν,
1124 1615 1199 1676 ὡς
1227 1610 1571 1682 προείρηται.
1628 1607 1724 1668 Τίς
1761 1603 1854 1657 οὖν

287 1712 644 1765 ὑπολείπεται
680 1709 838 1776 λόγος
881 1708 996 1769 τοῖς
1045 1701 1438 1772 ἐνισταμένοις,
1464 1698 1547 1751 ὃτι
1571 1698 1630 1751 οὑ
1667 1695 1858 1763 τέθνη-

292 1819 410 1865 κεν,
453 1799 619 1855 αὑτοῦ
662 1798 727 1868 δὴ
768 1797 962 1850 τούτου
1001 1794 1298 1867 διαρρήδην
1336 1783 1564 1862 βοῶντος
1610 1789 1693 1842 ὅτι
1722 1786 1858 1839 πλα·

291 1892 494 1944 νῶνται
523 1890 574 1942 οι
610 1887 769 1941 τοῦτο
796 1884 1307 1954 ὑπολαμϐάνοντεςς

367 1978 555 2045 Οὗτος
581 2009 648 2019 --
673 1977 880 2032 αὐτοῦ.
919 1977 1028 2030 Καὶ
1060 1974 1305 2041 οἴδαμεν,
1362 1983 1411 2023 οι
1457 1969 1657 2031 εἰδότες
1699 1964 1860 2029 αὑτὰ,

290 2073 377 2124 ὅτι
425 2070 639 2139 ἀληθῶς
697 2069 986 2139 μαρτυρεῖ.
1041 2065 1296 2119 Φαίνεται
1328 2062 1436 2130 γὰρ
1470 2061 1552 2112 ὅτι
1586 2059 1680 2112 κα)⁸
1711 2057 1863 2112 ἄλλοι

291 2159 464 2211 ταῦτα
494 2158 808 2226 ἐγίνωσκον.
846 2157 931 2215 '0;
963 2153 1055 2208 οὑν
1084 2153 1285 2222 σφόδρα
1307 2149 1527 2222 θαρρῶν
1547 2149 1615 2218 τῇ
1642 2145 1866 2216 ἀληθείᾳ

294 2245 460 2300 τὀὖτό
521 2263 709 2316 φησιν.
749 2245 929 2311 Ἔγνω
963 2243 1071 2312 γὰρ
1108 2245 1192 2296 ὅτι
1218 2240 1357 2306 δόξει
1384 2241 1524 2291 τισὶν
1570 2237 1701 2299 ῐσως
1731 2235 1867 2288 ὑπο-

297 2353 412 2389 πτα
456 2337 656 2402 λέγειν,
687 2336 776 2388 διὰ
810 2335 870 2387 τὸ
919 2334 995 2403 μὴ
1033 2330 1466 2404 μνημονευθῆναι
1505 2327 1682 2382 ταῦτα
1717 2326 1867 2397 παρὰ

295 2426 412 2478 τῶν
441 2424 616 2478 ἄλλων
647 2422 1071 2491 εὑαγγελιστῶν.

378 2600 545 2651 Ἔστι
566 2597 636 2651 δὲ
658 2628 719 2638 -
747 2600 780 2651 ὁ
812 2597 1070 2665 Ἰησοῦς.
1105 2595 1298 2669 [Τοῦτο
1325 2595 1436 2667 (60)
1484 2596 1580 2649 καὶ
1611 2595 1869 2666 ἀνωτέρω

303 2689 434 2758 περὶ
463 2688 568 2741 τῶν
604 2690 846 2754 σημείων
875 2685 1050 2742 εἶπεν.
1074 2687 1094 2759 ]

378 2779 589 2833 ‘Artra
611 2808 677 2819 —
699 2779 932 2842 βιϐλία.
963 2777 1062 2849 [οὑ
1091 2777 1202 2846 (61)
1231 2781 1400 2850 χωρεί
1420 2778 1474 2833 δὲ
1505 2778 1643 2831 αὑτὰ
1668 2780 1695 2832 ὁ
1717 2779 1869 2848 εἰρη-

309 2869 474 2939 μένος
517 2869 740 2937 κόσμος,
791 2870 886 2921 καὶ
930 2869 1054 2920 καθ’
1093 2870 1280 2938 ἕτερον
1329 2869 1505 2937 λόγον,
1532 2869 1593 2922 οὑ
1626 2869 1714 2924 διὰ
1756 2871 1870 2942 (62)

308 2964 514 3031 πλῆθος
544 2963 1013 3033 συγγραμμάτων,
1054 2963 1189 3016 ἀλλὰ
1229 2963 1316 3016 διὰ
1347 2963 1575 3033 μέγεθος
1607 2966 1870 3034 πραγμά-

305 3069 447 3109 τωνσ
479 3054 599 3106 οὑδὲ
626 3057 797 3123 τόπῳ,
828 3055 963 3107 ἀλλὰ
993 3055 1199 3124 τρόπῳ.
1219 3055 1239 3126 J

383 3144 500 3199 Καθ
547 3146 852 3238 ὑπερϐολὴν
881 3150 909 3200 ὁ
942 3147 1123 3216 λόγος,
1174 3148 1456 3217 ἐμφαίνων
1503 3149 1600 3219 τὴν
1641 3149 1876 3218 ὑπερϐο-
1901 3179 1945 3238 c

311 3238 411 3307 λὴν
465 3238 558 3292 τοῦ
614 3237 854 3308 πλήθους
901 3238 1011 3290 τῶν
1062 3238 1467 3310 πεπραγμένων
1531 3237 1609 3309 τῷ
1661 3238 1872 3308 Κυρίῳ.

313 3327 566 3398 Χρῶνται
607 3328 665 3382 δὲ
721 3328 798 3396 τῷ
846 3327 990 3398 λόγῳ
1039 3329 1138 3398 τῆς
1183 3329 1489 3398 ὑπερϐολῆς
1523 3332 1616 3384 καὶ
1646 3331 1695 3383 οί
1747 3330 1879 3399 γρά-

317 3434 535 3486 φοντες,
570 3419 664 3470 καὶ
703 3420 750 3471 οί
800 3417 1073 3484 λέγοντες,
1111 3419 1240 3472 ὅταν
1273 3418 1582 3489 ὑπερϐολὴν
1620 3420 1871 3489 πράγμαο

316 3525 410 3570 τος
439 3509 786 3577 παραστῆσαι
819 3509 1178 3579 βουληθῶσιν.
1217 3504 1385 3572 Οὗτος
1411 3509 1468 3562 δὲ
1500 3509 1678 3562 καὶτὸ
1710 3506 1882 3578 Οἶμαι

319 3600 578 3672 προσθεὶς
604 3601 830 3655 ἐκόλασε
852 3602 952 3671 τὴν
982 3600 1308 3671 ὑπερϐολὴν,
1332 3600 1428 3653 καὶ
1455 3600 1883 3669 παρεμυθήσατο

317 3695 382 3746 τὸ
409 3693 599 3746 δοκοῦν
631 3691 917 3754 ἀπίθανον,
947 3691 1231 3761 ὑποϐηλῶν
1259 3692 1338 3743 ὅτι
1360 3689 1448 3742 διὰ
1469 3691 1530 3742 τὸ
1559 3689 1884 3760 παμπληθὲς

322 3785 502 3836 αὑτῶν
555 3783 774 3853 εἴρηκεν
829 3781 992 3836 οὑτω.
1055 3783 1163 3835 Καὶ
1217 3781 1352 3835 ἄλλα
1411 3779 1511 3849 μὲν
1565 3774 1658 3833 οὖν
1717 3778 1886 3832 πολλά

325 3872 604 3942 ἐποίησεν,
634 3873 706 3936 ὡς
738 3875 912 3927 πάντα
941 3873 1267 3940 δυναμενος’
1301 3873 1482 3943 ῥᾴδιον
1506 3872 1614 3941 γὰρ
1640 3870 1788 3939 αὐτῷ
1827 3870 1887 3922 τὸ

325 3965 501 4014 ποιεῖν
569 3962 602 4032 ῆ
636 3964 769 4031 ἡμῖν
809 3963 871 4014 τὸ
903 3961 1118 4030 λέγειν’
1178 3962 1313 4030 μόνα
1355 3961 1411 4014 δὲ
1459 3962 1781 4030 ἐγράφησαν
1818 3959 1888 4011 τὰ.

326 4053 463 4124 τρὶς
483 4053 761 4106 εὐσέϐειαν
805 4053 898 4104 καὶ
935 4052 1116 4105 πίστιν
1164 4053 1553 4122 χρησιμώτερα
1583 4051 1676 4104 καὶ
1706 4051 1890 4119 ἀναγ-

322 4145 618 4212 καιότερα,
657 4143 831 4195 ἐκεῖνο
905 4142 1015 4196 τῶν
1076 4141 1534 4213 συγγεγραφότων
1565 4141 1677 4210 (6'5)
1708 4141 1891 4206 ἑννοηο

331 4229 560 4293 σάντων,
599 4230 675 4293 ὡς
711 4231 739 4283 ὑ
767 4230 840 4300 μὴ
869 4231 984 4294 τοῖς
1021 4233 1282 4302 γραφεῖσι
1313 4228 1585 4282 πιστεύων
1630 4229 1752 4282 οὑδὲ
1779 4231 1893 4291 τοῖς

331 4322 543 4374 πλείοσι
575 4321 850 4391 προσέξει.
884 4321 942 4376 '0
967 4321 1023 4376 ϐὶ
1062 4321 1236 4376 ταῦτα
1271 4321 1562 4391 δεξάμενος
1600 4322 1799 4390 ἑτέρων
1831 4319 1892 4372 οὑ

328 4412 673 4484 δεηθήσεται.

401 4585 616 4638 Γένοιτο
642 4585 697 4638 δὲ
732 4585 900 4655 ἡμᾶς,
923 4583 1164 4646 τελείους
1195 4582 1536 4654 θεραπευτὰς
1567 4581 1665 4652 τῆς
1696 4598 1894 4634 παντε-

331 4675 478 4728 λείου
520 4675 750 4746 Τριάδος
779 4674 1173 4743 ἀναφανέντας,
1199 4674 1390 4745 ἀγαθῷ
1429 4673 1570 4727 τέλει
1609 4675 1898 4726 κατακλεῖ-

334 4786 428 4822 σαι
451 4767 563 4839 (64)
587 4767 677 4820 τὸν
701 4767 834 4837 βίον,
867 4769 925 4820 ὲν
949 4767 1168 4836 Χριστῷ
1203 4767 1375 4837 Ἰησοῦ
1401 4766 1477 4838 τῷ
1501 4765 1686 4836 Κυρίῳ
1719 4763 1896 4836 ἡμῶν.

346 4862 403 4913 Ἀ
415 4865 539 4913 μήν.

491 4878 539 4913 ν.

407 4865 497 5024 :2:
520 4955 630 5025 (65)
657 4955 978 5024 συντελεστῇ
1007 4951 1115 5005 τῶν
1142 4949 1322 5005 καλῶν
1345 4949 1462 5019 Θεῷ
1484 4948 1661 5019 χάρις.
1700 4945 1895 5015 ⁹Δμήν.

896 5063 1062 5127 Τέλος
1101 5063 1336 5116 πάντων.

1951 1333 2330 1389 intentionem.
2372 1328 2578 1384 Deinde
2629 1325 2852 1397 corrigit
2893 1337 3170 1379 rumorem
3207 1333 3523 1376 erroneum.

2020 1503 2285 1561 γει-αλλ
2312 1502 2387 1559 Et.
2406 1530 2478 1542 -
2505 1501 2592 1555 te.’
2618 1498 2772 1567 Quod
2799 1513 2910 1552 non
2937 1494 3223 1564 signiﬁcat.
3252 1505 3376 1547 eum
3403 1504 3516 1544 non

1955 1599 2305 1660 moriturum,
2360 1594 2453 1650 sed
2483 1593 2644 1648 aliam
2683 1589 2844 1645 habet
2878 1587 3263 1648 intentionem,
3295 1591 3356 1637 ut
3389 1595 3529 1652 prat-

1957 1688 2160 1743 dictum
2215 1693 2318 1740 est.
2360 1681 2494 1749 Quis
2546 1694 2676 1751 ergo
2711 1677 3041 1747 relinquitur
3086 1687 3268 1730 sermo
3314 1685 3534 1726 asseve«

1958 1777 2226 1842 rantibus,
2245 1789 2372 1830 eum
2399 1788 2512 1828 non
2539 1786 2660 1827 esse
2685 1779 2980 1834 mortuum,
3009 1782 3133 1823 cum
3162 1766 3273 1835 iam
3302 1765 3534 1835 ipsemet

1959 1868 2265 1925 luculenter
2295 1867 2490 1922 clamet
2513 1863 2656 1934 quod
2679 1870 2884 1925 errent,
2912 1860 3004 1930 qui
3023 1861 3128 1914 hoc
3149 1852 3534 1926 suspicantur?

2032 1960 2191 2016 Vere.
2240 1958 2332 2013 24.
2385 1956 2488 2010 llic
2512 1982 2575 1993 —
2599 1955 2735 2024 ejus.
2788 1952 2854 2008 Et
2886 1951 3113 2015 scimus,
3145 1948 3236 2018 qui
3269 1962 3332 2002 ea
3377 1944 3536 2000 novi-

1966 2067 2111 2114 mus.
2150 2050 2295 2121 quod
2343 2061 2530 2102 verum
2579 2045 2866 2116 perhibeat
2916 2039 3310 2097 testimonium.
3360 2039 3541 2108 Appa-

1965 2151 2053 2199 ret
2109 2143 2277 2205 enim,
2329 2139 2473 2209 quod
2515 2145 2571 2191 et
2614 2137 2703 2190 alii
2739 2135 2843 2190 hoc
2889 2131 3285 2203 intelligebant.
3316 2127 3529 2196 Itaque,

1967 2243 2220 2302 tanquam
2244 2230 2597 2284 vehementer
2623 2225 2793 2282 fretus
2822 2222 3072 2285 veritate,
3103 2221 3206 2275 hoc
3237 2218 3397 2274 dicit:
3424 2215 3537 2272 No-

1963 2324 2017 2378 vi
2052 2321 2338 2394 siquidem,
2370 2317 2513 2390 quod
2541 2316 2812 2387 aliquibus
2842 2312 3114 2369 videbitur
3142 2307 3386 2364 fortassis
3418 2320 3542 2360 sus-

1967 2425 2122 2487 pecta
2154 2415 2358 2478 dicere,
2407 2428 2474 2468 eo
2508 2409 2652 2481 quod
2684 2408 2753 2463 ab
2789 2406 2910 2461 aliis
2948 2399 3293 2474 evangelistis
3345 2400 3541 2453 horum

1969 2524 2080 2563 non
2114 2509 2186 2562 sit
2216 2506 2355 2562 facta
2385 2503 2610 2559 mentio.

2041 2597 2194 2652 νει-ε.
2237 2598 2329 2652 25.
2379 2596 2514 2650 Sunt
2544 2603 2721 2647 autem
2758 2621 2827 2632 -—
2871 2587 3043 2643 Iesus.
3087 2588 3212 2648 Hoc,
3244 2585 3410 2641 etiam
3444 2598 3540 2639 su-

1970 2689 2158 2760 perius
2186 2687 2322 2742 dixit
2346 2686 2415 2741 de
2443 2684 2630 2756 signis.

2043 2778 2201 2836 Vers.
2243 2775 2337 2832 9.5.
2371 2774 2502 2840 Qua:
2531 2801 2601 2815 --
2634 2771 2815 2825 libros.
2873 2767 2990 2822 Non
3041 2772 3259 2836 caperet
3319 2776 3412 2818 eos
3464 2760 3551 2816 di-

1974 2879 2097 2925 ctus
2167 2866 2428 2930 mundus,
2494 2863 2600 2918 alio
2648 2861 2823 2918 etiam
2884 2857 3081 2914 modo:
3141 2869 3254 2910 non
3315 2861 3539 2924 propter

1976 2961 2276 3014 litterarum
2313 2953 2742 3016 multitudinem,
2783 2949 2878 3005 sed
2912 2957 3134 3018 propter
3181 2959 3364 3001 rerum
3394 2957 3548 3013 mag-

1976 3048 2312 3104 nitudinem:
2359 3059 2534 3114 neque
2575 3043 2643 3098 de
2689 3043 2810 3096 loco
2852 3037 3112 3109 loquitur,
3146 3036 3246 3096 sed.
3270 3034 3339 3090 de
3365 3032 3547 3088 modo.

2050 3136 2456 3209 Hyperbolicus
2508 3142 2593 3189 est
2643 3145 2845 3196 sermo,
2901 3127 3196 3185 ostendens
3227 3124 3548 3179 immensam

1977 3228 2379 3286 multitudinem
2436 3239 2624 3280 eorum
2685 3235 2804 3291 quae
2857 3235 2889 3274 a
2921 3217 3149 3272 Domino
3204 3215 3348 3270 facta
3401 3222 3547 3267 sunt.

1979 3321 2221 3376 Utuntur
2253 3325 2435 3370 autem
2472 3326 2726 3368 sermone
2784 3306 3136 3380 hyperbolico
3177 3313 3232 3360 et
3277 3303 3365 3371 qui
3415 3300 3549 3356 scri-

1980 3410 2138 3472 bunt,
2164 3415 2221 3462 et
2258 3405 2351 3475 qui
2391 3404 2710 3472 loquuntur,
2751 3397 2969 3468 quando
3003 3395 3081 3450 rei
3125 3391 3552 3462 magnitudinem

1981 3499 2266 3556 ostendere
2315 3495 2691 3550 decreverunt.
2728 3489 2832 3544 Hic
2883 3496 3064 3541 autem
3124 3483 3336 3537 addens
3390 3479 3554 3534 etiam

1983 3591 2233 3653 verbum,
2263 3585 2479 3653 Opinor,
2505 3579 2757 3651 auxithlt)
2780 3576 3134 3650 hyperbolen,
3180 3587 3244 3627 ac
3294 3568 3560 3626 suadibile

1987 3677 2137 3741 fecit,
2163 3673 2305 3745 quod
2361 3667 2682 3726 incredibile
2716 3665 3035 3719 videbatur:
3073 3660 3378 3719 insinuans,
3411 3653 3560 3724 quod

1985 3768 2056 3824 ob
2096 3743 2382 3820 maximam
2425 3772 2615 3814 eorum
2663 3753 3067 3810 multitudinem
3108 3748 3182 3802 ita
3209 3746 3426 3803 dixerit.
3466 3743 3559 3797 Si-

1986 3858 2204 3929 quidem
2257 3863 2313 3909 et
2364 3851 2467 3906 alia
2514 3848 2681 3902 multa
2733 3845 2882 3908 iecit,
2940 3851 3128 3912 utpote
3180 3838 3561 3907 omnipotens;

1987 3925 2112 4004 nam
2144 3947 2195 4002 ei
2227 3944 2437 4001 facilius
2463 3949 2582 3997 erat
2604 3938 2804 4002 facere,
2834 3949 2995 4006 quam
3029 3931 3186 3986 nobis
3205 3929 3405 3985 dicere.
3434 3925 3564 3981 Sola

1989 4047 2171 4094 autem
2201 4051 2264 4091 ea
2291 4033 2647 4102 scripserunt,
2678 4041 2799 4097 qua:
2837 4024 2904 4078 ad
2939 4022 3252 4091 religionem
3299 4033 3364 4072 ac
3400 4016 3560 4070 ﬁdem

1991 4127 2208 4185 utiliora
2247 4131 2426 4185 erant,
2452 4119 2730 4189 magisque
2753 4111 3060 4169 necessaria
3084 4125 3100 4163 :
3131 4106 3276 4179 quod
3309 4107 3410 4159 hoc
3432 4118 3565 4158 con-

1993 4221 2301 4276 siderarent
2351 4214 2405 4268 hi
2451 4209 2547 4281 qui
2605 4207 2974 4276 scripserunt,
3005 4199 3151 4268 quod
3193 4196 3284 4266 qui
3317 4195 3403 4249 bis
3433 4209 3558 4263 qua

1993 4309 2193 4379 scripta
2215 4314 2344 4361 sunt
2369 4317 2481 4358 non
2510 4301 2701 4362 credit,
2735 4307 2912 4366 neque
2934 4289 3177 4362 pluribus
3209 4286 3367 4379 [idem
3392 4283 3563 4339 habe-

1999 4374 2120 4455 bit:-
2141 4398 2192 4452 ei
2234 4409 2384 4458 vero,
2419 4391 2511 4463 qui
2540 4391 2656 4446 haec
2685 4384 2934 4454 suscipit,
2970 4379 3073 4435 alia
3097 4374 3402 4434 necessaria
3441 4387 3554 4426 non

1922 4511 1969 4570 ι)
1998 4498 2181 4544 erunt.

2062 4579 2282 4636 Utinam
2308 4582 2490 4630 autem
2516 4580 2571 4627 et
2604 4583 2703 4623 nos
2734 4562 2958 4636 perfecti
2985 4559 3212 4616 ministri
3238 4551 3566 4625 perfectissi-

1993 4687 2095 4728 mae.
2129 4665 2407 4724 Trinitatis
2440 4663 2754 4723 haheamur,
2788 4671 2850 4710 ac
2881 4657 3044 4709 vitam
3090 4653 3231 4705 bono
3287 4646 3392 4700 ﬁne
3429 4658 3564 4698 con-

1994 4761 2298 4824 cludamus,
2325 4770 2419 4826 per
2447 4751 2720 4808 Christum
2753 4746 2939 4802 Jesum
2973 4742 3258 4798 Dominum
3289 4738 3565 4792 nostrum.

1996 4857 2191 4907 Amen.

2601 5045 2748 5100 Finis
2776 5040 3041 5097 omnium.

1519 5235 1721 5297 Varie)
1766 5231 2074 5294 lectiones
2106 5233 2167 5289 et
2202 5233 2388 5288 noue.

420 5432 530 5502 (59)
560 5433 764 5502 ἰίγουν
792 5425 991 5502 omittit
1027 5425 1086 5502 Α.

566 5483 778 5574 inclusa
837 5497 1032 5550 absunt
1072 5493 1136 5546 Α.
1207 5488 1518 5560 [inspicitur
1591 5494 1770 5540 autem
1828 5483 1896 5538 ad

345 5568 628 5631 ’05"fo
667 5568 757 5624 50.

421 5642 531 5716 (61)
559 5629 684 5696 llaec
708 5639 762 5692 in
791 5634 1032 5704 margine
1064 5629 1228 5685 habet
1256 5633 1319 5682 Α.

2075 5409 2184 5478 (θυι)
2220 5407 2292 5478 Τό
2337 5403 2572 5478 addita.

2077 5471 2187 5544 (65)
2217 5477 2362 5543 Συγγ
2371 5474 2650 5544 ραφόντων
2679 5471 2744 5523 Α.

2077 5491 2187 5565 (ῥῦ)
2219 5491 2650 5594 Συγγραφοντων
2679 5491 2744 5523 Λ.
2921 5535 2932 5547 ο
3021 5533 3032 5546 .

2076 5550 2190 5616 (δι)
2216 5547 2379 5616 ίίαταιΔ
2404 5560 2529 5616 υσαι
2564 5537 2804 5616 κῆρ-σά
2853 5541 3238 5616 usitattnscst.

2075 5603 2185 5690 (655
2222 5614 2343 5670 llaec
2369 5612 2423 5667 in
2456 5611 2562 5668 line
2583 5603 2789 5666 adiidit
2815 5605 2994 5663 scriba
3024 5603 3158 5659 Cod.
3190 5603 3255 5658 A.

424 5803 534 5874 (hic)
579 5800 754 5854 Auxit.
807 5797 942 5858 lmo,
1001 5787 1299 5860 castigavit,
1351 5785 1684 5856 temperavit,
1749 5778 2032 5852 mitigavit.
