4032 6286
1400 454 1435 468 ἡ

245 443 3453 535 W

792 622 1421 785 ANASTASII
1520 633 1978 792 0PERUM
2080 640 2870 804 GONTINUATW.
2983 639 2998 646 ’

1586 1037 1937 1152 SANC
1957 1043 2136 1153 TA
2505 1161 2508 1165 .

296 1256 1316 1528 ἓρησῖτης
1483 1306 2189 1482 octaua
2355 1298 3407 1552 generalis.

961 1641 2213 1744 CONSTANTINOPOLITANA
2273 1669 2709 1764 QUARTA,
2767 1725 2772 1728 -

1141 1831 1756 1941 Anastasio
1837 1842 2520 1997 interprete,
2562 1993 2566 1998 λ

1037 2055 1200 2117 (Αριιὰ
1225 2055 1492 2120 Labbeum,
1515 2056 1834 2108 (‘onciliorum
1857 2058 2056 2127 Collect.
2083 2070 2199 2112 tom.
2225 2060 2358 2126 Vlll,
2380 2077 2487 2128 pag.
2514 2068 2623 2117 962.

635 2325 1752 2439 PREFATIQANASTASII
1816 2333 1924 2410 IN
1984 2333 2477 2416 SYNODUM
2537 2339 3040 2425 OCTAVAM.

1534 2516 2162 2542 Μ

282 2629 514 2685 Donuuo
536 2638 722 2685 sancto
740 2638 794 2685 et
813 2629 1120 2701 coangelieo
1141 2631 1282 2686 Patri
1307 2631 1526 2687 Patrum
1549 2636 1790 2690 Annuso
1819 2639 1869 2697 Λ
1898 2634 2106 2692 uastica
2139 2637 2249 2694 vita
2295 2639 2464 2698 electa
2491 2683 2508 2708 ,
2559 2643 2614 2726 in
2663 2648 2910 2705 coenobio
2949 2665 2980 2704 a
3005 2651 3264 2721 primaeva
3305 2664 3464 2716 aetate

218 2735 417 2775 summo
439 2721 688 2788 pontiﬁci
711 2731 766 2777 et
793 2723 1079 2778 universali
1107 2739 1276 2794 papre,
1303 2739 1400 2795 ego
1427 2724 1654 2780 famulus
1699 2742 1790 2782 ve-

217 2820 321 2864 ster
346 2813 686 2867 ANASTASIUS
719 2821 970 2882 peccator
1011 2814 1199 2880 abbas,
1239 2823 1292 2870 et
1327 2830 1552 2897 summae
1595 2826 1789 2873 vestrae

217 2909 520 2974 apostolica:
540 2908 683 2962 sedis
709 2907 1169 2964 bibliothecarius.

280 2997 406 3062 Quia
435 3012 676 3066 superna
695 2998 1064 3072 providentia,
1091 3015 1212 3068 qua:
1232 2999 1440 3069 singula
1468 3000 1692 3068 singulis
1712 3003 1786 3055 ita

217 3088 480 3162 distinguit
515 3091 866 3160 temporibus,
895 3099 955 3145 ut
981 3099 1197 3147 sanctos
1249 3107 1376 3146 suos
1397 3091 1562 3146 veluti
1606 3093 1758 3158 splen

216 3180 382 3235 deutia
410 3182 662 3250 quaedam
687 3191 832 3236 astra
863 3197 965 3234 non
987 3182 1209 3250 pariter,
1233 3182 1324 3236 sed
1352 3181 1554 3236 vicibus
1582 3181 1788 3235 discre-

217 3270 282 3324 tis
311 3271 374 3324 ad
392 3271 842 3325 illuminationem
867 3271 1116 3326 Ecclesiae
1138 3286 1248 3325 sua:
1281 3270 1538 3340 proferat,
1570 3283 1784 3341 aposto-

217 3359 370 3416 latum
399 3372 642 3417 vestrum
675 3363 876 3416 nostris
927 3362 1257 3430 temporibus
1308 3361 1461 3431 quasi
1515 3363 1779 3430 quoddam

217 3447 460 3516 fulgidum
494 3452 650 3506 sidus
683 3451 950 3520 produxit,
973 3450 1125 3518 cujus
1149 3463 1390 3522 tempore
1413 3461 1574 3520 atque
1601 3460 1784 3505 aucto-

215 3537 363 3592 ritate
387 3549 583 3594 sancta
629 3540 946 3594 universalis
975 3548 1028 3594 et
1077 3555 1266 3610 magna
1313 3541 1548 3610 synodus
1591 3551 1781 3596 octava

209 3628 594 3693 celebraretur,
623 3638 680 3683 et
705 3643 862 3683 sacra
889 3628 1130 3683 doctrina
1161 3629 1356 3684 coelum
1378 3639 1579 3685 sauctte
1603 3633 1784 3685 catho-

213 3695 320 3771 licae
337 3727 390 3771 et
406 3717 719 3789 apostolicae
742 3718 1012 3781 Ecelesim,
1047 3719 1281 3774 tenebris
1305 3734 1548 3775 errorum
1600 3721 1783 3789 depul-

212 3805 302 3872 sis,
324 3805 482 3875 jubar
502 3807 621 3863 veri
653 3807 868 3862 luminis
894 3809 1212 3864 illustratum
1244 3810 1543 3879 perciperet
1568 3828 1580 3864 :
1605 3826 1781 3880 operae

211 3895 434 3965 pretium
457 3896 614 3961 duxi,
643 3904 751 3950 tam
777 3895 842 3950 ad
862 3897 1071 3952 laudem
1095 3899 1328 3954 auctoris
1351 3914 1510 3968 quam
1536 3901 1604 3953 ad
1625 3911 1782 3955 mter-

1888 2727 2042 2784 miris
2071 2729 2241 2786 eluxit
2267 2748 2478 2790 morum
2501 2745 2556 2791 et
2579 2737 2839 2794 virtutum
2864 2742 3254 2811 splendoribus,
3283 2764 3344 2802 ac
3366 2765 3463 2818 per

1887 2816 1942 2871 id
1973 2819 2246 2876 diuturnis
2288 2825 2562 2881 exercitiis
2592 2830 2866 2896 eruditus,
2890 2840 2945 2885 et
2973 2834 3024 2886 in
3052 2837 3198 2891 omni
3236 2816 3463 2896 scientia

1884 2915 1941 2963 et
1968 2925 2132 2978 opere
2155 2913 2294 2966 bono
2317 2916 2575 2983 probatus
2589 2918 2701 2987 jam
2723 2935 2907 2985 senex,
2930 2933 3245 2982 cunctorum
3272 2929 3462 2984 unani-

1887 2998 2078 3052 mitate
2099 2999 2167 3053 ad
2193 2991 2391 3056 summi
2421 3005 2706 3062 sacerdotii
2743 3011 2943 3079 petitus
2981 3021 3034 3068 et
3056 3026 3338 3085 promotus
3373 3028 3461 3074 est

1887 3088 2117 3158 apicem.
2149 3090 2291 3148 Sane
2323 3095 2639 3152 restiterunt
2682 3100 2842 3172 hujus
2869 3107 3204 3174 provectioui
3242 3112 3458 3178 quidam

1883 3181 2139 3250 perpauci
2167 3183 2422 3254 episcopi,
2456 3185 2595 3242 inter
2621 3204 2756 3258 quos
2790 3202 2909 3246 erat
2935 3192 3308 3264 Syracusanus
3327 3197 3463 3264 Gre-

1884 3271 2100 3340 gorius,
2131 3288 2196 3329 eo
2225 3278 2368 3346 quod
2403 3294 2496 3334 eos
2524 3291 2744 3352 propter
2771 3283 3046 3342 difl‘amata
3096 3299 3151 3344 et
3185 3291 3461 3360 publicata

1885 3363 2140 3418 nonnulla
2168 3367 2396 3424 crimina
2423 3370 2474 3425 in
2507 3374 2812 3431 sacerdotio
2839 3378 2980 3444 vitae,
3007 3388 3134 3436 ante
3161 3383 3459 3442 refricatio-

1885 3462 2009 3506 nem
2039 3452 2089 3508 in
2113 3469 2206 3509 eos
2233 3457 2365 3512 illati
2382 3458 2572 3526 judicii
2603 3478 2664 3519 se
2686 3479 2796 3520 non
2825 3483 2983 3537 posse
3005 3472 3264 3542 recipere,
3297 3491 3460 3538 canos

1885 3541 2007 3596 nica
2030 3543 2102 3597 sit
2122 3559 2187 3599 ac
2214 3547 2327 3602 miti
2357 3551 2565 3607 ratione
2596 3552 2867 3624 profatus;
2897 3541 3261 3632 propterquae
3281 3606 3298 3631 ,
3327 3568 3456 3637 quia

1884 3629 1972 3682 illa
2001 3631 2372 3691 satisfactione
2403 3655 2508 3693 non
2535 3643 2854 3710 abluerunt,
2895 3629 3088 3705 merito
3110 3629 3456 3722 postmodum

1884 3719 1953 3772 ab
1980 3733 2046 3774 eo
2075 3729 2129 3776 et
2155 3725 2358 3792 synodo
2387 3727 2620 3784 abdicati
2667 3741 2814 3789 sunt.
2859 3719 3327 3797 Favebat—autem
3367 3743 3456 3800 bis

1884 3810 2103 3880 quidam
2133 3823 2352 3870 senator
2394 3821 2670 3888 smcularis
2710 3825 3190 3888 administrationis
3227 3833 3454 3907 fungens

1883 3896 2080 3992 ofﬁcio,
2107 3916 2136 3955 a
2167 3906 2418 3976 secretis,
2447 3909 2663 3978 nomine
2701 3910 2966 3983 Pbotius,’
2992 3918 3083 3988 qui
3122 3920 3190 3975 ad
3226 3896 3458 3992 patriar-

213 4003 328 4042 nam
354 3989 694 4059 apostolatus
725 3990 890 4044 vestri
937 3992 1273 4057 memoriam,
1323 3994 1602 4064 scriptura:
1663 4006 1772 4052 tra-
1807 3984 1854 4044 Β
1880 3979 2032 4048 cltale
2056 3996 2417 4066 conscendere
2437 3997 2706 4071 fastigium
2735 4005 3010 4074 affectans,
3031 4026 3166 4082 _cum
3194 4013 3272 4068 eis
3295 4029 3452 4070 seor-

209 4079 347 4144 dere,
375 4089 681 4150 vestraque
699 4081 1047 4136 dominationi
1072 4083 1304 4138 breviter
1359 4085 1628 4149 intimare,
1659 4104 1777 4158 quae

211 4165 362 4222 fuerit
385 4167 634 4236 ejusdem
663 4176 863 4224 saneta:
906 4170 1093 4240 synodi
1143 4172 1368 4227 materia
1419 4174 1775 4243 celebrandaé,

211 4261 286 4316 vel
307 4266 446 4333 quod
469 4263 785 4334 apostolica:
810 4262 954 4318 sedis
989 4279 1150 4334 super
1179 4265 1290 4319 brec
1313 4265 1626 4335 disponendi
1655 4257 1774 4323 stu?

211 4349 346 4406 dium
369 4353 455 4408 vel
500 4353 824 4418 auctoritas;
877 4353 1004 4422 quid
1058 4354 1221 4408 etiam
1270 4355 1338 4410 ab
1395 4355 1481 4410 illa
1527 4357 1610 4413 vel
1661 4365 1773 4412 tra—

213 4447 404 4494 ctatum
457 4440 548 4495 vel
592 4440 770 4497 fuerit
813 4442 1107 4497 deﬁnitum.
1162 4443 1520 4510 Quamobrem
1562 4463 1774 4518 quoque

208 4528 284 4583 vel
308 4538 522 4596 octava,
552 4530 640 4586 vel
664 4531 871 4586 dicatur
901 4531 1238 4598 universalis,
1263 4535 1384 4605 quis
1409 4536 1573 4591 etiam
1608 4539 1775 4593 inter-

209 4629 442 4688 pretatus
469 4622 620 4676 illam
650 4623 937 4688 exstiterit,
962 4631 1018 4679 et
1047 4640 1116 4678 ne
1141 4625 1237 4694 ipsi
1269 4629 1473 4698 synodo
1513 4643 1774 4698 praesum-

209 4709 312 4777 ptio
339 4709 606 4782 cujusque
635 4725 753 4780 quzn
781 4711 834 4766 in
864 4727 926 4767 ea
955 4713 1173 4768 definita
1199 4731 1303 4770 non
1328 4726 1482 4783 sunt,
1513 4735 1770 4790 processu

209 4801 458 4868 temporis
487 4801 674 4866 addat,
708 4801 968 4857 sollicitos
993 4805 1220 4861 reddere
1243 4821 1306 4861 ac
1335 4807 1572 4862 intentos
1610 4810 1776 4864 lecto-

210 4905 309 4945 res.
331 4891 462 4958 Qute
487 4891 980 4959 videlicet'notans,
1020 4909 1127 4949 non
1168 4897 1320 4964 quasi
1351 4898 1523 4953 inscio
1561 4908 1774 4968 aposto-

210 4980 311 5036 latu
346 4992 532 5038 vestro
575 4983 861 5039 scribendo
898 4983 1112 5052 refero,
1155 4987 1249 5042 sed
1291 4996 1544 5059 tanquam
1580 4993 1770 5046 horum

210 5074 416 5128 conscio
444 5081 502 5128 et
530 5081 687 5136 teste,
715 5073 976 5129 historica
1000 5075 1334 5146 expositione
1361 5079 1429 5133 ad
1455 5080 1770 5135 memoriam

213 5174 437 5219 vestram
467 5165 690 5221 reduco.

272 5253 537 5323 Tempore
580 5255 760 5326 itaque
806 5256 1079 5313 Michaelis
1128 5268 1185 5313 et
1233 5259 1528 5317 Theodorze
1582 5262 1770 5317 matris

1879 4094 1998 4135 sum
2029 4081 2343 4156 colligebat,
2373 4097 2428 4142 et
2457 4089 2640 4145 fideles
2665 4108 2906 4164 quosque
2928 4112 2958 4151 a
2981 4081 3182 4154 sanctas
3209 4115 3456 4157 commu-

1876 4173 2056 4229 nionis
2081 4177 2492 4247 participatione
2521 4193 2794 4248 avertens,
2828 4187 3024 4243 divinis
3045 4189 3307 4247 interesse
3333 4207 3449 4264 my-

1879 4262 2093 4328 steriis,
2147 4265 2273 4320 dum
2320 4281 2351 4320 a
2409 4271 2720 4338 patriarcha
2772 4273 2976 4346 lgnatio
3018 4262 3445 4348 celebrarentur,

1877 4353 2095 4422 penitus
2141 4357 2634 4416 recusabatznibil
2664 4363 2868 4421 habens
2909 4366 2964 4421 in
2994 4384 3154 4425 causa
3197 4373 3447 4442 pietatis,

1879 4441 2021 4498 unde
2059 4445 2364 4512 pontificem
2392 4451 2666 4519 proprium
2699 4455 3148 4522 reprehenderet.
3175 4441 3275 4515 nisi
3305 4465 3448 4532 quod

1877 4532 2252 4602 suspicabatur
2268 4551 2394 4592 eum
2423 4539 2587 4593 vitam
2614 4542 2912 4598 decessoris
2935 4547 3038 4611 sui,
3065 4547 3117 4602 id
3145 4559 3223 4604 est
3244 4562 3448 4608 sancta:

1878 4625 2151 4680 memoria:
2198 4629 2521 4696 patriarchae
2568 4645 2825 4689 accusare
2868 4635 3162 4704 Mctltodii,
3201 4657 3321 4697 cum
3357 4644 3446 4698 ille

1879 4726 1985 4766 non
2015 4712 2186 4766 solum
2231 4715 2375 4771 hunc
2403 4717 2456 4771 in
2494 4719 2638 4774 nullo
2668 4721 2884 4790 penitus
2915 4736 3220 4800 accusaret,
3256 4746 3443 4787 verum

1877 4802 2039 4856 etiam
2081 4804 2236 4859 miris
2277 4805 2528 4882 laudibus
2554 4824 2767 4880 semper
2809 4812 3046 4881 efferret,
3094 4803 3236 4887 quin.
3267 4823 3447 4891 potius

1877 4893 2192 4948 memoriam
2225 4895 2367 4952 illius
2403 4898 2543 4954 inter
2568 4911 2786 4956 sanctos
2813 4904 3183 4973 patriarchas,
3209 4909 3333 4964 dum
3361 4911 3442 4965 di-

1876 4983 1998 5036 vina
2028 4985 2282 5055 mysteria
2311 4987 2649 5057 gererentur,
2680 4990 2914 5057 faceret,
2945 5003 3002 5048 et
3028 4994 3167 5050 diem
3194 4999 3444 5070 anniver:

1877 5073 2079 5128 sarium
2104 5075 2415 5154 solemniter
2439 5088 2494 5136 et
2525 5081 2956 5151 imprzetermisse
2997 5099 3158 5154 super
3195 5089 3312 5158 ejus
3351 5079 3443 5145 n04

1877 5163 2022 5219 mine
2051 5165 2369 5222 celebraret.
2394 5167 2650 5234 Quamvis
2697 5173 2798 5227 hoc
2828 5174 3002 5244 ipsum
3031 5175 3171 5231 idem
3219 5179 3441 5236 PilOlillS

1879 5254 2020 5310 sicut
2047 5265 2240 5312 czetera
2271 5258 2411 5315 illius
2435 5269 2583 5331 gesta
2605 5262 2824 5319 sinistre
2848 5265 3228 5337 interpretans,
3251 5271 3444 5327 callide

213 5341 317 5408 ejus
361 5344 781 5413 imperatorum,
828 5347 1076 5402 abdicato
1120 5348 1474 5405 Ieonomacho
1526 5349 1730 5406 Joanne
1749 5392 1765 5417 ,
1795 5326 1839 5388 C
1873 5346 2053 5402 facere
2075 5349 2186 5402 suis
2208 5350 2540 5408 auditoribus
2561 5355 2896 5422 praedicaret,
2918 5356 3022 5412 alia
3045 5359 3293 5429 inquiens
3315 5376 3444 5439 eum,

213 5430 405 5488 electus
428 5442 484 5488 et
515 5442 857 5491 consecratus
884 5444 968 5492 est
993 5438 1298 5508 patriarcha
1323 5439 1772 5511 Constantinopon

213 5517 316 5576 leos
351 5521 622 5591 lgnatius,
670 5524 761 5593 qui
795 5523 1056 5580 Michacle
1099 5528 1368 5595 quondam
1413 5529 1768 5598 imperatore,

214 5607 352 5675 cujus
381 5611 525 5665 filius
549 5621 700 5677 erat,
746 5614 1032 5684 imperium
1064 5627 1252 5685 sponte
1282 5617 1555 5688 religionis
1585 5609 1771 5676 amore

214 5695 533 5762 dimittente,
560 5703 839 5758 eunuchus
869 5702 1068 5756 invidia
1102 5703 1276 5759 factus
1306 5715 1418 5771 est;
1445 5707 1634 5762 deinde
1657 5724 1770 5762 mo-

641 5791 908 5852 PATROL.
954 5791 1238 5858 CXXIX.

1874 5437 1927 5493 in
1951 5440 2112 5495 corde
2143 5449 2343 5506 tenere,
2375 5442 2478 5496 alia
2511 5437 2568 5498 in
2594 5459 2753 5514 opere
2779 5447 3168 5503 demonstrare.

1943 5529 2078 5584 Cum
2101 5531 2260 5601 igitur
2286 5532 2506 5588 Pbotius
2535 5535 2771 5592 Sociatus
2799 5539 3178 5606 schismatieis,
3208 5555 3436 5610 quorum

1873 5603 2063 5673 auctor
2091 5620 2347 5689 praefatus
2384 5631 2504 5676 erat
2553 5624 2922 5695 Syracusanus
2955 5603 3282 5696 Gregorius,
3317 5644 3438 5698 per-

1874 5705 2123 5765 suaderet
2167 5712 2404 5777 cunetis,
2441 5716 2531 5784 qui
2569 5718 2719 5771 ouasi
2773 5719 2860 5786 pio
2914 5717 3056 5772 circa
3112 5717 3431 5773 Methodium

3007 5807 3034 5864 1
