4032 6286
503 405 560 461 tt
1652 391 2010 448 ANASTASU
2048 388 2586 444 Βιδιιυίἰιιειλιιιιι
3674 396 3739 449 η

501 517 782 590 (habentes
809 511 1024 582 quidem
1052 508 1224 563 zelum
1246 507 1488 580 justitize,
1521 506 1614 562 sed
1643 522 1745 559 non
1777 501 2069 559 secundum
2100 513 2142 566 Α
2173 503 2462 559 crudelitas
2493 504 2640 558 furit.
2673 504 2936 560 Pra-terea
2964 507 3182 562 f‘hotius
3231 508 3281 562 in
3331 507 3431 565 hac
3477 520 3631 582 parte
3685 527 3744 565 se

429 630 448 650 ί
501 604 809 673 scientiam)
838 601 1030 657 affectu
1057 599 1374 670 ﬂagrabant,
1406 599 1547 669 quod
1582 597 1890 668 patriarcha
1915 595 2070 665 lgna-

499 702 605 754 tius
648 700 933 766 derogator
960 702 1103 748 esset
1132 691 1368 759 ejusdem
1401 699 1600 745 sancta:
1641 689 1913 742 memoria:
1962 686 2069 739 Me-

501 787 665 843 thodii
693 826 708 850 ,
739 794 793 838 et
823 784 1024 838 idcirco
1071 782 1221 851 quasi
1267 781 1535 849 parricida
1579 777 1718 833 foret
1761 776 2066 839 habendus,

503 876 638 930 fama
666 872 956 928 crebrescit
981 888 993 924 :
1017 869 1244 923 Bardam
1277 867 1574 921 scholarem
1599 865 1949 919 domesticum
1970 903 1985 927 ,
2016 872 2071 916 et

502 964 796 1018 Theodome
840 958 1197 1030 imperatricis
1233 971 1546 1026 germanum
1571 997 1586 1020 ,
1627 955 1832 1008 incesto
1877 967 2067 1007 nurum

502 1053 770 1124 propriam
819 1066 916 1103 usu
971 1047 1212 1110 foedare,
1266 1061 1426 1114 quem
1477 1043 1784 1114 patriarcha
1831 1041 2072 1097 criminis

499 1141 804 1211 redarguit,
837 1137 1212 1191 interminatus
1239 1133 1811 1188 excommunicamlum
1839 1172 1853 1195 ,
1898 1131 2000 1184 nisi
2041 1143 2069 1183 a

501 1241 648 1287 tanto
667 1228 866 1298 ﬂagitio
888 1225 1237 1288 eessavisset;
1265 1223 1418 1292 cujus
1439 1220 1829 1290 redargutionis
1853 1219 2068 1272 modum

505 1321 588 1376 ille
621 1335 724 1373 non
753 1317 952 1380 ferens,
977 1313 1288 1385 ’prmnotatis
1333 1310 1696 1365 schismaticis
1726 1325 1788 1362 ac
1813 1308 2073 1377 depositis

491 1411 756 1484 jungitur,
781 1417 834 1460 et
867 1413 1140 1460 versutum
1166 1404 1217 1458 in
1250 1403 1608 1472 patriarcham
1637 1401 1870 1455 sarcinat
1913 1414 2074 1470 argu-

503 1513 764 1558 mentum.
809 1497 1085 1552 Persuasit
1125 1495 1268 1550 enim
1323 1493 1628 1564 imperatori
1681 1491 1957 1556 Michaeli,
2014 1499 2073 1542 ut

509 1607 734 1652 matrem
765 1602 817 1646 ct
844 1588 1095 1643 Theclam
1119 1601 1357 1640 sororem
1385 1600 1559 1646 suam,
1584 1598 1700 1652 qua?
1731 1591 1784 1636 et
1807 1584 1919 1651 ipsa
1949 1596 2072 1635 emn

501 1694 676 1739 matre
706 1697 769 1736 ac
795 1679 960 1733 fratre
987 1677 1194 1746 imperii
1227 1675 1405 1728 fuerat
1441 1683 1650 1744 sceptra
1682 1673 1872 1725 sortita
1894 1711 1908 1736 ,
1951 1678 2071 1724 ton-

501 1779 628 1832 dere
654 1771 974 1843 patriarcha:
995 1768 1344 1838 praeciperet,
1385 1774 1438 1819 et
1468 1766 1520 1818 in
1553 1763 1881 1818 monasterio
1909 1759 2074 1815 collo-

2173 594 2486 647 frustratum
2518 594 2748 658 intuens,
2771 597 2838 650 ad
2867 597 3048 649 sedem
3071 596 3418 664 apostolicam
3450 600 3633 662 mittit,
3657 599 3743 653 cui

2173 685 2398 754 magnus
2421 699 2545 741 tunc
2577 686 2826 741 decessor
2853 696 3032 741 vester
3063 689 3385 756 praesidebat
3432 705 3566 758 papa
3594 691 3749 746 Nico-

2171 774 2318 841 laus;
2346 784 2608 844 quatenus
2639 775 2744 838 illa,
2783 777 2920 830 sient
2947 777 3059 845 ipse
3107 777 3379 846 sperabat,
3417 778 3748 847 approbante

2173 864 2253 918 vel
2284 866 2625 929 decernente,
2671 881 2793 919 mox
2820 867 3060 918 omnium
3112 881 3206 920 ora
3241 865 3605 921 resistentium
3654 868 3751 922 ob-

2171 963 2372 1009 structa
2403 955 2645 1020 silerent,
2677 964 2731 1010 et
2756 957 2934 1010 aditus
2970 955 3070 1010 sibi
3101 956 3474 1027 progrediendi
3505 973 3609 1027 qua
3634 956 3747 1013 vel-

2175 1047 2249 1099 let
2277 1059 2464 1099 omnes
2506 1046 2722 1100 omnino
2774 1056 3144 1117 patescerent;
3195 1048 3448 1118 ignorans
3498 1048 3747 1115 stolidus,

2172 1137 2313 1206 quod
2337 1138 2475 1206 apud
2504 1137 2716 1190 beatum
2749 1135 2848 1192 Job
2879 1139 2945 1192 de
2971 1137 3078 1192 Deo
3101 1137 3298 1207 legitur
3335 1155 3349 1191 :
3377 1137 3480 1202 Qui
3503 1139 3548 1192 si
3579 1138 3749 1192 inclu-

2172 1231 2292 1282 serit
2315 1229 2594 1292 hominem,
2621 1245 2768 1282 nemo
2792 1238 2867 1282 est
2889 1230 2977 1298 qui
3006 1229 3207 1298 aperiat
3239 1226 3360 1299 (Job
3410 1228 3530 1298 xu).
3584 1227 3749 1298 Cujus

2174 1317 2760 1387 legationemprtefatus
2800 1333 3042 1372 summus
3063 1317 3304 1387 pontifex
3347 1317 3645 1386 suscipiens
3694 1327 3752 1373 et

2175 1415 2527 1477 pertractans,
2551 1406 2678 1462 licet
2703 1406 2978 1476 hucusque
3030 1406 3385 1460 versutiarum
3434 1405 3550 1474 ejus
3591 1415 3752 1477 atque

2174 1509 2446 1567 gestorum
2478 1498 2715 1567 ignarus,
2744 1513 2880 1566 pene
2905 1507 3100 1550 cuncta
3132 1512 3252 1565 quae
3279 1498 3346 1550 ab
3372 1510 3440 1550 eo
3471 1506 3589 1550 acta
3639 1496 3755 1552 fue-

2174 1595 2315 1650 rant,
2342 1588 2518 1656 sagaci
2543 1587 2895 1657 deprehendit
2921 1587 3204 1640 acumine:
3237 1595 3288 1638 et
3312 1602 3416 1639 non
3465 1586 3748 1655 lgnatium,

2175 1675 2482 1730 utPhotius
2503 1677 2888 1745 postulaverat,
2938 1677 3031 1729 sed
3056 1676 3231 1743 potius
3281 1676 3452 1744 ipsum
3500 1675 3749 1730 Photium

2176 1767 2391 1837 repulit,
2425 1781 2606 1820 vermn
2633 1763 3133 1831 tramitemjustitia:
3154 1779 3403 1833 sequens,
3438 1765 3581 1818 misit
3609 1764 3749 1818 Con-

504 1875 670 1920 caret.
715 1861 865 1928 Quod
909 1869 1032 1916 cum
1077 1857 1380 1928 patriarcha
1425 1862 1694 1916 tenueret,
1721 1868 1820 1922 pro
1841 1867 1905 1906 eo
1932 1850 2074 1921 quod

2181 1857 2578 1927 stantinopolim
2607 1858 2820 1921 missos,
2853 1855 3181 1911 Badoaldum
3241 1854 3445 1910 scilicet
3492 1854 3751 1910 Portuen-

501 1966 725 2022 utraque
753 1948 1064 2020 imperatrix
1088 1947 1227 2001 hanc
1257 1944 1472 1999 interim
1506 1959 1612 1998 non
1639 1943 1862 2012 eligeret
1885 1949 2074 2008 sponte

493 2045 925 2118 professionem,
968 2038 1199 2093 maxime
1245 2037 1369 2106 quia
1416 2036 1501 2090 his
1537 2035 1829 2088 secundum
1871 2046 2073 2085 morem

502 2140 641 2192 sicut
680 2134 889 2191 czeteris
916 2127 1327 2200 imperatoribus
1363 2136 1417 2182 et
1465 2124 1897 2194 imperatricibus
1925 2121 2075 2190 jura-

495 2237 653 2282 verat
686 2241 791 2280 non
824 2238 881 2278 se
911 2221 1018 2275 ullo
1048 2221 1101 2274 in
1131 2229 1370 2287 tempore
1413 2216 1790 2271 insidiaturum
1809 2254 1823 2278 ,
1873 2211 2076 2264 Bardas

500 2317 748 2388 protinus
769 2315 836 2367 ad
864 2314 1244 2381 imperatorem
1288 2305 1537 2375 juvenem
1579 2323 1592 2358 :
1643 2305 1815 2368 flens,
1865 2301 2074 2372 inquit,

503 2409 814 2476 imperator,
847 2402 1035 2457 salt'em
1068 2413 1210 2452 nunc
1239 2412 1342 2451 non
1374 2397 1613 2450 advertis
1659 2393 1921 2466 lgnatium
1972 2393 2074 2444 tua:

503 2502 716 2570 spirare
743 2497 882 2561 neci,
909 2504 965 2550 et
995 2501 1222 2547 matrem
1255 2489 1465 2559 imperii
1495 2488 1583 2542 alii
1615 2487 1814 2556 gestire
1833 2526 1848 2550 ,
1896 2484 2076 2537 futuro

501 2593 712 2649 scilicet
739 2586 1072 2659 imperatori,
1102 2583 1312 2638 sociare
1341 2581 1557 2635 marito.
1586 2579 1710 2633 llaec
1738 2577 2076 2632 miserrimus

500 2685 641 2756 egit,
688 2696 787 2736 nec
835 2678 1064 2750 pr0pria:
1108 2687 1411 2746 germana),
1456 2669 1784 2742 imperatrici
1832 2666 2080 2721 videlicet

502 2788 760 2846 parcens,
799 2779 855 2824 ut
889 2777 941 2822 ct
973 2769 1024 2822 in
1056 2765 1416 2836 patriarcham
1444 2761 1816 2823 ulcisceretur,
1849 2761 1903 2812 et
1930 2766 2078 2811 utra-

502 2845 606 2932 que
636 2857 995 2928 intperatriee,
1028 2853 1079 2906 id
1109 2862 1192 2907 est
1219 2862 1387 2904 matre
1415 2865 1477 2904 ac
1504 2848 1630 2911 filia,
1659 2845 1881 2917 imperio
1905 2846 2076 2916 pulsa,

505 2957 619 3024 ipse
649 2951 730 3004 vel
770 2947 876 3002 vivi
909 2945 1060 2999 fieret
1107 2940 1448 3012 imperatoris
1476 2939 1686 3001 socius,
1731 2936 1813 2992 vel
1852 2951 1917 2991 eo
1959 2951 1988 2990 a
2021 2951 2080 2990 se

505 3041 722 3097 facilius
769 3037 1123 3102 interempto,
1169 3030 1280 3099 jam
1337 3027 1718 3094 subrogaretur
1777 3036 2076 3076 successor.

507 3131 658 3187 Tunc
685 3129 992 3196 imperator,
1019 3135 1148 3173 aure
1181 3118 1310 3170 tanti
1341 3114 1595 3186 praestigii
1628 3112 1878 3166 credulus
1903 3117 1956 3165 et
1982 3110 2081 3162 ira-

2176 1967 2288 2005 sem
2335 1961 2389 2005 et
2435 1950 2749 2004 Zachariam
2810 1948 3151 2018 Anagninum
3217 1947 3538 2016 episcopos,
3589 1955 3751 2015 atque

2175 2041 2404 2106 litteras,
2433 2056 2660 2111 quarutn
2687 2049 2926 2096 tenorem
2949 2038 3038 2108 qui
3069 2038 3276 2108 legerit,
3328 2037 3537 2092 facilius
3588 2053 3750 2093 nosse
3817 2095 3832 2104 _

2178 2131 2411 2201 poterit:
2439 2130 2490 2184 in
2517 2130 2738 2200 quibus,
2768 2129 2892 2198 quia
2935 2129 3076 2185 etde
3128 2128 3483 2183 venerandis-
3505 2128 3750 2183 iconibus

2178 2221 2401 2292 qumstio
2423 2232 2562 2287 erat,
2585 2222 2834 2276 nonnulla
2889 2222 3050 2275 etiam
3101 2235 3263 2290 super
3311 2219 3395 2275 his
3444 2222 3750 2291 consoripta

2180 2312 2538 2381 reperiuntur.
2567 2309 3013 2366 Pervenientibus
3040 2310 3204 2380 igitur
3233 2310 3414 2366 missis
3439 2311 3750 2380 apostolica:

2177 2405 2320 2458 sedis
2336 2403 2872 2472 Constantinopolim,
2896 2411 2950 2456 et
2970 2401 3196 2456 concilio
3211 2410 3554 2472 congregato,
3578 2400 3752 2457 Graeci

2175 2493 2428 2562 epistolas
2444 2493 2818 2560 suscipientes,
2842 2492 3096 2560 quidquid
3123 2492 3174 2546 in
3197 2492 3280 2546 eis
3295 2502 3408 2545 erat
3426 2507 3522 2560 pro
3549 2493 3754 2560 lgnatio

2179 2585 2261 2637 vel
2285 2593 2471 2638 contra
2503 2583 2745 2637 Photium
2773 2585 3123 2647 invertcrunt,
3178 2584 3580 2646 subtraxerunl,
3605 2584 3750 2644 etin

2181 2675 2406 2728 consilio
2451 2673 2550 2742 legi
2592 2673 2806 2726 minime
2835 2673 3207 2742 pertulerunt:
3268 2671 3446 2725 missis
3495 2671 3752 2726 Romanis

2180 2766 2304 2834 quid
2336 2765 2594 2834 legerent,
2621 2763 2815 2840 quidve
2867 2780 2970 2816 non
3023 2763 3281 2832 legerent,
3315 2762 3622 2816 nullatenus
3670 2762 3750 2816 in-

2184 2855 2564 2924 telligcntibus,
2594 2855 2672 2906 vel
2718 2854 2884 2907 etiam
2933 2852 3358 2917 adtertentihus,
3409 2853 3536 2921 quin
3575 2845 3779 2922 petius'

2180 2959 2288 3013 pra:
2319 2944 2366 2997 vi
2416 2959 2478 2997 ac
2533 2944 2723 2996 timore
2761 2941 2874 3008 jant
2912 2939 3131 3008 jamque
3172 2941 3562 2994 deficientibus.
3611 2940 3750 3006 Quid

2182 3035 2368 3103 plura?
2395 3033 2630 3101 lgnatius
2661 3033 2710 3085 in
2741 3032 2973 3086 medium
3030 3031 3282 3093 trahitur,
3342 3047 3522 3084 coram
3575 3031 3684 3084 mis.
3707 3031 3755 3086 is

2183 3123 2486 3193 apostolica:
2511 3124 2654 3177 sedis
2672 3121 2785 3190 jam
2813 3121 2962 3175 senio
2986 3118 3161 3174 fessus
3180 3121 3451 3180 statuitur,
3477 3130 3532 3173 et
3572 3121 3750 3176 denuo

501 3235 617 3288 ωε,
641 3228 865 3276 mairem
908 3231 1029 3268 (Ἰιῖιι
1060 3213 1332 3267 sororibus
1366 3219 1572 3262 tunsam
1615 3205 1813 3276 palatio
1843 3203 2069 3274 peplllil,
2101 3215 2144 3276 C
2177 3214 2502 3268 damnationi
2540 3213 2896 3274 submittitur,
2925 3211 3054 3280 quin
3110 3219 3164 3264 et.
3202 3209 3626 3264 sacerdotalibus
3668 3210 3754 3263 itt-

502 3325 560 3372 et
581 3311 836 3382 lgnatium
867 3303 1331 3362 schisutaticorum
1359 3315 1421 3353 ac
1451 3298 1636 3352 Barda:
1664 3295 2022 3366 suggestione,
2050 3310 2080 3348 a

503 3402 766 3474 regimine
791 3393 1188 3468 patriarchatus
1214 3389 1414 3459 abegit,
1436 3388 1859 3456 subrogatusque
1880 3393 1962 3438 est
1986 3398 2082 3453 pro
2121 3403 2124 3406 θ

507 3511 573 3551 eo
601 3491 804 3565 prtefati
839 3487 1026 3543 Bardue
1054 3484 1236 3540 favore
1263 3481 1487 3536 Photius
1505 3520 1519 3543 ,
1544 3480 1609 3534 de
1631 3494 1738 3548 quo
1761 3491 1918 3546 supra
1951 3476 2083 3530 rela-

513 3593 623 3642 tum
648 3591 749 3644 est,
778 3577 1189 3652 prohibentibus
1232 3572 1404 3628 sacris
1426 3569 1722 3625 eanonibus
1747 3576 1800 3622 et
1826 3580 2085 3619 veneran-

509 3676 596 3730 dis
615 3673 822 3743 legibus
850 3668 1116 3723 neminem
1147 3679 1212 3718 ex
1241 3661 1416 3716 laicali
1450 3659 1638 3714 militia
1690 3657 1865 3712 subito
1901 3655 1966 3709 ad
1997 3669 2085 3708 sa-

514 3765 814 3821 cerdotium
841 3756 1166 3830 promoveri.
1199 3754 1437 3824 lgnatius
1460 3765 1590 3805 vero
1618 3749 1744 3804 dum
1773 3747 2080 3818 pelleretur,

497 3854 790 3912 ecclesiam
817 3848 1020 3919 ligavit,
1051 3860 1116 3900 ne
1145 3844 1426 3913 quisquam
1459 3840 1661 3906 absque
1687 3851 1745 3895 se
1772 3837 1823 3888 in
1847 3850 1907 3888 ea
1931 3849 2082 3888 sacra

509 3925 786 4002 celebrare
817 3943 1050 3992 tentaret
1074 3931 1264 3988 officia.
1304 3931 1420 3996 Quo
1457 3927 1668 3990 audito,
1706 3923 1908 3978 Bardas
1951 3922 2084 3976 adeo

507 4047 632 4091 eum
663 4032 714 4084 in
746 4027 937 4087 insula.
981 4025 1034 4078 in
1081 4036 1186 4093 qua
1221 4027 1339 4074 erat
1383 4017 1684 4086 relegatus,
1717 4012 1944 4068 diversis
1975 4019 2086 4064 tor-

511 4122 710 4180 mentis
744 4117 942 4181 aﬂ‘ecit,
975 4125 1032 4169 ut
1063 4115 1253 4168 dentes
1278 4110 1420 4164 illius
1450 4105 1672 4176 fregerit
1698 4145 1713 4170 ,
1740 4113 1792 4158 et
1817 4099 2086 4158 continuis

507 4214 762 4270 lacerarit
787 4208 1046 4278 colaphis,
1071 4218 1346 4274 ttsqueqtto
1369 4217 1425 4255 se
1450 4197 1682 4251 refutare
1712 4195 1950 4264 regimen
1977 4208 2086 4246 sua:

507 4305 854 4376 profiteretur
880 4297 1151 4357 Ecclesire,
1181 4309 1287 4362 qua
1320 4288 1565 4343 videlicet
1584 4286 1696 4355 jam
1720 4283 2087 4355 przejudieiali-

511 4375 600 4452 ter
625 4394 797 4449 fuerat
824 4388 1174 4459 exspoliatns,
1205 4393 1258 4438 et
1289 4388 1417 4436 ante
1444 4392 1660 4434 omnem
1698 4375 2086 4430 diseussionem

511 4487 726 4560 penitus
749 4483 1066 4538 denudatus.

2184 3301 2306 3356 fulis
2326 3302 2674 3370 exspoliatur,
2703 3301 2856 3369 quasi
2890 3299 3114 3352 validior
3135 3300 3287 3352 fieret
3328 3298 3610 3367 depositio,
3659 3297 3751 3353 tibi

2183 3393 2324 3448 sedis
2345 3390 2652 3462 apostolica:
2677 3403 2776 3460 per
2805 3389 3035 3444 vicarius
3066 3404 3192 3442 suos
3219 3389 3520 3442 auctoritas
3548 3388 3752 3443 adfuis-

2182 3494 2284 3548 set,
2308 3498 2427 3536 cum
2459 3483 2509 3535 in
2541 3481 2624 3535 his
2652 3495 2750 3535 nec
2777 3480 2917 3535 illius
2944 3478 3246 3533 interfuerit
3294 3480 3607 3543 auctoritas,
3653 3494 3753 3534 nec

2183 3573 2332 3627 missi
2356 3572 2431 3625 illi
2463 3571 2784 3624 vicariorum
2833 3577 3084 3628 more,ut
3130 3567 3368 3636 epistola:
3422 3569 3553 3622 dant
3598 3568 3756 3624 intel-

2182 3661 2293 3732 ligi,
2321 3660 2516 3716 fuerint
2539 3661 2808 3714 destinati.
2843 3658 2991 3725 Quid
3022 3660 3175 3712 sedes
3197 3657 3490 3727 apostolica
3516 3657 3566 3712 di
3601 3673 3751 3722 cens,

2186 3764 2386 3809 tantam
2411 3754 2724 3821 injustitiam
2753 3753 2964 3821 impune
2999 3751 3170 3802 deseri
3197 3749 3416 3803 minime
3458 3763 3612 3818 passa
3637 3758 3750 3812 est,

2183 3845 2275 3901 sed
2312 3846 2498 3900 scribit
2521 3861 2550 3897 a
2584 3843 2672 3896 tali
2707 3841 3120 3912 prtesunzptione
3148 3839 3487 3901 cessandmn,
3540 3851 3750 3907 suoque

2186 3938 2404 3992 decreto
2431 3934 2681 3988 Photium
2715 3947 2818 3985 non
2841 3932 3180 3984 obedientem
3228 3943 3350 3982 cum
3405 3927 3755 3998 complicibus

2185 4045 2338 4084 sacra
2371 4027 2623 4098 dignitate
2674 4023 2858 4088 nudat,
2905 4031 2960 4076 et
2999 4037 3120 4076 cum
3167 4020 3416 4074 omnibus
3453 4018 3755 4074 fautoribus

2185 4123 2468 4176 anathema
2498 4118 2610 4172 fore
2637 4116 2895 4180 decernit,
2921 4113 3031 4182 jam
3057 4114 3212 4168 dictis
3266 4113 3446 4167 missis
3491 4112 3602 4166 suis
3647 4111 3756 4179 pri-

2187 4212 2350 4264 mitus
2403 4207 2720 4262 sententiam
2779 4202 3072 4258 secundum
3155 4201 3397 4269 exempla
3447 4198 3756 4261 reverendae

2188 4297 2460 4354 memoria:
2481 4294 2674 4350 Felicis
2699 4308 2847 4364 papa:
2870 4293 2921 4346 in
2953 4290 3180 4344 Vitalem
3243 4299 3298 4343 et
3337 4288 3596 4342 Misenum
3648 4287 3758 4358 cpi-

2184 4403 2380 4458 scopus
2419 4385 2664 4442 similiter
2710 4383 3031 4438 excedentes
3075 4381 3400 4452 synodaliter
3424 4381 3680 4443 inferens,
3701 4389 3759 4434 et

2188 4493 2346 4548 quam
2375 4477 2474 4531 sibi
2506 4474 2687 4528 fratris
2717 4471 2944 4542 dejectio
2983 4479 3128 4525 esset
3170 4469 3368 4538 gravis,
3412 4468 3578 4522 etiam
3632 4467 3756 4521 filiis

584 4575 680 4632 “is
705 4588 832 4642 ⁸1³80
855 4567 1167 4637 compertis,
1193 4567 1474 4631 οωρθτυηι
1505 4554 1746 4611 nonnulli
1777 4551 2083 4621 "'c‘ml’on'
2110 4555 2158 4614 ι)
2190 4570 2301 4624 suis
2331 4583 2434 4623 non
2465 4579 2714 4636 parcens,
2748 4563 2922 4633 palam
2951 4562 3161 4616 cunctis
3190 4560 3334 4615 dedit
3357 4560 3600 4628 intelligi.
3651 4559 3757 4613 Cu-

511 4667 629 4724 tani
651 4663 939 4722 antistites,
963 4674 1026 4712 ac
1048 4655 1316 4710 inferioris
1337 4649 1623 4706 sacerdotii
1648 4645 1727 4700 vel
1753 4645 1896 4708 laici,
1914 4644 2086 4714 ponti-

514 4757 634 4814 ﬁcis
655 4755 738 4809 sui
763 4749 1042 4806 tormentis
1071 4744 1479 4813 eompatientes,
1507 4737 1968 4809 dejectionemque
1989 4735 2085 4789 do-

517 4853 717 4912 lentes,
745 4854 1005 4900 rectorem
1031 4839 1131 4893 sibi
1155 4836 1426 4906 proprium
1451 4832 1598 4886 reddi
1637 4841 1957 4899 magnopere
1979 4825 2083 4879 cla-

515 4941 738 4995 mitare:
765 4933 905 5005 quod
925 4929 1146 4985 Photius
1171 4926 1425 4986 sentiens,
1454 4934 1713 4990 persuaso
1740 4913 2080 4986 impei'atore,

506 5028 958 5087 sulnninistrante
999 5019 1168 5074 Barda
1196 5058 1210 5081 ,
1251 5013 1592 5084 congregavit
1631 5009 1914 5064 concilium
1955 5021 2086 5077 quo-

517 5119 764 5178 rumdam
795 5115 1166 5184 episc0pormn
1186 5149 1199 5172 ,
1225 5104 1527 5158 adulatione
1552 5099 1652 5154 sibi
1676 5100 1756 5153 vel
1787 5098 1978 5162 timore
2008 5096 2085 5149 fa-

515 5209 779 5269 ventium,
808 5212 861 5258 et
880 5199 1126 5256 eumdem
1153 5196 1411 5268 lgnatium
1435 5190 1681 5260 deposuit
1707 5196 1761 5242 et
1781 5187 2087 5240 anathema-

517 5308 574 5355 te
599 5294 844 5368 perculit,
867 5288 1119 5360 populum
1146 5287 1212 5338 ab
1238 5298 1302 5336 eo
1333 5295 1430 5350 per
1457 5280 1557 5334 hoc
1586 5287 1841 5346 tanquam
1871 5289 1898 5327 a
1938 5275 2086 5328 dam-

521 5383 648 5444 nato
673 5386 916 5442 scindere
947 5393 1191 5450 sperans,
1222 5376 1304 5430 cui
1338 5385 1514 5427 tamen
1543 5385 1710 5440 usque
1738 5371 1803 5423 ad
1833 5369 1934 5423 hoc
1986 5380 2078 5420 ve-

521 5478 619 5532 luti
644 5477 956 5546 presbytero
993 5468 1168 5523 divina
1195 5463 1455 5518 sacrificia
1483 5457 1796 5516 conficiendi
1860 5467 2083 5526 praesta-

521 5570 615 5621 bat
636 5578 930 5620 assensum.
960 5561 1076 5626 Quo
1099 5564 1248 5627 gesto
1279 5553 1446 5623 magis
1471 5567 1533 5606 ac
1563 5549 1730 5617 magis
1763 5548 1934 5617 pietas
1956 5547 2087 5600 fide-

523 5657 654 5712 lium
692 5653 1024 5714 accenditur,
1053 5657 1107 5702 et
1129 5663 1193 5702 eo
1222 5644 1554 5699 constantius
1579 5642 1645 5694 ab
1670 5639 1936 5692 universis
1969 5637 2085 5690 ovi-

521 5754 622 5806 bus
653 5748 897 5815 oreprius
933 5751 1116 5814 pastor
1156 5737 1474 5807 exquiritur,
1526 5749 1631 5803 quo
1681 5731 1946 5788 versutius
1980 5730 2086 5799 lupi

2185 4661 2274 4732 jus
2309 4673 2550 4714 censura:
2574 4656 2764 4710 Photio
2790 4655 3007 4708 minime
3042 4662 3284 4723 parente,
3334 4661 3578 4705 sacratus
3625 4651 3757 4703 fide-

2193 4753 2319 4808 lium
2355 4751 2627 4819 catalogus
2674 4747 2843 4818 magis
2892 4744 3270 4807 inﬂammatur,
3318 4751 3373 4797 et
3421 4742 3486 4794 ab
3530 4741 3648 4810 ejus
3700 4756 3759 4794 se

2190 4843 2566 4898 communione
2589 4840 2899 4896 catervatim
2925 4845 3247 4912 sequestrat,
3274 4835 3592 4889 horrescens
3617 4829 3759 4901 quod

2191 4949 2289 4988 nec
2317 4949 2343 4986 a
2379 4939 2525 4986 tanta
2553 4931 2679 4985 sede
2703 4927 2980 4998 perculsus
3001 4925 3197 4994 corrigi
3219 4923 3572 4985 consenserit,
3603 4923 3756 4993 quip-

2189 5050 2254 5107 pe
2275 5051 2394 5089 cum
2423 5033 2608 5088 durior
2629 5031 2799 5094 silice,
2825 5031 2986 5084 etiam
3026 5028 3246 5080 verbera
3273 5025 3406 5079 dura
3461 5023 3757 5093 impudenti

2189 5133 2368 5188 fronte
2390 5131 2793 5200 contempserit,
2820 5125 2961 5196 quod
2984 5125 3210 5180 Photius
3250 5123 3626 5177 molestissime
3675 5122 3755 5178 fe-

2189 5249 2314 5289 rens
2340 5233 2536 5292 acriter
2567 5231 2875 5300 indignatur
2903 5245 2916 5280 :
2941 5236 2993 5282 et
3013 5225 3142 5280 licet
3161 5213 3383 5288 Bardas,
3408 5221 3589 5278 Caesar
3613 5230 3761 5292 post-

2190 5333 2404 5388 modum
2429 5329 2620 5389 faetus,
2655 5324 2807 5393 cujus
2831 5323 3036 5378 auxilio
3067 5321 3411 5384 fnlciebatur,
3455 5319 3612 5388 digna
3672 5333 3760 5373 re-

2186 5428 2474 5484 tributione
2499 5425 2565 5479 ab
2591 5424 2916 5492 imperatore
2944 5419 3203 5474 Michaele
3229 5418 3388 5472 fuerit
3419 5417 3757 5482 interfectus,

2187 5530 2318 5585 nihil
2351 5539 2527 5581 tamen
2580 5523 2798 5577 smvitize
2826 5537 2937 5577 sure
2967 5520 3188 5584 minuit;
3213 5520 3306 5573 sed
3358 5517 3492 5572 alios
3541 5517 3758 5586 quidem

2188 5627 2486 5698 privatione
2508 5623 2770 5677 honormn
2817 5636 2882 5674 ac
2921 5619 3259 5687 dignitatum,
3293 5615 3424 5669 alios
3468 5631 3595 5668 vero
3635 5629 3764 5683 pro-

2196 5729 2486 5796 scriptione
2517 5722 2828 5778 facultatum
2875 5721 3113 5784 damnat,
3153 5717 3249 5772 bos
3275 5716 3465 5772 exsilio
3504 5715 3663 5788 longo
3705 5724 3762 5770 et
