3960 5248
264 409 328 463 l3
898 401 1445 459 lNTlilll‘Ri‘l'l'A'l‘lO
1483 399 1728 456 SYNODI
1771 398 1877 452 Vill
1919 397 2318 454 GENEIMLIS.
2351 428 2427 464 ,—-
2468 397 2850 454 PR/EFATlO.
3436 402 3503 457 H

257 516 574 572 carceribus
639 513 842 583 relegat
872 556 885 577 ,
946 515 1061 566 illos
1105 513 1384 566 tormentis
1446 509 1672 564 diversis
1719 509 1828 560 afli-
1860 517 1902 567 Α
1933 525 2091 578 quem
2120 510 2368 562 nimirmn
2410 519 2681 564 constaret
2709 517 2786 562 tot
2818 509 2937 564 flxis
2978 509 3183 566 hilarere
3211 512 3502 579 radicibus,

256 608 358 668 cit;
415 615 578 674 atque
631 615 687 657 ιιι
733 602 970 658 breviter
1020 603 1198 657 omnia
1270 597 1816 669 comprehcmlantur,

256 695 400 748 nulla
466 692 750 762 professio,
800 707 962 746 sexus
1037 692 1116 744 vel
1167 701 1300 744 actas
1377 691 1446 742 ab
1519 703 1586 741 eo
1653 687 1829 755 impu-

255 784 369 837 nita
427 782 719 846 deseritur,
796 782 898 835 nisi
965 795 1188 834 consors
1266 795 1374 830 sua:
1435 774 1832 830 communionis

258 876 474 928 inventa
517 874 698 927 :adeo
726 881 785 926 ut
840 872 1270 927 communionem
1311 867 1428 936 ejus
1449 867 1830 921 declinantiunt

257 965 568 1029 nonnullos,
643 965 967 1034 quibusdam
1045 965 1302 1032 exceptis,
1347 962 1437 1030 qui
1497 959 1832 1028 contempla-

257 1057 640 1125 tionioperam
693 1055 903 1118 dantes,
960 1053 1125 1107 clausi
1150 1055 1502 1115 habebantur,
1551 1052 1830 1103 abstraxe-

255 1145 351 1206 rit;
399 1145 540 1196 alios
566 1158 696 1196 vero
725 1143 778 1196 in
825 1151 1006 1196 monte
1039 1141 1264 1212 Olympo
1308 1140 1638 1194 eremiticam
1671 1139 1831 1192 vitam

255 1238 516 1289 (hicentes
537 1233 832 1302 fugaverit,
861 1247 1156 1302 eorumque
1187 1233 1394 1302 tuguria
1425 1245 1518 1285 seu
1551 1229 1834 1298 speluncas

253 1328 361 1396 igni
393 1325 726 1394 perdiderit;
778 1324 1062 1391 quemdam
1099 1332 1277 1376 autem
1308 1321 1406 1375 sibi
1436 1319 1835 1373 communicare

254 1427 574 1472 renuentem
605 1416 767 1469 etiam
801 1415 979 1468 vivum
1006 1427 1072 1468 ex
1105 1413 1343 1468 inferiori
1384 1420 1538 1480 parte
1569 1425 1736 1477 usque
1767 1409 1835 1462 ad

249 1510 534 1564 dimidium
565 1508 815 1577 corporis
858 1506 1131 1578 sepelierit
1161 1523 1175 1559 :
1208 1515 1264 1560 et
1319 1505 1500 1574 (quod
1528 1501 1836 1557 horribilius

253 1603 355 1670 est)
395 1601 841 1664 conciliabulum,
868 1601 1187 1670 praesidente
1211 1599 1465 1653 Michacle
1487 1599 1832 1666 imperatore,

256 1694 454 1763 colligit
481 1734 496 1755 ,
556 1692 721 1746 falsos
765 1693 1012 1746 homines
1047 1691 1197 1760 quasi
1229 1691 1456 1745 vicarios
1481 1687 1834 1744 Orientalium

253 1787 459 1840 sedium
512 1785 753 1850 format,
805 1791 1149 1838 accusatores
1195 1781 1507 1835 muneribus
1555 1788 1729 1832 armat
1779 1788 1836 1832 et

1930 601 2054 652 dum
2085 599 2169 652 his
2198 614 2292 652 nec
2326 601 2487 653 aliam
2521 601 2677 654 fiderit
2701 641 2716 665 ,
2767 600 2866 654 nisi
2909 616 3069 670 quam
3113 601 3228 670 ipse
3272 612 3498 668 teneret,

1932 691 2128 745 habere
2170 707 2384 761 quoquo
2451 694 2607 747 modo
2658 693 2894 747 licuisset
2943 711 2956 746 :
3007 695 3148 764 quod
3206 697 3499 751 maximum

1931 779 2238 832 scandalum
2292 781 2604 834 mortalibus
2643 783 2918 844 excitavit,
2957 783 3259 838 dicentibus
3288 801 3301 837 :
3329 783 3502 849 Itane,

1932 869 1975 922 si
2011 868 2234 922 I’hotius
2268 871 2629 925 haeresiarcha
2655 871 2838 936 fuerit,
2867 873 3064 927 debent
3093 872 3185 926 ﬁlii
3214 875 3382 927 nostri
3411 885 3505 928 aut

1935 960 2053 1011 ﬁdei
2081 960 2358 1013 catholica:
2382 961 2680 1014 desertores
2703 977 2845 1025 esse,
2874 970 2967 1014 aut
2987 961 3279 1030 jurameuti
3310 962 3391 1018 vel
3420 963 3506 1017 sui

1932 1049 2270 1118 chirographi
2289 1051 2744 1118 transgressores?
2763 1060 2918 1105 erant
2937 1052 3080 1104 enim
3104 1051 3243 1105 inter
3264 1066 3358 1106 eos
3375 1067 3510 1108 non-

1934 1139 2060 1192 nulli
2088 1140 2404 1194 clarissimis
2426 1140 2690 1195 natalibus
2704 1143 2914 1197 oriundi
2934 1161 2944 1195 :
2965 1159 3088 1198 nam
3109 1154 3164 1198 et
3188 1156 3316 1200 ante
3331 1161 3505 1201 annos

1933 1229 2138 1299 aliquot
2155 1230 2294 1284 idem
2314 1230 2534 1284 Photius
2547 1232 2771 1286 duarum
2786 1249 3219 1305 unumquemque
3234 1236 3506 1291 hominem

1935 1321 2232 1374 animarum
2249 1322 2544 1375 consistere
2565 1323 2908 1390 pnedicabat.
2925 1324 3026 1390 Qui
3050 1339 3170 1378 cum
3186 1341 3217 1378 a
3241 1325 3510 1381 Constan-

1937 1411 2050 1464 tino
2100 1411 2420 1481 philosopho
2455 1429 2660 1483 magna:
2693 1415 2992 1468 sanctitatis
3029 1417 3163 1480 viro,
3209 1417 3508 1474 fortissimo

1933 1500 2048 1570 eius
2082 1501 2278 1566 amico,
2312 1501 2851 1571 increpatus'fuissct
2882 1503 3129 1559 dicente:
3166 1505 3275 1560 Cur
3298 1514 3508 1562 tantum

1935 1606 2177 1646 errorem
2192 1591 2246 1644 in
2270 1591 2520 1661 populum
2538 1607 2818 1662 spargens,
2837 1601 2913 1647 tot
2933 1594 3140 1648 animas
3161 1593 3475 1650 interfecisti
3489 1597 3514 1649 ἲ

1938 1681 2210 1750 respondit
2247 1695 2263 1733 :
2299 1680 2416 1736 Non
2473 1682 2650 1736 studio
2692 1696 3014 1752 quemquam
3055 1684 3312 1750 lzedendi,
3360 1685 3509 1750 talia,

1937 1773 2132 1842 inquit,
2163 1772 2304 1826 dicta
2332 1774 2607 1842 proposui,
2639 1774 2731 1827 sed
2762 1774 3019 1843 probandi
3045 1775 3171 1844 quid
3203 1775 3513 1844 patriarcha

256 1876 550 1930 mendaciis
599 1873 908 1937 construit,
952 1881 1115 1927 testes
1161 1887 1253 1926 eos
1299 1869 1554 1933 asciscit,
1604 1883 1738 1937 quos
1782 1877 1834 1922 et
1866 1860 2170 1931 Blglmlius
2216 1868 2429 1930 ageret.
2476 1861 2521 1915 Si
2569 1876 2666 1915 SIIO
2713 1871 2950 1931 tempore
2995 1863 3248 1932 qurelibet
3293 1863 3513 1919 haeresis

252 1977 600 2020 accusatores
642 1964 882 2034 opponit.
923 1963 1137 2018 iudices
1171 1976 1553 2030 nonnunquam
1583 1969 1636 2012 et
1664 1959 1717 2012 in
1745 1975 1834 2011 ac-

251 2059 417 2112 cusati
452 2073 744 2127 personam
783 2056 1058 2117 admittit,
1107 2065 1360 2108 excessus
1389 2052 1648 2122 quosdam
1681 2050 1833 2118 quasi

252 2148 457 2217 pnefati
505 2148 703 2200 sunnni
737 2145 1006 2215 pontificis
1037 2145 1188 2214 lingit
1210 2185 1228 2205 ,
1277 2143 1562 2212 impingit,
1612 2150 1665 2195 et
1699 2141 1837 2194 sicut

255 2238 505 2306 putabat,
554 2236 905 2288 damnatione
956 2234 1114 2287 simul
1160 2244 1214 2287 et
1256 2235 1598 2287 anathemate
1636 2232 1786 2301 punit
1821 2247 1834 2283 :

254 2329 462 2382 eunetis
493 2328 584 2396 qui
627 2327 884 2388 aderant,
916 2325 1156 2394 exceptis
1183 2325 1484 2394 perpaucis,
1525 2336 1577 2377 ct
1603 2324 1686 2378 his
1717 2325 1837 2376 fan-

257 2421 460 2474 toribus
493 2418 790 2487 impietatis
809 2458 824 2481 ,
869 2417 1224 2470 clamantibus
1253 2430 1356 2469 non
1385 2431 1506 2470 esse
1529 2415 1753 2484 justum,
1786 2415 1838 2467 in

257 2527 526 2565 summum
567 2520 622 2564 et
653 2511 884 2579 primum
918 2509 1249 2578 pontificem,
1282 2518 1335 2560 et
1366 2509 1634 2578 pra'cipue
1662 2507 1730 2560 ab
1756 2507 1839 2559 iu-

260 2602 440 2657 feriori
471 2600 877 2671 quomodolibet
907 2599 1228 2652 sententiam
1260 2597 1600 2668 proferendi;
1634 2612 1756 2651 cum
1788 2596 1838 2649 id

255 2709 350 2746 nec
379 2707 552 2746 canon
591 2691 879 2759 quisquam
919 2691 1194 2751 admittat,
1240 2703 1338 2742 nec
1383 2688 1559 2756 aliqua
1592 2687 1842 2741 Ecclesiae

258 2784 591 2838 consuetudo
621 2781 737 2835 fieri
785 2781 993 2835 doceat.
1031 2781 1225 2835 Verum
1257 2781 1356 2835 iste
1389 2780 1644 2834 falsarius
1681 2779 1842 2832 falso-

259 2889 370 2926 rum
403 2885 728 2924 execssuum
769 2872 1025 2923 adversus
1056 2869 1319 2922 insontem
1364 2868 1638 2922 absentem
1669 2877 1722 2921 et
1755 2869 1838 2919 in-

259 2961 473 3019 victum,
518 2957 834 3011 mendacem
865 2957 1109 3010 codicem
1138 2957 1415 3025 compilat,
1456 2956 1597 3009 mille
1625 2955 1842 3009 circiter

259 3051 566 3102 antistitum
599 3048 1026 3117 subscriptiones
1071 3046 1236 3101 falsas
1268 3045 1572 3109 interserit,
1605 3046 1706 3100 sibi
1751 3060 1841 3098 ne-

259 3140 403 3192 mine
440 3153 664 3207 prorsus
697 3137 1073 3190 consentiente
1115 3136 1197 3190 vel
1239 3136 1614 3189 conscribente
1657 3150 1722 3188 ex
1753 3133 1840 3188 illa

259 3244 548 3284 numerosa
575 3230 950 3297 episcoporum
999 3227 1370 3290 multitudine,
1411 3226 1514 3279 nisi
1550 3241 1657 3279 uno
1682 3234 1737 3279 et
1767 3225 1841 3278 vi-
1874 3204 1918 3264 (δ

261 3320 391 3388 ginti
424 3318 766 3387 pnesnlihus.
811 3315 962 3371 Unde
986 3317 1096 3386 jam
1128 3315 1398 3386 profusius
1428 3315 1598 3369 sancti
1632 3314 1844 3368 habitus
1891 3385 1894 3388 .

261 3411 358 3462 viri
383 3425 510 3463 eum
541 3408 752 3474 fugiunt
779 3447 794 3470 ,
840 3417 891 3460 et
931 3406 1078 3474 quasi
1110 3405 1413 3474 squalorem
1441 3403 1723 3474 quemdam
1755 3403 1849 3458 de-

260 3501 505 3561 clinant,
558 3499 788 3552 alterum
840 3497 1152 3550 Diost'm‘um
1201 3497 1340 3548 hunc
1389 3495 1752 3563 appellantes,
1791 3501 1847 3546 et

257 3606 650 3659 pratcursoretn
705 3587 1056 3648 Antichriszi,
1102 3587 1210 3638 imo
1246 3585 1418 3653 ipsum
1459 3584 1846 3638 Antichrislutn

264 3681 656 3740 existimantes,
687 3693 847 3747 quem
879 3677 1084 3730 scilicet
1113 3676 1379 3729 hominem
1413 3674 1617 3743 peceati
1649 3673 1846 3725 filium-

265 3787 365 3841 que
390 3771 712 3841 perditionis
749 3767 1035 3838 Apostolus
1072 3766 1431 3835 appellasset,
1474 3764 1564 3833 qui
1603 3763 1848 3832 profecto

266 3861 621 3916 extolleretur
647 3874 809 3926 supra
836 3871 994 3911 omne
1027 3860 1168 3926 quod
1197 3857 1393 3910 dicitur
1420 3855 1561 3910 Deus
1589 3862 1682 3908 aut
1705 3855 1847 3924 quod

264 3952 457 4006 colitur
508 3949 594 4020 (ll
621 3949 800 4002 Thess.
831 3947 912 4019 tt).
965 3946 1229 4002 Czeterum
1273 3946 1541 4001 construit
1587 3954 1643 4000 et
1687 3945 1846 3999 aliam

269 4042 523 4096 technam
555 4041 643 4094 hic
683 4053 1058 4108 perversorum
1087 4039 1395 4105 dogmatum
1425 4037 1616 4102 cultor,
1647 4047 1702 4091 et
1728 4051 1850 4105 per-

266 4136 452 4186 suadet
491 4131 806 4200 imperatori
845 4131 1134 4199 pra-cipere
1164 4130 1433 4183 neminem
1466 4137 1846 4182 testamentum

269 4225 466 4287 facere,
516 4225 596 4275 vel
641 4239 736 4292 per
771 4221 1012 4283 alterius,
1046 4221 1147 4274 nisi
1179 4235 1273 4290 per
1298 4219 1475 4274 Photii
1507 4235 1699 4273 manus
1724 4235 1849 4274 suas

265 4316 636 4382 eleetnosynas
685 4325 914 4380 erogare
945 4328 958 4362 :
991 4312 1131 4378 quod
1172 4325 1277 4364 non
1305 4310 1374 4363 ob
1403 4307 1546 4362 aliud
1576 4308 1850 4362 adinvenit

268 4407 516 4460 inventor
545 4404 834 4467 malorum,
865 4403 962 4457 nisi
995 4412 1052 4456 ut
1079 4417 1199 4456 cum
1227 4402 1497 4471 acciperet
1523 4407 1577 4454 ct
1601 4410 1848 4469 erogaret

271 4496 601 4550 substantias
626 4493 858 4547 divitum
878 4533 892 4557 ,
926 4493 1168 4562 preprias
1194 4508 1224 4546 a
1265 4492 1443 4546 minus
1469 4492 1696 4545 curiosis
1725 4505 1846 4545 ero-

272 4603 421 4658 gasse
458 4594 778 4656 putaretur,
816 4599 879 4639 ac
905 4601 1002 4653 per
1028 4586 1128 4640 hoc
1158 4599 1188 4637 a
1217 4583 1425 4639 cunctis
1448 4583 1598 4651 quasi
1628 4582 1850 4652 dapsilis

274 4689 325 4730 et
354 4677 641 4730 munificus
668 4682 973 4739 amaretur;
1025 4673 1182 4728 simul
1217 4675 1377 4726 etiam
1421 4681 1482 4724 ut
1520 4671 1709 4725 saltem
1755 4687 1853 4740 per

277 4767 375 4822 hoc
397 4781 588 4821 omnes
620 4767 670 4819 ei
700 4766 871 4818 coacti
902 4766 1384 4827 communicarent,
1418 4763 1849 4831 quandoquidem

279 4857 685 4925 conspicerent,
725 4867 822 4908 nec
851 4854 962 4922 ipsa
1009 4870 1065 4908 se
1094 4855 1397 4907 animarum
1431 4866 1648 4904 suarum
1680 4865 1853 4905 reme-

281 4947 363 5001 dia
393 4962 568 5016 posse,
597 4945 707 4999 nisi
733 4959 830 5013 per
857 4960 1044 4998 manus
1068 4943 1184 5014 ejus
1211 4942 1400 4997 saltem
1431 4941 1482 4994 in
1517 4940 1633 5008 ipso
1662 4941 1851 4994 mortis

281 5038 499 5093 articulo
523 5036 734 5107 positos
756 5036 986 5102 operari.
1016 5033 1281 5089 Prteterea
1307 5043 1360 5087 et
1381 5030 1526 5084 aliud
1552 5031 1854 5098 iniquitatis

285 5144 387 5184 sua:
438 5127 764 5182 retiaculum
789 5165 804 5188 ,
841 5139 946 5194 quo
996 5135 1206 5180 mentes
1243 5123 1570 5194 simplicium
1614 5133 1848 5191 caperet,

288 5229 460 5248 nm---
546 5225 814 5248 ...ιηιιιηηι
865 5215 926 5248 nl.
957 5218 1276 5248 ηνιιι-ιῖηιιιιινι
1321 5219 1388 5248 ..ιι
1419 5228 1485 5248 nn
1516 5212 1849 5248 alica-inlisum“

1877 4549 1925 4608 D

1936 1965 2031 2019 per
2075 1950 2410 2020 syllogismos
2453 1951 2893 2021 philosophormn
2943 1964 3136 2008 exorta
3188 1963 3513 2024 patesceret,

1936 2043 2026 2110 qui
2073 2042 2276 2096 scilicet
2319 2043 2465 2097 viros
2513 2044 2799 2098 exterioris
2852 2044 3129 2114 sapientia:
3178 2045 3512 2114 repulisset:

1941 2146 2124 2185 rerum
2165 2131 2405 2201 ignoravi
2444 2148 2528 2185 me
2563 2133 2663 2186 sub
2703 2131 2858 2199 lmjus
2903 2133 3087 2188 fomite
3131 2135 3518 2204 propositionis

1942 2229 2022 2274 tot
2047 2221 2254 2274 animas
2285 2219 2399 2274 fore
2435 2220 2705 2274 ltesurum.
2736 2222 2817 2275 Ad
2841 2223 2982 2289 quod
3012 2222 3137 2276 ille:
3171 2221 3216 2277 0
3258 2223 3519 2292 sapientia

1941 2310 2122 2365 mundi
2153 2325 2271 2380 qua:
2311 2309 2610 2364 infatuatur
2655 2319 2710 2364 et
2736 2311 3066 2365 destruitur!
3099 2310 3326 2367 Jactasti
3355 2313 3522 2383 sagit-

1943 2413 2028 2456 tas
2073 2403 2127 2456 in
2177 2402 2575 2456 multitudinem
2617 2403 2846 2472 copiosa:
2906 2405 3113 2470 turbae,
3163 2414 3218 2459 et
3258 2404 3520 2474 ignorasti

1940 2493 2236 2562 quemlibet
2269 2509 2336 2548 cx
2370 2495 2454 2548 his
2479 2495 2730 2549 erunibus
2774 2496 3180 2550 vulnerandum.
3220 2496 3379 2552 Certe
3404 2512 3524 2550 ont-

1941 2583 2103 2636 nibus
2126 2581 2318 2651 liquet,
2351 2583 2475 2651 quia
2504 2584 2643 2638 sicut
2667 2583 2830 2649 oculi,
2855 2586 3251 2654 quantumlibet
3274 2587 3383 2640 sint
3404 2602 3524 2639 ma—

1941 2676 2030 2742 gni
2061 2686 2115 2729 et
2142 2677 2336 2745 aperti,
2368 2679 2410 2729 si
2441 2676 2624 2730 fumus
2649 2678 2924 2746 palearum
2961 2679 3348 2749 interjacuerit,
3377 2681 3522 2735 vide-

1943 2784 2002 2822 re
2036 2769 2173 2822 ultra
2202 2786 2306 2824 non
2335 2780 2588 2839 possunt;
2622 2772 2693 2824 ita
2723 2772 2860 2824 oculi
2893 2773 3166 2840 sapientia:
3193 2781 3317 2835 tute,
3347 2787 3521 2839 quan-

1945 2859 2190 2912 tmnlibct
2241 2861 2349 2913 sint
2397 2861 2573 2928 magni
2619 2870 2673 2914 et
2715 2861 2906 2930 patuli,
2949 2861 3186 2915 avaritite
3238 2870 3415 2916 tamen
3467 2872 3525 2916 et

1945 2948 2162 3003 invidia:
2203 2948 2349 3002 fumo
2390 2950 2604 3020 penitus
2643 2951 2900 3005 obeazcati
2926 2992 2939 3015 ,
2989 2952 3260 3006 tramitem
3301 2950 3524 3020 iustitia:

1945 3038 2130 3092 videre
2165 3054 2269 3092 non
2297 3050 2551 3108 possunt;
2579 3056 2642 3094 ac
2671 3057 2770 3109 per
2803 3042 2853 3095 id
2883 3057 3066 3095 rerum
3090 3051 3172 3097 est
3203 3044 3342 3112 quod
3366 3043 3522 3106 dicis,

1949 3129 2217 3182 neminem
2249 3129 2356 3183 ictu
2394 3140 2483 3183 tuo
2527 3141 2742 3198 putasse
2767 3147 2888 3185 esse
2915 3131 3232 3197 laedendum,
3279 3147 3401 3186 cum
3445 3134 3525 3188 sic

1947 3223 2277 3276 obczecatum
2328 3238 2544 3277 sensum
2601 3224 2872 3292 prtedictis
2920 3225 3202 3278 adversum
3235 3226 3522 3294 apartriar-

1949 3318 2108 3370 cham
2139 3315 2482 3387 passionibus
2529 3317 2750 3381 habens,
2800 3333 2897 3370 nec
2931 3318 3058 3387 quid
3095 3318 3342 3372 emiseris
3389 3330 3526 3386 prae-

1947 3408 2151 3461 vidisti.

2020 3495 2228 3548 lntcrea
2257 3494 2522 3548 occiditur
2560 3493 2804 3558 Michael,
2853 3505 3096 3550 remanet
3140 3496 3425 3566 singularis
3471 3497 3524 3551 in

1949 3585 2178 3655 imperio
2223 3585 2469 3640 Basilius.
2505 3585 2655 3640 Unde
2689 3594 2745 3640 et
2789 3595 3129 3656 nuncupatur
3167 3588 3235 3641 ab
3276 3587 3526 3642 omnibus

1951 3683 2316 3730 monocrator.
2356 3674 2548 3742 Incipit
2594 3675 2870 3744 inquirere
2895 3684 2950 3729 et
2988 3675 3316 3748 investigare
3355 3679 3525 3746 quod-

1948 3781 2073 3818 nam
2112 3765 2274 3818 fuerit
2303 3766 2446 3820 sedis
2475 3766 2782 3834 apostolicae
2824 3765 3082 3834 judicium
3124 3767 3204 3822 vel
3247 3769 3528 3824 decretum

1952 3869 2062 3912 tam
2115 3875 2278 3929 super
2321 3859 2709 3926 lconomachis,
2753 3861 2842 3927 qni
2877 3860 3076 3914 sensim
3121 3870 3308 3914 contra
3343 3876 3530 3916 sacras

1951 3951 2211 4020 imagines
2237 3950 2445 4020 garrire
2475 3949 2710 4004 rediviva
2738 3951 3156 4020 priesumptione
3184 3949 3525 4016 videbantur,

1951 4058 2112 4112 quam
2144 4057 2307 4111 super
2348 4042 2554 4113 lgnatio
2599 4041 2680 4096 vel
2726 4041 2917 4096 Photio
2961 4039 3377 4111 promulgatum.
3425 4041 3528 4107 Qui

1950 4150 2072 4187 cum
2116 4134 2168 4187 ei
2210 4148 2527 4202 responsum
2555 4141 2698 4187 esset
2726 4131 3073 4201 apostolicam
3119 4131 3302 4185 sedem
3334 4130 3402 4183 ab
3430 4145 3530 4182 ua-

1951 4223 2159 4276 dccima
2207 4222 2515 4282 indictione,
2571 4222 2710 4276 sicut
2757 4219 2826 4273 ab
2869 4221 2998 4275 olim
3045 4221 3097 4273 in
3146 4220 3340 4273 throno
3383 4219 3528 4273 Con-

1949 4313 2430 4383 stantinopolitano
2479 4313 2740 4381 lgnatium
2786 4311 3088 4373 stabiliisse,
3121 4309 3372 4364 Photiqu
3399 4325 3529 4363 vero

1953 4407 2150 4459 nullius
2207 4404 2472 4459 clericalis
2531 4403 2735 4458 ordinis
2811 4403 3029 4472 dignum
3100 4401 3282 4470 aliquo
3368 4402 3528 4456 modo

1951 4497 2226 4551 censuisse
2253 4537 2267 4560 ,
2324 4507 2487 4564 atque
2533 4510 2694 4563 super
2737 4495 2819 4547 his
2856 4492 3255 4546 innotesccndis
3315 4491 3530 4546 diversa

1957 4591 2156 4658 scripta
2185 4585 2722 4655 Constantinopolim,
2752 4601 2813 4637 ac
2842 4600 2937 4653 per
2958 4598 3144 4636 omnes
3174 4583 3320 4636 orbis
3360 4592 3532 4636 terra-

1961 4697 2078 4736 runt
2126 4681 2385 4732 terminos
2439 4677 2742 4738 direxisse;
2795 4675 3037 4744 protinus
3085 4672 3273 4726 eadem
3329 4673 3531 4741 scripta

1957 4773 2170 4826 curioso
2192 4770 2326 4823 satis
2351 4769 2556 4821 intentu
2583 4767 2826 4834 requirit,
2854 4776 2904 4818 et
2930 4766 3142 4818 inventa
3168 4762 3255 4816 ubi
3283 4780 3312 4816 a
3343 4762 3532 4817 Photio

1957 4860 2272 4932 profundius
2319 4860 2511 4912 obruta
2561 4855 2944 4917 consistebant,
2997 4868 3106 4922 prae
3149 4851 3320 4906 oculis
3371 4851 3533 4905 veluti

1931 4949 2170 5021 'Spccula
2213 4950 2387 5018 ponit,
2427 4956 2480 4998 et
2515 4947 2705 5002 horum
2738 4943 2964 4996 lectione
3000 4941 3280 5009 magistra,
3319 4954 3438 5009 qua:
3469 4940 3536 4994 ab

1954 5043 2144 5096 eadem
2178 5053 2392 5093 summa
2423 5037 2553 5092 sede
2583 5037 2794 5090 decreta
2825 5033 3056 5094 fuerant,
3097 5029 3260 5083 celeri
3291 5041 3539 5084 consum-

1957 5143 2069 5186 mat
2093 5129 2286 5185 eﬂectu
2314 5148 2327 5182 :
2367 5127 2417 5179 id
2449 5137 2556 5195 est,
2601 5133 2654 5179 et
2678 5121 2866 5175 Photio
2891 5136 3045 5175 sacro
3076 5119 3376 5174 ministerio
3419 5123 3540 5204 post

2129 5222 2275 5242 Satn-..
2298 5233 2348 5242 -.Α
2407 5212 2778 5242 ἷιιηΑ....Ι.ινῖΙιιιο
2827 5211 3063 5242 οιιηιίηιιίῖ
3159 5209 3351 5242 I'al'unh
3395 5205 3536 5238 ΓΑΒ-

1962 5222 2348 5248 ..1..η.η..-ἰιέικ..,..η
2407 5212 2778 5248 ἷιισ-ηηηιιιῐῖιηιο
2827 5211 3063 5248 "inuno-Ii
