  <div class='ocr_page' id='page_1' title='image "/cluster/home/n/w/nwhite01/storage/ocr_20150623/129/hvd.32044015471709/013.png"; bbox 0 0 3960 5214; ppageno 0'>
   <div class='ocr_carea' id='block_1_1' title="bbox 452 368 2034 447">
    <p class='ocr_par' dir='ltr' id='par_1_1' title="bbox 452 372 2034 447">
     <span class='ocr_line' id='line_1_1' title="bbox 452 372 2034 447; baseline -0.004 -17"><span class='ocrx_word' id='word_1_1' title='bbox 452 382 526 447; x_wconf 49' lang='grc' dir='ltr'><strong>με</strong></span> <span class='ocrx_word' id='word_1_2' title='bbox 1631 372 2034 443; x_wconf 68' lang='lat' dir='ltr'><strong>ANASTASHI</strong></span> 
     </span>
    </p>
   </div>
   <div class='ocr_carea' id='block_1_2' title="bbox 2133 368 3708 447">
    <p class='ocr_par' dir='ltr' id='par_1_2' title="bbox 2133 368 3708 429">
     <span class='ocr_line' id='line_1_2' title="bbox 2133 368 3708 429; baseline 0.001 -3"><span class='ocrx_word' id='word_1_3' title='bbox 2133 368 2564 427; x_wconf 60' lang='lat' dir='ltr'><strong>UO&#39;I‘IIECAIHI</strong></span> <span class='ocrx_word' id='word_1_4' title='bbox 3022 402 3023 405; x_wconf 60' lang='grc' dir='ltr'><strong>η</strong></span> <span class='ocrx_word' id='word_1_5' title='bbox 3647 374 3708 429; x_wconf 66' lang='grc'><strong>16</strong></span> 
     </span>
    </p>
   </div>
   <div class='ocr_carea' id='block_1_3' title="bbox 454 485 3707 569">
    <p class='ocr_par' dir='ltr' id='par_1_3' title="bbox 454 485 3707 569">
     <span class='ocr_line' id='line_1_3' title="bbox 454 485 3707 569; baseline -0.003 -15"><span class='ocrx_word' id='word_1_6' title='bbox 454 500 537 555; x_wconf 76' lang='lat' dir='ltr'><strong>sia</strong></span> <span class='ocrx_word' id='word_1_7' title='bbox 565 494 801 569; x_wconf 72' lang='lat' dir='ltr'><strong>generali</strong></span> <span class='ocrx_word' id='word_1_8' title='bbox 832 489 1111 564; x_wconf 85' lang='lat' dir='ltr'><strong>satagebat</strong></span> <span class='ocrx_word' id='word_1_9' title='bbox 1136 491 1412 545; x_wconf 79' lang='lat' dir='ltr'><strong>eradicare</strong></span> <span class='ocrx_word' id='word_1_10' title='bbox 1433 487 1720 552; x_wconf 85' lang='lat' dir='ltr'><strong>sententia,</strong></span> <span class='ocrx_word' id='word_1_11' title='bbox 1748 487 1920 543; x_wconf 89' lang='lat' dir='ltr'><strong>visum</strong></span> <span class='ocrx_word' id='word_1_12' title='bbox 1947 494 2033 540; x_wconf 91' lang='lat' dir='ltr'><strong>est</strong></span> <span class='ocrx_word' id='word_1_13' title='bbox 2058 491 2105 547; x_wconf 80' lang='grc' dir='ltr'>Α</span> <span class='ocrx_word' id='word_1_14' title='bbox 2134 485 2249 540; x_wconf 83' lang='lat' dir='ltr'><strong>haec</strong></span> <span class='ocrx_word' id='word_1_15' title='bbox 2292 494 2635 540; x_wconf 87' lang='lat' dir='ltr'><strong>sacrosancta</strong></span> <span class='ocrx_word' id='word_1_16' title='bbox 2678 486 2914 556; x_wconf 84' lang='lat' dir='ltr'><strong>synodus</strong></span> <span class='ocrx_word' id='word_1_17' title='bbox 2961 500 3104 555; x_wconf 84' lang='lat' dir='ltr'><strong>anno</strong></span> <span class='ocrx_word' id='word_1_18' title='bbox 3152 485 3359 555; x_wconf 85' lang='lat' dir='ltr'><strong>imperii</strong></span> <span class='ocrx_word' id='word_1_19' title='bbox 3407 486 3591 541; x_wconf 75' lang='lat' dir='ltr'><strong>Basilii</strong></span> <span class='ocrx_word' id='word_1_20' title='bbox 3635 488 3707 556; x_wconf 91' lang='lat' dir='ltr'><strong>pii</strong></span> 
     </span>
    </p>
   </div>
   <div class='ocr_carea' id='block_1_4' title="bbox 460 575 2033 660">
    <p class='ocr_par' dir='ltr' id='par_1_4' title="bbox 460 575 2033 660">
     <span class='ocr_line' id='line_1_4' title="bbox 460 575 2033 660; baseline -0.009 -17"><span class='ocrx_word' id='word_1_21' title='bbox 460 591 698 660; x_wconf 82' lang='lat' dir='ltr'><strong>utrique,</strong></span> <span class='ocrx_word' id='word_1_22' title='bbox 746 578 1016 648; x_wconf 51' lang='lat' dir='ltr'><strong>Romam,‘</strong></span> <span class='ocrx_word' id='word_1_23' title='bbox 1046 589 1100 636; x_wconf 91' lang='lat' dir='ltr'><strong>et</strong></span> <span class='ocrx_word' id='word_1_24' title='bbox 1149 582 1216 635; x_wconf 93' lang='lat' dir='ltr'><strong>ad</strong></span> <span class='ocrx_word' id='word_1_25' title='bbox 1265 581 1368 634; x_wconf 91' lang='lat' dir='ltr'><strong>tria</strong></span> <span class='ocrx_word' id='word_1_26' title='bbox 1396 577 1725 649; x_wconf 84' lang='lat' dir='ltr'><strong>patriarcltia</strong></span> <span class='ocrx_word' id='word_1_27' title='bbox 1760 575 1876 631; x_wconf 89' lang='lat' dir='ltr'><strong>fore</strong></span> <span class='ocrx_word' id='word_1_28' title='bbox 1910 576 2033 630; x_wconf 88' lang='lat' dir='ltr'><strong>mit-</strong></span> 
     </span>
    </p>
   </div>
   <div class='ocr_carea' id='block_1_5' title="bbox 453 666 2035 739">
    <p class='ocr_par' dir='ltr' id='par_1_5' title="bbox 453 666 2035 739">
     <span class='ocr_line' id='line_1_5' title="bbox 453 666 2035 739; baseline -0.008 -7"><span class='ocrx_word' id='word_1_29' title='bbox 453 678 680 734; x_wconf 79' lang='lat' dir='ltr'><strong>tendum</strong></span> <span class='ocrx_word' id='word_1_30' title='bbox 707 673 968 738; x_wconf 84' lang='lat' dir='ltr'><strong>Orientis,</strong></span> <span class='ocrx_word' id='word_1_31' title='bbox 993 680 1047 727; x_wconf 92' lang='lat' dir='ltr'><strong>et</strong></span> <span class='ocrx_word' id='word_1_32' title='bbox 1075 687 1103 724; x_wconf 92' lang='lat' dir='ltr'><strong>a</strong></span> <span class='ocrx_word' id='word_1_33' title='bbox 1132 670 1301 725; x_wconf 83' lang='lat' dir='ltr'><strong>Roma</strong></span> <span class='ocrx_word' id='word_1_34' title='bbox 1335 669 1548 739; x_wconf 86' lang='lat' dir='ltr'><strong>quidem</strong></span> <span class='ocrx_word' id='word_1_35' title='bbox 1577 666 1790 721; x_wconf 89' lang='lat' dir='ltr'><strong>decreta</strong></span> <span class='ocrx_word' id='word_1_36' title='bbox 1821 666 2035 734; x_wconf 82' lang='lat' dir='ltr'><strong>dispen-</strong></span> 
     </span>
    </p>
   </div>
   <div class='ocr_carea' id='block_1_6' title="bbox 461 756 2032 834">
    <p class='ocr_par' dir='ltr' id='par_1_6' title="bbox 461 756 2032 834">
     <span class='ocr_line' id='line_1_6' title="bbox 461 756 2032 834; baseline -0.011 -8"><span class='ocrx_word' id='word_1_37' title='bbox 461 771 686 834; x_wconf 86' lang='lat' dir='ltr'><strong>satoria,</strong></span> <span class='ocrx_word' id='word_1_38' title='bbox 726 777 782 824; x_wconf 91' lang='lat' dir='ltr'><strong>et</strong></span> <span class='ocrx_word' id='word_1_39' title='bbox 809 768 951 822; x_wconf 83' lang='lat' dir='ltr'><strong>sicut</strong></span> <span class='ocrx_word' id='word_1_40' title='bbox 989 772 1147 820; x_wconf 90' lang='lat' dir='ltr'><strong>erant</strong></span> <span class='ocrx_word' id='word_1_41' title='bbox 1183 762 1460 831; x_wconf 90' lang='lat' dir='ltr'><strong>culparum</strong></span> <span class='ocrx_word' id='word_1_42' title='bbox 1508 772 1902 826; x_wconf 85' lang='lat' dir='ltr'><strong>causarumque</strong></span> <span class='ocrx_word' id='word_1_43' title='bbox 1948 756 2032 810; x_wconf 78' lang='lat' dir='ltr'><strong>di-</strong></span> 
     </span>
    </p>
   </div>
   <div class='ocr_carea' id='block_1_7' title="bbox 460 847 2031 926">
    <p class='ocr_par' dir='ltr' id='par_1_7' title="bbox 460 847 2031 926">
     <span class='ocr_line' id='line_1_7' title="bbox 460 847 2031 926; baseline -0.012 -9"><span class='ocrx_word' id='word_1_44' title='bbox 460 861 781 924; x_wconf 85' lang='lat' dir='ltr'><strong>scretiones,</strong></span> <span class='ocrx_word' id='word_1_45' title='bbox 808 858 879 912; x_wconf 89' lang='lat' dir='ltr'><strong>ita</strong></span> <span class='ocrx_word' id='word_1_46' title='bbox 907 865 960 911; x_wconf 93' lang='lat' dir='ltr'><strong>et</strong></span> <span class='ocrx_word' id='word_1_47' title='bbox 981 868 1256 926; x_wconf 75' lang='lat' dir='ltr'><strong>pmnarum</strong></span> <span class='ocrx_word' id='word_1_48' title='bbox 1286 852 1577 923; x_wconf 82' lang='lat' dir='ltr'><strong>qualitates</strong></span> <span class='ocrx_word' id='word_1_49' title='bbox 1593 847 2031 917; x_wconf 75' lang='lat' dir='ltr'><strong>iudicandarum,</strong></span> 
     </span>
    </p>
   </div>
   <div class='ocr_carea' id='block_1_8' title="bbox 458 940 2036 1019">
    <p class='ocr_par' dir='ltr' id='par_1_8' title="bbox 458 940 2036 1019">
     <span class='ocr_line' id='line_1_8' title="bbox 458 940 2036 1019; baseline -0.011 -11"><span class='ocrx_word' id='word_1_50' title='bbox 458 966 671 1007; x_wconf 85' lang='lat' dir='ltr'><strong>necnon</strong></span> <span class='ocrx_word' id='word_1_51' title='bbox 699 958 754 1006; x_wconf 89' lang='lat' dir='ltr'><strong>et.</strong></span> <span class='ocrx_word' id='word_1_52' title='bbox 782 962 1040 1019; x_wconf 83' lang='lat' dir='ltr'><strong>personas</strong></span> <span class='ocrx_word' id='word_1_53' title='bbox 1066 945 1180 999; x_wconf 83' lang='lat' dir='ltr'><strong>vice</strong></span> <span class='ocrx_word' id='word_1_54' title='bbox 1206 943 1488 1014; x_wconf 87' lang='lat' dir='ltr'><strong>fungentes</strong></span> <span class='ocrx_word' id='word_1_55' title='bbox 1533 940 1821 1010; x_wconf 87' lang='lat' dir='ltr'><strong>apostolica</strong></span> <span class='ocrx_word' id='word_1_56' title='bbox 1852 947 2036 1008; x_wconf 82' lang='lat' dir='ltr'><strong>postu-</strong></span> 
     </span>
    </p>
   </div>
   <div class='ocr_carea' id='block_1_9' title="bbox 441 1031 2036 1107">
    <p class='ocr_par' dir='ltr' id='par_1_9' title="bbox 441 1031 2036 1107">
     <span class='ocr_line' id='line_1_9' title="bbox 441 1031 2036 1107; baseline -0.011 -6"><span class='ocrx_word' id='word_1_57' title='bbox 441 1043 723 1107; x_wconf 66' lang='lat' dir='ltr'><strong>landum;</strong></span> <span class='ocrx_word' id='word_1_58' title='bbox 775 1057 803 1095; x_wconf 91' lang='lat' dir='ltr'><strong>a</strong></span> <span class='ocrx_word' id='word_1_59' title='bbox 835 1036 1065 1093; x_wconf 86' lang='lat' dir='ltr'><strong>&#39;thronis</strong></span> <span class='ocrx_word' id='word_1_60' title='bbox 1105 1044 1286 1089; x_wconf 89' lang='lat' dir='ltr'><strong>autem</strong></span> <span class='ocrx_word' id='word_1_61' title='bbox 1337 1031 1697 1088; x_wconf 78' lang='lat' dir='ltr'><strong>Orientalibus</strong></span> <span class='ocrx_word' id='word_1_62' title='bbox 1740 1043 2036 1085; x_wconf 87' lang='lat' dir='ltr'><strong>consensus</strong></span> 
     </span>
    </p>
   </div>
   <div class='ocr_carea' id='block_1_10' title="bbox 445 1119 2032 1200">
    <p class='ocr_par' dir='ltr' id='par_1_10' title="bbox 445 1119 2032 1200">
     <span class='ocr_line' id='line_1_10' title="bbox 445 1119 2032 1200; baseline -0.009 -13"><span class='ocrx_word' id='word_1_63' title='bbox 445 1135 812 1193; x_wconf 68' lang='lat' dir='ltr'><strong>nihilominus</strong></span> <span class='ocrx_word' id='word_1_64' title='bbox 829 1140 884 1185; x_wconf 90' lang='lat' dir='ltr'><strong>et</strong></span> <span class='ocrx_word' id='word_1_65' title='bbox 914 1141 1171 1200; x_wconf 83' lang='lat' dir='ltr'><strong>personas</strong></span> <span class='ocrx_word' id='word_1_66' title='bbox 1194 1124 1515 1180; x_wconf 90' lang='lat' dir='ltr'><strong>ducendum.</strong></span> <span class='ocrx_word' id='word_1_67' title='bbox 1545 1121 1687 1177; x_wconf 88' lang='lat' dir='ltr'><strong>Sane</strong></span> <span class='ocrx_word' id='word_1_68' title='bbox 1716 1119 2032 1185; x_wconf 88' lang='lat' dir='ltr'><strong>notandum,</strong></span> 
     </span>
    </p>
   </div>
   <div class='ocr_carea' id='block_1_11' title="bbox 447 1207 2037 1295">
    <p class='ocr_par' dir='ltr' id='par_1_11' title="bbox 447 1207 2037 1295">
     <span class='ocr_line' id='line_1_11' title="bbox 447 1207 2037 1295; baseline -0.014 -13"><span class='ocrx_word' id='word_1_69' title='bbox 447 1224 608 1295; x_wconf 76' lang='lat' dir='ltr'><strong>~quod</strong></span> <span class='ocrx_word' id='word_1_70' title='bbox 637 1220 817 1277; x_wconf 66' lang='lat' dir='ltr'><strong>cteteri</strong></span> <span class='ocrx_word' id='word_1_71' title='bbox 859 1216 1037 1273; x_wconf 81' lang='lat' dir='ltr'><strong>throni</strong></span> <span class='ocrx_word' id='word_1_72' title='bbox 1064 1214 1160 1279; x_wconf 92' lang='lat' dir='ltr'><strong>nil,</strong></span> <span class='ocrx_word' id='word_1_73' title='bbox 1192 1214 1333 1268; x_wconf 88' lang='lat' dir='ltr'><strong>inter</strong></span> <span class='ocrx_word' id='word_1_74' title='bbox 1360 1213 1637 1282; x_wconf 81' lang='lat' dir='ltr'><strong>Agarenos</strong></span> <span class='ocrx_word' id='word_1_75' title='bbox 1668 1207 1846 1279; x_wconf 84' lang='lat' dir='ltr'><strong>positi,</strong></span> <span class='ocrx_word' id='word_1_76' title='bbox 1875 1221 2037 1275; x_wconf 85' lang='lat' dir='ltr'><strong>super</strong></span> 
     </span>
    </p>
   </div>
   <div class='ocr_carea' id='block_1_12' title="bbox 441 1299 2035 1382">
    <p class='ocr_par' dir='ltr' id='par_1_12' title="bbox 441 1299 2035 1382">
     <span class='ocr_line' id='line_1_12' title="bbox 441 1299 2035 1382; baseline -0.014 -9"><span class='ocrx_word' id='word_1_77' title='bbox 441 1315 566 1372; x_wconf 63' lang='lat' dir='ltr'><strong>.lioc</strong></span> <span class='ocrx_word' id='word_1_78' title='bbox 610 1311 826 1382; x_wconf 83' lang='lat' dir='ltr'><strong>negotio</strong></span> <span class='ocrx_word' id='word_1_79' title='bbox 851 1321 1128 1376; x_wconf 78' lang='lat' dir='ltr'><strong>sumpsere</strong></span> <span class='ocrx_word' id='word_1_80' title='bbox 1158 1304 1390 1371; x_wconf 90' lang='lat' dir='ltr'><strong>laboris;</strong></span> <span class='ocrx_word' id='word_1_81' title='bbox 1431 1303 1528 1357; x_wconf 89' lang='lat' dir='ltr'><strong>sed</strong></span> <span class='ocrx_word' id='word_1_82' title='bbox 1560 1309 1683 1371; x_wconf 92' lang='lat' dir='ltr'><strong>post</strong></span> <span class='ocrx_word' id='word_1_83' title='bbox 1721 1299 2035 1355; x_wconf 79' lang='lat' dir='ltr'><strong>Constanti-</strong></span> 
     </span>
    </p>
   </div>
   <div class='ocr_carea' id='block_1_13' title="bbox 442 1388 2038 1476">
    <p class='ocr_par' dir='ltr' id='par_1_13' title="bbox 442 1388 2038 1476">
     <span class='ocr_line' id='line_1_13' title="bbox 442 1388 2038 1476; baseline -0.013 -15"><span class='ocrx_word' id='word_1_84' title='bbox 442 1405 695 1476; x_wconf 82' lang='lat' dir='ltr'><strong>.nopolim</strong></span> <span class='ocrx_word' id='word_1_85' title='bbox 740 1402 1039 1463; x_wconf 81' lang='lat' dir='ltr'><strong>venientes,</strong></span> <span class='ocrx_word' id='word_1_86' title='bbox 1084 1396 1226 1467; x_wconf 89' lang='lat' dir='ltr'><strong>quod</strong></span> <span class='ocrx_word' id='word_1_87' title='bbox 1269 1410 1299 1448; x_wconf 90' lang='lat' dir='ltr'><strong>a</strong></span> <span class='ocrx_word' id='word_1_88' title='bbox 1346 1393 1472 1449; x_wconf 92' lang='lat' dir='ltr'><strong>sede</strong></span> <span class='ocrx_word' id='word_1_89' title='bbox 1522 1390 1817 1461; x_wconf 89' lang='lat' dir='ltr'><strong>apostolica</strong></span> <span class='ocrx_word' id='word_1_90' title='bbox 1861 1388 2038 1443; x_wconf 80' lang='lat' dir='ltr'><strong>fuerat</strong></span> 
     </span>
    </p>
   </div>
   <div class='ocr_carea' id='block_1_14' title="bbox 444 1482 2032 1560">
    <p class='ocr_par' dir='ltr' id='par_1_14' title="bbox 444 1482 2032 1560">
     <span class='ocr_line' id='line_1_14' title="bbox 444 1482 2032 1560; baseline -0.014 -4"><span class='ocrx_word' id='word_1_91' title='bbox 444 1497 795 1555; x_wconf 67' lang='lat' dir='ltr'><strong>elaboratum</strong></span> <span class='ocrx_word' id='word_1_92' title='bbox 833 1501 997 1560; x_wconf 84' lang='lat' dir='ltr'><strong>atque</strong></span> <span class='ocrx_word' id='word_1_93' title='bbox 1041 1490 1685 1552; x_wconf 85' lang='lat' dir='ltr'><strong>decretum,reverenter</strong></span> <span class='ocrx_word' id='word_1_94' title='bbox 1723 1482 2032 1545; x_wconf 88' lang='lat' dir='ltr'><strong>admittunt,</strong></span> 
     </span>
    </p>
   </div>
   <div class='ocr_carea' id='block_1_15' title="bbox 438 1575 2035 1659">
    <p class='ocr_par' dir='ltr' id='par_1_15' title="bbox 438 1575 2035 1659">
     <span class='ocr_line' id='line_1_15' title="bbox 438 1575 2035 1659; baseline -0.011 -14"><span class='ocrx_word' id='word_1_95' title='bbox 438 1600 516 1645; x_wconf 78' lang='lat' dir='ltr'><strong>‘et</strong></span> <span class='ocrx_word' id='word_1_96' title='bbox 542 1586 827 1659; x_wconf 83' lang='lat' dir='ltr'><strong>praeconiis</strong></span> <span class='ocrx_word' id='word_1_97' title='bbox 872 1584 1024 1639; x_wconf 89' lang='lat' dir='ltr'><strong>miris</strong></span> <span class='ocrx_word' id='word_1_98' title='bbox 1065 1581 1336 1645; x_wconf 88' lang='lat' dir='ltr'><strong>attollunt,</strong></span> <span class='ocrx_word' id='word_1_99' title='bbox 1375 1588 1537 1649; x_wconf 86' lang='lat' dir='ltr'><strong>atque</strong></span> <span class='ocrx_word' id='word_1_100' title='bbox 1580 1577 1706 1633; x_wconf 84' lang='lat' dir='ltr'><strong>huic</strong></span> <span class='ocrx_word' id='word_1_101' title='bbox 1730 1575 2035 1631; x_wconf 90' lang='lat' dir='ltr'><strong>addendum</strong></span> 
     </span>
    </p>
   </div>
   <div class='ocr_carea' id='block_1_16' title="bbox 444 1667 2037 1735">
    <p class='ocr_par' dir='ltr' id='par_1_16' title="bbox 444 1667 2037 1735">
     <span class='ocr_line' id='line_1_16' title="bbox 444 1667 2037 1735; baseline -0.006 -5"><span class='ocrx_word' id='word_1_102' title='bbox 444 1678 879 1733; x_wconf 86' lang='lat' dir='ltr'><strong>.minueudumve</strong></span> <span class='ocrx_word' id='word_1_103' title='bbox 906 1673 978 1727; x_wconf 91' lang='lat' dir='ltr'><strong>nil</strong></span> <span class='ocrx_word' id='word_1_104' title='bbox 1003 1672 1223 1726; x_wconf 90' lang='lat' dir='ltr'><strong>omnino</strong></span> <span class='ocrx_word' id='word_1_105' title='bbox 1257 1671 1574 1725; x_wconf 89' lang='lat' dir='ltr'><strong>decernunt.</strong></span> <span class='ocrx_word' id='word_1_106' title='bbox 1606 1667 1834 1722; x_wconf 79' lang='lat' dir='ltr'><strong>Mittitur</strong></span> <span class='ocrx_word' id='word_1_107' title='bbox 1855 1667 2037 1735; x_wconf 84' lang='lat' dir='ltr'><strong>itaque</strong></span> 
     </span>
    </p>
   </div>
   <div class='ocr_carea' id='block_1_17' title="bbox 459 1758 2034 1837">
    <p class='ocr_par' dir='ltr' id='par_1_17' title="bbox 459 1758 2034 1837">
     <span class='ocr_line' id='line_1_17' title="bbox 459 1758 2034 1837; baseline -0.012 -11"><span class='ocrx_word' id='word_1_108' title='bbox 459 1771 687 1826; x_wconf 79' lang='lat' dir='ltr'><strong>Romam</strong></span> <span class='ocrx_word' id='word_1_109' title='bbox 717 1783 745 1821; x_wconf 86' lang='lat' dir='ltr'><strong>a</strong></span> <span class='ocrx_word' id='word_1_110' title='bbox 788 1777 943 1837; x_wconf 85' lang='lat' dir='ltr'><strong>parte</strong></span> <span class='ocrx_word' id='word_1_111' title='bbox 968 1764 1183 1834; x_wconf 84' lang='lat' dir='ltr'><strong>quidem</strong></span> <span class='ocrx_word' id='word_1_112' title='bbox 1231 1762 1442 1829; x_wconf 76' lang='lat' dir='ltr'><strong>lgnatii,</strong></span> <span class='ocrx_word' id='word_1_113' title='bbox 1487 1758 1725 1815; x_wconf 85' lang='lat' dir='ltr'><strong>Joannes</strong></span> <span class='ocrx_word' id='word_1_114' title='bbox 1753 1767 2034 1825; x_wconf 87' lang='lat' dir='ltr'><strong>metropo-</strong></span> 
     </span>
    </p>
   </div>
   <div class='ocr_carea' id='block_1_18' title="bbox 2135 574 3710 644">
    <p class='ocr_par' dir='ltr' id='par_1_18' title="bbox 2135 574 3710 644">
     <span class='ocr_line' id='line_1_18' title="bbox 2135 574 3710 644; baseline 0.002 -17"><span class='ocrx_word' id='word_1_115' title='bbox 2135 574 2392 644; x_wconf 89' lang='lat' dir='ltr'><strong>principis</strong></span> <span class='ocrx_word' id='word_1_116' title='bbox 2440 575 2622 640; x_wconf 91' lang='lat' dir='ltr'><strong>tertio,</strong></span> <span class='ocrx_word' id='word_1_117' title='bbox 2662 589 2784 644; x_wconf 72' lang='lat' dir='ltr'><strong>qum</strong></span> <span class='ocrx_word' id='word_1_118' title='bbox 2816 575 3524 644; x_wconf 83' lang='lat' dir='ltr'><strong>univcrsospatriarchales</strong></span> <span class='ocrx_word' id='word_1_119' title='bbox 3558 576 3710 630; x_wconf 82' lang='lat' dir='ltr'><strong>thro-</strong></span> 
     </span>
    </p>
   </div>
   <div class='ocr_carea' id='block_1_19' title="bbox 2135 666 3715 730">
    <p class='ocr_par' dir='ltr' id='par_1_19' title="bbox 2135 666 3715 730">
     <span class='ocr_line' id='line_1_19' title="bbox 2135 666 3715 730; baseline 0.001 -8"><span class='ocrx_word' id='word_1_120' title='bbox 2135 680 2252 730; x_wconf 84' lang='lat' dir='ltr'><strong>nos,</strong></span> <span class='ocrx_word' id='word_1_121' title='bbox 2300 666 2440 721; x_wconf 85' lang='lat' dir='ltr'><strong>sicut</strong></span> <span class='ocrx_word' id='word_1_122' title='bbox 2475 666 2702 722; x_wconf 87' lang='lat' dir='ltr'><strong>aliarum</strong></span> <span class='ocrx_word' id='word_1_123' title='bbox 2749 667 2855 721; x_wconf 86' lang='lat' dir='ltr'><strong>ulla</strong></span> <span class='ocrx_word' id='word_1_124' title='bbox 2894 668 2945 723; x_wconf 93' lang='lat' dir='ltr'><strong>in</strong></span> <span class='ocrx_word' id='word_1_125' title='bbox 2990 682 3176 723; x_wconf 91' lang='lat' dir='ltr'><strong>eorum</strong></span> <span class='ocrx_word' id='word_1_126' title='bbox 3223 668 3324 723; x_wconf 92' lang='lat' dir='ltr'><strong>loci</strong></span> <span class='ocrx_word' id='word_1_127' title='bbox 3371 669 3715 724; x_wconf 83' lang='lat' dir='ltr'><strong>servantibus</strong></span> 
     </span>
    </p>
   </div>
   <div class='ocr_carea' id='block_1_20' title="bbox 2135 755 3713 827">
    <p class='ocr_par' dir='ltr' id='par_1_20' title="bbox 2135 755 3713 827">
     <span class='ocr_line' id='line_1_20' title="bbox 2135 755 3713 827; baseline -0.001 -17"><span class='ocrx_word' id='word_1_128' title='bbox 2135 755 2388 824; x_wconf 62' lang='lat' dir='ltr'><strong>praesules</strong></span> <span class='ocrx_word' id='word_1_129' title='bbox 2417 756 2641 821; x_wconf 82' lang='lat' dir='ltr'><strong>habens,</strong></span> <span class='ocrx_word' id='word_1_130' title='bbox 2681 757 2999 813; x_wconf 82' lang='lat' dir='ltr'><strong>universalis</strong></span> <span class='ocrx_word' id='word_1_131' title='bbox 3041 773 3148 811; x_wconf 88' lang='lat' dir='ltr'><strong>non</strong></span> <span class='ocrx_word' id='word_1_132' title='bbox 3177 758 3619 827; x_wconf 83' lang='lat' dir='ltr'><strong>inconvenieutcr</strong></span> <span class='ocrx_word' id='word_1_133' title='bbox 3645 759 3713 810; x_wconf 86' lang='lat' dir='ltr'><strong>ab</strong></span> 
     </span>
    </p>
   </div>
   <div class='ocr_carea' id='block_1_21' title="bbox 2136 845 3714 918">
    <p class='ocr_par' dir='ltr' id='par_1_21' title="bbox 2136 845 3714 918">
     <span class='ocr_line' id='line_1_21' title="bbox 2136 845 3714 918; baseline 0.001 -17"><span class='ocrx_word' id='word_1_134' title='bbox 2136 845 2387 905; x_wconf 86' lang='lat' dir='ltr'><strong>omnibus</strong></span> <span class='ocrx_word' id='word_1_135' title='bbox 2433 846 2750 916; x_wconf 86' lang='lat' dir='ltr'><strong>appellatur.</strong></span> <span class='ocrx_word' id='word_1_136' title='bbox 2802 847 3134 904; x_wconf 87' lang='lat' dir='ltr'><strong>Universalis</strong></span> <span class='ocrx_word' id='word_1_137' title='bbox 3175 857 3260 904; x_wconf 85' lang='lat' dir='ltr'><strong>est</strong></span> <span class='ocrx_word' id='word_1_138' title='bbox 3302 850 3484 914; x_wconf 87' lang='lat' dir='ltr'><strong>enim;</strong></span> <span class='ocrx_word' id='word_1_139' title='bbox 3534 849 3714 918; x_wconf 89' lang='lat' dir='ltr'><strong>primo</strong></span> 
     </span>
    </p>
   </div>
   <div class='ocr_carea' id='block_1_22' title="bbox 2136 935 3711 1011">
    <p class='ocr_par' dir='ltr' id='par_1_22' title="bbox 2136 935 3711 1011">
     <span class='ocr_line' id='line_1_22' title="bbox 2136 935 3711 1011; baseline 0.005 -23"><span class='ocrx_word' id='word_1_140' title='bbox 2136 935 2260 1006; x_wconf 88' lang='lat' dir='ltr'><strong>quia</strong></span> <span class='ocrx_word' id='word_1_141' title='bbox 2304 937 2569 992; x_wconf 89' lang='lat' dir='ltr'><strong>catholica</strong></span> <span class='ocrx_word' id='word_1_142' title='bbox 2599 937 2732 993; x_wconf 88' lang='lat' dir='ltr'><strong>lides</strong></span> <span class='ocrx_word' id='word_1_143' title='bbox 2758 939 2811 992; x_wconf 92' lang='lat' dir='ltr'><strong>in</strong></span> <span class='ocrx_word' id='word_1_144' title='bbox 2839 953 2901 993; x_wconf 88' lang='lat' dir='ltr'><strong>ea</strong></span> <span class='ocrx_word' id='word_1_145' title='bbox 2924 947 2983 993; x_wconf 92' lang='lat' dir='ltr'><strong>et</strong></span> <span class='ocrx_word' id='word_1_146' title='bbox 3020 947 3221 994; x_wconf 69' lang='lat' dir='ltr'><strong>sancta:</strong></span> <span class='ocrx_word' id='word_1_147' title='bbox 3248 939 3416 1009; x_wconf 83' lang='lat' dir='ltr'><strong>leges,</strong></span> <span class='ocrx_word' id='word_1_148' title='bbox 3459 955 3581 1011; x_wconf 70' lang='lat' dir='ltr'><strong>qua:</strong></span> <span class='ocrx_word' id='word_1_149' title='bbox 3604 954 3711 996; x_wconf 81' lang='lat' dir='ltr'><strong>non</strong></span> 
     </span>
    </p>
   </div>
   <div class='ocr_carea' id='block_1_23' title="bbox 2134 1027 3715 1093">
    <p class='ocr_par' dir='ltr' id='par_1_23' title="bbox 2134 1027 3715 1093">
     <span class='ocr_line' id='line_1_23' title="bbox 2134 1027 3715 1093; baseline 0.002 -11"><span class='ocrx_word' id='word_1_150' title='bbox 2134 1027 2307 1082; x_wconf 86' lang='lat' dir='ltr'><strong>solum</strong></span> <span class='ocrx_word' id='word_1_151' title='bbox 2337 1042 2368 1082; x_wconf 95' lang='lat' dir='ltr'><strong>a</strong></span> <span class='ocrx_word' id='word_1_152' title='bbox 2393 1028 2784 1093; x_wconf 85' lang='lat' dir='ltr'><strong>sacerdotibus,</strong></span> <span class='ocrx_word' id='word_1_153' title='bbox 2815 1028 2909 1084; x_wconf 91' lang='lat' dir='ltr'><strong>sed</strong></span> <span class='ocrx_word' id='word_1_154' title='bbox 2956 1038 3011 1084; x_wconf 90' lang='lat' dir='ltr'><strong>et</strong></span> <span class='ocrx_word' id='word_1_155' title='bbox 3054 1030 3123 1085; x_wconf 86' lang='lat' dir='ltr'><strong>ab</strong></span> <span class='ocrx_word' id='word_1_156' title='bbox 3160 1030 3428 1087; x_wconf 82' lang='lat' dir='ltr'><strong>universis</strong></span> <span class='ocrx_word' id='word_1_157' title='bbox 3450 1030 3715 1087; x_wconf 82' lang='lat' dir='ltr'><strong>Christia-</strong></span> 
     </span>
    </p>
   </div>
   <div class='ocr_carea' id='block_1_24' title="bbox 2135 1117 3708 1185">
    <p class='ocr_par' dir='ltr' id='par_1_24' title="bbox 2135 1117 3708 1185">
     <span class='ocr_line' id='line_1_24' title="bbox 2135 1117 3708 1185; baseline 0.001 -13"><span class='ocrx_word' id='word_1_158' title='bbox 2135 1119 2219 1172; x_wconf 88' lang='lat' dir='ltr'><strong>nis</strong></span> <span class='ocrx_word' id='word_1_159' title='bbox 2258 1117 2362 1173; x_wconf 91' lang='lat' dir='ltr'><strong>coli</strong></span> <span class='ocrx_word' id='word_1_160' title='bbox 2406 1120 2601 1175; x_wconf 86' lang='lat' dir='ltr'><strong>debent</strong></span> <span class='ocrx_word' id='word_1_161' title='bbox 2625 1118 2697 1173; x_wconf 82' lang='lat' dir='ltr'><strong>’et</strong></span> <span class='ocrx_word' id='word_1_162' title='bbox 2736 1120 3007 1185; x_wconf 88' lang='lat' dir='ltr'><strong>venerari,</strong></span> <span class='ocrx_word' id='word_1_163' title='bbox 3054 1131 3241 1185; x_wconf 87' lang='lat' dir='ltr'><strong>contra</strong></span> <span class='ocrx_word' id='word_1_164' title='bbox 3288 1121 3474 1176; x_wconf 83' lang='lat' dir='ltr'><strong>hostes</strong></span> <span class='ocrx_word' id='word_1_165' title='bbox 3515 1135 3708 1176; x_wconf 89' lang='lat' dir='ltr'><strong>earum</strong></span> 
     </span>
    </p>
   </div>
   <div class='ocr_carea' id='block_1_25' title="bbox 2134 1209 3716 1289">
    <p class='ocr_par' dir='ltr' id='par_1_25' title="bbox 2134 1209 3716 1289">
     <span class='ocr_line' id='line_1_25' title="bbox 2134 1209 3716 1289; baseline 0 -22"><span class='ocrx_word' id='word_1_166' title='bbox 2134 1225 2372 1289; x_wconf 85' lang='lat' dir='ltr'><strong>consona</strong></span> <span class='ocrx_word' id='word_1_167' title='bbox 2400 1224 2531 1266; x_wconf 86' lang='lat' dir='ltr'><strong>voce</strong></span> <span class='ocrx_word' id='word_1_168' title='bbox 2555 1209 2886 1277; x_wconf 76' lang='lat' dir='ltr'><strong>defenditur;</strong></span> <span class='ocrx_word' id='word_1_169' title='bbox 2916 1211 3129 1277; x_wconf 86' lang='lat' dir='ltr'><strong>deinde,</strong></span> <span class='ocrx_word' id='word_1_170' title='bbox 3160 1211 3284 1280; x_wconf 87' lang='lat' dir='ltr'><strong>quia</strong></span> <span class='ocrx_word' id='word_1_171' title='bbox 3313 1226 3437 1266; x_wconf 89' lang='lat' dir='ltr'><strong>cum</strong></span> <span class='ocrx_word' id='word_1_172' title='bbox 3462 1211 3716 1267; x_wconf 84' lang='lat' dir='ltr'><strong>Christus</strong></span> 
     </span>
    </p>
   </div>
   <div class='ocr_carea' id='block_1_26' title="bbox 2137 1301 3755 1373">
    <p class='ocr_par' dir='ltr' id='par_1_26' title="bbox 2137 1301 3755 1373">
     <span class='ocr_line' id='line_1_26' title="bbox 2137 1301 3755 1373; baseline 0.002 -19"><span class='ocrx_word' id='word_1_173' title='bbox 2137 1301 2190 1354; x_wconf 92' lang='lat' dir='ltr'><strong>in</strong></span> <span class='ocrx_word' id='word_1_174' title='bbox 2216 1315 2445 1370; x_wconf 86' lang='lat' dir='ltr'><strong>corpore</strong></span> <span class='ocrx_word' id='word_1_175' title='bbox 2471 1316 2590 1366; x_wconf 91' lang='lat' dir='ltr'><strong>suo,</strong></span> <span class='ocrx_word' id='word_1_176' title='bbox 2620 1301 2765 1371; x_wconf 89' lang='lat' dir='ltr'><strong>quod</strong></span> <span class='ocrx_word' id='word_1_177' title='bbox 2796 1310 2888 1357; x_wconf 84' lang='lat' dir='ltr'><strong>est</strong></span> <span class='ocrx_word' id='word_1_178' title='bbox 2925 1301 3186 1368; x_wconf 85' lang='lat' dir='ltr'><strong>Ecclesia,</strong></span> <span class='ocrx_word' id='word_1_179' title='bbox 3222 1310 3300 1357; x_wconf 89' lang='lat' dir='ltr'><strong>tot</strong></span> <span class='ocrx_word' id='word_1_180' title='bbox 3325 1303 3715 1373; x_wconf 86' lang='lat' dir='ltr'><strong>patriarchales</strong></span> <span class='ocrx_word' id='word_1_181' title='bbox 3750 1368 3755 1371; x_wconf 88' lang='lat'>_</span> 
     </span>
    </p>
   </div>
   <div class='ocr_carea' id='block_1_27' title="bbox 2135 1390 3715 1464">
    <p class='ocr_par' dir='ltr' id='par_1_27' title="bbox 2135 1390 3715 1464">
     <span class='ocr_line' id='line_1_27' title="bbox 2135 1390 3715 1464; baseline 0.002 -18"><span class='ocrx_word' id='word_1_182' title='bbox 2135 1390 2314 1455; x_wconf 87' lang='lat' dir='ltr'><strong>sedes,</strong></span> <span class='ocrx_word' id='word_1_183' title='bbox 2366 1400 2497 1461; x_wconf 91' lang='lat' dir='ltr'><strong>quot</strong></span> <span class='ocrx_word' id='word_1_184' title='bbox 2547 1394 2601 1447; x_wconf 92' lang='lat' dir='ltr'><strong>in</strong></span> <span class='ocrx_word' id='word_1_185' title='bbox 2667 1392 2930 1463; x_wconf 76' lang='lat' dir='ltr'><strong>cujusque</strong></span> <span class='ocrx_word' id='word_1_186' title='bbox 2990 1394 3206 1449; x_wconf 88' lang='lat' dir='ltr'><strong>mortali</strong></span> <span class='ocrx_word' id='word_1_187' title='bbox 3235 1408 3463 1464; x_wconf 88' lang='lat' dir='ltr'><strong>corpore</strong></span> <span class='ocrx_word' id='word_1_188' title='bbox 3519 1410 3715 1450; x_wconf 89' lang='lat' dir='ltr'><strong>sensus</strong></span> 
     </span>
    </p>
   </div>
   <div class='ocr_carea' id='block_1_28' title="bbox 2135 1482 3711 1554">
    <p class='ocr_par' dir='ltr' id='par_1_28' title="bbox 2135 1482 3711 1554">
     <span class='ocr_line' id='line_1_28' title="bbox 2135 1482 3711 1554; baseline 0.003 -18"><span class='ocrx_word' id='word_1_189' title='bbox 2135 1482 2415 1549; x_wconf 85' lang='lat' dir='ltr'><strong>locaverit,</strong></span> <span class='ocrx_word' id='word_1_190' title='bbox 2445 1482 2690 1553; x_wconf 91' lang='lat' dir='ltr'><strong>profecto</strong></span> <span class='ocrx_word' id='word_1_191' title='bbox 2718 1484 2855 1540; x_wconf 89' lang='lat' dir='ltr'><strong>nihil</strong></span> <span class='ocrx_word' id='word_1_192' title='bbox 2882 1483 3224 1554; x_wconf 80' lang='lat' dir='ltr'><strong>generalitati</strong></span> <span class='ocrx_word' id='word_1_193' title='bbox 3254 1484 3405 1540; x_wconf 87' lang='lat' dir='ltr'><strong>deest</strong></span> <span class='ocrx_word' id='word_1_194' title='bbox 3430 1483 3711 1548; x_wconf 61' lang='lat' dir='ltr'><strong>Ecclesiae.</strong></span> 
     </span>
    </p>
   </div>
   <div class='ocr_carea' id='block_1_29' title="bbox 2140 1573 3716 1642">
    <p class='ocr_par' dir='ltr' id='par_1_29' title="bbox 2140 1573 3716 1642">
     <span class='ocr_line' id='line_1_29' title="bbox 2140 1573 3716 1642; baseline 0.001 -14"><span class='ocrx_word' id='word_1_195' title='bbox 2140 1573 2187 1628; x_wconf 90' lang='lat' dir='ltr'><strong>si</strong></span> <span class='ocrx_word' id='word_1_196' title='bbox 2206 1589 2397 1629; x_wconf 90' lang='lat' dir='ltr'><strong>omnes</strong></span> <span class='ocrx_word' id='word_1_197' title='bbox 2443 1574 2547 1629; x_wconf 68' lang='lat' dir='ltr'><strong>illa:</strong></span> <span class='ocrx_word' id='word_1_198' title='bbox 2577 1576 2735 1631; x_wconf 86' lang='lat' dir='ltr'><strong>sedes</strong></span> <span class='ocrx_word' id='word_1_199' title='bbox 2775 1576 2936 1630; x_wconf 90' lang='lat' dir='ltr'><strong>unius</strong></span> <span class='ocrx_word' id='word_1_200' title='bbox 2982 1574 3186 1631; x_wconf 89' lang='lat' dir='ltr'><strong>fuerint</strong></span> <span class='ocrx_word' id='word_1_201' title='bbox 3215 1574 3531 1642; x_wconf 81' lang='lat' dir='ltr'><strong>voluntatis,</strong></span> <span class='ocrx_word' id='word_1_202' title='bbox 3574 1576 3716 1631; x_wconf 88' lang='lat' dir='ltr'><strong>sicut</strong></span> 
     </span>
    </p>
   </div>
   <div class='ocr_carea' id='block_1_30' title="bbox 2137 1665 3718 1737">
    <p class='ocr_par' dir='ltr' id='par_1_30' title="bbox 2137 1665 3718 1737">
     <span class='ocr_line' id='line_1_30' title="bbox 2137 1665 3718 1737; baseline 0 -16"><span class='ocrx_word' id='word_1_203' title='bbox 2137 1666 2269 1721; x_wconf 85' lang='lat' dir='ltr'><strong>nihil</strong></span> <span class='ocrx_word' id='word_1_204' title='bbox 2328 1667 2479 1723; x_wconf 87' lang='lat' dir='ltr'><strong>deest</strong></span> <span class='ocrx_word' id='word_1_205' title='bbox 2524 1666 2726 1723; x_wconf 85' lang='lat' dir='ltr'><strong>mortui</strong></span> <span class='ocrx_word' id='word_1_206' title='bbox 2771 1667 3057 1737; x_wconf 84' lang='lat' dir='ltr'><strong>corporis,</strong></span> <span class='ocrx_word' id='word_1_207' title='bbox 3131 1666 3176 1722; x_wconf 90' lang='lat' dir='ltr'><strong>si</strong></span> <span class='ocrx_word' id='word_1_208' title='bbox 3231 1680 3419 1721; x_wconf 90' lang='lat' dir='ltr'><strong>omnes</strong></span> <span class='ocrx_word' id='word_1_209' title='bbox 3448 1665 3718 1737; x_wconf 32' lang='lat' dir='ltr'><strong>.quinque</strong></span> 
     </span>
    </p>
   </div>
   <div class='ocr_carea' id='block_1_31' title="bbox 2137 1757 3711 1830">
    <p class='ocr_par' dir='ltr' id='par_1_31' title="bbox 2137 1757 3711 1830">
     <span class='ocr_line' id='line_1_31' title="bbox 2137 1757 3711 1830; baseline 0.001 -17"><span class='ocrx_word' id='word_1_210' title='bbox 2137 1773 2327 1813; x_wconf 86' lang='lat' dir='ltr'><strong>sensus</strong></span> <span class='ocrx_word' id='word_1_211' title='bbox 2390 1759 2614 1830; x_wconf 67' lang='lat' dir='ltr'><strong>integra:</strong></span> <span class='ocrx_word' id='word_1_212' title='bbox 2687 1759 3096 1829; x_wconf 84' lang='lat' dir='ltr'><strong>communisque</strong></span> <span class='ocrx_word' id='word_1_213' title='bbox 3165 1757 3366 1827; x_wconf 75' lang='lat' dir='ltr'><strong>fuerint</strong></span> <span class='ocrx_word' id='word_1_214' title='bbox 3435 1758 3711 1814; x_wconf 85' lang='lat' dir='ltr'><strong>sanitatis.</strong></span> 
     </span>
    </p>
   </div>
   <div class='ocr_carea' id='block_1_32' title="bbox 460 1847 3715 1925">
    <p class='ocr_par' dir='ltr' id='par_1_32' title="bbox 460 1847 3715 1925">
     <span class='ocr_line' id='line_1_32' title="bbox 460 1847 3715 1925; baseline -0.003 -11"><span class='ocrx_word' id='word_1_215' title='bbox 460 1860 556 1914; x_wconf 86' lang='lat' dir='ltr'><strong>lita</strong></span> <span class='ocrx_word' id='word_1_216' title='bbox 589 1858 767 1923; x_wconf 82' lang='lat' dir='ltr'><strong>Silei.,</strong></span> <span class='ocrx_word' id='word_1_217' title='bbox 799 1857 888 1925; x_wconf 90' lang='lat' dir='ltr'><strong>qui</strong></span> <span class='ocrx_word' id='word_1_218' title='bbox 924 1865 978 1909; x_wconf 91' lang='lat' dir='ltr'><strong>et</strong></span> <span class='ocrx_word' id='word_1_219' title='bbox 1004 1854 1203 1923; x_wconf 77' lang='lat' dir='ltr'><strong>Perges</strong></span> <span class='ocrx_word' id='word_1_220' title='bbox 1225 1851 1552 1924; x_wconf 59' lang='lat' dir='ltr'><strong>Pamphylia</strong></span> <span class='ocrx_word' id='word_1_221' title='bbox 1593 1859 1825 1919; x_wconf 66' lang='lat' dir='ltr'><strong>praterat</strong></span> <span class='ocrx_word' id='word_1_222' title='bbox 1853 1847 2040 1903; x_wconf 86' lang='lat' dir='ltr'><strong>Eccle-</strong></span> <span class='ocrx_word' id='word_1_223' title='bbox 2067 1857 2110 1915; x_wconf 79' lang='grc' dir='ltr'><strong>Β</strong></span> <span class='ocrx_word' id='word_1_224' title='bbox 2139 1850 2284 1905; x_wconf 85' lang='lat' dir='ltr'><strong>Inter</strong></span> <span class='ocrx_word' id='word_1_225' title='bbox 2324 1866 2461 1920; x_wconf 89' lang='lat' dir='ltr'><strong>quas</strong></span> <span class='ocrx_word' id='word_1_226' title='bbox 2500 1851 2751 1907; x_wconf 90' lang='lat' dir='ltr'><strong>videlicet</strong></span> <span class='ocrx_word' id='word_1_227' title='bbox 2792 1852 2953 1908; x_wconf 89' lang='lat' dir='ltr'><strong>sedes</strong></span> <span class='ocrx_word' id='word_1_228' title='bbox 2978 1851 3102 1921; x_wconf 91' lang='lat' dir='ltr'><strong>quia</strong></span> <span class='ocrx_word' id='word_1_229' title='bbox 3144 1850 3385 1905; x_wconf 76' lang='lat' dir='ltr'><strong>Romana</strong></span> <span class='ocrx_word' id='word_1_230' title='bbox 3433 1850 3715 1920; x_wconf 66' lang='lat' dir='ltr'><strong>praecellit,</strong></span> 
     </span>
    </p>
   </div>
   <div class='ocr_carea' id='block_1_33' title="bbox 461 1938 2035 2016">
    <p class='ocr_par' dir='ltr' id='par_1_33' title="bbox 461 1938 2035 2016">
     <span class='ocr_line' id='line_1_33' title="bbox 461 1938 2035 2016; baseline -0.008 -12"><span class='ocrx_word' id='word_1_231' title='bbox 461 1950 555 2004; x_wconf 74' lang='lat' dir='ltr'><strong>site</strong></span> <span class='ocrx_word' id='word_1_232' title='bbox 580 1964 597 2015; x_wconf 94' lang='lat'><strong>;</strong></span> <span class='ocrx_word' id='word_1_233' title='bbox 629 1964 657 2002; x_wconf 93' lang='lat' dir='ltr'><strong>a</strong></span> <span class='ocrx_word' id='word_1_234' title='bbox 674 1958 835 2016; x_wconf 85' lang='lat' dir='ltr'><strong>parte</strong></span> <span class='ocrx_word' id='word_1_235' title='bbox 858 1961 988 2000; x_wconf 88' lang='lat' dir='ltr'><strong>vero</strong></span> <span class='ocrx_word' id='word_1_236' title='bbox 1016 1942 1189 1997; x_wconf 84' lang='lat' dir='ltr'><strong>Photii</strong></span> <span class='ocrx_word' id='word_1_237' title='bbox 1216 1942 1411 1997; x_wconf 89' lang='lat' dir='ltr'><strong>Petrus</strong></span> <span class='ocrx_word' id='word_1_238' title='bbox 1439 1939 1777 2009; x_wconf 87' lang='lat' dir='ltr'><strong>metropolita</strong></span> <span class='ocrx_word' id='word_1_239' title='bbox 1798 1938 2035 1993; x_wconf 77' lang='lat' dir='ltr'><strong>Sardon-</strong></span> 
     </span>
    </p>
   </div>
   <div class='ocr_carea' id='block_1_34' title="bbox 442 2028 2034 2109">
    <p class='ocr_par' dir='ltr' id='par_1_34' title="bbox 442 2028 2034 2109">
     <span class='ocr_line' id='line_1_34' title="bbox 442 2028 2034 2109; baseline -0.009 -13"><span class='ocrx_word' id='word_1_240' title='bbox 442 2042 557 2105; x_wconf 77' lang='lat' dir='ltr'><strong>-sis,</strong></span> <span class='ocrx_word' id='word_1_241' title='bbox 591 2039 898 2109; x_wconf 87' lang='lat' dir='ltr'><strong>quicoutra</strong></span> <span class='ocrx_word' id='word_1_242' title='bbox 932 2035 1194 2106; x_wconf 82' lang='lat' dir='ltr'><strong>lguatium</strong></span> <span class='ocrx_word' id='word_1_243' title='bbox 1239 2047 1359 2086; x_wconf 92' lang='lat' dir='ltr'><strong>cum</strong></span> <span class='ocrx_word' id='word_1_244' title='bbox 1404 2031 1511 2098; x_wconf 89' lang='lat' dir='ltr'><strong>jam</strong></span> <span class='ocrx_word' id='word_1_245' title='bbox 1571 2037 1867 2084; x_wconf 84' lang='lat' dir='ltr'><strong>memorato</strong></span> <span class='ocrx_word' id='word_1_246' title='bbox 1894 2028 2034 2082; x_wconf 84' lang='lat' dir='ltr'><strong>Gre-</strong></span> 
     </span>
    </p>
   </div>
   <div class='ocr_carea' id='block_1_35' title="bbox 432 2118 2031 2202">
    <p class='ocr_par' dir='ltr' id='par_1_35' title="bbox 432 2118 2031 2202">
     <span class='ocr_line' id='line_1_35' title="bbox 432 2118 2031 2202; baseline -0.009 -17"><span class='ocrx_word' id='word_1_247' title='bbox 432 2131 612 2202; x_wconf 73' lang='lat' dir='ltr'><strong>.gorio</strong></span> <span class='ocrx_word' id='word_1_248' title='bbox 644 2138 831 2183; x_wconf 89' lang='lat' dir='ltr'><strong>auctor</strong></span> <span class='ocrx_word' id='word_1_249' title='bbox 860 2125 1035 2180; x_wconf 87' lang='lat' dir='ltr'><strong>factus</strong></span> <span class='ocrx_word' id='word_1_250' title='bbox 1064 2122 1239 2177; x_wconf 81' lang='lat' dir='ltr'><strong>fuerat</strong></span> <span class='ocrx_word' id='word_1_251' title='bbox 1286 2120 1666 2176; x_wconf 67' lang='lat' dir='ltr'><strong>ecclesiasticae</strong></span> <span class='ocrx_word' id='word_1_252' title='bbox 1712 2118 1988 2174; x_wconf 84' lang='lat' dir='ltr'><strong>scissiouis</strong></span> <span class='ocrx_word' id='word_1_253' title='bbox 2018 2134 2031 2171; x_wconf 88' lang='lat'><strong>:</strong></span> 
     </span>
    </p>
   </div>
   <div class='ocr_carea' id='block_1_36' title="bbox 437 2206 2037 2287">
    <p class='ocr_par' dir='ltr' id='par_1_36' title="bbox 437 2206 2037 2287">
     <span class='ocr_line' id='line_1_36' title="bbox 437 2206 2037 2287; baseline -0.004 -20"><span class='ocrx_word' id='word_1_254' title='bbox 437 2233 622 2287; x_wconf 64' lang='lat' dir='ltr'><strong>,porro</strong></span> <span class='ocrx_word' id='word_1_255' title='bbox 650 2232 681 2271; x_wconf 87' lang='lat' dir='ltr'><strong>a</strong></span> <span class='ocrx_word' id='word_1_256' title='bbox 709 2214 952 2285; x_wconf 84' lang='lat' dir='ltr'><strong>principe</strong></span> <span class='ocrx_word' id='word_1_257' title='bbox 977 2213 1277 2267; x_wconf 81' lang='lat' dir='ltr'><strong>destinatur</strong></span> <span class='ocrx_word' id='word_1_258' title='bbox 1308 2210 1488 2280; x_wconf 75' lang='lat' dir='ltr'><strong>regius</strong></span> <span class='ocrx_word' id='word_1_259' title='bbox 1519 2208 1846 2278; x_wconf 87' lang='lat' dir='ltr'><strong>spatltarius,</strong></span> <span class='ocrx_word' id='word_1_260' title='bbox 1887 2206 2037 2261; x_wconf 87' lang='lat' dir='ltr'><strong>Basi-</strong></span> 
     </span>
    </p>
   </div>
   <div class='ocr_carea' id='block_1_37' title="bbox 434 2302 2032 2373">
    <p class='ocr_par' dir='ltr' id='par_1_37' title="bbox 434 2302 2032 2373">
     <span class='ocr_line' id='line_1_37' title="bbox 434 2302 2032 2373; baseline -0.008 -11"><span class='ocrx_word' id='word_1_261' title='bbox 434 2308 565 2362; x_wconf 90' lang='lat' dir='ltr'><strong>-lius</strong></span> <span class='ocrx_word' id='word_1_262' title='bbox 611 2307 847 2369; x_wconf 89' lang='lat' dir='ltr'><strong>nomine,</strong></span> <span class='ocrx_word' id='word_1_263' title='bbox 895 2305 984 2373; x_wconf 88' lang='lat' dir='ltr'><strong>qui</strong></span> <span class='ocrx_word' id='word_1_264' title='bbox 1048 2302 1190 2355; x_wconf 90' lang='lat' dir='ltr'><strong>inter</strong></span> <span class='ocrx_word' id='word_1_265' title='bbox 1233 2308 1518 2367; x_wconf 85' lang='lat' dir='ltr'><strong>utramque</strong></span> <span class='ocrx_word' id='word_1_266' title='bbox 1579 2306 1784 2367; x_wconf 89' lang='lat' dir='ltr'><strong>partem</strong></span> <span class='ocrx_word' id='word_1_267' title='bbox 1848 2311 2032 2351; x_wconf 90' lang='lat' dir='ltr'><strong>coram</strong></span> 
     </span>
    </p>
   </div>
   <div class='ocr_carea' id='block_1_38' title="bbox 460 2386 2034 2466">
    <p class='ocr_par' dir='ltr' id='par_1_38' title="bbox 460 2386 2034 2466">
     <span class='ocr_line' id='line_1_38' title="bbox 460 2386 2034 2466; baseline -0.009 -14"><span class='ocrx_word' id='word_1_268' title='bbox 460 2393 929 2466; x_wconf 74' lang='lat' dir='ltr'><strong>sede—apostolica</strong></span> <span class='ocrx_word' id='word_1_269' title='bbox 958 2391 1168 2448; x_wconf 87' lang='lat' dir='ltr'><strong>medius</strong></span> <span class='ocrx_word' id='word_1_270' title='bbox 1212 2390 1517 2453; x_wconf 84' lang='lat' dir='ltr'><strong>haberetur,</strong></span> <span class='ocrx_word' id='word_1_271' title='bbox 1549 2395 1604 2442; x_wconf 88' lang='lat' dir='ltr'><strong>et</strong></span> <span class='ocrx_word' id='word_1_272' title='bbox 1646 2386 1818 2442; x_wconf 85' lang='lat' dir='ltr'><strong>fidelis</strong></span> <span class='ocrx_word' id='word_1_273' title='bbox 1846 2400 2034 2443; x_wconf 84' lang='lat' dir='ltr'><strong>eorum</strong></span> 
     </span>
    </p>
   </div>
   <div class='ocr_carea' id='block_1_39' title="bbox 431 2479 2032 2558">
    <p class='ocr_par' dir='ltr' id='par_1_39' title="bbox 431 2479 2032 2558">
     <span class='ocr_line' id='line_1_39' title="bbox 431 2479 2032 2558; baseline -0.007 -14"><span class='ocrx_word' id='word_1_274' title='bbox 431 2505 581 2558; x_wconf 76' lang='lat' dir='ltr'><strong>~qure</strong></span> <span class='ocrx_word' id='word_1_275' title='bbox 612 2487 768 2543; x_wconf 89' lang='lat' dir='ltr'><strong>sedes</strong></span> <span class='ocrx_word' id='word_1_276' title='bbox 811 2486 998 2541; x_wconf 88' lang='lat' dir='ltr'><strong>eadem</strong></span> <span class='ocrx_word' id='word_1_277' title='bbox 1043 2484 1370 2538; x_wconf 89' lang='lat' dir='ltr'><strong>decrevisset</strong></span> <span class='ocrx_word' id='word_1_278' title='bbox 1417 2481 1630 2537; x_wconf 88' lang='lat' dir='ltr'><strong>auditor</strong></span> <span class='ocrx_word' id='word_1_279' title='bbox 1675 2488 1730 2534; x_wconf 91' lang='lat' dir='ltr'><strong>et</strong></span> <span class='ocrx_word' id='word_1_280' title='bbox 1767 2479 2032 2534; x_wconf 90' lang='lat' dir='ltr'><strong>nuntius:</strong></span> 
     </span>
    </p>
   </div>
   <div class='ocr_carea' id='block_1_40' title="bbox 460 2569 2035 2644">
    <p class='ocr_par' dir='ltr' id='par_1_40' title="bbox 460 2569 2035 2644">
     <span class='ocr_line' id='line_1_40' title="bbox 460 2569 2035 2644; baseline -0.006 -10"><span class='ocrx_word' id='word_1_281' title='bbox 460 2579 558 2634; x_wconf 88' lang='lat' dir='ltr'><strong>sed</strong></span> <span class='ocrx_word' id='word_1_282' title='bbox 584 2577 778 2631; x_wconf 89' lang='lat' dir='ltr'><strong>Petrus</strong></span> <span class='ocrx_word' id='word_1_283' title='bbox 801 2575 1039 2644; x_wconf 89' lang='lat' dir='ltr'><strong>quidem,</strong></span> <span class='ocrx_word' id='word_1_284' title='bbox 1069 2572 1197 2627; x_wconf 91' lang='lat' dir='ltr'><strong>licet</strong></span> <span class='ocrx_word' id='word_1_285' title='bbox 1244 2587 1380 2626; x_wconf 85' lang='lat' dir='ltr'><strong>nova</strong></span> <span class='ocrx_word' id='word_1_286' title='bbox 1427 2572 1574 2635; x_wconf 82' lang='lat' dir='ltr'><strong>navi,</strong></span> <span class='ocrx_word' id='word_1_287' title='bbox 1618 2580 1672 2624; x_wconf 89' lang='lat' dir='ltr'><strong>et</strong></span> <span class='ocrx_word' id='word_1_288' title='bbox 1710 2585 1872 2640; x_wconf 87' lang='lat' dir='ltr'><strong>quam</strong></span> <span class='ocrx_word' id='word_1_289' title='bbox 1919 2569 2035 2640; x_wconf 90' lang='lat' dir='ltr'><strong>ipse</strong></span> 
     </span>
    </p>
   </div>
   <div class='ocr_carea' id='block_1_41' title="bbox 429 2653 2035 2738">
    <p class='ocr_par' dir='ltr' id='par_1_41' title="bbox 429 2653 2035 2738">
     <span class='ocr_line' id='line_1_41' title="bbox 429 2653 2035 2738; baseline -0.006 -14"><span class='ocrx_word' id='word_1_290' title='bbox 429 2668 563 2725; x_wconf 76' lang='lat' dir='ltr'><strong>-sibi</strong></span> <span class='ocrx_word' id='word_1_291' title='bbox 588 2668 843 2738; x_wconf 73' lang='lat' dir='ltr'><strong>elegerat,</strong></span> <span class='ocrx_word' id='word_1_292' title='bbox 865 2666 1175 2729; x_wconf 85' lang='lat' dir='ltr'><strong>veheretur,</strong></span> <span class='ocrx_word' id='word_1_293' title='bbox 1200 2661 1537 2732; x_wconf 88' lang='lat' dir='ltr'><strong>naufragium</strong></span> <span class='ocrx_word' id='word_1_294' title='bbox 1567 2661 1727 2716; x_wconf 83' lang='lat' dir='ltr'><strong>simul</strong></span> <span class='ocrx_word' id='word_1_295' title='bbox 1756 2668 1811 2715; x_wconf 89' lang='lat' dir='ltr'><strong>et</strong></span> <span class='ocrx_word' id='word_1_296' title='bbox 1846 2653 2035 2715; x_wconf 84' lang='lat' dir='ltr'><strong>mortis</strong></span> 
     </span>
    </p>
   </div>
   <div class='ocr_carea' id='block_1_42' title="bbox 432 2751 2032 2829">
    <p class='ocr_par' dir='ltr' id='par_1_42' title="bbox 432 2751 2032 2829">
     <span class='ocr_line' id='line_1_42' title="bbox 432 2751 2032 2829; baseline -0.002 -23"><span class='ocrx_word' id='word_1_297' title='bbox 432 2756 757 2829; x_wconf 85' lang='lat' dir='ltr'><strong>.periculum</strong></span> <span class='ocrx_word' id='word_1_298' title='bbox 786 2754 1044 2825; x_wconf 87' lang='lat' dir='ltr'><strong>pertulit;</strong></span> <span class='ocrx_word' id='word_1_299' title='bbox 1088 2762 1142 2807; x_wconf 91' lang='lat' dir='ltr'><strong>et</strong></span> <span class='ocrx_word' id='word_1_300' title='bbox 1186 2752 1279 2820; x_wconf 89' lang='lat' dir='ltr'><strong>qui</strong></span> <span class='ocrx_word' id='word_1_301' title='bbox 1328 2753 1505 2807; x_wconf 82' lang='lat' dir='ltr'><strong>navim</strong></span> <span class='ocrx_word' id='word_1_302' title='bbox 1534 2751 1757 2815; x_wconf 85' lang='lat' dir='ltr'><strong>Christi,</strong></span> <span class='ocrx_word' id='word_1_303' title='bbox 1803 2751 1903 2804; x_wconf 89' lang='lat' dir='ltr'><strong>hoc</strong></span> <span class='ocrx_word' id='word_1_304' title='bbox 1931 2758 2032 2813; x_wconf 90' lang='lat' dir='ltr'><strong>est,</strong></span> 
     </span>
    </p>
   </div>
   <div class='ocr_carea' id='block_1_43' title="bbox 434 2839 2037 2908">
    <p class='ocr_par' dir='ltr' id='par_1_43' title="bbox 434 2839 2037 2908">
     <span class='ocr_line' id='line_1_43' title="bbox 434 2839 2037 2908; baseline -0.003 -9"><span class='ocrx_word' id='word_1_305' title='bbox 434 2844 753 2905; x_wconf 40' lang='lat' dir='ltr'><strong>sEcclesiam</strong></span> <span class='ocrx_word' id='word_1_306' title='bbox 784 2844 1053 2908; x_wconf 82' lang='lat' dir='ltr'><strong>sciderat,</strong></span> <span class='ocrx_word' id='word_1_307' title='bbox 1103 2845 1256 2897; x_wconf 91' lang='lat' dir='ltr'><strong>navis</strong></span> <span class='ocrx_word' id='word_1_308' title='bbox 1296 2859 1408 2897; x_wconf 73' lang='lat' dir='ltr'><strong>sua:</strong></span> <span class='ocrx_word' id='word_1_309' title='bbox 1454 2841 1770 2897; x_wconf 89' lang='lat' dir='ltr'><strong>scissionem</strong></span> <span class='ocrx_word' id='word_1_310' title='bbox 1810 2854 1914 2894; x_wconf 87' lang='lat' dir='ltr'><strong>non</strong></span> <span class='ocrx_word' id='word_1_311' title='bbox 1955 2839 2037 2894; x_wconf 93' lang='lat' dir='ltr'><strong>in-</strong></span> 
     </span>
    </p>
   </div>
   <div class='ocr_carea' id='block_1_44' title="bbox 430 2929 2032 3000">
    <p class='ocr_par' dir='ltr' id='par_1_44' title="bbox 430 2929 2032 3000">
     <span class='ocr_line' id='line_1_44' title="bbox 430 2929 2032 3000; baseline -0.005 -9"><span class='ocrx_word' id='word_1_312' title='bbox 430 2930 844 2992; x_wconf 57' lang='lat' dir='ltr'><strong>Lconvenienter</strong></span> <span class='ocrx_word' id='word_1_313' title='bbox 888 2934 1133 2995; x_wconf 85' lang='lat' dir='ltr'><strong>incurrit.</strong></span> <span class='ocrx_word' id='word_1_314' title='bbox 1188 2932 1376 2987; x_wconf 82' lang='lat' dir='ltr'><strong>Caeteri</strong></span> <span class='ocrx_word' id='word_1_315' title='bbox 1418 2946 1550 2985; x_wconf 91' lang='lat' dir='ltr'><strong>sane</strong></span> <span class='ocrx_word' id='word_1_316' title='bbox 1595 2930 1757 3000; x_wconf 83' lang='lat' dir='ltr'><strong>legati</strong></span> <span class='ocrx_word' id='word_1_317' title='bbox 1805 2929 2032 2984; x_wconf 83' lang='lat' dir='ltr'><strong>Romam</strong></span> 
     </span>
    </p>
   </div>
   <div class='ocr_carea' id='block_1_45' title="bbox 436 3020 2033 3096">
    <p class='ocr_par' dir='ltr' id='par_1_45' title="bbox 436 3020 2033 3096">
     <span class='ocr_line' id='line_1_45' title="bbox 436 3020 2033 3096; baseline -0.005 -15"><span class='ocrx_word' id='word_1_318' title='bbox 436 3026 866 3096; x_wconf 68' lang='lat' dir='ltr'><strong>,perveuientes,</strong></span> <span class='ocrx_word' id='word_1_319' title='bbox 912 3023 1165 3092; x_wconf 87' lang='lat' dir='ltr'><strong>epistolas</strong></span> <span class='ocrx_word' id='word_1_320' title='bbox 1212 3030 1267 3076; x_wconf 92' lang='lat' dir='ltr'><strong>et</strong></span> <span class='ocrx_word' id='word_1_321' title='bbox 1311 3021 1597 3092; x_wconf 88' lang='lat' dir='ltr'><strong>profanum</strong></span> <span class='ocrx_word' id='word_1_322' title='bbox 1651 3020 1925 3085; x_wconf 86' lang='lat' dir='ltr'><strong>codicem,</strong></span> <span class='ocrx_word' id='word_1_323' title='bbox 1980 3020 2033 3073; x_wconf 88' lang='lat' dir='ltr'><strong>in</strong></span> 
     </span>
    </p>
   </div>
   <div class='ocr_carea' id='block_1_46' title="bbox 446 3107 2034 3184">
    <p class='ocr_par' dir='ltr' id='par_1_46' title="bbox 446 3107 2034 3184">
     <span class='ocr_line' id='line_1_46' title="bbox 446 3107 2034 3184; baseline -0.004 -14"><span class='ocrx_word' id='word_1_324' title='bbox 446 3131 570 3184; x_wconf 83' lang='lat' dir='ltr'><strong>quo</strong></span> <span class='ocrx_word' id='word_1_325' title='bbox 597 3113 1011 3170; x_wconf 88' lang='lat' dir='ltr'><strong>continebantur</strong></span> <span class='ocrx_word' id='word_1_326' title='bbox 1054 3121 1203 3182; x_wconf 86' lang='lat' dir='ltr'><strong>gesta</strong></span> <span class='ocrx_word' id='word_1_327' title='bbox 1245 3109 1607 3174; x_wconf 91' lang='lat' dir='ltr'><strong>conciliabuli,</strong></span> <span class='ocrx_word' id='word_1_328' title='bbox 1652 3124 1771 3178; x_wconf 69' lang='lat' dir='ltr'><strong>quae</strong></span> <span class='ocrx_word' id='word_1_329' title='bbox 1810 3107 2034 3164; x_wconf 87' lang='lat' dir='ltr'><strong>Photius</strong></span> 
     </span>
    </p>
   </div>
   <div class='ocr_carea' id='block_1_47' title="bbox 2135 1939 3719 2010">
    <p class='ocr_par' dir='ltr' id='par_1_47' title="bbox 2135 1939 3719 2010">
     <span class='ocr_line' id='line_1_47' title="bbox 2135 1939 3719 2010; baseline 0.001 -17"><span class='ocrx_word' id='word_1_330' title='bbox 2135 1954 2259 1999; x_wconf 7' lang='lat' dir='ltr'><strong>non,</strong></span> <span class='ocrx_word' id='word_1_331' title='bbox 2313 1940 2584 1995; x_wconf 85' lang='lat' dir='ltr'><strong>immerito</strong></span> <span class='ocrx_word' id='word_1_332' title='bbox 2649 1941 2788 1997; x_wconf 84' lang='lat' dir='ltr'><strong>visui</strong></span> <span class='ocrx_word' id='word_1_333' title='bbox 2852 1948 3251 2010; x_wconf 86' lang='lat' dir='ltr'><strong>comparatur:</strong></span> <span class='ocrx_word' id='word_1_334' title='bbox 3318 1940 3409 2010; x_wconf 89' lang='lat' dir='ltr'><strong>qui</strong></span> <span class='ocrx_word' id='word_1_335' title='bbox 3472 1939 3719 2010; x_wconf 88' lang='lat' dir='ltr'><strong>profecto</strong></span> 
     </span>
    </p>
   </div>
   <div class='ocr_carea' id='block_1_48' title="bbox 2136 2029 3715 2101">
    <p class='ocr_par' dir='ltr' id='par_1_48' title="bbox 2136 2029 3715 2101">
     <span class='ocr_line' id='line_1_48' title="bbox 2136 2029 3715 2101; baseline 0.001 -16"><span class='ocrx_word' id='word_1_336' title='bbox 2136 2032 2347 2085; x_wconf 89' lang='lat' dir='ltr'><strong>cunctis</strong></span> <span class='ocrx_word' id='word_1_337' title='bbox 2390 2033 2637 2087; x_wconf 87' lang='lat' dir='ltr'><strong>sensibus</strong></span> <span class='ocrx_word' id='word_1_338' title='bbox 2668 2033 3002 2101; x_wconf 58' lang='lat' dir='ltr'><strong>praeminet,</strong></span> <span class='ocrx_word' id='word_1_339' title='bbox 3053 2032 3262 2086; x_wconf 85' lang='lat' dir='ltr'><strong>acutior</strong></span> <span class='ocrx_word' id='word_1_340' title='bbox 3307 2029 3412 2085; x_wconf 90' lang='lat' dir='ltr'><strong>illis</strong></span> <span class='ocrx_word' id='word_1_341' title='bbox 3453 2031 3715 2095; x_wconf 77' lang='lat' dir='ltr'><strong>existens,</strong></span> 
     </span>
    </p>
   </div>
   <div class='ocr_carea' id='block_1_49' title="bbox 2126 2122 3714 2188">
    <p class='ocr_par' dir='ltr' id='par_1_49' title="bbox 2126 2122 3714 2188">
     <span class='ocr_line' id='line_1_49' title="bbox 2126 2122 3714 2188; baseline -0.002 -12"><span class='ocrx_word' id='word_1_342' title='bbox 2126 2132 2191 2178; x_wconf 82' lang='lat' dir='ltr'><strong>et</strong></span> <span class='ocrx_word' id='word_1_343' title='bbox 2215 2123 2668 2185; x_wconf 89' lang='lat' dir='ltr'><strong>communionem,</strong></span> <span class='ocrx_word' id='word_1_344' title='bbox 2699 2123 2839 2177; x_wconf 91' lang='lat' dir='ltr'><strong>sicut</strong></span> <span class='ocrx_word' id='word_1_345' title='bbox 2863 2122 3040 2187; x_wconf 90' lang='lat' dir='ltr'><strong>nullus</strong></span> <span class='ocrx_word' id='word_1_346' title='bbox 3066 2136 3277 2188; x_wconf 89' lang='lat' dir='ltr'><strong>eorum,</strong></span> <span class='ocrx_word' id='word_1_347' title='bbox 3305 2136 3427 2175; x_wconf 93' lang='lat' dir='ltr'><strong>cum</strong></span> <span class='ocrx_word' id='word_1_348' title='bbox 3457 2122 3714 2174; x_wconf 86' lang='lat' dir='ltr'><strong>omnibus</strong></span> 
     </span>
    </p>
   </div>
   <div class='ocr_carea' id='block_1_50' title="bbox 2135 2212 3717 2284">
    <p class='ocr_par' dir='ltr' id='par_1_50' title="bbox 2135 2212 3717 2284">
     <span class='ocr_line' id='line_1_50' title="bbox 2135 2212 3717 2284; baseline -0.001 -18"><span class='ocrx_word' id='word_1_349' title='bbox 2135 2214 2358 2267; x_wconf 86' lang='lat' dir='ltr'><strong>habens.</strong></span> <span class='ocrx_word' id='word_1_350' title='bbox 2407 2212 2615 2279; x_wconf 85' lang='lat' dir='ltr'><strong>Tertio,</strong></span> <span class='ocrx_word' id='word_1_351' title='bbox 2662 2215 2785 2282; x_wconf 89' lang='lat' dir='ltr'><strong>quia</strong></span> <span class='ocrx_word' id='word_1_352' title='bbox 2829 2228 2950 2268; x_wconf 88' lang='lat' dir='ltr'><strong>cum</strong></span> <span class='ocrx_word' id='word_1_353' title='bbox 2996 2213 3220 2268; x_wconf 86' lang='lat' dir='ltr'><strong>Photius</strong></span> <span class='ocrx_word' id='word_1_354' title='bbox 3273 2219 3351 2284; x_wconf 88' lang='lat' dir='ltr'><strong>tot</strong></span> <span class='ocrx_word' id='word_1_355' title='bbox 3392 2226 3717 2267; x_wconf 72' lang='lat' dir='ltr'><strong>excessurum</strong></span> 
     </span>
    </p>
   </div>
   <div class='ocr_carea' id='block_1_51' title="bbox 2136 2302 3716 2367">
    <p class='ocr_par' dir='ltr' id='par_1_51' title="bbox 2136 2302 3716 2367">
     <span class='ocr_line' id='line_1_51' title="bbox 2136 2302 3716 2367; baseline -0.001 -10"><span class='ocrx_word' id='word_1_356' title='bbox 2136 2317 2354 2357; x_wconf 88' lang='lat' dir='ltr'><strong>suorum</strong></span> <span class='ocrx_word' id='word_1_357' title='bbox 2406 2303 2594 2356; x_wconf 87' lang='lat' dir='ltr'><strong>morbo</strong></span> <span class='ocrx_word' id='word_1_358' title='bbox 2641 2303 2946 2357; x_wconf 86' lang='lat' dir='ltr'><strong>universam</strong></span> <span class='ocrx_word' id='word_1_359' title='bbox 2994 2302 3293 2361; x_wconf 84' lang='lat' dir='ltr'><strong>Ecclesiam</strong></span> <span class='ocrx_word' id='word_1_360' title='bbox 3341 2302 3716 2367; x_wconf 85' lang='lat' dir='ltr'><strong>maculaverit,</strong></span> 
     </span>
    </p>
   </div>
   <div class='ocr_carea' id='block_1_52' title="bbox 2136 2392 3721 2460">
    <p class='ocr_par' dir='ltr' id='par_1_52' title="bbox 2136 2392 3721 2460">
     <span class='ocr_line' id='line_1_52' title="bbox 2136 2392 3721 2460; baseline 0.002 -15"><span class='ocrx_word' id='word_1_361' title='bbox 2136 2392 2460 2447; x_wconf 88' lang='lat' dir='ltr'><strong>universalis</strong></span> <span class='ocrx_word' id='word_1_362' title='bbox 2487 2394 2699 2448; x_wconf 89' lang='lat' dir='ltr'><strong>curatio</strong></span> <span class='ocrx_word' id='word_1_363' title='bbox 2727 2393 2968 2449; x_wconf 89' lang='lat' dir='ltr'><strong>adhibita</strong></span> <span class='ocrx_word' id='word_1_364' title='bbox 2996 2402 3100 2460; x_wconf 90' lang='lat' dir='ltr'><strong>est,</strong></span> <span class='ocrx_word' id='word_1_365' title='bbox 3130 2402 3188 2448; x_wconf 90' lang='lat' dir='ltr'><strong>ut</strong></span> <span class='ocrx_word' id='word_1_366' title='bbox 3218 2402 3387 2449; x_wconf 89' lang='lat' dir='ltr'><strong>totum</strong></span> <span class='ocrx_word' id='word_1_367' title='bbox 3434 2403 3721 2449; x_wconf 87' lang='lat' dir='ltr'><strong>curaretur</strong></span> 
     </span>
    </p>
   </div>
   <div class='ocr_carea' id='block_1_53' title="bbox 2136 2483 3720 2554">
    <p class='ocr_par' dir='ltr' id='par_1_53' title="bbox 2136 2483 3720 2554">
     <span class='ocr_line' id='line_1_53' title="bbox 2136 2483 3720 2554; baseline 0.001 -17"><span class='ocrx_word' id='word_1_368' title='bbox 2136 2486 2277 2554; x_wconf 88' lang='lat' dir='ltr'><strong>quod</strong></span> <span class='ocrx_word' id='word_1_369' title='bbox 2310 2492 2481 2539; x_wconf 89' lang='lat' dir='ltr'><strong>totum</strong></span> <span class='ocrx_word' id='word_1_370' title='bbox 2531 2483 2709 2539; x_wconf 89' lang='lat' dir='ltr'><strong>fuerat</strong></span> <span class='ocrx_word' id='word_1_371' title='bbox 2737 2484 3086 2540; x_wconf 88' lang='lat' dir='ltr'><strong>maculatum.</strong></span> <span class='ocrx_word' id='word_1_372' title='bbox 3132 2483 3267 2539; x_wconf 87' lang='lat' dir='ltr'><strong>Nam</strong></span> <span class='ocrx_word' id='word_1_373' title='bbox 3317 2492 3525 2538; x_wconf 86' lang='lat' dir='ltr'><strong>tantum</strong></span> <span class='ocrx_word' id='word_1_374' title='bbox 3557 2483 3720 2552; x_wconf 90' lang='lat' dir='ltr'><strong>hujus</strong></span> 
     </span>
    </p>
   </div>
   <div class='ocr_carea' id='block_1_54' title="bbox 2136 2572 3721 2644">
    <p class='ocr_par' dir='ltr' id='par_1_54' title="bbox 2136 2572 3721 2644">
     <span class='ocr_line' id='line_1_54' title="bbox 2136 2572 3721 2644; baseline -0.001 -16"><span class='ocrx_word' id='word_1_375' title='bbox 2136 2573 2447 2628; x_wconf 87' lang='lat' dir='ltr'><strong>ambitionis</strong></span> <span class='ocrx_word' id='word_1_376' title='bbox 2495 2574 2776 2643; x_wconf 84' lang='lat' dir='ltr'><strong>pullulavit</strong></span> <span class='ocrx_word' id='word_1_377' title='bbox 2824 2572 2979 2644; x_wconf 87' lang='lat' dir='ltr'><strong>longe</strong></span> <span class='ocrx_word' id='word_1_378' title='bbox 3039 2572 3253 2643; x_wconf 86' lang='lat' dir='ltr'><strong>lateque</strong></span> <span class='ocrx_word' id='word_1_379' title='bbox 3308 2572 3608 2638; x_wconf 87' lang='lat' dir='ltr'><strong>temeritas,</strong></span> <span class='ocrx_word' id='word_1_380' title='bbox 3659 2581 3721 2627; x_wconf 93' lang='lat' dir='ltr'><strong>ut</strong></span> 
     </span>
    </p>
   </div>
   <div class='ocr_carea' id='block_1_55' title="bbox 2136 2663 3717 2736">
    <p class='ocr_par' dir='ltr' id='par_1_55' title="bbox 2136 2663 3717 2736">
     <span class='ocr_line' id='line_1_55' title="bbox 2136 2663 3717 2736; baseline -0.001 -17"><span class='ocrx_word' id='word_1_381' title='bbox 2136 2681 2258 2720; x_wconf 83' lang='lat' dir='ltr'><strong>mox</strong></span> <span class='ocrx_word' id='word_1_382' title='bbox 2289 2665 2676 2736; x_wconf 85' lang='lat' dir='ltr'><strong>Hierosolymis</strong></span> <span class='ocrx_word' id='word_1_383' title='bbox 2719 2666 2937 2734; x_wconf 89' lang='lat' dir='ltr'><strong>quidam</strong></span> <span class='ocrx_word' id='word_1_384' title='bbox 2974 2665 3146 2720; x_wconf 90' lang='lat' dir='ltr'><strong>laicus</strong></span> <span class='ocrx_word' id='word_1_385' title='bbox 3186 2665 3405 2720; x_wconf 90' lang='lat' dir='ltr'><strong>nomine</strong></span> <span class='ocrx_word' id='word_1_386' title='bbox 3435 2663 3717 2730; x_wconf 86' lang='lat' dir='ltr'><strong>Salomon,</strong></span> 
     </span>
    </p>
   </div>
   <div class='ocr_carea' id='block_1_56' title="bbox 2135 2755 3715 2827">
    <p class='ocr_par' dir='ltr' id='par_1_56' title="bbox 2135 2755 3715 2827">
     <span class='ocr_line' id='line_1_56' title="bbox 2135 2755 3715 2827; baseline 0 -17"><span class='ocrx_word' id='word_1_387' title='bbox 2135 2757 2408 2827; x_wconf 82' lang='lat' dir='ltr'><strong>extemplo</strong></span> <span class='ocrx_word' id='word_1_388' title='bbox 2460 2757 2692 2812; x_wconf 88' lang='lat' dir='ltr'><strong>clericus</strong></span> <span class='ocrx_word' id='word_1_389' title='bbox 2745 2757 2940 2820; x_wconf 85' lang='lat' dir='ltr'><strong>factus,</strong></span> <span class='ocrx_word' id='word_1_390' title='bbox 2994 2757 3065 2813; x_wconf 91' lang='lat' dir='ltr'><strong>sit</strong></span> <span class='ocrx_word' id='word_1_391' title='bbox 3116 2755 3398 2812; x_wconf 89' lang='lat' dir='ltr'><strong>ordinatus</strong></span> <span class='ocrx_word' id='word_1_392' title='bbox 3446 2757 3715 2821; x_wconf 70' lang='lat' dir='ltr'><strong>antistes;</strong></span> 
     </span>
    </p>
   </div>
   <div class='ocr_carea' id='block_1_57' title="bbox 2118 2845 3718 2918">
    <p class='ocr_par' dir='ltr' id='par_1_57' title="bbox 2118 2845 3718 2918">
     <span class='ocr_line' id='line_1_57' title="bbox 2118 2845 3718 2918; baseline 0.001 -19"><span class='ocrx_word' id='word_1_393' title='bbox 2118 2847 2276 2917; x_wconf 84' lang='lat' dir='ltr'><strong>quod</strong></span> <span class='ocrx_word' id='word_1_394' title='bbox 2305 2862 2576 2918; x_wconf 91' lang='lat' dir='ltr'><strong>nunquam</strong></span> <span class='ocrx_word' id='word_1_395' title='bbox 2615 2846 2814 2901; x_wconf 88' lang='lat' dir='ltr'><strong>factum</strong></span> <span class='ocrx_word' id='word_1_396' title='bbox 2838 2853 2920 2901; x_wconf 87' lang='lat' dir='ltr'><strong>est</strong></span> <span class='ocrx_word' id='word_1_397' title='bbox 2941 2846 3102 2901; x_wconf 89' lang='lat' dir='ltr'><strong>etiam</strong></span> <span class='ocrx_word' id='word_1_398' title='bbox 3126 2846 3193 2900; x_wconf 91' lang='lat' dir='ltr'><strong>ab</strong></span> <span class='ocrx_word' id='word_1_399' title='bbox 3229 2846 3345 2916; x_wconf 91' lang='lat' dir='ltr'><strong>ipso</strong></span> <span class='ocrx_word' id='word_1_400' title='bbox 3372 2845 3594 2909; x_wconf 83' lang='lat' dir='ltr'><strong>Jacobo,</strong></span> <span class='ocrx_word' id='word_1_401' title='bbox 3623 2845 3718 2914; x_wconf 89' lang='lat' dir='ltr'><strong>qui</strong></span> 
     </span>
    </p>
   </div>
   <div class='ocr_carea' id='block_1_58' title="bbox 2134 2935 3715 3008">
    <p class='ocr_par' dir='ltr' id='par_1_58' title="bbox 2134 2935 3715 3008">
     <span class='ocr_line' id='line_1_58' title="bbox 2134 2935 3715 3008; baseline -0.001 -17"><span class='ocrx_word' id='word_1_402' title='bbox 2134 2939 2341 3007; x_wconf 86' lang='lat' dir='ltr'><strong>primus</strong></span> <span class='ocrx_word' id='word_1_403' title='bbox 2369 2937 2477 2992; x_wconf 90' lang='lat' dir='ltr'><strong>illic</strong></span> <span class='ocrx_word' id='word_1_404' title='bbox 2517 2938 2804 3008; x_wconf 90' lang='lat' dir='ltr'><strong>episcopus</strong></span> <span class='ocrx_word' id='word_1_405' title='bbox 2851 2937 3063 2991; x_wconf 79' lang='lat' dir='ltr'><strong>exstitit</strong></span> <span class='ocrx_word' id='word_1_406' title='bbox 3108 2936 3211 2992; x_wconf 89' lang='lat' dir='ltr'><strong>nisi</strong></span> <span class='ocrx_word' id='word_1_407' title='bbox 3241 2945 3526 3007; x_wconf 89' lang='lat' dir='ltr'><strong>postquam</strong></span> <span class='ocrx_word' id='word_1_408' title='bbox 3571 2935 3715 2991; x_wconf 80' lang='lat' dir='ltr'><strong>Plio-</strong></span> 
     </span>
    </p>
   </div>
   <div class='ocr_carea' id='block_1_59' title="bbox 2138 3024 3719 3096">
    <p class='ocr_par' dir='ltr' id='par_1_59' title="bbox 2138 3024 3719 3096">
     <span class='ocr_line' id='line_1_59' title="bbox 2138 3024 3719 3096; baseline -0.002 -17"><span class='ocrx_word' id='word_1_409' title='bbox 2138 3026 2245 3080; x_wconf 92' lang='lat' dir='ltr'><strong>tius</strong></span> <span class='ocrx_word' id='word_1_410' title='bbox 2274 3028 2483 3081; x_wconf 89' lang='lat' dir='ltr'><strong>novitcr</strong></span> <span class='ocrx_word' id='word_1_411' title='bbox 2526 3027 2580 3081; x_wconf 90' lang='lat' dir='ltr'><strong>itt</strong></span> <span class='ocrx_word' id='word_1_412' title='bbox 2610 3026 2757 3081; x_wconf 89' lang='lat' dir='ltr'><strong>clero</strong></span> <span class='ocrx_word' id='word_1_413' title='bbox 2788 3025 3085 3096; x_wconf 86' lang='lat' dir='ltr'><strong>plantatus,</strong></span> <span class='ocrx_word' id='word_1_414' title='bbox 3112 3035 3168 3081; x_wconf 89' lang='lat' dir='ltr'><strong>et</strong></span> <span class='ocrx_word' id='word_1_415' title='bbox 3205 3024 3491 3081; x_wconf 88' lang='lat' dir='ltr'><strong>confestim</strong></span> <span class='ocrx_word' id='word_1_416' title='bbox 3519 3024 3719 3094; x_wconf 58' lang='lat' dir='ltr'><strong>pracsul</strong></span> 
     </span>
    </p>
   </div>
   <div class='ocr_carea' id='block_1_60' title="bbox 2138 3114 3714 3187">
    <p class='ocr_par' dir='ltr' id='par_1_60' title="bbox 2138 3114 3714 3187">
     <span class='ocr_line' id='line_1_60' title="bbox 2138 3114 3714 3187; baseline 0.002 -19"><span class='ocrx_word' id='word_1_417' title='bbox 2138 3114 2311 3171; x_wconf 86' lang='lat' dir='ltr'><strong>factus</strong></span> <span class='ocrx_word' id='word_1_418' title='bbox 2355 3117 2570 3172; x_wconf 86' lang='lat' dir='ltr'><strong>auditus</strong></span> <span class='ocrx_word' id='word_1_419' title='bbox 2616 3125 2719 3173; x_wconf 90' lang='lat' dir='ltr'><strong>est.</strong></span> <span class='ocrx_word' id='word_1_420' title='bbox 2752 3117 2908 3186; x_wconf 85' lang='lat' dir='ltr'><strong>Apud</strong></span> <span class='ocrx_word' id='word_1_421' title='bbox 2957 3116 3478 3187; x_wconf 87' lang='lat' dir='ltr'><strong>Constantinopolim</strong></span> <span class='ocrx_word' id='word_1_422' title='bbox 3531 3126 3714 3172; x_wconf 89' lang='lat' dir='ltr'><strong>autem</strong></span> 
     </span>
    </p>
   </div>
   <div class='ocr_carea' id='block_1_61' title="bbox 432 3198 2034 3284">
    <p class='ocr_par' dir='ltr' id='par_1_61' title="bbox 432 3198 2032 3272">
     <span class='ocr_line' id='line_1_61' title="bbox 432 3198 2032 3272; baseline -0.004 -14"><span class='ocrx_word' id='word_1_423' title='bbox 432 3208 722 3259; x_wconf 83' lang='lat' dir='ltr'><strong>-adversus</strong></span> <span class='ocrx_word' id='word_1_424' title='bbox 783 3200 1088 3272; x_wconf 68' lang='lat' dir='ltr'><strong>apostolica:</strong></span> <span class='ocrx_word' id='word_1_425' title='bbox 1156 3201 1429 3255; x_wconf 56' lang='lat' dir='ltr'><strong>memoriae</strong></span> <span class='ocrx_word' id='word_1_426' title='bbox 1492 3214 1686 3270; x_wconf 87' lang='lat' dir='ltr'><strong>papam</strong></span> <span class='ocrx_word' id='word_1_427' title='bbox 1754 3198 2032 3253; x_wconf 80' lang='lat' dir='ltr'><strong>Nicolaum</strong></span> 
     </span>
    </p>
   </div>
   <div class='ocr_carea' id='block_1_62' title="bbox 2133 3198 3719 3284">
    <p class='ocr_par' dir='ltr' id='par_1_62' title="bbox 2139 3208 3719 3278">
     <span class='ocr_line' id='line_1_62' title="bbox 2139 3208 3719 3278; baseline 0 -15"><span class='ocrx_word' id='word_1_428' title='bbox 2139 3208 2381 3263; x_wconf 87' lang='lat' dir='ltr'><strong>nonnulli</strong></span> <span class='ocrx_word' id='word_1_429' title='bbox 2423 3224 2489 3263; x_wconf 91' lang='lat' dir='ltr'><strong>ex</strong></span> <span class='ocrx_word' id='word_1_430' title='bbox 2520 3217 2647 3264; x_wconf 90' lang='lat' dir='ltr'><strong>tunc</strong></span> <span class='ocrx_word' id='word_1_431' title='bbox 2676 3208 2793 3264; x_wconf 87' lang='lat' dir='ltr'><strong>laici</strong></span> <span class='ocrx_word' id='word_1_432' title='bbox 2845 3209 3009 3264; x_wconf 86' lang='lat' dir='ltr'><strong>etiam</strong></span> <span class='ocrx_word' id='word_1_433' title='bbox 3043 3209 3332 3265; x_wconf 91' lang='lat' dir='ltr'><strong>virtutibus</strong></span> <span class='ocrx_word' id='word_1_434' title='bbox 3369 3223 3584 3278; x_wconf 82' lang='lat' dir='ltr'><strong>operam</strong></span> <span class='ocrx_word' id='word_1_435' title='bbox 3617 3210 3719 3263; x_wconf 91' lang='lat' dir='ltr'><strong>tri-</strong></span> 
     </span>
    </p>
   </div>
   <div class='ocr_carea' id='block_1_63' title="bbox 432 3290 3719 3370">
    <p class='ocr_par' dir='ltr' id='par_1_63' title="bbox 432 3290 3719 3370">
     <span class='ocr_line' id='line_1_63' title="bbox 432 3290 3719 3370; baseline -0.003 -20"><span class='ocrx_word' id='word_1_436' title='bbox 432 3296 599 3351; x_wconf 76' lang='lat' dir='ltr'><strong>.falso</strong></span> <span class='ocrx_word' id='word_1_437' title='bbox 620 3294 795 3349; x_wconf 90' lang='lat' dir='ltr'><strong>fuerat</strong></span> <span class='ocrx_word' id='word_1_438' title='bbox 825 3299 1249 3357; x_wconf 89' lang='lat' dir='ltr'><strong>commentatus;</strong></span> <span class='ocrx_word' id='word_1_439' title='bbox 1292 3300 1453 3361; x_wconf 85' lang='lat' dir='ltr'><strong>atque</strong></span> <span class='ocrx_word' id='word_1_440' title='bbox 1477 3290 1659 3345; x_wconf 89' lang='lat' dir='ltr'><strong>omnia</strong></span> <span class='ocrx_word' id='word_1_441' title='bbox 1690 3304 1807 3359; x_wconf 71' lang='lat' dir='ltr'><strong>quat</strong></span> <span class='ocrx_word' id='word_1_442' title='bbox 1836 3291 2032 3345; x_wconf 90' lang='lat' dir='ltr'><strong>crebro</strong></span> <span class='ocrx_word' id='word_1_443' title='bbox 2131 3300 2391 3365; x_wconf 75' lang='lat' dir='ltr'><strong>buebant,</strong></span> <span class='ocrx_word' id='word_1_444' title='bbox 2414 3309 2629 3355; x_wconf 70' lang='lat' dir='ltr'><strong>tantum</strong></span> <span class='ocrx_word' id='word_1_445' title='bbox 2656 3309 2716 3355; x_wconf 85' lang='lat' dir='ltr'><strong>ut</strong></span> <span class='ocrx_word' id='word_1_446' title='bbox 2740 3301 2808 3354; x_wconf 84' lang='lat' dir='ltr'><strong>ad</strong></span> <span class='ocrx_word' id='word_1_447' title='bbox 2838 3300 2978 3356; x_wconf 82' lang='lat' dir='ltr'><strong>hanc</strong></span> <span class='ocrx_word' id='word_1_448' title='bbox 3006 3314 3215 3356; x_wconf 85' lang='lat' dir='ltr'><strong>sacram</strong></span> <span class='ocrx_word' id='word_1_449' title='bbox 3247 3306 3467 3370; x_wconf 90' lang='lat' dir='ltr'><strong>possent</strong></span> <span class='ocrx_word' id='word_1_450' title='bbox 3508 3298 3719 3367; x_wconf 64' lang='lat' dir='ltr'><strong>peni“-</strong></span> 
     </span>
    </p>
   </div>
   <div class='ocr_carea' id='block_1_64' title="bbox 461 3382 3715 3463">
    <p class='ocr_par' dir='ltr' id='par_1_64' title="bbox 461 3382 3715 3463">
     <span class='ocr_line' id='line_1_64' title="bbox 461 3382 3715 3463; baseline 0 -19"><span class='ocrx_word' id='word_1_451' title='bbox 461 3399 763 3444; x_wconf 90' lang='lat' dir='ltr'><strong>memorato</strong></span> <span class='ocrx_word' id='word_1_452' title='bbox 810 3386 1007 3441; x_wconf 80' lang='lat' dir='ltr'><strong>eximio</strong></span> <span class='ocrx_word' id='word_1_453' title='bbox 1049 3384 1266 3456; x_wconf 84' lang='lat' dir='ltr'><strong>praesuli</strong></span> <span class='ocrx_word' id='word_1_454' title='bbox 1310 3382 1576 3439; x_wconf 87' lang='lat' dir='ltr'><strong>destinata</strong></span> <span class='ocrx_word' id='word_1_455' title='bbox 1622 3382 1857 3449; x_wconf 88' lang='lat' dir='ltr'><strong>fuerant,</strong></span> <span class='ocrx_word' id='word_1_456' title='bbox 1906 3383 2031 3452; x_wconf 85' lang='lat' dir='ltr'><strong>quia</strong></span> <span class='ocrx_word' id='word_1_457' title='bbox 2130 3406 2262 3463; x_wconf 71' lang='lat' dir='ltr'><strong>gere</strong></span> <span class='ocrx_word' id='word_1_458' title='bbox 2288 3391 2643 3460; x_wconf 73' lang='lat' dir='ltr'><strong>dignitatem:</strong></span> <span class='ocrx_word' id='word_1_459' title='bbox 2681 3399 2741 3445; x_wconf 76' lang='lat' dir='ltr'><strong>at</strong></span> <span class='ocrx_word' id='word_1_460' title='bbox 2776 3391 2865 3446; x_wconf 84' lang='lat' dir='ltr'><strong>ubi</strong></span> <span class='ocrx_word' id='word_1_461' title='bbox 2898 3399 3176 3462; x_wconf 81' lang='lat' dir='ltr'><strong>compotes</strong></span> <span class='ocrx_word' id='word_1_462' title='bbox 3206 3390 3323 3447; x_wconf 79' lang='lat' dir='ltr'><strong>ﬁeri</strong></span> <span class='ocrx_word' id='word_1_463' title='bbox 3352 3390 3715 3459; x_wconf 88' lang='lat' dir='ltr'><strong>nequiverint,</strong></span> 
     </span>
    </p>
   </div>
   <div class='ocr_carea' id='block_1_65' title="bbox 434 3474 2034 3546">
    <p class='ocr_par' dir='ltr' id='par_1_65' title="bbox 434 3474 2034 3546">
     <span class='ocr_line' id='line_1_65' title="bbox 434 3474 2034 3546; baseline -0.004 -9"><span class='ocrx_word' id='word_1_464' title='bbox 434 3481 553 3537; x_wconf 59' lang='lat' dir='ltr'><strong>ille</strong></span> <span class='ocrx_word' id='word_1_465' title='bbox 597 3480 665 3535; x_wconf 91' lang='lat' dir='ltr'><strong>ad</strong></span> <span class='ocrx_word' id='word_1_466' title='bbox 713 3479 989 3535; x_wconf 90' lang='lat' dir='ltr'><strong>meliorem</strong></span> <span class='ocrx_word' id='word_1_467' title='bbox 1029 3478 1196 3532; x_wconf 90' lang='lat' dir='ltr'><strong>vitam</strong></span> <span class='ocrx_word' id='word_1_468' title='bbox 1235 3476 1587 3546; x_wconf 77' lang='lat' dir='ltr'><strong>migraverat,</strong></span> <span class='ocrx_word' id='word_1_469' title='bbox 1631 3474 1726 3530; x_wconf 91' lang='lat' dir='ltr'><strong>tibi</strong></span> <span class='ocrx_word' id='word_1_470' title='bbox 1772 3475 2034 3544; x_wconf 72' lang='lat' dir='ltr'><strong>pmdaro</strong></span> 
     </span>
    </p>
   </div>
   <div class='ocr_carea' id='block_1_66' title="bbox 462 3564 2036 3639">
    <p class='ocr_par' dir='ltr' id='par_1_66' title="bbox 462 3564 2036 3639">
     <span class='ocr_line' id='line_1_66' title="bbox 462 3564 2036 3639; baseline -0.005 -12"><span class='ocrx_word' id='word_1_471' title='bbox 462 3571 766 3628; x_wconf 83' lang='lat' dir='ltr'><strong>successori</strong></span> <span class='ocrx_word' id='word_1_472' title='bbox 819 3570 975 3639; x_wconf 77' lang='lat' dir='ltr'><strong>ejus,</strong></span> <span class='ocrx_word' id='word_1_473' title='bbox 1022 3566 1238 3622; x_wconf 88' lang='lat' dir='ltr'><strong>domine</strong></span> <span class='ocrx_word' id='word_1_474' title='bbox 1281 3565 1466 3636; x_wconf 90' lang='lat' dir='ltr'><strong>junior</strong></span> <span class='ocrx_word' id='word_1_475' title='bbox 1511 3564 1786 3630; x_wconf 84' lang='lat' dir='ltr'><strong>Adriane,</strong></span> <span class='ocrx_word' id='word_1_476' title='bbox 1840 3564 2036 3635; x_wconf 60' lang='lat' dir='ltr'><strong>prasini</strong></span> 
     </span>
    </p>
   </div>
   <div class='ocr_carea' id='block_1_67' title="bbox 431 3656 2039 3727">
    <p class='ocr_par' dir='ltr' id='par_1_67' title="bbox 431 3656 2039 3727">
     <span class='ocr_line' id='line_1_67' title="bbox 431 3656 2039 3727; baseline -0.001 -15"><span class='ocrx_word' id='word_1_477' title='bbox 431 3661 659 3717; x_wconf 80' lang='lat' dir='ltr'><strong>.cximie</strong></span> <span class='ocrx_word' id='word_1_478' title='bbox 695 3658 837 3714; x_wconf 90' lang='lat' dir='ltr'><strong>sedis</strong></span> <span class='ocrx_word' id='word_1_479' title='bbox 880 3656 1204 3727; x_wconf 76' lang='lat' dir='ltr'><strong>apostolicae,</strong></span> <span class='ocrx_word' id='word_1_480' title='bbox 1250 3656 1612 3727; x_wconf 87' lang='lat' dir='ltr'><strong>gubernacula</strong></span> <span class='ocrx_word' id='word_1_481' title='bbox 1662 3656 1874 3727; x_wconf 87' lang='lat' dir='ltr'><strong>egregie</strong></span> <span class='ocrx_word' id='word_1_482' title='bbox 1920 3671 2039 3721; x_wconf 82' lang='lat' dir='ltr'><strong>mo-</strong></span> 
     </span>
    </p>
   </div>
   <div class='ocr_carea' id='block_1_68' title="bbox 432 3747 2037 3820">
    <p class='ocr_par' dir='ltr' id='par_1_68' title="bbox 432 3747 2037 3820">
     <span class='ocr_line' id='line_1_68' title="bbox 432 3747 2037 3820; baseline -0.004 -11"><span class='ocrx_word' id='word_1_483' title='bbox 432 3791 436 3795; x_wconf 87' lang='lat'><em>-</em></span> <span class='ocrx_word' id='word_1_484' title='bbox 461 3752 673 3809; x_wconf 89' lang='lat' dir='ltr'><strong>deranti</strong></span> <span class='ocrx_word' id='word_1_485' title='bbox 697 3758 1046 3820; x_wconf 67' lang='lat' dir='ltr'><strong>praesentant.</strong></span> <span class='ocrx_word' id='word_1_486' title='bbox 1073 3747 1172 3814; x_wconf 82' lang='lat' dir='ltr'><strong>Qui</strong></span> <span class='ocrx_word' id='word_1_487' title='bbox 1203 3748 1489 3818; x_wconf 84' lang='lat' dir='ltr'><strong>accingens</strong></span> <span class='ocrx_word' id='word_1_488' title='bbox 1517 3748 1659 3804; x_wconf 91' lang='lat' dir='ltr'><strong>sicut</strong></span> <span class='ocrx_word' id='word_1_489' title='bbox 1698 3748 1784 3801; x_wconf 92' lang='lat' dir='ltr'><strong>vir</strong></span> <span class='ocrx_word' id='word_1_490' title='bbox 1825 3747 2037 3802; x_wconf 88' lang='lat' dir='ltr'><strong>lumbos</strong></span> 
     </span>
    </p>
   </div>
   <div class='ocr_carea' id='block_1_69' title="bbox 446 3838 2037 3911">
    <p class='ocr_par' dir='ltr' id='par_1_69' title="bbox 446 3838 2037 3911">
     <span class='ocr_line' id='line_1_69' title="bbox 446 3838 2037 3911; baseline -0.001 -14"><span class='ocrx_word' id='word_1_491' title='bbox 446 3852 604 3907; x_wconf 81' lang='lat' dir='ltr'><strong>.tuos,</strong></span> <span class='ocrx_word' id='word_1_492' title='bbox 634 3850 691 3897; x_wconf 94' lang='lat' dir='ltr'><strong>et</strong></span> <span class='ocrx_word' id='word_1_493' title='bbox 733 3840 968 3895; x_wconf 88' lang='lat' dir='ltr'><strong>Danielis</strong></span> <span class='ocrx_word' id='word_1_494' title='bbox 1009 3838 1159 3910; x_wconf 87' lang='lat' dir='ltr'><strong>pueri</strong></span> <span class='ocrx_word' id='word_1_495' title='bbox 1203 3839 1451 3909; x_wconf 88' lang='lat' dir='ltr'><strong>spiritum</strong></span> <span class='ocrx_word' id='word_1_496' title='bbox 1487 3838 1608 3911; x_wconf 86' lang='lat' dir='ltr'><strong>[al.,</strong></span> <span class='ocrx_word' id='word_1_497' title='bbox 1642 3847 1699 3894; x_wconf 91' lang='lat' dir='ltr'><strong>et</strong></span> <span class='ocrx_word' id='word_1_498' title='bbox 1739 3839 2037 3895; x_wconf 89' lang='lat' dir='ltr'><strong>decessoris</strong></span> 
     </span>
    </p>
   </div>
   <div class='ocr_carea' id='block_1_70' title="bbox 366 3927 2039 4005">
    <p class='ocr_par' dir='ltr' id='par_1_70' title="bbox 366 3927 2039 4005">
     <span class='ocr_line' id='line_1_70' title="bbox 366 3927 2039 4005; baseline -0.002 -17"><span class='ocrx_word' id='word_1_499' title='bbox 366 4003 369 4005; x_wconf 4' lang='grc' dir='ltr'><em>ἓ</em></span> <span class='ocrx_word' id='word_1_500' title='bbox 456 3931 682 4004; x_wconf 79' lang='lat' dir='ltr'><strong>pii.zeli</strong></span> <span class='ocrx_word' id='word_1_501' title='bbox 711 3927 1146 4000; x_wconf 58' lang='lat' dir='ltr'><strong>spiritum,&#39;etc.]</strong></span> <span class='ocrx_word' id='word_1_502' title='bbox 1200 3942 1443 3995; x_wconf 87' lang='lat' dir='ltr'><strong>sumens,</strong></span> <span class='ocrx_word' id='word_1_503' title='bbox 1492 3937 1549 3984; x_wconf 90' lang='lat' dir='ltr'><strong>et</strong></span> <span class='ocrx_word' id='word_1_504' title='bbox 1592 3943 1694 3984; x_wconf 88' lang='lat' dir='ltr'><strong>nec</strong></span> <span class='ocrx_word' id='word_1_505' title='bbox 1740 3928 1808 3985; x_wconf 89' lang='lat' dir='ltr'><strong>ad</strong></span> <span class='ocrx_word' id='word_1_506' title='bbox 1849 3927 2039 3997; x_wconf 86' lang='lat' dir='ltr'><strong>dexte-</strong></span> 
     </span>
    </p>
   </div>
   <div class='ocr_carea' id='block_1_71' title="bbox 461 4019 2037 4091">
    <p class='ocr_par' dir='ltr' id='par_1_71' title="bbox 461 4019 2037 4091">
     <span class='ocr_line' id='line_1_71' title="bbox 461 4019 2037 4091; baseline -0.003 -12"><span class='ocrx_word' id='word_1_507' title='bbox 461 4040 604 4091; x_wconf 81' lang='lat' dir='ltr'><strong>ram,</strong></span> <span class='ocrx_word' id='word_1_508' title='bbox 640 4037 742 4078; x_wconf 88' lang='lat' dir='ltr'><strong>nec</strong></span> <span class='ocrx_word' id='word_1_509' title='bbox 769 4022 838 4076; x_wconf 87' lang='lat' dir='ltr'><strong>ad</strong></span> <span class='ocrx_word' id='word_1_510' title='bbox 864 4020 1138 4076; x_wconf 88' lang='lat' dir='ltr'><strong>sinistram</strong></span> <span class='ocrx_word' id='word_1_511' title='bbox 1175 4034 1206 4073; x_wconf 91' lang='lat' dir='ltr'><strong>a</strong></span> <span class='ocrx_word' id='word_1_512' title='bbox 1249 4020 1338 4074; x_wconf 88' lang='lat' dir='ltr'><strong>via</strong></span> <span class='ocrx_word' id='word_1_513' title='bbox 1383 4019 1530 4090; x_wconf 90' lang='lat' dir='ltr'><strong>regia</strong></span> <span class='ocrx_word' id='word_1_514' title='bbox 1576 4019 1874 4086; x_wconf 85' lang='lat' dir='ltr'><strong>declinans,</strong></span> <span class='ocrx_word' id='word_1_515' title='bbox 1914 4034 2037 4090; x_wconf 67' lang='lat' dir='ltr'><strong>qua:</strong></span> 
     </span>
    </p>
   </div>
   <div class='ocr_carea' id='block_1_72' title="bbox 459 4110 2035 4181">
    <p class='ocr_par' dir='ltr' id='par_1_72' title="bbox 459 4110 2035 4181">
     <span class='ocr_line' id='line_1_72' title="bbox 459 4110 2035 4181; baseline -0.001 -10"><span class='ocrx_word' id='word_1_516' title='bbox 459 4116 552 4172; x_wconf 88' lang='lat' dir='ltr'><strong>ille</strong></span> <span class='ocrx_word' id='word_1_517' title='bbox 585 4116 899 4170; x_wconf 87' lang='lat' dir='ltr'><strong>decreverat</strong></span> <span class='ocrx_word' id='word_1_518' title='bbox 927 4111 1236 4177; x_wconf 89' lang='lat' dir='ltr'><strong>decrevisti,</strong></span> <span class='ocrx_word' id='word_1_519' title='bbox 1268 4122 1464 4181; x_wconf 77' lang='lat' dir='ltr'><strong>etquae</strong></span> <span class='ocrx_word' id='word_1_520' title='bbox 1487 4118 1751 4166; x_wconf 88' lang='lat' dir='ltr'><strong>statuerat</strong></span> <span class='ocrx_word' id='word_1_521' title='bbox 1773 4110 2035 4176; x_wconf 84' lang='lat' dir='ltr'><strong>statuisti,</strong></span> 
     </span>
    </p>
   </div>
   <div class='ocr_carea' id='block_1_73' title="bbox 460 4190 2038 4276">
    <p class='ocr_par' dir='ltr' id='par_1_73' title="bbox 460 4190 2038 4276">
     <span class='ocr_line' id='line_1_73' title="bbox 460 4190 2038 4276; baseline -0.003 -15"><span class='ocrx_word' id='word_1_522' title='bbox 460 4214 625 4276; x_wconf 82' lang='lat' dir='ltr'><strong>atque</strong></span> <span class='ocrx_word' id='word_1_523' title='bbox 650 4216 810 4260; x_wconf 92' lang='lat' dir='ltr'><strong>omne</strong></span> <span class='ocrx_word' id='word_1_524' title='bbox 834 4202 1039 4272; x_wconf 88' lang='lat' dir='ltr'><strong>providi</strong></span> <span class='ocrx_word' id='word_1_525' title='bbox 1060 4202 1231 4273; x_wconf 84' lang='lat' dir='ltr'><strong>patris</strong></span> <span class='ocrx_word' id='word_1_526' title='bbox 1267 4201 1502 4257; x_wconf 90' lang='lat' dir='ltr'><strong>edictum</strong></span> <span class='ocrx_word' id='word_1_527' title='bbox 1530 4202 1652 4271; x_wconf 91' lang='lat' dir='ltr'><strong>pius</strong></span> <span class='ocrx_word' id='word_1_528' title='bbox 1681 4202 1853 4256; x_wconf 68' lang='lat' dir='ltr'><strong>haeres</strong></span> <span class='ocrx_word' id='word_1_529' title='bbox 1881 4190 2038 4257; x_wconf 80' lang='lat' dir='ltr'><strong>exse-</strong></span> 
     </span>
    </p>
   </div>
   <div class='ocr_carea' id='block_1_74' title="bbox 432 4291 2034 4363">
    <p class='ocr_par' dir='ltr' id='par_1_74' title="bbox 432 4291 2034 4363">
     <span class='ocr_line' id='line_1_74' title="bbox 432 4291 2034 4363; baseline -0.003 -10"><span class='ocrx_word' id='word_1_530' title='bbox 432 4306 655 4361; x_wconf 82' lang='lat' dir='ltr'><strong>cutus,</strong></span> <span class='ocrx_word' id='word_1_531' title='bbox 707 4293 930 4362; x_wconf 85' lang='lat' dir='ltr'><strong>injurias</strong></span> <span class='ocrx_word' id='word_1_532' title='bbox 973 4294 1202 4363; x_wconf 79' lang='lat' dir='ltr'><strong>propriae</strong></span> <span class='ocrx_word' id='word_1_533' title='bbox 1244 4292 1388 4348; x_wconf 88' lang='lat' dir='ltr'><strong>sedis</strong></span> <span class='ocrx_word' id='word_1_534' title='bbox 1437 4293 1684 4363; x_wconf 88' lang='lat' dir='ltr'><strong>protinus</strong></span> <span class='ocrx_word' id='word_1_535' title='bbox 1730 4291 2034 4348; x_wconf 85' lang='lat' dir='ltr'><strong>vindicasti.</strong></span> 
     </span>
    </p>
   </div>
   <div class='ocr_carea' id='block_1_75' title="bbox 458 4380 2034 4453">
    <p class='ocr_par' dir='ltr' id='par_1_75' title="bbox 458 4380 2034 4453">
     <span class='ocr_line' id='line_1_75' title="bbox 458 4380 2034 4453; baseline -0.004 -13"><span class='ocrx_word' id='word_1_536' title='bbox 458 4383 598 4451; x_wconf 78' lang='lat' dir='ltr'><strong>Nam</strong></span> <span class='ocrx_word' id='word_1_537' title='bbox 646 4383 851 4453; x_wconf 78' lang='lat' dir='ltr'><strong>synodo</strong></span> <span class='ocrx_word' id='word_1_538' title='bbox 896 4396 1022 4436; x_wconf 80' lang='lat' dir='ltr'><strong>mox</strong></span> <span class='ocrx_word' id='word_1_539' title='bbox 1070 4380 1211 4450; x_wconf 84' lang='lat' dir='ltr'><strong>apud</strong></span> <span class='ocrx_word' id='word_1_540' title='bbox 1258 4381 1477 4435; x_wconf 86' lang='lat' dir='ltr'><strong>beatum</strong></span> <span class='ocrx_word' id='word_1_541' title='bbox 1522 4380 1740 4435; x_wconf 90' lang='lat' dir='ltr'><strong>Petrum</strong></span> <span class='ocrx_word' id='word_1_542' title='bbox 1784 4380 2034 4447; x_wconf 87' lang='lat' dir='ltr'><strong>collecta,</strong></span> 
     </span>
    </p>
   </div>
   <div class='ocr_carea' id='block_1_76' title="bbox 457 4471 2035 4546">
    <p class='ocr_par' dir='ltr' id='par_1_76' title="bbox 457 4471 2035 4546">
     <span class='ocr_line' id='line_1_76' title="bbox 457 4471 2035 4546; baseline -0.004 -14"><span class='ocrx_word' id='word_1_543' title='bbox 457 4473 746 4546; x_wconf 84' lang='lat' dir='ltr'><strong>profanum</strong></span> <span class='ocrx_word' id='word_1_544' title='bbox 791 4472 1034 4529; x_wconf 85' lang='lat' dir='ltr'><strong>codicem</strong></span> <span class='ocrx_word' id='word_1_545' title='bbox 1074 4472 1221 4527; x_wconf 88' lang='lat' dir='ltr'><strong>illum</strong></span> <span class='ocrx_word' id='word_1_546' title='bbox 1255 4471 1489 4528; x_wconf 89' lang='lat' dir='ltr'><strong>cremari</strong></span> <span class='ocrx_word' id='word_1_547' title='bbox 1535 4472 1814 4539; x_wconf 89' lang='lat' dir='ltr'><strong>censuisti,</strong></span> <span class='ocrx_word' id='word_1_548' title='bbox 1862 4480 1919 4528; x_wconf 90' lang='lat' dir='ltr'><strong>et</strong></span> <span class='ocrx_word' id='word_1_549' title='bbox 1959 4472 2035 4526; x_wconf 89' lang='lat' dir='ltr'><strong>ita</strong></span> 
     </span>
    </p>
   </div>
   <div class='ocr_carea' id='block_1_77' title="bbox 459 4560 2034 4633">
    <p class='ocr_par' dir='ltr' id='par_1_77' title="bbox 459 4560 2034 4633">
     <span class='ocr_line' id='line_1_77' title="bbox 459 4560 2034 4633; baseline 0 -14"><span class='ocrx_word' id='word_1_550' title='bbox 459 4565 578 4619; x_wconf 78' lang='lat' dir='ltr'><strong>ﬁeri</strong></span> <span class='ocrx_word' id='word_1_551' title='bbox 636 4563 779 4633; x_wconf 90' lang='lat' dir='ltr'><strong>apud</strong></span> <span class='ocrx_word' id='word_1_552' title='bbox 829 4560 1386 4630; x_wconf 79' lang='lat' dir='ltr'><strong>ConstantinOpolim,</strong></span> <span class='ocrx_word' id='word_1_553' title='bbox 1433 4561 1480 4616; x_wconf 90' lang='lat' dir='ltr'><strong>si</strong></span> <span class='ocrx_word' id='word_1_554' title='bbox 1534 4576 1656 4631; x_wconf 62' lang='lat' dir='ltr'><strong>quae.</strong></span> <span class='ocrx_word' id='word_1_555' title='bbox 1706 4562 2034 4633; x_wconf 80' lang='lat' dir='ltr'><strong>exemplaria</strong></span> 
     </span>
    </p>
   </div>
   <div class='ocr_carea' id='block_1_78' title="bbox 459 4649 2034 4724">
    <p class='ocr_par' dir='ltr' id='par_1_78' title="bbox 459 4649 2034 4724">
     <span class='ocr_line' id='line_1_78' title="bbox 459 4649 2034 4724; baseline -0.002 -12"><span class='ocrx_word' id='word_1_556' title='bbox 459 4654 578 4724; x_wconf 86' lang='lat' dir='ltr'><strong>ejus</strong></span> <span class='ocrx_word' id='word_1_557' title='bbox 616 4654 816 4709; x_wconf 88' lang='lat' dir='ltr'><strong>ibidem</strong></span> <span class='ocrx_word' id='word_1_558' title='bbox 861 4652 1250 4717; x_wconf 83' lang='lat' dir='ltr'><strong>invenirentur,</strong></span> <span class='ocrx_word' id='word_1_559' title='bbox 1291 4649 1415 4719; x_wconf 86' lang='lat' dir='ltr'><strong>jure</strong></span> <span class='ocrx_word' id='word_1_560' title='bbox 1458 4652 1760 4717; x_wconf 85' lang='lat' dir='ltr'><strong>mandasti;</strong></span> <span class='ocrx_word' id='word_1_561' title='bbox 1807 4653 1952 4722; x_wconf 87' lang='lat' dir='ltr'><strong>quod</strong></span> <span class='ocrx_word' id='word_1_562' title='bbox 1980 4662 2034 4709; x_wconf 89' lang='lat' dir='ltr'><strong>et</strong></span> 
     </span>
    </p>
   </div>
   <div class='ocr_carea' id='block_1_79' title="bbox 450 4741 2034 4812">
    <p class='ocr_par' dir='ltr' id='par_1_79' title="bbox 450 4741 2034 4812">
     <span class='ocr_line' id='line_1_79' title="bbox 450 4741 2034 4812; baseline 0.001 -14"><span class='ocrx_word' id='word_1_563' title='bbox 450 4744 663 4811; x_wconf 78' lang='lat' dir='ltr'><strong>factum</strong></span> <span class='ocrx_word' id='word_1_564' title='bbox 691 4750 792 4808; x_wconf 91' lang='lat' dir='ltr'><strong>est,</strong></span> <span class='ocrx_word' id='word_1_565' title='bbox 822 4751 876 4796; x_wconf 92' lang='lat' dir='ltr'><strong>et</strong></span> <span class='ocrx_word' id='word_1_566' title='bbox 920 4751 1193 4797; x_wconf 86' lang='lat' dir='ltr'><strong>auctorem</strong></span> <span class='ocrx_word' id='word_1_567' title='bbox 1245 4741 1362 4809; x_wconf 86' lang='lat' dir='ltr'><strong>ejus</strong></span> <span class='ocrx_word' id='word_1_568' title='bbox 1406 4756 1505 4812; x_wconf 90' lang='lat' dir='ltr'><strong>pro</strong></span> <span class='ocrx_word' id='word_1_569' title='bbox 1551 4750 1698 4798; x_wconf 90' lang='lat' dir='ltr'><strong>tanta</strong></span> <span class='ocrx_word' id='word_1_570' title='bbox 1729 4744 2034 4800; x_wconf 88' lang='lat' dir='ltr'><strong>temeritate</strong></span> 
     </span>
    </p>
   </div>
   <div class='ocr_carea' id='block_1_80' title="bbox 444 4829 2032 4901">
    <p class='ocr_par' dir='ltr' id='par_1_80' title="bbox 444 4829 2032 4901">
     <span class='ocr_line' id='line_1_80' title="bbox 444 4829 2032 4901; baseline 0.001 -14"><span class='ocrx_word' id='word_1_571' title='bbox 444 4835 639 4889; x_wconf 60' lang='lat' dir='ltr'><strong>denuo</strong></span> <span class='ocrx_word' id='word_1_572' title='bbox 684 4832 968 4899; x_wconf 90' lang='lat' dir='ltr'><strong>damnans,</strong></span> <span class='ocrx_word' id='word_1_573' title='bbox 1024 4829 1183 4899; x_wconf 88' lang='lat' dir='ltr'><strong>hujus</strong></span> <span class='ocrx_word' id='word_1_574' title='bbox 1224 4831 1375 4901; x_wconf 88' lang='lat' dir='ltr'><strong>paria</strong></span> <span class='ocrx_word' id='word_1_575' title='bbox 1424 4831 1756 4887; x_wconf 88' lang='lat' dir='ltr'><strong>occultantes</strong></span> <span class='ocrx_word' id='word_1_576' title='bbox 1801 4848 2032 4888; x_wconf 84' lang='lat' dir='ltr'><strong>censura</strong></span> 
     </span>
    </p>
   </div>
   <div class='ocr_carea' id='block_1_81' title="bbox 440 4921 2032 4991">
    <p class='ocr_par' dir='ltr' id='par_1_81' title="bbox 440 4921 2032 4991">
     <span class='ocr_line' id='line_1_81' title="bbox 440 4921 2032 4991; baseline 0.003 -17"><span class='ocrx_word' id='word_1_577' title='bbox 440 4922 622 4978; x_wconf 37' lang='lat' dir='ltr'><strong>tsimili</strong></span> <span class='ocrx_word' id='word_1_578' title='bbox 651 4921 1020 4989; x_wconf 84' lang='lat' dir='ltr'><strong>sequestrasti.</strong></span> <span class='ocrx_word' id='word_1_579' title='bbox 1054 4921 1338 4990; x_wconf 81' lang='lat' dir='ltr'><strong>lliissisque</strong></span> <span class='ocrx_word' id='word_1_580' title='bbox 1382 4936 1505 4975; x_wconf 88' lang='lat' dir='ltr'><strong>cum</strong></span> <span class='ocrx_word' id='word_1_581' title='bbox 1550 4921 1870 4977; x_wconf 88' lang='lat' dir='ltr'><strong>auctoritate</strong></span> <span class='ocrx_word' id='word_1_582' title='bbox 1900 4934 2032 4991; x_wconf 87' lang='lat' dir='ltr'><strong>apo-</strong></span> 
     </span>
    </p>
   </div>
   <div class='ocr_carea' id='block_1_82' title="bbox 456 5008 2030 5081">
    <p class='ocr_par' dir='ltr' id='par_1_82' title="bbox 456 5008 2030 5081">
     <span class='ocr_line' id='line_1_82' title="bbox 456 5008 2030 5081; baseline -0.003 -11"><span class='ocrx_word' id='word_1_583' title='bbox 456 5010 649 5070; x_wconf 75' lang='lat' dir='ltr'><strong>stolica</strong></span> <span class='ocrx_word' id='word_1_584' title='bbox 679 5009 893 5064; x_wconf 76' lang='lat' dir='ltr'><strong>vicariis</strong></span> <span class='ocrx_word' id='word_1_585' title='bbox 910 5018 974 5081; x_wconf 87' lang='lat' dir='ltr'><strong>et</strong></span> <span class='ocrx_word' id='word_1_586' title='bbox 995 5009 1236 5078; x_wconf 89' lang='lat' dir='ltr'><strong>epistolis</strong></span> <span class='ocrx_word' id='word_1_587' title='bbox 1276 5009 1654 5074; x_wconf 87' lang='lat' dir='ltr'><strong>decretalibus,</strong></span> <span class='ocrx_word' id='word_1_588' title='bbox 1676 5008 1885 5077; x_wconf 90' lang='lat' dir='ltr'><strong>jussisti</strong></span> <span class='ocrx_word' id='word_1_589' title='bbox 1916 5012 2030 5066; x_wconf 78' lang='lat' dir='ltr'><strong>fieri</strong></span> 
     </span>
    </p>
   </div>
   <div class='ocr_carea' id='block_1_83' title="bbox 416 5098 2036 5156">
    <p class='ocr_par' dir='ltr' id='par_1_83' title="bbox 416 5098 2036 5156">
     <span class='ocr_line' id='line_1_83' title="bbox 416 5098 2036 5156; baseline -0.009 -2"><span class='ocrx_word' id='word_1_590' title='bbox 416 5098 919 5156; x_wconf 58' lang='lat' dir='ltr'><strong>‘qunstantinonoli</strong></span> <span class='ocrx_word' id='word_1_591' title='bbox 956 5099 1215 5144; x_wconf 71' lang='lat' dir='ltr'><strong>svnmlnm</strong></span> <span class='ocrx_word' id='word_1_592' title='bbox 1267 5113 1364 5148; x_wconf 79' lang='lat' dir='ltr'><strong>nm</strong></span> <span class='ocrx_word' id='word_1_593' title='bbox 1390 5099 1574 5153; x_wconf 74' lang='lat' dir='ltr'><strong>multis</strong></span> <span class='ocrx_word' id='word_1_594' title='bbox 1606 5101 1821 5154; x_wconf 72' lang='grc' dir='ltr'><strong>αιιίιιρηι</strong></span> <span class='ocrx_word' id='word_1_595' title='bbox 1848 5115 2036 5156; x_wconf 63' lang='lat' dir='ltr'><strong>neces-</strong></span> 
     </span>
    </p>
   </div>
   <div class='ocr_carea' id='block_1_84' title="bbox 2134 3479 3720 3549">
    <p class='ocr_par' dir='ltr' id='par_1_84' title="bbox 2134 3479 3720 3549">
     <span class='ocr_line' id='line_1_84' title="bbox 2134 3479 3720 3549; baseline -0.002 -10"><span class='ocrx_word' id='word_1_596' title='bbox 2134 3499 2257 3539; x_wconf 87' lang='lat' dir='ltr'><strong>mox</strong></span> <span class='ocrx_word' id='word_1_597' title='bbox 2298 3482 2644 3539; x_wconf 66' lang='lat' dir='ltr'><strong>continentia:</strong></span> <span class='ocrx_word' id='word_1_598' title='bbox 2671 3481 2841 3538; x_wconf 89' lang='lat' dir='ltr'><strong>frenis</strong></span> <span class='ocrx_word' id='word_1_599' title='bbox 2868 3481 3084 3547; x_wconf 79' lang='lat' dir='ltr'><strong>laxatis,</strong></span> <span class='ocrx_word' id='word_1_600' title='bbox 3119 3482 3171 3535; x_wconf 89' lang='lat' dir='ltr'><strong>in</strong></span> <span class='ocrx_word' id='word_1_601' title='bbox 3210 3481 3325 3537; x_wconf 87' lang='lat' dir='ltr'><strong>suis</strong></span> <span class='ocrx_word' id='word_1_602' title='bbox 3351 3479 3720 3549; x_wconf 77' lang='lat' dir='ltr'><strong>voluptatibus</strong></span> 
     </span>
    </p>
   </div>
   <div class='ocr_carea' id='block_1_85' title="bbox 2134 3570 3718 3645">
    <p class='ocr_par' dir='ltr' id='par_1_85' title="bbox 2134 3570 3718 3645">
     <span class='ocr_line' id='line_1_85' title="bbox 2134 3570 3718 3645; baseline -0.001 -20"><span class='ocrx_word' id='word_1_603' title='bbox 2134 3571 2258 3645; x_wconf 89' lang='lat' dir='ltr'><strong>[al.,</strong></span> <span class='ocrx_word' id='word_1_604' title='bbox 2287 3570 2707 3644; x_wconf 89' lang='lat' dir='ltr'><strong>voluntatibus.]</strong></span> <span class='ocrx_word' id='word_1_605' title='bbox 2737 3571 2817 3627; x_wconf 91' lang='lat' dir='ltr'><strong>ire</strong></span> <span class='ocrx_word' id='word_1_606' title='bbox 2845 3578 3147 3640; x_wconf 57' lang='lat' dir='ltr'><strong>coeperunt,</strong></span> <span class='ocrx_word' id='word_1_607' title='bbox 3176 3580 3233 3627; x_wconf 91' lang='lat' dir='ltr'><strong>et</strong></span> <span class='ocrx_word' id='word_1_608' title='bbox 3260 3570 3405 3641; x_wconf 91' lang='lat' dir='ltr'><strong>quod</strong></span> <span class='ocrx_word' id='word_1_609' title='bbox 3426 3585 3534 3630; x_wconf 87' lang='lat' dir='ltr'><strong>non</strong></span> <span class='ocrx_word' id='word_1_610' title='bbox 3590 3585 3718 3624; x_wconf 89' lang='lat' dir='ltr'><strong>san-</strong></span> 
     </span>
    </p>
   </div>
   <div class='ocr_carea' id='block_1_86' title="bbox 2136 3662 3719 3732">
    <p class='ocr_par' dir='ltr' id='par_1_86' title="bbox 2136 3662 3719 3732">
     <span class='ocr_line' id='line_1_86' title="bbox 2136 3662 3719 3732; baseline -0.002 -12"><span class='ocrx_word' id='word_1_611' title='bbox 2136 3666 2362 3731; x_wconf 88' lang='lat' dir='ltr'><strong>ctitatis,</strong></span> <span class='ocrx_word' id='word_1_612' title='bbox 2413 3667 2507 3720; x_wconf 89' lang='lat' dir='ltr'><strong>sed</strong></span> <span class='ocrx_word' id='word_1_613' title='bbox 2532 3664 2773 3719; x_wconf 66' lang='lat' dir='ltr'><strong>avaritiae</strong></span> <span class='ocrx_word' id='word_1_614' title='bbox 2822 3663 3060 3719; x_wconf 85' lang='lat' dir='ltr'><strong>cultores</strong></span> <span class='ocrx_word' id='word_1_615' title='bbox 3107 3662 3420 3727; x_wconf 79' lang='lat' dir='ltr'><strong>existerent,</strong></span> <span class='ocrx_word' id='word_1_616' title='bbox 3470 3662 3719 3732; x_wconf 90' lang='lat' dir='ltr'><strong>protinus</strong></span> 
     </span>
    </p>
   </div>
   <div class='ocr_carea' id='block_1_87' title="bbox 2134 3751 3716 3820">
    <p class='ocr_par' dir='ltr' id='par_1_87' title="bbox 2134 3751 3716 3820">
     <span class='ocr_line' id='line_1_87' title="bbox 2134 3751 3716 3820; baseline -0.001 -11"><span class='ocrx_word' id='word_1_617' title='bbox 2134 3756 2536 3820; x_wconf 89' lang='lat' dir='ltr'><strong>ostenderunt;</strong></span> <span class='ocrx_word' id='word_1_618' title='bbox 2598 3754 2734 3809; x_wconf 84' lang='lat' dir='ltr'><strong>adeo</strong></span> <span class='ocrx_word' id='word_1_619' title='bbox 2785 3762 2847 3808; x_wconf 94' lang='lat' dir='ltr'><strong>ut</strong></span> <span class='ocrx_word' id='word_1_620' title='bbox 2917 3752 3147 3808; x_wconf 88' lang='lat' dir='ltr'><strong>diversis</strong></span> <span class='ocrx_word' id='word_1_621' title='bbox 3208 3751 3382 3807; x_wconf 90' lang='lat' dir='ltr'><strong>modis</strong></span> <span class='ocrx_word' id='word_1_622' title='bbox 3429 3767 3459 3809; x_wconf 90' lang='lat' dir='ltr'><strong>a</strong></span> <span class='ocrx_word' id='word_1_623' title='bbox 3511 3752 3716 3807; x_wconf 84' lang='lat' dir='ltr'><strong>Roma-</strong></span> 
     </span>
    </p>
   </div>
   <div class='ocr_carea' id='block_1_88' title="bbox 2137 3844 3716 3915">
    <p class='ocr_par' dir='ltr' id='par_1_88' title="bbox 2137 3844 3716 3915">
     <span class='ocr_line' id='line_1_88' title="bbox 2137 3844 3716 3915; baseline -0.001 -16"><span class='ocrx_word' id='word_1_624' title='bbox 2137 3847 2221 3901; x_wconf 90' lang='lat' dir='ltr'><strong>nis</strong></span> <span class='ocrx_word' id='word_1_625' title='bbox 2278 3847 2461 3902; x_wconf 88' lang='lat' dir='ltr'><strong>missis</strong></span> <span class='ocrx_word' id='word_1_626' title='bbox 2517 3847 2710 3901; x_wconf 90' lang='lat' dir='ltr'><strong>horum</strong></span> <span class='ocrx_word' id='word_1_627' title='bbox 2772 3846 2992 3915; x_wconf 89' lang='lat' dir='ltr'><strong>quidam</strong></span> <span class='ocrx_word' id='word_1_628' title='bbox 3050 3845 3296 3900; x_wconf 86' lang='lat' dir='ltr'><strong>obtinere</strong></span> <span class='ocrx_word' id='word_1_629' title='bbox 3347 3844 3716 3911; x_wconf 88' lang='lat' dir='ltr'><strong>tentaveriut,</strong></span> 
     </span>
    </p>
   </div>
   <div class='ocr_carea' id='block_1_89' title="bbox 2136 3935 3719 4007">
    <p class='ocr_par' dir='ltr' id='par_1_89' title="bbox 2136 3935 3719 4007">
     <span class='ocr_line' id='line_1_89' title="bbox 2136 3935 3719 4007; baseline -0.001 -15"><span class='ocrx_word' id='word_1_630' title='bbox 2136 3952 2205 3992; x_wconf 87' lang='lat' dir='ltr'><strong>ne</strong></span> <span class='ocrx_word' id='word_1_631' title='bbox 2255 3935 2438 4007; x_wconf 85' lang='lat' dir='ltr'><strong>regula</strong></span> <span class='ocrx_word' id='word_1_632' title='bbox 2482 3936 2935 4007; x_wconf 83' lang='lat' dir='ltr'><strong>promulgaretur,</strong></span> <span class='ocrx_word' id='word_1_633' title='bbox 2989 3950 3111 4006; x_wconf 72' lang='lat' dir='ltr'><strong>qua:</strong></span> <span class='ocrx_word' id='word_1_634' title='bbox 3162 3944 3291 3991; x_wconf 90' lang='lat' dir='ltr'><strong>tunc</strong></span> <span class='ocrx_word' id='word_1_635' title='bbox 3341 3935 3409 3990; x_wconf 92' lang='lat' dir='ltr'><strong>de</strong></span> <span class='ocrx_word' id='word_1_636' title='bbox 3464 3951 3573 3990; x_wconf 88' lang='lat' dir='ltr'><strong>non</strong></span> <span class='ocrx_word' id='word_1_637' title='bbox 3632 3950 3719 3990; x_wconf 85' lang='lat' dir='ltr'><strong>re-</strong></span> 
     </span>
    </p>
   </div>
   <div class='ocr_carea' id='block_1_90' title="bbox 2136 4024 3721 4096">
    <p class='ocr_par' dir='ltr' id='par_1_90' title="bbox 2136 4024 3721 4096">
     <span class='ocr_line' id='line_1_90' title="bbox 2136 4024 3721 4096; baseline -0.001 -16"><span class='ocrx_word' id='word_1_638' title='bbox 2136 4034 2298 4096; x_wconf 87' lang='lat' dir='ltr'><strong>pente</strong></span> <span class='ocrx_word' id='word_1_639' title='bbox 2372 4025 2719 4081; x_wconf 75' lang='lat' dir='ltr'><strong>saecularibus</strong></span> <span class='ocrx_word' id='word_1_640' title='bbox 2808 4024 2870 4080; x_wconf 78' lang='lat' dir='ltr'><strong>in</strong></span> <span class='ocrx_word' id='word_1_641' title='bbox 2957 4024 3323 4081; x_wconf 85' lang='lat' dir='ltr'><strong>sacerdotium</strong></span> <span class='ocrx_word' id='word_1_642' title='bbox 3415 4024 3721 4094; x_wconf 84' lang='lat' dir='ltr'><strong>provehen-</strong></span> 
     </span>
    </p>
   </div>
   <div class='ocr_carea' id='block_1_91' title="bbox 2137 4112 3721 4187">
    <p class='ocr_par' dir='ltr' id='par_1_91' title="bbox 2137 4112 3721 4187">
     <span class='ocr_line' id='line_1_91' title="bbox 2137 4112 3721 4187; baseline -0.001 -16"><span class='ocrx_word' id='word_1_643' title='bbox 2137 4116 2221 4172; x_wconf 86' lang='lat' dir='ltr'><strong>dis</strong></span> <span class='ocrx_word' id='word_1_644' title='bbox 2275 4114 2328 4169; x_wconf 91' lang='lat' dir='ltr'><strong>in</strong></span> <span class='ocrx_word' id='word_1_645' title='bbox 2380 4114 2483 4170; x_wconf 89' lang='lat' dir='ltr'><strong>hac</strong></span> <span class='ocrx_word' id='word_1_646' title='bbox 2531 4113 2722 4169; x_wconf 89' lang='lat' dir='ltr'><strong>eadem</strong></span> <span class='ocrx_word' id='word_1_647' title='bbox 2771 4114 2977 4187; x_wconf 85' lang='lat' dir='ltr'><strong>synodo</strong></span> <span class='ocrx_word' id='word_1_648' title='bbox 3020 4113 3359 4185; x_wconf 85' lang='lat' dir='ltr'><strong>promulgata</strong></span> <span class='ocrx_word' id='word_1_649' title='bbox 3413 4122 3515 4169; x_wconf 89' lang='lat' dir='ltr'><strong>est.</strong></span> <span class='ocrx_word' id='word_1_650' title='bbox 3571 4112 3721 4169; x_wconf 68' lang='lat' dir='ltr'><strong>Prae-</strong></span> 
     </span>
    </p>
   </div>
   <div class='ocr_carea' id='block_1_92' title="bbox 2134 4201 3722 4273">
    <p class='ocr_par' dir='ltr' id='par_1_92' title="bbox 2134 4201 3722 4273">
     <span class='ocr_line' id='line_1_92' title="bbox 2134 4201 3722 4273; baseline -0.002 -15"><span class='ocrx_word' id='word_1_651' title='bbox 2134 4213 2285 4260; x_wconf 87' lang='lat' dir='ltr'><strong>terea</strong></span> <span class='ocrx_word' id='word_1_652' title='bbox 2332 4216 2498 4273; x_wconf 87' lang='lat' dir='ltr'><strong>penes</strong></span> <span class='ocrx_word' id='word_1_653' title='bbox 2550 4201 2935 4258; x_wconf 80' lang='lat' dir='ltr'><strong>Alexandriam</strong></span> <span class='ocrx_word' id='word_1_654' title='bbox 2982 4211 3042 4258; x_wconf 87' lang='lat' dir='ltr'><strong>et</strong></span> <span class='ocrx_word' id='word_1_655' title='bbox 3082 4202 3433 4258; x_wconf 82' lang='lat' dir='ltr'><strong>Antiochiam</strong></span> <span class='ocrx_word' id='word_1_656' title='bbox 3481 4202 3535 4255; x_wconf 90' lang='lat' dir='ltr'><strong>in</strong></span> <span class='ocrx_word' id='word_1_657' title='bbox 3595 4210 3722 4256; x_wconf 88' lang='lat' dir='ltr'><strong>tan-</strong></span> 
     </span>
    </p>
   </div>
   <div class='ocr_carea' id='block_1_93' title="bbox 2136 4292 3721 4362">
    <p class='ocr_par' dir='ltr' id='par_1_93' title="bbox 2136 4292 3721 4362">
     <span class='ocr_line' id='line_1_93' title="bbox 2136 4292 3721 4362; baseline 0.001 -14"><span class='ocrx_word' id='word_1_658' title='bbox 2136 4301 2253 4349; x_wconf 85' lang='lat' dir='ltr'><strong>tum</strong></span> <span class='ocrx_word' id='word_1_659' title='bbox 2305 4293 2460 4348; x_wconf 79' lang='lat' dir='ltr'><strong>radix</strong></span> <span class='ocrx_word' id='word_1_660' title='bbox 2488 4346 2492 4350; x_wconf 92' lang='lat'><em>_</em></span> <span class='ocrx_word' id='word_1_661' title='bbox 2520 4292 2680 4362; x_wconf 89' lang='lat' dir='ltr'><strong>hujus</strong></span> <span class='ocrx_word' id='word_1_662' title='bbox 2740 4292 2909 4361; x_wconf 89' lang='lat' dir='ltr'><strong>pestis</strong></span> <span class='ocrx_word' id='word_1_663' title='bbox 2959 4292 3219 4357; x_wconf 88' lang='lat' dir='ltr'><strong>excrevit,</strong></span> <span class='ocrx_word' id='word_1_664' title='bbox 3275 4302 3337 4346; x_wconf 85' lang='lat' dir='ltr'><strong>ut</strong></span> <span class='ocrx_word' id='word_1_665' title='bbox 3381 4306 3414 4346; x_wconf 90' lang='lat' dir='ltr'><strong>a</strong></span> <span class='ocrx_word' id='word_1_666' title='bbox 3474 4300 3721 4362; x_wconf 90' lang='lat' dir='ltr'><strong>tempore</strong></span> 
     </span>
    </p>
   </div>
   <div class='ocr_carea' id='block_1_94' title="bbox 2136 4380 3709 4452">
    <p class='ocr_par' dir='ltr' id='par_1_94' title="bbox 2136 4380 3709 4452">
     <span class='ocr_line' id='line_1_94' title="bbox 2136 4380 3709 4452; baseline -0.001 -15"><span class='ocrx_word' id='word_1_667' title='bbox 2136 4382 2487 4452; x_wconf 90' lang='lat' dir='ltr'><strong>promotiouis</strong></span> <span class='ocrx_word' id='word_1_668' title='bbox 2528 4383 2720 4438; x_wconf 88' lang='lat' dir='ltr'><strong>crebro</strong></span> <span class='ocrx_word' id='word_1_669' title='bbox 2752 4381 2882 4437; x_wconf 91' lang='lat' dir='ltr'><strong>dicti</strong></span> <span class='ocrx_word' id='word_1_670' title='bbox 2909 4380 3085 4436; x_wconf 85' lang='lat' dir='ltr'><strong>Pltotii</strong></span> <span class='ocrx_word' id='word_1_671' title='bbox 3114 4381 3377 4436; x_wconf 88' lang='lat' dir='ltr'><strong>hactenus</strong></span> <span class='ocrx_word' id='word_1_672' title='bbox 3404 4381 3560 4437; x_wconf 89' lang='lat' dir='ltr'><strong>evelli</strong></span> <span class='ocrx_word' id='word_1_673' title='bbox 3597 4397 3709 4436; x_wconf 91' lang='lat' dir='ltr'><strong>non</strong></span> 
     </span>
    </p>
   </div>
   <div class='ocr_carea' id='block_1_95' title="bbox 2137 4473 3719 4544">
    <p class='ocr_par' dir='ltr' id='par_1_95' title="bbox 2137 4473 3719 4544">
     <span class='ocr_line' id='line_1_95' title="bbox 2137 4473 3719 4544; baseline -0.001 -14"><span class='ocrx_word' id='word_1_674' title='bbox 2137 4476 2326 4544; x_wconf 86' lang='lat' dir='ltr'><strong>possit.</strong></span> <span class='ocrx_word' id='word_1_675' title='bbox 2353 4475 2463 4530; x_wconf 85' lang='lat' dir='ltr'><strong>Nec</strong></span> <span class='ocrx_word' id='word_1_676' title='bbox 2479 4474 2757 4530; x_wconf 87' lang='lat' dir='ltr'><strong>fatendum</strong></span> <span class='ocrx_word' id='word_1_677' title='bbox 2780 4474 3039 4538; x_wconf 81' lang='lat' dir='ltr'><strong>creditur,</strong></span> <span class='ocrx_word' id='word_1_678' title='bbox 3063 4473 3207 4543; x_wconf 90' lang='lat' dir='ltr'><strong>quod</strong></span> <span class='ocrx_word' id='word_1_679' title='bbox 3238 4483 3366 4529; x_wconf 92' lang='lat' dir='ltr'><strong>tunc</strong></span> <span class='ocrx_word' id='word_1_680' title='bbox 3394 4474 3719 4530; x_wconf 85' lang='lat' dir='ltr'><strong>universalis</strong></span> 
     </span>
    </p>
   </div>
   <div class='ocr_carea' id='block_1_96' title="bbox 2065 4563 3713 4648">
    <p class='ocr_par' dir='ltr' id='par_1_96' title="bbox 2065 4563 3713 4648">
     <span class='ocr_line' id='line_1_96' title="bbox 2065 4563 3713 4648; baseline -0.001 -27"><span class='ocrx_word' id='word_1_681' title='bbox 2065 4565 2253 4648; x_wconf 80' lang='lat' dir='ltr'><strong>Djure</strong></span> <span class='ocrx_word' id='word_1_682' title='bbox 2282 4567 2572 4631; x_wconf 90' lang='lat' dir='ltr'><strong>diceretur,</strong></span> <span class='ocrx_word' id='word_1_683' title='bbox 2596 4566 2642 4619; x_wconf 93' lang='lat' dir='ltr'><strong>si</strong></span> <span class='ocrx_word' id='word_1_684' title='bbox 2671 4579 2767 4635; x_wconf 91' lang='lat' dir='ltr'><strong>pro</strong></span> <span class='ocrx_word' id='word_1_685' title='bbox 2792 4563 2902 4619; x_wconf 78' lang='lat' dir='ltr'><strong>fide</strong></span> <span class='ocrx_word' id='word_1_686' title='bbox 2926 4563 3192 4619; x_wconf 85' lang='lat' dir='ltr'><strong>celebrata</strong></span> <span class='ocrx_word' id='word_1_687' title='bbox 3222 4564 3562 4628; x_wconf 89' lang='lat' dir='ltr'><strong>consisteret,</strong></span> <span class='ocrx_word' id='word_1_688' title='bbox 3586 4579 3713 4619; x_wconf 88' lang='lat' dir='ltr'><strong>cum</strong></span> 
     </span>
    </p>
   </div>
   <div class='ocr_carea' id='block_1_97' title="bbox 2105 4655 3717 4725">
    <p class='ocr_par' dir='ltr' id='par_1_97' title="bbox 2105 4655 3717 4725">
     <span class='ocr_line' id='line_1_97' title="bbox 2105 4655 3717 4725; baseline -0.001 -13"><span class='ocrx_word' id='word_1_689' title='bbox 2105 4690 2108 4694; x_wconf 54' lang='grc' dir='ltr'>λ</span> <span class='ocrx_word' id='word_1_690' title='bbox 2137 4666 2194 4712; x_wconf 92' lang='lat' dir='ltr'><strong>ct</strong></span> <span class='ocrx_word' id='word_1_691' title='bbox 2220 4656 2273 4710; x_wconf 89' lang='lat' dir='ltr'><strong>in</strong></span> <span class='ocrx_word' id='word_1_692' title='bbox 2303 4656 2404 4710; x_wconf 89' lang='lat' dir='ltr'><strong>hac</strong></span> <span class='ocrx_word' id='word_1_693' title='bbox 2433 4655 2686 4712; x_wconf 88' lang='lat' dir='ltr'><strong>nonnulla</strong></span> <span class='ocrx_word' id='word_1_694' title='bbox 2706 4669 2826 4723; x_wconf 82' lang='lat' dir='ltr'><strong>quae</strong></span> <span class='ocrx_word' id='word_1_695' title='bbox 2849 4656 2916 4709; x_wconf 91' lang='lat' dir='ltr'><strong>ad</strong></span> <span class='ocrx_word' id='word_1_696' title='bbox 2939 4656 3093 4710; x_wconf 80' lang='lat' dir='ltr'><strong>fidem</strong></span> <span class='ocrx_word' id='word_1_697' title='bbox 3128 4656 3417 4725; x_wconf 88' lang='lat' dir='ltr'><strong>pertinent,</strong></span> <span class='ocrx_word' id='word_1_698' title='bbox 3449 4656 3558 4711; x_wconf 91' lang='lat' dir='ltr'><strong>sint</strong></span> <span class='ocrx_word' id='word_1_699' title='bbox 3581 4656 3717 4711; x_wconf 83' lang='lat' dir='ltr'><strong>defi-</strong></span> 
     </span>
    </p>
   </div>
   <div class='ocr_carea' id='block_1_98' title="bbox 2140 4744 3715 4813">
    <p class='ocr_par' dir='ltr' id='par_1_98' title="bbox 2140 4744 3715 4813">
     <span class='ocr_line' id='line_1_98' title="bbox 2140 4744 3715 4813; baseline -0.002 -9"><span class='ocrx_word' id='word_1_700' title='bbox 2140 4750 2253 4804; x_wconf 87' lang='lat' dir='ltr'><strong>nita</strong></span> <span class='ocrx_word' id='word_1_701' title='bbox 2280 4789 2296 4813; x_wconf 93' lang='lat'><strong>,</strong></span> <span class='ocrx_word' id='word_1_702' title='bbox 2344 4756 2413 4802; x_wconf 87' lang='lat' dir='ltr'><strong>et</strong></span> <span class='ocrx_word' id='word_1_703' title='bbox 2445 4748 2498 4802; x_wconf 91' lang='lat' dir='ltr'><strong>in</strong></span> <span class='ocrx_word' id='word_1_704' title='bbox 2545 4745 2756 4801; x_wconf 63' lang='lat' dir='ltr'><strong>caneris</strong></span> <span class='ocrx_word' id='word_1_705' title='bbox 2813 4744 3207 4801; x_wconf 85' lang='lat' dir='ltr'><strong>uuiversalibus</strong></span> <span class='ocrx_word' id='word_1_706' title='bbox 3258 4746 3501 4801; x_wconf 87' lang='lat' dir='ltr'><strong>conciliis</strong></span> <span class='ocrx_word' id='word_1_707' title='bbox 3545 4745 3715 4811; x_wconf 85' lang='lat' dir='ltr'><strong>multa</strong></span> 
     </span>
    </p>
   </div>
   <div class='ocr_carea' id='block_1_99' title="bbox 2110 4834 3713 4909">
    <p class='ocr_par' dir='ltr' id='par_1_99' title="bbox 2110 4834 3713 4909">
     <span class='ocr_line' id='line_1_99' title="bbox 2110 4834 3713 4909; baseline -0.001 -17"><span class='ocrx_word' id='word_1_708' title='bbox 2110 4837 2395 4907; x_wconf 81' lang='lat' dir='ltr'><strong>disposita</strong></span> <span class='ocrx_word' id='word_1_709' title='bbox 2441 4836 2780 4891; x_wconf 89' lang='lat' dir='ltr'><strong>inveniantur</strong></span> <span class='ocrx_word' id='word_1_710' title='bbox 2822 4849 2941 4904; x_wconf 80' lang='lat' dir='ltr'><strong>quae</strong></span> <span class='ocrx_word' id='word_1_711' title='bbox 2981 4836 3049 4889; x_wconf 88' lang='lat' dir='ltr'><strong>ad</strong></span> <span class='ocrx_word' id='word_1_712' title='bbox 3074 4834 3220 4909; x_wconf 31' lang='lat' dir='ltr'><strong>.fldei</strong></span> <span class='ocrx_word' id='word_1_713' title='bbox 3260 4834 3559 4907; x_wconf 87' lang='lat' dir='ltr'><strong>doctrinam</strong></span> <span class='ocrx_word' id='word_1_714' title='bbox 3604 4851 3713 4891; x_wconf 91' lang='lat' dir='ltr'><strong>non</strong></span> 
     </span>
    </p>
   </div>
   <div class='ocr_carea' id='block_1_100' title="bbox 2138 4924 3715 4998">
    <p class='ocr_par' dir='ltr' id='par_1_100' title="bbox 2138 4924 3715 4998">
     <span class='ocr_line' id='line_1_100' title="bbox 2138 4924 3715 4998; baseline 0.002 -19"><span class='ocrx_word' id='word_1_715' title='bbox 2138 4928 2438 4998; x_wconf 76' lang='lat' dir='ltr'><strong>pertinent,</strong></span> <span class='ocrx_word' id='word_1_716' title='bbox 2483 4927 2626 4996; x_wconf 90' lang='lat' dir='ltr'><strong>quod</strong></span> <span class='ocrx_word' id='word_1_717' title='bbox 2670 4940 2777 4980; x_wconf 88' lang='lat' dir='ltr'><strong>non</strong></span> <span class='ocrx_word' id='word_1_718' title='bbox 2818 4926 2996 4980; x_wconf 90' lang='lat' dir='ltr'><strong>minus</strong></span> <span class='ocrx_word' id='word_1_719' title='bbox 3034 4924 3091 4979; x_wconf 86' lang='lat' dir='ltr'><strong>in</strong></span> <span class='ocrx_word' id='word_1_720' title='bbox 3132 4924 3235 4981; x_wconf 84' lang='lat' dir='ltr'><strong>(ide</strong></span> <span class='ocrx_word' id='word_1_721' title='bbox 3272 4941 3434 4996; x_wconf 82' lang='lat' dir='ltr'><strong>quam</strong></span> <span class='ocrx_word' id='word_1_722' title='bbox 3480 4927 3531 4981; x_wconf 94' lang='lat' dir='ltr'><strong>in</strong></span> <span class='ocrx_word' id='word_1_723' title='bbox 3581 4927 3715 4998; x_wconf 76' lang='lat' dir='ltr'><strong>legis</strong></span> 
     </span>
    </p>
   </div>
   <div class='ocr_carea' id='block_1_101' title="bbox 2108 5016 3712 5091">
    <p class='ocr_par' dir='ltr' id='par_1_101' title="bbox 2108 5016 3712 5091">
     <span class='ocr_line' id='line_1_101' title="bbox 2108 5016 3712 5091; baseline 0.002 -21"><span class='ocrx_word' id='word_1_724' title='bbox 2108 5017 2582 5087; x_wconf 10' lang='lat' dir='ltr'><strong>.rpmtvarieatione</strong></span> <span class='ocrx_word' id='word_1_725' title='bbox 2608 5024 2830 5086; x_wconf 87' lang='lat' dir='ltr'><strong>peccent</strong></span> <span class='ocrx_word' id='word_1_726' title='bbox 2855 5032 2921 5071; x_wconf 85' lang='lat' dir='ltr'><strong>ex</strong></span> <span class='ocrx_word' id='word_1_727' title='bbox 2950 5016 3180 5072; x_wconf 91' lang='lat' dir='ltr'><strong>concilio</strong></span> <span class='ocrx_word' id='word_1_728' title='bbox 3212 5016 3712 5091; x_wconf 82' lang='lat' dir='ltr'><strong>Constantinopoli—</strong></span> 
     </span>
    </p>
   </div>
   <div class='ocr_carea' id='block_1_102' title="bbox 2138 5107 3713 5179">
    <p class='ocr_par' dir='ltr' id='par_1_102' title="bbox 2138 5107 3713 5179">
     <span class='ocr_line' id='line_1_102' title="bbox 2138 5107 3713 5179; baseline -0.001 -16"><span class='ocrx_word' id='word_1_729' title='bbox 2138 5116 2269 5179; x_wconf 84' lang='lat' dir='ltr'><strong>tano</strong></span> <span class='ocrx_word' id='word_1_730' title='bbox 2293 5115 2487 5174; x_wconf 60' lang='lat' dir='ltr'><strong>actae;</strong></span> <span class='ocrx_word' id='word_1_731' title='bbox 2532 5108 2780 5176; x_wconf 81' lang='lat' dir='ltr'><strong>quamvis</strong></span> <span class='ocrx_word' id='word_1_732' title='bbox 2807 5123 2912 5163; x_wconf 91' lang='lat' dir='ltr'><strong>non</strong></span> <span class='ocrx_word' id='word_1_733' title='bbox 2942 5108 3119 5164; x_wconf 89' lang='lat' dir='ltr'><strong>minus</strong></span> <span class='ocrx_word' id='word_1_734' title='bbox 3157 5109 3211 5162; x_wconf 91' lang='lat' dir='ltr'><strong>in</strong></span> <span class='ocrx_word' id='word_1_735' title='bbox 3236 5118 3459 5164; x_wconf 81' lang='lat' dir='ltr'><strong>sanctas</strong></span> <span class='ocrx_word' id='word_1_736' title='bbox 3497 5107 3713 5178; x_wconf 83' lang='lat' dir='ltr'><strong>regulas</strong></span> 
     </span>
    </p>
   </div>
   <div class='ocr_carea' id='block_1_103' title="bbox 2782 5197 2811 5214">
    <p class='ocr_par' dir='ltr' id='par_1_103' title="bbox 2782 5197 2811 5214">
     <span class='ocr_line' id='line_1_103' title="bbox 2782 5197 2811 5214; baseline 0 0"><span class='ocrx_word' id='word_1_737' title='bbox 2782 5197 2811 5214; x_wconf 72' lang='lat' dir='ltr'><strong>ﬂ</strong></span> 
     </span>
    </p>
   </div>
  </div>
