4032 6286
269 463 329 520 l7
421 528 434 534 ,ἢ
737 526 752 532 η
897 400 1453 509 lNTERPRETATlO
1487 443 1738 504 SYNODI
1778 442 1885 499 Vill
1925 435 2336 497 GENERAUS.
2375 466 2447 478 —
2479 433 2869 490 PRZEFATIO.
3455 433 3521 488 l8

270 582 410 628 sum
448 570 706 640 scriptum
755 577 838 625 εει
865 608 880 632 ,
926 567 1253 624 conﬁtemur
1307 564 1524 634 quidem
1575 578 1634 618 se
1679 575 1838 616 nosse
1866 557 1913 616 Α
1941 563 2164 609 eventus
2195 550 2560 616 considerans,
2593 560 2740 622 gesta
2790 549 2950 618 hujus
2995 551 3208 622 synodi,
3249 566 3367 621 quae
3395 566 3523 621 apo-

271 666 455 725 Denm,
491 661 649 718 factis
684 670 862 716 autem
902 667 1100 730 negant
1153 657 1279 729 (Tit.
1318 659 1401 726 t);
1441 665 1496 711 et
1536 656 1656 710 ideo
1703 655 1843 708 sicut

272 764 429 806 recta:
453 752 574 808 ﬁdei
597 751 959 806 sinceritatem
987 748 1340 812 maculantes,
1366 749 1437 802 ita
1465 754 1665 800 sanctm
1691 760 1844 813 regu-

271 840 373 894 lam
395 840 618 910 justitia:
648 839 934 902 violantes,
965 838 1032 892 ab
1060 837 1298 892 omnium
1331 832 1840 890 suntunauimitatis

269 945 422 999 :equo
448 931 731 986 libramine
760 928 1084 998 corrigendi,
1112 926 1195 982 vel
1221 936 1367 981 certe
1397 925 1542 994 justa
1575 923 1840 980 sententia

269 1022 524 1092 puniendi
559 1039 571 1074 :
603 1021 741 1077 sicut
769 1036 798 1074 e
823 1029 1008 1076 contra
1045 1035 1147 1074 non
1176 1019 1346 1073 solum
1380 1026 1539 1074 recta:
1573 1017 1714 1080 ﬁdei,
1748 1032 1838 1071 ve-

270 1130 386 1168 rum
415 1114 578 1168 etiam
622 1113 790 1166 sancti
823 1112 1001 1182 operis
1044 1109 1248 1165 strenui
1296 1107 1545 1164 custodes
1577 1109 1643 1162 ab
1669 1108 1842 1163 omni-

268 1203 366 1257 bus
397 1211 524 1256 sunt
554 1201 842 1265 laudandi,
888 1209 943 1255 et
979 1200 1137 1270 digna
1167 1199 1509 1270 pnemiorum
1540 1198 1840 1254 caelestium

269 1305 412 1347 sorte
442 1292 671 1346 ditandi.

333 1379 506 1436 Porro
537 1383 808 1453 proprium
840 1397 1032 1436 nomen
1080 1381 1238 1452 hujus
1279 1380 1381 1436 rite
1427 1380 1721 1450 quaerimus
1753 1397 1843 1454 sy-

265 1476 412 1552 noli.
447 1475 583 1529 Nam
611 1475 656 1529 si
687 1475 868 1545 hydra:
893 1489 956 1529 ac
993 1474 1532 1544 hippocentaurorum
1555 1515 1570 1540 ,
1607 1474 1697 1544 qui
1735 1490 1839 1530 non

267 1575 411 1629 smn,
440 1568 629 1634 utique
661 1565 874 1620 nomina
919 1566 1191 1631 dicuntur,
1233 1575 1434 1635 quanto
1461 1567 1844 1636 congruentius

267 1655 424 1730 hujus
461 1657 654 1728 synodi
683 1673 874 1711 nomen
911 1657 1039 1712 sciri
1065 1657 1242 1721 debet,
1269 1672 1390 1726 quae
1415 1659 1600 1728 utique
1641 1668 1743 1725 est,
1777 1675 1844 1716 ne

268 1746 521 1801 videlicet
545 1747 761 1801 nomine
793 1762 1004 1812 carens,
1032 1757 1381 1818 comparetur
1412 1749 1572 1804 rebus
1601 1751 1845 1806 inmaris

265 1834 534 1914 profundo
575 1837 765 1904 positis
792 1877 808 1901 ,
848 1853 967 1908 quze
1014 1838 1228 1906 quidem
1267 1849 1420 1906 sunt;
1474 1840 1566 1894 sed
1607 1840 1730 1910 quia
1778 1841 1844 1896 ad

268 1926 517 1980 notitiam
566 1926 840 1982 hominum
879 1943 982 1981 non
1023 1937 1404 2003 pervenerunt,
1449 1929 1710 1986 hactenus
1751 1947 1848 1986 uo-

269 2015 660 2090 utine.carent.
693 2013 878 2084 Itaque
907 2015 952 2070 si
980 2015 1215 2088 synodus
1247 2027 1452 2072 tantum
1480 2019 1710 2086 dicatur,
1740 2037 1846 2076 non

267 2109 486 2185 pmprie
532 2109 730 2162 dicitur
756 2126 768 2161 :
798 2109 955 2163 habet
984 2109 1130 2164 enim
1175 2110 1276 2165 hoc
1324 2127 1518 2166 nomen
1561 2127 1848 2168 commune

267 2213 383 2250 cum
417 2196 546 2251 aliis
572 2198 875 2252 numerosis
897 2199 1160 2262 conciliis,
1186 2201 1230 2255 si
1261 2202 1499 2272 synodus
1528 2203 1850 2260 universalis

267 2275 585 2357 appelletur.
614 2287 723 2343 Nec
746 2288 825 2343 sic
849 2288 914 2343 de
943 2290 1041 2345 hac
1070 2289 1209 2360 quod
1236 2291 1582 2360 singulariter
1611 2295 1851 2363 possidet

266 2377 684 2446 praedicabitur,
731 2395 852 2432 nam
916 2379 1017 2435 hoc
1072 2382 1287 2437 nomine
1346 2398 1471 2440 cum
1509 2386 1848 2455 generalibus

265 2479 468 2536 septem
497 2467 716 2538 synodis
744 2469 928 2526 utitur.
973 2470 1141 2526 Porro
1191 2472 1235 2527 si
1280 2475 1517 2543 synodus
1542 2475 1849 2532 Constanti-

266 2559 576 2630 nepolitana
612 2559 840 2626 dicatur,
869 2576 973 2616 non
1013 2562 1220 2618 dicetur
1249 2565 1496 2634 proprie;
1526 2576 1654 2622 sunt
1700 2569 1847 2624 enim

264 2657 315 2702 et
341 2648 461 2705 alite
492 2648 1098 2721 Constantinopolitanae
1125 2655 1334 2724 synodi.
1367 2655 1486 2711 Jatn
1519 2673 1644 2712 vero
1681 2659 1728 2714 si
1759 2675 1848 2730 sy-

268 2741 435 2796 nodus
462 2741 788 2798 universalis
814 2743 1406 2816 Constantinopolitaua
1445 2758 1500 2803 et
1531 2759 1723 2806 octava
1757 2767 1848 2806 vo-

266 2837 431 2896 cetur,
483 2846 588 2886 nec
619 2831 698 2887 sic
727 2832 1005 2890 deﬁnitive
1048 2851 1244 2892 nomen
1276 2837 1394 2908 ejus
1423 2840 1802 2910 prtedicabitur
1829 2859 1843 2908 ;

265 2935 365 2976 non
394 2921 551 2977 enim
578 2932 658 2978 est
683 2934 895 2992 octava,
920 2927 1013 2982 sed
1035 2937 1230 2998 quarta
1257 2931 1492 3002 synodus
1519 2947 1706 2987 earum
1728 2950 1848 3002 qua:

266 3009 737 3084 Constantinopoli
771 3018 1148 3074 universaliter
1181 3020 1465 3076 celebrata:
1508 3033 1650 3078 sunt.
1694 3023 1845 3078 Nun-

265 3104 514 3175 cupanda
543 3114 627 3162 est
672 3123 800 3176 ergo
833 3108 950 3164 sine
978 3110 1124 3164 omni
1159 3112 1583 3170 contradictione
1612 3117 1846 3186 synodus

266 3203 591 3259 universalis
615 3212 824 3271 octava,
848 3215 906 3260 ut
927 3215 979 3261 et
1003 3207 1288 3278 appellatio
1308 3224 1613 3278 quamcum
1635 3220 1843 3280 septem

266 3292 380 3348 aliis
401 3294 660 3349 conciliis
681 3295 872 3351 sortita
897 3305 1000 3362 est,
1032 3312 1138 3352 non
1165 3297 1390 3364 celetur,
1413 3307 1470 3353 et
1498 3314 1690 3354 nomen
1720 3317 1845 3371 pro-

265 3386 457 3454 prium,
498 3387 644 3456 quod
673 3387 1015 3458 singulariter
1046 3389 1300 3459 possidet,
1334 3391 1666 3462 designetur.

331 3476 508 3547 Igitur
545 3491 667 3530 cum
710 3477 823 3532 haec
849 3478 1214 3534 celebraretur
1236 3481 1558 3556 venerabilis
1586 3483 1844 3553 synodus,

265 3566 456 3619 accidit
513 3581 598 3620 me
651 3565 910 3621 famulum
963 3577 1202 3624 vestrum
1237 3570 1462 3624 missum
1497 3587 1526 3624 a
1577 3571 1847 3626 Ludovico

267 3654 514 3720 piissimo
535 3655 856 3726 imperatore
877 3673 998 3712 cum
1022 3658 1228 3713 duobus
1249 3658 1369 3714 aliis
1396 3660 1524 3714 viris
1549 3659 1847 3729 insignibus

269 3741 555 3806 interesse,
586 3743 846 3800 ferentem
891 3748 1052 3800 etiam
1093 3746 1414 3816 legationem
1445 3751 1514 3805 ab
1541 3752 1848 3821 apostolicis

269 3833 511 3908 meritis,
551 3834 805 3888 decorato
833 3836 1119 3906 praesulatu
1154 3846 1352 3904 vestro,
1391 3855 1552 3894 causa
1595 3841 1850 3910 nuptialis

269 3924 626 3987 commercii,
669 3926 810 3994 quod
855 3926 1184 3982 eﬂicicndum
1234 3942 1301 3983 ex
1347 3929 1455 3984 ﬁlio
1512 3930 1852 4002 imperatoris

270 4010 493 4081 Basilii,
543 4024 598 4069 et
630 4018 818 4086 genita
845 4018 1051 4087 praefati
1091 4021 1180 4074 Dei
1219 4020 1442 4076 cultoris
1465 4022 1689 4092 Augusti
1715 4063 1731 4090 ,
1780 4024 1848 4078 ab

271 4111 502 4180 utraque
525 4115 676 4174 parte
700 4109 1016 4176 sperabatur
1042 4109 1199 4163 simul
1226 4119 1280 4166 et
1309 4111 1618 4180 parabatur.
1651 4111 1706 4167 ιιι
1737 4123 1848 4168 tam

271 4195 409 4270 enim
438 4197 534 4267 pio
561 4198 794 4269 negotio,
826 4207 884 4254 et
909 4199 1052 4268 quod
1080 4201 1146 4254 ad
1176 4202 1455 4272 utriusque
1485 4204 1692 4276 imperii
1726 4205 1848 4260 nni-

276 4292 475 4361 tatem,
549 4287 662 4343 imo
729 4288 892 4344 totius
959 4289 1160 4345 Christi
1226 4291 1481 4348 Ecclesiae
1541 4293 1848 4349 libertatem

273 4377 545 4444 pertinere
572 4378 757 4447 procul
785 4379 947 4436 dubio
976 4380 1316 4446 credebatur,
1357 4384 1625 4454 przecipue
1651 4386 1870 4440 summi.

275 4468 537 4534 pontiﬁcii
568 4469 729 4524 vestri
759 4472 1101 4540 quaerebatur
1124 4486 1396 4527 assensus.
1435 4472 1529 4528 Dei
1556 4489 1684 4543 ergo
1715 4487 1847 4530 nuta

274 4553 448 4612 actum
476 4566 564 4614 est
587 4567 646 4614 ut
672 4560 806 4614 tanti
836 4562 1033 4632 negotii
1059 4577 1178 4616 cum
1207 4561 1306 4617 loci
1329 4564 1697 4620 servatoribus
1723 4579 1849 4634 apo-

276 4646 476 4728 stolicze
519 4649 665 4704 sedis
711 4658 766 4704 et
812 4649 924 4719 ipse
975 4651 1078 4705 line
1123 4650 1456 4721 gauderem,
1515 4660 1578 4706 et.
1630 4653 1851 4706 veniens

278 4731 546 4816 fructuum
590 4737 644 4792 in
689 4738 1046 4794 exsultatione
1079 4750 1354 4810 pou-tarem
1403 4740 1720 4810 manipulos,
1757 4742 1850 4810 qui

276 4837 374 4896 per
389 4828 730 4896 septennium
760 4828 929 4884 ferme
953 4846 1051 4900 pro
1073 4846 1138 4886 eo
1162 4830 1430 4886 indefesse
1455 4831 1852 4897 laboraveram,

276 4925 330 4972 et
355 4933 450 4986 per
481 4926 650 4974 totum
681 4919 864 4976 orbem
894 4922 1180 4978 verborum
1222 4922 1429 4977 semina
1473 4922 1658 4978 sedulo
1709 4923 1848 4978 seri.-

279 5007 450 5064 hendo
480 5009 782 5078 dispersera
791 5027 863 5067 ιιι.

347 5097 483 5152 Nam
539 5115 674 5172 pene
724 5101 910 5158 omnia.
971 5118 1091 5172 qua:
1143 5100 1207 5156 ad
1275 5117 1510 5172 pneseus
1578 5103 1850 5175 negotium

281 5187 590 5255 pertinent,
635 5205 862 5261 qumque
902 5206 935 5244 a
983 5192 1110 5246 sede
1158 5192 1448 5261 apostolica
1493 5191 1687 5246 Latino
1739 5209 1854 5247 ser-

284 5265 438 5330 mone
472 5276 684 5345 prolata
716 5287 876 5345 sunt,
917 5281 1030 5335 sive
1072 5295 1192 5352 qua:
1237 5281 1290 5335 in
1337 5282 1494 5352 hujus
1529 5281 1716 5356 synodi
1761 5298 1851 5336 co-

285 5363 418 5430 dice,
447 5367 562 5420 sive
603 5383 723 5436 quze
753 5369 803 5422 in
826 5370 945 5425 aliis
975 5371 1335 5428 voluminibus
1357 5373 1721 5436 continentur,
1751 5386 1851 5442 ego

285 5454 510 5507 summis
546 5457 888 5524 pontilicibus
930 5460 1342 5524 ohsecundans,
1386 5459 1655 5535 decessori
1705 5459 1849 5514 scili-

287 5543 368 5598 cet
390 5539 567 5601 vestro
596 5564 662 5603 ac
688 5549 838 5604 vobis
881 5551 1124 5620 exposui,
1147 5561 1201 5606 et
1223 5551 1560 5621 postmodum
1585 5548 1847 5608 Constane

289 5625 505 5706 tinopoli
540 5652 635 5708 pro
675 5640 926 5709 przedicta
955 5656 1117 5695 causa
1146 5651 1406 5710 repertus,
1453 5658 1558 5695 non
1598 5657 1767 5712 pauca
1797 5642 1849 5696 in

291 5719 368 5779 bis
391 5728 584 5784 vestris
616 5728 717 5784 loci
745 5729 1126 5798 servatorihus,
1160 5741 1218 5784 ut
1249 5731 1348 5799 ipsi
1391 5745 1602 5801 quoque
1650 5740 1851 5786 testan-

292 5807 406 5878 tur,
443 5816 629 5874 solatia
679 5821 922 5890 pra-stiti,
963 5821 1065 5890 qui.
1094 5823 1256 5877 etiam
1293 5822 1536 5884 diversus
1576 5823 1848 5877 hominum

1941 647 2143 702 stolicte
2168 645 2309 701 sedis
2336 644 2436 698 loci
2465 654 2769 704 servatores
2809 645 2862 697 in
2891 659 2996 698 uno
3028 642 3297 698 volumine
3331 657 3522 698 secum

1940 734 2205 807 portaturi
2246 733 2701 802 conscripserant,
2749 732 2803 786 in
2852 731 3022 786 altero
3051 732 3236 787 codice
3261 731 3526 786 transcri-

1939 834 2029 896 pta
2053 825 2280 878 Romam
2317 839 2487 892 usque
2525 821 2736 877 deferre
2782 822 3053 892 proposui.
3113 819 3266 876 Unde
3318 820 3524 876 factum

1941 924 2024 968 est
2053 921 2110 967 ut
2139 913 2337 967 eisdem
2367 911 2468 965 loci
2500 911 2870 966 servatoribus
2893 912 2944 964 in
2973 911 3253 980 przedones
3281 910 3536 964 incideuo

1944 1001 2111 1066 tibus,
2154 1010 2208 1055 et
2234 1000 2474 1055 codicem
2531 1000 2704 1069 ipsum
2749 1015 2869 1054 cum
2921 999 3171 1053 omnibus
3217 998 3530 1068 supellecti-

1941 1091 2080 1146 libus
2110 1091 2220 1146 suis
2245 1090 2634 1153 amittentibus,
2657 1105 2755 1159 ego
2778 1089 3015 1144 codicem
3038 1104 3198 1158 quem
3223 1089 3528 1145 detulcram

1943 1188 2192 1250 Romam,
2224 1183 2436 1240 vexisse
2464 1183 2834 1254 dignoscerer,
2865 1197 3023 1252 quem
3050 1183 3314 1238 sanctitas
3342 1191 3524 1237 vestra

1942 1287 2094 1347 grato
2125 1275 2423 1346 suscipiens
2452 1275 2652 1338 animo,
2697 1273 2828 1326 mihi
2876 1273 2944 1328 ad
2992 1271 3422 1327 transferendum
3469 1271 3526 1324 in

1937 1359 2189 1421 Latinam
2231 1362 2451 1418 tradidit
2484 1359 2796 1415 dictionem
2822 1360 2887 1414 ad
2917 1361 3061 1430 quod
3107 1375 3242 1428 opus
3270 1374 3370 1429 ego
3410 1359 3530 1415 ido-

1943 1472 2103 1510 neum
2125 1468 2245 1509 esse
2273 1468 2356 1506 me
2391 1450 2673 1522 denegavi,
2710 1450 2834 1504 licet
2885 1450 2937 1504 in
2989 1450 3407 1519 interpretandis
3455 1464 3524 1503 ex

1943 1545 2163 1600 archivo
2195 1545 2246 1597 in
2278 1543 2578 1596 Romanum
2610 1556 2916 1596 sermonem
2952 1541 3234 1610 scripturis
3271 1541 3525 1611 praesenti

1947 1645 2186 1704 tempore
2229 1631 2499 1702 quoddam
2538 1645 2800 1684 conamen
2831 1631 3071 1698 arripere
3101 1630 3261 1693 nitar,
3299 1637 3352 1682 et
3385 1644 3526 1684 non-

1946 1727 2088 1780 nulla
2109 1724 2220 1794 jam
2248 1725 2313 1778 ad
2342 1723 2748 1778 :ediﬁcationem
2773 1722 3146 1793 plurimorum,
3177 1731 3232 1775 et
3258 1722 3526 1791 prteclpue

1947 1814 2114 1868 vestri
2157 1813 2458 1868 decessoris
2498 1813 2714 1868 hortatu
2751 1812 3135 1882 interpretatus
3176 1811 3408 1865 edidisse
3450 1813 3528 1865 di-

1879 1902 1921 1960 B
1949 1924 2197 1980 gnosear.
2243 1905 2442 1962 Verum
2497 1907 2625 1960 vicit
2665 1905 2838 1976 jussio
2883 1905 3017 1958 tanti
3077 1903 3366 1973 pontiﬁcis,
3399 1902 3530 1956 dum

1951 2017 2057 2055 non
2088 2001 2238 2054 deest
2265 1999 2572 2054 obedientia
2595 1999 2830 2069 prompti
2877 1997 3133 2053 ministri.
3166 1998 3560 2067 lnterpretans.

1950 2092 2116 2162 igitur
2162 2091 2300 2145 hanc
2363 2097 2605 2144 sanctam
2654 2090 2938 2161 synodum,
2985 2089 3206 2143 verbum
3257 2103 3288 2142 e
3338 2089 3526 2153 verbo,

1949 2198 2211 2256 qnantutn
2245 2186 2441 2240 idioma
2477 2185 2726 2240 Latinum
2767 2184 3033 2255 permisit,
3074 2184 3358 2254 excerpsi;
3396 2197 3530 2238 non-

1950 2293 2223 2346 nunquam
2249 2291 2376 2330 vero
2411 2283 2660 2329 manente
2688 2289 2869 2338 sensu,
2897 2272 3355 2329 constructionem
3379 2271 3530 2327 Crte-

1949 2387 2066 2426 cam
2099 2370 2150 2423 in
2196 2369 2440 2423 Latinam
2487 2368 2793 2422 necessario
2833 2366 3174 2421 commutavi.
3214 2366 3353 2418 Rara
3383 2381 3536 2434 pra:-~

1951 2473 2099 2517 terea
2147 2459 2425 2530 interpreti
2457 2459 2682 2513 doctiori
2731 2457 3061 2513 enueleanda
3105 2458 3350 2523 servavi;
3380 2473 3528 2526 qua:-

1951 2554 2072 2608 datn
2099 2553 2262 2606 etiam
2293 2551 2431 2606 sicut
2463 2551 2592 2605 mihi
2635 2559 2760 2604 nota
2788 2561 2960 2614 erant,
2999 2551 3253 2604 nimirum
3295 2551 3386 2620 qui
3417 2557 3527 2604 tam

1949 2643 2134 2718 llomze
2163 2658 2322 2712 quam
2353 2641 2595 2712 Byzantii
2641 2641 2868 2710 positus,
2921 2641 2973 2695 in
3019 2641 3229 2695 cutictis
3271 2641 3355 2695 his
3382 2639 3527 2695 solli-

1949 2736 2056 2790 cite
2099 2733 2358 2798 laboravi,
2391 2732 2611 2787 scholiis
2639 2732 2691 2785 in
2721 2732 3055 2801 marginibus
3087 2732 3288 2786 codicis
3330 2747 3522 2784 exam-

1951 2829 2020 2884 tis
2051 2826 2323 2889 adnotavi,
2367 2825 2448 2879 vel
2493 2825 2678 2887 etiam,
2729 2824 2868 2877 sicut
2911 2823 3038 2876 mihi
3089 2824 3263 2876 visum
3293 2832 3392 2885 est,
3425 2838 3524 2877 ex—

1949 2919 2182 2990 planavi.
2225 2917 2368 2972 Sane
2395 2924 2450 2970 et
2476 2915 2576 2970 hoc
2611 2915 2904 2968 notandum
2951 2913 3076 2984 quia
3107 2914 3352 2982 qu:edam
3382 2913 3518 2968 scri-

1951 3020 2254 3078 pturarum,
2283 3020 2400 3074 quae
2424 3019 2583 3073 super
2609 3003 2692 3058 his
2726 3020 2754 3057 a
2781 3002 2906 3058 sede
2933 3003 3229 3072 apostolica
3258 3002 3528 3058 Constan-

1952 3095 2226 3165 tinopolim
2270 3095 2448 3148 missze
2489 3104 2636 3160 sunt,
2678 3093 3052 3148 deﬁcientibus
3092 3093 3250 3147 urbis.
3282 3092 3522 3160 ejusdem

1953 3189 2353 3260 interpretibus,
2390 3203 2494 3241 non
2539 3204 2605 3242 ex
2647 3196 2758 3241 toto
2805 3196 2951 3242 recte
3003 3186 3260 3240 translata
3294 3187 3346 3240 in
3377 3184 3529 3242 Cra:-

1948 3282 2167 3336 citatcm
2205 3280 2414 3346 inveni;
2448 3294 2676 3348 quorum
2719 3281 2832 3348 ipse
2863 3278 3134 3339 nommlla,
3167 3287 3220 3332 et
3260 3289 3542 3349 quantum.

1949 3375 2193 3443 angustia
2219 3372 2328 3427 illic
2355 3371 2596 3425 morandi
2626 3372 2872 3441 permisit
2898 3372 3172 3441 temporis,
3201 3371 3480 3426 emendavi
3505 3389 3522 3436 ;

1949 3467 2142 3544 partim
2169 3480 2297 3520 vero
2319 3474 2378 3519 ut
2411 3465 2585 3535 reperi
2616 3465 2878 3519 hactenus
2904 3466 3200 3520 incorrecta
3234 3465 3445 3533 reliqui.

2017 3556 2098 3610 Ad
2122 3565 2422 3610 extremum
2461 3555 2617 3625 plane
2648 3556 2976 3610 monendum
3018 3564 3122 3620 est,
3170 3565 3223 3609 et
3251 3572 3346 3624 pro
3379 3555 3548 3610 l‘utu-A

1950 3663 2134 3701 rorum
2183 3646 2391 3702 cautela
2449 3655 2749 3716 temporum
2800 3646 3002 3701 arctius
3045 3647 3318 3702 memoriae
3370 3664 3520 3702 com-

1951 3737 2334 3802 memlandum,
2365 3752 2431 3790 ne
2448 3736 2584 3790 forte
2613 3738 2936 3806 procedente
2966 3745 3204 3806 tempore
3235 3738 3287 3793 in
3319 3737 3524 3793 Graecis

1949 3829 2223 3884 Codicibus
2270 3828 2570 3898 reperiatur
2597 3828 2731 3882 huic
2751 3837 2950 3882 sancta:
2981 3829 3184 3900 synodo
3228 3828 3521 3897 quidquam

1949 3937 1978 3974 a
2005 3918 2597 3988 Constantinopolitano
2625 3918 2818 3972 suatim
2853 3919 3091 3973 additum
3123 3919 3203 3973 vel
3234 3928 3520 3982 mutatum,

1951 4014 2080 4068 nihil
2112 4015 2290 4068 minus
2321 4013 2404 4067 vel
2449 4011 2678 4081 amplius
2713 4012 2768 4065 in
2791 4011 2977 4066 eadem
3009 4012 3214 4082 synodo
3241 4011 3521 4066 deﬁnitum

1949 4105 2136 4169 fuisse,
2166 4105 2268 4159 nisi
2300 4118 2418 4172 qua:
2445 4104 2498 4158 in
2531 4103 2718 4158 Graeco
2762 4102 3000 4172 ejusdem
3031 4103 3218 4174 synodi
3251 4103 3526 4158 actionum

1950 4196 2134 4250 codice
2165 4194 2217 4248 in
2245 4192 2485 4247 Romana
2534 4191 2781 4248 Ecclesia
2828 4192 3028 4262 scripta
3065 4193 3422 4263 reperiuntur,
3469 4200 3526 4245 et

1951 4284 2002 4338 in
2042 4283 2389 4338 Latinitatem
2420 4281 2559 4336 lideli
2587 4281 2719 4336 satis
2747 4281 2883 4352 stylo
2912 4281 3192 4348 translata,
3227 4281 3277 4335 in
3301 4280 3526 4336 archivo

1950 4373 2189 4443 ejusdem
2229 4374 2483 4430 Ecclesize
2512 4375 2786 4430 recondita
2829 4374 3267 4444 comprobantur,
3297 4389 3525 4445 quietu

1949 4465 2189 4518 oumium
2237 4464 2675 4535 patriarchalium
2707 4465 2914 4519 sedium
2943 4465 3043 4518 loci
3088 4470 3530 4529 servatorum,,,et

1953 4558 2190 4628 ipsorum
2226 4571 2439 4626 quoque
2465 4557 2848 4626 imperatorum
2895 4567 3057 4626 atque
3081 4565 3398 4611 cunctorum
3421 4570 3524 4609 au-

1955 4647 2181 4702 tistitum
2224 4645 2708 4714 subscriptionibus
2756 4641 3033 4710 roborata,
3075 4654 3128 4698 et
3171 4661 3313 4701 nunc
3353 4660 3525 4715 usque

1953 4739 2160 4809 signata
2189 4737 2513 4792 consistunt.
2555 4737 2698 4791 Sane
2723 4738 2963 4808 epistola:
3007 4747 3114 4792 tam
3141 4738 3328 4809 synodi
3357 4753 3524 4809 quam

1951 4826 2272 4898 patriarchae
2321 4835 2378 4881 et
2421 4826 2806 4896 imperatorum
2857 4827 2924 4882 ad
2965 4828 3266 4883 Romanum
3309 4827 3528 4899 pontiﬁ-

1953 4933 2070 4974 cem
2103 4917 2301 4983 miss:e,
2327 4933 2448 4988 (11KB
2478 4918 2531 4972 in
2563 4917 2765 4974 codicis
2808 4919 3080 4973 actionum
3129 4919 3297 4989 ipsius
3334 4919 3528 4991 synodi

1953 5009 2098 5076 calce
2129 5009 2397 5062 habentur
2443 5009 2680 5075 insertae,
2727 5009 2991 5064 reverenti
3027 5020 3151 5065 sunt
3193 5011 3340 5065 cultu
3391 5011 3530 5066 reci-

1953 5098 2179 5168 piendae.
2211 5096 2345 5152 Nam
2381 5114 2412 5152 a
2445 5100 2607 5154 totius
2637 5099 2827 5171 synodi
2869 5115 3153 5163 consensu,
3185 5101 3312 5156 dum
3353 5099 3532 5156 adhuc

1953 5199 2225 5260 ageretur,
2253 5189 2482 5243 decreta:
2507 5199 2635 5244 sunt
2677 5199 2731 5244 et
2766 5189 3040 5259 expositae.
3073 5188 3181 5246 Cur
3206 5199 3386 5246 autem
3424 5191 3528 5246 ista

1954 5280 2327 5352 prauniserim,
2359 5282 2594 5336 breviter
2634 5280 2922 5335 adnotabo.
2970 5279 3251 5352 Siquidem
3277 5297 3400 5336 cum
3432 5297 3526 5335 rex

1961 5367 2312 5440 Vulgarorum
2351 5385 2472 5424 cum
2516 5369 2730 5439 propria
2763 5378 2921 5440 gente
2963 5369 3164 5426 Christi
3219 5369 3376 5425 ﬁdem
3445 5387 3531 5426 su-

1955 5459 2216 5528 scepisset
2259 5474 2355 5528 per
2378 5458 2648 5512 hominem
2680 5458 3004 5525 Romanum,
3027 5460 3080 5515 id
3102 5469 3206 5525 est,
3239 5461 3528 5530 quemdam

1957 5533 2328 5619 presbyterum
2374 5546 2596 5600 Paulum
2641 5550 2880 5614 nomine,
2939 5550 3322 5605 documentum
3362 5557 3526 5618 atque

1957 5641 2269 5711 mysterium
2298 5640 2626 5709 propositum
2659 5641 2890 5714 habuita
2921 5643 3046 5696 sede
3072 5641 3386 5712 apostolica,
3413 5657 3548 5698 non.

1959 5731 2116 5787 modo
2146 5731 2267 5786 ﬁdei
2299 5731 2558 5804 regulam,
2601 5734 2695 5788 sed
2735 5743 2788 5802 et
2817 5744 3016 5790 sanctre
3043 5727 3174 5806 legis
3202 5749 3416 5790 sumere
3441 5737 3530 5792 di-

1959 5824 2235 5894 sciplinam
2272 5843 2282 5878 :
2319 5825 2458 5895 quod
2496 5834 2549 5880 ct
2579 5808 2737 5890 fecit:
2764 5843 2866 5879 non
2897 5826 3065 5879 solum
3094 5841 3120 5879 a
3151 5824 3372 5896 praefato
3407 5841 3528 5896 pres
