3960 5354
489 397 559 451 19
1643 389 1999 445 ANASTASH
2045 388 2484 447 HBUOTIIECA
2494 391 2580 448 Illi
3656 406 3727 461 ευ

490 512 730 583 sbytero,
766 525 950 567 verum
1012 508 1174 563 etiam
1228 522 1326 579 per
1380 507 1612 561 divinam
1670 503 2050 558 rev-elationem
2082 506 2125 564 Α
2156 503 2382 571 accepit,
2424 503 2645 557 Paulum
2684 502 2888 559 scilicet
2921 503 3368 575 Populouiensem
3411 521 3465 566 ct
3506 514 3726 569 Formo-

490 604 822 668 iustructus;
869 616 987 671 quae
1015 601 1093 656 sic
1142 610 1437 669 temporum
1489 597 1803 668 qualitatem
1856 597 2055 651 discre-

489 696 585 759 vit,
632 705 690 749 ιιι
719 702 989 764 postrema
1021 693 1072 747 in
1119 692 1352 762 priorem
1396 690 1717 744 reformaret
1761 698 1957 743 statum
2000 697 2054 743 et

488 785 755 842 ordinem.
805 783 940 838 Nam
991 791 1098 836 tota
1152 778 1415 835 Dardania
1446 820 1463 844 ,
1508 778 1806 843 Thessalia,
1857 779 2051 843 Dacia,

464 883 542 951 ἐι
585 882 814 943 utraque
862 872 1074 943 Epirus,
1129 878 1288 939 atque
1339 877 1547 923 cmterze
1606 868 1851 938 regiones
1900 866 2053 937 juxta

462 966 679 1037 ~Istrum
703 963 919 1019 fluvium
936 965 1071 1027 sita),
1095 962 1399 1034 apostolicae
1421 961 1564 1016 sedis
1589 972 1781 1015 vestra:
1804 961 2053 1015 modera-

485 1056 633 1110 mine
656 1039 950 1123 antiquitus
975 1053 1241 1123 pra-cipue
1264 1054 1588 1123 regebantur
1616 1060 1670 1105 et
1699 1051 2055 1120 disponebam

484 1152 594 1197 tur.
652 1143 757 1199 Sed
800 1150 1080 1213 postquam
1128 1142 1481 1212 imperatores
1523 1141 1915 1206 Romanorum,
1960 1142 2049 1213 qui

484 1252 626 1292 nunc
661 1235 966 1293 Grmcorum
991 1234 1351 1305 appellantur,
1377 1233 1648 1287 variorum
1692 1232 1931 1286 fautores
1971 1232 2050 1285 vel

462 1329 788 1396 _incentores
838 1326 1011 1382 cﬂ‘ecti
1051 1342 1315 1389 errorum,
1360 1334 1599 1380 sanctam
1641 1323 1836 1378 Christi
1868 1323 2050 1377 Eccle—

480 1420 616 1475 siam
646 1417 875 1473 diversis
901 1418 1194 1473 hzeresibus
1224 1416 1466 1470 scindere
1488 1415 1709 1469 minime
1731 1414 2052 1469 formidave-

480 1517 628 1575 runt,
677 1509 835 1564 scidit
870 1494 1011 1563 Deus
1060 1507 1340 1577 imperiunm
1379 1522 1591 1571 eorum,
1617 1516 1670 1561 et
1705 1507 1758 1560 in
1802 1505 2052 1561 Occiduis

461 1596 723 1666 partibus
755 1594 1010 1666 paulatim
1042 1610 1287 1667 regnare,
1311 1610 1544 1665 superno
1565 1597 1885 1650 decernente
1905 1595 2051 1665 judi-

477 1687 586 1751 cio,
643 1685 1229 1752 cessaverunt,,donec
1274 1684 1544 1739 Romanos
1593 1684 1873 1755 pontifices
1937 1684 2051 1739 suis

476 1776 833 1847 pravitatibus
878 1776 1159 1831 incurvare
1208 1784 1486 1837 conantes,
1537 1790 1637 1829 nec
1685 1773 1946 1838 valentes,
1984 1789 2049 1829 ac

2158 608 2275 647 sum
2319 593 2689 656 Portuensem,
2736 604 2934 650 sauctze
2972 599 3395 653 conversationis
3424 602 3721 660 antistites.

2157 683 2257 749 Qui
2300 685 2365 737 ad
2396 684 2692 753 principem
2731 686 3134 754 pervenientes,
3152 697 3425 758 totamque
3460 691 3574 759 jam
3615 710 3726 748 me-

2157 780 2489 827 moratarum
2518 773 2869 843 Vulgarorum
2901 776 3154 844 patriam,
3177 776 3329 845 cujus
3353 795 3513 849 supra
3543 795 3580 849 p
3599 791 3724 836 :rtes

2154 866 2712 932 commemoravimus,
2776 877 3143 937 peragrantes,
3214 879 3414 925 terram
3479 874 3720 929 cordium

2153 955 2346 1026 lingua:
2379 972 2595 1013 vomere
2636 961 3061 1028 praescindendo,
3099 970 3154 1016 et
3193 961 3489 1030 Christum,
3522 967 3722 1020 exstir-

2152 1051 2291 1119 patis
2318 1065 2562 1105 errorum
2584 1052 2857 1121 vepribus,
2887 1053 2938 1107 in
2965 1054 3239 1110 hominum
3269 1065 3448 1111 mente
3474 1058 3724 1127 plantan-

2152 1139 2240 1202 do,
2272 1138 2594 1209 flucntisque
2624 1142 2758 1196 sacri
2797 1141 3051 1211 baptismi
3080 1145 3321 1216 rigando,
3354 1156 3515 1215 atque
3553 1148 3725 1217 impo-

2151 1230 2347 1285 sitione
2392 1247 2643 1286 manuum
2685 1248 2900 1287 suarum
2947 1248 3109 1302 super
3142 1235 3317 1303 capita
3358 1234 3621 1298 fblelium,
3665 1244 3723 1290 et

2152 1322 2261 1375 Deo
2295 1322 2468 1375 dicata
2501 1323 2694 1391 templa
2725 1323 2808 1376 vel
2849 1322 3036 1377 altaria
3070 1325 3460 1378 incrementum
3513 1323 3723 1395 perfec-

2153 1412 2311 1466 tionis
2358 1427 2453 1481 per
2489 1422 2730 1467 sanctum
2776 1413 3030 1482 Spiritum
3074 1415 3390 1482 invocando,
3429 1418 3556 1471 dum
3593 1433 3724 1488 apo-

2149 1501 2371 1554 stolicus
2402 1500 2487 1554 ille
2507 1500 2765 1570 pontifex,
2795 1509 2922 1556 etut
2955 1503 3026 1556 ita
3053 1505 3276 1568 dicatur,
3301 1505 3535 1562 caelestis
3560 1507 3731 1564 homo

2150 1598 2199 1641 et
2233 1590 2505 1644 terrestris
2541 1590 2764 1659 angelus
2794 1603 3072 1661 superstes
3110 1595 3332 1651 habitus
3357 1609 3461 1662 est,
3497 1598 3721 1654 minime

2149 1686 2516 1733 cessaverunt.
2547 1679 2626 1734 Ad
2666 1678 2819 1747 cujus
2858 1682 3207 1739 imitationem
3234 1686 3419 1740 eadem
3461 1687 3545 1757 agi
3576 1688 3743 1742 stre;

2151 1781 2277 1833 nue,
2306 1777 2362 1822 tu
2385 1784 2667 1824 successor
2690 1769 2804 1837 ejus
2833 1770 2983 1826 alma:
3009 1788 3070 1828 ac
3090 1790 3311 1830 summa:
3337 1777 3723 1847 magnitudinis

478 1845 576 1939 per
618 1868 722 1924 hoc
765 1867 1145 1938 multiplicibus
1196 1869 1370 1938 prunis
1422 1867 1736 1933 allicientes,
1777 1865 2048 1936 Hesperiae
2081 1845 2123 1905 Β
2146 1860 2364 1929 ιιι-ωειιι,
2392 1861 2702 1917 medullitus
2725 1864 3008 1930 anhelasti,
3041 1874 3097 1921 et
3130 1867 3182 1921 in
3219 1866 3304 1923 his
3339 1845 3725 1924 consumman-

477 1964 797 2027 potestatem
815 1958 927 2028 jam
948 1973 1166 2028 prorsus
1195 1958 1525 2023 amitterent,
1554 1956 1859 2013 Occidentis
1883 1957 2046 2010 etiam

458 2037 678 2104 amisso
722 2049 968 2119 imperio,
998 2048 1346 2103 nihilominus
1381 2046 1640 2109 Romanis
1684 2045 2046 2117 pontificibus,

476 2139 601 2208 quia
613 2138 725 2206 jam
743 2139 935 2209 jubere
954 2148 1247 2208 nequeunt,
1277 2138 1506 2193 suadere
1529 2139 1807 2203 nituntur;
1832 2138 1943 2192 suis
1965 2137 2047 2192 lae-

475 2229 552 2284 sis
585 2228 822 2284 favorem
851 2229 1095 2285 sensibus
1116 2228 1646 2285 accommodandum.
1682 2226 1925 2297 Sethuia
1958 2228 2045 2283 isti

460 2304 598 2373 eum
625 2318 786 2374 Petro
826 2335 987 2389 super
1015 2330 1221 2390 petram
1248 2335 1390 2374 verte
1420 2316 1775 2374 confessionis
1809 2328 2042 2383 stantes,

468 2398 783 2478 pestiferam
804 2411 1195 2480 suggestionem
1215 2409 1653 2479 audirepossunt,
1669 2408 1924 2462 obaudire
1941 2424 2042 2462 nou

473 2508 720 2567 possunt,
771 2515 895 2555 mox
944 2499 1017 2555 illi
1066 2502 1317 2570 quoniam
1374 2501 1531 2555 aliter
1578 2514 1677 2553 eos
1722 2498 1912 2553 hederc
1951 2515 2045 2553 ne.

473 2600 699 2660 queunt,
737 2592 941 2662 patrios
993 2599 1048 2647 et
1094 2593 1344 2662 antiquos
1387 2592 1642 2646 terminos
1691 2591 2040 2652 transferunt,

472 2678 749 2751 privilegia
776 2681 920 2735 sedis
944 2680 1247 2751 apostoliczn
1280 2689 1653 2749 corrumpunt,
1677 2688 1729 2733 et
1760 2695 1894 2749 pene
1920 2695 2041 2732 οιιιι

470 2770 560 2826 nia
587 2768 712 2840 jura
738 2770 1186 2841 disponendarum
1229 2771 1529 2826 diteceseon
1580 2769 1847 2834 auferunt,
1882 2780 2041 2837 atque

469 2863 583 2917 suis
630 2863 746 2917 brcc
796 2861 1100 2917 fautoribus
1148 2863 1523 2918 consentaneis
1568 2871 1623 2917 ct.
1681 2862 2041 2917 sectatoribus

468 2953 788 3020 conferunt;
816 2967 938 3007 cum
980 2953 1174 3023 quibus
1210 2954 1373 3007 etiam
1393 2954 1503 3023 jus,
1531 2954 1671 3021 quod
1704 2954 1859 3007 sedes
1906 2966 2037 3048 aeo-

468 3036 658 3100 SIolica
689 3060 851 3114 super
885 3045 1167 3115 prmdictas
1212 3045 1458 3114 regiones
1480 3045 1684 3109 habuit,
1721 3045 1843 3113 quia
1882 3036 2036 3116 jn'xta

467 3154 528 3194 se
556 3138 672 3193 sita:
695 3138 1033 3202 videbantur,
1062 3144 1341 3205 usurpant,
1361 3143 1416 3190 et
1437 3135 2035 3206 Coustantinopolitana:

2150 1952 2233 2008 dis
2270 1960 2514 2024 satagere
2565 1969 2670 2008 non
2713 1955 2955 2009 cessasti.
2985 1954 3041 2010 lu
3084 1964 3290 2011 tantum
3328 1968 3507 2012 autem
3547 1958 3729 2028 pietas

2148 2050 2396 2099 creverat
2437 2044 2712 2115 principis,
2757 2053 2811 2098 et
2848 2045 3151 2100 abundabat
3177 2046 3318 2101 circa
3362 2047 3576 2101 beatum
3617 2046 3722 2104 Pe—

2151 2144 2291 2190 trum
2319 2137 2681 2191 venerationis
2703 2135 2920 2203 affectu,
2952 2139 3255 2207 utqnadam
3287 2139 3374 2194 die
3401 2154 3560 2194 manu
3592 2153 3725 2210 pro-

2145 2228 2261 2296 pria
2286 2226 2508 2297 capillos
2533 2242 2659 2282 suos
2681 2229 3125 2297 apprehenderet,
3154 2237 3208 2283 et
3229 2228 3722 2299 contemplantibus

2147 2315 2378 2380 cunctis,
2395 2331 2453 2370 se
2476 2315 2736 2370 Romanis
2763 2317 2941 2371 missis
2967 2318 3247 2372 tradiderit
3263 2319 3448 2373 dicens
3471 2336 3484 2372 ε
3515 2318 3728 2375 Omnes

2145 2407 2403 2478 primates
2433 2417 2487 2461 et
2510 2410 2686 2464 cuncti
2725 2409 2902 2479 populi
2951 2410 3301 2478 Vulgarorum
3336 2420 3492 2466 terra:
3517 2427 3722 2481 cogno-

2144 2506 2320 2562 scant,
2359 2500 2426 2553 ab
2462 2490 2719 2554 hodierno
2753 2501 2838 2555 die
2874 2516 2959 2556 me
2988 2517 3202 2557 servum
3242 2502 3355 2558 fore
3399 2516 3520 2572 post
3545 2504 3726 2559 Deum

2142 2586 2283 2642 beati
2316 2589 2457 2643 Petri
2486 2597 2541 2644 et
2561 2589 2678 2659 ejus
2713 2591 2933 2647 vicarii;
3148 2604 3151 2605 '

2212 2676 2342 2743 Quze
2382 2676 2554 2733 Grarci
2598 2679 2666 2733 de
2712 2680 2798 2735 die
2843 2680 2894 2734 in
2943 2679 3083 2734 diem
3127 2682 3403 2736 audientes
3451 2682 3723 2747 invident,

2142 2775 2197 2823 et
2227 2777 2385 2823 tanta:
2414 2768 2589 2840 glorie
2619 2770 2781 2833 avidi,
2804 2780 2862 2825 ut
2882 2787 3003 2825 eum
3050 2773 3220 2842 possit
3248 2790 3276 2827 a
3302 2773 3540 2827 Rotuana
3586 2776 3727 2830 sedc

2142 2866 2407 2923 avertere,
2449 2859 2659 2915 diversa
2703 2861 2989 2930 requirunt
3034 2863 3270 2932 ingenia,
3326 2880 3545 2919 numera
3593 2875 3720 2933 post

2140 2960 2375 3004 munera
2412 2964 2695 3005 numerosa
2726 2951 3023 3017 mittentes,
3052 2963 3107 3007 et
3147 2954 3434 3023 sophistica
3465 2955 3512 3007 ei
3547 2971 3715 3027 argos

2141 3049 2318 3095 menta
2347 3041 2676 3098 creberrime
2715 3055 3092 3113 proponentes.
3131 3045 3198 3099 At
3242 3046 3329 3099 ille
3361 3056 3417 3100 ut
3460 3046 3715 3101 columna

2139 3132 2340 3186 mansit
2367 3132 2676 3195 immobilis,
2707 3135 2877 3190 donec
2901 3137 3209 3191 corumdem
3233 3137 3535 3211 Graecorum
3566 3137 3721 3193 fmu-

469 3230 691 3287 ditecesi
717 3230 968 3302 nequiter
991 3201 1258 3300 applicant
1283 3245 1298 3293 ;
1325 3201 1447 3283 cum
1468 3228 1658 3283 beatus
1681 3201 1817 3298 papa
1849 3228 2031 3282 videa—
2062 3201 2108 3262 ε
2141 3223 2207 3278 de
2219 3222 2575 3292 deciperetur,
2589 3224 2938 3279 scribentium
2952 3226 3025 3292 ei,
3041 3236 3202 3296 atque
3216 3207 3507 3282 dicentium
3528 3247 3540 3281 :
3565 3230 3723 3298 quod

469 3334 558 3377 tur
577 3322 758 3377 dicere
782 3320 1129 3376 Innocentius
1157 3318 1221 3373 ad
1248 3317 1613 3374 Alexandrum
1642 3318 2033 3374 Antiochenam

468 3414 613 3467 inter
640 3411 742 3466 alia
769 3410 1011 3466 scribens
1036 3428 1049 3464 :
1078 3408 1194 3465 Non
1223 3424 1352 3480 ergo
1373 3409 1542 3463 visum
1572 3409 1743 3463 estad
1769 3409 2036 3463 mobilita-

470 3515 575 3559 tem
595 3503 972 3560 necessitatum
999 3504 1412 3567 rnundauarnm,
1444 3500 1859 3556 DeiEcclesiam
1889 3517 2041 3557 com-

468 3592 689 3662 mutari,
714 3596 947 3673 honores
967 3603 1060 3648 aut
1080 3594 1367 3649 divisiones
1389 3592 1612 3664 perpeti,
1642 3607 1777 3662 quas
1799 3607 1898 3662 pro
1922 3592 2033 3646 suis

465 3686 646 3744 causis
703 3687 976 3742 faciendas
1019 3686 1233 3742 dttxerit
1279 3686 1606 3755 imperator;
1664 3686 1757 3739 sed
1800 3684 1887 3740 his
1936 3701 2033 3739 tzec

465 3776 567 3850 ipsi
597 3778 685 3834 diu
715 3777 987 3846 fruuntur,
1016 3778 1278 3848 siquidem
1304 3775 1414 3846 jam
1446 3785 1741 3831 memorata
1772 3776 2034 3848 Vulgare-

465 3884 583 3923 rum
624 3883 755 3940 gens
801 3869 1048 3940 protinus
1084 3868 1259 3931 irruit,
1304 3878 1359 3922 et
1390 3868 1635 3921 universa
1670 3867 1812 3922 circa
1861 3868 2032 3921 Danu-

464 3962 611 4021 bium
650 3971 916 4032 occupat:
961 3963 1145 4032 sicque
1183 3961 1354 4017 εἴτερεί
1402 3961 1694 4031 principes,
1738 3960 1878 4031 quod
1923 3962 2035 4015 sedi

464 4052 771 4120 subripiunt
812 4051 1136 4122 apostolica,
1182 4051 1235 4106 in
1280 4050 1497 4119 duplum
1545 4050 1941 4120 quodammodo
1979 4059 2035 4105 et

464 4141 759 4196 secundum
788 4140 958 4213 legem
986 4141 1352 4195 rcsarcinant:
1385 4155 1510 4194 nam
1540 4155 1663 4193 eum
1683 4137 1804 4207 jure
1832 4137 2037 4193 dioece-

462 4246 585 4289 seos
612 4240 883 4303 usurpata:
906 4232 1067 4289 etiam
1095 4247 1216 4296 sua,
1245 4231 1295 4285 id
1328 4239 1406 4285 est
1438 4230 1645 4302 imperii
1681 4230 1882 4299 proprii
1909 4244 2034 4300 par-

463 4332 572 4378 tem
614 4324 898 4395 potestatis
935 4324 1207 4378 amittunt.
1251 4321 1444 4377 Verum
1490 4322 1702 4376 tandem
1744 4320 2035 4393 aliquando

461 4413 648 4469 volens
675 4415 1012 4487 omnipotens
1044 4413 1205 4476 Deus,
1238 4412 1327 4483 qui
1356 4413 1480 4466 olim
1511 4410 1648 4466 filios
1674 4410 1838 4465 Israel
1866 4410 2029 4465 etiam

2139 3314 2206 3367 de
2232 3314 2405 3382 patria
2433 3313 2521 3369 illa
2544 3324 2722 3370 utrum
2749 3315 2994 3371 Romano
3023 3334 3090 3372 an
3113 3317 3721 3390 Consuantinopolitano

2137 3404 2377 3473 pontifici
2427 3405 2582 3460 subdi
2650 3406 2865 3470 debeat,
2924 3406 3068 3461 inter
3132 3409 3362 3464 vicarios
3410 3409 3717 3474 Romanos,

2137 3496 2605 3567 patriarchamquc
2638 3496 2907 3568 lgnatium
2938 3498 3403 3570 Constantinopoli
3440 3503 3709 3572 discepta-

2138 3587 2211 3640 tio
2240 3586 2427 3642 fuisset
2449 3590 2705 3643 canoniee
2722 3589 3015 3655 ventilata;
3043 3601 3095 3645 et
3119 3592 3422 3662 conjunctis
3442 3593 3717 3649 Rmuanis

2135 3677 2373 3733 Orientis
2387 3678 2593 3733 sodium
2618 3677 2718 3733 loci
2741 3690 3046 3734 servatores
3060 3663 3421 3751 iudicaverint
3441 3683 3704 3752 Vulgare-

2135 3782 2252 3820 rum
2278 3768 2551 3824 dioecesim
2577 3770 2694 3825 urbi
2723 3768 2839 3824 fore
2866 3768 3273 3840 subjiciendum,
3306 3774 3394 3828 cui
3417 3783 3543 3829 ante
3572 3773 3706 3828 Vul-

2135 3871 2384 3928 garorum
2401 3859 2687 3914 adventum
2712 3861 3045 3915 subdebatur
3070 3880 3083 3915 :
3111 3877 3231 3916 cum
3262 3861 3371 3917 alia
3386 3863 3457 3917 sit
3481 3863 3532 3916 in
3551 3880 3712 3916 uuln-

2135 3948 2291 4002 danis
2316 3950 2564 4017 negotiis,
2594 3949 2695 4004 alia
2729 3951 2781 4004 in
2804 3951 3188 4007 ecclesiasticis
3220 3953 3501 4023 dispositio
3528 3951 3703 4022 juris;

2134 4047 2190 4091 et
2237 4039 2485 4107 quamvis
2508 4039 2661 4110 regio,
2696 4038 2783 4093 illa
2819 4039 3021 4096 Cra-cis
3064 4043 3224 4096 tuerit
3256 4053 3413 4097 antea
3463 4043 3711 4109 subdita,

2134 4127 2338 4182 nullum
2379 4137 2555 4183 tamen
2605 4130 2660 4183 in
2690 4145 2752 4185 ea
2802 4130 2899 4184 sibi
2923 4128 3014 4197 jus
3044 4132 3319 4187 vindicare
3352 4133 3590 4204 legitime
3609 4151 3708 4205 po—

2134 4227 2375 4282 tuerunt,
2409 4233 2572 4289 quam
2607 4220 2772 4274 armis
2803 4219 2929 4274 olim
2958 4220 3208 4275 amissam
3236 4236 3333 4293 per
3354 4231 3435 4277 tot
3462 4231 3705 4294 tempora

2131 4309 2378 4364 bellando
2406 4311 2644 4380 recipere
2668 4326 2773 4365 non
2803 4311 3121 4367 valuerant:
3151 4314 3398 4383 quamvis
3438 4316 3739 4384 et'prius—‘

2133 4418 2294 4472 quam
2315 4402 2519 4458 Graecis
2547 4402 2707 4458 fuerit
2727 4404 2958 4470 subdita,
2984 4404 3209 4461 Romani
3236 4407 3378 4462 hanc
3399 4408 3708 4478 possedisse

459 4513 584 4575 post
608 4506 824 4578 triginta
853 4514 907 4562 et
937 4505 1357 4577 quadringentos
1390 4519 1558 4559 annos
1589 4504 1657 4557 ab
1682 4501 2028 4573 aﬂligentium

2143 4502 2437 4562 patescant,
2467 4508 2569 4549 nec
2588 4493 2732 4549 illam
2755 4492 2948 4559 ϐπερὶ,
2963 4505 3021 4550 ut
3045 4511 3202 4567 supra
3220 4505 3575 4552 monstratum
3594 4508 3704 4565 est,

460 4592 728 4665 pressaris
774 4597 991 4668 eripuit,
1035 4595 1415 4666 salubremque
1450 4595 1750 4650 doctrinam
1792 4593 2029 4660 edocuit,

461 4676 563 4743 has
591 4690 752 4744 etiam
783 4690 1028 4761 regiones
1068 4704 1189 4744 cum
1218 4688 1415 4759 populo
1443 4703 1538 4742 suo
1560 4688 1626 4741 ad
1658 4692 1863 4741 rectum
1905 4685 2028 4740 fidei

463 4780 732 4835 tramitem
783 4794 1101 4850 :equamque
1149 4779 1371 4848 iustitiae
1431 4793 1671 4833 normam
1712 4777 2026 4847 perducere,

462 4862 747 4938 inspiravit
773 4867 886 4938 jam
932 4878 1231 4924 memorato
1268 4868 1493 4937 principi
1524 4866 1901 4937 Yulgarorum,
1934 4880 2032 4935 per

461 4956 656 5012 merita
696 4955 859 5024 Petri,
898 4957 1049 5027 cujus
1099 4958 1151 5012 in
1204 4966 1353 5012 arcto
1392 4958 1526 5012 situs
1581 4958 2026 5012 interventionem

460 5047 564 5105 sibi
593 5049 731 5120 apud
753 5050 921 5105 Deum
943 5051 1132 5105 adesse
1154 5059 1403 5118 precatus
1428 5058 1528 5113 est,
1555 5049 1740 5118 sicque
1755 5049 1820 5103 de
1846 5064 2031 5104 unme-

460 5138 605 5195 rosis
641 5139 831 5194 cuneis
860 5139 1091 5194 hostium
1135 5140 1501 5210 triumphavit,
1530 5140 1743 5193 mittere
1783 5138 2027 5204 Romam,

461 5238 518 5285 et
544 5245 573 5289 a
603 5230 730 5286 sede
764 5229 1053 5301 apostolica
1097 5230 1217 5285 fidei
1249 5239 1301 5285 et
1339 5246 1483 5286 same
1519 5230 1818 5285 traditionis
1844 5239 2027 5300 postu-

462 5318 574 5354 παι-Δ
595 5320 861 5354 Anuli-:an
881 5336 894 5348 -
919 5321 1058 5354 ηηΛΑ
1085 5320 1199 5354 nine
1217 5321 1462 5354 nrinnnnc
1482 5335 1584 5354 nnn
1608 5319 1782 5354 cnnnic
1810 5332 2028 5354 aveat“!—

2139 4583 2374 4637 tenuisse
2402 4591 2788 4648 memorentur,
2830 4585 2937 4640 nisi
2971 4587 3095 4641 dum
3135 4587 3363 4658 sceptris
3390 4587 3708 4644 Romanicis

2131 4674 2449 4743 potirentur.
2492 4672 2810 4743 Quanquam
2880 4674 2981 4729 etsi
3048 4675 3173 4731 huic
3218 4675 3391 4731 Graeci
3429 4675 3707 4748 principes

2132 4768 2360 4838 regioni,
2387 4775 2644 4837 quantum
2671 4768 2739 4823 ad
2769 4766 3153 4837 rempublicam
3195 4769 3409 4835 attinet,
3454 4769 3701 4824 domina-

2131 4859 2169 4912 ti
2194 4859 2322 4922 sint,
2351 4873 2459 4912 non
2492 4866 2668 4910 tamen
2696 4855 3042 4926 pnejudicarc
3067 4868 3297 4927 possunt
3322 4858 3412 4912 Dei
3445 4856 3704 4915 Ecclesia:

2125 4945 2252 5015 juri,
2277 4963 2395 5016 quae
2441 4945 2833 5015 quantumlibet
2858 4945 2930 5000 illi
2961 4960 3084 5000 cum
3127 4947 3355 5001 diversis
3392 4947 3705 5004 nationibus

2130 5040 2524 5103 conﬂictantcs,
2572 5039 2684 5093 sive
2729 5039 2876 5104 victi,
2927 5042 3042 5096 sive
3089 5040 3324 5098 victores
3369 5043 3702 5109 exstiterint,

2129 5147 2235 5187 non
2276 5130 2423 5186 novit
2466 5129 2567 5184 nisi
2613 5129 2930 5184 cbaritatem
2964 5138 3019 5186 et
3044 5146 3253 5201 pacem.
3298 5131 3449 5188 Unde
3475 5134 3700 5204 quidam

2129 5223 2509 5294 magistrorum
2546 5219 2663 5290 ejus
2693 5220 2986 5276 exclamat:
3021 5221 3082 5278 Si
3114 5224 3232 5295 quis
3260 5224 3461 5278 videtur
3487 5233 3701 5280 canten-
