3960 5504
220 373 281 429 ιι
871 367 1428 430 INTERPRETATIO
1466 366 1718 428 SYNODI
1760 368 1869 425 Vli'l
1901 366 2313 427 GENERAUS.
2358 398 2426 408 —
2464 368 2853 426 PllEF.\110.
3432 371 3503 425 ξε

212 472 530 546 venissent,
597 482 683 538 his
734 490 917 538 tamen
973 483 1225 539 omnibus
1294 484 1347 537 in
1400 499 1508 538 uno
1567 483 1809 539 conclavi
1839 482 2041 552 Adam
2080 483 2438 552 probabilium
2494 483 2717 541 Patrum
2767 486 2951 543 dicat:
2999 488 3187 545 Justus
3238 491 3501 548 mediator

222 572 435 644 positis,
461 571 601 627 nulli
627 571 833 628 deforis
858 572 1097 627 venienti
1124 572 1342 643 patebat
1367 572 1566 637 aditus,
1601 572 1704 628 nisi
1727 572 1816 627 cui

227 664 305 718 vel
348 663 658 735 imperator
703 662 786 718 vel
831 663 1140 734 patriarcha
1190 661 1416 718 forsitan
1460 663 1813 734 permisisset.

226 755 377 813 Unde
430 755 644 811 factum
686 766 774 813 est
817 766 875 810 ut
921 755 1179 825 quidquid
1224 755 1447 810 Romani
1479 764 1813 820 assererem,

222 864 322 904 nec
358 846 610 904 Orientis
653 848 757 903 loci
811 858 1140 913 servatores,
1199 862 1298 901 nec
1356 845 1619 917 Volgares
1666 846 1816 902 missi

224 938 594 1008 intelligerent
618 952 636 992 :
661 947 715 994 et
740 952 926 993 rursus
951 937 1210 1007 quidquid
1229 935 1533 991 Orientales
1550 935 1814 999 dicereut,

225 1044 323 1085 nec
358 1029 600 1084 Romani
632 1029 738 1086 loci
779 1039 1104 1091 servatores,
1149 1043 1251 1084 nec
1279 1026 1636 1098 V'ulgaroruni
1667 1025 1819 1079 missi

220 1130 643 1191 cognoscerent.
708 1120 844 1175 Dant
892 1120 1139 1175 videlicet
1200 1119 1381 1174 nullus
1433 1118 1669 1182 adesset,
1714 1117 1817 1173 uisi

226 1227 362 1267 unus
404 1212 765 1282 imperatoris
800 1213 1087 1281 interpres,
1137 1211 1230 1280 qui
1287 1226 1387 1266 nec
1426 1210 1817 1275 Romanorum,

228 1320 324 1358 nec
364 1303 737 1359 Orientalium
780 1303 882 1359 loci
916 1313 1253 1359 servatorum
1284 1317 1447 1358 voces
1473 1302 1632 1356 aliter
1658 1302 1822 1356 atide-

224 1397 527 1460 hatedcre,
566 1398 673 1452 nisi
720 1406 781 1452 ut
818 1397 927 1465 jam
974 1398 1270 1467 imperator
1308 1397 1376 1450 ad
1413 1396 1819 1450 subversioucm

233 1486 591 1557 \‘ulgaroruin
648 1489 972 1559 iinperarat;
1037 1497 1268 1557 excepto
1306 1485 1452 1556 quod
1498 1486 1682 1539 datum
1736 1493 1822 1539 est

228 1577 405 1631 missis
434 1575 796 1647 Vulgarorum
823 1578 1091 1649 quoddam
1124 1577 1385 1647 scriptum
1406 1575 1613 1631 Crzcris
1641 1575 1820 1629 verbis

226 1678 281 1723 et
300 1668 500 1722 litteris
525 1678 837 1733 exaratum,
864 1669 1151 1723 continens
1183 1667 1339 1737 quasi
1371 1666 1473 1721 loci
1509 1675 1821 1722 servatores

226 1757 465 1814 Orientis
499 1756 646 1813 inter
692 1757 792 1812 loci
838 1766 1143 1812 servatores
1189 1755 1464 1811 Romanos
1500 1765 1553 1810 et
1589 1755 1821 1826 patriar-

1918 585 2028 627 non
2054 581 2157 638 est,
2190 573 2281 643 qui
2323 573 2401 629 sic
2441 589 2604 629 unam
2639 585 2849 648 partem
2891 579 3060 645 audit,
3098 580 3331 636 utalteri
3361 581 3503 652 parti

1919 662 2052 717 nihil
2081 672 2340 720 reservet.
2369 663 2495 721 Haec
2521 666 2703 737 itaque
2732 668 2984 735 diximus,
3020 670 3256 728 intentos
3278 673 3504 731 reddere

1919 756 2191 812 studiosos
2218 767 2497 824 curantes,
2527 775 2595 815 ne
2620 760 2759 815 forte
2787 777 3043 832 processu
3071 765 3327 835 temporis
3348 765 3505 836 quid-

1920 862 2082 919 quam
2138 848 2207 905 de
2248 850 2578 919 subjicienda
2624 851 3234 925 Constantinopolitanae
3273 857 3505 914 dimcesi

1922 939 2280 1011 angarorum
2310 953 2452 997 terra
2478 953 2737 999 statutum
2764 945 2847 1001 vel
2870 945 3149 1001 deﬁnitum
3178 948 3247 1004 ab
3288 944 3508 1003 univer-

1921 1035 2019 1089 sali
2067 1042 2122 1089 et
2155 1044 2347 1091 octava
2385 1046 2602 1107 putetur
2650 1040 2880 1110 synodo,
2913 1040 2995 1094 vel
3040 1042 3315 1101 actionum
3363 1043 3509 1098 illius

1920 1124 2091 1180 codici
2149 1141 2180 1180 a
2234 1124 2441 1182 Grmcis
2486 1127 2614 1182 hinc
2662 1129 2863 1198 aliquid
2913 1129 3072 1199 adjici
3124 1143 3504 1201 przcsumatur.

1920 1212 2056 1268 Nam
2086 1214 2368 1271 familiaris
2394 1226 2478 1272 est
2514 1216 2618 1271 illis
2649 1218 2747 1271 ista
2781 1222 3149 1290 pnnsumptio,
3190 1230 3243 1276 et
3270 1221 3511 1293 singula-

1923 1306 1998 1360 ris
2049 1305 2451 1376 quodammodo
2520 1308 2834 1364 ambitionis
2889 1311 3187 1366 iudiciuin:
3240 1313 3513 1382 siquidem

1923 1394 1976 1449 in
2016 1397 2250 1450 secunda
2284 1398 2488 1468 synodo
2530 1406 2719 1452 contra
2769 1408 2969 1453 statuta
3019 1416 3225 1472 magna:
3277 1398 3509 1455 Nicaeum

1921 1485 2135 1555 synodi,
2166 1493 2223 1539 et
2270 1497 2583 1540 sanctorum
2631 1486 2847 1542 decreta
2896 1489 3183 1558 prtesulum
3232 1488 3506 1545 Romano-

1925 1590 2068 1640 rum,
2093 1574 2473 1630 Alexandrinm
2503 1575 2781 1647 privilegia
2825 1579 2969 1633 sedis
3007 1577 3507 1649 Constantinopoli-

1923 1676 2049 1723 tano
2070 1667 2349 1723 contulere
2375 1666 2613 1738 pontiﬁci
2638 1685 2673 1734 ;~
2694 1680 2749 1723 et
2778 1670 3023 1740 qttmdam
3071 1686 3235 1741 penes
3279 1670 3397 1725 illos
3427 1685 3525 1727 re--

1920 1759 2205 1828 periuntur
2227 1757 2462 1829 capitula
2484 1758 2817 1827 regularum,
2847 1776 2966 1829 qua:
2989 1760 3062 1813 illi
3089 1761 3304 1830 quidem
3335 1761 3508 1817 tertiae

227 1850 384 1903 chain
415 1848 686 1918 lguatium
719 1849 955 1903 arbitros
984 1848 1051 1921 If.
1083 1846 1316 1919 arbitri]
1343 1848 1659 1909 existentes,
1677 1844 1816 1913 judi-
1852 1855 1897 1917 Β
1926 1848 2114 1902 dicunt
2156 1848 2396 1903 existere
2451 1847 2666 1918 synodi,
2709 1863 2833 1903 cum
2886 1851 3027 1919 apud
3071 1850 3291 1906 Latinos
3322 1867 3423 1907 nec
3451 1851 3510 1907 in

228 1939 495 2001 caverint,
528 1938 886 2008 angarorum
928 1940 1157 2008 patriam
1189 1952 1309 2007 qua:
1349 1937 1402 1990 in
1446 1936 1658 2007 lllyriro
1693 1951 1822 1989 con-

231 2031 421 2086 stituta
470 2039 576 2090 est,
610 2031 832 2085 dimensi
871 2029 1482 2100 Constantinopolitanae
1526 2030 1821 2100 subjicien-

231 2124 374 2187 dam,
413 2137 540 2177 cum
597 2122 668 2176 ab
715 2121 845 2175 olim
899 2121 952 2175 in
1008 2130 1238 2190 utraque
1283 2120 1468 2190 Epiro,
1525 2120 1819 2185 Dardania,

230 2213 415 2279 Dacia,
438 2211 718 2269 Thessalia
748 2222 809 2267 et
835 2213 1049 2269 caneris
1070 2213 1123 2266 in
1146 2212 1361 2283 Illyrico
1385 2212 1507 2268 sitis
1528 2213 1823 2283 provinciis

230 2317 445 2374 semper
462 2304 612 2359 sedis
632 2301 943 2371 apostolicae
966 2302 1249 2373 dispositio
1273 2301 1412 2357 facta
1431 2302 1656 2367 clareat,
1683 2303 1820 2357 sicut

231 2393 459 2448 diversre
515 2392 830 2461 pontiﬁcum
886 2392 1251 2446 Romanorum
1313 2409 1344 2447 a
1401 2391 1635 2467 Damaso
1681 2409 1819 2465 papa

231 2496 327 2552 per
349 2482 571 2536 easdem
602 2481 912 2551 provincias
945 2479 1124 2535 missae
1173 2489 1441 2535 testantur
1470 2483 1734 2551 epistolae,
1764 2493 1824 2539 ei,

234 2573 331 2628 has
380 2570 698 2627 Graecorum
742 2572 1017 2641 principes
1066 2571 1181 2625 sola
1229 2572 1303 2637 vi,
1360 2573 1668 2627 faventibus
1716 2575 1819 2632 sibi

232 2663 848 2734 Constantinopolitanis
920 2651 1273 2733 pratentibus,
1336 2678 1499 2718 causa
1559 2664 1823 2719 duntaxat

230 2768 395 2824 quam
424 2756 680 2824 superius
714 2754 1121 2818 adnotavimus,
1162 2753 1482 2820 exhortans,
1513 2754 1581 2808 ab
1604 2766 1821 2826 aposto-

228 2846 331 2903 lica
380 2848 517 2903 sede
558 2848 911 2914 subegerunt.
985 2846 1161 2917 Super
1220 2848 1420 2917 quibus
1494 2836 1820 2919 recipiendis

229 2936 351 2993 ideo
369 2937 669 3007 apostolica
697 2937 859 2991 sedes
880 2935 1077 2990 nullam
1106 2938 1378 3006 reperitur
1399 2936 1594 2993 fecisse
1623 2953 1819 3008 querc-

228 3028 357 3094 iam,
381 3029 645 3098 quoniam
698 3043 822 3082 mox
876 3030 992 3092 has,
1049 3037 1108 3082 ut
1155 3029 1472 3099 praedictum
1525 3039 1629 3095 est,
1678 3044 1822 3100 saepe

228 3130 527 3177 memorata
557 3118 915 3191 Vulgarorum
950 3120 1100 3175 natio
1126 3120 1261 3185 adit,
1302 3128 1360 3175 et
1383 3119 1486 3175 sibi
1521 3119 1644 3189 jure
1669 3132 1822 3192 pote-

1925 1937 2306 1992 vetustissimis
2365 1936 2709 1990 inveniautur
2762 1938 3110 1993 cditiouibus.
3169 1939 3224 1993 lu
3297 1949 3529 2009 quartam

1922 2042 2138 2096 quoque
2189 2026 2381 2098 synodi
2417 2026 2741 2095 quibusdam
2790 2027 3067 2081 cudilibus
3117 2028 3384 2097 quoddam
3438 2028 3507 2083 de

1922 2118 2220 2189 privilegiis
2265 2116 2808 2186 Constantinopoleos
2853 2118 3147 2172 ostendunt
3188 2116 3511 2187 capitulum,

1921 2209 2066 2279 quod
2094 2208 2236 2265 inter
2260 2222 2497 2264 canones
2524 2206 2764 2277 ejusdem
2794 2210 2982 2281 synodi
3025 2209 3093 2264 ab
3122 2209 3378 2265 universa
3406 2210 3509 2266 Ec-

1922 2299 2085 2355 clesia
2117 2309 2427 2365 veneratus,
2469 2312 2571 2355 nec
2608 2298 2891 2363 Latinitas,
2934 2314 3036 2354 nec
3070 2299 3175 2353 alia
3202 2300 3383 2372 lingua
3409 2301 3513 2357 sub

1922 2390 2035 2446 sole
2049 2390 2290 2462 recipere
2304 2391 2707 2462 comprobatur.
2727 2389 2988 2461 Quodque
3010 2391 3135 2447 licet
3148 2390 3217 2446 ab
3232 2390 3507 2460 Anatolio,

1920 2491 1972 2537 et
2000 2482 2350 2553 imperatore,
2381 2483 2461 2537 vel
2491 2482 2792 2537 fautoribus
2817 2497 3028 2541 eorum,
3056 2490 3177 2552 post
3199 2484 3383 2536 omnia
3409 2499 3504 2554 ge-

1920 2584 2005 2627 sta
2042 2573 2235 2644 synodi
2265 2582 2319 2627 et
2345 2574 2586 2643 prolatos
2614 2587 2850 2628 canones
2881 2572 2935 2627 in
2961 2572 3203 2627 absentia
3232 2571 3510 2628 Romano-

1922 2678 2040 2718 rum
2056 2663 2157 2718 loci
2173 2672 2511 2718 servatorum
2527 2662 2666 2718 clam
2681 2663 3055 2734 depromptum
3067 2664 3363 2729 exstiterit,
3385 2680 3533 2718 mox.

1923 2762 2102 2808 tanien
2129 2752 2199 2807 ibi
2231 2752 2404 2823 ipsum
2422 2753 2490 2807 ab
2502 2753 2704 2808 eisdem
2718 2752 2819 2807 loci
2846 2752 3218 2808 servatorihus
3230 2761 3314 2807 est
3329 2752 3516 2824 repul-

1922 2858 2060 2903 smn,
2081 2852 2136 2897 et
2160 2857 2188 2895 τι
2205 2844 2334 2897 sedc
2347 2841 2666 2912 apostolica,
2681 2857 2801 2912 qua:
2819 2850 2878 2894 ut
2890 2842 3080 2895 eadem
3097 2842 3333 2913 synodus
3348 2842 3509 2898 ﬁeret

1920 2934 2032 2989 sola
2062 2933 2317 2997 decrevit,
2346 2932 2569 3003 solaque
2609 2931 2699 3001 jus
2722 2932 2909 2988 habuit
2933 2946 3026 2986 eos
3054 2931 3348 3001 recipiendi
3372 2945 3513 3001 quos

1922 3026 2181 3098 synodica
2220 3027 2437 3081 decreta
2483 3025 2844 3095 protulerant,
2892 3041 2995 3079 non
3048 3024 3222 3079 solum
3269 3038 3376 3079 non
3419 3023 3516 3078 ad-

1923 3117 2090 3182 tuisit,
2156 3132 2342 3172 verum
2404 3116 2569 3172 etiam
2630 3116 2888 3172 continuo
2951 3116 3200 3186 respuit;
3260 3114 3514 3185 quodque

228 3212 385 3266 statis
406 3210 595 3267 omnia
622 3211 881 3266 vindicat.
908 3210 978 3265 At
998 3209 1088 3264 ubi
1120 3209 1310 3281 religio
1342 3211 1500 3275 redit,
1529 3208 1813 3266 confestim
1845 3211 1887 3270 C
1919 3207 2198 3263 Anatolius
2269 3206 2351 3262 vel
2409 3207 2708 3278 imperator
2728 3248 2743 3272 ,
2795 3207 2922 3279 quia
2996 3215 3059 3262 ut
3105 3207 3414 3262 ﬁrmaretur
3476 3225 3509 3261 ει

229 3302 606 3359 etditeceseos
634 3301 715 3356 fas
742 3302 861 3357 sedi
907 3301 1139 3372 propriae
1161 3301 1509 3356 reformatur.
1544 3301 1671 3358 llaec
1699 3318 1822 3357 cuin

234 3392 483 3460 Romani,
512 3400 569 3447 et
613 3392 700 3448 his
729 3391 953 3456 similia,
1000 3391 1103 3446 loci
1160 3399 1468 3447 servatores
1510 3393 1821 3447 summatim

230 3484 545 3541 Graecorum
576 3484 882 3538 locutiones
907 3483 1275 3549 advertentes,
1301 3492 1632 3549 assererent,
1656 3483 1824 3537 etiam

232 3576 335 3632 hoc
361 3575 639 3645 persecuti
688 3584 861 3640 sunt,
902 3574 1183 3629 dicentes:
1220 3574 1485 3628 Omnibus
1510 3574 1701 3644 liquet,
1731 3587 1825 3628 ne-

227 3680 338 3737 que
376 3681 498 3730 nos,
528 3681 704 3735 neque
748 3664 852 3719 loci
877 3674 1193 3719 servatores
1219 3661 1574 3719 Orientalium
1606 3664 1815 3716 seJium

224 3771 399 3813 eausa
450 3756 904 3811 vindieaudarum
952 3753 1318 3823 quarumlibet
1378 3753 1684 3807 diwceseon
1733 3766 1826 3805 ve-

230 3848 418 3904 niendi
456 3845 985 3917 Constantinopolim
1032 3846 1316 3911 invitatos,
1369 3845 1463 3900 sed
1512 3856 1827 3899 controver-

230 3939 368 3994 siain
394 3978 411 4005 ,
440 3952 543 4009 pro
564 3953 676 4009 qua
704 3937 1037 4009 disponenda
1079 3943 1135 3993 et
1163 3936 1488 4002 detinieuda,
1522 3936 1601 3990 vel
1641 3952 1671 3988 a
1721 3934 1826 4004 piis

228 4029 654 4101 imperatoribus
677 4030 927 4099 expetiti,
960 4028 1044 4084 vel
1087 4044 1118 4083 a
1151 4027 1473 4099 prmsulibus
1501 4028 1704 4083 nostris
1734 4029 1827 4082 de-

230 4121 415 4176 stinati
451 4136 663 4185 sumus,
716 4121 824 4174 Deo
880 4128 1127 4185 auctore,
1181 4134 1314 4174 sane
1354 4118 1723 4184 dissolvimus,
1773 4128 1827 4173 et

228 4212 452 4285 propria
502 4210 702 4282 singuli
766 4211 1168 4281 subscriptione
1223 4210 1560 4282 siguavimus
1605 4227 1619 4263 :

230 4305 452 4362 diceeesi
484 4314 665 4360 autem
694 4303 917 4374 Illyrici,
960 4319 1123 4374 quam
1167 4303 1325 4359 sedes
1356 4303 1653 4374 apostolica
1697 4301 1823 4371 jure

230 4401 412 4469 prisco
440 4404 495 4456 et
520 4398 1011 4469 impncseutiarum
1042 4397 1143 4451 sibi
1185 4410 1216 4450 a
1265 4397 1667 4467 possessoribus
1710 4397 1828 4465 ejus

234 4493 449 4547 reddito
477 4506 621 4545 nunc
656 4491 838 4560 quieta
865 4488 1171 4543 retentione
1203 4488 1448 4558 possidet
1475 4497 1529 4541 ct
1570 4486 1830 4557 regulari-

1666 4226 1829 4280 super

1924 3300 2050 3354 sede
2107 3299 2422 3369 apostolica,
2453 3300 2538 3355 cui
2570 3308 2698 3355 tunc
2728 3314 2953 3369 magnus
2995 3300 3315 3369 praesidebat
3364 3282 3498 3365 Leo,

1929 3390 2224 3460 inipctrarc
2275 3406 2382 3446 non
2450 3390 2647 3461 potuit,
2679 3390 2735 3444 in
2781 3388 2897 3460 ejus
2950 3389 3184 3459 pttsilttm
3240 3400 3513 3461 potestate

1924 3478 2206 3535 confessus
2257 3488 2361 3534 est.
2405 3477 2766 3535 Nihilominus
2823 3489 2878 3535 ct
2930 3480 3033 3533 alia
3080 3480 3374 3534 ostendunt
3428 3496 3518 3534 rc-

1925 3570 2170 3640 gularum
2238 3584 2528 3626 numerosa
2589 3578 2645 3626 et
2707 3577 3131 3640 praesumptuosa
3188 3578 3321 3625 satis
3370 3568 3521 3637 capi-

1926 3662 2055 3727 tula,
2076 3661 2268 3733 prisca:
2313 3660 2587 3716 traditioni
2624 3677 2798 3735 penes
2825 3661 3002 3715 omnia
3026 3661 3188 3715 valde
3220 3660 3514 3726 contraria,

1925 3769 2046 3823 qua:
2095 3770 2126 3806 a
2173 3763 2323 3807 sexta
2380 3751 2515 3808 l'also
2558 3753 2841 3823 perhibent
2893 3752 3096 3824 synodo
3142 3751 3513 3823 promulgata;

1927 3862 2049 3900 cum
2094 3855 2247 3900 sexta
2289 3847 2526 3918 synodus
2575 3845 2773 3900 nullam
2828 3846 3112 3915 protulerit
3152 3857 3348 3917 praeter
3391 3845 3516 3900 ﬁdei

1928 3936 2212 4008 regulam:
2258 3939 2353 3993 sed
2408 3954 2543 4008 quas
2571 3938 2686 4008 ejus
2736 3948 3052 3994 asseverant
3084 3942 3318 4010 tegulas,
3361 3939 3523 4010 longe

1912 4028 2047 4100 post
2066 4040 2276 4085 sextam
2309 4032 2572 4102 synodum
2604 4030 2673 4085 ab
2703 4030 2835 4102 ipsis
2863 4041 3075 4086 constat
3113 4046 3231 4086 esse
3258 4044 3427 4102 penes
3454 4046 3514 4086 se

1927 4121 2289 4193 privatimque
2331 4126 2699 4193 dcpromptas.
2729 4120 2901 4178 Porro
2948 4122 3000 4176 in
3054 4122 3298 4193 septima:
3322 4123 3514 4193 synodi

1928 4215 2139 4280 codice,
2193 4216 2319 4286 quia
2376 4230 2518 4284 sarpe
2578 4224 2766 4270 contra
2831 4229 3070 4269 canones
3136 4213 3521 4283 Constantino-

1929 4310 2036 4380 poli
2095 4324 2162 4366 ex
2221 4308 2510 4380 neopliytis
2572 4308 2846 4362 antistites
2896 4308 3290 4377 ltt'tn‘ellttltlttr,
3338 4314 3396 4360 et
3452 4320 3520 4360 eo

1931 4410 2175 4472 tempore
2205 4399 2463 4454 Tarasius
2485 4412 2552 4453 ex
2594 4397 2749 4454 laicis
2791 4398 3104 4468 patriarcha
3151 4396 3330 4473 fuerat
3376 4396 3525 4452 ordi-

1934 4502 2119 4556 natus,
2168 4491 2239 4544 ita
2300 4488 2604 4560 ‘epistolam
2682 4489 2856 4543 beata:
2918 4487 3309 4542 recordationis
3369 4500 3524 4556 papa:

235 4589 318 4635 ter
358 4581 554 4645 utitur,
599 4581 788 4635 eadem
835 4577 1152 4649 principalis
1199 4577 1357 4632 sedes
1394 4591 1567 4646 neque
1614 4577 1823 4647 pulsam
1854 4561 2156 4638 DAdriatti
2208 4582 2525 4636 existimant
2591 4580 3080 4645 transcribendum,
3134 4589 3194 4633 ut
3261 4578 3397 4633 nihil
3466 4577 3523 4632 in

237 4680 341 4738 est,
388 4685 566 4742 neque
614 4680 676 4725 tit
727 4684 828 4741 pro
858 4684 920 4723 ca
976 4668 1234 4730 mitteret,
1293 4667 1664 4721 altercandum
1721 4666 1828 4722 ullo

238 4763 748 4833 modoprovoeata;
778 4763 874 4817 sed
922 4776 1095 4831 neque
1144 4776 1243 4814 nos
1284 4776 1549 4837 personas
1596 4764 1829 4816 advoca-

240 4860 417 4913 torum
445 4856 530 4912 vel
562 4866 894 4911 assertorum
927 4856 1045 4926 ejus
1088 4854 1441 4917 assumimus,
1479 4870 1655 4925 neque
1698 4853 1827 4923 quid

239 4946 330 5002 illa
378 4948 424 5003 si
453 4948 686 5014 adesset,
735 4948 1089 5018 respomlerct
1138 4945 1390 5017 objectis,
1441 4948 1828 5017 agnoscimus;

241 5038 437 5109 quippe
461 5038 557 5111 qui
586 5036 718 5103 nihil
758 5037 885 5091 hinc
909 5037 1065 5103 ab,ea
1108 5036 1162 5090 in
1205 5035 1475 5091 mandatis
1497 5037 1827 5110 accepimus,

238 5144 308 5189 ac
334 5146 434 5203 per
465 5131 567 5187 hoc
591 5131 898 5200 disceptare
926 5146 1035 5184 non
1072 5130 1208 5202 jnssi
1242 5129 1533 5201 quidquam
1561 5148 1667 5187 non
1707 5144 1830 5200 pos-

240 5240 458 5293 suntus;
490 5239 675 5280 verum
717 5238 823 5277 nec
844 5222 946 5276 loci
977 5233 1283 5277 servatores
1305 5220 1543 5277 Orientis
1563 5221 1828 5293 judicium

242 5330 303 5391 se
342 5332 599 5391 personas
624 5324 1005 5385 assumpturos
1031 5315 1082 5369 in
1108 5314 1515 5380 controversiis,
1550 5316 1603 5370 in
1633 5314 1831 5387 quibus

244 5390 314 5456 ab
337 5390 563 5458 ulmum
586 5425 695 5458 uno
742 5416 871 5462 sntit
898 5416 1049 5470 parte
1085 5395 1297 5480 judices
1327 5408 1577 5477 appellati
1610 5408 1695 5464 vel
1718 5406 1829 5461 cle-

1933 4690 1997 4727 ea
2060 4689 2125 4727 ex
2163 4672 2246 4726 liis
2278 4688 2395 4742 qua:
2426 4670 2492 4724 ad
2537 4669 2853 4740 praedictum
2910 4667 3215 4740 prrsulem.
3252 4668 3337 4723 vel
3396 4681 3526 4722 con-

1933 4772 2011 4815 tra
2052 4761 2353 4832 ncopliytus
2393 4760 2533 4813 idem
2572 4757 2816 4830 pontifex
2863 4758 3241 4813 sanctissimus
3289 4757 3525 4827 scripse-

1931 4863 2037 4918 rat,
2060 4852 2146 4909 vel
2202 4851 2488 4920 scriptum,
2524 4850 2607 4905 vel
2666 4848 2985 4903 translatum
3043 4846 3232 4905 Graece
3283 4847 3526 4917 reperia-

1939 4955 2043 5001 tur.
2070 4947 2163 5003 Sic
2194 4945 2357 5017 igitur
2386 4940 2584 5010 Graeci,
2618 4950 2839 5010 iltCCplit
2894 4941 3179 4995 occasione
3221 4940 3527 4994 celebrato-

1935 5055 2053 5093 rum
2108 5033 2498 5093 universalium
2570 5031 2946 5096 conciliorum,
2995 5032 3308 5100 frequenter
3353 5028 3530 5098 egisse

1916 5131 2286 5201 rclarescunt,
2336 5136 2392 5182 et
2464 5141 2614 5183 nunc
2681 5124 3015 5191 minuendo,
3065 5139 3211 5178 nunc
3287 5118 3530 5176 addendo

1937 5223 2018 5277 vel
2079 5224 2381 5283 mutando,
2427 5232 2576 5274 nunc
2622 5218 2677 5272 in
2721 5214 2968 5271 absentia
3027 5215 3342 5278 sociorum,
3389 5222 3533 5264 nunc

1935 5316 1987 5371 itt
2070 5317 2386 5375 abscondito
2448 5312 2811 5383 angulorum,
2854 5325 2997 5364 nunc
3041 5317 3193 5362 extra
3238 5303 3525 5377 synodum.

1938 5425 2080 5465 inme
2149 5419 2270 5482 post
2344 5403 2650 5473 synodum,
2703 5398 2904 5454 astutia
2962 5414 3103 5463 sua,
3163 5397 3271 5451 itno
3343 5389 3532 5446 fraude
