3960 5388
441 382 522 443 25
1572 381 1930 440 ANASTASII
1961 383 2504 444 BlBLlOTHECAlill
3617 387 3688 442 ﬂ

445 496 576 560 luce
618 492 872 558 falsitatis
919 504 1266 562 extraneum;
1311 496 1741 569 quidquidvero
1787 496 2090 566 ampliusA
2121 497 2573 566 patriarchalibus
2620 498 2866 557 'sedihns.
2925 500 3263 566 deferendos,
3316 502 3504 561 eiecta
3580 515 3686 558 est.

447 585 562 640 sive
593 585 660 640 de
696 583 916 640 dioecesi
961 583 1266 656 Vulgarica,
1295 584 1408 640 sive
1457 584 1670 640 aliunde
1724 585 1776 638 in
1823 584 2011 640 Gnaeo

449 675 689 744 ejusdem
758 675 946 746 synodi
1004 677 1189 731 codice
1244 674 1466 730 forsitan
1521 675 1860 739 invenietur,
1930 684 2011 730 to-

451 776 566 819 sum
609 773 694 820 est
737 765 1002 820 mendacii
1051 764 1271 820 venenis
1308 764 1594 819 iniectum.
1636 765 1877 834 Denique
1933 765 2013 819 di-

457 857 760 926 sceptatio,
804 871 965 926 quam
1025 871 1206 911 coram
1267 857 1636 926 imperatore,
1679 857 1896 911 vicariis
1958 867 2013 910 et

449 946 794 1018 Vulgaribus,
844 958 1046 1002 tantum
1100 964 1259 1017 super
1318 947 1606 1018 Vulgarqu
1658 957 1797 1002 terra
1851 963 2012 1016 supra

449 1038 618 1095 fuisse
657 1040 1076 1110 signiﬁcavimus
1122 1049 1322 1103 actam,
1373 1049 1497 1110 post
1551 1039 1810 1110 synodum
1883 1054 2013 1094 con-

452 1136 817 1192 summatam,
862 1142 1202 1195 canonesque
1277 1127 1333 1181 in
1405 1127 1592 1195 viginti
1665 1125 1903 1196 prolatos
1964 1136 2020 1180 et

454 1227 659 1286 septem
712 1227 918 1272 tantum
988 1217 1240 1288 capitulis
1309 1225 1470 1287 atque
1526 1217 1825 1272 terminum
1897 1215 2018 1272 ﬁdei

415 1299 858 1378 depromptum,
881 1317 936 1364 et
960 1309 1138 1363 omnia
1204 1309 1320 1364 haec
1368 1309 1422 1363 in
1470 1309 1706 1378 quinque
1748 1307 2022 1362 codicibus

452 1396 654 1465 scripta
683 1398 796 1454 sive
817 1407 1116 1468 compacta,
1144 1406 1199 1453 et
1250 1397 1486 1452 omnium
1543 1397 2024 1466 subscriptionibus

455 1489 734 1554 roborata,
780 1489 874 1544 sed
897 1497 952 1543 et
972 1489 1116 1558 ipsos
1145 1489 1358 1544 codices
1385 1487 1635 1558 plumbea
1664 1487 1804 1541 bulla
1849 1485 2024 1540 muni-

457 1594 574 1651 tos,
622 1593 785 1655 atque
845 1584 1116 1656 sigillatim
1187 1582 1290 1638 loci
1346 1582 1714 1638 servatoribus
1777 1579 2023 1644 traditos,

2117 587 2194 642 Ne
2221 603 2349 656 ergo
2370 585 2681 642 Grecorum
2708 589 2904 642 suatim
2926 591 3145 658 astutia,
3167 592 3293 660 quin
3341 591 3521 662 potius
3540 592 3697 647 dolo-

2118 679 2253 732 sitas
2321 678 2483 732 etiam
2558 679 2701 733 eirea
2775 689 3093 748 praesentem
3168 682 3426 752 synodum
3491 692 3620 751 agat
3674 701 3690 735 :

2119 767 2236 820 haec
2297 782 2384 822 me
2437 767 2758 823 admonendi
2806 784 2968 824 causa
3036 771 3236 825 dixisse
3278 770 3521 826 snliiciat.
3575 773 3693 826 Cae-

2123 868 2300 913 terum
2368 858 2534 915 bene.
2572 861 2694 915 novi
2771 862 2913 930 quod
2982 862 3136 932 juxta
3202 862 3695 924 Proverbiatorem,

2121 947 2345 1004 Frustra
2359 949 2596 1018 jactatur
2612 961 2716 1004 rete
2729 963 2849 1004 ante
2867 951 3044 1005 oculos
3061 962 3401 1021 permaturum
3421 950 3605 1022 (Prov.
3629 956 3693 1019 ι).

2124 1038 2275 1094 Unde
2322 1041 2568 1110 quisquis
2612 1041 2887 1111 sapientia:
2938 1056 3002 1096 ae
3055 1041 3352 1110 prudentia:
3388 1042 3588 1110 pennis
3626 1041 3698 1094 ad

2123 1128 2228 1182 alta
2273 1129 2592 1196 sustollitur,
2614 1143 2806 1185 omnes
2840 1129 3152 1186 insidiarum
3197 1130 3554 1199 muscipulas,
3574 1145 3698 1198 quae

2125 1235 2153 1272 a
2181 1219 2386 1276 Grzecis
2432 1221 2486 1274 in
2538 1221 2737 1275 inlimis
2787 1221 2932 1274 tendi
2977 1229 3250 1290 poterunt,
3300 1221 3412 1276 alto
3455 1231 3703 1276 eontem—

2125 1312 2325 1381 ptionis
2397 1311 2536 1367 saltu
2602 1313 2968 1368 transcendet.
3019 1313 3286 1368 Divinitas
3338 1313 3704 1383 apostolatum

2127 1409 2366 1455 vestrum
2403 1415 2500 1470 per
2528 1399 2725 1457 multos
2743 1416 2916 1458 annos
2934 1416 3153 1458 scrvare
3171 1402 3444 1470 dignetur,
3468 1399 3699 1460 domine

2125 1489 2434 1547 beatissime
2463 1505 2621 1561 papa.

459 1755 3704 1788 ._—.._——__—.——_——_———————-—————-—————-_

1381 1911 1410 1940 "
1486 1910 1844 1990 BREVIS
1899 1905 2681 1988 COMPENDIOSUS

1736 2076 2418 2141 MONUMENTORUM

503 2255 555 2314 Δ
592 2260 804 2313 sancta
839 2260 893 2312 et
921 2248 1262 2311 universali
1285 2243 1523 2326 synodo
1551 2257 1664 2304 'vm
1698 2237 2282 2326 pecsing’ulasejus
2309 2240 2764 2326 secretissimae
2794 2242 3069 2326 actiones
3103 2243 3268 2326 [acta
3299 2264 3419 2326 pro
3456 2243 3685 2326 cathov

584 2332 706 2392 lico
737 2329 1034 2400 Ecclesia,
1068 2327 1135 2388 id
1189 2315 1452 2404 ειεξιηό
1509 2315 1875 2401 apostolicis
1931 2315 1988 2378 et
2039 2315 2412 2378 orthodoxi:
2465 2316 2878 2396 dogmatibus,
2915 2330 2970 2381 et
3003 2315 3204 2400 ipsius
3254 2315 3673 2384 saluberrimo

585 2417 779 2469 statu.

536 2593 720 2648 Prima
770 2591 984 2662 quidem
1039 2589 1179 2644 actio
1237 2587 1478 2643 continet
1543 2584 1916 2657 praelationem
1979 2591 2036 2640 et
2061 2601 2112 2660 Β
2140 2595 2293 2638 runt:
2320 2583 2561 2652 epistolae
2585 2583 2926 2653 imperatoris
2944 2582 3253 2654 pracdictiet
3269 2583 3456 2653 lgnatii
3477 2586 3726 2656 patrial»

470 2683 777 2747 sessiones,
836 2679 1023 2752 synodi
1091 2678 1538 2750 praeceptionem,
1591 2674 2034 2747 patriarchalium

469 2785 820 2840 personarum
875 2768 1284 2839 ingressionem,
1343 2765 1482 2820 male
1526 2773 1880 2821 tractatorum
1917 2765 2034 2835 epi-

472 2875 785 2928 scoporum,
812 2859 1081 2913 hortatum
1126 2856 1488 2911 Romanorum
1529 2856 1850 2912 vicariorum
1876 2897 1892 2921 ,
1942 2870 2036 2912 eos

473 2949 540 3002 ad
628 2947 921 3002 sedendum
981 2944 1256 3014 iubentem
1334 2961 1349 2998 :
1423 2944 1894 3015 epanagnosticum
1971 2943 2039 3000 ab

475 3037 802 3104 imperatore
880 3033 1128 3098 missum,
1177 3032 1531 3089 assertionem
1601 3034 1923 3088 vicariorum
1983 3041 2039 3087 et

471 3126 818 3196 principum,
878 3125 1326 3195 interrogationes
1391 3125 1621 3180 Bahanis
1701 3125 1914 3195 patricii
1986 3133 2042 3179 et

475 3215 766 3286 praepositi,
823 3224 878 3269 et
947 3213 1324 3284 responsiones
1385 3213 1751 3268 Romanorum
1813 3213 2042 3268 vicario-

441 3295 619 3374 rum,
660 3307 936 3379 epistolam
991 3307 1212 3362 Adriani
1254 3322 1402 3377 papa:
1447 3307 1513 3360 ad
1559 3306 1813 3362 Basiliam
1873 3307 2043 3377 impe-

479 3408 735 3463 ratorem,
783 3398 1078 3469 gratiarum
1151 3398 1389 3452 actiones
1437 3395 1626 3468 synodi
1682 3405 1802 3466 post
1847 3397 2042 3451 lectam

435 3557 440 3561 η
477 3489 794 3558 epistolam,
842 3485 1128 3542 Theodosii
1184 3486 1504 3556 patriarcha:
1549 3484 2040 3556 Hierosolymorum

477 3577 756 3647 epistolam
795 3577 862 3630 ad
903 3575 1166 3646 lgnatium
1200 3575 1581 3644 patriareham,
1631 3574 2045 3642 approbationes

479 3665 1035 3721 commendatitiarum
1064 3662 1432 3733 epistolarum,
1459 3661 1698 3716 libellum
1720 3660 2039 3724 Romanum,

481 3757 945 3822 interlocutionem
1015 3755 1219 3825 praefati
1291 3753 1564 3820 Bahanis,
1597 3753 1778 3809 laudes
1841 3753 1999 3809 inbelli
2028 3793 2043 3819 ,

481 3847 844 3902 definitionem
904 3846 1123 3901 Thema:
1166 3845 1486 3900 Antiocheni
1528 3855 1584 3900 et
1622 3845 1752 3900 Eliae
1798 3845 2048 3900 Hieroso-

2143 2675 2259 2730 clue
2286 2674 2350 2726 ad
2382 2671 2656 2728 Nicolaum
2685 2687 2911 2741 papam,
2943 2672 3168 2742 epistola
3209 2675 3430 2728 Adriani
3462 2690 3614 2745 papa:
3640 2675 3718 2732 ad

2141 2765 2408 2837 lgnatium
2447 2765 2808 2834 patriarcham
2847 2779 2943 2835 per
2981 2765 3243 2822 Bormum
3279 2775 3333 2820 et
3372 2765 3715 2836 Stephanum

2141 2856 2450 2926 episcopos,
2483 2864 2537 2909 et
2573 2854 2840 2910 Marinum
2873 2855 3190 2922 diaconum;
3217 2859 3510 2927 gratiarum
3538 2857 3716 2911 aetio-

2141 2961 2238 3000 ues
2256 2955 2312 3000 et
2336 2945 2525 3000 laudes
2545 2953 2602 3000 ct
2624 2960 2830 3001 versus.

2211 3038 2412 3104 Quarta
2444 3046 2702 3106 prmterea
2752 3035 2984 3091 refertur
3027 3036 3238 3092 actione
3283 3037 3455 3092 sessio
3499 3037 3718 3108 synodi,

2143 3127 2336 3182 relatio
2360 3126 2426 3182 de
2459 3126 2756 3195 Theophilo
2792 3137 2848 3182 et
2884 3127 3142 3183 Zacharia
3178 3128 3376 3182 dudum
3403 3127 3714 3197 episcopis:

2145 3215 2482 3270 interlocutio
2532 3223 2783 3279 senatus,
2826 3214 3194 3286 Metrophanis
3242 3214 3596 3284 metropolitze
3651 3231 3721 3270 ac

2146 3311 2514 3363 Romanorum
2565 3307 2934 3362 vicariorum:
2991 3307 3254 3378 ingressio
3327 3304 3601 3359 Zacharia:
3651 3319 3718 3360 ac

2145 3398 2425 3469 Theophili
2457 3398 2510 3451 in
2542 3406 2783 3453 sanctam
2825 3396 3119 3467 synodum,
3161 3405 3217 3451 et
3257 3393 3539 3449 altercatio
3576 3394 3723 3463 ipso.-

2145 3503 2262 3542 rum
2309 3496 2364 3542 et
2403 3487 2766 3542 Romanorum
2820 3485 3184 3540 vicariorum:
3237 3483 3465 3552 epistola
3513 3481 3720 3538 Nieolai

2144 3592 2294 3646 papa:
2324 3576 2389 3630 ad
2423 3575 2737 3630 Michaelcm
2769 3574 3146 3644 imperatorem
3177 3587 3270 3643 per
3303 3571 3636 3626 Radualdum
3663 3581 3724 3627 et

2146 3665 2464 3720 Zachariam
2519 3673 2646 3718 tunc
2696 3663 2978 3733 episcopos
3021 3662 3326 3717 destinata:
3380 3660 3724 3716 iuterloeutio

2141 3753 2406 3823 iudicum,
2437 3762 2494 3808 et
2533 3752 2754 3822 epistola
2778 3750 3014 3819 ejusdem
3053 3752 3320 3821 pontiﬁcis
3353 3750 3579 3820 μ’ωῶιο
3617 3752 3724 3805 im-

2149 3844 2380 3914 peratori
2411 3859 2506 3913 per
2533 3842 2768 3898 Leonem
2798 3859 2828 3896 a
2855 3842 3076 3898 secretis
3106 3841 3419 3896 transmissa
3444 3858 3460 3907 ;
3493 3841 3718 3897 interlo-

481 3936 722 4006 lymitani
777 3936 1101 3990 vicariorum
1159 3935 1487 4004 capitulatim
1512 3974 1527 3999 ,
1577 3935 1873 3988 secundum
1931 3944 2042 3987 sta-
2073 3939 2116 4001 c
2149 3935 2294 3989 cutio
2322 3933 2603 4002 Theophili
2633 3933 2833 3988 dudum
2859 3932 3118 4002 episcopi,
3143 3941 3198 3987 et
3225 3931 3491 3988 Theodori
3518 3941 3720 3988 metro-

485 4035 596 4079 tuta
625 4041 776 4095 papae
811 4024 1014 4080 Nicolai
1062 4024 1257 4079 factam
1297 4024 1736 4094 approbationem
1781 4021 2048 4077 deﬁnitio-

482 4115 591 4178 nis,
623 4114 1070 4184 interrogationes
1112 4121 1328 4168 senatus
1367 4129 1463 4182 pro
1487 4112 1695 4174 Photio,
1724 4121 1779 4165 et
1822 4127 2045 4180 respon-

482 4205 665 4258 siones
710 4205 1034 4258 vicariorum
1069 4218 1084 4256 :
1129 4204 1315 4257 harum
1359 4203 1820 4272 approbationem,
1848 4202 2048 4272 gratia-

480 4310 602 4349 rum
632 4295 870 4349 actiones
902 4303 956 4349 et
981 4293 1184 4349 laudes.

555 4385 800 4441 Secunda
837 4401 965 4441 vero
999 4387 1340 4440 continentur
1374 4385 1585 4441 actione
1621 4385 1793 4440 sessio
1827 4383 2048 4455 synodi,

483 4477 756 4549 ingressio
817 4477 1187 4548 episcoporum
1253 4476 1346 4545 qui
1414 4475 1758 4538 ceciderant,
1840 4473 2051 4528 libellus

484 4583 707 4632 eorum,
760 4568 1100 4623 interiocutio
1152 4565 1474 4622 vicariorum
1542 4565 1906 4620 Romanorum
1954 4580 2054 4635 pro

484 4657 666 4713 libello
687 4657 926 4713 Romano
953 4657 1235 4712 scribendo
1252 4696 1266 4720 ,
1295 4655 1451 4710 lectio
1477 4663 1532 4710 et
1567 4654 1793 4725 scriptio
1814 4653 2051 4722 ejusdem

485 4749 676 4814 libelli,
705 4750 939 4820 receptio
973 4747 1342 4817 episcoporum
1367 4785 1383 4810 ,
1426 4745 1686 4815 ingressio
1709 4745 2051 4816 presbytero—

489 4853 633 4902 rum,
683 4839 1054 4901 diaconorum,
1097 4844 1152 4890 et
1194 4834 1669 4898 subdiaconorum,
1714 4849 1835 4888 cum
1878 4833 2056 4888 libello

491 4925 842 4994 ptenitentiaz,
869 4933 924 4979 et
963 4923 1159 4978 horum
1189 4922 1372 4991 scripti
1403 4922 1470 4976 ab
1506 4923 1584 4977 eis
1626 4921 1851 4976 Romani
1892 4922 2053 4978 libelli

490 5015 729 5084 receptio
757 5031 770 5068 :
815 5016 1076 5084 epitonia,
1110 5028 1296 5068 eorum
1323 5011 1414 5082 qui
1450 5013 1757 5067 ceciderunt
1781 5011 1897 5068 laus
1932 5027 2056 5067 cum

492 5105 1028 5174 interpretationibus
1056 5119 1326 5159 versuum.

563 5192 748 5247 Tertia
780 5201 956 5246 autem
996 5192 1207 5247 actione
1246 5192 1476 5246 habetur
1497 5191 1666 5247 sessio
1698 5193 1905 5263 synodi,
1935 5209 2056 5264 sug-

489 5282 666 5342 αρςιίιι
710 5281 757 5308 υ
800 5291 806 5293 ’
914 5282 930 5288 “
1025 5281 1036 5286 ’
1271 5297 1309 5302 ’ν
1463 5284 1475 5294 ’
1625 5297 1636 5300 ’
1749 5284 1760 5294 ⁸
1835 5299 1884 5304 -ᾉ

2151 4025 2328 4093 polita:
2355 4024 2556 4088 Cariae;
2589 4023 2811 4094 epistola
2835 4039 2986 4093 papae
3016 4023 3218 4079 Nicolai
3246 4025 3312 4078 ad
3350 4023 3599 4079 Photium
3623 4039 3724 4094 per

2147 4115 2380 4169 Leonem
2422 4130 2451 4168 a
2485 4115 2752 4170 secretis:
2793 4115 3050 4169 exbibitio
3087 4130 3195 4169 non
3235 4115 3434 4184 recepti
3467 4114 3645 4170 Photii
3686 4130 3720 4170 a

2149 4207 2529 4277 patriarchiis:
2585 4206 2844 4261 memoria
2894 4206 3191 4262 libellorum
3250 4222 3281 4260 a
3350 4206 3612 4262 Zacharia
3665 4215 3726 4262 et

2150 4298 2445 4367 Theophila
2476 4297 2658 4352 Roma:
2684 4296 2947 4352 factorum
2973 4314 2989 4350 ;
3022 4311 3211 4366 preces
3231 4311 3353 4351 eum
3381 4296 3652 4351 laudibus.

2220 4388 2394 4445 Porro
2449 4388 2635 4458 quinta
2693 4388 2999 4444 continetur
3045 4389 3256 4444 actione
3309 4387 3477 4443 sessio
3527 4387 3722 4457 synodi

2150 4479 2441 4550 copiosior,
2471 4479 2808 4534 annuntiatio
2833 4478 2981 4532 Pauli
3007 4477 3436 4548 chartophylaeis
3459 4517 3474 4542 ,
3510 4477 3722 4533 Zacha-

2152 4568 2286 4622 riam
2304 4568 2415 4623 sive
2433 4567 2679 4622 l’hotium
2694 4567 2881 4622 adesse
2900 4566 3226 4620 nuntiantis:
3247 4564 3429 4620 missio
3443 4564 3723 4622 hominum

2155 4656 2472 4711 vicariorum
2505 4670 2626 4710 cum
2665 4654 2925 4724 imperiali
2964 4654 3179 4710 homine
3203 4654 3270 4708 ad
3297 4667 3448 4717 eum,
3479 4658 3536 4706 et
3555 4652 3728 4721 ipsius

2153 4763 2274 4804 cum
2306 4747 2436 4817 ipsis
2465 4745 2875 4810 sermocinatio;
2912 4745 3070 4800 lectio
3096 4759 3401 4800 sermonum
3437 4741 3635 4804 Pbotii,
3667 4750 3726 4795 et

2153 4836 2386 4892 dictatus
2413 4837 2479 4890 ad
2505 4851 2626 4890 cum
2656 4834 2842 4904 synodi
2869 4848 2964 4903 per
2992 4833 3164 4887 Eliam
3191 4831 3512 4902 synccllum;
3551 4828 3724 4882 lectio

2157 4926 2301 4980 vocis
2351 4925 2559 4989 Photii;
2608 4923 2922 4979 acclamatio
2959 4923 3144 4994 synodi
3185 4923 3250 4976 ad
3292 4919 3587 4974 l‘hotium:
3631 4917 3721 4970 in-

2157 5015 2359 5082 gressio
2382 5013 2576 5078 Photii,
2599 5020 2654 5066 et
2680 5010 2799 5079 quis
2819 5020 2984 5074 esset,
3009 5009 3125 5064 etsi
3147 5009 3408 5078 reciperet
3431 5004 3724 5061 constituta

2158 5105 2394 5161 Patrum.
2475 5102 2812 5158 Vicariorum
2890 5099 3258 5168 percunctatio
3329 5097 3725 5157 Romanorum,

2159 5195 2458 5259 silentium,
2477 5201 2530 5247 et
2561 5190 2771 5245 tandem
2803 5188 3000 5244 locutio
3022 5187 3198 5242 Photii
3226 5201 3291 5240 ac
3317 5183 3672 5240 Orientalium
3703 5200 3718 5236 :

2193 5288 2207 5298 ’
2257 5287 2416 5310 -ντνπ
2456 5301 2475 5313 ηε
2505 5281 2778 5326 wnMcio
2800 5319 2809 5322 μ
2834 5278 3066 5322 hortati“
3097 5276 3460 5328 Romanorum
3485 5272 3725 5326 vicario-
