4032 6286
248 244 281 253 σ-

272 382 343 440 35
538 384 545 389 ’
578 384 1127 453 ιΝΤΕΒΡηΕΤΑΤιο
1162 390 1411 454 SYNODI
1452 394 1565 458 Vlll
1600 402 1823 463 GENEH

1921 408 2027 465 .IS.
2068 442 2139 453 —
2170 412 2529 517 ACTIONIEM
2568 418 2945 483 lNDlCULUM
2983 425 3232 487 BREVE.
3390 508 3395 513 _
3455 437 3533 493 ιε
3597 482 3601 486 .

274 491 407 548 riam
429 494 639 584 misse:
675 494 930 554 allocutio
956 498 1085 555 Elite
1113 501 1301 559 vicarii
1336 504 1840 584 Hierosolymitani;

272 582 523 639 allocutio
562 583 927 643 Romanorum
977 589 1329 662 vicariorum;
1387 610 1508 667 quae
1548 582 1685 656 lecta
1722 612 1850 661 sunt

270 675 669 744 approbantur;
762 678 1001 737 hortatio
1072 681 1441 743 Romanorum
1521 693 1847 750 vicariorum

1873 523 1922 580 Α
1952 518 2142 576 horum
2170 537 2293 577 cum
2329 518 2466 580 actis
2501 530 3004 602 conciliabulorum,
3043 553 3075 592 a
3114 538 3306 597 Photio
3340 555 3531 603 contra

1951 622 2145 678 papam
2173 610 2452 669 Nicolaum
2491 626 2547 671 et
2583 620 2948 688 patriarcham
2986 621 3249 699 lgnatium
3291 644 3533 704 patrato-

1952 715 2068 755 rum
2094 705 2434 762 combustio:
2481 708 2691 767 libellus
2728 712 2873 769 Petri
2913 720 3201 788 monachi,
3239 731 3296 778 et
3324 728 3532 782 exami-

268 775 321 820 et
356 764 603 823 Bahanis
646 770 863 838 patricii
901 773 970 828 ad
1011 772 1293 840 Photium,
1349 789 1406 835 et
1450 782 1570 853 ejus
1626 801 1853 856 respon-
1950 790 2100 845 natio
2144 791 2401 850 falsorum
2450 798 2793 869 vicariorum,
2829 814 2885 859 et
2924 806 2992 861 de
3032 764 3336 878 hujus’modi
3380 764 3528 874 {an

268 856 339 878 ,εᾷ
406 855 537 878 ..μη
587 859 822 878 NL,“
932 864 946 878 .
1116 875 1124 878 -
1250 877 1253 878 ν
1305 869 1362 878 --
1447 874 1456 878 -

266 856 363 909 sio.
403 855 541 913 item
583 859 834 917 Bahanes
878 864 1162 931 admonet,
1207 877 1263 922 et
1303 869 1527 929 Pliotios
1574 855 1751 941 tacet,
1793 887 1849 934 et

265 945 364 1000 sibi
389 946 541 1003 datis
572 948 824 1019 induciis,
844 953 1145 1022 egreditur,
1164 965 1226 1012 ‘et
1253 974 1395 1030 saepe
1416 962 1591 1020 dictus
1616 965 1849 1037 Stepha-

262 1050 360 1090 nus
384 1035 599 1101 laudat,

323 1121 444 1178 lam
489 1106 627 1182 vero
661 1138 815 1185 sexta
861 1132 1118 1188 scribitur
1159 1137 1374 1194 actione
1408 1140 1577 1197 sessio
1618 1144 1842 1213 synodi,

260 1217 631 1284 pronuntiatio
658 1219 1023 1292 Metrophanis
1042 1229 1394 1299 metropolita:
1420 1231 1687 1305 Smyrnae,
1715 1252 1849 1308 epa-

258 1308 638 1375 naguosticum
688 1309 1055 1370 Romanorum
1106 1317 1464 1388 vicariorum;
1511 1323 1842 1384 intromissio

258 1399 637 1470 episcoporum
664 1402 841 1459 Photii
864 1446 880 1470 ,
911 1416 1044 1464 ante
1079 1422 1217 1479 quos
1256 1410 1410 1468 lecta;
1450 1424 1576 1470 sunt
1599 1418 1842 1486 epistola:

255 1503 401 1558 papzn
425 1488 643 1548 Nicolai
667 1494 735 1549 ad
763 1493 1074 1553 Michaelem
1105 1499 1483 1571 imperatorem
1509 1515 1566 1561 et
1585 1506 1837 1565 Photium

256 1593 347 1647 per
369 1580 618 1639 Leonem
653 1600 684 1640 a
709 1588 936 1645 secretis
963 1590 1174 1657 missae,
1207 1607 1452 1666 quasque
1477 1608 1671 1667 quarta
1701 1617 1834 1658 coa-

254 1674 383 1731 tinet
405 1675 558 1731 actio
583 1694 600 1731 :
632 1678 955 1769 acclamatio
974 1681 1105 1739 Elite
1130 1685 1380 1756 syneelli,
1411 1687 1707 1760 disputatio
1730 1694 1837 1769 im-

1948 894 2100 950 papse
2159 881 2374 940 Martini
2426 890 2757 959 capitulum:
2816 895 3072 954 allocutio
3125 900 3524 976 Metrophanis,

1947 969 2215 1029 Theodori
2263 974 2494 1033 Crithioi
2542 979 2877 1039 lconomachi
2925 991 3202 1056 accersio,
3255 969 3313 1049 et
3358 969 3525 1068 super

1946 1063 2078 1133 ipsis
2103 1065 2399 1125 discussio:
2433 1073 2724 1142 capitulum
2754 1092 2904 1155 papa:
2931 1078 3133 1137 Nicolai
3175 1085 3243 1151 de
3270 1063 3523 1160 imagini-

1945 1152 2073 1216 bus,
2114 1159 2395 1212 conversio
2423 1152 3309 1241 quorumdam'lconomachorum,
3356 1152 3529 1249 impe-

1945 1245 2142 1301 ratoris
2169 1255 2224 1301 et
2248 1250 2437 1319 synodi
2464 1253 2712 1308 monitis:
2744 1257 3222 1316 anathematistnus
3248 1265 3305 1319 iu
3331 1245 3523 1323 leonu-

1943 1337 2163 1392 tuachos
2190 1347 2244 1393 et
2272 1340 2326 1393 iu
2351 1340 2605 1399 Pltotium
2634 1354 2688 1400 et
2713 1355 2921 1417 partem
2952 1349 3068 1421 ejus
3096 1353 3360 1424 prolatus,
3386 1373 3515 1428 pre-

1940 1440 2032 1479 ces
2059 1434 2113 1482 et
2136 1426 2343 1485 laudes.

2010 1516 2274 1574 Cseterum
2339 1537 2480 1577 nona
2539 1525 2886 1585 nihilominus
2933 1533 3143 1589 actione
3185 1538 3514 1606 continetur,

1937 1619 2060 1677 post
2110 1611 2405 1666 seasionem
2453 1616 2642 1685 synodi
2668 1656 2684 1683 ,
2734 1622 3006 1691 suggestio
3047 1635 3266 1682 senatus
3306 1644 3519 1686 annun-

1940 1699 2123 1757 tiantis
2166 1701 2380 1759 venisse
2420 1704 2682 1762 vicarium
2734 1709 3115 1769 Alexandrina:
3154 1717 3318 1784 sedis,
3363 1718 3521 1788 cujus

251 1765 515 1834 peratoris
537 1765 727 1823 Basilii
755 1778 813 1824 et
844 1768 1203 1833 Euchemonis
1239 1791 1304 1831 ac
1328 1776 1656 1849 reliquorum
1691 1765 1833 1839 Pho-
1863 1868 1904 1878 Μ
1938 1788 2190 1847 hortante
2227 1793 2455 1863 synodo,
2490 1796 2716 1866 epistola
2743 1765 3181 1860 commendatitia
3225 1765 3517 1878 legitur'e-t'

251 1855 306 1910 tii
324 1855 711 1962 episcoporum
753 1863 1020 1918 :assertio
1056 1862 1331 1923 Zachariae
1356 1867 1531 1926 Photii
1567 1873 1831 1944 episcopi,
1863 1868 1906 1925 Β
1939 1879 2053 1949 ipse
2114 1855 2401 1954 receptus;
2441 1855 2571 1957 quia
2620 1898 2741 1945 acta
2794 1855 3410 1965 suntapprobatfue—t-

248 1954 301 2003 et
315 1947 618 2020 disputatio
634 1949 981 2021 imperatoris
1000 1970 1123 2012 cum
1144 1957 1413 2031 episcopis
1428 1962 1602 2033 partis
1619 1963 1827 2023 Photii:

246 2035 441 2097 locutio
464 2039 763 2112 Eulampii,
789 2051 849 2099 et
873 2043 1171 2116 indignatio
1203 2047 1573 2109 Romanorum
1603 2054 1832 2113 vicario-

245 2142 390 2194 rum;
416 2129 776 2200 imperatoris
798 2131 1048 2202 verbum,
1072 2146 1129 2191 et
1150 2137 1431 2206 requisitio
1455 2140 1829 2212 episcoporum

244 2218 308 2273 ab
331 2217 551 2291 lgnatio
578 2232 1021 2283 consecratorum
1042 2265 1059 2293 ,
1102 2242 1133 2282 a
1165 2228 1423 2286 Romanis
1450 2231 1671 2289 vicariis
1703 2248 1826 2289 cum

242 2307 317 2364 eis
340 2309 732 2380 loquentibus:
763 2316 1121 2373 contradictio
1143 2317 1512 2397 Metrophanis
1552 2331 1830 2395 metropo-

240 2398 344 2455 lita:
368 2401 629 2474 Smyrna:
651 2404 909 2463 adversus
930 2410 1309 2481 praescriptum
1342 2411 1688 2482 Zachariam,
1714 2429 1830 2471 ser-

240 2509 323 2550 mo
343 2495 725 2555 Romanorum
746 2498 1069 2561 vicariorum
1089 2510 1146 2558 et
1167 2502 1465 2561 admonitio
1486 2506 1829 2577 imperatoris

240 2585 302 2640 ad
334 2588 763 2649 schismaticos:
805 2591 1060 2649 similiter
1086 2593 1453 2653 Romanorum
1495 2598 1827 2657 vicariorum

240 2685 289 2732 et
311 2687 644 2737 exterarum
674 2679 741 2735 ad
779 2682 997 2739 eosdem
1025 2683 1221 2740 iterata
1258 2686 1603 2756 imperatoris
1638 2691 1829 2747 admo-

238 2769 385 2837 nitio,
407 2769 588 2829 simul
616 2779 674 2827 et
700 2769 906 2829 laudes.
1366 2850 1379 2856 _

304 2856 556 2929 Septima
580 2873 715 2917 sane
749 2861 893 2918 actio
928 2861 1202 2919 indicatur
1238 2866 1677 2923 convenientium
1709 2884 1824 2926 ses-

238 2949 335 3016 sio,
364 2950 645 3022 ingressio
670 2951 847 3008 Photii
868 2953 1063 3010 baculo
1091 2954 1294 3022 innixi,
1321 2971 1485 3029 quem
1509 2959 1580 3014 ab
1606 2975 1673 3015 eo
1700 2958 1826 3016 Ma-

240 3038 383 3097 rinus
447 3041 741 3099 Romanus
804 3043 1041 3100 vicarius
1088 3043 1246 3114 jubet
1317 3047 1552 3115 auferri;
1604 3050 1823 3109 vicariis

240 3127 489 3190 Romanis
509 3130 767 3189 Photium
782 3135 853 3191 ad
872 3133 1177 3191 faciendum
1198 3136 1436 3195 libellqu
1457 3138 1816 3207 hortantibus,

236 3233 429 3280 etcum
450 3225 613 3282 omni
640 3226 846 3298 synodo
871 3228 939 3284 ad
964 3230 1339 3299 pmniteutiam
1380 3235 1814 3303 provocantibus,
1845 3213 1889 3275 Ο

230 3312 319 3370 ille
339 3315 441 3372 hos
466 3330 507 3372 e
531 3325 719 3372 contra
744 3331 869 3373 cum
896 3318 1017 3374 suis
1041 3319 1109 3375 ad
1136 3321 1507 3393 pmuiteutiam
1527 3324 1699 3396 magis
1723 3324 1816 3381 im-

232 3404 405 3474 pellit;
426 3406 527 3463 cui
546 3407 871 3465 contradicit
887 3407 1241 3466 Orientalium
1264 3412 1590 3469 vicariorum
1612 3430 1812 3471 sermo.

233 3491 460 3554 Bahanis
524 3497 897 3570 interrogatio,
922 3498 1101 3555 Photii
1128 3500 1431 3570 responsio,
1457 3511 1514 3558 et
1544 3500 1665 3572 ejus
1692 3503 1812 3575 epi-

234 3598 525 3658 scoporum
569 3588 853 3659 ingressio,
901 3590 1091 3661 synodi
1130 3598 1187 3646 et
1232 3590 1411 3647 Photii
1439 3593 1812 3664 episcoporum

235 3675 457 3735 intuitio
475 3719 496 3746 ,
527 3678 779 3743 allocutio
808 3681 876 3736 ad
908 3696 1005 3738 eos
1040 3681 1385 3752 imperatoris
1409 3699 1508 3755 per
1537 3684 1813 3743 Bahanem

232 3774 606 3842 praepositum,
635 3780 691 3828 et
720 3770 879 3840 hujus
896 3789 1019 3829 cum
1048 3773 1155 3829 illis
1179 3774 1476 3839 altercatio,
1502 3785 1560 3832 et
1585 3777 1814 3848 impera-

235 3864 361 3919 toris
392 3864 671 3919 assertio:
712 3863 888 3919 Photii
920 3881 1106 3921 rursus
1138 3866 1510 3937 episcoporum
1549 3877 1607 3924 et
1638 3869 1814 3925 Baba-

234 3953 313 4007 nis
350 3955 658 4021 dissensio,
695 3954 1017 4012 vicariorum
1054 3957 1420 4014 Batnanorum
1450 3974 1550 4031 pro
1586 3959 1813 4032 legenda

232 4044 451 4113 cpistola
504 4044 903 4117 papaeﬁicolai
961 4047 1110 4104 clero
1156 4049 1321 4106 missa
1360 4050 1814 4124 Constantinopo-

234 4130 358 4199 leos,
382 4136 727 4203 exhortatio;
756 4139 900 4208 quod
928 4147 983 4194 et
1022 4138 1223 4195 lactmn
1260 4150 1383 4197 est:
1418 4143 1546 4199 item
1584 4144 1811 4214 epistola

233 4236 376 4293 papa
413 4224 644 4280 Adriani
683 4228 751 4283 ad
791 4227 1044 4284 Basiliam
1084 4229 1462 4301 imperatorem
1504 4249 1602 4304 per
1639 4235 1812 4293 Theo-

233 4323 482 4383 snostum
525 4318 851 4385 exarchum,
899 4328 954 4374 et
990 4319 1162 4376 altera
1198 4322 1267 4377 ad
1305 4322 1571 4394 lgnatium
1600 4325 1806 4383 missa:

232 4401 383 4462 lectio
406 4406 762 4477 epistolamm
793 4409 1013 4466 Adriani
1044 4422 1196 4481 papa:
1232 4412 1301 4468 ad
1336 4414 1718 4484 imperatorem
1755 4425 1811 4473 et

233 4496 595 4565 patriarcham
619 4514 717 4570 per
739 4497 1001 4556 Donatum
1022 4541 1038 4568 ,
1059 4499 1409 4573 Stephanum
1450 4513 1506 4561 et
1543 4504 1811 4567 Marinum

233 4584 464 4642 vicarios
503 4587 925 4656 destinatarum;
970 4606 1091 4661 qua:
1135 4591 1190 4646 iu
1237 4593 1393 4647 tertia
1437 4594 1640 4665 scripta
1679 4605 1809 4651 sunt

234 4676 438 4734 actione
463 4694 480 4732 :
506 4686 561 4734 et
591 4678 803 4735 concilii
832 4680 903 4737 ab
929 4681 1119 4736 eodem
1147 4695 1283 4751 papa
1313 4682 1371 4737 in
1398 4683 1627 4739 ecclesia
1662 4683 1808 4740 beati

224 4762 367 4821 ‘Pelri
397 4766 611 4823 collecti
636 4777 910 4838 gestorum
949 4771 1276 4842 subscriptio
1317 4787 1487 4842 νίψω,
1521 4774 1803 4845 episcopo-

234 4866 367 4922 rum,
396 4857 837 4930 presbyterorum
857 4869 912 4916 et
929 4860 1306 4917 diaconatum:
1331 4865 1800 4922 commonitorium

234 4943 597 5005 Romanorum
646 4951 969 5007 vicariorum
1014 4953 1083 5008 ad
1137 4953 1428 5020 Pltotium,
1483 4956 1801 5014 acclamatio

233 5031 416 5105 lgnatii
437 5038 507 5093 ad
531 5038 821 5111 synodum,
842 5040 1328 5098 anathematismus
1350 5042 1525 5099 Photii
1553 5055 1611 5100 et
1629 5047 1801 5116 partis

235 5123 378 5195 ejus,
409 5143 511 5186 seu
532 5130 797 5200 przeconia
828 5138 884 5187 et
911 5130 1330 5202 imprecationes
1363 5134 1706 5206 imperatoris
1744 5145 1802 5194 et

234 5219 414 5290 synodi
442 5237 457 5275 :
486 5236 551 5275 ac
577 5235 740 5292 super
761 5218 957 5277 Photio
972 5236 1183 5283 versus.

298 5306 494 5365 Octava
523 5324 740 5380 quoque
772 5320 1104 5367 memeratur
1138 5313 1352 5370 actione
1378 5313 1566 5387 synodi
1595 5315 1798 5383 sessio,

236 5394 571 5468 imperatoris
589 5398 843 5456 allocutio
869 5415 968 5472 per
999 5400 1275 5459 Bahanem
1292 5444 1307 5471 ,
1344 5412 1401 5460 et
1428 5403 1796 5461 Romanorum

234 5487 549 5549 licariorum
593 5506 692 5564 pro
734 5491 1017 5552 abolendis
1052 5495 1425 5571 chirographis
1464 5496 1700 5571 iniustis,
1742 5505 1799 5553 et

1933 1987 2127 2029 sensus
2154 1972 2308 2043 ejus:
2334 1978 2596 2035 recitatur
2634 1981 2689 2036 in
2728 1984 2948 2053 scriptis
2988 1988 3317 2046 examinatio
3353 1991 3517 2050 falso-

1933 2076 2052 2117 rum
2103 2064 2353 2138 testium,
2402 2067 2494 2137 qni
2546 2080 2735 2125 contra
2788 2074 3517 2150 patriarchanrjumverunt

1931 2150 2221 2223 lgoatium,
2251 2163 2309 2210 et
2343 2156 2533 2211 horum
2559 2160 2873 2228 ptenitcntia
2902 2181 2915 2216 :
2954 2164 3076 2219 inde
3100 2165 3432 2225 intromissio
3457 2179 3516 2228 et

1930 2242 2198 2297 discussio
2227 2244 2547 2300 vestimenta
2588 2249 2943 2306 sacerdotalia
2980 2252 3347 2323 iuduentium,
3386 2274 3512 2316 cum

1927 2338 2109 2385 essent
2150 2332 2469 2399 saecularcs,
2494 2335 2674 2391 divina
2714 2340 2868 2407 quasi
2905 2340 3180 2398 celebrant
3209 2347 3508 2418 mysteria:

1924 2437 2108 2479 sermo
2131 2422 2499 2482 Romanorum
2528 2427 2644 2483 vica
2655 2429 2855 2486 riornm
2878 2441 2933 2487 et
2955 2433 3095 2490 alter
3118 2435 3471 2496 Orientalium
3488 2458 3509 2496 :

1929 2510 2120 2567 iterata
2172 2511 2427 2569 falsorum
2478 2516 2804 2573 vicariormn
2855 2520 3150 2588 discussio,
3207 2527 3510 2597 gratiarum

1925 2600 2111 2668 actio;
2156 2602 2573 2674 imprecationes
2613 2616 2669 2664 et
2706 2608 2910 2676 laudes,
2938 2624 3099 2684 atque
3127 2630 3292 2688 super
3314 2616 3513 2679 Photio

1924 2706 2137 2749 versus.
3428 2716 3439 2723 ’

1993 2784 2164 2841 Porro
2204 2785 2410 2843 decima
2462 2790 2704 2845 continet
2750 2794 2893 2847 actio
2939 2794 3252 2867 synodicam
3294 2800 3498 2860 sessio-

1922 2889 2080 2939 nem,
2119 2876 2523 2935 considentibus
2574 2879 2917 2951 imperatoris
2956 2883 3200 2951 Occidui,
3250 2899 3307 2946 et
3346 2892 3504 2962 prin-

1921 2965 2059 3035 cipis
2112 2965 2379 3038 Bulgarici
2439 2969 2651 3033 missis:
2680 2973 2890 3044 regulas
2935 2985 2990 3032 et
3041 2980 3329 3035 terminum
3376 2982 3502 3040 fidei

1921 3056 1990 3110 ab
2041 3057 2229 3115 eadem
2299 3060 2603 3133 expositum
2671 3065 2875 3135 synodo
2921 3085 2934 3122 :
2987 3068 3339 3142 interrogatio
3400 3074 3504 3129 im-

1922 3148 2209 3217 peratoris,
2258 3158 2316 3204 et
2364 3151 2530 3208 totius
2592 3156 2781 3227 synodi
2854 3161 3132 3229 responsio
3197 3165 3502 3235 approbans

1922 3238 2134 3309 regulas
2180 3238 2346 3296 lectas
2406 3250 2463 3297 et
2516 3245 2842 3308 terminum,
2902 3248 3316 3318 imprccationes
3365 3269 3504 3325 quo-

1917 3340 2025 3395 que
2070 3341 2134 3382 ac
2187 3326 2412 3394 laudes;
2466 3330 2710 3400 gratiﬂca
2754 3349 2855 3389 vox
2913 3336 3252 3407 imperatoris
3296 3343 3364 3399 ad
3407 3360 3499 3416 sy-

1916 3414 2115 3470 nodum
2143 3429 2160 3470 :
2185 3431 2365 3473 sermo
2412 3419 2653 3489 ejusdem
2707 3422 3072 3493 imperatoris,
3118 3428 3171 3483 in
3219 3444 3328 3500 quo
3366 3414 3492 3502 epi-

1915 3505 2094 3574 scopis
2138 3507 2279 3562 bona
2328 3508 2616 3579 promittit,
2637 3519 2693 3567 et
2744 3513 3012 3580 hortatur,
3040 3524 3099 3571 ut
3134 3518 3178 3574 si
3222 3521 3346 3588 quis
3393 3521 3465 3579 ali

1913 3594 2043 3663 quid
2111 3606 2298 3651 contra
2346 3599 2608 3669 synodum
2659 3600 2840 3657 dicere
2901 3602 3060 3669 velit,
3106 3604 3224 3662 sine
3301 3608 3496 3666 timore

1915 3682 2183 3752 fateatur;
2225 3686 2353 3744 licet
2424 3704 2532 3745 non
2604 3705 2725 3747 esse
2787 3693 2941 3751 laicis
3005 3712 3168 3766 super
3240 3698 3501 3757 ecclesia-

1914 3776 2066 3834 sticis
2136 3780 2365 3849 negotiis
2426 3780 2741 3852 disponendi
2793 3780 2921 3852 jus,
2976 3787 3233 3859 magistra
3286 3790 3499 3847 ratione

1914 3866 2249 3924 demonstret
2292 3885 2306 3922 :
2368 3879 2551 3926 monet
2597 3880 2657 3927 ut
2680 3873 2972 3930 schismata
3020 3878 3229 3946 vitent,
3261 3887 3323 3937 ut
3361 3896 3498 3937 con-

1916 3969 1997 4014 ira
2054 3959 2289 4017 haereses
2346 3961 2608 4033 vigilem,
2652 3972 2710 4019 ut
2772 3968 3146 4026 contentiones
3211 3971 3485 4028 declinent

1913 4060 1973 4104 ut
2017 4049 2188 4105 forma
2249 4051 2359 4107 sint
2417 4052 2673 4121 subditis;
2727 4056 3080 4131 interrogatio
3108 4060 3491 4133 imperatoris,

1914 4149 2097 4196 utrum
2151 4142 2356 4213 synodo
2418 4143 2650 4214 placeat,
2701 4149 2845 4218 quod
2911 4149 3105 4207 lectum
3173 4162 3259 4212 cst
3301 4171 3317 4209 :
3368 4171 3496 4227 qua:

1912 4231 2093 4286 omnia
2148 4232 2411 4303 approbat
2453 4244 2511 4291 et
2556 4236 2949 4307 subscriptione
3000 4240 3217 4299 ﬁrmare
3266 4244 3489 4315 pollice-

1915 4328 2042 4374 tur:
2071 4319 2363 4390 imperator
2413 4332 2536 4392 post
2556 4339 2746 4381 omnes
2769 4327 3052 4400 episcopos
3093 4346 3155 4388 se
3182 4333 3319 4391 velle
3357 4335 3487 4392 sub.

1912 4410 2152 4465 scribere
2200 4409 2364 4476 dicit;
2400 4413 2536 4469 ordo
2597 4412 3035 4486 subscriptionis,
3080 4435 3183 4477 vox
3242 4432 3485 4490 senatus,

1912 4500 2120 4573 synodo
2198 4499 2438 4570 recipere
2516 4502 2821 4573 proﬁtentis
2885 4523 2901 4560 :
2967 4505 3189 4575 laudes,
3252 4511 3492 4567 subscri-

1907 4590 2121 4659 ptiones
2188 4589 2509 4644 vicariorum
2538 4630 2555 4655 ,
2626 4590 3011 4661 imperatorum
3074 4603 3132 4651 et
3207 4599 3487 4670 episcopo-

1911 4693 2034 4733 rum
2080 4696 2094 4732 :
2152 4675 2379 4747 epistola
2438 4677 2626 4749 synodi
2687 4679 2984 4750 encyclica,
3031 4689 3089 4739 et
3149 4684 3218 4739 ad
3290 4685 3487 4742 Adria-

1908 4784 2037 4823 num
2089 4767 2490 4823 sanctissimum
2539 4784 2756 4841 papam,
2797 4772 3024 4842 epistola
3092 4773 3483 4845 imperatorum

1906 4860 1974 4915 ad
2048 4860 2431 4933 patriarchas;
2472 4859 2599 4915 item
2655 4861 2883 4932 cpistola
2952 4864 3273 4936 patriarcha:
3330 4868 3491 4939 lgna--~

1905 4951 1965 5006 iii
2019 4951 2087 5006 ad
2131 4949 2426 5006 Adrianum
2481 4951 2881 5008 sanctissimum
2921 4970 3153 5026 papam,
3196 4958 3483 5014 consulen-

1913 5042 1980 5095 tis
2023 5054 2147 5094 eum
2187 5056 2350 5110 super
2377 5040 2549 5097 tribus
2578 5041 2873 5112 Capitulis:
2899 5059 3022 5098 mox
3060 5054 3183 5116 post
3216 5049 3482 5118 synodum

1905 5130 2143 5202 ejusdem
2173 5131 2345 5186 sancti
2376 5132 2587 5188 concilii
2627 5134 2875 5189 consultu
2908 5136 3224 5192 transmissa
3253 5138 3479 5206 epistola

1905 5220 2246 5291 imperatoris
2293 5220 2472 5276 Basilii
2521 5221 2588 5277 ad
2639 5222 2885 5278 eumdem
2913 5263 2929 5288 ,
2972 5223 3196 5295 epistola
3238 5225 3481 5297 ejusdem

1900 5310 2196 5367 beatissimi
2219 5326 2371 5381 papa:
2399 5311 2745 5380 rescribentis
2783 5311 2850 5366 ad
2885 5312 3130 5368 eumdem
3158 5312 3476 5385 principem.

1972 5401 2281 5470 Expliciunt
2346 5400 2616 5470 capitula,
2672 5400 2800 5472 quid
2882 5417 3221 5475 unaquaeque
3286 5403 3480 5477 synodi

1899 5493 2042 5548 actio
2068 5493 2364 5560 contineat,
2387 5491 2624 5550 breviter
2667 5491 2979 5551 indicantia.

1440 5785 2228 5825 ———-—-aeoo———-—
