3960 5406
520 425 590 482 ιτ
1638 416 1998 479 ΑδΑεΤΑειι
2033 416 2097 470 Bl‘

2174 414 2564 474 ΙΙΟΊΊΙΕΟΑΒῘΙ
3673 407 3743 464 28

532 546 3740 588 MM

1815 715 2460 874 GESTA

787 1013 1226 1168 suum
1335 1012 1472 1164 At}
1583 943 2334 1165 transuit
2437 1007 2872 1162 tum
2987 1006 3432 1184 suom,

1362 1428 2100 1492 CONSTANTINOPOLI
2142 1428 2676 1490 CONGREGATA
2716 1430 2888 1491 EST.

1785 1720 2086 1798 ACTIO
2144 1717 2449 1796 ΡΒΙΜΑ

584 2007 679 2063 Dci
727 2003 1022 2078 principale
1080 1999 1498 2068 Verbum,quod
1543 1999 1655 2068 ipsa
1712 1999 1924 2053 Veritas
1969 2007 2071 2062 est,
2103 2005 2148 2061 Λ
2179 2013 2394 2054 morere
2437 2009 2866 2070 proposuerunt,
2910 2016 2974 2054 ae
3019 2000 3276 2054 inutiliter
3311 2009 3367 2056 et
3417 2001 3752 2059 i'nt'rucmoso

506 2099 754 2154 Christus
816 2095 1061 2150 videlicet
1128 2092 1365 2147 omnium
1421 2100 1662 2146 nostrum
1729 2089 1976 2144 Salvator
2020 2098 2074 2144 et

508 2190 766 2244 Dominus
800 2229 813 2250 ,
863 2187 1066 2242 habens
1146 2183 1400 2238 nimirum
1469 2183 1841 2236 universorum
1909 2196 2074 2234 sarcu-

509 2281 682 2335 lorum
763 2279 813 2331 in
859 2293 917 2331 se
990 2276 1262 2330 notionem
1326 2283 1379 2327 et
1438 2271 1974 2335 circumplexionem,
2021 2281 2076 2325 et

510 2368 689 2422 ontnia
745 2367 922 2419 sciens
954 2373 1236 2432 alitequam
1300 2370 1504 2424 essent,
1537 2360 1824 2416 consulens
1875 2368 2074 2414 sancta:

502 2458 780 2512 catholiem
834 2466 887 2509 et
932 2454 1240 2523 apostolica:
1282 2452 1535 2505 Ecclesite
1590 2465 1719 2513 suae,
1747 2451 1884 2502 male
1946 2464 2073 2518 ope-

505 2550 739 2602 rantium
820 2545 1087 2599 versutias
1151 2542 1536 2613 prmoslendit,
1602 2541 1673 2593 ita
1759 2540 1944 2593 dicens
2021 2540 2072 2592 in

502 2637 810 2708 Evangeliis
841 2653 853 2690 :
887 2634 1148 2688 Attendite
1179 2650 1209 2685 a
1245 2632 1393 2702 falsis
1433 2631 1711 2699 prophetis,
1740 2630 1830 2700 qui
1868 2629 2073 2681 veniant

501 2729 569 2784 ad
606 2745 691 2782 uos
719 2727 775 2780 in
819 2723 1130 2778 vestimentis
1160 2722 1350 2781 ovium,
1381 2719 1683 2771 intrinsecus
1733 2727 1903 2769 autent
1955 2726 2073 2768 sunt

499 2819 610 2888 lupi
657 2833 867 2886 rapaces
921 2828 940 2867 :
989 2832 1020 2867 a
1049 2813 1302 2883 fructibus
1358 2826 1533 2863 eorum
1607 2808 1922 2877 cognoscetis
1987 2821 2073 2859 eos

484 2908 714 2979 '(Matth.
756 2908 887 2974 vn);
937 2919 1036 2972 per
1099 2918 1232 2972 quos
1287 2900 1532 2952 videlicet
1594 2897 1873 2970 manifeste
1921 2905 2072 2949 nota-

500 2999 578 3050 rit
623 2996 847 3048 lormam
927 2991 1272 3060 malignitatis
1334 3000 1387 3043 et
1444 2988 1744 3056 pravitatis,
1773 3001 1891 3053 quae
1955 2986 2075 3039 abs-

499 3099 666 3138 consa
688 3092 770 3137 est
795 3083 846 3136 iu
875 3079 1118 3136 interiori
1153 3079 1365 3132 homine
1391 3095 1403 3130 :
1437 3077 1526 3145 qui
1551 3089 1574 3116 α
1603 3077 1832 3144 speciem
1860 3075 2071 3143 quidem

499 3185 554 3230 et
585 3174 810 3229 formam
836 3172 1052 3243 pietatis
1093 3171 1478 3228 demonsttant,
1513 3168 1754 3220 actiones
1774 3183 1900 3219 vero
1927 3165 2075 3218 simi-

481 3262 582 3316 les
604 3261 852 3332 pessimis
877 3258 1265 3317 all‘ecliouibus,
1299 3272 1418 3324 qua:
1468 3255 1609 3308 circa
1665 3255 1895 3306 animam
1927 3260 2072 3315 sunt,

2176 2098 2356 2158 postea
2386 2090 2748 2158 ptenituerunt
2775 2091 2808 2130 ι)
2839 2107 2853 2143 :
2891 2091 2984 2145 sed
3011 2101 3067 2144 et
3092 2090 3374 2160 fugiendus
3401 2100 3458 2146 et
3479 2094 3747 2148 odieadus

2175 2179 2452 2244 omnibus;
2486 2181 2712 2249 quibus,
2743 2181 2834 2250 qui
2870 2181 2921 2236 in
2963 2183 3093 2236 orbe
3141 2191 3325 2236 nostro
3368 2191 3518 2247 sunt,
3549 2185 3654 2252 piis
3691 2194 3749 2239 et

2177 2271 2453 2326 industriis
2482 2273 2642 2325 etiam
2688 2271 2858 2342 magis
2894 2271 3116 2327 ell'ectus
3152 2281 3265 2336 est,
3308 2275 3535 2328 maxime
3555 2285 3744 2330 autem

2175 2369 2227 2413 et
2260 2360 2522 2429 praecipue
2549 2361 3048 2415 misericordissima
3082 2362 3361 2431 principali
3401 2374 3454 2418 et
3492 2365 3583 2418 Dei
3622 2382 3749 2434 pro-

2163 2450 2410 2502 videntia
2437 2459 2637 2504 sancta:
2667 2449 3030 2506 Romanorum
3062 2452 3313 2508 Ecclesia:
3339 2461 3391 2507 et
3413 2457 3750 2522 patriarcha-

2176 2541 2314 2595 libus
2355 2542 2561 2595 t‘hronis
2589 2543 2678 2610 qui
2713 2543 2762 2596 in
2794 2543 3026 2598 Oriente“
3051 2553 3208 2607 sunt,
3245 2545 3581 2600 manifestum
3618 2564 3745 2602 eum

2175 2631 2403 2684 faciente
2433 2645 2528 2700 per
2564 2633 2824 2701 pessimos
2853 2648 3151 2704 pravosqne
3186 2635 3421 2700 fractus,
3451 2651 3584 2706 quos
3619 2653 3746 2708 ger-

2175 2722 2415 2776 minavit.
2450 2722 2584 2777 lline
2619 2739 2748 2793 ergo
2782 2724 2984 2778 zelator
3013 2726 3152 2778 Deus
3179 2736 3232 2779 et
3263 2727 3520 2780 ultionum
3566 2727 3750 2782 Domi-

2177 2830 2310 2877 nus,
2337 2815 2426 2883 qui
2461 2815 2798 2869 adverSarios
2840 2832 2964 2869 suos
3009 2825 3064 2870 et
3106 2826 3506 2886 contemptores
3541 2819 3751 2874 auferri

2177 2905 2370 2958 divinae
2399 2903 2639 2972 justitite,
2667 2905 2828 2959 veluti
2875 2905 3100 2959 alterum
3137 2907 3306 2960 [ﬁliam
3344 2907 3560 2962 Zeloten
3593 2924 3751 2979 repe-

2176 2995 2350 3057 riens,
2400 2995 2766 3048 beatissimum
2822 3010 3009 3064 papam
3061 2994 3336 3050 Nicolaum
3389 2998 3644 3052 excitavit
3692 2999 3748 3053 in

2176 3086 2298 3137 auxi
2326 3086 2432 3137 ium
2456 3083 2696 3137 veritatis
2723 3101 2734 3136 :
2763 3084 2852 3151 qui
2883 3084 2936 3136 iu
2965 3082 3165 3153 Spiritu
3197 3093 3386 3138 sancto
3410 3095 3463 3140 et
3495 3084 3601 3155 lupi
3635 3086 3752 3155 pel-

2176 3175 2279 3228 lem
2307 3190 2403 3243 per
2434 3189 2495 3226 ea
2529 3190 2646 3242 qua:
2683 3174 2931 3241 scripsit,
2960 3177 3152 3228 crebro
3179 3175 3403 3244 dirupit,
3435 3185 3490 3228 et
3532 3177 3752 3230 interio-

2177 3280 2288 3320 rem
2323 3264 2582 3318 insaniam
2625 3271 2678 3317 et
2720 3264 2922 3317 rabiem
2955 3263 3292 3332 publicavit,
3317 3274 3369 3319 et
3398 3265 3571 3334 palam
3597 3266 3752 3321 exiti-

502 3361 817 3421 operantur.
863 3348 1154 3416 Propterea
1189 3361 1310 3399 mox
1361 3343 1535 3398 intulit
1567 3360 1580 3396 :
1620 3342 1870 3411 Nunquid
1925 3341 2073 3395 cotti-
2105 3365 2146 3424 Β
2174 3357 2308 3419 bu“,
2348 3355 2547 3424 Deique
2574 3368 2873 3409 sermonem
2893 3393 2907 3417 ν
2938 3355 3026 3422 ηυξ
3056 3364 3140 3408 ρει
3173 3354 3438 3408 discreto.-
3465 3355 3754 3424 οοεεωιεο.

488 3450 624 3511 ’gunt
650 3440 716 3498 de
750 3439 910 3502 spinis
947 3452 1118 3496 uvam,
1159 3444 1249 3487 aut
1290 3434 1353 3486 de
1382 3432 1586 3486 tribulis
1601 3433 1729 3501 ﬁcus
1746 3435 1772 3486 τ’
1797 3431 1881 3485 Ita
1904 3432 2070 3485 omnis

501 3531 659 3586 arbor
683 3531 814 3583 bona
835 3529 1035 3597 fructus
1060 3526 1219 3578 bonos
1251 3523 1395 3592 facit,
1421 3523 1559 3575 mala
1587 3533 1756 3575 autem
1786 3522 1940 3574 arbor
1959 3521 2074 3589 fru-

499 3633 614 3679 ctus
635 3622 798 3674 malos
838 3620 962 3689 facit
992 3617 1208 3688 (Matth.
1234 3615 1352 3683 vn).
1392 3614 1457 3668 Et
1492 3613 1781 3668 ostendens
1805 3614 1946 3682 quod
1981 3614 2075 3666 im-

474 3709 757 3783 possibile
783 3709 852 3761 sit
876 3723 939 3763 ea
973 3721 1091 3775 qua:
1135 3705 1357 3760 alterius
1381 3711 1504 3757 sunt
1531 3703 1744 3771 generis
1774 3703 1825 3755 in
1853 3702 2073 3756 alterius

503 3802 854 3857 transmutari
895 3811 1165 3863 naturam,
1198 3799 1454 3853 continuo
1489 3796 1709 3851 intulit:
1745 3794 1864 3848 Non
1910 3804 2073 3865 potest

502 3894 659 3946 arbor
695 3893 826 3946 bona
864 3893 1064 3961 fructus
1100 3889 1263 3942 malos
1306 3889 1509 3956 facere,
1551 3903 1710 3955 neque
1745 3887 1900 3940 arbor
1933 3884 2072 3938 mala

501 3987 705 4058 fructus
729 3984 887 4037 bonos
915 3983 1085 4052 facere
1107 3997 1125 4035 :
1147 3981 1310 4034 ontnis
1332 3979 1489 4032 arbor
1514 3994 1612 4032 non
1636 3977 1863 4044 fructum
1885 3977 2072 4029 bonum

423 4103 442 4113 ε
501 4077 699 4149 faciens
735 4075 1019 4137 excidetnr,
1045 4083 1092 4125 et
1123 4073 1177 4125 in
1206 4073 1372 4141 ignem
1404 4071 1649 4122 mittetur.
1681 4067 1864 4138 Itaque
1898 4085 1929 4121 α
1959 4067 2075 4136 fru-

501 4166 666 4221 ctibus
705 4181 884 4218 eorum
927 4163 1240 4232 cognoscetis
1279 4178 1364 4214 eos
1408 4159 1614 4229 (ΝΜ).
1659 4157 1882 4213 Photius
1912 4159 2076 4228 igitur

503 4264 587 4311 est
611 4256 771 4309 etiam
801 4253 1129 4323 temporibus
1161 4251 1357 4304 nostris
1396 4251 1478 4303 vir
1511 4235 1842 4320 malignitate
1879 4264 1944 4303 ac
1981 4263 2078 4302 ne«

503 4359 663 4414 quam
706 4358 868 4412 opere
923 4341 1136 4411 plenum
1185 4340 1491 4395 interiorem
1539 4339 1808 4393 hominem
1854 4338 2072 4400 habens,

505 4436 596 4506 qui
633 4443 850 4504 propter
878 4433 1135 4487 ambitum
1167 4441 1220 4486 et
1251 4445 1486 4484 amorem
1513 4431 1695 4500 gloria:
1715 4469 1730 4495 ,
1757 4439 1810 4483 et
1841 4439 1894 4482 ut
1922 4443 2077 4483 voca-

471 4541 476 4544 '
503 4534 655 4580 retur
680 4523 876 4586 Rabbi,
906 4523 1102 4576 bonum
1133 4536 1190 4575 se
1216 4535 1336 4573 esse
1380 4519 1628 4588 tingebat,
1659 4528 1715 4572 ct
1757 4517 1995 4572 habitum
2023 4525 2078 4570 et

502 4614 732 4670 fortnam
763 4611 977 4681 pietatis
1007 4611 1202 4664 habere
1233 4607 1539 4663 simulabat.
1574 4607 1626 4660 ln
1653 4606 1847 4675 quibus
1875 4614 1927 4659 cl
1951 4616 2076 4659 tunc

2165 3461 2331 3508 nmn,
2377 3454 2430 3498 et
2470 3444 2701 3514 gladium
2750 3443 2970 3512 spiritus
3003 3458 3306 3512 opponens,
3350 3445 3629 3498 confestim
3681 3459 3752 3500 ac

2171 3536 2352 3589 statim
2398 3537 2644 3588 arborem
2700 3533 2956 3588 radicitus
2998 3535 3331 3603 amputavit;
3382 3536 3578 3604 quippe
3624 3551 3751 3602 qua:

2162 3641 2347 3694 ineque
2395 3627 2529 3680 bene
2576 3625 2812 3694 plantata
2862 3625 3074 3685 fuerat.
3127 3642 3298 3696 neque
3325 3627 3532 3680 fructus
3575 3629 3751 3683 bonos

2171 3715 2425 3768 emiserat
2453 3731 2466 3768 :
2497 3723 2657 3782 atque
2685 3723 2972 3783 raptorem.
2996 3724 3050 3768 et
3079 3715 3282 3783 lupum,
3305 3724 3361 3769 et
3381 3726 3749 3785 grassatorem

2173 3804 2497 3866 animarum,
2523 3815 2772 3874 tanquam
2801 3805 3061 3859 latronem
3089 3815 3144 3859 et
3173 3805 3344 3860 furem
3375 3806 3663 3870 interiecit,
3690 3815 3752 3861 et

2173 3894 2502 3950 confusionis
2535 3897 2871 3955 sacerdotes.
2903 3895 2992 3964 qui
3034 3911 3155 3948 cum
3197 3910 3262 3949 eo
3303 3906 3494 3957 erant,
3539 3897 3752 3964 pariter

2163 3983 2473 4050 interemit;
2505 3986 2675 4056 magis
2698 3994 2877 4039 autem
2901 3986 3348 4054 quemadmodum
3371 3985 3506 4038 alter
3529 3986 3748 4055 Petrus,

2175 4072 2402 4126 alterum
2431 4073 2690 4126 Ananiam
2725 4072 2905 4126 furtim
2939 4071 3281 4150 auferentem.
3301 4073 3472 4127 aliena
3493 4115 3507 4137 ,
3531 4085 3585 4128 et
3622 4075 3751 4144 Spi-

2175 4164 2298 4217 ritui
2339 4173 2525 4218 sancto
2574 4164 2913 4217 mentientem
2939 4203 2954 4225 ,
2997 4179 3212 4217 suorum
3251 4165 3512 4218 sententia
3548 4167 3748 4221 verbo-

2176 4269 2292 4308 rum
2321 4255 2516 4308 oceidit
2557 4255 2693 4323 (Act.
2725 4256 2801 4325 ι),
2845 4255 3182 4310 ministrante
3213 4255 3456 4309 videlicet
3493 4264 3545 4311 et
3583 4255 3751 4312 ohseb

2175 4354 2370 4415 quenle
2397 4346 2589 4399 divinae
2618 4345 2871 4400 voluntati
2903 4355 3062 4415 atque
3082 4347 3319 4408 decreto,
3345 4345 3541 4400 Christi
3567 4347 3752 4403 amico

2175 4445 2229 4488 et
2268 4434 2522 4489 divinitus
2550 4435 2863 4504 gubernato,
2904 4450 2969 4490 ac
2998 4450 3179 4489 secum
3219 4434 3420 4490 ferente
3461 4451 3652 4490 nomen
3688 4447 3751 4503 (⁵,

2175 4523 2370 4577 Basilio
2404 4524 2509 4578 Deo
2537 4523 2858 4579 amicissimo
2889 4526 3210 4594 imperatore
3254 4536 3467 4588 nostro,
3497 4526 3585 4593 qui
3618 4527 3747 4580 uni-

2176 4611 2434 4666 versalcm
2465 4611 2722 4681 synodum
2764 4627 3125 4682 congregans,
3155 4627 3273 4682 qua:
3307 4613 3420 4666 visa
3451 4621 3576 4666 sunt
3615 4611 3746 4682 Spi-

475 4716 478 4720 '
502 4705 827 4774 imperantes
856 4703 1087 4756 traduxit
1116 4709 1276 4769 atque
1303 4699 1542 4762 seduxit;
1582 4709 1636 4753 et
1665 4713 1760 4768 per
1786 4699 2070 4752 lnunanant
2099 4702 2144 4764 (ζ
2177 4701 2299 4756 ritui
2330 4709 2538 4765 sancto,
2568 4701 2653 4769 pie
2680 4702 2906 4772 peregit,
2938 4703 3220 4772 reprobato
3253 4705 3464 4771 quidem
3491 4713 3547 4758 et
3569 4705 3748 4766 omni-

505 4795 987 4855 machinationem,
1017 4801 1072 4846 et
1110 4793 1310 4861 regiam
1354 4801 1671 4858 potestatem
1701 4799 1861 4854 atque
1890 4800 2074 4860 poten-

505 4885 663 4944 tiam,
695 4883 987 4936 Eerlesiam
1016 4890 1251 4935 nostram
1282 4882 1548 4943 obtinuit,
1589 4880 1822 4948 legitimo
1849 4889 1903 4933 et
1942 4879 2074 4933 bea-

506 4973 715 5027 tissimo
743 4989 952 5027 smnmo
981 4983 1193 5042 pastore
1223 4972 1362 5025 illius
1399 4981 1453 5024 et
1483 4971 1822 5024 sanctissimo
1851 4971 2077 5040 patriar-

503 5064 603 5120 cha
644 5063 844 5134 lguatio
888 5064 1065 5132 inique
1095 5062 1302 5132 dejeeto
1340 5073 1498 5132 atque
1532 5063 1753 5130 expulso
1786 5079 1798 5114 :
1831 5062 1921 5116 sed
1956 5070 2073 5132 post

501 5153 798 5226 paululum,
825 5162 879 5207 et
907 5170 1030 5208 mox
1061 5154 1282 5225 ﬁgurata
1307 5170 1532 5224 persona
1559 5155 1796 5217 sublata,
1828 5163 1882 5206 et
1902 5153 2070 5222 hypo-

501 5247 633 5300 crisi
677 5247 730 5301 in
760 5246 1102 5300 2molitionem
1131 5261 1387 5296 conversa
1408 5286 1421 5295 .
1452 5245 1721 5294 declarata
1755 5253 1840 5292 est
1887 5256 2072 5292 rursus

2182 4791 2353 4846 modis
2380 4791 2584 4860 dejecto
2607 4801 2768 4860 atque
2793 4791 3046 4861 abrogato
3069 4807 3164 4856 eo,
3203 4793 3292 4860 qui
3324 4793 3613 4847 secundum
3645 4808 3748 4846 an-

2183 4881 2478 4949 tiphraseos
2502 4889 2710 4948 tropum
2737 4882 3038 4934 nominatus
3059 4891 3141 4935 est
3167 4881 3384 4935 I’hotius
3403 4880 3455 4945 ά,
3479 4883 3750 4936 abdicatis

2180 4979 2356 5023 autem
2383 4977 2436 5021 et
2480 4969 2563 5022 bis
2605 4969 2694 5037 qui
2723 4971 2790 5022 ab
2819 4984 2884 5023 eo
2910 4970 3138 5038 promoti
3168 4980 3311 5033 sunt,
3335 4980 3390 5024 et
3417 4970 3470 5023 in
3501 4986 3749 5038 quocun-

2179 5076 2282 5128 qae
2310 5059 2474 5128 gradu
2507 5058 2868 5114 ecclesiastico
2895 5061 3190 5114 consecrati
3221 5080 3233 5114 :
3269 5061 3585 5129 quibusdam
3621 5061 3754 5130 qui.

2178 5150 2297 5205 dem
2342 5151 2531 5203 horum
2559 5148 2703 5204 omni
2742 5150 3106 5206 tantummodo
3143 5149 3460 5206 sacerdotali
3496 5150 3754 5220 catalogo

2177 5242 2417 5290 nritmlis.
2443 5256 2506 5285 eo
2527 5241 2666 5284 mmd
2691 5241 3058 5293 redarcnerint
3077 5250 3130 5292 et
3155 5242 3555 5296 renrobaveriut
3576 5241 3750 5298 etiam
