3960 5602
165 406 234 465 ΞΟ
874 400 1428 458 ΙΝΤΕΒΡΒΕΤΑΤΙΟ
1464 399 1716 459 SYNODI
1758 398 1869 455 Vill
1927 399 2341 457 CENERALIS.
2383 431 2452 442 --
2491 397 2694 458 ACTIO
2730 400 2774 457 I.
3386 404 3461 459 30

170 516 501 592 ηιιίιιιιαιιω
534 523 718 571 autem
759 529 863 568 ttna
908 528 1031 567 cum
1062 513 1177 583 ipso
1218 510 1479 566 abdicatis
1516 510 1674 566 simul
1712 518 1765 564 et
1794 512 1839 572 Α
1870 508 1958 575 lis,
2006 510 2307 581 Nicephoro
2339 512 2585 566 videlicet
2620 512 2729 567 Deo
2771 512 3145 571 amantissimo
3184 519 3429 588 motmpo

171 606 692 672 anathematizatis,
721 620 788 661 eo
826 606 969 675 quod
1009 614 1306 659 sectatores
1348 601 1465 671 ejus
1490 612 1546 657 et
1573 618 1770 657 conso-
1872 599 1965 654 lita
2012 601 2261 664 Aumsim,
2294 598 2503 656 Joanne
2545 602 2658 657 Deo
2700 603 3078 661 amantissimo
3114 605 3455 681 metropolita

174 710 366 755 nantes
400 698 462 753 in
490 698 750 753 omnibus
796 696 965 766 ipsius
1011 712 1240 765 nequam
1279 693 1534 765 operibus
1581 695 1771 763 deprc-
1873 691 2025 751 Silci.
2069 692 2250 748 Niccta
2287 694 2395 748 Deo
2423 693 2794 747 amantissimo
2827 695 3167 763 metropolita
3218 696 3460 751 Athena-

175 790 324 847 ltensi
359 789 480 845 sint
517 806 535 843 :
568 788 791 857 insuper
812 796 868 843 et
895 784 1268 851 lconomachi,
1293 785 1385 854 qui
1416 791 1605 838 contra
1642 798 1771 838 san-
1874 800 2013 849 rum,
2070 784 2420 854 Metrophaue
2480 783 2589 839 Deo
2661 785 3039 839 amantissimo
3108 785 3452 856 mctropolita

177 878 743 937 ctasetvenerabilcs
774 877 1038 947 imagines
1075 875 1269 946 impios
1296 883 1351 928 et
1382 873 1538 929 lscsos
1580 886 1772 927 sensus
1874 875 2154 948 Smyrnae,
2210 876 2469 932 Micltaele
2522 876 2635 930 Deo
2683 878 3059 932 amantissimo
3112 878 3456 948 metropolita

176 974 407 1037 habent;
452 971 510 1026 id
540 979 627 1026 est
654 966 882 1038 quod'ct
922 966 996 1021 illi
1022 963 1441 1022 existimationis
1467 969 1523 1016 cl
1551 962 1774 1015 damna-
1873 965 2069 1044 Rhodi,
2092 966 2324 1038 Georgio
2348 968 2458 1021 Deo
2481 967 2853 1021 amantissium
2875 968 3127 1037 episcopo
3150 967 3457 1038 lliopulcos,

180 1062 335 1117 tionis
357 1066 701 1129 acceperunt
727 1058 1002 1112 decretum
1030 1063 1193 1125 atque
1216 1052 1562 1113 sententiam,
1592 1064 1794 1105 corro-A
1874 1056 2037 1112 Petro
2086 1057 2196 1112 Deo
2245 1056 2621 1113 amantissimo
2674 1057 3212 1128 episcopofl‘roadis,
3269 1057 3458 1115 Niceta

180 1153 365 1206 iurato
388 1148 654 1204 videlicet
681 1157 739 1203 et
764 1145 1099 1203 incardinato
1126 1144 1448 1217 regulariter
1492 1153 1655 1213 atque
1684 1156 1773 1213 sy-
1874 1146 1985 1201 Deo
2003 1146 2373 1203 amantissimo
2385 1147 2641 1217 episeopo
2659 1146 2997 1217 Ccphaludii,
3019 1147 3327 1214 Anastasio,
3355 1144 3456 1221 [aL

182 1242 363 1296 nodice
387 1241 443 1294 in
468 1239 695 1310 propria
714 1239 842 1295 sede
858 1238 1080 1309 lgnatio,
1102 1234 1447 1292 sanctissimo
1467 1233 1746 1305 patriarch:

1890 1240 2194 1316 ithanasio]
2251 1241 2364 1296 Deo
2406 1241 2784 1297 amantissimo
2839 1240 3093 1312 cpiscOpo
3142 1240 3454 1310 Magnesiae,

181 1331 802 1401 Constantinopolitano,
841 1330 912 1387 ita
949 1339 1008 1385 ut
1055 1344 1197 1385 nunc
1240 1328 1436 1384 divina:
1479 1326 1745 1394 Scriptum

1889 1332 2179 1404 ilicephoro
2206 1331 2317 1387 Deo
2357 1331 2732 1387 amantissimo
2754 1330 3005 1401 episcopo
3034 1328 3306 1394 Crotonm,
3337 1330 3453 1385 An-

182 1423 514 1493 oompleatar
533 1422 839 1492 eloquium,
862 1422 1004 1490 quod
1029 1420 1197 1477 dicit:
1231 1416 1746 1493 Perfeclt'ofrcclormt

1891 1424 2024 1480 .onio
2067 1424 2180 1479 Deo
2224 1423 2597 1478 amantissimo
2633 1422 2887 1493 episcopo
2908 1419 3063 1486 Alisi,
3092 1427 3147 1475 et
3192 1417 3455 1473 Michaele

185 1513 389 1566 ddecet
420 1529 542 1577 eos,
582 1520 633 1565 et
675 1509 1028 1582 supplautnlio
1070 1509 1453 1579 reprobandum
1494 1506 1749 1573 cap:ivubi

1895 1517 1987 1573 )eo
2007 1514 2382 1570 amantissimo
2412 1514 2672 1584 episcopo
2693 1512 3050 1584 Cercyrorum
3081 1526 3096 1565 :
3127 1506 3459 1566 sanctissimi

186 1619 265 1657 eos
298 1601 486 1674 (Ρτοιι.
515 1602 581 1671 ι).
1060 1612 1067 1620 ·

1895 1607 2065 1665 ίὶοπίἰ
2093 1605 2325 1662 senioris
2351 1606 2536 1661 Roma:
2554 1616 2611 1659 et
2642 1603 2880 1659 Orientis
2896 1603 3149 1658 dixerunt
3174 1617 3188 1655 :
3219 1589 3459 1657 sedeant

726 1690 969 1746 lNClPiT
1012 1689 1237 1745 ΑΟΤΙΟο
1790 1734 1795 1743 ι
1875 1697 2172 1753 secundum
2197 1695 2441 1754 ordinem
2470 1710 2647 1757 suum,
2677 1694 2802 1763 quia
2842 1692 2987 1763 digni
3014 1701 3163 1756 sunt,
3192 1700 3243 1744 et
3270 1691 3459 1746 beatos

250 1784 305 1839 ιιι
349 1784 575 1839 nomine
628 1783 829 1847 Patris.
883 1793 940 1838 et
990 1783 1134 1847 Filii.
1189 1792 1246 1838 ει
1283 1780 1521 1851 Spiritus
1572 1779 1764 1835 sancti.
1874 1800 1930 1843 ct
1965 1799 2047 1843 ter
2094 1788 2281 1843 beatos
2317 1785 2416 1841 bos
2456 1786 2810 1840 aestimamus.
2871 1783 2937 1839 Et
2996 1780 3310 1835 sedentibus
3353 1779 3454 1843 eis,

188 1874 368 1929 Amen.
395 1874 558 1927 Anno
595 1873 758 1927 tertio
799 1872 1112 1927 consulatus
1137 1872 1433 1926 amicorum
1464 1870 1666 1926 Christi
1712 1883 1752 1924 ei

1894 1893 2024 1937 dans
2070 1881 2126 1935 in
2170 1878 2348 1935 medio
2392 1877 2640 1932 Bahanes
2670 1875 3065 1930 famosissimas
3114 1871 3376 1943 patricius
3402 1878 3458 1925 et

187 1963 551 2045 piissimorum
580 1962 969 2032 imperatorum
995 1970 1305 2021 nostrorum
1336 1959 1520 2017 Basilii
1550 1968 1608 2014 et
1627 1957 1751 2012 Cou-

1894 1973 2210 2043 mepositus,
2237 1971 2303 2025 ad
2341 1977 2586 2027 sanctam
2616 1968 2879 2039 synodum
2903 1966 3041 2021 dixit
3093 1978 3107 2017 :
3152 1963 3458 2033 imperator

188 2052 409 2107 stantini
432 2061 823 2123 perpetuorum
849 2054 1238 2121 Augustorum,
1270 2051 1564 2107 indictione
1585 2050 1747 2107 tertia

1928 2074 2057 2121 »διω-
2104 2071 2325 2118 sanctus
2375 2059 2857 2132 epanagnosticum
2890 2066 2913 2096 ε
2956 2053 3278 2117 transmisit,
3327 2050 3492 2135 etsi.

186 2157 368 2198 mense
387 2142 665 2205 Octobris,
685 2142 779 2198 die
817 2142 1031 2213 quinta,
1063 2141 1197 2205 feria
1225 2152 1443 2211 quarta,
1478 2141 1750 2211 propositi:

1894 2155 2085 2217 ubelis,
2126 2162 2181 2209 ct
2220 2153 2400 2223 placet
2426 2151 2605 2215 vobis,
2653 2148 2913 2204 recitetur
2941 2159 3125 2201 coram
3157 2151 3344 2199 sancta
3368 2156 3458 2213 sy-

186 2235 436 2305 pretiosis
458 2245 514 2289 et
546 2236 778 2290 vivilicis
809 2235 970 2305 lignis
995 2242 1051 2289 et
1094 2228 1431 2290 intemeratis
1455 2234 1647 2291 salutis
1673 2250 1745 2288 no

1892 2246 2031 2299 tollo.
2060 2242 2401 2299 Sanctissimi
2431 2239 2614 2296 vicarii
2645 2237 2877 2294 senioris
2912 2237 3094 2291 nonne
3123 2249 3187 2290 ac
3210 2232 3453 2290 Orientis

181 2333 306 2383 m
336 2325 645 2395 Ενεηεθιίὶε
691 2326 746 2381 Ῐη
790 2326 997 2381 “aliis
1042 2326 1286 2396 ικινιίιμιε
1333 2326 1783 2389 (ἴθιθειιηιιμθιιίοσ
1871 2335 2170 2391 dixerunt:
2216 2332 2426 2389 Placuit
2454 2330 2609 2386 nobis
2639 2345 2839 2385 sermo.
2873 2328 2940 2383 Et
2968 2326 3243 2396 accipiens
3271 2323 3455 2379 Theo-

182 2431 299 2470 rum
328 2430 356 2457 ι
385 2417 811 2472 nominatissimi
839 2417 1022 2486 templi
1052 2426 1253 2472 sancta:
1278 2432 1341 2471 ac
1385 2415 1565 2486 magni
1597 2416 1743 2481 atomi

1884 2426 2038 2483 lorus
2073 2424 2158 2480 vir
2194 2424 2420 2479 devotus
2450 2438 2479 2475 ιι
2530 2419 2756 2476 secretis
2790 2418 2923 2490 legit
2956 2437 2970 2473 :
3002 2416 3139 2473 Cum
3179 2416 3360 2472 divina
3391 2421 3448 2470 et

182 2512 267 2566 nis
309 2510 530 2580 Sophim
560 2527 574 2562 :
604 2507 1058 2567 convenientibus
1109 2515 1288 2561 autem
1320 2507 1533 2570 Donato
1558 2513 1612 2560 et
1650 2504 1746 2559 Ste

1898 2514 2260 2588 tenignissima
2288 2512 2625 2585 providentia
2654 2511 2813 2567 nobis
2848 2507 3210 2579 gubernacula
3242 2505 3462 2562 univer-

182 2602 379 2673 pltattn,
412 2600 525 2657 Deo
543 2598 954 2657 amabilissimis
973 2598 1266 2668 episcopis,
1297 2608 1354 2652 et
1372 2596 1583 2661 Marino
1611 2611 1745 2651 vene

1892 2609 1998 2663 talis
2022 2608 2180 2662 navis
2204 2605 2587 2669 commisisset,
2618 2618 2779 2658 omne
2812 2602 3047 2656 studium
3104 2596 3456 2668 arripuimus,

185 2691 603 2751 rabilidiacono,
631 2689 808 2744 locum
834 2689 1142 2745 tenentibus
1163 2688 1407 2752 Adriani,
1436 2688 1768 2742 sanctissimi
1872 2710 1926 2754 ει
1971 2709 2099 2753 ante
2147 2697 2391 2769 publicas
2441 2709 2626 2757 curas,
2653 2691 3055 2749 ecclesiasticas
3083 2686 3461 2743 contentiones

182 2800 249 2841 ac
280 2783 585 2838 beatissimi
616 2779 1015 2851 archiepiscopi
1042 2777 1277 2834 senioris
1315 2776 1521 2840 Romae.
1547 2787 1598 2833 et
1622 2776 1746 2846 lgna

1894 2788 2223 2851 lissolvendi,
2261 2796 2316 2842 ct
2363 2784 2650 2856 procellas,
2682 2796 2802 2853 qua:
2832 2796 2929 2851 per
2972 2779 3174 2834 multos
3194 2791 3367 2834 annos
3387 2790 3458 2832 ex

184 2875 261 2931 tio
304 2869 790 2929 honorabilissimo
846 2868 1254 2939 archiepiscopo
1296 2867 1477 2937 magni
1534 2866 1748 2921 nomini:

1892 2880 2072 2936 nvidia
2118 2877 2351 2934 odientis
2395 2878 2598 2931 bonum
2653 2883 2857 2929 summe
2903 2885 3155 2941 expansa:
3207 2877 3365 2933 sunt,
3400 2868 3456 2924 in

184 2960 734 3032 Constantinopoleos
775 2974 930 3015 nova:
960 2958 1166 3023 Romm,
1200 2968 1257 3012 et
1282 2956 1645 3013 sanctissimis
1695 2954 1745 3008 vi

1896 2968 2121 3023 dabilem
2183 2964 2638 3038 tranquillitatem
2690 2978 2783 3032 per
2843 2960 3118 3016 meliorem
3167 2957 3460 3029 quamdam

184 3060 343 3114 cariis
360 3056 632 3120 Orientis,
673 3053 883 3110 Thoma
908 3052 1158 3107 videlicet
1185 3051 1529 3107 sanctissima
1564 3056 1748 3103 metro

1896 3059 2239 3114 provisionem
2270 3054 2628 3111 transferendi
2664 3070 2679 3109 :
2723 3053 2812 3108 hic
2863 3052 3100 3122 quidem,
3132 3050 3342 3105 munito
3372 3048 3460 3105 dio

185 3151 344 3221 ΡυΙῖιει
367 3149 528 3219 TY“,
561 3147 737 3201 locum
780 3153 998 3199 ιθηθιηθ
1022 3144 1166 3198 “(iis
1190 3141 1510 3205 Διιιίθειιίευι
1537 3154 1602 3194 εο
1627 3138 1769 3209 ll"0d
1807 3214 1842 3221 _
1876 3149 2075 3204 vinitus
2115 3145 2342 3217 imperio
2385 3155 2571 3199 nostro
2603 3157 2818 3213 semper
2869 3143 2971 3196 hoc
2997 3140 3324 3195 desiderium
3362 3154 3459 3211 ge—

185 3243 368 3296 eadem
412 3239 639 3293 viduata
674 3243 825 3292 esset
880 3234 1155 3298 Ecclesia;
1192 3240 1251 3289 et
1281 3232 1393 3288 Elia
1425 3231 1519 3288 Dei
1564 3229 1772 3286 cultore
1799 3214 1844 3279 C
1879 3250 2048 3303 reme,
2078 3246 2135 3292 ρι
2182 3214 2252 3292 in.
2280 3244 2643 3307 opportunum
2688 3247 2809 3288 esse
2831 3233 3036 3303 optime
3069 3228 3461 3301 perpendentc,

184 3334 507 3405 presbytero
560 3339 619 3385 et
666 3326 929 3400 syncello,
978 3326 1156 3381 locum
1214 3334 1434 3381 tenente
1476 3321 1745 3381 Theodosi

1892 3346 1938 3386 tc
1962 3331 2031 3386 ab
2058 3328 2177 3384 aliis
2200 3325 2656 3398 patriarehalibus
2672 3324 2889 3379 sedibus
2906 3322 3141 3377 vicarios
3165 3321 3456 3388 adducere,

183 3421 512 3480 sanctissimi
586 3418 984 3489 archiepiscopi
1047 3416 1193 3473 sedis
1251 3413 1780 3486 Hierosolymorum.
1872 3431 2091 3494 propter
2120 3420 2234 3492 jam
2286 3419 2487 3475 dictam
2513 3432 2756 3479 causam,
2792 3416 3091 3487 judicante,
3137 3423 3462 3484 cooperatus

184 3515 386 3571 Deinde
419 3511 721 3569 secundum
763 3508 1066 3578 iussionem
1100 3508 1411 3579 amicorum
1466 3504 1666 3569 Christi
1717 3520 1748 3559 e

1898 3525 1958 3568 :st
1987 3511 2274 3568 intentioni
2321 3509 2606 3581 gubernati
2638 3507 2898 3565 divinitus
2923 3504 3133 3576 imperii
3171 3504 3342 3560 nostri
3366 3519 3462 3561 so.

182 3605 554 3677 piissimorum
578 3615 901 3671 magnorum
930 3600 1318 3669 imperatorum
1341 3606 1650 3653 nostrorum
1670 3594 1746 3659 Ba

1900 3621 1958 3661 us
1999 3603 2223 3659 inﬁnitae
2260 3601 2521 3673 potentia:
2557 3613 2653 3655 rex
2705 3609 2760 3654 et
2801 3597 3053 3668 princeps
3084 3597 3253 3669 pacis,
3295 3605 3376 3663 et,
3400 3605 3464 3653 ut

184 3699 283 3756 Silii
308 3709 367 3759 et
390 3695 764 3760 Constantini,
796 3694 1155 3765 przesentibus
1179 3702 1233 3749 ct
1279 3692 1625 3751 audientibus
1652 3690 1775 3753 laus
1875 3696 2138 3768 aspicitis,
2156 3694 2440 3749 consilium
2459 3701 2701 3747 nostrum
2734 3689 3045 3759 complevit,
3068 3698 3124 3744 ct
3146 3688 3202 3743 in
3225 3688 3470 3760 idipsum-

186 3789 540 3846 ωίιῖεείπιίε
562 3787 832 3859 Ρθιτίθίίδν
862 3786 1113 3841 “deum
1148 3782 1435 3840 TlleOdOI‘O
1460 3782 1778 3847 lattdabi'isa
1875 3792 2166 3850 convenire
2192 3799 2354 3861 atque
2382 3800 2713 3843 concurrere
2751 3784 2900 3850 fecit,
2933 3799 2962 3838 a
2993 3783 3194 3838 seniori
3237 3783 3463 3853 quidem

187 3882 320 3937 timo
358 3879 593 3951 patricio
635 3887 693 3934 et
715 3877 1028 3950 prteposito,
1064 3874 1320 3931 Hemerio
1346 3874 1777 3937 lalldabiliSSimO.
1876 3885 2047 3941 Roma
2074 3884 2357 3955 episcopos
2384 3881 2540 3943 duos,
2578 3888 2633 3933 et
2661 3879 2948 3933 diaconum
2985 3892 3150 3931 unum
3181 3877 3248 3931 de
3270 3875 3471 3931 deﬁni-

186 3972 511 4044 Ρωθοηειιιθ
568 3985 636 4024 3“-
691 3969 944 4041 ρθινίοῑο,
1000 3967 1298 4039 Τὴεοριιίιο
1346 3967 1777 4028 Ιτιυάειιὶίιίεθῖηιο
1879 3977 1947 4033 tis
1973 3985 2201 4046 septem,
2228 3973 2513 4044 prudentia
2544 3981 2601 4026 et
2630 3969 2900 4025 intellectu
2932 3985 2996 4024 ac
3025 3970 3130 4023 vita
3166 3967 3467 4025 venerabili

188 4063 510 4133 proconsule
561 4077 628 4116 ac
681 4060 933 4131 patricio,
979 4058 1162 4114 Leone
1194 4056 1623 4113 landabilissimo
1646 4072 1752 4127 pro

1900 4070 2160 4125 lecoratos
2203 4066 2268 4134 τις
2300 4068 2368 4121 ab
2418 4065 2642 4121 Oriente
2674 4078 2805 4116 vero
2834 4063 3245 4132 protothroaum
3273 4059 3464 4115 Antio-

190 4154 408 4210 eonsnle
453 4169 521 4209 ac
548 4153 801 4222 patricio,
832 4150 1043 4206 Joanne
1070 4149 1498 4205 laudabilissimo
1541 4148 1754 4219 patricii

1912 4160 2112 4226 hian,id
2140 4167 2243 4223 est,
2275 4156 2673 4213 sanctissimum
2707 4152 3099 4222 metropolitani
3129 4152 3280 4224 Tyri,
3309 4151 3471 4229 omni:

194 4260 254 4300 ³⁸
306 4244 585 4316 ιοςοιὶιειει
635 4241 975 4299 θιεοθιίτοηιί
1017 4241 1083 4307 ¹³ν
1124 4240 1308 4296 Leone
1353 4238 1776 4299 ιθυάθιθίίῖεείιηο
1878 4252 2180 4313 reverentia
2208 4249 2422 4320 plenum
2454 4265 2473 4302 :
2498 4264 2527 4301 a
2557 4245 3041 4315 llicrosnlymitana
3064 4252 3244 4299 autem
3271 4250 3469 4298 sancta-

193 4337 416 4405 patricio
461 4345 519 4390 et
548 4334 858 4389 domestico
905 4332 1312 4395 excubitorum,
1371 4328 1540 4387 Paulo
1590 4329 1757 4385 lauda-

1899 4343 1973 4397 )ei
2001 4341 2262 4405 Ecclesia,
2290 4350 2477 4395 sancta
2509 4337 2757 4393 videlicet
2794 4336 2948 4400 Sion,
2977 4336 3043 4389 de
3078 4350 3181 4404 qua
3208 4334 3341 4387 exiit
3366 4332 3463 4403 qui

193 4423 455 4481 bilissimo
522 4426 752 4495 patricio
802 4432 861 4479 et
904 4424 1145 4494 eparclto
1222 4423 1624 4493 prmloriowm.
1665 4422 1777 4478 Μει-
1877 4434 2232 4504 prophetatus
2268 4438 2376 4495 est,
2403 4438 2458 4485 et
2506 4443 2643 4483 nova
2700 4427 2804 4489 lex,
2832 4435 2891 4480 ct
2918 4426 3185 4480 discretor
3214 4425 3460 4478 omnium

194 4515 345 4571 nuele
361 4514 789 4571 laudabilissimo
813 4515 1060 4585 patricio,
1085 4513 1489 4585 Theopltylacto
1506 4513 1758 4569 laudabi'-

1899 4526 2118 4595 gentium
2146 4521 2356 4579 Domini
2387 4536 2586 4583 sermo,
2638 4518 3035 4573 sanctissimum
3061 4515 3357 4587 syucellum
3385 4515 3463 4569 vi-

195 4604 396 4662 lissimo
453 4605 719 4676 patricio,
778 4574 1076 4659 Plctronace
1130 4574 1553 4659 lattdaliilissimo
1604 4603 1759 4674 patri-

1912 4634 1999 4672 um
2030 4615 2404 4688 apostolicum,
2434 4622 2489 4667 et
2518 4611 2665 4666 omni
2697 4609 2959 4680 sapientia
2988 4608 3168 4662 divina
3195 4615 3250 4661 et
3278 4607 3464 4662 Imma-

198 4698 299 4768 εἰσ,
325 4707 384 4755 et
412 4698 604 4754 OreSte
636 4696 1078 4769 protospathario
1104 4705 1161 4750 et
1208 4694 1509 4750 domestico
1526 4703 1762 4766 ycauato

1901 4723 1950 4761 ta
1980 4707 2262 4762 refertum.
2306 4703 2473 4774 igitur
2519 4700 2898 4772 cooperatione
2946 4708 3001 4753 et
3031 4698 3205 4771 gratia
3262 4696 3465 4775 Christi

197 4803 313 4848 mm
357 4788 717 4866 [parentum].
759 4787 858 4845 His
875 4804 1005 4860 ergo
1040 4789 1407 4862 congregatis,
1449 4788 1761 4844 sanctissinr

1904 4800 2258 4856 miversorum
2285 4798 2449 4868 regis,
2479 4803 2535 4850 et
2573 4793 2669 4849 Dei
2711 4801 2906 4848 cuncta
2935 4789 3190 4856 tenentis,
3217 4789 3322 4855 his,
3346 4804 3468 4860 qute

197 4885 379 4940 vicarii
424 4883 656 4940 senioris
683 4882 892 4947 Romae,
924 4891 980 4937 et
1012 4881 1253 4953 lgnatius
1280 4880 1659 4936 sanctissimus
1690 4895 1761 4935 ar-

1904 4909 2046 4949 n'ava
2074 4889 2326 4948 omnibus
2352 4889 2504 4945 vobis
2531 4902 2653 4943 esse
2689 4884 3037 4949 videbantur,
3070 4883 3123 4938 in
3154 4882 3380 4948 directa,
3412 4889 3468 4936 et

201 4977 572 5049 chiepiscopus
620 4974 1188 5047 Constantinopoleos,
1258 4988 1317 5031 et
1372 4975 1765 5032 honoratissimi

1912 4985 2093 5056 npcris
2118 4983 2172 5038 in
2197 4980 2319 5036 vias
2338 4979 2548 5051 planas,
2595 4976 2940 5049 imperatoria
2971 4973 3250 5048 diligentia
3275 4981 3330 5028 et
3356 4982 3476 5028 stu-

201 5067 383 5122 τίατίί
405 5064 647 5122 (hiemis
671 5066 926 5121 δίκθτυηι
957 5084 969 5119 ⁵
997 5064 1376 5137 “Siciliam”?
1400 5066 1636 5138 ομίδοορί
1667 5082 1782 5124 0""
1883 5077 1972 5133 dio
2002 5087 2187 5134 nostro
2232 5071 2544 5136 translatis,
2575 5085 2987 5132 commonemus
3017 5078 3072 5125 et
3113 5068 3471 5123 cohortamur

206 5170 316 5221 “es,
343 5155 1018 5227 ειυθιιιυοιιειδοτθνεηιηι
1039 5164 1463 5210 θῑοθνίθνονιηη
1489 5171 1588 5226 ρνο
1614 5156 1779 5212 Verbo
1883 5184 2073 5226 omnes
2119 5180 2238 5231 vos,
2261 5163 2480 5227 fratres,
2532 5173 2594 5217 ut
2621 5176 2743 5217 cum
2782 5159 2950 5215 multo
2987 5161 3194 5232 pudore
3231 5172 3296 5212 ac
3320 5169 3472 5211 reve-

207 5250 462 5315 vcritatis,
494 5257 677 5321 utpote
717 5247 1070 5305 consentanei
1100 5247 1291 5320 lgnatii
1324 5249 1651 5306 sanctissimi
1692 5265 1771 5304 αι’·

1905 5263 2057 5318 entia
2086 5254 2426 5315 conveniatis
2454 5252 2521 5307 ad
2554 5261 2797 5310 sanctam
2854 5252 2995 5308 hanc
3024 5262 3081 5309 et
3108 5248 3469 5305 universalem

211 5339 524 5408 cbiepiseopi
547 5337 1109 5407 Constantinopoleos.
1138 5341 1205 5397 Et
1236 5339 1670 5410 ingredientibus
1716 5341 1781 5397 il-
1884 5357 2173 5429 synodum,
2220 5360 2476 5419 tanquam
2517 5357 2574 5402 et
2614 5358 2982 5411 communem,
3009 5354 3064 5400 et
3089 5340 3356 5399 universis
3376 5352 3473 5407 ap-

276 5531 305 5558 ι
324 5508 737 5563 (insulisin-Iasio
766 5516 1028 5560 dicunt":
1062 5515 1172 5564 imm
1204 5520 1255 5564 in
1287 5513 1490 5560 atlilme
1508 5519 1775 5560 natnnlm.

731 5537 737 5556 ι
766 5516 1028 5560 dicunt":
1062 5515 1172 5564 imm
1204 5520 1255 5564 in
1287 5513 1490 5560 atlilme
1508 5519 1775 5560 natnnlm.
1885 5533 2295 5574 εηιηνηνοιηιην.
