3960 5398
524 462 588 519 3|
1676 456 1811 513 ANA
1821 455 2039 514 STASH
2075 456 2617 517 BlBlJOTHECARll
3711 455 3779 511 δὲ

531 588 660 639 tam,
716 585 878 631 atoue
906 565 1022 632 sine
1060 575 1227 630 livore
1273 575 1556 641 medelam,
1596 573 1794 629 nullam
1844 573 2092 629 vitiosam
2121 579 2172 637 Α
2197 574 2510 644 tinopolim,
2545 583 2810 644 quatenus
2837 589 2991 629 error
3019 582 3074 630 et
3103 574 3308 629 zizania
3343 575 3777 646 exsul-parentur

526 667 820 721 motionem
866 676 948 721 vet
992 664 1242 719 allectum
1290 664 1544 731 ferentes,
1578 678 1676 718 nec
1703 662 1770 717 ad
1795 663 2098 718 contentio-

526 770 643 810 sam
669 754 998 811 voluntatem
1028 753 1398 823 respicientes,
1428 752 1522 806 sed
1546 752 1724 821 potius
1756 751 1895 806 vinci
1937 752 2094 817 bene,

489 838 491 842 ⁴
525 860 689 913 quam
717 844 934 900 vincere
980 841 1320 912 culpabiliter
1346 857 1410 895 ac
1462 840 1662 910 injuste
1695 840 1949 895 scientes.
2008 840 2098 895 Sic

524 936 670 991 enim
694 935 1081 1004 unusquisque,
1125 932 1217 1001 qui
1262 932 1509 986 vitiatum
1560 931 1868 986 interiorem
1895 931 2100 1000 patitur

524 1023 822 1088 hominem,
884 1022 1170 1077 sanitatem
1208 1029 1262 1075 et
1290 1029 1555 1097 aeternam
1597 1019 1821 1074 salutem
1856 1020 2092 1090 recipiet.

523 1113 593 1167 At
617 1129 742 1178 vero
762 1121 815 1168 et
836 1113 903 1168 ad
935 1112 1189 1181 vosipsos
1213 1110 1654 1165 acclamationem
1683 1109 1892 1185 imperii
1925 1109 2092 1164 nostri

524 1204 906 1273 proponimus;
939 1202 1135 1274 quippe
1176 1202 1265 1270 qui
1295 1210 1620 1279 potestatem
1651 1201 1888 1272 synodici
1904 1201 2093 1271 judicii

521 1293 778 1349 divinitus
812 1293 1112 1362 accepisﬁis.
1164 1292 1376 1348 Etenim
1430 1308 1528 1348 vos
1574 1292 1822 1347 veritatis
1866 1307 1986 1348 esse
2030 1308 2095 1347 ac

519 1382 716 1438 divina:
759 1380 1003 1451 juStitiar,
1034 1383 1327 1437 secundum
1361 1366 1502 1451 quod
1528 1391 1611 1436 est
1658 1382 1932 1452 possibile,
1962 1381 2094 1437 dile-

519 1482 696 1529 ctores
716 1482 771 1529 et
789 1474 1095 1529 imitatores
1117 1489 1452 1544 nequaquam
1483 1473 1700 1543 quidem
1727 1474 2048 1545 ambigimus
2074 1491 2088 1528 :

518 1564 613 1619 scd
642 1573 704 1620 ut
728 1573 783 1621 et
807 1555 917 1620 Deo
946 1564 1211 1633 munitum
1262 1564 1546 1634 imperium
1597 1573 1863 1630 nostrum,
1899 1580 2092 1620 secun-

518 1658 646 1713 dmn
668 1660 850 1717 datam
889 1658 989 1713 sibi
1015 1659 1294 1730 potestatis
1323 1673 1648 1720 mensuram,
1677 1658 1728 1712 in
1764 1646 2092 1714 ecclesiasti-

517 1749 598 1803 cis
645 1749 875 1819 negotiis
924 1748 1056 1804 nihil
1101 1751 1330 1805 tacuisse
1356 1758 1599 1821 patescat
1629 1730 1815 1806 eorum
1857 1752 2093 1827 quande-

517 1841 716 1893 bentur
739 1849 902 1910 atque
930 1843 1290 1909 conveniunt;
1321 1843 1658 1912 deposcimus
1682 1856 1743 1921 et
1775 1843 2087 1917 religionem

2200 667 2266 722 de
2305 668 2533 722 ecclesia
2578 666 3117 735 Constantinopoleos
3149 684 3162 721 :
3201 676 3256 721 et
3297 681 3425 722 ecce
3461 667 3634 738 gratia
3680 668 3807 726 Dei

2201 756 2442 811 venimus
2479 756 2531 810 in
2568 765 2858 827 conspectu
2904 765 3215 811 sanctorum
3252 758 3681 827 imperatorum,
3722 769 3779 817 et

2199 844 2497 912 reperimus
2527 845 2579 899 in
2610 845 2798 900 eadem
2834 854 3021 901 sancta
3058 844 3778 918 Constantinopolitanorum

2195 935 2436 993 Ecclesia
2464 938 2863 994 sanctissimum
2886 929 3247 1010 patriarcham
3277 940 3563 1011 lgnatium,
3585 950 3641 997 et
3665 957 3779 1014 pra

2195 1028 2445 1083 manibus
2471 1028 2729 1083 habemus
2754 1029 3061 1099 epistolam,
3089 1044 3249 1098 quam
3280 1031 3582 1086 transmisit
3609 1031 3779 1104 impe—

2197 1117 2361 1172 ratori
2392 1116 2766 1172 sanctissimus
2794 1132 2929 1188 papa
2960 1116 3278 1181 Hadrianus,
3311 1117 3402 1187 qui
3430 1119 3592 1173 etiam
3618 1128 3776 1190 pote-

2194 1215 2387 1262 statem
2418 1206 2572 1262 nobis
2607 1206 2784 1272 dedit,
2815 1214 2874 1261 ut
2893 1248 2907 1273 ,
2939 1207 3233 1263 secundum
3261 1208 3402 1277 quod
3429 1209 3778 1269 beatissimus

2174 1310 2327 1366 papa
2353 1292 2605 1351 Nicolaus
2632 1297 2898 1366 disposuit
2921 1297 2989 1352 de
3015 1305 3200 1353 sancta
3224 1297 3777 1371 Constantimpolitao

2192 1401 2383 1440 norum
2402 1386 2667 1453 Ecclesia,
2699 1386 2772 1447 ita
2800 1386 3135 1452 ordiuemus,
3164 1396 3222 1442 ut
3249 1389 3594 1445 moderemur
3613 1400 3789 1461 atque

2191 1474 2488 1543 ﬁrmemus,
2519 1486 2577 1530 ut
2604 1476 2779 1532 nullus
2800 1478 3059 1532 adversus
3079 1493 3199 1533 eam
3222 1492 3465 1550 pugnare
3485 1480 3693 1548 possit;
3718 1485 3798 1538 et)

2191 1574 2250 1619 ut
2273 1582 2391 1635 qua:
2419 1567 2531 1636 ipse
2560 1566 2931 1622 sanctissimus
2959 1566 3259 1623 lladrianus
3284 1568 3453 1623 edidit
3484 1568 3784 1625 conﬁrme-

2188 1672 2329 1711 mus.
2358 1655 2522 1728 Cujus
2554 1658 2698 1713 enim
2739 1658 2976 1727 suscepit
3005 1658 3296 1723 honorem,
3327 1660 3566 1729 suscepit
3607 1662 3776 1716 etiam

2187 1755 2241 1800 et
2284 1732 2710 1817 laborem;.quia
2753 1755 2975 1821 propter
3004 1749 3106 1802 hoc
3152 1748 3293 1803 Deus
3334 1749 3511 1818 posuit
3551 1764 3674 1803 eum
3721 1751 3777 1804 in

2189 1839 2430 1896 Ecclesia
2451 1856 2568 1896 sua.
2583 1840 2723 1896 Ecce
2741 1840 2964 1910 epistola
2980 1838 3305 1896 sanctissimi
3331 1855 3478 1911 papae
3493 1839 3775 1906 Hadriani,

516 1941 774 1997 vestram,
802 1941 860 1987 ut
905 1932 1091 1995 omnis,
1112 1934 1299 2005 gratiae
1324 1949 1388 1989 ac
1418 1934 1525 1989 odii
1554 1918 1698 1990 nunc
1743 1913 1978 1991 maxime
2005 1950 2092 1990 su-
2118 1913 2165 1972 Β
2191 1939 2246 1986 et
2290 1929 2336 1986 si
2379 1930 2543 1986 vultis
2564 1972 2580 1996 ,
2625 1931 2940 1986 secundum.
2958 1930 3100 2000 quod
3136 1930 3516 2000 praediximus,
3543 1932 3775 2003 legatur.

517 2021 762 2090 pcratrix
787 2008 1083 2090 eﬂiciatur;
1114 2024 1251 2095 quin
1266 2010 1450 2095 potius
1470 2033 1522 2079 et
1553 2026 1867 2094 impassibili
1894 2026 2091 2082 beata:-

517 2124 624 2177 que
679 2119 887 2165 natura:
923 2111 991 2166 ad
1030 2127 1314 2182 personam
1355 2129 1461 2169 non
1511 2115 1913 2185 accipiendam,
1943 2117 2087 2171 omni

517 2201 730 2267 robore,
764 2211 1021 2273 quantum
1051 2204 1165 2260 lieri
1205 2214 1402 2275 potest,
1439 2206 1802 2272 assimiletur;
1833 2217 1887 2261 ct
1916 2223 2109 2278 neque

516 2307 803 2361 personam
825 2295 1060 2363 potentis
1083 2311 1178 2365 per
1206 2296 1429 2367 gradum
1451 2297 1533 2353 vel
1559 2313 1655 2367 per
1678 2299 1969 2354 amicitiam
1999 2316 2089 2356 ac-

515 2384 702 2454 cipiat,
726 2401 899 2456 neque
926 2388 1178 2457 pauperis
1201 2388 1521 2444 misereatur
1542 2390 1592 2444 in
1601 2391 1832 2461 judicio:
1852 2392 1930 2448 sic
1942 2393 2087 2449 enim

518 2478 811 2532 secundum
838 2477 1120 2533 consilium
1142 2480 1329 2550 utique
1353 2496 1416 2535 ac
1437 2480 1766 2537 voluntatem
1788 2482 1908 2549 Dei,
1927 2492 2107 2559 atque.

516 2566 948 2636 tranquillissimi
974 2567 1184 2641 imperii
1211 2571 1399 2635 nostri,
1422 2573 1767 2641 pacatissima
1789 2573 2086 2644 subseque-

520 2663 611 2710 tur
650 2656 1000 2735 ecclesiarum
1030 2659 1320 2715 ordinatio.
1353 2662 1423 2716 Et
1457 2672 1579 2734 post
1604 2662 1910 2729 lectionem,
1942 2664 2088 2719 vica-

513 2747 579 2801 rii
607 2749 837 2804 senioris
861 2749 1042 2805 Roma:
1065 2750 1356 2807 dixerunt:
1381 2753 1485 2808 lsta
1513 2769 1600 2809 res
1629 2755 1949 2812 universalis
1978 2764 2085 2823 est,

513 2846 570 2893 et
617 2840 894 2909 pertinens
921 2842 987 2895 ad
1019 2841 1303 2897 utilitatem
1353 2843 1641 2911 Ecclesiae;
1692 2856 1748 2901 et
1794 2848 1896 2903 hoc
1951 2848 2087 2902 reci-

513 2929 614 2983 tari
656 2938 853 2986 sauctac
893 2934 1099 3002 synodo
1127 2934 1338 3003 placet,
1372 2944 1425 2990 et
1451 2937 1606 2991 nobis
1641 2937 1914 2992 omnibus.
1944 2937 2087 2992 Tho-

513 3039 631 3078 mas
673 3037 727 3081 et
759 3025 904 3080 Elias
935 3028 1261 3083 sanctissimi
1292 3029 1478 3083 vicarii
1512 3029 1751 3086 Orientis
1780 3032 2032 3086 dixerunt
2066 3048 2082 3086 :

510 3113 718 3168 Placuit
761 3125 816 3170 et
852 3116 1007 3171 nobis
1050 3117 1342 3184 similiter;
1375 3128 1431 3174 et
1478 3135 1635 3175 sacer
1661 3131 1880 3177 senatus
1903 3121 2081 3175 dixit:

508 3205 578 3260 Et
607 3207 758 3262 nobis
785 3209 1033 3265 omnibus
1067 3209 1282 3279 placuit.
1317 3211 1383 3266 Et
1420 3225 1647 3283 surgens
1679 3213 1872 3267 iterum
1913 3213 2085 3268 Baha—

2191 2022 2389 2079 Sancta
2421 2022 2657 2094 synodus
2685 2022 2822 2078 dixit
2853 2038 2866 2077 :
2898 2021 3152 2094 Legatur.
3194 2022 3263 2077 Et
3307 2024 3597 2094 accipiens
3619 2025 3778 2082 Mari-

2189 2128 2292 2167 nus
2323 2111 2436 2167 Deo
2471 2113 2876 2168 amantissimus
2900 2112 3158 2168 diaconus
3179 2123 3381 2169 sanctae
3408 2116 3793 2172 Romanorum-

2188 2203 2473 2271 Ecclesiaz,
2516 2204 2794 2275 epistolam
2839 2203 3029 2261 Latine
3059 2205 3185 2275 legit
3215 2222 3406 2278 magna
3441 2224 3570 2264 voce
3596 2210 3650 2264 in
3679 2226 3782 2265 au.

2182 2294 2443 2350 dientiam
2474 2296 2733 2362 omnium,
2764 2297 2816 2350 in
2846 2294 3093 2351 Graecum
3131 2313 3249 2352 eam
3290 2299 3560 2371 eloquium
3595 2310 3792 2360 trans~‘

2189 2383 2394 2441 ferente
2445 2385 2706 2442 Damiano
2751 2386 3215 2444 venerabilissimo
3263 2391 3412 2459 regio
3456 2391 3653 2448 clerico
3719 2400 3793 2450 et

2190 2473 2508 2544 interprete.

2186 2584 2452 2657 Adrianus
2507 2586 2792 2657 episcopus,
2821 2603 2998 2642 servus
3032 2604 3302 2643 servorum
3332 2589 3448 2655 Dei,
3482 2590 3588 2644 Deo
3621 2608 3775 2645 unia-

2258 2654 2349 2726 bili
2388 2672 2451 2726 ac
2491 2654 2723 2726 piissimo
2752 2656 3054 2721 imperatori
3095 2657 3311 2714 Basruo
3340 2654 3591 2716 AuGusro
3618 2659 3777 2715 Chri-

2253 2725 2576 2780 stianissimo
2605 2736 2653 2780 et
2685 2726 3179 2783 desiderabiliuimo
3206 2730 3341 2798 ﬁlio.

2254 2832 2564 2905 Legationis
2591 2835 2923 2891 excellentiae
2953 2844 3073 2903 tuae,
3103 2846 3207 2893 etc.
3242 2837 3462 2911 Reliqua
3491 2841 3609 2897 vide
3632 2843 3777 2898 inter

2183 2926 2425 2998 epistolas
2448 2927 2669 2981 Adriani
2691 2944 2842 2998 papa:
2865 2927 2929 2995 ll,
2958 2927 3283 3000 Ραενοιοθὶω.
3303 2942 3441 2986 tomo
3466 2933 3673 2988 CXXII.

2255 3019 2320 3074 Et
2344 3027 2467 3089 post
2504 3019 2787 3074 lectionem
2815 3019 3057 3090 epistolae
3083 3022 3457 3079 sanctissimus
3481 3026 3756 3096 archiepi-

2183 3126 2375 3180 scopus
2413 3110 2981 3183 Constantinpoleos,
3025 3113 3262 3184 lgnatius
3304 3124 3361 3173 et
3410 3132 3600 3174 omnes
3658 3120 3773 3176 Deo

2187 3199 2561 3256 amabilissimi
2603 3202 2838 3272 episcopi
2879 3217 2999 3257 cum
3038 3203 3587 3273 magnificentissimis
3617 3210 3771 3278 prin-

509 3296 609 3352 nes
659 3264 1358 3370 famosissimus'patricius
1414 3310 1473 3356 et
1516 3264 1838 3373 praepositus
1881 3303 2016 3358 dixit
2062 3323 2075 3358 :

2187 3292 2395 3360 cipibus
2418 3264 2823 3346 clamaveruntc
2849 3264 3169 3350 Benedictus
3199 3294 3356 3360 Deus,
3400 3297 3489 3365 qui
3517 3264 3773 3369 dignatus

507 3384 758 3458 Episcopi
805 3397 995 3460 petunt
1031 3407 1132 3445 una
1181 3407 1303 3448 cum
1347 3401 1581 3458 senatu,
1620 3401 1679 3447 ut
1718 3394 2084 3450 eertiliceutur

507 3477 641 3534 hora
670 3479 792 3542 ista,
822 3481 962 3537 unde
988 3481 1130 3547 sitis,
1158 3493 1210 3537 et
1239 3498 1400 3553 quam
1425 3484 1873 3557 potestatem,rvel
1896 3484 2083 3554 quales

506 3569 720 3628 litteras
747 3561 1009 3630 habeatis.
1044 3575 1279 3631 Donatus
1316 3585 1372 3632 et
1412 3575 1714 3648 Stephanus
1757 3579 2082 3635 sanctissimi

505 3661 764 3732 episcopi,
795 3662 1034 3719 Marinus
1067 3664 1180 3720 Deo
1206 3667 1608 3722 amantissimus
1633 3669 1906 3735 diaconus,
1933 3670 2083 3726 vica-

505 3749 572 3804 rii
606 3748 835 3805 senioris
868 3750 1084 3818 Romae,
1126 3753 1379 3810 dixerunt
1409 3773 1422 3809 :
1457 3755 1569 3811 lloc
1598 3773 1694 3812 nos
1725 3773 1896 3827 usque
1939 3773 2081 3814 nunc

504 3853 614 3893 non
645 3838 948 3897 invenimus
978 3842 1028 3897 iu
1062 3845 1350 3900 universali
1391 3847 1596 3918 synodo
1630 3847 1870 3914 factum,
1909 3856 1966 3902 ut
2004 3849 2081 3904 vi-

502 3930 635 3987 carii
666 3932 897 3988 senioris
923 3932 1109 3990 Romae
1136 3951 1166 3990 a
1188 3936 1426 4007 quolibet
1454 3941 1870 4008 perpendantur,
1898 3949 2077 3994 utrum

502 4019 663 4074 talem
688 4021 1138 4078 exiStimationem
1163 4024 1408 4081 habeant.
1427 4026 1670 4082 Bahanes
1689 4027 2077 4085 famosissimus

499 4112 761 4183 patricius
783 4122 836 4168 et
860 4115 1178 4184 praepositus
1200 4117 1334 4171 dixit
1360 4136 1372 4171 :
1398 4117 1464 4172 Et
1487 4134 1585 4174 nos
1609 4129 1829 4190 propter
1854 4121 2079 4175 inhono-

500 4200 729 4255 rantiam
759 4202 1036 4272 apostolici
1068 4205 1247 4259 throni
1282 4222 1384 4261 non
1414 4208 1644 4264 dicimus
1671 4210 1792 4273 hoc,
1823 4211 1915 4265 sed
1949 4210 2075 4281 quia

499 4294 796 4347 anteriores
819 4293 981 4348 vestri
1011 4293 1327 4351 accedentes
1348 4297 1517 4361 missi,
1541 4297 1847 4354 Radoaldus
1871 4300 2076 4357 scilicet

497 4390 554 4439 et
578 4378 901 4449 Zacharias,
930 4385 1253 4455 deceperuut
1286 4403 1414 4452 nos,
1442 4387 1544 4442 alia
1586 4390 1637 4443 in
1668 4390 1934 4446 mandatis
1978 4392 2075 4447 ha-

493 4467 685 4529 bentes
718 4482 773 4529 et
801 4475 905 4530 alia
933 4474 1211 4533 facientes.
1252 4477 1588 4534 Sauctissimi
1621 4479 1804 4535 vicarii
1845 4483 2074 4540 senioris

494 4562 682 4623 Romae
704 4569 956 4625 dixerunt
980 4588 994 4626 :
1024 4571 1162 4644 Ergo
1184 4581 1240 4627 ut
1267 4589 1482 4630 omnem
1508 4574 1893 4633 dubitationem
1915 4580 2072 4635 eruit-

493 4660 672 4713 tamus
696 4674 727 4715 e
754 4661 1003 4717 cordibus
1028 4663 1242 4729 vestris,
1267 4674 1319 4718 et
1348 4665 1526 4720 verbis
1551 4674 1606 4720 et
1632 4668 1884 4736 operibus
1907 4670 2068 4724 certi-

496 4746 718 4805 licemus
740 4766 853 4814 vos,
875 4751 999 4820 quia
1020 4754 1313 4808 secundum
1338 4771 1399 4809 ea
1421 4770 1540 4826 quae
1568 4758 1817 4812 mandata
1839 4768 1894 4814 ct
1916 4759 2065 4830 jussu

495 4846 621 4894 sunt
650 4842 834 4907 nobis,
863 4842 935 4919 ita
960 4842 1304 4913 disponemus
1331 4862 1343 4898 :
1372 4860 1500 4900 ecce
1535 4857 1588 4901 et
1618 4850 1873 4918 epistolas
1904 4853 2067 4907 babe-

493 4945 614 4984 mus
640 4933 705 4985 ad
737 4933 1115 5004 imperatorem
1143 4945 1196 4989 et
1231 4936 1594 5005 patriarcham
1617 4977 1632 5003 ,
1660 4947 1715 4992 et
1756 4939 1799 4993 si
1840 4937 2059 5006 jubelis,

492 5017 768 5088 legentur;
792 5033 848 5077 et
876 5040 1061 5079 rursus
1082 5024 1243 5078 iidem
1272 5024 1372 5094 ipsi
1397 5012 1647 5079 dixerunt
1671 5043 1684 5078 :
1708 5027 1986 5084 Piissimus
2009 5039 2065 5085 et

489 5108 698 5165 amicus
735 5111 932 5167 Christi
972 5113 1291 5184 imperator,
1329 5122 1384 5168 et
1415 5114 1788 5171 sanctissinms
1827 5117 2063 5187 lgnatius

818 5201 880 5222 I‘-
940 5211 975 5220 Α.

2182 3389 2284 3444 est,
2330 3393 2430 3435 nos
2465 3378 2888 3435 satisfactionem
2925 3383 3164 3452 recipere
3191 3384 3485 3452 perfectam
3526 3385 3597 3441 de
3641 3403 3770 3442 san-

2182 3473 2370 3528 ctitate
2397 3480 2597 3528 vestra.
2626 3472 2688 3527 Et
2704 3481 2824 3543 post
2847 3474 2947 3528 hoc
2974 3475 3299 3531 sanctissimi
3327 3476 3513 3532 vicarii
3533 3478 3766 3535 senioris

2181 3563 2365 3618 Romze
2394 3571 2447 3617 et
2477 3571 2588 3618 tota
2618 3572 2804 3618 sancta
2827 3565 3061 3634 synodus
3074 3565 3415 3634 expetierunt
3437 3576 3495 3622 ut
3518 3568 3770 3639 legeren-

2181 3663 2268 3710 tur
2293 3656 2646 3712 Orientalium
2678 3656 3004 3713 vicariorum
3054 3660 3503 3717 commendatitia:
3543 3663 3763 3730 litterae,

2180 3748 2246 3801 ad
2263 3747 2692 3817 cognoscendum
2711 3747 2848 3802 unde
2876 3755 2930 3802 et
2952 3747 3049 3818 ipsi
3067 3751 3330 3814 venerint,
3350 3761 3403 3806 et
3424 3768 3583 3821 quam
3611 3763 3764 3824 pote-

2178 3847 2372 3893 statem
2406 3837 2713 3908 acceperint
2736 3852 2768 3891 a
2809 3839 3057 3908 propriis
3082 3839 3323 3897 sedibus.
3350 3841 3418 3896 Et
3455 3843 3539 3897 bis
3573 3844 3762 3900 taliter

2178 3927 2357 3994 factis,
2386 3938 2536 3982 stans
2577 3926 2756 3982 llelias
2802 3929 2910 3983 Deo
2937 3931 3351 3997 colendissimus
3392 3935 3679 4006 presbyter
3703 3944 3762 3995 et

2177 4016 2446 4089 syucellus
2490 4024 2545 4071 et
2593 4007 2827 4071 vicarius
2864 4017 3387 4090 Hierosolymitanus
3423 4022 3478 4076 in
3526 4025 3762 4081 auditio-

2177 4101 2301 4163 nem
2327 4108 2568 4162 omnium
2599 4108 2734 4162 dixit
2777 4125 2790 4161 :
2823 4106 2937 4163 Non
2969 4110 3182 4180 ignorat
3219 4110 3422 4169 Christi
3459 4114 3637 4170 amica
3677 4117 3763 4173 di-

2175 4201 2333 4258 lectio
2354 4210 2553 4266 vestra,
2582 4199 2799 4266 fratres,
2823 4216 2920 4256 nec
2942 4184 3225 4273 ignoravit,
3257 4213 3363 4258 tam
3389 4220 3418 4258 a
3439 4207 3597 4262 nobis
3624 4208 3761 4278 ipsis

2175 4309 2337 4364 quam
2374 4307 2406 4347 a
2449 4291 2802 4348 dictatoribus
2843 4294 3044 4349 nostris
3072 4294 3488 4365 imperatoribus
3516 4298 3756 4368 discens,

2172 4385 2265 4455 qui
2289 4397 2495 4449 sumus,
2518 4384 2678 4448 unde,
2704 4392 2761 4437 et
2785 4383 2972 4452 quales
3007 4401 3021 4438 :
3056 4398 3427 4443 verumtamen
3453 4389 3522 4444 ad
3551 4390 3758 4460 plenioo

2175 4490 2288 4532 rem
2331 4475 2758 4532 satisfactionem
2789 4475 3016 4532 dicimus
3040 4483 3097 4530 et
3131 4491 3275 4532 nunc
3317 4492 3507 4533 rursus
3536 4481 3604 4535 ad
3631 4494 3754 4537 vos.

2173 4564 2305 4620 Nam
2338 4565 2709 4621 sanctissimus
2737 4565 2953 4634 quidem
2976 4563 3211 4620 Thomas
3234 4566 3573 4636 metropolita
3600 4566 3750 4641 Tyri,

2174 4659 2313 4713 sicut
2339 4665 2393 4711 et
2421 4657 2573 4711 vobis
2599 4663 2781 4710 notum
2807 4667 2911 4721 est,
2956 4656 3144 4725 prima:
3169 4657 3314 4712 sedis
3338 4657 3578 4713 existens
3605 4661 3755 4718 sedis

2170 4748 2469 4804 Antiochia:
2518 4764 2533 4802 :
2586 4762 2689 4817 qua
2737 4748 3042 4816 patriarcha
3073 4748 3302 4817 privata,
3350 4750 3523 4820 ipsum
3571 4751 3752 4808 locum

2174 4849 2318 4893 tenet
2348 4839 2490 4893 sedis
2518 4836 2678 4902 illius,
2707 4836 3002 4907 usquedum
3029 4837 3122 4892 ﬁat
3146 4839 3449 4908 patriarcha
3479 4840 3532 4894 in
3559 4842 3751 4898 eadem

2170 4931 2297 4985 sede
2329 4946 2343 4982 :
2374 4930 2443 4983 ob
2475 4929 2577 4983 hoc
2599 4943 2703 4982 non
2732 4927 2971 4997 oportuit
2995 4941 3118 4982 eum
3143 4927 3354 4984 deferre
3382 4930 3593 4987 litteras
3618 4933 3749 4988 mis-

2169 5036 2258 5077 sas
2297 5022 2365 5076 ab
2397 5020 2503 5074 alio
2531 5019 2729 5088 aliquo,
2773 5033 2894 5074 cum
2925 5019 3040 5091 ipse
3077 5021 3452 5076 auctoritatem
3494 5032 3551 5078 et
3590 5035 3746 5095 pote-

2164 5123 2359 5171 statem
2393 5111 2615 5166 haberet
2654 5110 2706 5164 in
2750 5110 2937 5166 eadem
2966 5111 3135 5165 sede:
3179 5127 3275 5181 pro
3321 5127 3386 5167 eo
3426 5128 3557 5168 vero
3602 5115 3746 5185 quod

2170 5205 2200 5214 ..
2391 5202 2480 5212 --η-
2520 5201 2553 5210 ·-
2615 5199 2655 5220 πο
2675 5216 2757 5220 --ο-
2778 5210 2790 5218 ·
2940 5202 2981 5230 ηιι
3006 5216 3070 5242 ρο
3094 5204 3413 5258 Mltortatus
3441 5204 3556 5260 htec
3603 5223 3745 5262 ηιιηο
