3960 5532
166 414 229 471 33
828 398 1389 459 INTERPRETATIO
1425 398 1677 459 smom

1808 401 1827 458 l
1867 394 2272 458 CENERALIS.
2312 425 2384 437 -—-
2418 393 2622 453 AC'HO
2657 395 2696 449 l.
3304 396 3375 452 3.5

166 523 257 579 Nos
297 528 467 576 autem
496 529 551 573 et
596 516 736 572 aliud
786 516 916 587 quid
959 515 1205 571 volumus
1249 516 1533 571 ostendere
1584 514 1697 570 Deo
1727 519 1770 579 Α
1800 511 2023 564 nitatem
2052 517 2106 562 et
2131 507 2409 577 paciﬁcam
2431 504 2824 562 ordinationem
2853 504 3067 562 reduxit
3088 514 3290 572 vestra,
3319 515 3376 562 et

164 612 472 670 amicissima!
489 606 735 663 charitati
758 614 972 672 vestrae,
1003 606 1129 675 quia
1149 604 1317 660 multo
1344 614 1584 675 tempore
1611 604 1699 659 hic

165 706 490 762 demorantes,
516 708 573 755 et
608 698 809 752 diutius
838 697 1063 761 anxiati,
1093 697 1398 766 accepimus
1438 709 1535 765 per
1575 710 1700 764 sup-

163 795 467 870 plicationem
518 791 587 846 ad
626 790 924 861 piissimum
967 796 1022 844 et
1049 776 1290 844 sanctum
1322 788 1696 858 imperatorem

168 894 405 945 nostrum,
427 891 673 952 petentes
698 880 929 951 celerem
957 879 1345 934 absolutionem
1360 878 1425 932 ad
1449 877 1697 948 propria;

164 976 238 1045 qui
277 990 389 1030 eum
417 975 487 1028 sit
518 972 849 1042 compatiens
870 981 924 1025 et
950 970 1253 1037 miseratur,
1287 980 1448 1042 atque
1492 971 1700 1026 miseri-

161 1081 284 1131 cors,
305 1064 485 1119 annuit
532 1062 788 1133 lacrymis
825 1062 1053 1128 nostris;
1084 1071 1142 1116 et
1163 1062 1376 1117 volebat
1403 1078 1525 1115 mox
1568 1062 1699 1116 satis

141 1155 291 1213 .nobis
316 1151 507 1218 facere,
542 1167 747 1223 nosque
781 1152 1009 1208 celerius
1041 1153 1313 1207 dimittere
1356 1152 1505 1214 hinc,
1537 1150 1700 1221 jussit

164 1260 243 1299 nos
267 1244 527 1299 denudare
564 1241 668 1297 sibi
697 1242 897 1312 scripto
932 1252 1144 1295 nostras
1173 1256 1336 1313 super
1380 1242 1567 1310 positis
1608 1256 1701 1296 nec

161 1332 294 1403 gotiis
335 1332 662 1397 voluntates,
710 1340 764 1386 et
804 1345 909 1400 quo
948 1322 1127 1385 modo
1150 1331 1312 1387 futuri
1341 1345 1579 1393 eramus,
1608 1343 1700 1383 veo

162 1419 395 1476 aientibus
416 1420 676 1474 fratribus
705 1419 918 1474 vicariis
940 1416 1167 1473 senioris
1196 1417 1404 1481 Romm,
1429 1418 1607 1472 dicere
1634 1431 1699 1473 ac

155 1512 366 1582 judicare
400 1511 465 1565 de
496 1509 883 1565 ecclesiasticis
921 1509 1118 1563 causis.
1144 1507 1250 1562 Nos
1278 1516 1455 1562 autem
1492 1508 1599 1562 Deo
1623 1515 1700 1562 te-

159 1600 376 1657 stimonio
396 1614 450 1666 7-,
474 1602 569 1672 qui
604 1600 754 1655 novit
781 1599 1089 1654 abscondita
1123 1598 1423 1662 hominum,
1449 1606 1503 1651 et
1533 1596 1702 1651 inter-

160 1704 284 1764 rogat
308 1693 464 1747 corda
490 1702 549 1747 et
582 1707 761 1757 rencs,
791 1691 922 1746 nihil
951 1706 1046 1762 per
1068 1691 1297 1761 gratiam
1330 1705 1502 1759 neque
1545 1703 1698 1744 acce-

157 1783 411 1853 ptationem
458 1796 709 1852 personae
759 1779 1050 1852 probantes
1098 1780 1181 1834 vel
1220 1778 1545 1846 iudicantes,
1600 1792 1698 1848 per

1801 600 2022 655 reducet
2070 598 2122 651 in
2178 595 2539 651 nniversalem
2584 594 2861 662 lartitiam,
2909 604 2966 651 et
3017 596 3366 667 tranquillam

1800 691 2038 761 quietem
2070 689 2375 743 communis
2402 687 2612 741 Domini
2641 687 2918 752 divinitas,
2948 687 3189 759 longaeva
3219 704 3376 743 man-

1800 779 2086 836 suetudine
2113 794 2176 833 ac
2199 777 2459 849 sospitate
2488 791 2767 842 concessa,
2795 786 2855 831 ut
2882 791 2978 849 per
3014 776 3133 844 ejus
3159 793 3372 845 curam,

1799 886 1963 941 quant
2004 870 2070 925 de
2100 870 2351 922 omnibus
2393 868 2566 939 gerit,
2599 877 2760 936 atque
2793 866 3045 922 solertem
3084 868 3374 937 providen-

1801 963 1951 1026 tiam,
1981 975 2102 1015 cunt
2136 958 2354 1029 proprio
2382 958 2543 1011 etiam
2572 970 2854 1011 commune
2896 971 3157 1029 prospere
3189 965 3377 1027 gerat,

1800 1067 2033 1122 superno
2076 1059 2205 1104 nntu
2257 1057 2512 1104 consuete
2552 1048 2895 1119 conspirante
2942 1042 3379 1119 atque'coacce-

1801 1142 1961 1196 dente
1984 1156 2000 1204 ;
2024 1155 2120 1209 per
2142 1137 2347 1208 singula
2367 1136 2567 1191 vestris
2580 1152 2793 1206 quoque
2814 1136 3071 1192 divinitus
3091 1138 3373 1207 praemium

1801 1237 2092 1284 consecute
2113 1226 2478 1291 contumeliis,
2504 1234 2557 1280 et
2582 1226 3047 1293 distractionibus,
3074 1243 3212 1299 quas
3247 1244 3374 1299 per-

1800 1320 1941 1391 pessi
1970 1317 2102 1373 estis
2130 1318 2199 1371 ab
2223 1318 2330 1381 his,
2356 1319 2445 1387 qni
2474 1317 2758 1371 violentius
2788 1317 2840 1371 in
2867 1318 3045 1385 vobis,
3085 1327 3141 1373 et
3182 1319 3378 1374 crude-

1771 1411 1904 1466 'lius
1952 1411 2033 1465 usi
2084 1420 2211 1465 sunt
2248 1420 2548 1481 potestate;
2582 1412 2789 1467 tristem
2829 1413 3032 1482 pariter
3069 1420 3125 1467 et
3161 1421 3373 1484 gratum

1798 1501 2050 1557 allectum
2096 1502 2656 1568 accommodavinms,
2686 1512 2791 1557 tam
2818 1504 3069 1558 videlicet
3113 1504 3371 1559 intactam

1802 1592 1870 1646 ab
1895 1592 2041 1646 omni
2074 1593 2259 1647 dolore
2300 1608 2363 1648 ac
2402 1592 2645 1647 molestia
2688 1609 2851 1665 super
2892 1596 3230 1666 impositione
3260 1596 3375 1653 fore.

1800 1681 2219 1748 nobilissimam,
2249 1690 2303 1738 et
2328 1682 2697 1739 honorabilem
2745 1686 3087 1740 sanctitatem
3136 1696 3368 1743 vestram

1800 1775 2102 1844 cupientes;
2150 1790 2455 1845 quanquam
2505 1778 2701 1847 oppido
2771 1778 3054 1835 manifeste
3102 1782 3371 1847 scientes,

159 1872 322 1940 scripta
357 1886 547 1925 sensus
582 1878 797 1924 nostros
824 1879 875 1925 et
906 1869 971 1925 de
999 1869 1301 1940 praepositis
1336 1869 1495 1924 rebus
1536 1882 1696 1938 eapo-
1726 1860 1769 1920 Β
1797 1865 1919 1934 quia
1950 1864 2455 1935 l'ulgentiusaurum
2504 1877 2560 1921 et
2603 1868 2830 1923 lucidius
2855 1869 2991 1935 erit,
3039 1869 3084 1925 si
3133 1872 3237 1942 igni
3279 1888 3370 1928 co-

156 1961 350 2026 suimus,
371 1977 487 2029 qua:
520 1968 579 2014 et
609 1977 638 2014 a
668 1960 822 2015 nobis
855 1959 1016 2025 lecta,
1048 1975 1188 2014 nunc
1232 1958 1515 2014 ostendent
1560 1958 1695 2014 luci-

156 2051 253 2106 dius
276 2060 323 2106 et
349 2052 562 2123 planius
589 2052 805 2106 eosdem
853 2066 1046 2107 sensus
1079 2061 1318 2116 nostros,
1358 2060 1519 2121 atque
1552 2051 1699 2121 judi-

154 2141 238 2195 cia.
264 2140 525 2213 Legantur
562 2142 729 2212 igitur
755 2141 928 2211 primo
969 2157 1088 2211 quae
1138 2142 1337 2211 scripta
1382 2151 1507 2196 sunt
1533 2158 1561 2196 a
1602 2158 1699 2212 pa-

155 2234 351 2288 triarcha
391 2244 607 2299 nostro,
657 2244 821 2304 atque
863 2234 1079 2288 demum
1118 2249 1242 2288 cum
1294 2233 1385 2289 Dei
1432 2233 1725 2304 adjutorio.

151 2339 311 2380 sensus
341 2336 560 2383 nostros
611 2341 711 2397 per
758 2327 1026 2397 expositas
1077 2342 1109 2381 a
1160 2327 1315 2383 nobis
1359 2328 1697 2384 deﬁnitiones

151 2412 357 2470 discetis.
386 2417 493 2470 Deo
515 2414 840 2471 amicissimi
867 2416 1050 2471 vicarii
1080 2417 1310 2473 senioris
1336 2417 1518 2473 Romae
1550 2419 1698 2475 dixe-

150 2513 251 2557 runt
288 2519 304 2557 :
341 2502 550 2560 Placuit
601 2505 779 2560 nobis.
828 2504 1119 2575 Legantur.
1152 2506 1484 2561 Similiteret
1511 2516 1696 2563 saneta

148 2594 347 2663 synodus
382 2595 517 2650 dixit
563 2612 581 2647 :
630 2593 920 2664 Legantur.
970 2594 1036 2648 Et
1078 2595 1346 2664 accipiens
1394 2594 1699 2667 Stephanus

130 2684 236 2745 ,Deo
272 2686 638 2741 amicissimus
687 2686 944 2741 diaconus
978 2695 1179 2741 sanctae
1221 2686 1696 2744 Constantinorum

147 2773 362 2832 Ecclesia:
383 2787 437 2832 et
463 2778 703 2833 devotus
738 2777 982 2832 notarius
1011 2776 1138 2847 legit
1162 2794 1187 2853 :_

146 2930 165 2964 ι
181 2910 267 2968 Per
282 2916 448 2970 omnia
471 2914 823 2983 sanctissimo
840 2913 1016 2983 fratri,
1041 2921 1089 2967 et
1104 2913 1460 2967 commt'm'uro
1485 2914 1698 2969 dommo

127 3026 135 3036 .
196 2983 448 3068 ignauo,-
486 2982 869 3068 gubernaculo.
916 2984 1225 3068 moriemini
1272 2984 1698 3068 nomimgissimte

199 3049 747 3124 Constantinopoleos,
779 3052 1055 3124 uniuersali
1088 3052 1432 3124 patriarchas,
1460 3049 1699 3107 Theodo-

126 3120 127 3123 “
195 3126 289 3178 εἰη
314 3142 489 3179 serens
516 3120 665 3178 Iesu
688 3120 884 3176 Christi
914 3120 1416 3190 Hierosolymorum.

124 3296 129 3303 .
198 3264 215 3298 ι
238 3244 750 3303 Honorabilissimis
772 3252 829 3301 et
853 3243 1000 3300 cultu
1030 3232 1577 3316 dignissimis'litteris
1603 3261 1700 3302 ve-

144 3349 244 3396 str:
265 3340 577 3396 sanctitatis
608 3339 910 3408 susceptis,
941 3353 973 3393 a
997 3328 1106 3392 Deo
1150 3337 1478 3410 gloriﬁcate,
1511 3342 1703 3397 vestris

143 3434 326 3502 quidem
356 3433 628 3488 divinitus
657 3431 798 3487 datis
823 3426 1219 3486 valetudinibus
1245 3438 1303 3486 et
1326 3424 1704 3487 incolumitati-

124 3523 224 3580 .bus
240 3539 565 3596 magnopere
586 3521 955 3593 congratulati
981 3537 1191 3586 sumus,
1211 3536 1470 3595 prospere
1489 3538 1703 3580 conser-

142 3618 318 3674 vandos
336 3635 433 3675 vos
459 3620 533 3674 ab
560 3617 717 3673 omni
755 3615 962 3670 malitia
1004 3623 1323 3685 exoptantes
1349 3632 1363 3669 :
1394 3616 1490 3671 sed
1518 3615 1704 3671 dolere

139 3706 227 3763 nos
245 3704 365 3764 fecit
381 3748 398 3773 ,
424 3716 481 3762 et
516 3704 698 3760 multo
725 3718 964 3759 mmrore
993 3702 1219 3772 replevit
1247 3702 1489 3757 ecclesia:
1513 3711 1705 3758 vestrae

137 3801 447 3872 negotiorum
470 3796 846 3859 dissonantia,
860 3810 962 3864 per
972 3794 1333 3850 membrorum
1352 3794 1602 3849 videlicet
1628 3795 1705 3849 al-

139 3895 321 3946 tertiam
365 3888 818 3946 communionem
863 3893 922 3941 et
961 3885 1371 3941 consonantiam
1404 3903 1417 3939 :
1448 3886 1702 3957 quoniam

139 3984 402 4038 secundum
429 3978 878 4037 vetustissimum
898 3991 1201 4033 sermonem
1224 3976 1551 4033 continentia
1574 3992 1704 4041 una,

139 4072 437 4142 conspiratio
473 4086 614 4135 una,
649 4078 705 4123 et
743 4067 1049 4138 compassio
1077 4082 1186 4122 una
1224 4075 1307 4122 est
1339 4067 1393 4121 in
1419 4067 1703 4132 omnibus,

143 4175 242 4230 ante
275 4173 399 4218 sunt
429 4160 876 4219 orthodoxamm
921 4158 1309 4214 ecclesiarum:
1338 4158 1433 4213 sed
1478 4157 1618 4212 sicut
1651 4158 1704 4213 in

140 4252 370 4308 metnbris
415 4252 680 4323 quaedam
728 4247 950 4318 quidem
992 4247 1060 4302 ad
1106 4245 1422 4308 vivendum,
1463 4247 1705 4316 quaedam

123 4350 296 4398 autem
341 4343 412 4398 ad
460 4345 611 4398 bene
652 4338 944 4394 vivendum
988 4337 1312 4393 naturaliter
1353 4336 1545 4391 eﬂ'ecta
1583 4345 1710 4392 sunt

140 4434 411 4490 conditoria
440 4435 661 4489 virtute
687 4471 704 4496 ,
732 4437 792 4485 et
819 4427 974 4485 stella
1002 4443 1032 4482 a
1062 4426 1218 4483 stella
1257 4425 1434 4482 dili‘ert
1462 4428 1514 4481 in
1545 4428 1708 4483 clari—

142 4527 253 4587 tate,
279 4523 350 4580 ita
376 4532 435 4580 et
460 4523 621 4580 circa
651 4518 917 4583 ecclesias
946 4518 1286 4573 sentiendum
1318 4525 1420 4571 est.
1456 4516 1514 4572 ld
1540 4518 1706 4583 enim,

144 4626 235 4680 quo
261 4614 572 4670 inordinate
604 4611 780 4682 posita
805 4618 889 4665 est
917 4608 1025 4674 illa,
1048 4622 1167 4679 qua:
1186 4606 1420 4665 stabilita
1446 4607 1710 4664 excellen-

146 4708 215 4756 ιρι⁵
248 4713 299 4758 et
334 4704 568 4774 praelata
614 4700 901 4764 consistit,
929 4707 1325 4769 consequenter
1368 4699 1714 4754 contristabit

144 4801 405 4861 sequentes
448 4802 630 4861 atque
659 4790 902 4844 minores
925 4829 941 4853 ,
979 4789 1232 4858 quoniam
1281 4795 1337 4843 et
1379 4786 1551 4857 majus
1589 4788 1716 4842 hinc

126 4883 406 4941 discrimen
433 4884 613 4941 efﬁcit
644 4900 659 4936 :
690 4882 999 4953 operatrice
1025 4894 1259 4951 namque
1284 4894 1448 4934 causa
1474 4878 1715 4948 aliquan-

148 4971 291 5042 tisper
312 4990 344 5030 a
370 4972 621 5030 naturali
658 4978 809 5025 motu
853 4978 1204 5033 commutata,
1231 4976 1289 5022 et
1317 4981 1347 5018 a
1389 4965 1716 5035 plenissimis

144 5070 191 5115 et
212 5063 431 5118 multum
474 5059 781 5132 capacibus
820 5056 956 5111 locis
985 5055 1281 5122 deﬂuente,
1308 5068 1373 5108 ac
1396 5062 1716 5114 emanante.

145 5149 246 5220 plus
272 5155 375 5209 erit
402 5153 595 5207 ﬂuxus
629 5147 921 5211 accedens,
965 5149 1107 5217 quod
1154 5145 1460 5203 molestiam
1498 5143 1717 5201 inferat.

147 5239 224 5295 Sic
247 5243 424 5312 itaque
452 5257 522 5296 ex
557 5235 680 5312 [ea]
712 5235 986 5309 pmipue
1013 5237 1168 5294 nobis
1205 5233 1514 5292 mmstibilia
1544 5245 1600 5291 et
1629 5234 1724 5295 tri-

148 5335 295 5397 stiora
323 5334 770 5394 constituerunt,
800 5340 921 5396 qua:
962 5336 1109 5398 gesta
1153 5339 1277 5385 sunt
1313 5335 1506 5384 vestra:
1534 5324 1722 5382 confu-

143 5421 292 5515 sionis
314 5439 517 5488 causa;
543 5418 656 5476 sed
679 5417 774 5488 qui
806 5414 985 5485 posuit
1024 5418 1259 5473 resinam
1300 5414 1355 5468 in
1400 5413 1634 5480 Galaad,
1670 5420 1727 5467 et

1797 1964 2031 2024 aptetur,
2054 1955 2137 2010 vel
2155 1957 2198 2010 si
2223 1957 2597 2013 abundantiori
2621 1958 2940 2016 conﬁatione
2960 1963 3190 2032 quodam
3214 1967 3373 2019 modo

1797 2056 2077 2103 extensum
2111 2051 2179 2103 ab
2202 2064 2265 2104 ea
2290 2064 2411 2120 quae
2454 2050 2594 2106 inest
2628 2052 2728 2106 sibi
2765 2054 3137 2110 commistione
3172 2056 3374 2126 pejoris

1800 2138 2056 2201 materiae,
2089 2148 2434 2211 expurgetur.
2466 2140 2561 2196 Est
2606 2142 2748 2197 enim
2797 2150 2853 2197 et
2900 2147 3114 2214 quando
3153 2157 3373 2218 propter

1799 2226 2116 2283 insolentem
2140 2229 2399 2284 desidiam
2427 2232 2685 2286 mentium
2716 2243 3024 2290 nostrarum
3049 2237 3117 2291 ab
3148 2237 3370 2309 integri-

1800 2325 1910 2373 tate
1954 2318 2256 2374 animorum
2289 2320 2484 2390 partim
2521 2324 2731 2387 aversi,
2774 2334 2830 2379 et
2874 2325 3012 2381 bene
3062 2328 3370 2401 disponere,

1798 2422 1864 2464 ac
1903 2423 2064 2480 agere
2091 2411 2326 2479 opinati,
2381 2426 2412 2466 a
2455 2427 2586 2468 vero
2627 2414 2812 2485 utique
2855 2417 3144 2472 commisso
3183 2419 3372 2490 procul

1796 2496 2077 2562 edicimur,
2107 2501 2354 2556 semitam
2372 2543 2385 2565 ,
2413 2516 2533 2572 qua:
2564 2503 2630 2558 ad
2670 2505 3046 2561 rectitudinem
3072 2506 3219 2563 ducit
3243 2550 3258 2574 ,
3286 2526 3376 2565 ne-

1801 2593 2086 2667 gligentius
2113 2596 2471 2660 declinantes,
2499 2604 2663 2668 atque
2707 2599 3053 2671 perplexione
3088 2601 3372 2655 deterioris

1798 2686 2131 2756 improvide,
2176 2686 2319 2757 quod
2367 2686 2559 2741 melius
2600 2695 2715 2753 est,
2771 2687 3135 2745 turbulentum
3179 2690 3374 2745 statui-

1798 2790 1936 2832 mus.

1875 2886 1894 2919 ‹
1926 2864 2066 2922 Hinc
2101 2869 2404 2923 animarum
2446 2878 2755 2925 nostrarum
2787 2869 3219 2940 sapientissimus
3255 2885 3369 2927 me-

1799 2960 1952 3016 dicus
1992 2968 2115 3031 apte
2155 2960 2311 3016 nobis
2352 2962 2405 3016 in
2448 2963 2794 3018 tribulatione
2839 2963 3030 3019 dilatat
3068 2965 3368 3034 appositam

1799 3049 2081 3121 caliginem
2125 3051 2415 3107 intellectui
2469 3054 2771 3110 animarum
2814 3063 3120 3110 nostrarum
3167 3055 3372 3111 sensim

1802 3140 2121 3205 emnndans,
2150 3142 2216 3195 ad
2246 3143 2687 3213 resplendendam
2732 3144 3173 3201 illuminationem
3220 3147 3373 3217 regni

1805 3229 1909 3293 sui,
1933 3236 2095 3299 atque
2113 3230 2337 3296 justitiae
2366 3232 2418 3285 in
2444 3232 2698 3288 cordibus
2727 3236 2942 3289 nostris.
2966 3233 3042 3290 Ne
3065 3236 3230 3305 igitur
3254 3252 3376 3292 cru-

1805 3324 1966 3379 eieris
2005 3338 2176 3394 neque
2205 3325 2471 3391 anxieris,
2510 3329 2876 3398 prmcedentes
2918 3329 3240 3385 tentationes
3277 3345 3377 3399 per

1804 3424 2039 3471 mentem
2069 3416 2356 3487 accipiens.
2390 3404 2740 3490 lnexpediens
2765 3421 2907 3475 enim
2937 3430 2991 3477 et
3021 3422 3373 3493 incongruum

1803 3495 2123 3577 perfectioni
2151 3508 2364 3565 virtutis
2390 3517 2441 3564 et
2474 3508 2829 3565 mundissimo
2862 3512 3060 3568 mundo
3088 3512 3281 3568 divinae
3309 3528 3376 3567 ac

1805 3596 2132 3654 honorandae
2156 3598 2582 3655 conversationis
2610 3608 2663 3655 et
2690 3599 2981 3671 disciplinae
3003 3609 3105 3655 tuae
3132 3601 3379 3660 consistit

1804 3686 2142 3757 huiusmodi,
2190 3689 2283 3744 sed
2332 3689 2701 3746 bonorabilem
2746 3698 2801 3745 et
2839 3692 3112 3747 decentem
3140 3706 3376 3754 morem,
3453 3709 3463 3718 ο

1805 3780 1942 3836 bene
1969 3781 2036 3836 ab
2067 3780 2288 3839 infantia
2328 3797 2496 3852 usque
2531 3783 2597 3836 ad
2627 3791 2957 3838 senectutem
2992 3783 3252 3838 directum
3295 3797 3382 3837 re-

1805 3870 2061 3939 spiciens,
2092 3869 2271 3923 omnia
2303 3854 2680 3940 longanimiter
2706 3886 2770 3926 ac
2790 3856 3031 3927 modeste
3050 3880 3106 3927 et
3124 3878 3374 3942 prompte

1805 3959 1915 4029 pati
1962 3973 2211 4028 procura.
2249 3958 2364 4014 Non
2415 3951 2594 4014 autem
2637 3960 2879 4017 docendo
2909 3970 3003 4015 aut
3045 3962 3380 4015 admonendo

1808 4049 1922 4104 lucc
1951 4050 2129 4104 dicere
2159 4052 2470 4120 prmsumpsi
2499 4051 2564 4106 ad
2597 4052 2770 4107 virum
2797 4053 2945 4108 verbi
2974 4061 3029 4107 et
3053 4041 3237 4124 ioperis
3262 4069 3384 4124 per-

1808 4139 2039 4195 fectione
2061 4150 2452 4202 coruscantem.
2482 4141 2575 4196 sed
2617 4142 2898 4198 charitatis
2938 4143 3090 4213 copia
3134 4144 3385 4198 detentus

1808 4230 2047 4285 suaviter
2097 4230 2474 4305 consolatoriis
2510 4234 2692 4289 verbis
2739 4233 2815 4287 uti
2871 4235 3147 4309 proposui.
3199 4232 3384 4305 Neque

1808 4319 1951 4372 enim
1980 4316 2174 4394 lluvius
2198 4327 2342 4374 totus
2363 4335 2574 4390 semper
2597 4319 2789 4383 ﬂuens.
2821 4320 2966 4377 fonte
2986 4322 3226 4392 quolibet
3252 4337 3389 4394 opus

1811 4407 2001 4474 habet;
2043 4392 2508 4463 honorabilitatem
2560 4417 2703 4463 tuam
2724 4450 2738 4475 ,
2765 4410 2872 4475 aio,
2902 4406 3079 4464 divina
3119 4392 3386 4481 sapientia

1812 4496 2238 4567 plenam..Nosti
2258 4482 2447 4553 autem
2486 4486 2700 4567 utique,
2748 4499 3114 4562 sanctissime,
3141 4515 3383 4565 causam,

1818 4587 1888 4641 ob
1908 4603 2068 4657 quam
2097 4603 2274 4657 neque
2301 4589 2540 4642 scribere
2570 4602 2742 4657 neque
2775 4588 2992 4642 mittere
3022 4588 3293 4657 potuimus
3321 4590 3390 4645 ad

1819 4693 1943 4739 vos,
1990 4690 2057 4730 ne
2105 4675 2241 4733 forte
2276 4676 2527 4732 heremus
2553 4690 2720 4744 penes
2751 4683 3102 4745 potestatem,
3149 4692 3269 4746 quae
3291 4693 3395 4736 nos

1821 4775 1968 4821 tenet
1993 4765 2381 4820 existimationi
2408 4764 2560 4821 malae
2582 4766 2666 4820 vel
2691 4766 3003 4836 suspicioni.
3031 4766 3242 4821 Etenim
3262 4767 3398 4823 mul-

1823 4866 1929 4912 tam
1972 4855 2399 4912 benevolentiam
2445 4864 2499 4911 et
2545 4844 2973 4929 compassionem
3019 4859 3307 4914 ostendunt
3341 4860 3396 4916 in

1823 4963 1943 5012 nos,
1970 4946 2241 5003 licentiam
2269 4934 2424 5003 nobis
2452 4950 2759 5017 praebentes
2806 4945 3113 5004 :edilicandi
3143 4948 3404 5005 ecclesias

1824 5048 2058 5100 nostras,
2096 5047 2151 5094 et
2176 5037 2391 5095 tenendi
2417 5038 2535 5093 sine
2556 5026 2925 5120 prohibitione
2956 5052 3142 5096 mores
3161 5048 3404 5108 nostros;

1817 5129 1964 5199 jnste
1991 5139 2238 5198 agentes,
2259 5138 2311 5185 et
2335 5130 2391 5184 in
2413 5128 2561 5185 nullo
2591 5128 2745 5187 nobis
2786 5123 3054 5193 iniuriam
3086 5127 3173 5184 vel
3204 5126 3415 5184 violen-

1826 5223 1953 5274 tiam
1984 5219 2294 5281 inferentes.
2944 5204 2951 5211 ι
3360 5282 3365 5287 ,

1899 5328 1917 5362 ι
1950 5309 2212 5377 Quoniam
2242 5328 2373 5370 vero
2402 5300 2609 5366 tamab
2644 5311 2863 5367 hamera
2887 5304 2955 5373 δ,
2998 5311 3094 5384 qni
3142 5303 3278 5376 apud
3324 5320 3426 5363 nos

1828 5411 1953 5465 est,
1982 5417 2144 5471 quam
2191 5400 2644 5462 abhominatoriis
2693 5412 2715 5441 ο
2759 5397 2957 5452 litteris
3008 5399 3149 5476 jussi
3198 5411 3424 5462 sumus,

1831 5493 2228 5532 'rnncn‘tieimnc
2284 5491 2442 5532 cit-Illi
2475 5492 2765 5532 nnclnlqvii
2830 5489 3067 5532 nl‘ll'Ium
3106 5497 3348 5532 nnclrllm
3375 5498 3431 5530 nl
