3960 5672
578 436 651 493 ss
1714 433 2072 491 ANASTASII
2110 416 2652 492 BtBLlOTllECAItlt
3084 456 3089 461 -
3766 442 3835 499 δε

579 550 878 626 εςιιὸριὶιιιη
906 553 1186 626 apostolici
1228 551 1407 607 throni
1443 550 1614 605 nostri
1661 550 2067 604 ornatissimum
2105 560 2158 607 et
2186 558 2234 616 Α
2262 531 2562 626 [homnine
2587 549 2790 626 Patris,
2811 562 2861 605 et
2881 550 3053 626 filii,
3072 562 3119 605 et
3160 551 3400 626 Spiritus
3426 558 3614 609 sancti.
3666 556 3838 625 Impe-

574 643 784 702 bonum
797 647 1059 701 cultorem
1082 643 1306 706 Heliam,
1325 642 1520 705 locum,
1536 650 1588 694 et
1610 654 1893 709 personam
1921 648 2159 694 nostrant

582 734 961 801 obtinentem,
1007 736 1098 805 qui
1148 734 1476 803 distinguere
1519 731 1703 801 potest
1751 740 1807 785 et
1850 731 2161 786 discernere

586 844 707 899 qum
744 834 1058 897 qmernntnr
1104 823 1397 879 secundum
1449 822 1734 876 rationem.
1777 820 1911 876 Cum
1950 835 2058 891 quo
2106 829 2163 876 et

588 917 987 973 sanctissimum
1016 914 1273 969 Thomam
1305 913 1557 982 princeps
1587 909 1978 966 Saracenorum
1998 908 2165 965 desti-

588 1012 760 1073 navit,
788 1008 1074 1079 pr.esnlatu
1109 1005 1416 1077 fungentem
1448 1005 1597 1059 urbis
1618 1003 1770 1075 Tyri,
1792 1006 1885 1073 qui
1908 1002 2055 1057 sedis
2077 1009 2163 1057 est

586 1103 903 1165 Antiochiae,
933 1099 1225 1155 secundum
1257 1097 1403 1166 quod
1436 1096 1580 1151 hunc
1607 1094 1875 1164 quaesistis
1905 1093 2043 1147 mitti
2067 1104 2165 1163 per

588 1191 931 1259 honorabiles
973 1187 1182 1244 litteras
1224 1197 1449 1243 vestras.
1496 1185 1675 1242 Nostis
1727 1194 1903 1239 autem
1945 1185 2160 1254 utique,

586 1281 933 1344 Sanctissimi,
955 1280 1078 1349 quia
1113 1278 1279 1333 multa
1307 1276 1611 1331 temeritate
1632 1291 1694 1330 ac
1716 1291 1847 1330 ausu
1874 1275 1971 1329 hos
1996 1284 2165 1329 trans-

585 1374 846 1435 misimus,
871 1372 1269 1441 prsccipitanter
1298 1385 1361 1424 ac
1390 1369 1649 1425 audacter
1686 1368 1753 1423 ad
1796 1352 2163 1436 ereptionem,

584 1464 738 1532 quasi
768 1462 1123 1532 quorumdam
1153 1459 1573 1524 Saracenorum,
1598 1458 1738 1528 apud
1771 1473 1867 1514 vos
1895 1458 1946 1512 in
1993 1470 2166 1513 custo-

587 1553 671 1606 dia
699 1552 1122 1606 consistentium.
1168 1549 1461 1605 Precamnr
1501 1549 1663 1618 igitur
1701 1558 1756 1601 et
1794 1564 2075 1617 rogamus,
2108 1555 2166 1602 ιιι

589 1644 826 1713 loquaris
850 1643 915 1698 ad
938 1656 1099 1696 aures
1137 1658 1165 1696 a
1204 1642 1312 1696 Deo
1341 1641 1582 1695 coronati
1610 1640 1919 1710 etpiissimi
1962 1639 2163 1694 domini

583 1734 777 1798 nostri,
802 1749 906 1803 quo
930 1734 1090 1787 donet
1117 1732 1272 1786 nobis
1309 1738 1576 1800 quotquot
1612 1729 1845 1783 voluerit
1880 1727 2163 1799 magnilica

584 1828 702 1898 ejus
731 1826 1023 1880 dominatio
1059 1824 1381 1886 Saracenos,
1410 1821 1477 1875 ad
1508 1820 1932 1876 satisfactionem
1960 1829 2163 1873 nostro~

585 1931 736 1980 rum,
777 1924 830 1969 ct
875 1914 1271 1982 in‘snspectant
1312 1910 1839 1979 reptaesentationem
1886 1923 2160 1972 meorum,

585 2005 828 2076 quinimo
874 2004 940 2056 ad
981 2002 1207 2056 salutem
1256 2009 1516 2064 nostram,
1561 2008 1615 2054 et
1661 2013 1880 2070 regmeu
1920 1997 2158 2052 omnium

585 2104 850 2148 nostrum.
893 2092 951 2146 Si
993 2091 1137 2146 enim
1176 2099 1286 2144 tam
1331 2089 1398 2143 ab
1441 2087 1742 2158 imperiali,
1775 2102 1936 2158 quam
1981 2098 2158 2142 vestra

584 2182 918 2253 providentia
941 2195 1048 2236 non
1076 2180 1238 2234 fuerit
1270 2180 1370 2234 hoc
1397 2179 1576 2233 taliter
1614 2178 1922 2233 ordlnatnm
1950 2218 1963 2243 ,
1994 2188 2160 2247 pavor

584 2288 692 2327 non
739 2272 981 2329 modicus
1018 2271 1123 2326 erit
1164 2266 1215 2324 iu
1255 2270 1619 2324 omnitnodam
1663 2268 2017 2339 perditionem
2060 2282 2157 2321 no-

546 2369 793 2425 .stram,
840 2374 963 2414 cum
1007 2358 1461 2428 opportunitatem
1512 2356 1838 2413 invenerint.
1893 2354 2158 2409 Praeterea

584 2466 807 2523 sperans
830 2465 995 2523 penes
1033 2447 1455 2504 sacratissimam
1497 2456 1553 2501 et
1594 2445 2003 2500 solertissimam
2032 2444 2161 2499 affe-

585 2543 822 2598 ctionem
850 2551 993 2595 tuam
1025 2540 1318 2609 impetrare
1356 2551 1474 2606 qua:
1514 2537 1663 2590 cordi
1696 2545 1855 2599 sunt,
1901 2536 2156 2604 poderem

585 2643 640 2686 et
667 2630 1107 2703 superhumerale
1154 2645 1277 2683 cum
1326 2628 1522 2691 tnitra,
1573 2626 1930 2696 pontificalem
1963 2626 2158 2681 stolam

560 2721 754 2777 ‘snncti
783 2719 967 2776 Jacobi
995 2720 1225 2791 apostoli
1258 2728 1311 2774 et
1333 2717 1516 2773 fratris
1544 2716 1754 2772 Domini
1790 2727 1843 2772 et
1873 2717 2030 2786 primi
2066 2732 2157 2771 ar-

584 2813 1068 2888 chiepiscoporum,
1105 2826 1264 2880 quam
1300 2821 1672 2863 an'ecessores
1701 2807 1803 2862 mei
1837 2807 2159 2876 patriarcha:

582 2886 997 2967 circumamicti,
1027 2886 1241 2972 semper
1269 2902 1320 2956 in
1344 2898 1541 2956 Sancta
1564 2912 1873 2955 sanetornm
1901 2898 2160 2969 ingredie-

583 2996 803 3057 bantur,
833 2994 1143 3048 sacerdotio
1168 2993 1468 3061 fungentes,
1499 2990 1752 3045 videlicet
1779 2998 2018 3044 sanctam
2046 3004 2159 3044 me-

588 3083 816 3140 moriam
868 3082 989 3136 vine
1011 3122 1024 3143 ,
1075 3090 1132 3134 et
1163 3085 1422 3134 sanctum
1452 3078 1702 3133 ‘ealciarc
1738 3092 1754 3130 :
1794 3093 1912 3147 quae
1949 3089 2004 3131 et
2041 3077 2154 3147 ipse

588 3187 690 3244 ego
741 3173 958 3226 indutus
1019 3186 1173 3235 sum,
1207 3169 1395 3222 eadem
1448 3180 1640 3238 gerens
1687 3176 1779 3221 tuo
1815 3166 2153 3221 desiderandi

2333 623 2579 696 rentibus
2594 622 2818 696 dominis
2838 622 3429 696 piissitttiset.perpetuis
3451 626 3699 696 Augustis
3727 622 3834 680 Ba-

2331 691 2447 765 silio
2470 701 2516 743 et
2540 689 2879 765 Constantino
2904 693 3019 761 ejus
3036 689 3179 765 ﬁlio,
3198 710 3229 744 α
3263 689 3378 746 Deo
3399 689 3667 749 coronatis
3687 698 3834 765 paci-

2331 760 2698 832 ﬁcsmagnis
2745 760 3174 832 imperatoribus,
3231 778 3369 816 anno
3414 765 3604 832 tertio,
3663 760 3835 821 citem

2330 828 2588 896 Octobris,
2610 828 2889 885 indictione
2913 832 3085 885 tertia.

2328 1000 2509 1055 Prima
2560 1000 2705 1056 salus
2751 1009 2835 1057 est
2881 1011 3044 1057 recta:
3088 1002 3211 1058 ﬁdei
3265 1003 3501 1075 regulam
3543 1004 3833 1071 custodire,

2263 1091 2453 1146 deinde
2496 1107 2545 1144 a.
2574 1092 2880 1147 constitutis
2919 1092 3013 1148 Dei
3056 1104 3111 1149 et
3140 1092 3357 1150 Patrum
3386 1084 3695 1154 nullatenus
3741 1097 3836 1152 dc-

2263 1182 2430 1236 viare.
2461 1180 2633 1236 Unum
2669 1182 2866 1254 quippe
2893 1183 3082 1238 horum
3117 1185 3184 1239 ad
3210 1183 3369 1240 ﬁdem
3395 1186 3652 1257 pertinet,
3697 1188 3834 1243 alte-

2265 1288 2382 1327 rum
2414 1274 2479 1327 ad
2503 1288 2639 1342 opus
2667 1274 2894 1341 bonum;
2918 1275 3059 1330 sicut
3083 1276 3228 1330 enim
3267 1277 3526 1347 scriptum
3555 1287 3641 1333 est
3666 1295 3681 1332 :
3710 1278 3837 1334 Sine

2263 1363 2368 1429 ﬁde
2397 1363 2710 1432 impossibile
2732 1375 2805 1418 est
2831 1364 3037 1435 placere
3064 1364 3170 1420 Dea
3201 1365 3360 1437 (Heb.
3392 1366 3505 1439 x1);
3537 1368 3618 1423 sic
3647 1380 3837 1424 rursus

2263 1451 2460 1520 legitur
2492 1469 2504 1504 :
2532 1449 2693 1506 Fides
2713 1457 2825 1507 sine
2859 1455 3098 1523 operibus
3123 1465 3330 1509 mortua
3365 1465 3440 1510 est
3481 1456 3622 1527 (Jac.
3654 1460 3737 1527 tt).
3773 1458 3839 1513 Et

2264 1541 2387 1608 quia
2411 1555 2513 1594 non
2536 1549 2710 1610 potest
2728 1542 2936 1597 Domini
2952 1543 3118 1597 nostri
3139 1541 3263 1598 Jesu
3276 1541 3474 1599 Christi
3499 1547 3835 1616 prmtermitti

2264 1633 2555 1696 sententia,
2578 1632 2807 1688 dicentis
2836 1650 2851 1687 :
2885 1632 2961 1686 Tu
2987 1650 3041 1688 es
3086 1632 3268 1688 Petrus
3303 1644 3350 1688 et
3390 1651 3548 1706 super
3570 1641 3711 1689 Itane
3748 1653 3836 1708 pe-

2263 1732 2396 1775 tram
2425 1722 2694 1790 aediﬁcabo
2737 1722 3018 1777 Ecclesium
3058 1739 3225 1778 meam
3263 1723 3474 1796 (Matth.
3517 1728 3672 1799 XVI);
3720 1728 3837 1784 lucc

2264 1828 2384 1883 qua:
2403 1813 2545 1868 dicta
2581 1824 2726 1879 sunt,
2760 1830 2939 1869 rerum
2963 1818 3259 1886 probantur
3279 1816 3556 1874 eﬂ‘ectibus
3583 1834 3599 1874 :
3627 1822 3754 1890 quia
3781 1822 3836 1877 in

2192 1894 2237 1954 Β
2264 1902 2390 1957 sede
2427 1904 2719 1972 apostolita
2750 1904 3089 1959 immaculata
3119 1913 3200 1959 est
3226 1919 3438 1975 semper
3458 1907 3727 1963 catholica
3750 1925 3836 1962 rc-

2261 2004 2474 2050 servata
2498 1995 2686 2066 religio
2709 2004 2764 2050 et
2785 2005 2971 2050 sancta
2993 1995 3265 2050 celebrata
3287 1996 3550 2051 doctrina.
3572 1998 3657 2053 Ab
3680 1999 3836 2071 hujus

2260 2105 2390 2160 ergo
2426 2089 2528 2144 [ide
2554 2098 2715 2159 atque
2742 2089 2981 2143 doctrina
3010 2088 3250 2157 separari
3277 2088 3496 2144 minime
3534 2091 3832 2160 cupientes.

2259 2190 2315 2237 et
2342 2181 2577 2242 Patrum,
2626 2189 2679 2234 et
2719 2181 2987 2248 praecipue
3012 2188 3319 2234 sanctorum
3343 2179 3487 2233 sedis
3526 2179 3835 2250 apostolica:

2259 2268 2568 2339 praasulnm,
2596 2268 2883 2338 sequentes
2910 2267 2963 2321 in
2990 2267 3241 2322 omnibus
3264 2267 3578 2334 constituta,
3608 2270 3834 2325 anathe-

2260 2363 2578 2416 matizamus
2598 2373 2785 2415 omnes
2817 2360 3067 2424 htereses,
3092 2358 3251 2413 siuml
3272 2373 3396 2414 cum
3437 2358 3829 2417 leonomaebis.

2258 2450 2793 2505 Anathematizanms
2816 2449 2979 2504 etiam
3007 2448 3276 2515 Photium,
3304 2451 3393 2519 qui
3434 2460 3621 2505 contra
3648 2465 3837 2507 sacras

2260 2539 2493 2610 regulas,
2519 2546 2574 2593 et
2612 2547 2920 2592 sanctorum
2944 2537 3256 2608 pontiﬁcum
3278 2537 3645 2595 Romanorum
3671 2554 3835 2596 vene.

2261 2633 2425 2685 randa
2470 2632 2707 2695 decreta,
2751 2639 2973 2699 repente
3026 2630 3091 2685 de
3134 2631 3319 2685 curiali
3367 2633 3833 2688 administratione

2260 2721 2609 2791 srecnlarique
2648 2721 2837 2774 militia
2868 2720 3129 2785 sublatus,
3176 2723 3463 2791 superstite
3489 2721 3701 2793 lgnatio
3742 2737 3833 2792 pa-

2260 2815 2518 2876 triarcha,
2564 2813 2616 2865 in
2668 2810 3315 2880 Coostantinopolitanam
3372 2819 3457 2866 est
3499 2812 3828 2881 pervaseric,

2261 2905 2367 2959 imo
2422 2904 2719 2975 tyrannice,
2764 2918 2795 2957 a
2841 2903 3161 2973 quihusdam
3190 2904 3550 2959 scltismaticis
3589 2903 3672 2959 vel
3711 2920 3833 2960 ana-

2261 2998 2622 3052 thematizatis
2667 3006 2828 3067 atque
2865 2998 3122 3066 depositis
3172 2998 3449 3052 institutus
3498 2996 3829 3064 Ecclesiam,

2236 3088 2431 3141 donec
2503 3088 2646 3141 sedis
2705 3087 3012 3156 aposzohcte
3074 3087 3443 3142 sanctionibus
3516 3088 3832 3143 inohedicns

2259 3173 2630 3257 perseverans,
2679 3175 2796 3244 cjazs
2824 3177 3164 3238 svntentiam,
3195 3187 3302 3230 tam
3344 3175 3411 3232 de
3456 3192 3516 3232 se
3562 3194 3729 3249 quam
3754 3179 3830 3233 de

560 3275 644 3320 ‘et
682 3264 997 3321 honorando
1032 3262 1162 3317 mihi
1196 3260 1403 3330 capiti,
1458 3273 1527 3313 ex
1579 3273 1765 3314 amore
1802 3266 1857 3313 et
1907 3259 2154 3313 tlilectio-
2182 3256 2225 3317 C
2257 3258 2565 3336 patriarcha
2594 3260 2779 3320 nostro
2813 3265 3039 3335 lgnatio,
3072 3268 3355 3337 spreverit,
3402 3277 3457 3322 et
3484 3269 3833 3324 conciliabuli

588 3357 674 3412 nis
726 3353 878 3425 copia
927 3352 1233 3417 transmisi;
1270 3342 1534 3420 quatenus
1587 3349 1863 3405 sancti'lica
1914 3349 2153 3403 suavita-

585 3458 668 3509 te,
729 3460 794 3500 ac
853 3453 997 3499 tactu
1041 3451 1349 3498 sanctorum
1396 3440 1674 3504 locorum,
1720 3447 1903 3509 utpote
1939 3438 2154 3509 dignus,

584 3535 882 3608 perfruaris
906 3556 920 3591 ι
947 3534 1103 3589 simul
1135 3542 1312 3588 autent
1343 3541 1399 3587 et
1426 3546 1642 3587 sacrum
1667 3547 1761 3586 vas
1782 3546 1806 3573 ει
1832 3530 2156 3586 cimiliornm

586 3635 791 3681 saneta:
834 3622 1280 3688 resurrectionis,
1346 3630 1612 3676 ‘craterem
1669 3628 1981 3691 argenteum
2031 3634 2153 3674 cum

585 3716 907 3786 imaginibus
955 3715 1007 3768 in
1056 3720 1197 3766 terra
1243 3710 1423 3781 Sylem
1470 3710 1765 3775 transmisi,
1794 3724 1918 3765 cum
1963 3711 2155 3766 devoto

586 3814 934 3874 prareeptore,
958 3819 1022 3857 ae
1048 3802 1282 3873 syucello
1313 3801 1460 3856 Helia
1485 3796 1767 3871 apostolici
1788 3799 1817 3841 δ
1851 3800 2028 3855 throni
2060 3815 2155 3855 no-

585 3894 682 3948 stri
706 3896 771 3947 ad
791 3892 1268 3946 sanctiﬁcationem
1299 3898 1498 3944 nostra:
1517 3889 1869 3950 sanctissima:
1888 3884 2152 3955 ecclesiae,

583 3996 640 4040 et
671 3984 982 4038 memoriam
1011 3990 1208 4036 nostra:
1230 3980 1565 4035 humilitatis.
1600 3998 1618 4031 ι
1647 3979 1850 4050 Et-post
1869 3979 2152 4033 lectionem

586 4072 911 4130 sanctissimi
954 4068 1412 4127 vicariivsenioris
1459 4070 1642 4124 nonne
1666 4069 1916 4124 dixerunt
1952 4086 1964 4121 :
2008 4069 2153 4123 Bona

551 4170 554 4174 λ
583 4167 849 4236 expositio
874 4162 1075 4233 placuit
1103 4162 1273 4215 nobis.
1301 4161 1362 4214 Et
1389 4169 1505 4230 post
1534 4160 1634 4214 hoc
1649 4161 1883 4215 surrexit
1911 4159 2154 4215 Bahanes

585 4248 977 4311 famosissimus
1010 4252 1267 4322 patricius
1293 4259 1347 4303 et
1375 4250 1712 4319 prmpositus,
1741 4258 1800 4302 ut
1826 4262 1892 4302 ex
1921 4263 2151 4318 persona

586 4349 750 4402 totius
794 4345 1007 4417 synodi,
1057 4352 1111 4397 ct
1149 4342 1285 4396 dixit
1326 4358 1341 4395 :
1393 4341 1494 4394 l’er
1536 4339 1794 4395 formatas
1837 4355 1959 4409 qua:
2001 4340 2153 4395 lectas

583 4448 711 4493 sunt
735 4435 1058 4492 credidimus
1093 4447 1213 4489 esse
1251 4446 1347 4502 per
1372 4432 1553 4487 omnia
1582 4432 1895 4502 inperfecta
1927 4432 2149 4486 certim-

582 4527 710 4583 dine
737 4541 853 4592 eos,
884 4526 975 4596 qui
1006 4525 1153 4578 missi
1183 4533 1308 4577 sunt
1333 4538 1363 4575 a
1392 4521 1590 4576 seniori
1612 4522 1780 4575 Roma
1818 4523 1885 4576 ad
1923 4536 2020 4576 nos
2061 4537 2153 4576 ve-

2255 3366 2394 3417 aeta,
2424 3356 2565 3424 quod
2594 3371 2655 3410 se
2698 3365 2920 3411 auctore
2958 3369 3148 3411 contra
3174 3358 3318 3413 sedis
3341 3359 3650 3428 aposmlica‘:
3679 3372 3832 3415 reve-

2230 3445 2484 3498 rentiam
2515 3452 2899 3514 congregatum
2919 3453 3028 3509 est,
3057 3446 3517 3503 anathematizare
3536 3447 3830 3503 distulerit.

2257 3536 2545 3604 Sequimur
2571 3544 2748 3590 autem
2776 3544 3016 3590 sanctam
3047 3537 3330 3607 synodum,
3357 3547 3413 3593 et
3428 3538 3833 3609 amplectimur,

2253 3642 2414 3696 quam
2459 3626 2629 3681 beata:
2673 3627 3059 3681 recordationis
3112 3641 3257 3696 papa
3297 3626 3585 3694 Nicolaus,
3635 3631 3726 3685 cui
3777 3642 3835 3686 et

2254 3715 2369 3784 ipse
2391 3714 2658 3769 dominico
2694 3714 3019 3783 coangelice,
3049 3731 3256 3770 suntme
3284 3717 3522 3785 pontifex
3566 3712 3831 3784 Adi-iane,

2254 3805 2642 3874 subscripsisti,
2694 3813 2820 3858 ante
2862 3806 3287 3860 sacratissimum
3332 3806 3475 3862 Petri
3520 3819 3576 3862 et
3613 3807 3765 3864 Pauli
3801 3820 3827 3849 ε

2254 3895 2619 3963 apostolorum
2666 3894 2848 3948 eximii
2900 3908 3096 3964 corpus
3149 3896 3442 3952 celebravit
3490 3915 3504 3951 :
3556 3897 3719 3952 simul
3774 3907 3833 3953 et

2253 3999 2414 4053 quam
2449 3993 2502 4037 tu
2533 3984 2605 4038 ibi
2635 3984 2751 4054 ipse
2781 3999 2952 4053 nuper
2975 3985 3153 4056 egisti,
3183 3997 3241 4041 et
3263 3986 3464 4053 omnia,
3490 4004 3612 4058 qua:
3648 3988 3702 4043 itt
3743 3989 3831 4047 his

2254 4083 2453 4128 statuta
2518 4085 2681 4138 sunt,
2736 4076 3032 4130 secundum
3082 4078 3287 4132 decreti
3347 4078 3513 4133 vestri
3573 4079 3827 4133 modem-

2256 4168 2451 4220 tionem
2522 4165 2902 4220 venerabiliter
2966 4168 3448 4234 conservabimus,
3503 4168 3829 4239 recipientes

2230 4269 2390 4325 quos
2431 4255 2726 4323 recipiunt,
2774 4265 2829 4310 et
2874 4256 3191 4312 damnantes
3236 4272 3426 4313 onmes
3471 4259 3562 4327 qui
3615 4259 3671 4313 in
3720 4259 3829 4314 illis

2229 4345 2493 4400 damnati
2540 4358 2661 4401 sunt
2686 4387 2701 4409 ,
2756 4356 2812 4401 et
2849 4348 3114 4417 praecipue
3151 4345 3264 4416 jam
3305 4348 3507 4403 dictum
3546 4347 3824 4414 Photium.

2251 4444 2308 4489 et
2367 4434 2684 4506 Gregorium
2752 4436 3198 4506 Syracusanum,
3275 4436 3567 4506 patricidas
3641 4438 3829 4495 videli-

2252 4534 2356 4590 cet,
2411 4527 2501 4595 qui
2548 4535 2735 4580 cetttra
2779 4526 3074 4596 spiritalem
3115 4536 3325 4597 patrem
3368 4543 3524 4584 suum
3581 4529 3823 4601 linguam

586 4631 761 4682 races,
800 4616 1052 4671 similiter
1095 4623 1151 4668 et
1176 4612 1414 4668 Orientis
1438 4612 1663 4666 duarum
1708 4612 1932 4674 sodium,
1966 4612 2145 4667 Antio.
2180 4611 2231 4669 D
2257 4615 2496 4669 eximere
2534 4616 2754 4671 minime
2787 4616 3175 4685 formidarunt;
3224 4628 3387 4691 atque
3413 4633 3826 4690 perseverantes

579 4707 717 4762 chia:
746 4706 949 4764 scilicet
977 4714 1032 4758 et
1060 4702 1459 4774 Hierosolymae,
1495 4702 1729 4758 Donatus
1757 4711 1817 4757 et
1847 4700 2153 4771 Stephanus

581 4796 907 4853 Sanctissimi
949 4784 1206 4865 episcOpi,
1240 4804 1294 4847 et
1319 4795 1584 4848 Martinus
1617 4792 1948 4848 honorabilis
1970 4793 2153 4848 diaco-

584 4902 688 4941 nus
727 4887 899 4941 locum
934 4892 1180 4939 tenentes
1215 4884 1536 4938 sanctissimi
1564 4898 1713 4952 papae
1739 4883 1961 4937 Adriani
2002 4882 2150 4938 dixe-

583 4984 759 5030 runt:
808 4975 1040 5046 Legatur
1089 4973 1300 5027 libellus
1348 4988 1505 5041 quetu
1552 4981 1734 5027 sancta
1784 4972 2145 5028 Romanorum

580 5064 824 5123 Ecclesia
857 5064 1121 5134 exposuit.
1152 5064 1613 5134 Sanctasynodus
1635 5064 1768 5117 dixit
1806 5081 1821 5118 :
1854 5064 2146 5120 Audiamus

579 5170 725 5213 cum.
769 5155 835 5209 Et
861 5154 1131 5224 accipiens
1172 5168 1293 5208 eum
1344 5153 1635 5208 Damianus
1670 5155 2146 5210 reverendissimus

576 5247 876 5319 impcrialis
905 5246 1131 5302 clericus
1157 5255 1213 5299 et
1254 5245 1536 5314 interpres,
1561 5246 1871 5313 praedictum
1910 5246 2143 5301 libellum

577 5337 708 5408 legit
748 5336 934 5391 Latine
961 5348 1148 5414 magnp
1192 5351 1319 5389 voce
1364 5335 1417 5389 in
1444 5335 1766 5389 audientiam
1788 5336 2046 5390 omnium.
2078 5334 2145 5389 Et

577 5440 700 5499 ροδι
731 5427 1012 5482 lectionem
1218 5424 1513 5477 ascendens
1541 5422 1843 5479 Stenltmms
1869 5426 1974 5476 Deo
1995 5439 2142 5474 ama-

2259 4705 2312 4760 in
2347 4706 2641 4760 schismate
2688 4722 2947 4777 sequaces
2995 4723 3203 4774 eorum,
3234 4724 3441 4765 necnon
3468 4719 3522 4766 et
3549 4712 3642 4782 qui
3670 4712 3726 4767 in
3757 4713 3826 4768 il-

2252 4796 2423 4852 lorum
2452 4798 2843 4851 communionis
2881 4800 3141 4879 societate
3177 4810 3621 4868 permanserunt,
3670 4817 3823 4859 eom-

2218 4887 2519 4941 rmunionis
2566 4886 2742 4940 onmis
2775 4888 2945 4957 gratia
2981 4903 3077 4942 eos
3128 4902 3248 4942 cum
3294 4890 3422 4958 ipsis
3450 4889 3719 4960 indignos,
3769 4896 3821 4951 si

2252 4985 2429 5029 tamen
2459 4976 2736 5029 vobiscum
2765 4992 2869 5029 non
2899 4976 3219 5040 obcdterint,
3245 4978 3572 5048 iudicantes.
3604 4983 3817 5037 Etenim

2251 5082 2477 5135 quorum
2528 5081 2585 5120 se
2629 5066 2751 5135 quis
2799 5069 3164 5122 communioni
3203 5070 3818 5142 miscuer.t,'ipsorunt

2250 5156 2478 5211 similem
2508 5156 2706 5209 meruit
2731 5156 2783 5209 in
2802 5157 3189 5224 jttstilicatione
3219 5159 3298 5211 vel
3325 5161 3671 5215 damnatione
3694 5176 3819 5217 sen—

2249 5245 2489 5300 tentiam.
2545 5246 2852 5317 Synagogas
2897 5261 3026 5303 vero
3081 5250 3512 5320 malignantium,
3546 5251 3817 5326 hucspe-

2245 5336 2457 5392 luncam
2487 5337 2778 5402 latronum,
2824 5348 2877 5391 et
2919 5341 3291 5396 conventicula
3339 5344 3657 5414 sanguinem
3685 5384 3704 5411 ,
3758 5356 3819 5404 οι

2247 5429 2629 5482 fabricator-mn
2664 5430 2951 5484 mendacii.
2978 5441 3139 5486 atque
3166 5433 3500 5485 invasam-tl“
3602 5450 3606 5454 Α
3764 5451 3778 5454 -
