3960 5554
468 412 544 473 59
1328 428 1334 433 ‘
1580 411 1954 472 ANASTASII
1988 414 2052 471 BI

2163 410 2530 473 ΟἸἮΕΟΑΒΠ
3002 426 3027 443 ’ν
3578 446 3586 453 -
3612 404 3619 411 ’
3646 409 3719 466 ιο

468 524 716 608 coegeris
746 545 758 580 :
793 539 975 608 neque.
1000 526 1156 608 _eni_m
1203 524 1293 608 alii
1346 526 1544 608 debent
1596 525 1903 608 restituere,
1951 524 2036 608 vel
2067 528 2111 585 Α
2141 523 2272 577 cat-ii
2300 524 2528 579 senioris
2550 521 2736 579 Romm
2752 521 3043 581 dixerunt:
3072 522 3327 593 Legatur.
3350 521 3421 578 Et
3444 520 3719 593 accipiens

472 595 764 666 corrigere,
805 597 849 650 si
886 595 1022 665 quid
1061 596 1246 651 vicarii
1289 596 1657 666 perdiderunt,
1698 595 1780 648 vel
1829 595 1873 648 si
1908 595 2038 666 quid

474 664 678 722 sinistri
731 664 973 737 perpessi
1018 668 1182 737 sunt,
1214 664 1314 719 nisi
1360 664 1433 717 illi
1471 665 1562 733 qui
1610 679 1707 718 nos
1760 680 1881 737 eum
1928 665 2041 737 suis

473 733 814 790 ontuibnsad
834 733 1250 790 custodiendum
1284 742 1608 796 reverenter,
1638 744 1692 787 et
1722 733 2037 787 salvandum

473 804 756 874 iutegriter
785 805 1126 874 imperatoria
1158 804 1354 874 pietate
1402 811 1740 874 receperunt.
1791 805 1861 856 At
1909 816 2038 874 vero

474 873 789 941 imperator,
839 872 923 930 liis
971 872 1186 936 auditis,
1230 872 1810 937 accersivit'vicarios,
1862 880 1917 926 et
1960 872 2042 925 eis

474 944 656 1014 omnia
678 945 1031 1014 chirographa
1059 942 1408 1014 reddiditLita
1437 952 1501 1014 ut
1530 957 1630 997 nec
1659 958 1821 995 unum
1850 941 2040 1014 saltent

477 1012 709 1068 deiicere
738 1011 1027 1082 patéretur,
1056 1013 1266 1066 dicens:
1288 1011 1399 1081 Ego
1414 1013 1630 1080 quidem
1653 1022 1711 1065 ut
1731 1012 2040 1082 magistram

475 1081 965 1139 ecclesiasticorum
988 1083 1325 1152 negotiorum
1349 1083 1528 1135 sedem
1561 1081 1906 1150 aposwlicam
1948 1095 2045 1148 per

479 1166 631 1222 meos
654 1151 853 1222 legatos
893 1151 1021 1214 adii,
1051 1151 1107 1204 et
1130 1151 1254 1222 ideo
1277 1158 1511 1204 vestram
1542 1152 1877 1222 praesentiam
1909 1164 2044 1222 prro.

478 1219 866 1282 stolatas—sum,
895 1231 956 1275 ut
995 1230 1177 1275 vestro
1223 1219 1439 1273 decreto
1467 1228 1521 1272 et
1561 1219 1776 1273 solertia
1804 1219 2044 1274 Ecclesia

478 1302 660 1345 nostra
691 1291 926 1345 remedia
955 1290 1201 1344 sanitatis
1223 1290 1504 1358 reciperet,
1530 1286 1585 1342 et
1604 1304 1700 1343 nos
1722 1303 1826 1343 non
1842 1290 2045 1342 nostris

479 1361 734 1422 motibus,
760 1360 851 1415 sed
884 1369 1077 1414 vestra:
1102 1359 1382 1414 sentcntiae
1403 1373 1735 1429 pareremns.
1767 1358 1908 1429 Ergo
1933 1358 2050 1429 cbi-

477 1430 762 1500 rographa,
814 1443 945 1500 qua:
983 1444 1014 1483 a
1052 1430 1251 1500 nostris
1307 1426 1696 1500 sacerdotibus,
1731 1443 1795 1483 ac
1840 1426 2049 1500 cunctis

484 1496 699 1570 clericis
749 1496 1039 1570 salubriter
1088 1499 1361 1570 exegistis,
1404 1498 1647 1566 recipite,
1693 1508 1749 1552 et
1784 1496 2048 1570 spirituali

473 1568 821 1648 p_atri_nostro
858 1567 1219 1648 sanctissimo—7
1242 1581 1393 1648 papa)
1422 1567 1844 1648 repraeseptate';
1883 1567 1956 1620 ita
1991 1573 2051 1618 ut

476 1638 520 1692 si
546 1638 668 1706 quis
695 1652 881 1709 eorum
913 1654 1008 1706 per
1034 1639 1256 1709 abrupta
1288 1637 1559 1701 vitiorum,
1592 1637 1686 1709 vel
1722 1638 1878 1709 devia
1923 1652 2049 1707 pra-

475 1709 703 1764 vitatum
735 1707 894 1761 solito
941 1707 1189 1763 incedere
1238 1720 1386 1761 more
1431 1707 1735 1768 tentaverit,
1779 1707 1865 1762 his
1912 1721 2052 1775 quo-

477 1777 764 1831 danunodo
784 1776 1027 1838 habenis,
1050 1778 1118 1833 ab
1144 1792 1210 1831 eo
1240 1777 1560 1839 refrenetur,
1589 1785 1643 1832 et
1685 1776 1881 1830 talibus
1920 1777 2051 1830 loris

478 1849 547 1900 ad
595 1857 798 1900 rectum
841 1845 1065 1915 justitiaa
1119 1847 1383 1901 tramitem
1426 1856 1728 1901 revocetur.

476 1915 662 1970 vicarii
693 1914 884 1983 gavisi,
912 1915 1118 1971 libellos
1147 1924 1395 1984 acceptos
1412 1914 1566 1971 nobis
1606 1926 1764 1971 caute
1794 1915 2043 1970 deferen-

478 1984 578 2043 dos
602 1985 966 2040 tradiderunt:
996 1987 1085 2054 qui
1110 1986 1356 2040 videlicet
1375 1997 1662 2054 antequam
1685 1986 1955 2039 remeandi
1979 1985 2047 2039 ad

475 2054 705 2179 gatriam
757 2054 859 2109 iter
906 2056 1295 2125 arripuissent,
1345 2056 1573 2123 separati
1617 2070 1823 2119 sumus,
1849 2056 1973 2125 quia
2017 2069 2047 2107 a

531 2125 780 2179 vrracbio
806 2125 1020 2179 navigio
1062 2125 1308 2179 venimus
1351 2123 1655 2179 Sipontum.
1694 2124 1887 2179 deinde
1936 2134 2045 2178 ter-

530 2125 780 2194 yrracbio
806 2123 1033 2194 navigio
1062 2125 1308 2180 venimus
1351 2123 1655 2194 Sipontum,
1694 2123 1887 2180 deinde
1936 2134 2045 2178 ter-

477 2193 611 2263 reno
638 2195 827 2249 itinere
854 2193 1239 2259 Beneventum,
1265 2195 1505 2263 posthaec
1539 2194 1787 2259 Romam,
1828 2195 2046 2248 eosdem

480 2262 685 2317 libellos
728 2272 1040 2332 portantes:
1089 2263 1240 2318 missi
1269 2262 1418 2319 vero
1461 2263 1606 2318 sedis
1649 2264 1974 2333 apostolicae,
2017 2278 2046 2316 a

478 2333 772 2404 Dyrrachio
795 2333 954 2404 sitnili
979 2335 1137 2389 modo
1161 2332 1339 2404 navim
1371 2334 1619 2404 ingressi,
1655 2332 1933 2388 Anconam
1958 2349 2051 2404 pc-

480 2402 692 2457 te’bant:
716 2404 808 2457 sed
830 2402 1240 2458 Exdavenorum
1264 2403 1470 2472 piratas
1490 2403 1849 2468 incurrentes,
1869 2403 2048 2457 omnia

478 2486 599 2543 quae
630 2473 906 2543 possidere
932 2472 1251 2527 videbantur
1269 2471 1488 2543 penitus
1530 2473 1846 2543 amiserunt,
1884 2480 1939 2527 et
1978 2473 2051 2526 si-

419 2544 423 2548 ’
479 2541 591 2599 tnul
618 2540 855 2613 codicem
886 2544 1158 2613 actionum
1182 2540 1459 2611 praesentis
1481 2543 1693 2613 synodi.
1721 2540 1919 2596 Verum
1944 2557 2051 2613 ego

481 2612 573 2693 qui
624 2612 875 2693 immania;
908 2611 1244 2693 bibliotheca:
1275 2625 1461 2692 curam
1491 2611 2049 2693 gerebanuustuldium

481 2680 641 2752 habui
663 2697 691 2735 a
705 2681 1164 2752 Constantinopoli
1186 2696 1392 2736 meeum
1417 2680 1584 2750 ipsius
1611 2681 1797 2752 synodi
1812 2680 2050 2752 codicem

480 2750 780 2815 deferendi,
825 2750 1163 2820 delatumque
1191 2765 1403 2805 summo
1440 2750 1681 2819 pontitici
1709 2750 2052 2820 pnescutavi,

479 2834 544 2875 ac
569 2834 663 2889 per
699 2821 815 2875 haec
838 2819 1039 2875 factum
1067 2829 1174 2884 est,
1197 2828 1259 2873 ut
1286 2821 1441 2875 sedes
1468 2819 1779 2889 apostolica,
1817 2822 1925 2875 Deo
1959 2836 2054 2874 au-

481 2897 654 2961 ctore,
693 2891 932 2961 codicem
961 2891 1150 2961 synodi
1172 2905 1270 2961 per
1296 2905 1393 2961 nos
1425 2890 1748 2961 susciperet,
1769 2893 1823 2944 et
1846 2891 2054 2946 libellos

482 2959 663 3029 missis
683 2959 896 3028 quidem
925 2974 953 3012 a
985 2959 1138 3014 nobis
1163 2960 1420 3021 redditos,
1451 2961 1542 3014 sed
1570 2959 1665 3029 per
1689 2976 1788 3016 nos
1823 2961 2056 3014 salvatus

488 3028 728 3090 haberet,
760 3043 896 3099 quos
922 3029 1195 3091 nimirum,
1232 3030 1277 3082 si
1318 3028 1467 3099 missi
1497 3028 1662 3099 penes
1688 3046 1769 3093 se,
1810 3040 1869 3082 ut
1911 3030 2056 3099 eodi:

483 3112 607 3171 cent
630 3096 839 3171 synodi,
868 3107 921 3151 et
950 3105 1147 3153 ctetera
1173 3099 1372 3171 scripta
1414 3096 1700 3164 haberent,
1735 3100 1833 3153 hos
1867 3096 2053 3170 procul

462 3222 465 3229 ,
486 3167 647 3222 dubio
662 3167 977 3238 perderent.
1200 3167 1205 3171 ⁷
1566 3198 1571 3206 ι

555 3285 622 3339 Ει
655 3293 776 3354 post
815 3286 1226 3359 completionem
1269 3289 1433 3345 libelli
1466 3289 1684 3345 silentio
1726 3289 1890 3355 facto,
1939 3306 2060 3347 sun-

486 3393 623 3448 gens
644 3377 890 3434 Bahanes
924 3380 1316 3437 famosissimus
1344 3381 1606 3451 patricius
1652 3389 1706 3436 et
1739 3381 2060 3451 praepositus

486 3468 661 3523 dixit:
693 3468 1050 3540 Imperatores
1096 3472 1267 3526 nostri
1317 3471 1487 3527 sancti
1520 3472 1662 3542 quod
1707 3471 1914 3542 justum
1975 3480 2060 3526 est

485 3571 751 3629 quaerunt,
781 3571 837 3617 et
864 3577 1122 3618 canonem
1152 3562 1494 3633 adimpletnri
1522 3570 1668 3628 sunt,
1701 3578 1806 3616 non
1854 3563 1921 3619 ad
1967 3578 2062 3617 vo-

484 3651 742 3707 luntatem
768 3668 944 3717 suam,
979 3655 1071 3710 sed
1101 3655 1166 3709 ad
1195 3655 1495 3725 profectum
1526 3655 1839 3715 multorum,
1879 3663 1932 3708 et
1958 3655 2061 3709 sic-

484 3754 545 3798 ut
576 3745 714 3799 Dcus
740 3746 998 3800 reficitur.
1031 3745 1140 3799 Vos
1166 3755 1342 3800 autem
1380 3745 1447 3800 ad
1478 3747 1590 3800 haec
1619 3745 1972 3810 convenistis,
2000 3754 2060 3799 ttt

483 3836 625 3890 sicut
679 3836 1012 3905 conspicitis,
1061 3835 1323 3903 justitiam
1374 3845 1430 3890 et
1482 3837 1766 3893 veritatem
1823 3838 2055 3893 faciatis.

489 3925 831 3980 Sanctissimi
865 3926 1048 3980 vicarii
1080 3925 1309 3981 senioris
1354 3924 1538 3980 Roma:
1564 3927 1852 3981 dixerunt:
1881 3927 2062 3982 Placet

483 4017 734 4071 omuibus
762 4017 912 4072 vobis
942 4016 1155 4071 libellus
1186 4018 1307 4081 iste,
1339 4017 1430 4087 qui
1469 4017 1659 4088 plenus
1706 4017 1827 4080 fide,
1870 4029 1924 4074 ct
1969 4035 2062 4075 ca-

486 4107 788 4171 nouizatus',
836 4119 997 4178 atquc
1032 4107 1305 4178 perfectus
1331 4108 1475 4162 omni
1512 4108 1776 4178 sapientia
1821 4112 2062 4168 existat?

486 4207 570 4253 est
599 4198 928 4253 orthodoxus
952 4198 1121 4269 gratia
1148 4196 1329 4251 divina
1359 4213 1389 4251 a
1420 4197 1787 4266 Romanorum
1821 4190 2057 4256 Ecclesia

489 4291 706 4345 missus.
739 4290 871 4344 Tota
898 4300 1087 4344 sancta
1131 4290 1368 4361 synodus
1409 4289 1772 4345 exclamavit:
1804 4289 1958 4346 Juste
2005 4301 2061 4347 et

489 4382 871 4439 convenienter
911 4382 1083 4436 lectus
1133 4381 1290 4436 nobis
1324 4380 1537 4435 libellus
1592 4382 1868 4452 expositus
1913 4392 1997 4437 est
2028 4398 2060 4437 a

488 4482 677 4529 sancta
708 4472 1071 4528 Romanorum
1120 4471 1383 4534 Ecclesia,
1414 4479 1470 4526 et
1495 4478 1779 4540 propterea
1810 4472 2060 4527 omnibus

1759 1846 1888 1921 ριιοΔ
1906 1844 2046 1900 facto
2078 1861 2122 1921 Β

2141 612 2450 683 Stephanus
2479 615 2591 669 Deo
2615 615 2980 671 amicissimus
3003 615 3261 673 diaconus
3281 622 3339 670 et
3362 614 3588 670 devotus
3616 627 3719 669 no-

2141 707 2309 760 tarius
2336 702 2513 776 legit"
2542 723 2557 759 :

2140 836 2385 906 Deﬁnitio
2416 835 2626 890 Thomm
2650 835 2986 907 metropolitte
3015 834 3140 907 Tyri
3157 835 3311 907 primi
3333 836 3552 907 sessoris
3578 837 3606 877 δ
3626 875 3645 905 ,
3669 845 3722 894 et

2214 907 2453 979 primatis
2476 908 2612 960 sedis
2643 906 2965 979 Titettpoleos
2987 906 3297 979 dutiodtitc,
3327 916 3375 960 et
3403 906 3578 961 Πειίω
3602 921 3723 979 ρη-

2211 974 2407 1047 sityteri
2445 987 2494 1029 et
2532 976 2746 1047 δρινκ·ᾳηί
2775 974 2947 1047 throni
2989 974 3499 1045 Hierosolymorum,
3523 974 3722 1047 sariat;

2214 1044 2408 1099 Christi
2445 1047 2538 1103 Dei
2563 1044 2804 1101 civitatis
2848 1044 3042 1107 locum,
3087 1054 3134 1099 et
3176 1044 3455 1115 personam
3500 1045 3724 1100 tenentis

2217 1115 2493 1169 Theodosii
2534 1114 2850 1170 sanctissimi
2889 1113 3201 1185 patriarcha:
3234 1113 3725 1185 Hierosolymorum

2213 1185 2391 1248 habita
2419 1185 2888 1255 Constagtinopoli,
2918 1187 3221 1255 priusquam
3250 1184 3434 1239 vicarii
3455 1184 3723 1254 pervenis-

2216 1264 2330 1309 sent
2352 1255 2580 1310 senioris
2606 1253 2810 1309 Romae.
2850 1288 2853 1289 ν

2218 1383 2426 1447 Vestris
2455 1383 2813 1465 ecclesiaticis
2848 1384 3078 1452 negotiis
3106 1383 3476 1442 confusionem
3508 1384 3723 1457 patien-

2150 1474 2290 1531 tibus
2311 1491 2378 1530 ex
2405 1474 2756 1545 iustigationc
2778 1475 3012 1530 odientis
3037 1478 3237 1532 bonum
3265 1476 3547 1542 daemonis,
3572 1483 3631 1530 ct
3654 1474 3727 1529 zi-

2149 1563 2425 1619 zaniorum
2456 1564 2674 1628 satoris,
2706 1564 2950 1619 omnium
2995 1573 3317 1635 procurator
3344 1575 3522 1638 atque
3545 1565 3727 1635 provi-

2149 1667 2242 1708 sor
2266 1653 2438 1708 erexit
2464 1653 2709 1708 Romauo
2728 1653 3052 1725 principatni
3077 1665 3341 1711 rectorem
3364 1657 3473 1710 Deo
3500 1654 3723 1711 amicis-

2148 1742 2345 1797 simum
2369 1752 2425 1796 et
2450 1743 2693 1798 veritatis
2724 1744 3176 1799 ferventissimum
3202 1743 3523 1810 amatorem,
3550 1743 3729 1814 piissi-

2150 1850 2297 1889 mum
2342 1836 2592 1891 videlicet
2621 1836 2876 1893 Basilium
2908 1854 3159 1909 maguum
3199 1837 3603 1909 imperatorem,
3630 1848 3730 1906 per

2149 1942 2308 1996 quem
2361 1927 2729 1983 ecclesiastica
2786 1928 3057 1994 scandala,
3092 1938 3146 1982 et
3172 1926 3487 1983 oﬂendicula
3553 1927 3731 1982 modis

2150 2018 2399 2072 omnibus
2436 2019 2767 2083 interimere,
2799 2027 2855 2073 et
2883 2034 3096 2074 omnem
3138 2018 3501 2073 Christianum
3540 2017 3731 2072 orbem

2181 2108 2214 2162 d
2252 2108 2525 2164 meliorem
2569 2117 2625 2163 et
2664 2109 2973 2164 nitidiorem
3015 2109 3258 2164 ordinem
3314 2107 3582 2163 adducere
3628 2122 3729 2162 vo-

2151 2199 2250 2254 luit
2301 2219 2314 2254 :
2380 2201 2470 2271 qui
2530 2203 2820 2257 secundum
2881 2202 3229 2258 intentionem
3293 2201 3455 2256 divini
3512 2199 3730 2255 consilii

2150 2291 2331 2345 omnia
2360 2300 2415 2346 et
2463 2292 2645 2348 dicere
2689 2300 2744 2348 et
2790 2292 2970 2349 facere
3018 2292 3298 2359 anhelans,
3329 2293 3648 2348 com-oravit
3675 2302 3735 2346 et

2148 2382 2509 2438 humilitatem
2531 2392 2770 2440 nostram
2800 2383 2867 2440 de
2890 2384 3247 2440 orientalibus
3276 2382 3492 2439 sedibus
3513 2398 3575 2437 ac
3597 2382 3734 2436 dite-

2148 2475 2388 2555 cesibus,
2417 2485 2477 2531 ut
2504 2491 2624 2531 cum
2651 2477 2737 2532 his
2777 2477 2868 2547 qui
2918 2476 3248 2549 putabantur
3271 2475 3523 2531 advenire
3568 2483 3735 2545 atque

2151 2580 2479 2622 concurrere
2521 2581 2552 2622 a
2600 2567 2799 2622 seniori
2839 2568 3034 2631 Roma,
3082 2566 3435 2623 sanctissimis
3488 2565 3733 2634 vicariis,

2153 2655 2544 2726 circumspecte
2586 2657 2950 2732 ecclesiastica
2975 2657 3389 2714 dissolveremus
3411 2656 3729 2718 certamina.

2154 2758 2374 2817 propter
2396 2748 2537 2818 quod
2563 2756 2618 2804 et
2643 2764 2785 2803 nunc
2827 2764 2997 2819 usque
3037 2757 3468 2819 perseverantes,
3515 2747 3732 2801 illorum

2153 2840 2528 2908 praestolamur
2575 2839 2887 2895 adventum.
2959 2839 3222 2908 Quoniam
3261 2855 3391 2895 vero
3430 2839 3595 2893 multa
3645 2837 3732 2893 fa-

2154 2938 2240 2982 cta
2278 2936 2361 2985 est
2387 2931 2647 2995 tarditas,
2697 2938 2753 2983 et
2779 2930 3120 2999 suspicamur
3150 2945 3215 2986 ev
3256 2930 3626 3002 Agarenornm
3652 2940 3736 3001 ty-

2154 3023 2374 3078 rannica
2399 3030 2667 3092 potestate
2692 3032 2911 3094 propter
2934 3031 3135 3076 tantam
3159 3038 3365 3076 moram
3403 3022 3601 3076 multas
3631 3038 3734 3076 no-

2156 3114 2239 3168 bis
2266 3122 2686 3182 superventuras
2699 3113 3032 3168 calamitates
3045 3121 3206 3181 atque
3233 3111 3603 3175 necessitates,
3626 3111 3735 3165 imo

2086 3204 2134 3266 C
2163 3219 2292 3259 vero
2320 3213 2373 3257 et
2401 3212 2643 3259 nostrum
2676 3211 2843 3258 totum
2869 3219 3036 3276 genus
3061 3202 3488 3259 Christianorum
3514 3210 3735 3271 propter

2108 3359 2115 3362 θ
2162 3293 2322 3348 talem
2358 3309 2578 3349 causam
2623 3292 3065 3348 summittendum
3107 3292 3273 3347 variis
3318 3291 3735 3355 tentatioaihus,

2159 3402 2495 3457 nequaquam
2540 3401 2653 3451 eos,
2708 3386 2857 3458 quia
2905 3385 3077 3443 Roma
3147 3384 3333 3440 venire
3379 3387 3733 3454 putabantur,

2157 3488 2475 3548 exspectare
2503 3488 2523 3517 ε
2543 3476 2747 3546 justum
2777 3476 3100 3548 putavimus,
3130 3475 3223 3531 sed
3251 3484 3299 3530 et
3331 3473 3659 3545 superfluum
3683 3483 3740 3528 et

2160 3569 2915 3638 supervacuum'arbitramur
2957 3581 3114 3621 esse:
3146 3566 3442 3635 praesertim
3482 3580 3609 3630 cum
3646 3580 3735 3631 ea,

2158 3673 2278 3727 qua:
2308 3658 2492 3714 Romm
2523 3657 2840 3729 regulariter
2879 3672 2946 3713 ac
2983 3657 3238 3728 synodico
3265 3666 3415 3727 gesta
3448 3665 3599 3720 sunt,
3624 3670 3741 3725 prze

2159 3748 2408 3802 manibus
2434 3748 2748 3810 habeamus.
2778 3747 2853 3802 ita
2896 3754 2955 3803 ut
2989 3746 3114 3801 hinc
3141 3755 3353 3803 constet
3392 3759 3497 3801 una
3547 3745 3737 3803 nobis-

2160 3853 2282 3892 cmn
2312 3852 2433 3893 esse
2456 3838 2821 3894 beatissimum
2862 3851 3055 3907 papam
3087 3835 3364 3892 Nicolaum
3395 3850 3493 3907 per
3532 3835 3741 3900 littera-

2163 3940 2280 3979 rum
2312 3942 2531 3980 suarum
2555 3942 2734 3993 voces,
2763 3928 2940 3983 adlmc
2965 3927 3127 3983 etiam
3149 3937 3203 3981 et
3226 3942 3597 3988 successorem
3617 3926 3741 3995 ejus

2160 4018 2531 4073 beatissimum
2578 4018 2870 4074 Adrianum
2902 4033 3096 4089 papam
3126 4034 3222 4088 per
3256 4018 3499 4088 proprias
3532 4017 3743 4092 epistq-

2161 4108 2259 4164 las.
2288 4108 2420 4164 Nam
2446 4120 2501 4165 et
2522 4109 2792 4165 Christum
2821 4110 3106 4167 Dominum
3133 4119 3376 4164 nostrum
3422 4124 3518 4178 per
3552 4109 3740 4173 Evan.

2160 4199 2378 4269 gelium,
2404 4208 2656 4269 tanquam
2679 4215 2775 4270 per
2802 4199 2976 4253 vivam
3002 4213 3215 4263 vocem,
3234 4198 3389 4268 loqui
3412 4197 3745 4263 convenient-

2163 4299 2245 4345 ter
2273 4291 2617 4356 arbitramur,
2652 4298 2705 4345 et
2731 4291 3033 4356 credimus;
3089 4305 3301 4344 necnon
3338 4297 3391 4345 et
3435 4289 3741 4364 apostolum

2162 4381 2408 4445 Paulum,
2453 4390 2511 4436 et
2562 4380 2799 4451 reliquos
2844 4396 3035 4436 omnes
3081 4379 3374 4450 apostolos,
3422 4381 3741 4450 prophetas,

2163 4484 2328 4544 atque
2360 4475 2626 4530 doctores.
2656 4473 2759 4544 Ipsi
2789 4488 2920 4545 ergo
2941 4473 3201 4529 habentes
3230 4473 3510 4530 nobiscum
3536 4460 3739 4541 beatis,-

485 4565 686 4637 placet.
717 4565 961 4621 Baltanes
1003 4563 1398 4621 famosissimns
1425 4564 1684 4632 patricius
1712 4571 1764 4617 et
1806 4565 2062 4634 prteposi-
2093 4546 2139 4605 θ
2168 4566 2362 4620 simum
2393 4580 2586 4636 papam
2640 4565 2956 4631 Adrianntn,
3009 4566 3248 4636 ineptum
3275 4567 3341 4620 et
3385 4564 3743 4636 incongruum

493 4667 580 4709 tus
613 4671 676 4710 ex
716 4669 942 4724 persona
983 4656 1123 4711 sacri
1174 4665 1392 4711 senatus
1438 4656 1505 4710 ad
1550 4654 1788 4711 Orientis
1830 4656 2063 4711 vicarios

492 4744 626 4798 dicit
654 4761 667 4796 :
698 4736 870 4799 Dicite
897 4754 950 4799 et
976 4745 1076 4814 ipsi
1102 4748 1436 4811 manifestius
1471 4734 1600 4820 quid
1628 4749 1874 4804 videatur
1912 4751 2063 4806 vobis

494 4847 657 4901 super
693 4833 831 4888 lecto
859 4833 1078 4905 libello?
1121 4845 1278 4904 putas
1319 4840 1657 4893 concordatis
1685 4839 1962 4901 Romanis,
1996 4856 2064 4894 au

495 4937 604 4976 non
623 4923 647 4975 ?
669 4922 1005 4978 Sanctissimi
1030 4923 1216 4977 vicarii
1241 4924 1478 4980 Orientis
1499 4928 1752 4982 dixerunt
1782 4946 1796 4982 :
1826 4928 2065 4983 Concor-

496 5011 706 5066 damus.
747 5011 978 5082 Legatur
1001 5021 1180 5066 autem
1211 5023 1265 5067 et
1292 5014 1534 5068 definitio
1560 5030 1679 5084 qua:
1706 5017 1794 5070 hic
1837 5032 1867 5070 a
1915 5017 2068 5072 nobis

495 5101 736 5172 exposita
762 5110 863 5165 est,
894 5100 1046 5168 cujus
1093 5109 1146 5154 ct
1177 5102 1430 5170 superius
1459 5103 1782 5157 mentionem
1817 5103 2065 5168 fecimus,

496 5202 555 5245 ut
578 5192 912 5259 cognoscitis
938 5191 1284 5247 concordiam
1314 5199 1577 5246 nostram.
1618 5190 1954 5248 Sanctissimi
1986 5194 2068 5249 vi—

576 5311 600 5338 ι
633 5303 896 5376 Legerant
919 5289 1029 5376 jam
1060 5303 1146 5376 isti
1177 5306 1395 5376 decreta
1424 5282 1626 5376 Nicolai
1647 5318 1819 5373 papae,
1847 5315 1901 5360 et
1941 5306 2064 5376 quia

499 5388 608 5448 ηοιι
649 5372 1188 5464 Ρειιειὺειηξνίοεινίοε
1213 5372 1461 5455 .Romam
1506 5375 1807 5428 minemine.
1866 5377 1915 5404 ι·
1956 5372 1965 5388 "

2162 4659 2383 4713 omnino
2432 4666 2682 4729 putamus
2736 4658 3014 4727 despicere
3056 4656 3401 4715 fluctuantem
3440 4658 3639 4721 Christi
3685 4667 3747 4715 et

2166 4745 2463 4803 Salvatoris
2511 4748 2678 4801 nostri
2708 4747 3003 4803 Ecclesiam
3036 4764 3133 4818 per
3168 4750 3477 4804 dilationem
3510 4749 3747 4819 disposi;

2169 4836 2345 4902 tionis,
2377 4853 2498 4908 qua:
2529 4836 2602 4891 illi
2635 4837 2879 4891 debetur.
2923 4837 3062 4893 Hinc
3094 4854 3224 4910 ergo
3259 4838 3402 4893 velut
3434 4853 3499 4894 ex
3550 4854 3747 4903 neces,—

2168 4928 2348 4992 sitate,
2376 4943 2518 4982 nunc
2541 4926 2692 4983 vobis
2721 4927 3103 4982 denuntiamus
3128 4926 3567 4998 iustificationetp
3621 4927 3744 4996 Dei.

2171 5028 2226 5073 et
2253 5019 2449 5073 divinze
2487 5017 3113 5088 misericordissimazque
3164 5000 3526 5089 providentia;
3562 5020 3746 5073 consi-

2171 5107 2299 5161 lium
2326 5116 2485 5177 atque
2524 5107 2810 5177 judicium,
2840 5117 3097 5177 quantum
3139 5108 3207 5161 ad
3254 5106 3604 5177 capacitatem
3642 5122 3751 5160 no-

2168 5183 2345 5253 stram
2360 5200 2568 5253 attinet.
2607 5198 2702 5253 Est
2733 5199 2895 5271 igitur
2929 5215 2958 5252 a
2986 5198 3139 5254 nobis
3165 5198 3367 5254 editum
3396 5206 3449 5253 ct
3472 5200 3745 5268 sancitum

2169 5326 2354 5365 comm
2394 5309 2596 5356 snilirn-
2627 5310 2722 5338 ι--ει
3104 5310 3118 5320 ·
3206 5310 3221 5320 -
3262 5309 3324 5320 ---
3484 5309 3737 5361 utaut
