  <div class='ocr_page' id='page_1' title='image "/cluster/home/n/w/nwhite01/storage/ocr_20150623/129/hvd.32044015471709/026.png"; bbox 0 0 3960 5558; ppageno 0'>
   <div class='ocr_carea' id='block_1_1' title="bbox 189 429 3392 502">
    <p class='ocr_par' dir='ltr' id='par_1_1' title="bbox 189 429 3392 502">
     <span class='ocr_line' id='line_1_1' title="bbox 189 429 3392 502; baseline 0.005 -17"><span class='ocrx_word' id='word_1_1' title='bbox 189 435 235 485; x_wconf 77' lang='grc' dir='ltr'>Η</span> <span class='ocrx_word' id='word_1_2' title='bbox 841 429 1394 488; x_wconf 76' lang='lat' dir='ltr'><strong>INTEItPIlETATIO</strong></span> <span class='ocrx_word' id='word_1_3' title='bbox 1433 431 1681 488; x_wconf 66' lang='lat' dir='ltr'><strong>SYNODI</strong></span> <span class='ocrx_word' id='word_1_4' title='bbox 1727 432 1830 489; x_wconf 82' lang='lat' dir='ltr'><strong>VIII</strong></span> <span class='ocrx_word' id='word_1_5' title='bbox 1869 434 2275 491; x_wconf 78' lang='lat' dir='ltr'><strong>GENERALIS.</strong></span> <span class='ocrx_word' id='word_1_6' title='bbox 2318 467 2387 477; x_wconf 95' lang='lat'>—</span> <span class='ocrx_word' id='word_1_7' title='bbox 2427 433 2630 494; x_wconf 82' lang='lat' dir='ltr'><strong>ACTIO</strong></span> <span class='ocrx_word' id='word_1_8' title='bbox 2669 437 2706 492; x_wconf 93' lang='grc' dir='ltr'><strong>Ι.</strong></span> <span class='ocrx_word' id='word_1_9' title='bbox 3319 444 3392 502; x_wconf 65' lang='grc' dir='ltr'><strong>ιε</strong></span> 
     </span>
    </p>
   </div>
   <div class='ocr_carea' id='block_1_2' title="bbox 185 523 3384 616">
    <p class='ocr_par' dir='ltr' id='par_1_2' title="bbox 185 523 3384 616">
     <span class='ocr_line' id='line_1_2' title="bbox 185 523 3384 616; baseline 0.002 -15"><span class='ocrx_word' id='word_1_10' title='bbox 185 544 465 616; x_wconf 85' lang='lat' dir='ltr'><strong>deuegotiis</strong></span> <span class='ocrx_word' id='word_1_11' title='bbox 483 559 601 615; x_wconf 72' lang='lat' dir='ltr'><strong>qua:</strong></span> <span class='ocrx_word' id='word_1_12' title='bbox 627 558 765 598; x_wconf 92' lang='lat' dir='ltr'><strong>uuuc</strong></span> <span class='ocrx_word' id='word_1_13' title='bbox 793 552 938 598; x_wconf 89' lang='lat' dir='ltr'><strong>mota</strong></span> <span class='ocrx_word' id='word_1_14' title='bbox 967 552 1112 607; x_wconf 90' lang='lat' dir='ltr'><strong>sunt,</strong></span> <span class='ocrx_word' id='word_1_15' title='bbox 1161 552 1220 598; x_wconf 92' lang='lat' dir='ltr'><strong>ut</strong></span> <span class='ocrx_word' id='word_1_16' title='bbox 1245 543 1570 599; x_wconf 82' lang='lat' dir='ltr'><strong>omnimodis</strong></span> <span class='ocrx_word' id='word_1_17' title='bbox 1613 543 1710 598; x_wconf 86' lang='lat' dir='ltr'><strong>ob-</strong></span> <span class='ocrx_word' id='word_1_18' title='bbox 1739 549 1783 604; x_wconf 86' lang='lat' dir='ltr'><strong>A</strong></span> <span class='ocrx_word' id='word_1_19' title='bbox 1813 523 2112 614; x_wconf 77' lang='lat' dir='ltr'><strong>portionem</strong></span> <span class='ocrx_word' id='word_1_20' title='bbox 2135 545 2368 616; x_wconf 84' lang='lat' dir='ltr'><strong>aliquam</strong></span> <span class='ocrx_word' id='word_1_21' title='bbox 2394 546 2730 602; x_wconf 91' lang='lat' dir='ltr'><strong>liberalitatis</strong></span> <span class='ocrx_word' id='word_1_22' title='bbox 2754 547 2804 603; x_wconf 91' lang='lat' dir='ltr'><strong>in</strong></span> <span class='ocrx_word' id='word_1_23' title='bbox 2827 549 3152 604; x_wconf 81' lang='lat' dir='ltr'><strong>adtuissioue</strong></span> <span class='ocrx_word' id='word_1_24' title='bbox 3203 567 3384 608; x_wconf 86' lang='lat' dir='ltr'><strong>sacer-</strong></span> 
     </span>
    </p>
   </div>
   <div class='ocr_carea' id='block_1_3' title="bbox 183 633 1712 706">
    <p class='ocr_par' dir='ltr' id='par_1_3' title="bbox 183 633 1712 706">
     <span class='ocr_line' id='line_1_3' title="bbox 183 633 1712 706; baseline -0.001 -16"><span class='ocrx_word' id='word_1_25' title='bbox 183 646 445 706; x_wconf 75' lang='lat' dir='ltr'><strong>sequantur</strong></span> <span class='ocrx_word' id='word_1_26' title='bbox 496 645 553 690; x_wconf 91' lang='lat' dir='ltr'><strong>ct</strong></span> <span class='ocrx_word' id='word_1_27' title='bbox 594 634 844 690; x_wconf 87' lang='lat' dir='ltr'><strong>obediaut</strong></span> <span class='ocrx_word' id='word_1_28' title='bbox 907 634 1313 690; x_wconf 89' lang='lat' dir='ltr'><strong>denitionibus</strong></span> <span class='ocrx_word' id='word_1_29' title='bbox 1363 642 1418 688; x_wconf 92' lang='lat' dir='ltr'><strong>et</strong></span> <span class='ocrx_word' id='word_1_30' title='bbox 1479 633 1712 689; x_wconf 89' lang='lat' dir='ltr'><strong>decretis</strong></span> 
     </span>
    </p>
   </div>
   <div class='ocr_carea' id='block_1_4' title="bbox 183 723 1712 795">
    <p class='ocr_par' dir='ltr' id='par_1_4' title="bbox 183 723 1712 795">
     <span class='ocr_line' id='line_1_4' title="bbox 183 723 1712 795; baseline -0.003 -14"><span class='ocrx_word' id='word_1_31' title='bbox 183 724 442 781; x_wconf 80' lang='lat' dir='ltr'><strong>beatissimi</strong></span> <span class='ocrx_word' id='word_1_32' title='bbox 467 739 614 795; x_wconf 71' lang='lat' dir='ltr'><strong>papae</strong></span> <span class='ocrx_word' id='word_1_33' title='bbox 644 723 844 779; x_wconf 80' lang='lat' dir='ltr'><strong>Nicolai</strong></span> <span class='ocrx_word' id='word_1_34' title='bbox 879 739 1072 779; x_wconf 90' lang='lat' dir='ltr'><strong>omnes</strong></span> <span class='ocrx_word' id='word_1_35' title='bbox 1103 723 1381 787; x_wconf 79' lang='lat' dir='ltr'><strong>homines;</strong></span> <span class='ocrx_word' id='word_1_36' title='bbox 1423 723 1618 793; x_wconf 87' lang='lat' dir='ltr'><strong>quibus</strong></span> <span class='ocrx_word' id='word_1_37' title='bbox 1659 731 1712 778; x_wconf 83' lang='lat' dir='ltr'><strong>et</strong></span> 
     </span>
    </p>
   </div>
   <div class='ocr_carea' id='block_1_5' title="bbox 184 813 1710 882">
    <p class='ocr_par' dir='ltr' id='par_1_5' title="bbox 184 813 1710 882">
     <span class='ocr_line' id='line_1_5' title="bbox 184 813 1710 882; baseline -0.002 -12"><span class='ocrx_word' id='word_1_38' title='bbox 184 832 266 871; x_wconf 84' lang='lat' dir='ltr'><strong>nos</strong></span> <span class='ocrx_word' id='word_1_39' title='bbox 286 815 511 870; x_wconf 79' lang='lat' dir='ltr'><strong>lavemus</strong></span> <span class='ocrx_word' id='word_1_40' title='bbox 531 825 586 869; x_wconf 90' lang='lat' dir='ltr'><strong>et</strong></span> <span class='ocrx_word' id='word_1_41' title='bbox 622 814 1032 878; x_wconf 90' lang='lat' dir='ltr'><strong>concordamus,</strong></span> <span class='ocrx_word' id='word_1_42' title='bbox 1063 814 1317 868; x_wconf 89' lang='lat' dir='ltr'><strong>nimirum</strong></span> <span class='ocrx_word' id='word_1_43' title='bbox 1354 814 1447 882; x_wconf 90' lang='lat' dir='ltr'><strong>qui</strong></span> <span class='ocrx_word' id='word_1_44' title='bbox 1485 813 1710 868; x_wconf 90' lang='lat' dir='ltr'><strong>multum</strong></span> 
     </span>
    </p>
   </div>
   <div class='ocr_carea' id='block_1_6' title="bbox 181 902 1713 974">
    <p class='ocr_par' dir='ltr' id='par_1_6' title="bbox 181 902 1713 974">
     <span class='ocr_line' id='line_1_6' title="bbox 181 902 1713 974; baseline -0.003 -14"><span class='ocrx_word' id='word_1_45' title='bbox 181 914 286 962; x_wconf 89' lang='lat' dir='ltr'><strong>ante</strong></span> <span class='ocrx_word' id='word_1_46' title='bbox 319 905 544 974; x_wconf 89' lang='lat' dir='ltr'><strong>ipsorum</strong></span> <span class='ocrx_word' id='word_1_47' title='bbox 574 903 880 968; x_wconf 90' lang='lat' dir='ltr'><strong>lectionem,</strong></span> <span class='ocrx_word' id='word_1_48' title='bbox 911 912 966 959; x_wconf 93' lang='lat' dir='ltr'><strong>et</strong></span> <span class='ocrx_word' id='word_1_49' title='bbox 1013 902 1396 974; x_wconf 81' lang='lat' dir='ltr'><strong>cognitionem,</strong></span> <span class='ocrx_word' id='word_1_50' title='bbox 1441 903 1630 957; x_wconf 88' lang='lat' dir='ltr'><strong>eadem</strong></span> <span class='ocrx_word' id='word_1_51' title='bbox 1658 909 1713 956; x_wconf 91' lang='lat' dir='ltr'><strong>et</strong></span> 
     </span>
    </p>
   </div>
   <div class='ocr_carea' id='block_1_7' title="bbox 179 992 1709 1064">
    <p class='ocr_par' dir='ltr' id='par_1_7' title="bbox 179 992 1709 1064">
     <span class='ocr_line' id='line_1_7' title="bbox 179 992 1709 1064; baseline -0.003 -13"><span class='ocrx_word' id='word_1_52' title='bbox 179 995 568 1062; x_wconf 79' lang='lat' dir='ltr'><strong>excogitavimus</strong></span> <span class='ocrx_word' id='word_1_53' title='bbox 615 1009 680 1050; x_wconf 89' lang='lat' dir='ltr'><strong>ac</strong></span> <span class='ocrx_word' id='word_1_54' title='bbox 710 1007 736 1034; x_wconf 79' lang='grc' dir='ltr'>ι</span> <span class='ocrx_word' id='word_1_55' title='bbox 763 993 1143 1064; x_wconf 90' lang='lat' dir='ltr'><strong>judicavimus,</strong></span> <span class='ocrx_word' id='word_1_56' title='bbox 1175 1002 1230 1048; x_wconf 91' lang='lat' dir='ltr'><strong>et</strong></span> <span class='ocrx_word' id='word_1_57' title='bbox 1280 992 1709 1063; x_wconf 66' lang='lat' dir='ltr'><strong>praadicavimus.</strong></span> 
     </span>
    </p>
   </div>
   <div class='ocr_carea' id='block_1_8' title="bbox 234 1099 1712 1174">
    <p class='ocr_par' dir='ltr' id='par_1_8' title="bbox 234 1099 1712 1174">
     <span class='ocr_line' id='line_1_8' title="bbox 234 1099 1712 1174; baseline -0.004 -14"><span class='ocrx_word' id='word_1_58' title='bbox 234 1102 345 1160; x_wconf 75' lang='lat' dir='ltr'><strong>Car.</strong></span> <span class='ocrx_word' id='word_1_59' title='bbox 400 1104 437 1158; x_wconf 94' lang='lat' dir='ltr'><strong>I.</strong></span> <span class='ocrx_word' id='word_1_60' title='bbox 498 1102 642 1174; x_wconf 85' lang='lat' dir='ltr'><strong>Ergo</strong></span> <span class='ocrx_word' id='word_1_61' title='bbox 707 1102 1079 1158; x_wconf 89' lang='lat' dir='ltr'><strong>sanctissimus</strong></span> <span class='ocrx_word' id='word_1_62' title='bbox 1130 1101 1346 1172; x_wconf 88' lang='lat' dir='ltr'><strong>quidem</strong></span> <span class='ocrx_word' id='word_1_63' title='bbox 1402 1099 1712 1170; x_wconf 85' lang='lat' dir='ltr'><strong>patriarcha</strong></span> 
     </span>
    </p>
   </div>
   <div class='ocr_carea' id='block_1_9' title="bbox 179 1198 1710 1270">
    <p class='ocr_par' dir='ltr' id='par_1_9' title="bbox 179 1198 1710 1270">
     <span class='ocr_line' id='line_1_9' title="bbox 179 1198 1710 1270; baseline 0.001 -17"><span class='ocrx_word' id='word_1_64' title='bbox 179 1199 380 1270; x_wconf 80' lang='lat' dir='ltr'><strong>lgnatius</strong></span> <span class='ocrx_word' id='word_1_65' title='bbox 400 1199 469 1254; x_wconf 88' lang='lat' dir='ltr'><strong>sit</strong></span> <span class='ocrx_word' id='word_1_66' title='bbox 495 1199 830 1269; x_wconf 87' lang='lat' dir='ltr'><strong>beneplacito</strong></span> <span class='ocrx_word' id='word_1_67' title='bbox 871 1199 963 1253; x_wconf 85' lang='lat' dir='ltr'><strong>Dei</strong></span> <span class='ocrx_word' id='word_1_68' title='bbox 992 1198 1185 1261; x_wconf 85' lang='lat' dir='ltr'><strong>Patris,</strong></span> <span class='ocrx_word' id='word_1_69' title='bbox 1218 1207 1274 1254; x_wconf 89' lang='lat' dir='ltr'><strong>et</strong></span> <span class='ocrx_word' id='word_1_70' title='bbox 1297 1199 1470 1270; x_wconf 86' lang='lat' dir='ltr'><strong>gratia</strong></span> <span class='ocrx_word' id='word_1_71' title='bbox 1499 1199 1710 1254; x_wconf 87' lang='lat' dir='ltr'><strong>Domini</strong></span> 
     </span>
    </p>
   </div>
   <div class='ocr_carea' id='block_1_10' title="bbox 1815 637 2323 708">
    <p class='ocr_par' dir='ltr' id='par_1_10' title="bbox 1815 637 2323 708">
     <span class='ocr_line' id='line_1_10' title="bbox 1815 637 2323 708; baseline 0.006 -19"><span class='ocrx_word' id='word_1_72' title='bbox 1815 637 1998 691; x_wconf 91' lang='lat' dir='ltr'><strong>dotum</strong></span> <span class='ocrx_word' id='word_1_73' title='bbox 2027 639 2323 708; x_wconf 84' lang='lat' dir='ltr'><strong>percipere.</strong></span> 
     </span>
    </p>
   </div>
   <div class='ocr_carea' id='block_1_11' title="bbox 1882 725 3388 798">
    <p class='ocr_par' dir='ltr' id='par_1_11' title="bbox 1882 725 3388 798">
     <span class='ocr_line' id='line_1_11' title="bbox 1882 725 3388 798; baseline 0.004 -18"><span class='ocrx_word' id='word_1_74' title='bbox 1882 725 2009 780; x_wconf 72' lang='lat' dir='ltr'><strong>Car.</strong></span> <span class='ocrx_word' id='word_1_75' title='bbox 2041 725 2128 780; x_wconf 87' lang='lat' dir='ltr'><strong>IV.</strong></span> <span class='ocrx_word' id='word_1_76' title='bbox 2180 726 2427 781; x_wconf 85' lang='lat' dir='ltr'><strong>Photiqu</strong></span> <span class='ocrx_word' id='word_1_77' title='bbox 2457 736 2660 792; x_wconf 84' lang='lat' dir='ltr'><strong>autem,</strong></span> <span class='ocrx_word' id='word_1_78' title='bbox 2701 731 3150 798; x_wconf 82' lang='lat' dir='ltr'><strong>quemadmodum</strong></span> <span class='ocrx_word' id='word_1_79' title='bbox 3197 733 3388 787; x_wconf 88' lang='lat' dir='ltr'><strong>beatus</strong></span> 
     </span>
    </p>
   </div>
   <div class='ocr_carea' id='block_1_12' title="bbox 1813 812 3388 884">
    <p class='ocr_par' dir='ltr' id='par_1_12' title="bbox 1813 812 3388 884">
     <span class='ocr_line' id='line_1_12' title="bbox 1813 812 3388 884; baseline 0.006 -14"><span class='ocrx_word' id='word_1_80' title='bbox 1813 815 2065 872; x_wconf 80' lang='lat' dir='ltr'><strong>Nicolaus</strong></span> <span class='ocrx_word' id='word_1_81' title='bbox 2102 818 2168 872; x_wconf 90' lang='lat' dir='ltr'><strong>de</strong></span> <span class='ocrx_word' id='word_1_82' title='bbox 2212 812 2302 873; x_wconf 91' lang='lat' dir='ltr'><strong>illo</strong></span> <span class='ocrx_word' id='word_1_83' title='bbox 2348 819 2604 884; x_wconf 78' lang='lat' dir='ltr'><strong>decrevit,</strong></span> <span class='ocrx_word' id='word_1_84' title='bbox 2638 820 2870 876; x_wconf 88' lang='lat' dir='ltr'><strong>alienum</strong></span> <span class='ocrx_word' id='word_1_85' title='bbox 2921 823 3092 878; x_wconf 82' lang='lat' dir='ltr'><strong>modis</strong></span> <span class='ocrx_word' id='word_1_86' title='bbox 3138 824 3388 879; x_wconf 88' lang='lat' dir='ltr'><strong>omnibus</strong></span> 
     </span>
    </p>
   </div>
   <div class='ocr_carea' id='block_1_13' title="bbox 1814 907 3389 984">
    <p class='ocr_par' dir='ltr' id='par_1_13' title="bbox 1814 907 3389 984">
     <span class='ocr_line' id='line_1_13' title="bbox 1814 907 3389 984; baseline 0.007 -25"><span class='ocrx_word' id='word_1_87' title='bbox 1814 907 2187 964; x_wconf 77' lang='lat' dir='ltr'><strong>existimamus</strong></span> <span class='ocrx_word' id='word_1_88' title='bbox 2235 908 2302 963; x_wconf 89' lang='lat' dir='ltr'><strong>ab</strong></span> <span class='ocrx_word' id='word_1_89' title='bbox 2346 910 2491 964; x_wconf 90' lang='lat' dir='ltr'><strong>omni</strong></span> <span class='ocrx_word' id='word_1_90' title='bbox 2519 908 2837 966; x_wconf 88' lang='lat' dir='ltr'><strong>sacerdotali</strong></span> <span class='ocrx_word' id='word_1_91' title='bbox 2875 913 3150 982; x_wconf 87' lang='lat' dir='ltr'><strong>dignitate.</strong></span> <span class='ocrx_word' id='word_1_92' title='bbox 3195 929 3389 984; x_wconf 78' lang='lat' dir='ltr'><strong>opera~</strong></span> 
     </span>
    </p>
   </div>
   <div class='ocr_carea' id='block_1_14' title="bbox 1817 999 3392 1072">
    <p class='ocr_par' dir='ltr' id='par_1_14' title="bbox 1817 999 3392 1072">
     <span class='ocr_line' id='line_1_14' title="bbox 1817 999 3392 1072; baseline 0.004 -20"><span class='ocrx_word' id='word_1_93' title='bbox 1817 999 1958 1054; x_wconf 88' lang='lat' dir='ltr'><strong>tione</strong></span> <span class='ocrx_word' id='word_1_94' title='bbox 1979 1015 2042 1056; x_wconf 88' lang='lat' dir='ltr'><strong>ac</strong></span> <span class='ocrx_word' id='word_1_95' title='bbox 2056 1000 2274 1056; x_wconf 89' lang='lat' dir='ltr'><strong>nomine</strong></span> <span class='ocrx_word' id='word_1_96' title='bbox 2294 1017 2518 1072; x_wconf 87' lang='lat' dir='ltr'><strong>usquam</strong></span> <span class='ocrx_word' id='word_1_97' title='bbox 2541 1003 2849 1072; x_wconf 89' lang='lat' dir='ltr'><strong>peruullum</strong></span> <span class='ocrx_word' id='word_1_98' title='bbox 2869 1016 2889 1043; x_wconf 78' lang='grc' dir='ltr'><strong>ο</strong></span> <span class='ocrx_word' id='word_1_99' title='bbox 2908 1005 3124 1061; x_wconf 90' lang='lat' dir='ltr'><strong>modum</strong></span> <span class='ocrx_word' id='word_1_100' title='bbox 3151 1005 3229 1062; x_wconf 89' lang='lat' dir='ltr'><strong>vel</strong></span> <span class='ocrx_word' id='word_1_101' title='bbox 3255 1014 3392 1062; x_wconf 81' lang='lat' dir='ltr'><strong>tem-</strong></span> 
     </span>
    </p>
   </div>
   <div class='ocr_carea' id='block_1_15' title="bbox 1813 1092 3392 1164">
    <p class='ocr_par' dir='ltr' id='par_1_15' title="bbox 1813 1092 3392 1164">
     <span class='ocr_line' id='line_1_15' title="bbox 1813 1092 3392 1164; baseline 0.006 -20"><span class='ocrx_word' id='word_1_102' title='bbox 1813 1107 1912 1160; x_wconf 87' lang='lat' dir='ltr'><strong>pus</strong></span> <span class='ocrx_word' id='word_1_103' title='bbox 1940 1100 2288 1164; x_wconf 81' lang='lat' dir='ltr'><strong>accepturum</strong></span> <span class='ocrx_word' id='word_1_104' title='bbox 2311 1092 2484 1148; x_wconf 86' lang='lat' dir='ltr'><strong>locum</strong></span> <span class='ocrx_word' id='word_1_105' title='bbox 2509 1093 2891 1151; x_wconf 81' lang='lat' dir='ltr'><strong>satisfactiouis</strong></span> <span class='ocrx_word' id='word_1_106' title='bbox 2927 1113 2940 1150; x_wconf 92' lang='lat'>:</span> <span class='ocrx_word' id='word_1_107' title='bbox 2966 1097 3056 1152; x_wconf 90' lang='lat' dir='ltr'><strong>scd</strong></span> <span class='ocrx_word' id='word_1_108' title='bbox 3088 1106 3141 1152; x_wconf 87' lang='lat' dir='ltr'><strong>et</strong></span> <span class='ocrx_word' id='word_1_109' title='bbox 3164 1097 3392 1154; x_wconf 80' lang='lat' dir='ltr'><strong>anathe-</strong></span> 
     </span>
    </p>
   </div>
   <div class='ocr_carea' id='block_1_16' title="bbox 1817 1175 3384 1259">
    <p class='ocr_par' dir='ltr' id='par_1_16' title="bbox 1817 1175 3384 1259">
     <span class='ocr_line' id='line_1_16' title="bbox 1817 1175 3384 1259; baseline 0.003 -21"><span class='ocrx_word' id='word_1_110' title='bbox 1817 1185 1944 1238; x_wconf 87' lang='lat' dir='ltr'><strong>mati</strong></span> <span class='ocrx_word' id='word_1_111' title='bbox 1992 1179 2428 1256; x_wconf 81' lang='lat' dir='ltr'><strong>transmittimus,</strong></span> <span class='ocrx_word' id='word_1_112' title='bbox 2478 1185 2578 1240; x_wconf 89' lang='lat' dir='ltr'><strong>nisi</strong></span> <span class='ocrx_word' id='word_1_113' title='bbox 2629 1186 2764 1241; x_wconf 81' lang='lat' dir='ltr'><strong>forte</strong></span> <span class='ocrx_word' id='word_1_114' title='bbox 2811 1175 3082 1244; x_wconf 20' lang='lat' dir='ltr'><strong>obedierit&#39;</strong></span> <span class='ocrx_word' id='word_1_115' title='bbox 3115 1187 3384 1259; x_wconf 65' lang='lat' dir='ltr'><strong>synodicae</strong></span> 
     </span>
    </p>
   </div>
   <div class='ocr_carea' id='block_1_17' title="bbox 179 1273 1707 1357">
    <p class='ocr_par' dir='ltr' id='par_1_17' title="bbox 179 1285 1707 1357">
     <span class='ocr_line' id='line_1_17' title="bbox 179 1285 1707 1357; baseline -0.001 -14"><span class='ocrx_word' id='word_1_116' title='bbox 179 1288 318 1343; x_wconf 89' lang='lat' dir='ltr'><strong>nostri</strong></span> <span class='ocrx_word' id='word_1_117' title='bbox 339 1286 458 1343; x_wconf 74' lang='lat' dir='ltr'><strong>Iesu</strong></span> <span class='ocrx_word' id='word_1_118' title='bbox 488 1286 714 1352; x_wconf 82' lang='lat' dir='ltr'><strong>Christi,</strong></span> <span class='ocrx_word' id='word_1_119' title='bbox 756 1296 811 1343; x_wconf 91' lang='lat' dir='ltr'><strong>et</strong></span> <span class='ocrx_word' id='word_1_120' title='bbox 836 1287 1150 1357; x_wconf 88' lang='lat' dir='ltr'><strong>operatione</strong></span> <span class='ocrx_word' id='word_1_121' title='bbox 1173 1286 1503 1342; x_wconf 81' lang='lat' dir='ltr'><strong>sanctissimi</strong></span> <span class='ocrx_word' id='word_1_122' title='bbox 1535 1285 1707 1356; x_wconf 89' lang='lat' dir='ltr'><strong>Spiri-</strong></span> 
     </span>
    </p>
   </div>
   <div class='ocr_carea' id='block_1_18' title="bbox 1819 1273 3383 1357">
    <p class='ocr_par' dir='ltr' id='par_1_18' title="bbox 1819 1273 3383 1346">
     <span class='ocr_line' id='line_1_18' title="bbox 1819 1273 3383 1346; baseline 0.004 -20"><span class='ocrx_word' id='word_1_123' title='bbox 1819 1273 2119 1339; x_wconf 89' lang='lat' dir='ltr'><strong>iudicationi</strong></span> <span class='ocrx_word' id='word_1_124' title='bbox 2176 1291 2325 1346; x_wconf 73' lang='lat' dir='ltr'><strong>papae</strong></span> <span class='ocrx_word' id='word_1_125' title='bbox 2382 1275 2605 1342; x_wconf 84' lang='lat' dir='ltr'><strong>Nicolai,</strong></span> <span class='ocrx_word' id='word_1_126' title='bbox 2655 1287 2709 1330; x_wconf 88' lang='lat' dir='ltr'><strong>et</strong></span> <span class='ocrx_word' id='word_1_127' title='bbox 2768 1279 3084 1334; x_wconf 86' lang='lat' dir='ltr'><strong>sententiam</strong></span> <span class='ocrx_word' id='word_1_128' title='bbox 3147 1288 3383 1335; x_wconf 86' lang='lat' dir='ltr'><strong>nostram</strong></span> 
     </span>
    </p>
   </div>
   <div class='ocr_carea' id='block_1_19' title="bbox 178 1375 1716 1445">
    <p class='ocr_par' dir='ltr' id='par_1_19' title="bbox 178 1375 1716 1445">
     <span class='ocr_line' id='line_1_19' title="bbox 178 1375 1716 1445; baseline -0.004 -9"><span class='ocrx_word' id='word_1_129' title='bbox 178 1387 266 1445; x_wconf 82' lang='lat' dir='ltr'><strong>tus,</strong></span> <span class='ocrx_word' id='word_1_130' title='bbox 295 1387 431 1434; x_wconf 85' lang='lat' dir='ltr'><strong>ratus</strong></span> <span class='ocrx_word' id='word_1_131' title='bbox 451 1386 509 1435; x_wconf 87' lang='lat' dir='ltr'><strong>et</strong></span> <span class='ocrx_word' id='word_1_132' title='bbox 535 1378 749 1433; x_wconf 85' lang='lat' dir='ltr'><strong>stabilis</strong></span> <span class='ocrx_word' id='word_1_133' title='bbox 781 1378 836 1432; x_wconf 91' lang='lat' dir='ltr'><strong>iu</strong></span> <span class='ocrx_word' id='word_1_134' title='bbox 866 1376 1063 1434; x_wconf 88' lang='lat' dir='ltr'><strong>throno</strong></span> <span class='ocrx_word' id='word_1_135' title='bbox 1089 1392 1211 1442; x_wconf 90' lang='lat' dir='ltr'><strong>suo,</strong></span> <span class='ocrx_word' id='word_1_136' title='bbox 1241 1392 1272 1431; x_wconf 88' lang='lat' dir='ltr'><strong>a</strong></span> <span class='ocrx_word' id='word_1_137' title='bbox 1296 1377 1512 1433; x_wconf 90' lang='lat' dir='ltr'><strong>nemine</strong></span> <span class='ocrx_word' id='word_1_138' title='bbox 1546 1375 1716 1432; x_wconf 91' lang='lat' dir='ltr'><strong>mole-</strong></span> 
     </span>
    </p>
   </div>
   <div class='ocr_carea' id='block_1_20' title="bbox 177 1467 1710 1540">
    <p class='ocr_par' dir='ltr' id='par_1_20' title="bbox 177 1467 1710 1540">
     <span class='ocr_line' id='line_1_20' title="bbox 177 1467 1710 1540; baseline -0.003 -14"><span class='ocrx_word' id='word_1_139' title='bbox 177 1473 306 1527; x_wconf 88' lang='lat' dir='ltr'><strong>stiam</strong></span> <span class='ocrx_word' id='word_1_140' title='bbox 328 1471 616 1534; x_wconf 84' lang='lat' dir='ltr'><strong>sustinens,</strong></span> <span class='ocrx_word' id='word_1_141' title='bbox 646 1467 732 1525; x_wconf 84' lang='lat' dir='ltr'><strong>vel</strong></span> <span class='ocrx_word' id='word_1_142' title='bbox 752 1470 1018 1525; x_wconf 87' lang='lat' dir='ltr'><strong>coercitus</strong></span> <span class='ocrx_word' id='word_1_143' title='bbox 1065 1485 1096 1522; x_wconf 90' lang='lat' dir='ltr'><strong>a</strong></span> <span class='ocrx_word' id='word_1_144' title='bbox 1141 1468 1359 1540; x_wconf 87' lang='lat' dir='ltr'><strong>propria</strong></span> <span class='ocrx_word' id='word_1_145' title='bbox 1403 1468 1710 1523; x_wconf 86' lang='lat' dir='ltr'><strong>archierar-</strong></span> 
     </span>
    </p>
   </div>
   <div class='ocr_carea' id='block_1_21' title="bbox 175 1559 1714 1633">
    <p class='ocr_par' dir='ltr' id='par_1_21' title="bbox 175 1559 1714 1633">
     <span class='ocr_line' id='line_1_21' title="bbox 175 1559 1714 1633; baseline -0.002 -16"><span class='ocrx_word' id='word_1_146' title='bbox 175 1561 299 1617; x_wconf 86' lang='lat' dir='ltr'><strong>chica</strong></span> <span class='ocrx_word' id='word_1_147' title='bbox 321 1561 594 1633; x_wconf 77' lang='lat' dir='ltr'><strong>dignitate,</strong></span> <span class='ocrx_word' id='word_1_148' title='bbox 625 1568 787 1630; x_wconf 86' lang='lat' dir='ltr'><strong>atque</strong></span> <span class='ocrx_word' id='word_1_149' title='bbox 815 1560 1036 1626; x_wconf 88' lang='lat' dir='ltr'><strong>honore,</strong></span> <span class='ocrx_word' id='word_1_150' title='bbox 1067 1561 1303 1633; x_wconf 76' lang='lat' dir='ltr'><strong>dirigens</strong></span> <span class='ocrx_word' id='word_1_151' title='bbox 1327 1559 1547 1616; x_wconf 85' lang='lat' dir='ltr'><strong>verbum</strong></span> <span class='ocrx_word' id='word_1_152' title='bbox 1575 1560 1714 1615; x_wconf 89' lang='lat' dir='ltr'><strong>veri-</strong></span> 
     </span>
    </p>
   </div>
   <div class='ocr_carea' id='block_1_22' title="bbox 177 1652 298 1706">
    <p class='ocr_par' dir='ltr' id='par_1_22' title="bbox 177 1652 298 1706">
     <span class='ocr_line' id='line_1_22' title="bbox 177 1652 298 1706; baseline 0.008 -1"><span class='ocrx_word' id='word_1_153' title='bbox 177 1652 298 1706; x_wconf 82' lang='lat' dir='ltr'><strong>tatis.</strong></span> 
     </span>
    </p>
   </div>
   <div class='ocr_carea' id='block_1_23' title="bbox 229 1767 1707 1842">
    <p class='ocr_par' dir='ltr' id='par_1_23' title="bbox 229 1767 1707 1842">
     <span class='ocr_line' id='line_1_23' title="bbox 229 1767 1707 1842; baseline -0.001 -19"><span class='ocrx_word' id='word_1_154' title='bbox 229 1767 336 1823; x_wconf 69' lang='lat' dir='ltr'><strong>CAP.</strong></span> <span class='ocrx_word' id='word_1_155' title='bbox 365 1768 428 1824; x_wconf 90' lang='lat' dir='ltr'><strong>Il.</strong></span> <span class='ocrx_word' id='word_1_156' title='bbox 471 1770 723 1842; x_wconf 83' lang='lat' dir='ltr'><strong>Episcopi</strong></span> <span class='ocrx_word' id='word_1_157' title='bbox 767 1780 970 1837; x_wconf 89' lang='lat' dir='ltr'><strong>autem,</strong></span> <span class='ocrx_word' id='word_1_158' title='bbox 999 1780 1053 1826; x_wconf 90' lang='lat' dir='ltr'><strong>et</strong></span> <span class='ocrx_word' id='word_1_159' title='bbox 1076 1769 1398 1841; x_wconf 83' lang='lat' dir='ltr'><strong>presbyteri,</strong></span> <span class='ocrx_word' id='word_1_160' title='bbox 1431 1783 1494 1824; x_wconf 90' lang='lat' dir='ltr'><strong>ac</strong></span> <span class='ocrx_word' id='word_1_161' title='bbox 1535 1769 1707 1823; x_wconf 85' lang='lat' dir='ltr'><strong>diaco-</strong></span> 
     </span>
    </p>
   </div>
   <div class='ocr_carea' id='block_1_24' title="bbox 174 1858 1712 1930">
    <p class='ocr_par' dir='ltr' id='par_1_24' title="bbox 174 1858 1712 1930">
     <span class='ocr_line' id='line_1_24' title="bbox 174 1858 1712 1930; baseline 0.001 -19"><span class='ocrx_word' id='word_1_162' title='bbox 174 1858 236 1923; x_wconf 89' lang='lat' dir='ltr'><strong>ni,</strong></span> <span class='ocrx_word' id='word_1_163' title='bbox 259 1873 344 1914; x_wconf 87' lang='lat' dir='ltr'><strong>seu</strong></span> <span class='ocrx_word' id='word_1_164' title='bbox 389 1859 758 1930; x_wconf 87' lang='lat' dir='ltr'><strong>cujuscunque</strong></span> <span class='ocrx_word' id='word_1_165' title='bbox 801 1860 1010 1916; x_wconf 89' lang='lat' dir='ltr'><strong>ordinis</strong></span> <span class='ocrx_word' id='word_1_166' title='bbox 1037 1859 1246 1924; x_wconf 89' lang='lat' dir='ltr'><strong>clerici,</strong></span> <span class='ocrx_word' id='word_1_167' title='bbox 1279 1866 1545 1929; x_wconf 88' lang='lat' dir='ltr'><strong>quotquot</strong></span> <span class='ocrx_word' id='word_1_168' title='bbox 1589 1866 1712 1927; x_wconf 89' lang='lat' dir='ltr'><strong>post</strong></span> 
     </span>
    </p>
   </div>
   <div class='ocr_carea' id='block_1_25' title="bbox 173 1949 1710 2023">
    <p class='ocr_par' dir='ltr' id='par_1_25' title="bbox 173 1949 1710 2023">
     <span class='ocr_line' id='line_1_25' title="bbox 173 1949 1710 2023; baseline 0.001 -19"><span class='ocrx_word' id='word_1_169' title='bbox 173 1949 374 2020; x_wconf 88' lang='lat' dir='ltr'><strong>iniquam</strong></span> <span class='ocrx_word' id='word_1_170' title='bbox 415 1953 810 2023; x_wconf 87' lang='lat' dir='ltr'><strong>depositionem</strong></span> <span class='ocrx_word' id='word_1_171' title='bbox 861 1953 1188 2008; x_wconf 85' lang='lat' dir='ltr'><strong>sanctissimi</strong></span> <span class='ocrx_word' id='word_1_172' title='bbox 1243 1957 1299 2008; x_wconf 90' lang='lat' dir='ltr'><strong>et</strong></span> <span class='ocrx_word' id='word_1_173' title='bbox 1355 1951 1710 2008; x_wconf 91' lang='lat' dir='ltr'><strong>comministri</strong></span> 
     </span>
    </p>
   </div>
   <div class='ocr_carea' id='block_1_26' title="bbox 172 2039 1712 2112">
    <p class='ocr_par' dir='ltr' id='par_1_26' title="bbox 172 2039 1712 2112">
     <span class='ocr_line' id='line_1_26' title="bbox 172 2039 1712 2112; baseline 0.003 -15"><span class='ocrx_word' id='word_1_174' title='bbox 172 2039 329 2112; x_wconf 81' lang='lat' dir='ltr'><strong>ignatii</strong></span> <span class='ocrx_word' id='word_1_175' title='bbox 358 2044 723 2101; x_wconf 86' lang='lat' dir='ltr'><strong>discesserunt</strong></span> <span class='ocrx_word' id='word_1_176' title='bbox 753 2055 784 2100; x_wconf 85' lang='lat' dir='ltr'><strong>a</strong></span> <span class='ocrx_word' id='word_1_177' title='bbox 821 2044 1034 2112; x_wconf 84' lang='lat' dir='ltr'><strong>Photio,</strong></span> <span class='ocrx_word' id='word_1_178' title='bbox 1076 2055 1132 2101; x_wconf 88' lang='lat' dir='ltr'><strong>et</strong></span> <span class='ocrx_word' id='word_1_179' title='bbox 1165 2045 1366 2102; x_wconf 90' lang='lat' dir='ltr'><strong>idcirco</strong></span> <span class='ocrx_word' id='word_1_180' title='bbox 1403 2061 1432 2100; x_wconf 89' lang='lat' dir='ltr'><strong>a</strong></span> <span class='ocrx_word' id='word_1_181' title='bbox 1463 2047 1576 2101; x_wconf 89' lang='lat' dir='ltr'><strong>suis</strong></span> <span class='ocrx_word' id='word_1_182' title='bbox 1627 2061 1712 2102; x_wconf 88' lang='lat' dir='ltr'><strong>se-</strong></span> 
     </span>
    </p>
   </div>
   <div class='ocr_carea' id='block_1_27' title="bbox 171 2131 1709 2210">
    <p class='ocr_par' dir='ltr' id='par_1_27' title="bbox 171 2131 1709 2210">
     <span class='ocr_line' id='line_1_27' title="bbox 171 2131 1709 2210; baseline 0.005 -22"><span class='ocrx_word' id='word_1_183' title='bbox 171 2133 300 2189; x_wconf 84' lang='lat' dir='ltr'><strong>dibus</strong></span> <span class='ocrx_word' id='word_1_184' title='bbox 321 2144 439 2191; x_wconf 91' lang='lat' dir='ltr'><strong>sunt</strong></span> <span class='ocrx_word' id='word_1_185' title='bbox 470 2138 693 2204; x_wconf 82' lang='lat' dir='ltr'><strong>remoti,</strong></span> <span class='ocrx_word' id='word_1_186' title='bbox 723 2153 789 2193; x_wconf 90' lang='lat' dir='ltr'><strong>ac</strong></span> <span class='ocrx_word' id='word_1_187' title='bbox 815 2137 1137 2210; x_wconf 85' lang='lat' dir='ltr'><strong>depositioni</strong></span> <span class='ocrx_word' id='word_1_188' title='bbox 1168 2138 1441 2201; x_wconf 86' lang='lat' dir='ltr'><strong>submissi,</strong></span> <span class='ocrx_word' id='word_1_189' title='bbox 1467 2131 1554 2192; x_wconf 85' lang='lat' dir='ltr'><strong>isti</strong></span> <span class='ocrx_word' id='word_1_190' title='bbox 1583 2152 1709 2195; x_wconf 89' lang='lat' dir='ltr'><strong>suas</strong></span> 
     </span>
    </p>
   </div>
   <div class='ocr_carea' id='block_1_28' title="bbox 172 2224 1712 2300">
    <p class='ocr_par' dir='ltr' id='par_1_28' title="bbox 172 2224 1712 2300">
     <span class='ocr_line' id='line_1_28' title="bbox 172 2224 1712 2300; baseline 0.006 -24"><span class='ocrx_word' id='word_1_191' title='bbox 172 2224 396 2294; x_wconf 79' lang='lat' dir='ltr'><strong>recipiant</strong></span> <span class='ocrx_word' id='word_1_192' title='bbox 422 2227 580 2283; x_wconf 87' lang='lat' dir='ltr'><strong>sedes</strong></span> <span class='ocrx_word' id='word_1_193' title='bbox 604 2227 672 2282; x_wconf 88' lang='lat' dir='ltr'><strong>ad</strong></span> <span class='ocrx_word' id='word_1_194' title='bbox 703 2226 1033 2300; x_wconf 71' lang='lat' dir='ltr'><strong>[ungendum</strong></span> <span class='ocrx_word' id='word_1_195' title='bbox 1060 2229 1437 2284; x_wconf 87' lang='lat' dir='ltr'><strong>incunctanter</strong></span> <span class='ocrx_word' id='word_1_196' title='bbox 1463 2231 1712 2286; x_wconf 78' lang='lat' dir='ltr'><strong>sacerdo-</strong></span> 
     </span>
    </p>
   </div>
   <div class='ocr_carea' id='block_1_29' title="bbox 171 2314 1713 2391">
    <p class='ocr_par' dir='ltr' id='par_1_29' title="bbox 171 2314 1713 2391">
     <span class='ocr_line' id='line_1_29' title="bbox 171 2314 1713 2391; baseline 0.005 -25"><span class='ocrx_word' id='word_1_197' title='bbox 171 2314 246 2376; x_wconf 91' lang='lat' dir='ltr'><strong>tio,</strong></span> <span class='ocrx_word' id='word_1_198' title='bbox 273 2315 566 2373; x_wconf 84' lang='lat' dir='ltr'><strong>nullatenus</strong></span> <span class='ocrx_word' id='word_1_199' title='bbox 599 2317 816 2374; x_wconf 89' lang='lat' dir='ltr'><strong>aliunde</strong></span> <span class='ocrx_word' id='word_1_200' title='bbox 843 2319 1098 2390; x_wconf 85' lang='lat' dir='ltr'><strong>prohibiti</strong></span> <span class='ocrx_word' id='word_1_201' title='bbox 1125 2334 1140 2373; x_wconf 90' lang='lat'><strong>:</strong></span> <span class='ocrx_word' id='word_1_202' title='bbox 1172 2319 1263 2390; x_wconf 88' lang='lat' dir='ltr'><strong>qui</strong></span> <span class='ocrx_word' id='word_1_203' title='bbox 1310 2320 1456 2375; x_wconf 89' lang='lat' dir='ltr'><strong>enim</strong></span> <span class='ocrx_word' id='word_1_204' title='bbox 1498 2335 1596 2391; x_wconf 90' lang='lat' dir='ltr'><strong>pro</strong></span> <span class='ocrx_word' id='word_1_205' title='bbox 1626 2334 1713 2374; x_wconf 87' lang='lat' dir='ltr'><strong>ve—</strong></span> 
     </span>
    </p>
   </div>
   <div class='ocr_carea' id='block_1_30' title="bbox 169 2404 1712 2482">
    <p class='ocr_par' dir='ltr' id='par_1_30' title="bbox 169 2404 1712 2482">
     <span class='ocr_line' id='line_1_30' title="bbox 169 2404 1712 2482; baseline 0.006 -25"><span class='ocrx_word' id='word_1_206' title='bbox 169 2404 301 2461; x_wconf 89' lang='lat' dir='ltr'><strong>ritate</strong></span> <span class='ocrx_word' id='word_1_207' title='bbox 333 2409 522 2478; x_wconf 82' lang='lat' dir='ltr'><strong>privati</strong></span> <span class='ocrx_word' id='word_1_208' title='bbox 554 2420 684 2464; x_wconf 90' lang='lat' dir='ltr'><strong>sunt</strong></span> <span class='ocrx_word' id='word_1_209' title='bbox 716 2411 782 2466; x_wconf 89' lang='lat' dir='ltr'><strong>iis</strong></span> <span class='ocrx_word' id='word_1_210' title='bbox 810 2425 928 2480; x_wconf 75' lang='lat' dir='ltr'><strong>qua:</strong></span> <span class='ocrx_word' id='word_1_211' title='bbox 957 2411 1340 2480; x_wconf 86' lang='lat' dir='ltr'><strong>possederant,</strong></span> <span class='ocrx_word' id='word_1_212' title='bbox 1385 2426 1491 2466; x_wconf 91' lang='lat' dir='ltr'><strong>non</strong></span> <span class='ocrx_word' id='word_1_213' title='bbox 1517 2411 1712 2482; x_wconf 67' lang='lat' dir='ltr'><strong>[solum</strong></span> 
     </span>
    </p>
   </div>
   <div class='ocr_carea' id='block_1_31' title="bbox 168 2492 1710 2571">
    <p class='ocr_par' dir='ltr' id='par_1_31' title="bbox 168 2492 1710 2571">
     <span class='ocr_line' id='line_1_31' title="bbox 168 2492 1710 2571; baseline 0.008 -26"><span class='ocrx_word' id='word_1_214' title='bbox 168 2492 366 2562; x_wconf 88' lang='lat' dir='ltr'><strong>illorum,</strong></span> <span class='ocrx_word' id='word_1_215' title='bbox 397 2498 541 2571; x_wconf 86' lang='lat' dir='ltr'><strong>unde</strong></span> <span class='ocrx_word' id='word_1_216' title='bbox 559 2499 900 2565; x_wconf 81' lang='lat' dir='ltr'><strong>ceciderunt,</strong></span> <span class='ocrx_word' id='word_1_217' title='bbox 925 2500 1072 2567; x_wconf 89' lang='lat' dir='ltr'><strong>digni</strong></span> <span class='ocrx_word' id='word_1_218' title='bbox 1102 2510 1228 2556; x_wconf 92' lang='lat' dir='ltr'><strong>sunt</strong></span> <span class='ocrx_word' id='word_1_219' title='bbox 1251 2515 1371 2556; x_wconf 88' lang='lat' dir='ltr'><strong>esse</strong></span> <span class='ocrx_word' id='word_1_220' title='bbox 1401 2501 1710 2571; x_wconf 83' lang='lat' dir='ltr'><strong>participes,</strong></span> 
     </span>
    </p>
   </div>
   <div class='ocr_carea' id='block_1_32' title="bbox 166 2570 1711 2662">
    <p class='ocr_par' dir='ltr' id='par_1_32' title="bbox 166 2570 1711 2662">
     <span class='ocr_line' id='line_1_32' title="bbox 166 2570 1711 2662; baseline 0.003 -22"><span class='ocrx_word' id='word_1_221' title='bbox 166 2601 320 2643; x_wconf 77' lang='lat' dir='ltr'><strong>verum</strong></span> <span class='ocrx_word' id='word_1_222' title='bbox 348 2570 804 2656; x_wconf 45' lang='lat' dir='ltr'><strong>etiam‘aliorum,</strong></span> <span class='ocrx_word' id='word_1_223' title='bbox 842 2604 1071 2660; x_wconf 90' lang='lat' dir='ltr'><strong>quorum</strong></span> <span class='ocrx_word' id='word_1_224' title='bbox 1100 2605 1325 2662; x_wconf 68' lang='lat' dir='ltr'><strong>qumque</strong></span> <span class='ocrx_word' id='word_1_225' title='bbox 1371 2570 1711 2660; x_wconf 19' lang='lat' dir='ltr'><strong>piossintire-</strong></span> 
     </span>
    </p>
   </div>
   <div class='ocr_carea' id='block_1_33' title="bbox 165 2679 1392 2751">
    <p class='ocr_par' dir='ltr' id='par_1_33' title="bbox 165 2679 1392 2751">
     <span class='ocr_line' id='line_1_33' title="bbox 165 2679 1392 2751; baseline 0.002 -18"><span class='ocrx_word' id='word_1_226' title='bbox 165 2692 474 2750; x_wconf 87' lang='lat' dir='ltr'><strong>compensare</strong></span> <span class='ocrx_word' id='word_1_227' title='bbox 495 2679 666 2751; x_wconf 78' lang='lat' dir='ltr'><strong>digna</strong></span> <span class='ocrx_word' id='word_1_228' title='bbox 697 2679 967 2749; x_wconf 89' lang='lat' dir='ltr'><strong>prioribus</strong></span> <span class='ocrx_word' id='word_1_229' title='bbox 995 2679 1392 2736; x_wconf 87' lang='lat' dir='ltr'><strong>aIIlictionibus.</strong></span> 
     </span>
    </p>
   </div>
   <div class='ocr_carea' id='block_1_34' title="bbox 219 2809 1712 2880">
    <p class='ocr_par' dir='ltr' id='par_1_34' title="bbox 219 2809 1712 2880">
     <span class='ocr_line' id='line_1_34' title="bbox 219 2809 1712 2880; baseline 0 -14"><span class='ocrx_word' id='word_1_230' title='bbox 219 2811 328 2867; x_wconf 67' lang='lat' dir='ltr'><strong>Car.</strong></span> <span class='ocrx_word' id='word_1_231' title='bbox 357 2812 439 2867; x_wconf 92' lang='lat' dir='ltr'><strong>llI.</strong></span> <span class='ocrx_word' id='word_1_232' title='bbox 483 2813 595 2880; x_wconf 86' lang='lat' dir='ltr'><strong>Qui</strong></span> <span class='ocrx_word' id='word_1_233' title='bbox 628 2827 756 2867; x_wconf 88' lang='lat' dir='ltr'><strong>vero</strong></span> <span class='ocrx_word' id='word_1_234' title='bbox 800 2812 945 2868; x_wconf 88' lang='lat' dir='ltr'><strong>beati</strong></span> <span class='ocrx_word' id='word_1_235' title='bbox 996 2811 1249 2869; x_wconf 83' lang='lat' dir='ltr'><strong>Methodii</strong></span> <span class='ocrx_word' id='word_1_236' title='bbox 1277 2820 1333 2868; x_wconf 89' lang='lat' dir='ltr'><strong>et</strong></span> <span class='ocrx_word' id='word_1_237' title='bbox 1383 2809 1712 2868; x_wconf 88' lang='lat' dir='ltr'><strong>sanctissimi</strong></span> 
     </span>
    </p>
   </div>
   <div class='ocr_carea' id='block_1_35' title="bbox 163 2901 1712 2975">
    <p class='ocr_par' dir='ltr' id='par_1_35' title="bbox 163 2901 1712 2975">
     <span class='ocr_line' id='line_1_35' title="bbox 163 2901 1712 2975; baseline 0.001 -20"><span class='ocrx_word' id='word_1_238' title='bbox 163 2901 318 2972; x_wconf 83' lang='lat' dir='ltr'><strong>lgnatii</strong></span> <span class='ocrx_word' id='word_1_239' title='bbox 362 2919 555 2959; x_wconf 91' lang='lat' dir='ltr'><strong>manus</strong></span> <span class='ocrx_word' id='word_1_240' title='bbox 595 2903 991 2975; x_wconf 88' lang='lat' dir='ltr'><strong>impositionem</strong></span> <span class='ocrx_word' id='word_1_241' title='bbox 1044 2903 1250 2960; x_wconf 90' lang='lat' dir='ltr'><strong>habent</strong></span> <span class='ocrx_word' id='word_1_242' title='bbox 1296 2902 1533 2974; x_wconf 89' lang='lat' dir='ltr'><strong>episcopi</strong></span> <span class='ocrx_word' id='word_1_243' title='bbox 1558 2943 1573 2965; x_wconf 91' lang='lat'><strong>,</strong></span> <span class='ocrx_word' id='word_1_244' title='bbox 1626 2901 1712 2958; x_wconf 87' lang='lat' dir='ltr'><strong>vel</strong></span> 
     </span>
    </p>
   </div>
   <div class='ocr_carea' id='block_1_36' title="bbox 161 2991 1709 3065">
    <p class='ocr_par' dir='ltr' id='par_1_36' title="bbox 161 2991 1709 3065">
     <span class='ocr_line' id='line_1_36' title="bbox 161 2991 1709 3065; baseline 0 -17"><span class='ocrx_word' id='word_1_245' title='bbox 161 2991 438 3064; x_wconf 79' lang='lat' dir='ltr'><strong>presbyteri,</strong></span> <span class='ocrx_word' id='word_1_246' title='bbox 463 2994 548 3050; x_wconf 86' lang='lat' dir='ltr'><strong>vel</strong></span> <span class='ocrx_word' id='word_1_247' title='bbox 591 2994 826 3060; x_wconf 87' lang='lat' dir='ltr'><strong>diaconi,</strong></span> <span class='ocrx_word' id='word_1_248' title='bbox 857 3001 952 3049; x_wconf 89' lang='lat' dir='ltr'><strong>aut</strong></span> <span class='ocrx_word' id='word_1_249' title='bbox 980 2992 1348 3065; x_wconf 84' lang='lat' dir='ltr'><strong>cujuscunque</strong></span> <span class='ocrx_word' id='word_1_250' title='bbox 1373 2992 1580 3049; x_wconf 89' lang='lat' dir='ltr'><strong>ordinis</strong></span> <span class='ocrx_word' id='word_1_251' title='bbox 1601 2991 1709 3048; x_wconf 85' lang='lat' dir='ltr'><strong>cle-</strong></span> 
     </span>
    </p>
   </div>
   <div class='ocr_carea' id='block_1_37' title="bbox 155 3082 1707 3156">
    <p class='ocr_par' dir='ltr' id='par_1_37' title="bbox 155 3082 1707 3156">
     <span class='ocr_line' id='line_1_37' title="bbox 155 3082 1707 3156; baseline 0.003 -20"><span class='ocrx_word' id='word_1_252' title='bbox 155 3082 256 3148; x_wconf 76' lang='lat' dir='ltr'><strong>rici,</strong></span> <span class='ocrx_word' id='word_1_253' title='bbox 277 3093 325 3139; x_wconf 92' lang='lat' dir='ltr'><strong>et</strong></span> <span class='ocrx_word' id='word_1_254' title='bbox 357 3100 530 3155; x_wconf 76' lang='lat' dir='ltr'><strong>usque</strong></span> <span class='ocrx_word' id='word_1_255' title='bbox 559 3085 623 3140; x_wconf 87' lang='lat' dir='ltr'><strong>in</strong></span> <span class='ocrx_word' id='word_1_256' title='bbox 657 3085 820 3149; x_wconf 75' lang='lat' dir='ltr'><strong>linem</strong></span> <span class='ocrx_word' id='word_1_257' title='bbox 850 3100 973 3142; x_wconf 90' lang='lat' dir='ltr'><strong>cum</strong></span> <span class='ocrx_word' id='word_1_258' title='bbox 997 3086 1189 3142; x_wconf 87' lang='lat' dir='ltr'><strong>Photio</strong></span> <span class='ocrx_word' id='word_1_259' title='bbox 1227 3085 1533 3142; x_wconf 88' lang='lat' dir='ltr'><strong>sacerdotio</strong></span> <span class='ocrx_word' id='word_1_260' title='bbox 1563 3084 1707 3156; x_wconf 83' lang='lat' dir='ltr'><strong>fungi</strong></span> 
     </span>
    </p>
   </div>
   <div class='ocr_carea' id='block_1_38' title="bbox 159 3175 1707 3250">
    <p class='ocr_par' dir='ltr' id='par_1_38' title="bbox 159 3175 1707 3250">
     <span class='ocr_line' id='line_1_38' title="bbox 159 3175 1707 3250; baseline 0.001 -20"><span class='ocrx_word' id='word_1_261' title='bbox 159 3175 272 3243; x_wconf 80' lang='lat' dir='ltr'><strong>passi</strong></span> <span class='ocrx_word' id='word_1_262' title='bbox 296 3185 435 3242; x_wconf 88' lang='lat' dir='ltr'><strong>sunt,</strong></span> <span class='ocrx_word' id='word_1_263' title='bbox 463 3176 521 3233; x_wconf 90' lang='lat' dir='ltr'><strong>in</strong></span> <span class='ocrx_word' id='word_1_264' title='bbox 548 3176 866 3246; x_wconf 79' lang='lat' dir='ltr'><strong>repulsione</strong></span> <span class='ocrx_word' id='word_1_265' title='bbox 895 3185 1075 3234; x_wconf 91' lang='lat' dir='ltr'><strong>autem</strong></span> <span class='ocrx_word' id='word_1_266' title='bbox 1119 3177 1360 3250; x_wconf 85' lang='lat' dir='ltr'><strong>ejusdem</strong></span> <span class='ocrx_word' id='word_1_267' title='bbox 1413 3176 1592 3232; x_wconf 89' lang='lat' dir='ltr'><strong>Photii</strong></span> <span class='ocrx_word' id='word_1_268' title='bbox 1639 3177 1707 3232; x_wconf 89' lang='lat' dir='ltr'><strong>ad</strong></span> 
     </span>
    </p>
   </div>
   <div class='ocr_carea' id='block_1_39' title="bbox 1813 1366 2131 1436">
    <p class='ocr_par' dir='ltr' id='par_1_39' title="bbox 1813 1366 2131 1436">
     <span class='ocr_line' id='line_1_39' title="bbox 1813 1366 2131 1436; baseline 0 -17"><span class='ocrx_word' id='word_1_269' title='bbox 1813 1366 2131 1436; x_wconf 84' lang='lat' dir='ltr'><strong>susceperit.</strong></span> 
     </span>
    </p>
   </div>
   <div class='ocr_carea' id='block_1_40' title="bbox 1883 1453 3390 1528">
    <p class='ocr_par' dir='ltr' id='par_1_40' title="bbox 1883 1453 3390 1528">
     <span class='ocr_line' id='line_1_40' title="bbox 1883 1453 3390 1528; baseline 0.003 -18"><span class='ocrx_word' id='word_1_270' title='bbox 1883 1454 2008 1510; x_wconf 63' lang='lat' dir='ltr'><strong>Car.</strong></span> <span class='ocrx_word' id='word_1_271' title='bbox 2046 1453 2106 1510; x_wconf 84' lang='lat' dir='ltr'><strong>V.</strong></span> <span class='ocrx_word' id='word_1_272' title='bbox 2139 1455 2430 1526; x_wconf 83' lang='lat' dir='ltr'><strong>Gregorius</strong></span> <span class='ocrx_word' id='word_1_273' title='bbox 2457 1455 3129 1528; x_wconf 42' lang='lat' dir='ltr'><strong>prmtereagSyracusanus,</strong></span> <span class='ocrx_word' id='word_1_274' title='bbox 3165 1465 3225 1512; x_wconf 92' lang='lat' dir='ltr'><strong>ut</strong></span> <span class='ocrx_word' id='word_1_275' title='bbox 3261 1464 3390 1514; x_wconf 83' lang='lat' dir='ltr'><strong>ante</strong></span> 
     </span>
    </p>
   </div>
   <div class='ocr_carea' id='block_1_41' title="bbox 1815 1539 3387 1616">
    <p class='ocr_par' dir='ltr' id='par_1_41' title="bbox 1815 1539 3387 1616">
     <span class='ocr_line' id='line_1_41' title="bbox 1815 1539 3387 1616; baseline 0.004 -17"><span class='ocrx_word' id='word_1_276' title='bbox 1815 1545 2084 1616; x_wconf 85' lang='lat' dir='ltr'><strong>depositus</strong></span> <span class='ocrx_word' id='word_1_277' title='bbox 2135 1539 2190 1602; x_wconf 85' lang='lat' dir='ltr'><strong>et</strong></span> <span class='ocrx_word' id='word_1_278' title='bbox 2229 1555 2356 1601; x_wconf 88' lang='lat' dir='ltr'><strong>ante</strong></span> <span class='ocrx_word' id='word_1_279' title='bbox 2384 1547 2668 1602; x_wconf 89' lang='lat' dir='ltr'><strong>damnatus</strong></span> <span class='ocrx_word' id='word_1_280' title='bbox 2703 1562 2732 1601; x_wconf 90' lang='lat' dir='ltr'><strong>a</strong></span> <span class='ocrx_word' id='word_1_281' title='bbox 2768 1547 2941 1614; x_wconf 88' lang='lat' dir='ltr'><strong>nobis,</strong></span> <span class='ocrx_word' id='word_1_282' title='bbox 2993 1547 3263 1603; x_wconf 84' lang='lat' dir='ltr'><strong>etiam‘ita</strong></span> <span class='ocrx_word' id='word_1_283' title='bbox 3292 1548 3387 1605; x_wconf 88' lang='lat' dir='ltr'><strong>de-</strong></span> 
     </span>
    </p>
   </div>
   <div class='ocr_carea' id='block_1_42' title="bbox 1811 1634 3390 1706">
    <p class='ocr_par' dir='ltr' id='par_1_42' title="bbox 1811 1634 3390 1706">
     <span class='ocr_line' id='line_1_42' title="bbox 1811 1634 3390 1706; baseline 0.002 -17"><span class='ocrx_word' id='word_1_284' title='bbox 1811 1645 2034 1705; x_wconf 88' lang='lat' dir='ltr'><strong>putatur</strong></span> <span class='ocrx_word' id='word_1_285' title='bbox 2059 1634 2332 1706; x_wconf 87' lang='lat' dir='ltr'><strong>depositus</strong></span> <span class='ocrx_word' id='word_1_286' title='bbox 2359 1643 2414 1691; x_wconf 88' lang='lat' dir='ltr'><strong>et</strong></span> <span class='ocrx_word' id='word_1_287' title='bbox 2430 1635 2851 1691; x_wconf 89' lang='lat' dir='ltr'><strong>condemnatus:</strong></span> <span class='ocrx_word' id='word_1_288' title='bbox 2886 1651 2991 1691; x_wconf 90' lang='lat' dir='ltr'><strong>nou</strong></span> <span class='ocrx_word' id='word_1_289' title='bbox 3022 1635 3166 1691; x_wconf 87' lang='lat' dir='ltr'><strong>enim</strong></span> <span class='ocrx_word' id='word_1_290' title='bbox 3189 1645 3247 1690; x_wconf 93' lang='lat' dir='ltr'><strong>ut</strong></span> <span class='ocrx_word' id='word_1_291' title='bbox 3266 1650 3390 1692; x_wconf 89' lang='lat' dir='ltr'><strong>con-</strong></span> 
     </span>
    </p>
   </div>
   <div class='ocr_carea' id='block_1_43' title="bbox 1816 1725 3382 1796">
    <p class='ocr_par' dir='ltr' id='par_1_43' title="bbox 1816 1725 3382 1796">
     <span class='ocr_line' id='line_1_43' title="bbox 1816 1725 3382 1796; baseline 0 -16"><span class='ocrx_word' id='word_1_292' title='bbox 1816 1725 1966 1780; x_wconf 87' lang='lat' dir='ltr'><strong>trarii</strong></span> <span class='ocrx_word' id='word_1_293' title='bbox 2010 1725 2141 1796; x_wconf 90' lang='lat' dir='ltr'><strong>justi</strong></span> <span class='ocrx_word' id='word_1_294' title='bbox 2173 1726 2372 1782; x_wconf 87' lang='lat' dir='ltr'><strong>decreti</strong></span> <span class='ocrx_word' id='word_1_295' title='bbox 2419 1726 2681 1790; x_wconf 89' lang='lat' dir='ltr'><strong>venimus,</strong></span> <span class='ocrx_word' id='word_1_296' title='bbox 2736 1727 2828 1782; x_wconf 86' lang='lat' dir='ltr'><strong>sed</strong></span> <span class='ocrx_word' id='word_1_297' title='bbox 2861 1735 2918 1780; x_wconf 93' lang='lat' dir='ltr'><strong>ut</strong></span> <span class='ocrx_word' id='word_1_298' title='bbox 2950 1740 3226 1796; x_wconf 73' lang='lat' dir='ltr'><strong>mquorum</strong></span> <span class='ocrx_word' id='word_1_299' title='bbox 3274 1734 3382 1781; x_wconf 88' lang='lat' dir='ltr'><strong>eta</strong></span> 
     </span>
    </p>
   </div>
   <div class='ocr_carea' id='block_1_44' title="bbox 1813 1817 3387 1880">
    <p class='ocr_par' dir='ltr' id='par_1_44' title="bbox 1813 1817 3387 1880">
     <span class='ocr_line' id='line_1_44' title="bbox 1813 1817 3387 1880; baseline 0.003 -9"><span class='ocrx_word' id='word_1_300' title='bbox 1813 1817 2071 1872; x_wconf 86' lang='lat' dir='ltr'><strong>Patribus</strong></span> <span class='ocrx_word' id='word_1_301' title='bbox 2115 1818 2430 1874; x_wconf 87' lang='lat' dir='ltr'><strong>traditorum</strong></span> <span class='ocrx_word' id='word_1_302' title='bbox 2476 1833 2741 1875; x_wconf 87' lang='lat' dir='ltr'><strong>canonum</strong></span> <span class='ocrx_word' id='word_1_303' title='bbox 2793 1828 2847 1874; x_wconf 90' lang='lat' dir='ltr'><strong>et</strong></span> <span class='ocrx_word' id='word_1_304' title='bbox 2903 1817 3240 1880; x_wconf 87' lang='lat' dir='ltr'><strong>sanctionum</strong></span> <span class='ocrx_word' id='word_1_305' title='bbox 3258 1832 3387 1875; x_wconf 88' lang='lat' dir='ltr'><strong>con-</strong></span> 
     </span>
    </p>
   </div>
   <div class='ocr_carea' id='block_1_45' title="bbox 1742 1910 3388 1982">
    <p class='ocr_par' dir='ltr' id='par_1_45' title="bbox 1742 1910 3388 1982">
     <span class='ocr_line' id='line_1_45' title="bbox 1742 1910 3388 1982; baseline 0.001 -18"><span class='ocrx_word' id='word_1_306' title='bbox 1742 1917 1787 1975; x_wconf 81' lang='lat' dir='ltr'><strong>B</strong></span> <span class='ocrx_word' id='word_1_307' title='bbox 1817 1910 2120 1966; x_wconf 81' lang='lat' dir='ltr'><strong>lirmatores</strong></span> <span class='ocrx_word' id='word_1_308' title='bbox 2143 1912 2346 1982; x_wconf 88' lang='lat' dir='ltr'><strong>pariter</strong></span> <span class='ocrx_word' id='word_1_309' title='bbox 2368 1921 2424 1967; x_wconf 89' lang='lat' dir='ltr'><strong>et</strong></span> <span class='ocrx_word' id='word_1_310' title='bbox 2444 1911 2700 1968; x_wconf 77' lang='lat' dir='ltr'><strong>fautores.</strong></span> <span class='ocrx_word' id='word_1_311' title='bbox 2735 1911 2834 1979; x_wconf 88' lang='lat' dir='ltr'><strong>Qui</strong></span> <span class='ocrx_word' id='word_1_312' title='bbox 2856 1926 2984 1967; x_wconf 90' lang='lat' dir='ltr'><strong>vero</strong></span> <span class='ocrx_word' id='word_1_313' title='bbox 3010 1910 3214 1976; x_wconf 79' lang='lat' dir='ltr'><strong>seducti</strong></span> <span class='ocrx_word' id='word_1_314' title='bbox 3240 1917 3388 1976; x_wconf 91' lang='lat' dir='ltr'><strong>sunt,</strong></span> 
     </span>
    </p>
   </div>
   <div class='ocr_carea' id='block_1_46' title="bbox 1811 2000 3397 2073">
    <p class='ocr_par' dir='ltr' id='par_1_46' title="bbox 1811 2000 3397 2073">
     <span class='ocr_line' id='line_1_46' title="bbox 1811 2000 3397 2073; baseline 0 -17"><span class='ocrx_word' id='word_1_315' title='bbox 1811 2011 1917 2056; x_wconf 89' lang='lat' dir='ltr'><strong>eta</strong></span> <span class='ocrx_word' id='word_1_316' title='bbox 1947 2001 2139 2058; x_wconf 89' lang='lat' dir='ltr'><strong>Photio</strong></span> <span class='ocrx_word' id='word_1_317' title='bbox 2185 2017 2375 2058; x_wconf 87' lang='lat' dir='ltr'><strong>manus</strong></span> <span class='ocrx_word' id='word_1_318' title='bbox 2419 2001 2812 2073; x_wconf 89' lang='lat' dir='ltr'><strong>impositionem</strong></span> <span class='ocrx_word' id='word_1_319' title='bbox 2861 2000 3217 2072; x_wconf 87' lang='lat' dir='ltr'><strong>susceperint,</strong></span> <span class='ocrx_word' id='word_1_320' title='bbox 3270 2009 3397 2056; x_wconf 83' lang='lat' dir='ltr'><strong>tan-</strong></span> 
     </span>
    </p>
   </div>
   <div class='ocr_carea' id='block_1_47' title="bbox 1811 2082 3391 2163">
    <p class='ocr_par' dir='ltr' id='par_1_47' title="bbox 1811 2082 3391 2163">
     <span class='ocr_line' id='line_1_47' title="bbox 1811 2082 3391 2163; baseline 0.001 -18"><span class='ocrx_word' id='word_1_321' title='bbox 1811 2106 1972 2160; x_wconf 86' lang='lat' dir='ltr'><strong>quam</strong></span> <span class='ocrx_word' id='word_1_322' title='bbox 2006 2082 2160 2147; x_wconf 90' lang='lat' dir='ltr'><strong>malis</strong></span> <span class='ocrx_word' id='word_1_323' title='bbox 2187 2091 2589 2163; x_wconf 87' lang='lat' dir='ltr'><strong>operationibus</strong></span> <span class='ocrx_word' id='word_1_324' title='bbox 2617 2091 2733 2162; x_wconf 90' lang='lat' dir='ltr'><strong>ejus</strong></span> <span class='ocrx_word' id='word_1_325' title='bbox 2759 2101 3110 2163; x_wconf 71' lang='lat' dir='ltr'><strong>cooperante:</strong></span> <span class='ocrx_word' id='word_1_326' title='bbox 3127 2099 3182 2160; x_wconf 84' lang='lat' dir='ltr'><strong>et</strong></span> <span class='ocrx_word' id='word_1_327' title='bbox 3209 2089 3391 2146; x_wconf 82' lang='lat' dir='ltr'><strong>faven-</strong></span> 
     </span>
    </p>
   </div>
   <div class='ocr_carea' id='block_1_48' title="bbox 1814 2177 3391 2250">
    <p class='ocr_par' dir='ltr' id='par_1_48' title="bbox 1814 2177 3391 2250">
     <span class='ocr_line' id='line_1_48' title="bbox 1814 2177 3391 2250; baseline 0.001 -18"><span class='ocrx_word' id='word_1_328' title='bbox 1814 2188 1915 2245; x_wconf 87' lang='lat' dir='ltr'><strong>tes,</strong></span> <span class='ocrx_word' id='word_1_329' title='bbox 1946 2188 2109 2250; x_wconf 89' lang='lat' dir='ltr'><strong>atque</strong></span> <span class='ocrx_word' id='word_1_330' title='bbox 2144 2181 2600 2236; x_wconf 86' lang='lat' dir='ltr'><strong>condecernentes</strong></span> <span class='ocrx_word' id='word_1_331' title='bbox 2651 2177 2846 2242; x_wconf 81' lang='lat' dir='ltr'><strong>ell&#39;ecti,</strong></span> <span class='ocrx_word' id='word_1_332' title='bbox 2887 2180 3034 2236; x_wconf 92' lang='lat' dir='ltr'><strong>omni</strong></span> <span class='ocrx_word' id='word_1_333' title='bbox 3085 2177 3391 2236; x_wconf 88' lang='lat' dir='ltr'><strong>sacerdotio</strong></span> 
     </span>
    </p>
   </div>
   <div class='ocr_carea' id='block_1_49' title="bbox 1806 2267 3391 2344">
    <p class='ocr_par' dir='ltr' id='par_1_49' title="bbox 1806 2267 3391 2344">
     <span class='ocr_line' id='line_1_49' title="bbox 1806 2267 3391 2344; baseline 0 -18"><span class='ocrx_word' id='word_1_334' title='bbox 1806 2271 2116 2341; x_wconf 90' lang='lat' dir='ltr'><strong>judicantur</strong></span> <span class='ocrx_word' id='word_1_335' title='bbox 2146 2271 2369 2344; x_wconf 75' lang='lat' dir='ltr'><strong>indigni,</strong></span> <span class='ocrx_word' id='word_1_336' title='bbox 2399 2271 2558 2327; x_wconf 89' lang='lat' dir='ltr'><strong>sicuti</strong></span> <span class='ocrx_word' id='word_1_337' title='bbox 2577 2274 2644 2344; x_wconf 29' lang='lat' dir='ltr'><strong>get</strong></span> <span class='ocrx_word' id='word_1_338' title='bbox 2670 2285 2807 2342; x_wconf 86' lang='lat' dir='ltr'><strong>papa</strong></span> <span class='ocrx_word' id='word_1_339' title='bbox 2853 2267 3102 2326; x_wconf 83' lang='lat' dir='ltr'><strong>Nicolaus</strong></span> <span class='ocrx_word' id='word_1_340' title='bbox 3129 2272 3391 2326; x_wconf 85' lang='lat' dir='ltr'><strong>adversus</strong></span> 
     </span>
    </p>
   </div>
   <div class='ocr_carea' id='block_1_50' title="bbox 1811 2363 2593 2436">
    <p class='ocr_par' dir='ltr' id='par_1_50' title="bbox 1811 2363 2593 2436">
     <span class='ocr_line' id='line_1_50' title="bbox 1811 2363 2593 2436; baseline 0 -17"><span class='ocrx_word' id='word_1_341' title='bbox 1811 2380 1904 2421; x_wconf 86' lang='lat' dir='ltr'><strong>eus</strong></span> <span class='ocrx_word' id='word_1_342' title='bbox 1928 2363 2186 2436; x_wconf 82' lang='lat' dir='ltr'><strong>synodice</strong></span> <span class='ocrx_word' id='word_1_343' title='bbox 2213 2365 2593 2436; x_wconf 78' lang='lat' dir='ltr'><strong>promulgavit.</strong></span> 
     </span>
    </p>
   </div>
   <div class='ocr_carea' id='block_1_51' title="bbox 1881 2453 3392 2525">
    <p class='ocr_par' dir='ltr' id='par_1_51' title="bbox 1881 2453 3392 2525">
     <span class='ocr_line' id='line_1_51' title="bbox 1881 2453 3392 2525; baseline 0 -15"><span class='ocrx_word' id='word_1_344' title='bbox 1881 2454 2010 2510; x_wconf 65' lang='lat' dir='ltr'><strong>Cn.</strong></span> <span class='ocrx_word' id='word_1_345' title='bbox 2044 2455 2130 2509; x_wconf 86' lang='lat' dir='ltr'><strong>Vl.</strong></span> <span class='ocrx_word' id='word_1_346' title='bbox 2160 2453 2286 2510; x_wconf 66' lang='lat' dir='ltr'><strong>Haec</strong></span> <span class='ocrx_word' id='word_1_347' title='bbox 2307 2455 2487 2525; x_wconf 87' lang='lat' dir='ltr'><strong>itaque</strong></span> <span class='ocrx_word' id='word_1_348' title='bbox 2525 2471 2555 2510; x_wconf 90' lang='lat' dir='ltr'><strong>a</strong></span> <span class='ocrx_word' id='word_1_349' title='bbox 2608 2455 2764 2512; x_wconf 89' lang='lat' dir='ltr'><strong>nobis</strong></span> <span class='ocrx_word' id='word_1_350' title='bbox 2811 2456 2882 2510; x_wconf 88' lang='lat' dir='ltr'><strong>ita</strong></span> <span class='ocrx_word' id='word_1_351' title='bbox 2903 2464 2958 2512; x_wconf 91' lang='lat' dir='ltr'><strong>et</strong></span> <span class='ocrx_word' id='word_1_352' title='bbox 2984 2454 3128 2511; x_wconf 89' lang='lat' dir='ltr'><strong>edita</strong></span> <span class='ocrx_word' id='word_1_353' title='bbox 3165 2462 3309 2518; x_wconf 91' lang='lat' dir='ltr'><strong>sunt,</strong></span> <span class='ocrx_word' id='word_1_354' title='bbox 3335 2463 3392 2510; x_wconf 89' lang='lat' dir='ltr'><strong>et</strong></span> 
     </span>
    </p>
   </div>
   <div class='ocr_carea' id='block_1_52' title="bbox 1812 2546 3388 2618">
    <p class='ocr_par' dir='ltr' id='par_1_52' title="bbox 1812 2546 3388 2618">
     <span class='ocr_line' id='line_1_52' title="bbox 1812 2546 3388 2618; baseline -0.001 -16"><span class='ocrx_word' id='word_1_355' title='bbox 1812 2547 2050 2612; x_wconf 88' lang='lat' dir='ltr'><strong>decreta,</strong></span> <span class='ocrx_word' id='word_1_356' title='bbox 2071 2555 2125 2602; x_wconf 91' lang='lat' dir='ltr'><strong>et</strong></span> <span class='ocrx_word' id='word_1_357' title='bbox 2153 2546 2246 2602; x_wconf 90' lang='lat' dir='ltr'><strong>Dei</strong></span> <span class='ocrx_word' id='word_1_358' title='bbox 2279 2557 2409 2602; x_wconf 92' lang='lat' dir='ltr'><strong>nutu</strong></span> <span class='ocrx_word' id='word_1_359' title='bbox 2439 2547 2732 2618; x_wconf 58' lang='lat' dir='ltr'><strong>dicimusfd,</strong></span> <span class='ocrx_word' id='word_1_360' title='bbox 2763 2548 2990 2604; x_wconf 80' lang='lat' dir='ltr'><strong>ﬁdeliter</strong></span> <span class='ocrx_word' id='word_1_361' title='bbox 3005 2556 3058 2604; x_wconf 91' lang='lat' dir='ltr'><strong>et</strong></span> <span class='ocrx_word' id='word_1_362' title='bbox 3079 2547 3388 2618; x_wconf 63' lang='lat' dir='ltr'><strong>prmscripta</strong></span> 
     </span>
    </p>
   </div>
   <div class='ocr_carea' id='block_1_53' title="bbox 1816 2635 3389 2707">
    <p class='ocr_par' dir='ltr' id='par_1_53' title="bbox 1816 2635 3389 2707">
     <span class='ocr_line' id='line_1_53' title="bbox 1816 2635 3389 2707; baseline -0.001 -16"><span class='ocrx_word' id='word_1_363' title='bbox 1816 2645 1980 2701; x_wconf 88' lang='lat' dir='ltr'><strong>sunt;</strong></span> <span class='ocrx_word' id='word_1_364' title='bbox 2023 2636 2137 2691; x_wconf 65' lang='lat' dir='ltr'><strong>haec</strong></span> <span class='ocrx_word' id='word_1_365' title='bbox 2185 2646 2239 2692; x_wconf 90' lang='lat' dir='ltr'><strong>et</strong></span> <span class='ocrx_word' id='word_1_366' title='bbox 2267 2635 2493 2692; x_wconf 91' lang='lat' dir='ltr'><strong>dicimus</strong></span> <span class='ocrx_word' id='word_1_367' title='bbox 2538 2645 2592 2692; x_wconf 89' lang='lat' dir='ltr'><strong>et</strong></span> <span class='ocrx_word' id='word_1_368' title='bbox 2622 2637 2993 2707; x_wconf 83' lang='lat' dir='ltr'><strong>praedicamus,</strong></span> <span class='ocrx_word' id='word_1_369' title='bbox 3041 2643 3203 2704; x_wconf 86' lang='lat' dir='ltr'><strong>atque</strong></span> <span class='ocrx_word' id='word_1_370' title='bbox 3237 2637 3389 2690; x_wconf 89' lang='lat' dir='ltr'><strong>vobis</strong></span> 
     </span>
    </p>
   </div>
   <div class='ocr_carea' id='block_1_54' title="bbox 1813 2713 3391 2798">
    <p class='ocr_par' dir='ltr' id='par_1_54' title="bbox 1813 2713 3391 2798">
     <span class='ocr_line' id='line_1_54' title="bbox 1813 2713 3391 2798; baseline -0.001 -16"><span class='ocrx_word' id='word_1_371' title='bbox 1813 2727 2015 2798; x_wconf 89' lang='lat' dir='ltr'><strong>scripto</strong></span> <span class='ocrx_word' id='word_1_372' title='bbox 2034 2713 2472 2784; x_wconf 82' lang='lat' dir='ltr'><strong>commendamus</strong></span> <span class='ocrx_word' id='word_1_373' title='bbox 2493 2745 2508 2793; x_wconf 90' lang='lat'><strong>;</strong></span> <span class='ocrx_word' id='word_1_374' title='bbox 2532 2737 2588 2782; x_wconf 88' lang='lat' dir='ltr'><strong>et</strong></span> <span class='ocrx_word' id='word_1_375' title='bbox 2609 2743 2721 2782; x_wconf 71' lang='lat' dir='ltr'><strong>nmc</strong></span> <span class='ocrx_word' id='word_1_376' title='bbox 2745 2742 2932 2782; x_wconf 86' lang='lat' dir='ltr'><strong>omnes</strong></span> <span class='ocrx_word' id='word_1_377' title='bbox 2954 2725 3276 2782; x_wconf 82' lang='lat' dir='ltr'><strong>conservare</strong></span> <span class='ocrx_word' id='word_1_378' title='bbox 3295 2726 3391 2780; x_wconf 76' lang='lat' dir='ltr'><strong>de-</strong></span> 
     </span>
    </p>
   </div>
   <div class='ocr_carea' id='block_1_55' title="bbox 1813 2809 3390 2888">
    <p class='ocr_par' dir='ltr' id='par_1_55' title="bbox 1813 2809 3390 2888">
     <span class='ocr_line' id='line_1_55' title="bbox 1813 2809 3390 2888; baseline -0.001 -18"><span class='ocrx_word' id='word_1_379' title='bbox 1813 2818 2102 2874; x_wconf 86' lang='lat' dir='ltr'><strong>liberamus</strong></span> <span class='ocrx_word' id='word_1_380' title='bbox 2147 2826 2409 2888; x_wconf 87' lang='lat' dir='ltr'><strong>quotquot</strong></span> <span class='ocrx_word' id='word_1_381' title='bbox 2437 2816 2638 2872; x_wconf 90' lang='lat' dir='ltr'><strong>Christi</strong></span> <span class='ocrx_word' id='word_1_382' title='bbox 2664 2815 2943 2871; x_wconf 89' lang='lat' dir='ltr'><strong>vocatione</strong></span> <span class='ocrx_word' id='word_1_383' title='bbox 2982 2809 3302 2880; x_wconf 82' lang='lat' dir='ltr'><strong>censentur;</strong></span> <span class='ocrx_word' id='word_1_384' title='bbox 3332 2823 3390 2869; x_wconf 89' lang='lat' dir='ltr'><strong>et</strong></span> 
     </span>
    </p>
   </div>
   <div class='ocr_carea' id='block_1_56' title="bbox 1813 2899 3385 2971">
    <p class='ocr_par' dir='ltr' id='par_1_56' title="bbox 1813 2899 3385 2971">
     <span class='ocr_line' id='line_1_56' title="bbox 1813 2899 3385 2971; baseline -0.003 -9"><span class='ocrx_word' id='word_1_385' title='bbox 1813 2907 2090 2964; x_wconf 87' lang='lat' dir='ltr'><strong>nobiscum</strong></span> <span class='ocrx_word' id='word_1_386' title='bbox 2135 2901 2346 2971; x_wconf 75' lang='lat' dir='ltr'><strong>al&#39;fatur,</strong></span> <span class='ocrx_word' id='word_1_387' title='bbox 2402 2916 2456 2962; x_wconf 91' lang='lat' dir='ltr'><strong>et</strong></span> <span class='ocrx_word' id='word_1_388' title='bbox 2493 2915 2674 2962; x_wconf 88' lang='lat' dir='ltr'><strong>monet</strong></span> <span class='ocrx_word' id='word_1_389' title='bbox 2695 2899 2926 2962; x_wconf 72' lang='lat' dir='ltr'><strong>Iacobus</strong></span> <span class='ocrx_word' id='word_1_390' title='bbox 2951 2904 3118 2960; x_wconf 83' lang='lat' dir='ltr'><strong>frater</strong></span> <span class='ocrx_word' id='word_1_391' title='bbox 3153 2903 3385 2969; x_wconf 76' lang='lat' dir='ltr'><strong>Demini,</strong></span> 
     </span>
    </p>
   </div>
   <div class='ocr_carea' id='block_1_57' title="bbox 1813 2991 3387 3069">
    <p class='ocr_par' dir='ltr' id='par_1_57' title="bbox 1813 2991 3387 3069">
     <span class='ocr_line' id='line_1_57' title="bbox 1813 2991 3387 3069; baseline -0.002 -18"><span class='ocrx_word' id='word_1_392' title='bbox 1813 2997 2124 3069; x_wconf 86' lang='lat' dir='ltr'><strong>primusque</strong></span> <span class='ocrx_word' id='word_1_393' title='bbox 2144 3011 2386 3054; x_wconf 88' lang='lat' dir='ltr'><strong>summus</strong></span> <span class='ocrx_word' id='word_1_394' title='bbox 2407 2997 2663 3052; x_wconf 87' lang='lat' dir='ltr'><strong>sacerdos</strong></span> <span class='ocrx_word' id='word_1_395' title='bbox 2691 3004 2744 3050; x_wconf 91' lang='lat' dir='ltr'><strong>et</strong></span> <span class='ocrx_word' id='word_1_396' title='bbox 2765 2993 2959 3066; x_wconf 79' lang='lat' dir='ltr'><strong>praesul</strong></span> <span class='ocrx_word' id='word_1_397' title='bbox 2988 2991 3286 3052; x_wconf 73' lang='lat' dir='ltr'><strong>Jerusalem</strong></span> <span class='ocrx_word' id='word_1_398' title='bbox 3311 2995 3387 3050; x_wconf 88' lang='lat' dir='ltr'><strong>ci-</strong></span> 
     </span>
    </p>
   </div>
   <div class='ocr_carea' id='block_1_58' title="bbox 1813 3085 3386 3156">
    <p class='ocr_par' dir='ltr' id='par_1_58' title="bbox 1813 3085 3386 3156">
     <span class='ocr_line' id='line_1_58' title="bbox 1813 3085 3386 3156; baseline -0.001 -14"><span class='ocrx_word' id='word_1_399' title='bbox 1813 3087 1995 3142; x_wconf 84' lang='lat' dir='ltr'><strong>vitatis</strong></span> <span class='ocrx_word' id='word_1_400' title='bbox 2042 3095 2242 3142; x_wconf 83' lang='lat' dir='ltr'><strong>sanctae</strong></span> <span class='ocrx_word' id='word_1_401' title='bbox 2287 3101 2401 3152; x_wconf 77' lang='lat' dir='ltr'><strong>;ex</strong></span> <span class='ocrx_word' id='word_1_402' title='bbox 2461 3101 2651 3156; x_wconf 87' lang='lat' dir='ltr'><strong>magna</strong></span> <span class='ocrx_word' id='word_1_403' title='bbox 2693 3099 2907 3156; x_wconf 88' lang='lat' dir='ltr'><strong>quoque</strong></span> <span class='ocrx_word' id='word_1_404' title='bbox 2948 3085 3254 3151; x_wconf 82' lang='lat' dir='ltr'><strong>Antiochia,</strong></span> <span class='ocrx_word' id='word_1_405' title='bbox 3293 3085 3386 3140; x_wconf 92' lang='lat' dir='ltr'><strong>ubi</strong></span> 
     </span>
    </p>
   </div>
   <div class='ocr_carea' id='block_1_59' title="bbox 1813 3171 3386 3247">
    <p class='ocr_par' dir='ltr' id='par_1_59' title="bbox 1813 3171 3386 3247">
     <span class='ocr_line' id='line_1_59' title="bbox 1813 3171 3386 3247; baseline -0.002 -14"><span class='ocrx_word' id='word_1_406' title='bbox 1813 3177 2014 3234; x_wconf 89' lang='lat' dir='ltr'><strong>Christi</strong></span> <span class='ocrx_word' id='word_1_407' title='bbox 2039 3176 2325 3233; x_wconf 76' lang='lat' dir='ltr'><strong>lnereditas</strong></span> <span class='ocrx_word' id='word_1_408' title='bbox 2357 3176 2837 3232; x_wconf 86' lang='lat' dir='ltr'><strong>celebratissimum</strong></span> <span class='ocrx_word' id='word_1_409' title='bbox 2868 3171 3162 3247; x_wconf 80' lang='lat' dir='ltr'><strong>cognomen</strong></span> <span class='ocrx_word' id='word_1_410' title='bbox 3202 3175 3386 3247; x_wconf 79' lang='lat' dir='ltr'><strong>exple-</strong></span> 
     </span>
    </p>
   </div>
   <div class='ocr_carea' id='block_1_60' title="bbox 160 3261 3386 3340">
    <p class='ocr_par' dir='ltr' id='par_1_60' title="bbox 160 3261 3386 3340">
     <span class='ocr_line' id='line_1_60' title="bbox 160 3261 3386 3340; baseline 0.002 -23"><span class='ocrx_word' id='word_1_411' title='bbox 160 3261 233 3317; x_wconf 87' lang='lat' dir='ltr'><strong>Dei</strong></span> <span class='ocrx_word' id='word_1_412' title='bbox 255 3273 486 3321; x_wconf 91' lang='lat' dir='ltr'><strong>sanctam</strong></span> <span class='ocrx_word' id='word_1_413' title='bbox 511 3275 575 3322; x_wconf 83' lang='lat' dir='ltr'><strong>et</strong></span> <span class='ocrx_word' id='word_1_414' title='bbox 600 3265 922 3329; x_wconf 80' lang='lat' dir='ltr'><strong>catholicam</strong></span> <span class='ocrx_word' id='word_1_415' title='bbox 953 3273 1118 3337; x_wconf 91' lang='lat' dir='ltr'><strong>atque</strong></span> <span class='ocrx_word' id='word_1_416' title='bbox 1142 3265 1493 3336; x_wconf 84' lang='lat' dir='ltr'><strong>apostolicam</strong></span> <span class='ocrx_word' id='word_1_417' title='bbox 1523 3264 1695 3320; x_wconf 85' lang='lat' dir='ltr'><strong>Eccle-</strong></span> <span class='ocrx_word' id='word_1_418' title='bbox 1735 3268 1780 3330; x_wconf 86' lang='lat' dir='ltr'><strong>C</strong></span> <span class='ocrx_word' id='word_1_419' title='bbox 1812 3269 1906 3337; x_wconf 87' lang='lat' dir='ltr'><strong>vit,</strong></span> <span class='ocrx_word' id='word_1_420' title='bbox 1935 3268 2234 3340; x_wconf 87' lang='lat' dir='ltr'><strong>Petrusque</strong></span> <span class='ocrx_word' id='word_1_421' title='bbox 2280 3268 2477 3325; x_wconf 90' lang='lat' dir='ltr'><strong>ibidem</strong></span> <span class='ocrx_word' id='word_1_422' title='bbox 2526 3279 2550 3308; x_wconf 78' lang='grc' dir='ltr'><strong>ο</strong></span> <span class='ocrx_word' id='word_1_423' title='bbox 2587 3268 2793 3338; x_wconf 89' lang='lat' dir='ltr'><strong>primus</strong></span> <span class='ocrx_word' id='word_1_424' title='bbox 2813 3263 3119 3324; x_wconf 85' lang='lat' dir='ltr'><strong>sacerdotio</strong></span> <span class='ocrx_word' id='word_1_425' title='bbox 3169 3268 3386 3324; x_wconf 80' lang='lat' dir='ltr'><strong>functus</strong></span> 
     </span>
    </p>
   </div>
   <div class='ocr_carea' id='block_1_61' title="bbox 156 3353 1697 3427">
    <p class='ocr_par' dir='ltr' id='par_1_61' title="bbox 156 3353 1697 3427">
     <span class='ocr_line' id='line_1_61' title="bbox 156 3353 1697 3427; baseline -0.001 -17"><span class='ocrx_word' id='word_1_426' title='bbox 156 3355 266 3410; x_wconf 83' lang='lat' dir='ltr'><strong>siam</strong></span> <span class='ocrx_word' id='word_1_427' title='bbox 300 3364 721 3423; x_wconf 83' lang='lat' dir='ltr'><strong>concurrerunt,</strong></span> <span class='ocrx_word' id='word_1_428' title='bbox 771 3364 828 3411; x_wconf 88' lang='lat' dir='ltr'><strong>et</strong></span> <span class='ocrx_word' id='word_1_429' title='bbox 856 3371 1000 3412; x_wconf 91' lang='lat' dir='ltr'><strong>nunc</strong></span> <span class='ocrx_word' id='word_1_430' title='bbox 1041 3371 1213 3427; x_wconf 91' lang='lat' dir='ltr'><strong>usque</strong></span> <span class='ocrx_word' id='word_1_431' title='bbox 1250 3357 1317 3412; x_wconf 90' lang='lat' dir='ltr'><strong>ad</strong></span> <span class='ocrx_word' id='word_1_432' title='bbox 1365 3353 1697 3412; x_wconf 87' lang='lat' dir='ltr'><strong>terminatio-</strong></span> 
     </span>
    </p>
   </div>
   <div class='ocr_carea' id='block_1_62' title="bbox 157 3444 1706 3518">
    <p class='ocr_par' dir='ltr' id='par_1_62' title="bbox 157 3444 1706 3518">
     <span class='ocr_line' id='line_1_62' title="bbox 157 3444 1706 3518; baseline 0.001 -22"><span class='ocrx_word' id='word_1_433' title='bbox 157 3458 254 3498; x_wconf 88' lang='lat' dir='ltr'><strong>nem</strong></span> <span class='ocrx_word' id='word_1_434' title='bbox 292 3455 487 3503; x_wconf 67' lang='lat' dir='ltr'><strong>sancta:</strong></span> <span class='ocrx_word' id='word_1_435' title='bbox 519 3447 731 3518; x_wconf 79' lang='lat' dir='ltr'><strong>synodi</strong></span> <span class='ocrx_word' id='word_1_436' title='bbox 769 3461 1096 3503; x_wconf 89' lang='lat' dir='ltr'><strong>concurrere</strong></span> <span class='ocrx_word' id='word_1_437' title='bbox 1141 3444 1552 3510; x_wconf 80' lang='lat' dir='ltr'><strong>festinaverunt,</strong></span> <span class='ocrx_word' id='word_1_438' title='bbox 1607 3459 1706 3498; x_wconf 86' lang='lat' dir='ltr'><strong>nec</strong></span> 
     </span>
    </p>
   </div>
   <div class='ocr_carea' id='block_1_63' title="bbox 155 3533 1704 3593">
    <p class='ocr_par' dir='ltr' id='par_1_63' title="bbox 155 3533 1704 3593">
     <span class='ocr_line' id='line_1_63' title="bbox 155 3533 1704 3593; baseline -0.001 -3"><span class='ocrx_word' id='word_1_439' title='bbox 155 3533 235 3589; x_wconf 85' lang='lat' dir='ltr'><strong>hos</strong></span> <span class='ocrx_word' id='word_1_440' title='bbox 290 3539 600 3593; x_wconf 87' lang='lat' dir='ltr'><strong>communis</strong></span> <span class='ocrx_word' id='word_1_441' title='bbox 669 3538 908 3593; x_wconf 91' lang='lat' dir='ltr'><strong>omnium</strong></span> <span class='ocrx_word' id='word_1_442' title='bbox 977 3536 1410 3593; x_wconf 85' lang='lat' dir='ltr'><strong>Christianorum</strong></span> <span class='ocrx_word' id='word_1_443' title='bbox 1472 3536 1704 3589; x_wconf 84' lang='lat' dir='ltr'><strong>amatrix</strong></span> 
     </span>
    </p>
   </div>
   <div class='ocr_carea' id='block_1_64' title="bbox 157 3620 1705 3692">
    <p class='ocr_par' dir='ltr' id='par_1_64' title="bbox 157 3620 1705 3692">
     <span class='ocr_line' id='line_1_64' title="bbox 157 3620 1705 3692; baseline 0.003 -18"><span class='ocrx_word' id='word_1_444' title='bbox 157 3620 352 3680; x_wconf 79' lang='lat' dir='ltr'><strong>ﬁliorum</strong></span> <span class='ocrx_word' id='word_1_445' title='bbox 425 3626 680 3682; x_wconf 84' lang='lat' dir='ltr'><strong>Ecclesia</strong></span> <span class='ocrx_word' id='word_1_446' title='bbox 769 3635 944 3681; x_wconf 89' lang='lat' dir='ltr'><strong>mater</strong></span> <span class='ocrx_word' id='word_1_447' title='bbox 1007 3625 1258 3692; x_wconf 88' lang='lat' dir='ltr'><strong>avertit,</strong></span> <span class='ocrx_word' id='word_1_448' title='bbox 1331 3625 1425 3681; x_wconf 85' lang='lat' dir='ltr'><strong>sed</strong></span> <span class='ocrx_word' id='word_1_449' title='bbox 1497 3624 1705 3680; x_wconf 89' lang='lat' dir='ltr'><strong>sinibus</strong></span> 
     </span>
    </p>
   </div>
   <div class='ocr_carea' id='block_1_65' title="bbox 155 3714 1706 3786">
    <p class='ocr_par' dir='ltr' id='par_1_65' title="bbox 155 3714 1706 3786">
     <span class='ocr_line' id='line_1_65' title="bbox 155 3714 1706 3786; baseline 0.002 -21"><span class='ocrx_word' id='word_1_450' title='bbox 155 3714 367 3785; x_wconf 86' lang='lat' dir='ltr'><strong>recipiet,</strong></span> <span class='ocrx_word' id='word_1_451' title='bbox 389 3725 654 3772; x_wconf 88' lang='lat' dir='ltr'><strong>materno</strong></span> <span class='ocrx_word' id='word_1_452' title='bbox 677 3731 829 3772; x_wconf 88' lang='lat' dir='ltr'><strong>more</strong></span> <span class='ocrx_word' id='word_1_453' title='bbox 856 3716 1000 3771; x_wconf 90' lang='lat' dir='ltr'><strong>circa</strong></span> <span class='ocrx_word' id='word_1_454' title='bbox 1027 3725 1186 3772; x_wconf 88' lang='lat' dir='ltr'><strong>natos</strong></span> <span class='ocrx_word' id='word_1_455' title='bbox 1228 3715 1556 3786; x_wconf 87' lang='lat' dir='ltr'><strong>benignitate</strong></span> <span class='ocrx_word' id='word_1_456' title='bbox 1585 3728 1706 3769; x_wconf 91' lang='lat' dir='ltr'><strong>suc-</strong></span> 
     </span>
    </p>
   </div>
   <div class='ocr_carea' id='block_1_66' title="bbox 152 3804 1706 3878">
    <p class='ocr_par' dir='ltr' id='par_1_66' title="bbox 152 3804 1706 3878">
     <span class='ocr_line' id='line_1_66' title="bbox 152 3804 1706 3878; baseline -0.001 -18"><span class='ocrx_word' id='word_1_457' title='bbox 152 3817 320 3872; x_wconf 81' lang='lat' dir='ltr'><strong>censa,</strong></span> <span class='ocrx_word' id='word_1_458' title='bbox 369 3815 424 3862; x_wconf 87' lang='lat' dir='ltr'><strong>et</strong></span> <span class='ocrx_word' id='word_1_459' title='bbox 475 3816 671 3864; x_wconf 86' lang='lat' dir='ltr'><strong>votum</strong></span> <span class='ocrx_word' id='word_1_460' title='bbox 725 3806 1043 3863; x_wconf 86' lang='lat' dir='ltr'><strong>incessabile</strong></span> <span class='ocrx_word' id='word_1_461' title='bbox 1089 3805 1273 3878; x_wconf 77' lang='lat' dir='ltr'><strong>(alias,</strong></span> <span class='ocrx_word' id='word_1_462' title='bbox 1304 3804 1706 3874; x_wconf 85' lang='lat' dir='ltr'><strong>miserabiliter)</strong></span> 
     </span>
    </p>
   </div>
   <div class='ocr_carea' id='block_1_67' title="bbox 151 3896 1703 3970">
    <p class='ocr_par' dir='ltr' id='par_1_67' title="bbox 151 3896 1703 3970">
     <span class='ocr_line' id='line_1_67' title="bbox 151 3896 1703 3970; baseline 0 -20"><span class='ocrx_word' id='word_1_463' title='bbox 151 3906 450 3966; x_wconf 84' lang='lat' dir='ltr'><strong>monstrans,</strong></span> <span class='ocrx_word' id='word_1_464' title='bbox 488 3900 518 3940; x_wconf 67' lang='grc' dir='ltr'>δ</span> <span class='ocrx_word' id='word_1_465' title='bbox 549 3897 839 3970; x_wconf 82' lang='lat' dir='ltr'><strong>epitimiis,</strong></span> <span class='ocrx_word' id='word_1_466' title='bbox 876 3907 936 3953; x_wconf 92' lang='lat' dir='ltr'><strong>ut</strong></span> <span class='ocrx_word' id='word_1_467' title='bbox 976 3914 1075 3969; x_wconf 90' lang='lat' dir='ltr'><strong>par</strong></span> <span class='ocrx_word' id='word_1_468' title='bbox 1116 3905 1220 3965; x_wconf 88' lang='lat' dir='ltr'><strong>est,</strong></span> <span class='ocrx_word' id='word_1_469' title='bbox 1259 3896 1582 3953; x_wconf 89' lang='lat' dir='ltr'><strong>sanctissimi</strong></span> <span class='ocrx_word' id='word_1_470' title='bbox 1608 3912 1703 3967; x_wconf 88' lang='lat' dir='ltr'><strong>pa-</strong></span> 
     </span>
    </p>
   </div>
   <div class='ocr_carea' id='block_1_68' title="bbox 152 3983 1707 4059">
    <p class='ocr_par' dir='ltr' id='par_1_68' title="bbox 152 3983 1707 4059">
     <span class='ocr_line' id='line_1_68' title="bbox 152 3983 1707 4059; baseline -0.001 -20"><span class='ocrx_word' id='word_1_471' title='bbox 152 3983 372 4042; x_wconf 67' lang='lat' dir='ltr'><strong>triarchae</strong></span> <span class='ocrx_word' id='word_1_472' title='bbox 391 3987 619 4059; x_wconf 86' lang='lat' dir='ltr'><strong>Ignatii,</strong></span> <span class='ocrx_word' id='word_1_473' title='bbox 652 4001 772 4055; x_wconf 70' lang='lat' dir='ltr'><strong>qua!</strong></span> <span class='ocrx_word' id='word_1_474' title='bbox 814 3987 928 4058; x_wconf 89' lang='lat' dir='ltr'><strong>ipse</strong></span> <span class='ocrx_word' id='word_1_475' title='bbox 953 3986 1207 4052; x_wconf 90' lang='lat' dir='ltr'><strong>voluerit,</strong></span> <span class='ocrx_word' id='word_1_476' title='bbox 1237 3986 1338 4041; x_wconf 89' lang='lat' dir='ltr'><strong>hos</strong></span> <span class='ocrx_word' id='word_1_477' title='bbox 1363 3985 1627 4055; x_wconf 89' lang='lat' dir='ltr'><strong>adoptans</strong></span> <span class='ocrx_word' id='word_1_478' title='bbox 1651 3994 1707 4038; x_wconf 87' lang='lat' dir='ltr'><strong>et</strong></span> 
     </span>
    </p>
   </div>
   <div class='ocr_carea' id='block_1_69' title="bbox 150 4075 1707 4152">
    <p class='ocr_par' dir='ltr' id='par_1_69' title="bbox 150 4075 1707 4152">
     <span class='ocr_line' id='line_1_69' title="bbox 150 4075 1707 4152; baseline -0.001 -19"><span class='ocrx_word' id='word_1_479' title='bbox 150 4075 325 4145; x_wconf 70' lang='lat' dir='ltr'><strong>plamte</strong></span> <span class='ocrx_word' id='word_1_480' title='bbox 346 4081 679 4152; x_wconf 80' lang='lat' dir='ltr'><strong>suscipiens.</strong></span> <span class='ocrx_word' id='word_1_481' title='bbox 713 4079 844 4134; x_wconf 83' lang='lat' dir='ltr'><strong>Nam</strong></span> <span class='ocrx_word' id='word_1_482' title='bbox 865 4081 1010 4135; x_wconf 90' lang='lat' dir='ltr'><strong>beati</strong></span> <span class='ocrx_word' id='word_1_483' title='bbox 1059 4077 1275 4135; x_wconf 88' lang='lat' dir='ltr'><strong>termini</strong></span> <span class='ocrx_word' id='word_1_484' title='bbox 1295 4094 1429 4150; x_wconf 89' lang='lat' dir='ltr'><strong>papa</strong></span> <span class='ocrx_word' id='word_1_485' title='bbox 1459 4076 1707 4134; x_wconf 86' lang='lat' dir='ltr'><strong>Nicolaus</strong></span> 
     </span>
    </p>
   </div>
   <div class='ocr_carea' id='block_1_70' title="bbox 148 4165 1704 4242">
    <p class='ocr_par' dir='ltr' id='par_1_70' title="bbox 148 4165 1704 4242">
     <span class='ocr_line' id='line_1_70' title="bbox 148 4165 1704 4242; baseline 0 -19"><span class='ocrx_word' id='word_1_486' title='bbox 148 4165 193 4223; x_wconf 91' lang='lat' dir='ltr'><strong>in</strong></span> <span class='ocrx_word' id='word_1_487' title='bbox 221 4167 419 4239; x_wconf 85' lang='lat' dir='ltr'><strong>Photio,</strong></span> <span class='ocrx_word' id='word_1_488' title='bbox 450 4181 511 4229; x_wconf 90' lang='lat' dir='ltr'><strong>et</strong></span> <span class='ocrx_word' id='word_1_489' title='bbox 539 4174 604 4228; x_wconf 88' lang='lat' dir='ltr'><strong>in</strong></span> <span class='ocrx_word' id='word_1_490' title='bbox 636 4186 829 4228; x_wconf 89' lang='lat' dir='ltr'><strong>manus</strong></span> <span class='ocrx_word' id='word_1_491' title='bbox 879 4171 1219 4242; x_wconf 90' lang='lat' dir='ltr'><strong>impositione</strong></span> <span class='ocrx_word' id='word_1_492' title='bbox 1263 4169 1378 4241; x_wconf 88' lang='lat' dir='ltr'><strong>ejus</strong></span> <span class='ocrx_word' id='word_1_493' title='bbox 1407 4170 1539 4236; x_wconf 90' lang='lat' dir='ltr'><strong>sola,</strong></span> <span class='ocrx_word' id='word_1_494' title='bbox 1572 4180 1627 4226; x_wconf 90' lang='lat' dir='ltr'><strong>et</strong></span> <span class='ocrx_word' id='word_1_495' title='bbox 1653 4169 1704 4224; x_wconf 91' lang='lat' dir='ltr'><strong>in</strong></span> 
     </span>
    </p>
   </div>
   <div class='ocr_carea' id='block_1_71' title="bbox 149 4255 1702 4333">
    <p class='ocr_par' dir='ltr' id='par_1_71' title="bbox 149 4255 1702 4333">
     <span class='ocr_line' id='line_1_71' title="bbox 149 4255 1702 4333; baseline 0.001 -22"><span class='ocrx_word' id='word_1_496' title='bbox 149 4255 456 4330; x_wconf 81' lang='lat' dir='ltr'><strong>Syracusano</strong></span> <span class='ocrx_word' id='word_1_497' title='bbox 479 4262 754 4333; x_wconf 81' lang='lat' dir='ltr'><strong>Gregorio</strong></span> <span class='ocrx_word' id='word_1_498' title='bbox 775 4261 920 4318; x_wconf 90' lang='lat' dir='ltr'><strong>dedit</strong></span> <span class='ocrx_word' id='word_1_499' title='bbox 939 4261 1269 4318; x_wconf 84' lang='lat' dir='ltr'><strong>deﬁnitivam</strong></span> <span class='ocrx_word' id='word_1_500' title='bbox 1283 4260 1702 4316; x_wconf 87' lang='lat' dir='ltr'><strong>damnationem.</strong></span> 
     </span>
    </p>
   </div>
   <div class='ocr_carea' id='block_1_72' title="bbox 147 4344 1707 4422">
    <p class='ocr_par' dir='ltr' id='par_1_72' title="bbox 147 4344 1707 4422">
     <span class='ocr_line' id='line_1_72' title="bbox 147 4344 1707 4422; baseline 0.003 -22"><span class='ocrx_word' id='word_1_501' title='bbox 147 4344 194 4400; x_wconf 89' lang='lat' dir='ltr'><strong>In</strong></span> <span class='ocrx_word' id='word_1_502' title='bbox 218 4351 426 4421; x_wconf 87' lang='lat' dir='ltr'><strong>reliquis</strong></span> <span class='ocrx_word' id='word_1_503' title='bbox 447 4361 640 4408; x_wconf 85' lang='lat' dir='ltr'><strong>autem</strong></span> <span class='ocrx_word' id='word_1_504' title='bbox 671 4351 1075 4422; x_wconf 73' lang='lat' dir='ltr'><strong>praenomi&#39;natis</strong></span> <span class='ocrx_word' id='word_1_505' title='bbox 1102 4351 1307 4407; x_wconf 89' lang='lat' dir='ltr'><strong>duabus</strong></span> <span class='ocrx_word' id='word_1_506' title='bbox 1345 4349 1707 4407; x_wconf 88' lang='lat' dir='ltr'><strong>consecratio-</strong></span> 
     </span>
    </p>
   </div>
   <div class='ocr_carea' id='block_1_73' title="bbox 149 4437 1705 4512">
    <p class='ocr_par' dir='ltr' id='par_1_73' title="bbox 149 4437 1705 4512">
     <span class='ocr_line' id='line_1_73' title="bbox 149 4437 1705 4512; baseline 0.004 -23"><span class='ocrx_word' id='word_1_507' title='bbox 149 4437 279 4494; x_wconf 82' lang='lat' dir='ltr'><strong>nibus</strong></span> <span class='ocrx_word' id='word_1_508' title='bbox 300 4451 627 4512; x_wconf 86' lang='lat' dir='ltr'><strong>potestatem</strong></span> <span class='ocrx_word' id='word_1_509' title='bbox 650 4441 992 4498; x_wconf 89' lang='lat' dir='ltr'><strong>sanctissimo</strong></span> <span class='ocrx_word' id='word_1_510' title='bbox 1014 4442 1340 4512; x_wconf 68' lang='lat' dir='ltr'><strong>patriarchae</strong></span> <span class='ocrx_word' id='word_1_511' title='bbox 1362 4441 1566 4512; x_wconf 88' lang='lat' dir='ltr'><strong>lgnatio</strong></span> <span class='ocrx_word' id='word_1_512' title='bbox 1588 4455 1705 4496; x_wconf 88' lang='lat' dir='ltr'><strong>cre-</strong></span> 
     </span>
    </p>
   </div>
   <div class='ocr_carea' id='block_1_74' title="bbox 147 4526 1705 4604">
    <p class='ocr_par' dir='ltr' id='par_1_74' title="bbox 147 4526 1705 4604">
     <span class='ocr_line' id='line_1_74' title="bbox 147 4526 1705 4604; baseline 0.003 -23"><span class='ocrx_word' id='word_1_513' title='bbox 147 4526 288 4584; x_wconf 87' lang='lat' dir='ltr'><strong>didit:</strong></span> <span class='ocrx_word' id='word_1_514' title='bbox 315 4536 608 4604; x_wconf 89' lang='lat' dir='ltr'><strong>oportebat</strong></span> <span class='ocrx_word' id='word_1_515' title='bbox 633 4533 783 4588; x_wconf 90' lang='lat' dir='ltr'><strong>enim</strong></span> <span class='ocrx_word' id='word_1_516' title='bbox 814 4548 955 4597; x_wconf 86' lang='lat' dir='ltr'><strong>eum,</strong></span> <span class='ocrx_word' id='word_1_517' title='bbox 980 4533 1071 4604; x_wconf 91' lang='lat' dir='ltr'><strong>qui</strong></span> <span class='ocrx_word' id='word_1_518' title='bbox 1101 4531 1283 4588; x_wconf 92' lang='lat' dir='ltr'><strong>multis</strong></span> <span class='ocrx_word' id='word_1_519' title='bbox 1306 4531 1705 4588; x_wconf 83' lang='lat' dir='ltr'><strong>dillicultatibus</strong></span> 
     </span>
    </p>
   </div>
   <div class='ocr_carea' id='block_1_75' title="bbox 1809 3357 3386 3431">
    <p class='ocr_par' dir='ltr' id='par_1_75' title="bbox 1809 3357 3386 3431">
     <span class='ocr_line' id='line_1_75' title="bbox 1809 3357 3386 3431; baseline -0.001 -17"><span class='ocrx_word' id='word_1_520' title='bbox 1809 3369 1910 3427; x_wconf 88' lang='lat' dir='ltr'><strong>est,</strong></span> <span class='ocrx_word' id='word_1_521' title='bbox 1969 3359 2163 3416; x_wconf 89' lang='lat' dir='ltr'><strong>deinde</strong></span> <span class='ocrx_word' id='word_1_522' title='bbox 2209 3358 2230 3399; x_wconf 73' lang='grc' dir='ltr'>ῐ</span> <span class='ocrx_word' id='word_1_523' title='bbox 2260 3358 2497 3431; x_wconf 88' lang='lat' dir='ltr'><strong>Ignatius</strong></span> <span class='ocrx_word' id='word_1_524' title='bbox 2527 3357 2728 3425; x_wconf 68' lang='lat' dir='ltr'><strong>Deiter,</strong></span> <span class='ocrx_word' id='word_1_525' title='bbox 2769 3368 2824 3415; x_wconf 91' lang='lat' dir='ltr'><strong>et</strong></span> <span class='ocrx_word' id='word_1_526' title='bbox 2872 3359 3032 3430; x_wconf 91' lang='lat' dir='ltr'><strong>hujus</strong></span> <span class='ocrx_word' id='word_1_527' title='bbox 3082 3374 3386 3423; x_wconf 86' lang='lat' dir='ltr'><strong>successor,</strong></span> 
     </span>
    </p>
   </div>
   <div class='ocr_carea' id='block_1_76' title="bbox 1811 3448 3398 3520">
    <p class='ocr_par' dir='ltr' id='par_1_76' title="bbox 1811 3448 3398 3520">
     <span class='ocr_line' id='line_1_76' title="bbox 1811 3448 3398 3520; baseline -0.002 -15"><span class='ocrx_word' id='word_1_528' title='bbox 1811 3450 1926 3505; x_wconf 78' lang='lat' dir='ltr'><strong>haec</strong></span> <span class='ocrx_word' id='word_1_529' title='bbox 1946 3463 2271 3505; x_wconf 83' lang='lat' dir='ltr'><strong>conservare</strong></span> <span class='ocrx_word' id='word_1_530' title='bbox 2299 3449 2516 3515; x_wconf 90' lang='lat' dir='ltr'><strong>debere,</strong></span> <span class='ocrx_word' id='word_1_531' title='bbox 2547 3463 2609 3504; x_wconf 90' lang='lat' dir='ltr'><strong>ac</strong></span> <span class='ocrx_word' id='word_1_532' title='bbox 2651 3448 2854 3503; x_wconf 86' lang='lat' dir='ltr'><strong>nullam</strong></span> <span class='ocrx_word' id='word_1_533' title='bbox 2892 3449 3398 3520; x_wconf 71' lang='lat' dir='ltr'><strong>prmvaricationcm&#39;</strong></span> 
     </span>
    </p>
   </div>
   <div class='ocr_carea' id='block_1_77' title="bbox 1809 3539 3388 3611">
    <p class='ocr_par' dir='ltr' id='par_1_77' title="bbox 1809 3539 3388 3611">
     <span class='ocr_line' id='line_1_77' title="bbox 1809 3539 3388 3611; baseline 0.002 -18"><span class='ocrx_word' id='word_1_534' title='bbox 1809 3539 2187 3609; x_wconf 61' lang='lat' dir='ltr'><strong>praedictorum</strong></span> <span class='ocrx_word' id='word_1_535' title='bbox 2210 3554 2533 3610; x_wconf 72' lang='lat' dir='ltr'><strong>prmsumere</strong></span> <span class='ocrx_word' id='word_1_536' title='bbox 2552 3541 2596 3605; x_wconf 75' lang='grc'><strong><em>⁸,</em></strong></span> <span class='ocrx_word' id='word_1_537' title='bbox 2616 3554 2683 3595; x_wconf 92' lang='lat' dir='ltr'><strong>ne</strong></span> <span class='ocrx_word' id='word_1_538' title='bbox 2694 3555 2852 3595; x_wconf 90' lang='lat' dir='ltr'><strong>omne</strong></span> <span class='ocrx_word' id='word_1_539' title='bbox 2863 3540 2954 3610; x_wconf 91' lang='lat' dir='ltr'><strong>jus</strong></span> <span class='ocrx_word' id='word_1_540' title='bbox 2969 3539 3218 3596; x_wconf 70' lang='lat' dir='ltr'><strong>Ecclesia:</strong></span> <span class='ocrx_word' id='word_1_541' title='bbox 3232 3555 3388 3611; x_wconf 90' lang='lat' dir='ltr'><strong>repro</strong></span> 
     </span>
    </p>
   </div>
   <div class='ocr_carea' id='block_1_78' title="bbox 1811 3629 3387 3704">
    <p class='ocr_par' dir='ltr' id='par_1_78' title="bbox 1811 3629 3387 3704">
     <span class='ocr_line' id='line_1_78' title="bbox 1811 3629 3387 3704; baseline 0.003 -20"><span class='ocrx_word' id='word_1_542' title='bbox 1811 3629 2320 3695; x_wconf 89' lang='lat' dir='ltr'><strong>bareiuveniamini,</strong></span> <span class='ocrx_word' id='word_1_543' title='bbox 2340 3645 2512 3700; x_wconf 90' lang='lat' dir='ltr'><strong>neque</strong></span> <span class='ocrx_word' id='word_1_544' title='bbox 2529 3631 2674 3686; x_wconf 90' lang='lat' dir='ltr'><strong>enim</strong></span> <span class='ocrx_word' id='word_1_545' title='bbox 2696 3631 2964 3687; x_wconf 90' lang='lat' dir='ltr'><strong>modicum</strong></span> <span class='ocrx_word' id='word_1_546' title='bbox 2986 3641 3069 3688; x_wconf 86' lang='lat' dir='ltr'><strong>est</strong></span> <span class='ocrx_word' id='word_1_547' title='bbox 3089 3632 3230 3702; x_wconf 89' lang='lat' dir='ltr'><strong>quod</strong></span> <span class='ocrx_word' id='word_1_548' title='bbox 3251 3648 3387 3704; x_wconf 87' lang='lat' dir='ltr'><strong>pene</strong></span> 
     </span>
    </p>
   </div>
   <div class='ocr_carea' id='block_1_79' title="bbox 1813 3720 3387 3795">
    <p class='ocr_par' dir='ltr' id='par_1_79' title="bbox 1813 3720 3387 3795">
     <span class='ocr_line' id='line_1_79' title="bbox 1813 3720 3387 3795; baseline 0.001 -19"><span class='ocrx_word' id='word_1_549' title='bbox 1813 3722 2076 3778; x_wconf 87' lang='lat' dir='ltr'><strong>modicqu</strong></span> <span class='ocrx_word' id='word_1_550' title='bbox 2090 3731 2194 3778; x_wconf 85' lang='lat' dir='ltr'><strong>est.</strong></span> <span class='ocrx_word' id='word_1_551' title='bbox 2205 3720 2256 3775; x_wconf 88' lang='grc' dir='ltr'><strong><em>Ν</em></strong></span> <span class='ocrx_word' id='word_1_552' title='bbox 2259 3738 2343 3775; x_wconf 82' lang='lat' dir='ltr'><strong>am</strong></span> <span class='ocrx_word' id='word_1_553' title='bbox 2357 3730 2406 3776; x_wconf 79' lang='lat' dir='ltr'><strong>et</strong></span> <span class='ocrx_word' id='word_1_554' title='bbox 2417 3722 2506 3794; x_wconf 76' lang='lat' dir='ltr'><strong>qui</strong></span> <span class='ocrx_word' id='word_1_555' title='bbox 2519 3738 2720 3778; x_wconf 84' lang='lat' dir='ltr'><strong>onmem</strong></span> <span class='ocrx_word' id='word_1_556' title='bbox 2732 3724 3006 3778; x_wconf 78' lang='lat' dir='ltr'><strong>servaverit</strong></span> <span class='ocrx_word' id='word_1_557' title='bbox 3022 3723 3200 3795; x_wconf 84' lang='lat' dir='ltr'><strong>legem,</strong></span> <span class='ocrx_word' id='word_1_558' title='bbox 3217 3725 3270 3778; x_wconf 85' lang='lat' dir='ltr'><strong>in</strong></span> <span class='ocrx_word' id='word_1_559' title='bbox 3283 3741 3387 3778; x_wconf 83' lang='lat' dir='ltr'><strong>uno</strong></span> 
     </span>
    </p>
   </div>
   <div class='ocr_carea' id='block_1_80' title="bbox 1811 3810 3389 3884">
    <p class='ocr_par' dir='ltr' id='par_1_80' title="bbox 1811 3810 3389 3884">
     <span class='ocr_line' id='line_1_80' title="bbox 1811 3810 3389 3884; baseline 0.004 -21"><span class='ocrx_word' id='word_1_560' title='bbox 1811 3818 1982 3864; x_wconf 76' lang='lat' dir='ltr'><strong>autem</strong></span> <span class='ocrx_word' id='word_1_561' title='bbox 2007 3810 2256 3880; x_wconf 66' lang='lat' dir='ltr'><strong>offendat,</strong></span> <span class='ocrx_word' id='word_1_562' title='bbox 2279 3810 2453 3882; x_wconf 74' lang='lat' dir='ltr'><strong>[actus</strong></span> <span class='ocrx_word' id='word_1_563' title='bbox 2472 3820 2548 3865; x_wconf 80' lang='lat' dir='ltr'><strong>est</strong></span> <span class='ocrx_word' id='word_1_564' title='bbox 2570 3810 2798 3866; x_wconf 78' lang='lat' dir='ltr'><strong>omnium</strong></span> <span class='ocrx_word' id='word_1_565' title='bbox 2820 3827 2936 3867; x_wconf 84' lang='lat' dir='ltr'><strong>reus</strong></span> <span class='ocrx_word' id='word_1_566' title='bbox 2963 3810 3018 3884; x_wconf 82' lang='lat' dir='ltr'><strong>(J</strong></span> <span class='ocrx_word' id='word_1_567' title='bbox 3022 3829 3104 3866; x_wconf 87' lang='lat' dir='ltr'><strong>ac.</strong></span> <span class='ocrx_word' id='word_1_568' title='bbox 3131 3812 3213 3884; x_wconf 85' lang='lat' dir='ltr'><strong>ll).</strong></span> <span class='ocrx_word' id='word_1_569' title='bbox 3231 3812 3389 3880; x_wconf 84' lang='lat' dir='ltr'><strong>Quis-</strong></span> 
     </span>
    </p>
   </div>
   <div class='ocr_carea' id='block_1_81' title="bbox 1811 3899 3383 3974">
    <p class='ocr_par' dir='ltr' id='par_1_81' title="bbox 1811 3899 3383 3974">
     <span class='ocr_line' id='line_1_81' title="bbox 1811 3899 3383 3974; baseline 0.003 -21"><span class='ocrx_word' id='word_1_570' title='bbox 1811 3899 1930 3968; x_wconf 89' lang='lat' dir='ltr'><strong>quis</strong></span> <span class='ocrx_word' id='word_1_571' title='bbox 1957 3913 2088 3970; x_wconf 88' lang='lat' dir='ltr'><strong>ergo</strong></span> <span class='ocrx_word' id='word_1_572' title='bbox 2116 3914 2146 3953; x_wconf 91' lang='lat' dir='ltr'><strong>a</strong></span> <span class='ocrx_word' id='word_1_573' title='bbox 2169 3900 2358 3955; x_wconf 88' lang='lat' dir='ltr'><strong>notitia</strong></span> <span class='ocrx_word' id='word_1_574' title='bbox 2381 3907 2771 3972; x_wconf 66' lang='lat' dir='ltr'><strong>praeceptorum</strong></span> <span class='ocrx_word' id='word_1_575' title='bbox 2791 3901 3087 3958; x_wconf 88' lang='lat' dir='ltr'><strong>beatissimi</strong></span> <span class='ocrx_word' id='word_1_576' title='bbox 3111 3918 3261 3974; x_wconf 69' lang='lat' dir='ltr'><strong>papa:</strong></span> <span class='ocrx_word' id='word_1_577' title='bbox 3292 3903 3383 3958; x_wconf 86' lang='lat' dir='ltr'><strong>Ni-</strong></span> 
     </span>
    </p>
   </div>
   <div class='ocr_carea' id='block_1_82' title="bbox 1819 3977 3388 4064">
    <p class='ocr_par' dir='ltr' id='par_1_82' title="bbox 1819 3977 3388 4064">
     <span class='ocr_line' id='line_1_82' title="bbox 1819 3977 3388 4064; baseline 0.004 -22"><span class='ocrx_word' id='word_1_578' title='bbox 1819 3987 1978 4055; x_wconf 90' lang='lat' dir='ltr'><strong>colai,</strong></span> <span class='ocrx_word' id='word_1_579' title='bbox 1999 3997 2056 4044; x_wconf 89' lang='lat' dir='ltr'><strong>et</strong></span> <span class='ocrx_word' id='word_1_580' title='bbox 2083 3989 2184 4044; x_wconf 93' lang='lat' dir='ltr'><strong>hoc</strong></span> <span class='ocrx_word' id='word_1_581' title='bbox 2208 4003 2267 4044; x_wconf 88' lang='lat' dir='ltr'><strong>se</strong></span> <span class='ocrx_word' id='word_1_582' title='bbox 2291 3991 2318 4030; x_wconf 78' lang='grc' dir='ltr'><strong>ιι</strong></span> <span class='ocrx_word' id='word_1_583' title='bbox 2351 3977 2555 4060; x_wconf 85' lang='lat' dir='ltr'><strong>judicio</strong></span> <span class='ocrx_word' id='word_1_584' title='bbox 2580 4001 2766 4046; x_wconf 90' lang='lat' dir='ltr'><strong>nostro</strong></span> <span class='ocrx_word' id='word_1_585' title='bbox 2803 4007 2965 4048; x_wconf 91' lang='lat' dir='ltr'><strong>ausus</strong></span> <span class='ocrx_word' id='word_1_586' title='bbox 2997 3991 3160 4047; x_wconf 81' lang='lat' dir='ltr'><strong>fuerit</strong></span> <span class='ocrx_word' id='word_1_587' title='bbox 3210 4009 3388 4064; x_wconf 84' lang='lat' dir='ltr'><strong>repro-</strong></span> 
     </span>
    </p>
   </div>
   <div class='ocr_carea' id='block_1_83' title="bbox 1821 4075 3392 4150">
    <p class='ocr_par' dir='ltr' id='par_1_83' title="bbox 1821 4075 3392 4150">
     <span class='ocr_line' id='line_1_83' title="bbox 1821 4075 3392 4150; baseline 0.004 -17"><span class='ocrx_word' id='word_1_588' title='bbox 1821 4079 1948 4135; x_wconf 89' lang='lat' dir='ltr'><strong>bare</strong></span> <span class='ocrx_word' id='word_1_589' title='bbox 1978 4079 2180 4148; x_wconf 91' lang='lat' dir='ltr'><strong>aliquid</strong></span> <span class='ocrx_word' id='word_1_590' title='bbox 2209 4094 2396 4135; x_wconf 90' lang='lat' dir='ltr'><strong>eorum</strong></span> <span class='ocrx_word' id='word_1_591' title='bbox 2419 4095 2538 4150; x_wconf 75' lang='lat' dir='ltr'><strong>qua:</strong></span> <span class='ocrx_word' id='word_1_592' title='bbox 2563 4080 2652 4136; x_wconf 91' lang='lat' dir='ltr'><strong>hic</strong></span> <span class='ocrx_word' id='word_1_593' title='bbox 2692 4075 3054 4150; x_wconf 79' lang='lat' dir='ltr'><strong>proferuntur,</strong></span> <span class='ocrx_word' id='word_1_594' title='bbox 3083 4077 3166 4137; x_wconf 89' lang='lat' dir='ltr'><strong>vel</strong></span> <span class='ocrx_word' id='word_1_595' title='bbox 3199 4082 3392 4139; x_wconf 86' lang='lat' dir='ltr'><strong>moles-</strong></span> 
     </span>
    </p>
   </div>
   <div class='ocr_carea' id='block_1_84' title="bbox 1814 4167 3389 4244">
    <p class='ocr_par' dir='ltr' id='par_1_84' title="bbox 1814 4167 3389 4244">
     <span class='ocr_line' id='line_1_84' title="bbox 1814 4167 3389 4244; baseline 0.006 -24"><span class='ocrx_word' id='word_1_596' title='bbox 1814 4168 1944 4223; x_wconf 89' lang='lat' dir='ltr'><strong>tiam</strong></span> <span class='ocrx_word' id='word_1_597' title='bbox 1965 4167 2163 4224; x_wconf 78' lang='lat' dir='ltr'><strong>inferre</strong></span> <span class='ocrx_word' id='word_1_598' title='bbox 2190 4167 2460 4226; x_wconf 88' lang='lat' dir='ltr'><strong>auditibus</strong></span> <span class='ocrx_word' id='word_1_599' title='bbox 2493 4179 2770 4240; x_wconf 90' lang='lat' dir='ltr'><strong>potentum</strong></span> <span class='ocrx_word' id='word_1_600' title='bbox 2795 4173 2861 4226; x_wconf 87' lang='lat' dir='ltr'><strong>ad</strong></span> <span class='ocrx_word' id='word_1_601' title='bbox 2884 4171 3109 4241; x_wconf 89' lang='lat' dir='ltr'><strong>alicujus</strong></span> <span class='ocrx_word' id='word_1_602' title='bbox 3133 4173 3389 4244; x_wconf 84' lang='lat' dir='ltr'><strong>reproba-</strong></span> 
     </span>
    </p>
   </div>
   <div class='ocr_carea' id='block_1_85' title="bbox 1813 4259 3390 4334">
    <p class='ocr_par' dir='ltr' id='par_1_85' title="bbox 1813 4259 3390 4334">
     <span class='ocr_line' id='line_1_85' title="bbox 1813 4259 3390 4334; baseline 0.004 -22"><span class='ocrx_word' id='word_1_603' title='bbox 1813 4259 2034 4324; x_wconf 90' lang='lat' dir='ltr'><strong>tionem,</strong></span> <span class='ocrx_word' id='word_1_604' title='bbox 2065 4259 2148 4315; x_wconf 89' lang='lat' dir='ltr'><strong>vel</strong></span> <span class='ocrx_word' id='word_1_605' title='bbox 2177 4260 2437 4332; x_wconf 87' lang='lat' dir='ltr'><strong>receperit</strong></span> <span class='ocrx_word' id='word_1_606' title='bbox 2490 4259 2811 4330; x_wconf 77' lang='lat' dir='ltr'><strong>huiusmodi,</strong></span> <span class='ocrx_word' id='word_1_607' title='bbox 2864 4264 2985 4328; x_wconf 90' lang='lat' dir='ltr'><strong>iste,</strong></span> <span class='ocrx_word' id='word_1_608' title='bbox 3010 4264 3253 4334; x_wconf 90' lang='lat' dir='ltr'><strong>quisquis</strong></span> <span class='ocrx_word' id='word_1_609' title='bbox 3296 4267 3390 4330; x_wconf 89' lang='lat' dir='ltr'><strong>sit,</strong></span> 
     </span>
    </p>
   </div>
   <div class='ocr_carea' id='block_1_86' title="bbox 1811 4348 3384 4432">
    <p class='ocr_par' dir='ltr' id='par_1_86' title="bbox 1811 4348 3384 4432">
     <span class='ocr_line' id='line_1_86' title="bbox 1811 4348 3384 4432; baseline 0.005 -29"><span class='ocrx_word' id='word_1_610' title='bbox 1811 4348 1924 4403; x_wconf 86' lang='lat' dir='ltr'><strong>sive</strong></span> <span class='ocrx_word' id='word_1_611' title='bbox 1940 4349 2351 4432; x_wconf 30' lang='lat' dir='ltr'><strong>sacerdoshsive</strong></span> <span class='ocrx_word' id='word_1_612' title='bbox 2372 4349 2556 4414; x_wconf 88' lang='lat' dir='ltr'><strong>laicus,</strong></span> <span class='ocrx_word' id='word_1_613' title='bbox 2575 4351 2687 4407; x_wconf 86' lang='lat' dir='ltr'><strong>sive</strong></span> <span class='ocrx_word' id='word_1_614' title='bbox 2726 4352 3033 4422; x_wconf 89' lang='lat' dir='ltr'><strong>quicunque</strong></span> <span class='ocrx_word' id='word_1_615' title='bbox 3070 4355 3384 4418; x_wconf 80' lang='lat' dir='ltr'><strong>monachus.</strong></span> 
     </span>
    </p>
   </div>
   <div class='ocr_carea' id='block_1_87' title="bbox 1812 4437 3385 4508">
    <p class='ocr_par' dir='ltr' id='par_1_87' title="bbox 1812 4437 3385 4508">
     <span class='ocr_line' id='line_1_87' title="bbox 1812 4437 3385 4508; baseline 0.003 -15"><span class='ocrx_word' id='word_1_616' title='bbox 1812 4437 1924 4494; x_wconf 86' lang='lat' dir='ltr'><strong>sive</strong></span> <span class='ocrx_word' id='word_1_617' title='bbox 1941 4437 2174 4508; x_wconf 90' lang='lat' dir='ltr'><strong>cujusvis</strong></span> <span class='ocrx_word' id='word_1_618' title='bbox 2197 4440 2402 4496; x_wconf 90' lang='lat' dir='ltr'><strong>ordinis</strong></span> <span class='ocrx_word' id='word_1_619' title='bbox 2424 4439 2728 4506; x_wconf 83' lang='lat' dir='ltr'><strong>clericatus,</strong></span> <span class='ocrx_word' id='word_1_620' title='bbox 2755 4443 3037 4496; x_wconf 86' lang='lat' dir='ltr'><strong>anathema</strong></span> <span class='ocrx_word' id='word_1_621' title='bbox 3056 4443 3126 4498; x_wconf 90' lang='lat' dir='ltr'><strong>sit</strong></span> <span class='ocrx_word' id='word_1_622' title='bbox 3149 4458 3179 4497; x_wconf 87' lang='lat' dir='ltr'><strong>a</strong></span> <span class='ocrx_word' id='word_1_623' title='bbox 3204 4443 3385 4506; x_wconf 87' lang='lat' dir='ltr'><strong>Patre,</strong></span> 
     </span>
    </p>
   </div>
   <div class='ocr_carea' id='block_1_88' title="bbox 1811 4528 3389 4602">
    <p class='ocr_par' dir='ltr' id='par_1_88' title="bbox 1811 4528 3389 4602">
     <span class='ocr_line' id='line_1_88' title="bbox 1811 4528 3389 4602; baseline 0.004 -20"><span class='ocrx_word' id='word_1_624' title='bbox 1811 4537 1867 4583; x_wconf 89' lang='lat' dir='ltr'><strong>et</strong></span> <span class='ocrx_word' id='word_1_625' title='bbox 1892 4528 2045 4595; x_wconf 89' lang='lat' dir='ltr'><strong>Filio,</strong></span> <span class='ocrx_word' id='word_1_626' title='bbox 2077 4537 2132 4584; x_wconf 91' lang='lat' dir='ltr'><strong>et</strong></span> <span class='ocrx_word' id='word_1_627' title='bbox 2158 4528 2361 4600; x_wconf 90' lang='lat' dir='ltr'><strong>Spiritu</strong></span> <span class='ocrx_word' id='word_1_628' title='bbox 2377 4539 2582 4590; x_wconf 88' lang='lat' dir='ltr'><strong>sancto,</strong></span> <span class='ocrx_word' id='word_1_629' title='bbox 2613 4540 2668 4587; x_wconf 90' lang='lat' dir='ltr'><strong>et</strong></span> <span class='ocrx_word' id='word_1_630' title='bbox 2690 4531 2932 4598; x_wconf 89' lang='lat' dir='ltr'><strong>privatus</strong></span> <span class='ocrx_word' id='word_1_631' title='bbox 2956 4532 3126 4602; x_wconf 85' lang='lat' dir='ltr'><strong>gloria</strong></span> <span class='ocrx_word' id='word_1_632' title='bbox 3172 4534 3288 4599; x_wconf 91' lang='lat' dir='ltr'><strong>Dei,</strong></span> <span class='ocrx_word' id='word_1_633' title='bbox 3333 4543 3389 4589; x_wconf 88' lang='lat' dir='ltr'><strong>et</strong></span> 
     </span>
    </p>
   </div>
   <div class='ocr_carea' id='block_1_89' title="bbox 148 4619 1707 4696">
    <p class='ocr_par' dir='ltr' id='par_1_89' title="bbox 148 4624 1705 4696">
     <span class='ocr_line' id='line_1_89' title="bbox 148 4624 1705 4696; baseline 0.003 -17"><span class='ocrx_word' id='word_1_634' title='bbox 148 4626 436 4690; x_wconf 81' lang='lat' dir='ltr'><strong>procredita</strong></span> <span class='ocrx_word' id='word_1_635' title='bbox 483 4627 595 4682; x_wconf 88' lang='lat' dir='ltr'><strong>sibi</strong></span> <span class='ocrx_word' id='word_1_636' title='bbox 635 4624 894 4681; x_wconf 86' lang='lat' dir='ltr'><strong>divinitus</strong></span> <span class='ocrx_word' id='word_1_637' title='bbox 951 4625 1192 4682; x_wconf 87' lang='lat' dir='ltr'><strong>Ecclesia</strong></span> <span class='ocrx_word' id='word_1_638' title='bbox 1229 4635 1466 4683; x_wconf 89' lang='lat' dir='ltr'><strong>tentatus</strong></span> <span class='ocrx_word' id='word_1_639' title='bbox 1514 4626 1705 4696; x_wconf 86' lang='lat' dir='ltr'><strong>fuerat,</strong></span> 
     </span>
    </p>
   </div>
   <div class='ocr_carea' id='block_1_90' title="bbox 1819 4619 3387 4696">
    <p class='ocr_par' dir='ltr' id='par_1_90' title="bbox 1819 4619 3387 4695">
     <span class='ocr_line' id='line_1_90' title="bbox 1819 4619 3387 4695; baseline 0.004 -22"><span class='ocrx_word' id='word_1_640' title='bbox 1819 4619 1989 4674; x_wconf 82' lang='lat' dir='ltr'><strong>haeres</strong></span> <span class='ocrx_word' id='word_1_641' title='bbox 2040 4621 2224 4674; x_wconf 82' lang='lat' dir='ltr'><strong>aeterni</strong></span> <span class='ocrx_word' id='word_1_642' title='bbox 2270 4620 2520 4674; x_wconf 88' lang='lat' dir='ltr'><strong>tormenti</strong></span> <span class='ocrx_word' id='word_1_643' title='bbox 2557 4629 2612 4675; x_wconf 89' lang='lat' dir='ltr'><strong>et</strong></span> <span class='ocrx_word' id='word_1_644' title='bbox 2663 4621 2904 4679; x_wconf 66' lang='lat' dir='ltr'><strong>cohaeres</strong></span> <span class='ocrx_word' id='word_1_645' title='bbox 2951 4623 3169 4691; x_wconf 91' lang='lat' dir='ltr'><strong>diaboli,</strong></span> <span class='ocrx_word' id='word_1_646' title='bbox 3226 4622 3387 4695; x_wconf 88' lang='lat' dir='ltr'><strong>atque</strong></span> 
     </span>
    </p>
   </div>
   <div class='ocr_carea' id='block_1_91' title="bbox 203 4842 1706 4911">
    <p class='ocr_par' dir='ltr' id='par_1_91' title="bbox 203 4842 1706 4911">
     <span class='ocr_line' id='line_1_91' title="bbox 203 4842 1706 4911; baseline 0.003 -16"><span class='ocrx_word' id='word_1_647' title='bbox 203 4852 224 4880; x_wconf 73' lang='grc' dir='ltr'>ι</span> <span class='ocrx_word' id='word_1_648' title='bbox 254 4842 638 4899; x_wconf 73' lang='lat' dir='ltr'><strong>Indicavimus.</strong></span> <span class='ocrx_word' id='word_1_649' title='bbox 679 4842 1052 4898; x_wconf 76' lang='lat' dir='ltr'><strong>Indicavimus</strong></span> <span class='ocrx_word' id='word_1_650' title='bbox 1081 4857 1147 4898; x_wconf 93' lang='lat' dir='ltr'><strong>eo</strong></span> <span class='ocrx_word' id='word_1_651' title='bbox 1175 4856 1336 4896; x_wconf 88' lang='lat' dir='ltr'><strong>sensu</strong></span> <span class='ocrx_word' id='word_1_652' title='bbox 1363 4842 1568 4907; x_wconf 91' lang='lat' dir='ltr'><strong>dicunt,</strong></span> <span class='ocrx_word' id='word_1_653' title='bbox 1599 4858 1706 4911; x_wconf 90' lang='lat' dir='ltr'><strong>quo</strong></span> 
     </span>
    </p>
   </div>
   <div class='ocr_carea' id='block_1_92' title="bbox 147 4906 1706 4982">
    <p class='ocr_par' dir='ltr' id='par_1_92' title="bbox 147 4906 1706 4982">
     <span class='ocr_line' id='line_1_92' title="bbox 147 4906 1706 4982; baseline 0 -15"><span class='ocrx_word' id='word_1_654' title='bbox 147 4906 407 4977; x_wconf 68' lang='lat' dir='ltr'><strong>Apostolus</strong></span> <span class='ocrx_word' id='word_1_655' title='bbox 432 4913 571 4968; x_wconf 87' lang='lat' dir='ltr'><strong>dicit</strong></span> <span class='ocrx_word' id='word_1_656' title='bbox 622 4933 636 4967; x_wconf 89' lang='lat'><strong>:</strong></span> <span class='ocrx_word' id='word_1_657' title='bbox 671 4913 799 4967; x_wconf 87' lang='lat' dir='ltr'><strong>Non</strong></span> <span class='ocrx_word' id='word_1_658' title='bbox 836 4911 1072 4982; x_wconf 80' lang='lat' dir='ltr'><strong>judicavi</strong></span> <span class='ocrx_word' id='word_1_659' title='bbox 1101 4928 1184 4966; x_wconf 89' lang='lat' dir='ltr'><strong>me</strong></span> <span class='ocrx_word' id='word_1_660' title='bbox 1227 4912 1361 4982; x_wconf 77' lang='lat' dir='ltr'><strong>scire</strong></span> <span class='ocrx_word' id='word_1_661' title='bbox 1403 4914 1508 4968; x_wconf 80' lang='lat' dir='ltr'><strong>nisi</strong></span> <span class='ocrx_word' id='word_1_662' title='bbox 1546 4906 1706 4967; x_wconf 68' lang='lat' dir='ltr'><strong>Clit-i-</strong></span> 
     </span>
    </p>
   </div>
   <div class='ocr_carea' id='block_1_93' title="bbox 145 4979 1703 5052">
    <p class='ocr_par' dir='ltr' id='par_1_93' title="bbox 145 4979 1703 5052">
     <span class='ocr_line' id='line_1_93' title="bbox 145 4979 1703 5052; baseline 0.006 -21"><span class='ocrx_word' id='word_1_663' title='bbox 145 4989 276 5045; x_wconf 70' lang='lat' dir='ltr'><strong>uum,</strong></span> <span class='ocrx_word' id='word_1_664' title='bbox 305 4993 350 5036; x_wconf 77' lang='lat' dir='ltr'><strong>et</strong></span> <span class='ocrx_word' id='word_1_665' title='bbox 397 4983 545 5037; x_wconf 77' lang='lat' dir='ltr'><strong>hunc</strong></span> <span class='ocrx_word' id='word_1_666' title='bbox 590 4979 905 5052; x_wconf 70' lang='lat' dir='ltr'><strong>cruciﬁxum</strong></span> <span class='ocrx_word' id='word_1_667' title='bbox 932 4981 993 5052; x_wconf 18' lang='lat' dir='ltr'><strong>4(I</strong></span> <span class='ocrx_word' id='word_1_668' title='bbox 1032 4981 1156 5036; x_wconf 87' lang='lat' dir='ltr'><strong>Cor.</strong></span> <span class='ocrx_word' id='word_1_669' title='bbox 1203 4981 1309 5052; x_wconf 53' lang='grc' dir='ltr'><strong>ιιλί</strong></span> <span class='ocrx_word' id='word_1_670' title='bbox 1341 4979 1703 5048; x_wconf 90' lang='lat' dir='ltr'><strong>judicavimus</strong></span> 
     </span>
    </p>
   </div>
   <div class='ocr_carea' id='block_1_94' title="bbox 147 5049 1705 5123">
    <p class='ocr_par' dir='ltr' id='par_1_94' title="bbox 147 5049 1705 5123">
     <span class='ocr_line' id='line_1_94' title="bbox 147 5049 1705 5123; baseline 0.003 -17"><span class='ocrx_word' id='word_1_671' title='bbox 147 5055 301 5123; x_wconf 55' lang='lat' dir='ltr'><strong>tamen</strong></span> <span class='ocrx_word' id='word_1_672' title='bbox 330 5053 547 5118; x_wconf 90' lang='lat' dir='ltr'><strong>dicunt,</strong></span> <span class='ocrx_word' id='word_1_673' title='bbox 572 5069 684 5123; x_wconf 84' lang='lat' dir='ltr'><strong>non</strong></span> <span class='ocrx_word' id='word_1_674' title='bbox 734 5049 1215 5123; x_wconf 82' lang='lat' dir='ltr'><strong>promulgavimus.</strong></span> <span class='ocrx_word' id='word_1_675' title='bbox 1245 5049 1378 5105; x_wconf 54' lang='lat' dir='ltr'><strong>&#39;Iioc</strong></span> <span class='ocrx_word' id='word_1_676' title='bbox 1407 5053 1552 5108; x_wconf 87' lang='lat' dir='ltr'><strong>enim</strong></span> <span class='ocrx_word' id='word_1_677' title='bbox 1581 5064 1705 5122; x_wconf 90' lang='lat' dir='ltr'><strong>post</strong></span> 
     </span>
    </p>
   </div>
   <div class='ocr_carea' id='block_1_95' title="bbox 150 5115 1702 5190">
    <p class='ocr_par' dir='ltr' id='par_1_95' title="bbox 150 5115 1702 5190">
     <span class='ocr_line' id='line_1_95' title="bbox 150 5115 1702 5190; baseline 0.005 -16"><span class='ocrx_word' id='word_1_678' title='bbox 150 5115 486 5177; x_wconf 77' lang='lat' dir='ltr'><strong>Romanorum</strong></span> <span class='ocrx_word' id='word_1_679' title='bbox 519 5115 816 5180; x_wconf 75' lang='lat' dir='ltr'><strong>adventum</strong></span> <span class='ocrx_word' id='word_1_680' title='bbox 855 5130 908 5176; x_wconf 92' lang='lat' dir='ltr'><strong>et</strong></span> <span class='ocrx_word' id='word_1_681' title='bbox 945 5115 1306 5177; x_wconf 82' lang='lat' dir='ltr'><strong>deﬁnitionem</strong></span> <span class='ocrx_word' id='word_1_682' title='bbox 1338 5135 1499 5190; x_wconf 83' lang='lat' dir='ltr'><strong>egere</strong></span> <span class='ocrx_word' id='word_1_683' title='bbox 1528 5140 1541 5176; x_wconf 93' lang='lat'>:</span> <span class='ocrx_word' id='word_1_684' title='bbox 1578 5115 1702 5181; x_wconf 75' lang='lat' dir='ltr'><strong>nam</strong></span> 
     </span>
    </p>
   </div>
   <div class='ocr_carea' id='block_1_96' title="bbox 148 5189 1702 5275">
    <p class='ocr_par' dir='ltr' id='par_1_96' title="bbox 148 5189 1702 5275">
     <span class='ocr_line' id='line_1_96' title="bbox 148 5189 1702 5275; baseline 0.004 -31"><span class='ocrx_word' id='word_1_685' title='bbox 148 5198 280 5275; x_wconf 50' lang='lat' dir='ltr'><strong>aptea</strong></span> <span class='ocrx_word' id='word_1_686' title='bbox 321 5193 848 5275; x_wconf 28' lang='lat' dir='ltr'><strong>privatimlan‘tum‘</strong></span> <span class='ocrx_word' id='word_1_687' title='bbox 872 5194 1010 5275; x_wconf 62' lang='lat' dir='ltr'><strong>quod</strong></span> <span class='ocrx_word' id='word_1_688' title='bbox 1050 5191 1132 5248; x_wconf 68' lang='lat' dir='ltr'><strong>Sic</strong></span> <span class='ocrx_word' id='word_1_689' title='bbox 1167 5198 1308 5247; x_wconf 88' lang='lat' dir='ltr'><strong>esset</strong></span> <span class='ocrx_word' id='word_1_690' title='bbox 1350 5189 1702 5258; x_wconf 72' lang='lat' dir='ltr'><strong>iudicandum</strong></span> 
     </span>
    </p>
   </div>
   <div class='ocr_carea' id='block_1_97' title="bbox 145 5259 1703 5402">
    <p class='ocr_par' dir='ltr' id='par_1_97' title="bbox 145 5259 1703 5402">
     <span class='ocr_line' id='line_1_97' title="bbox 145 5259 1452 5344; baseline 0.003 -32"><span class='ocrx_word' id='word_1_691' title='bbox 145 5259 441 5344; x_wconf 75' lang='lat' dir='ltr'><strong>quibusdam</strong></span> <span class='ocrx_word' id='word_1_692' title='bbox 467 5259 1061 5342; x_wconf 53' lang='lat' dir='ltr'><strong>signiﬁcabanthnt&#39;r.</strong></span> <span class='ocrx_word' id='word_1_693' title='bbox 1100 5279 1224 5318; x_wconf 69' lang='lat' dir='ltr'><strong>nan.</strong></span> <span class='ocrx_word' id='word_1_694' title='bbox 1267 5332 1278 5344; x_wconf 44' lang='lat'><strong>.</strong></span> <span class='ocrx_word' id='word_1_695' title='bbox 1440 5331 1452 5344; x_wconf 46' lang='lat'><em>.</em></span> 
     </span>
     <span class='ocr_line' id='line_1_98' title="bbox 149 5328 1703 5402; baseline 0.006 -19"><span class='ocrx_word' id='word_1_696' title='bbox 149 5400 155 5402; x_wconf 16' lang='grc' dir='ltr'><em>Α</em></span> <span class='ocrx_word' id='word_1_697' title='bbox 201 5328 226 5366; x_wconf 72' lang='grc' dir='ltr'>δ</span> <span class='ocrx_word' id='word_1_698' title='bbox 262 5329 552 5402; x_wconf 60' lang='grc' dir='ltr'><strong>ιιριιυῃιρε.</strong></span> <span class='ocrx_word' id='word_1_699' title='bbox 585 5331 741 5386; x_wconf 77' lang='lat' dir='ltr'><strong>Multi</strong></span> <span class='ocrx_word' id='word_1_700' title='bbox 771 5331 986 5402; x_wconf 78' lang='lat' dir='ltr'><strong>quidem</strong></span> <span class='ocrx_word' id='word_1_701' title='bbox 1021 5333 1417 5402; x_wconf 79' lang='lat' dir='ltr'><strong>increpationes</strong></span> <span class='ocrx_word' id='word_1_702' title='bbox 1439 5339 1703 5402; x_wconf 78' lang='lat' dir='ltr'><strong>interpre-</strong></span> 
     </span>
    </p>
   </div>
   <div class='ocr_carea' id='block_1_98' title="bbox 145 5347 1697 5472">
    <p class='ocr_par' dir='ltr' id='par_1_98' title="bbox 145 5347 1697 5472">
     <span class='ocr_line' id='line_1_99' title="bbox 201 5347 1697 5452; baseline 0.006 -69"><span class='ocrx_word' id='word_1_703' title='bbox 201 5347 226 5366; x_wconf 75' lang='grc' dir='ltr'><em>υ</em></span> <span class='ocrx_word' id='word_1_704' title='bbox 262 5347 552 5401; x_wconf 73' lang='grc' dir='ltr'><strong>ιιριωηιιε.</strong></span> <span class='ocrx_word' id='word_1_705' title='bbox 585 5347 741 5386; x_wconf 77' lang='lat' dir='ltr'><strong>mutu</strong></span> <span class='ocrx_word' id='word_1_706' title='bbox 771 5347 986 5452; x_wconf 70' lang='lat' dir='ltr'><strong>quildem</strong></span> <span class='ocrx_word' id='word_1_707' title='bbox 1021 5347 1417 5402; x_wconf 86' lang='lat' dir='ltr'><strong>mcrepanones</strong></span> <span class='ocrx_word' id='word_1_708' title='bbox 1439 5347 1697 5402; x_wconf 79' lang='lat' dir='ltr'><strong>interpre-</strong></span> 
     </span>
     <span class='ocr_line' id='line_1_100' title="bbox 145 5399 1697 5472; baseline 0.008 -25"><span class='ocrx_word' id='word_1_709' title='bbox 145 5400 323 5466; x_wconf 88' lang='lat' dir='ltr'><strong>tantur,</strong></span> <span class='ocrx_word' id='word_1_710' title='bbox 347 5400 444 5472; x_wconf 64' lang='lat' dir='ltr'><strong>sed</strong></span> <span class='ocrx_word' id='word_1_711' title='bbox 473 5400 579 5472; x_wconf 80' lang='lat' dir='ltr'><strong>isto</strong></span> <span class='ocrx_word' id='word_1_712' title='bbox 605 5411 662 5457; x_wconf 90' lang='lat' dir='ltr'><strong>et</strong></span> <span class='ocrx_word' id='word_1_713' title='bbox 688 5417 780 5472; x_wconf 84' lang='lat' dir='ltr'><strong>mu</strong></span> <span class='ocrx_word' id='word_1_714' title='bbox 811 5399 878 5472; x_wconf 78' lang='lat' dir='ltr'><strong>tis</strong></span> <span class='ocrx_word' id='word_1_715' title='bbox 904 5401 956 5456; x_wconf 89' lang='lat' dir='ltr'><strong>in</strong></span> <span class='ocrx_word' id='word_1_716' title='bbox 988 5403 1120 5458; x_wconf 91' lang='lat' dir='ltr'><strong>locis</strong></span> <span class='ocrx_word' id='word_1_717' title='bbox 1151 5418 1248 5472; x_wconf 88' lang='lat' dir='ltr'><strong>pro</strong></span> <span class='ocrx_word' id='word_1_718' title='bbox 1281 5402 1460 5472; x_wconf 82' lang='lat' dir='ltr'><strong>poenis</strong></span> <span class='ocrx_word' id='word_1_719' title='bbox 1484 5417 1697 5472; x_wconf 90' lang='lat' dir='ltr'><strong>ponun-</strong></span> 
     </span>
    </p>
   </div>
   <div class='ocr_carea' id='block_1_99' title="bbox 146 5469 1696 5556">
    <p class='ocr_par' dir='ltr' id='par_1_99' title="bbox 146 5469 1696 5556">
     <span class='ocr_line' id='line_1_101' title="bbox 146 5469 1696 5556; baseline 0.007 -40"><span class='ocrx_word' id='word_1_720' title='bbox 146 5473 217 5519; x_wconf 88' lang='lat' dir='ltr'><strong>tur</strong></span> <span class='ocrx_word' id='word_1_721' title='bbox 232 5482 359 5550; x_wconf 75' lang='lat' dir='ltr'><strong>quas</strong></span> <span class='ocrx_word' id='word_1_722' title='bbox 383 5469 632 5527; x_wconf 83' lang='lat' dir='ltr'><strong>Ecclesia</strong></span> <span class='ocrx_word' id='word_1_723' title='bbox 666 5469 961 5539; x_wconf 89' lang='lat' dir='ltr'><strong>unicuique</strong></span> <span class='ocrx_word' id='word_1_724' title='bbox 1000 5469 1390 5552; x_wconf 36' lang='lat' dir='ltr'><strong>pro’q—ualitate</strong></span> <span class='ocrx_word' id='word_1_725' title='bbox 1418 5469 1696 5556; x_wconf 78' lang='lat' dir='ltr'><strong>culparum</strong></span> 
     </span>
    </p>
   </div>
   <div class='ocr_carea' id='block_1_100' title="bbox 1888 4839 3389 4925">
    <p class='ocr_par' dir='ltr' id='par_1_100' title="bbox 1888 4839 3389 4925">
     <span class='ocr_line' id='line_1_102' title="bbox 1888 4839 3389 4925; baseline 0.01 -32"><span class='ocrx_word' id='word_1_726' title='bbox 1888 4854 1910 4881; x_wconf 79' lang='grc' dir='ltr'><strong>ο</strong></span> <span class='ocrx_word' id='word_1_727' title='bbox 1953 4839 2164 4925; x_wconf 65' lang='lat' dir='ltr'><strong>Primus</strong></span> <span class='ocrx_word' id='word_1_728' title='bbox 2189 4846 2524 4925; x_wconf 44' lang='lat' dir='ltr'><strong>sacerdotio.</strong></span> <span class='ocrx_word' id='word_1_729' title='bbox 2557 4846 2694 4925; x_wconf 78' lang='lat' dir='ltr'><strong>Nota</strong></span> <span class='ocrx_word' id='word_1_730' title='bbox 2742 4849 3009 4925; x_wconf 80' lang='lat' dir='ltr'><strong>quia_non</strong></span> <span class='ocrx_word' id='word_1_731' title='bbox 3040 4851 3251 4925; x_wconf 77' lang='lat' dir='ltr'><strong>dicitur</strong></span> <span class='ocrx_word' id='word_1_732' title='bbox 3280 4853 3389 4922; x_wconf 91' lang='lat' dir='ltr'><strong>pri-</strong></span> 
     </span>
    </p>
   </div>
   <div class='ocr_carea' id='block_1_101' title="bbox 1811 4914 3392 4992">
    <p class='ocr_par' dir='ltr' id='par_1_101' title="bbox 1811 4914 3392 4992">
     <span class='ocr_line' id='line_1_103' title="bbox 1811 4914 3392 4992; baseline 0.007 -24"><span class='ocrx_word' id='word_1_733' title='bbox 1811 4926 1978 4976; x_wconf 93' lang='lat' dir='ltr'><strong>mum,</strong></span> <span class='ocrx_word' id='word_1_734' title='bbox 2006 4914 2099 4968; x_wconf 88' lang='lat' dir='ltr'><strong>sed</strong></span> <span class='ocrx_word' id='word_1_735' title='bbox 2120 4914 2356 4992; x_wconf 62' lang='lat' dir='ltr'><strong>primus;</strong></span> <span class='ocrx_word' id='word_1_736' title='bbox 2387 4930 2512 4971; x_wconf 90' lang='lat' dir='ltr'><strong>nam</strong></span> <span class='ocrx_word' id='word_1_737' title='bbox 2542 4914 2776 4992; x_wconf 78' lang='lat' dir='ltr'><strong>primum</strong></span> <span class='ocrx_word' id='word_1_738' title='bbox 2810 4919 3084 4992; x_wconf 88' lang='lat' dir='ltr'><strong>a_Christo</strong></span> <span class='ocrx_word' id='word_1_739' title='bbox 3107 4914 3392 4992; x_wconf 69' lang='lat' dir='ltr'><strong>pontiﬁca-</strong></span> 
     </span>
    </p>
   </div>
   <div class='ocr_carea' id='block_1_102' title="bbox 1811 4984 3390 5061">
    <p class='ocr_par' dir='ltr' id='par_1_102' title="bbox 1811 4984 3390 5061">
     <span class='ocr_line' id='line_1_104' title="bbox 1811 4984 3390 5061; baseline 0.006 -23"><span class='ocrx_word' id='word_1_740' title='bbox 1811 4993 1923 5038; x_wconf 91' lang='lat' dir='ltr'><strong>tum</strong></span> <span class='ocrx_word' id='word_1_741' title='bbox 1947 4984 2199 5061; x_wconf 74' lang='lat' dir='ltr'><strong>suscepjt,</strong></span> <span class='ocrx_word' id='word_1_742' title='bbox 2226 4985 2316 5054; x_wconf 92' lang='lat' dir='ltr'><strong>qui</strong></span> <span class='ocrx_word' id='word_1_743' title='bbox 2343 4994 2530 5058; x_wconf 92' lang='lat' dir='ltr'><strong>postea</strong></span> <span class='ocrx_word' id='word_1_744' title='bbox 2544 4984 2761 5057; x_wconf 76' lang='lat' dir='ltr'><strong>primus</strong></span> <span class='ocrx_word' id='word_1_745' title='bbox 2785 4988 3068 5061; x_wconf 89' lang='lat' dir='ltr'><strong>episcopus</strong></span> <span class='ocrx_word' id='word_1_746' title='bbox 3089 4984 3390 5048; x_wconf 63' lang='lat' dir='ltr'><strong>Antiochiae</strong></span> 
     </span>
    </p>
   </div>
   <div class='ocr_carea' id='block_1_103' title="bbox 1808 5052 2422 5125">
    <p class='ocr_par' dir='ltr' id='par_1_103' title="bbox 1808 5052 2422 5125">
     <span class='ocr_line' id='line_1_105' title="bbox 1808 5052 2422 5125; baseline 0.003 -16"><span class='ocrx_word' id='word_1_747' title='bbox 1808 5052 2079 5125; x_wconf 73' lang='lat' dir='ltr'><strong>praesedit.</strong></span> <span class='ocrx_word' id='word_1_748' title='bbox 2107 5052 2267 5125; x_wconf 59' lang='lat' dir='ltr'><strong>Emi.</strong></span> <span class='ocrx_word' id='word_1_749' title='bbox 2299 5052 2422 5113; x_wconf 60' lang='lat' dir='ltr'><strong>sin.</strong></span> 
     </span>
    </p>
   </div>
   <div class='ocr_carea' id='block_1_104' title="bbox 1881 5120 3394 5202">
    <p class='ocr_par' dir='ltr' id='par_1_104' title="bbox 1881 5120 3394 5202">
     <span class='ocr_line' id='line_1_106' title="bbox 1881 5120 3394 5202; baseline 0.007 -29"><span class='ocrx_word' id='word_1_750' title='bbox 1881 5120 1902 5160; x_wconf 71' lang='grc' dir='ltr'>ί</span> <span class='ocrx_word' id='word_1_751' title='bbox 1946 5120 2186 5202; x_wconf 55' lang='lat' dir='ltr'><strong>Igltalt&#39;tts</strong></span> <span class='ocrx_word' id='word_1_752' title='bbox 2216 5123 2413 5202; x_wconf 71' lang='lat' dir='ltr'><strong>Deifer.</strong></span> <span class='ocrx_word' id='word_1_753' title='bbox 2453 5125 2696 5183; x_wconf 88' lang='lat' dir='ltr'><strong>Tradunt</strong></span> <span class='ocrx_word' id='word_1_754' title='bbox 2737 5125 2908 5202; x_wconf 71' lang='lat' dir='ltr'><strong>Graeci</strong></span> <span class='ocrx_word' id='word_1_755' title='bbox 2950 5133 3094 5200; x_wconf 87' lang='lat' dir='ltr'><strong>quod</strong></span> <span class='ocrx_word' id='word_1_756' title='bbox 3136 5129 3394 5202; x_wconf 78' lang='lat' dir='ltr'><strong>parvulus</strong></span> 
     </span>
    </p>
   </div>
   <div class='ocr_carea' id='block_1_105' title="bbox 1805 5192 3388 5266">
    <p class='ocr_par' dir='ltr' id='par_1_105' title="bbox 1805 5192 3388 5266">
     <span class='ocr_line' id='line_1_107' title="bbox 1805 5192 3388 5266; baseline 0.003 -19"><span class='ocrx_word' id='word_1_757' title='bbox 1805 5207 1969 5266; x_wconf 88' lang='lat' dir='ltr'><strong>quem</strong></span> <span class='ocrx_word' id='word_1_758' title='bbox 2000 5192 2258 5266; x_wconf 84' lang='lat' dir='ltr'><strong>Dominus</strong></span> <span class='ocrx_word' id='word_1_759' title='bbox 2288 5192 2610 5253; x_wconf 81' lang='lat' dir='ltr'><strong>advocatum</strong></span> <span class='ocrx_word' id='word_1_760' title='bbox 2642 5196 2829 5266; x_wconf 89' lang='lat' dir='ltr'><strong>statuit</strong></span> <span class='ocrx_word' id='word_1_761' title='bbox 2856 5197 2908 5252; x_wconf 92' lang='lat' dir='ltr'><strong>in</strong></span> <span class='ocrx_word' id='word_1_762' title='bbox 2939 5192 3156 5266; x_wconf 54' lang='lat' dir='ltr'><strong>medio;</strong></span> <span class='ocrx_word' id='word_1_763' title='bbox 3171 5192 3388 5257; x_wconf 76' lang='lat' dir='ltr'><strong>dicens:</strong></span> 
     </span>
    </p>
   </div>
   <div class='ocr_carea' id='block_1_106' title="bbox 1805 5263 3391 5341">
    <p class='ocr_par' dir='ltr' id='par_1_106' title="bbox 1805 5263 3391 5341">
     <span class='ocr_line' id='line_1_108' title="bbox 1805 5263 3391 5341; baseline 0.003 -24"><span class='ocrx_word' id='word_1_764' title='bbox 1805 5263 2192 5341; x_wconf 49' lang='lat' dir='ltr'><strong>Ajisieouversi</strong></span> <span class='ocrx_word' id='word_1_765' title='bbox 2216 5264 2450 5341; x_wconf 75' lang='lat' dir='ltr'><strong>fueritis,</strong></span> <span class='ocrx_word' id='word_1_766' title='bbox 2481 5276 2528 5341; x_wconf 71' lang='lat' dir='ltr'><strong>et</strong></span> <span class='ocrx_word' id='word_1_767' title='bbox 2571 5265 2863 5341; x_wconf 65' lang='lat' dir='ltr'><strong>eﬂiciamjm’</strong></span> <span class='ocrx_word' id='word_1_768' title='bbox 2884 5269 3021 5341; x_wconf 58' lang='lat' dir='ltr'><strong>sicut</strong></span> <span class='ocrx_word' id='word_1_769' title='bbox 3041 5263 3391 5341; x_wconf 62' lang='lat' dir='ltr'><strong>hiemi-uulua</strong></span> 
     </span>
    </p>
   </div>
   <div class='ocr_carea' id='block_1_107' title="bbox 1803 5331 3391 5408">
    <p class='ocr_par' dir='ltr' id='par_1_107' title="bbox 1803 5331 3391 5408">
     <span class='ocr_line' id='line_1_109' title="bbox 1803 5331 3391 5408; baseline 0.002 -19"><span class='ocrx_word' id='word_1_770' title='bbox 1803 5331 2022 5408; x_wconf 47' lang='lat' dir='ltr'><strong>(Manli.</strong></span> <span class='ocrx_word' id='word_1_771' title='bbox 2055 5331 2266 5408; x_wconf 53' lang='grc' dir='ltr'><strong>λίνω),</strong></span> <span class='ocrx_word' id='word_1_772' title='bbox 2318 5346 2449 5398; x_wconf 88' lang='lat' dir='ltr'><strong>etc.,</strong></span> <span class='ocrx_word' id='word_1_773' title='bbox 2497 5331 2869 5408; x_wconf 65' lang='lat' dir='ltr'><strong>iste&quot;lgnat_ius</strong></span> <span class='ocrx_word' id='word_1_774' title='bbox 2916 5338 3042 5408; x_wconf 76' lang='lat' dir='ltr'><strong>fuit,</strong></span> <span class='ocrx_word' id='word_1_775' title='bbox 3091 5331 3153 5396; x_wconf 55' lang='lat' dir='ltr'><strong>et&quot;</strong></span> <span class='ocrx_word' id='word_1_776' title='bbox 3191 5336 3391 5408; x_wconf 85' lang='lat' dir='ltr'><strong>idcirco</strong></span> 
     </span>
    </p>
   </div>
   <div class='ocr_carea' id='block_1_108' title="bbox 1802 5399 3388 5481">
    <p class='ocr_par' dir='ltr' id='par_1_108' title="bbox 1802 5399 3388 5481">
     <span class='ocr_line' id='line_1_110' title="bbox 1802 5399 3388 5481; baseline 0 -23"><span class='ocrx_word' id='word_1_777' title='bbox 1802 5399 1951 5481; x_wconf 67' lang='lat' dir='ltr'><strong>[nunc</strong></span> <span class='ocrx_word' id='word_1_778' title='bbox 1974 5399 2592 5481; x_wconf 38' lang='lat' dir='ltr'><strong>Deiferum&#39;nuncupent</strong></span> <span class='ocrx_word' id='word_1_779' title='bbox 2613 5425 2629 5481; x_wconf 90' lang='lat'><strong>_:</strong></span> <span class='ocrx_word' id='word_1_780' title='bbox 2657 5399 2819 5458; x_wconf 65' lang='lat' dir='ltr'><strong>&#39;unde</strong></span> <span class='ocrx_word' id='word_1_781' title='bbox 2864 5422 2966 5481; x_wconf 80' lang='lat' dir='ltr'><strong>nec</strong></span> <span class='ocrx_word' id='word_1_782' title='bbox 3011 5399 3236 5480; x_wconf 77' lang='lat' dir='ltr'><strong>apostoli</strong></span> <span class='ocrx_word' id='word_1_783' title='bbox 3273 5407 3388 5462; x_wconf 85' lang='lat' dir='ltr'><strong>ausi</strong></span> 
     </span>
    </p>
   </div>
   <div class='ocr_carea' id='block_1_109' title="bbox 1802 5472 3389 5558">
    <p class='ocr_par' dir='ltr' id='par_1_109' title="bbox 1802 5472 3389 5558">
     <span class='ocr_line' id='line_1_111' title="bbox 1802 5472 3389 5558; baseline 0 -29"><span class='ocrx_word' id='word_1_784' title='bbox 1802 5472 2108 5558; x_wconf 47' lang='lat' dir='ltr'><strong>fuerintei,</strong></span> <span class='ocrx_word' id='word_1_785' title='bbox 2137 5489 2272 5558; x_wconf 49' lang='lat' dir='ltr'><strong>‘cum</strong></span> <span class='ocrx_word' id='word_1_786' title='bbox 2321 5477 2386 5530; x_wconf 86' lang='lat' dir='ltr'><strong>ad</strong></span> <span class='ocrx_word' id='word_1_787' title='bbox 2420 5472 2677 5553; x_wconf 69' lang='lat' dir='ltr'><strong>Ecclesia:</strong></span> <span class='ocrx_word' id='word_1_788' title='bbox 2720 5472 3067 5558; x_wconf 67' lang='lat' dir='ltr'><strong>praesulatum</strong></span> <span class='ocrx_word' id='word_1_789' title='bbox 3109 5485 3389 5558; x_wconf 63' lang='lat' dir='ltr'><strong>promove:</strong></span> 
     </span>
    </p>
   </div>
  </div>
