3960 5596
571 515 640 584 ιδ
1281 505 1290 510 ’
1737 512 2097 584 ANASTASII
2136 513 2680 586 BIBLIOTHECARII
3766 536 3829 588 tt

566 641 826 696 alienatus
856 653 882 690 a
921 636 1348 692 Christianorum
1396 634 1586 705 gratia,
1645 644 1899 706 tanquam
1935 638 2024 708 qui
2057 637 2131 692 ir-
2163 645 2208 703 Α
2239 639 2437 696 Sancta
2481 640 2716 712 synodus
2764 640 3083 696 exclamavit
3117 659 3128 695 :
3183 639 3366 698 Placet
3423 643 3694 699 omnibus.
3765 647 3831 705 Et

569 731 707 786 ridet
734 729 934 785 Christi
980 727 1089 780 veri
1143 727 1232 781 Dei
1257 727 1424 780 nostri
1456 727 1894 793 utuuilleentiam,
1928 741 1954 770 α
1984 745 2146 799 quam

567 823 715 879 dedit
759 821 1148 882 sacerdotibus,
1186 819 1411 873 dicens:
1459 817 1829 890 Quemcunque
1868 820 2151 891 ligat-eritis

565 930 722 982 super
735 923 948 976 terram,
965 911 1058 964 erit
1081 909 1274 978 ligatus
1287 917 1333 962 et
1357 908 1408 960 iu
1423 907 1562 962 caelis
1577 922 1598 964 :
1613 919 1660 963 et
1681 926 2039 982 quemcunque
2049 909 2156 966 sol-

567 1005 744 1060 reritis
759 1019 914 1074 super
929 1010 1145 1065 terram,
1160 1001 1256 1054 erit
1273 998 1474 1053 solutas
1497 1010 1543 1054 et
1556 999 1611 1055 in
1625 999 1764 1056 uelis
1787 1000 2002 1073 (Matth.
2016 1001 2152 1072 xvr).

566 1095 672 1165 Qui
695 1095 838 1151 enim
865 1105 1026 1148 verax
1053 1104 1172 1145 esse
1189 1087 1388 1145 Christi
1410 1090 1632 1145 verbum
1658 1091 1955 1155 existimat,
1977 1100 2031 1146 et
2059 1107 2156 1146 an-

566 1192 802 1256 nuntiat,
829 1188 1109 1258 creditquc
1127 1185 1272 1255 quod
1296 1199 1381 1252 ea,
1404 1201 1524 1256 qua:
1553 1200 1716 1257 super
1750 1195 1952 1241 terram
1991 1186 2155 1258 ligata

564 1290 709 1348 sunt,
747 1281 983 1350 ligentur
1011 1277 1138 1333 etin
1169 1275 1343 1341 caelis,
1395 1285 1449 1332 et
1475 1293 1594 1348 quae
1617 1293 1782 1349 super
1829 1286 2029 1334 terram
2071 1293 2154 1333 so-

562 1371 674 1432 luta
701 1382 848 1435 sunt,
870 1369 1224 1424 solvanturet
1244 1366 1296 1420 in
1318 1367 1501 1432 etnlis;
1527 1382 1687 1438 quam
1711 1366 2154 1424 sacerdotibusli-

561 1473 682 1535 gata
714 1471 859 1525 sunt,
888 1458 1159 1530 quomodo
1179 1467 1358 1528 putas,
1388 1459 1607 1513 audebit
1646 1458 1877 1523 solvere,
1902 1466 1958 1516 et
1989 1458 2152 1531 [forte

564 1549 782 1624 soluta}
798 1549 1032 1604 solutum
1088 1547 1299 1619 ligare?
1346 1547 1688 1604 Mauilestum
1716 1558 1799 1605 est
1827 1563 1980 1619 ergo,
2009 1549 2151 1619 quod

566 1642 732 1697 Deum
777 1649 1148 1702 contemnens,
1197 1637 1502 1710 hujusmodi
1532 1646 1588 1694 et
1626 1639 1868 1696 divinum
1899 1639 2150 1711 magiste-

563 1737 702 1789 rium
754 1733 1006 1798 irridens,
1053 1741 1109 1787 ει
1155 1733 1465 1788 honoranda
1511 1742 1778 1804 praecepta
1826 1735 2146 1804 reprobans,

557 1827 761 1896 justam
807 1840 915 1880 non
961 1823 1181 1895 elfugiat
1225 1839 1462 1895 pmnam.
1512 1827 1644 1881 Cum
1681 1826 1766 1882 his
1810 1835 1988 1881 autem
2023 1827 2148 1882 sub-

555 1929 815 1989 sequetur
866 1928 921 1974 et
975 1919 1082 1972 alia
1129 1917 1376 1988 quasdam
1436 1917 1592 1973 valde
1659 1918 1888 1974 ditlicilis
1931 1928 1988 1974 et
2037 1919 2143 1974 cita

2255 742 2379 804 post
2420 733 2524 789 hoc
2586 747 2741 788 sacer
2793 744 3011 788 senatus
3051 749 3150 804 per
3210 733 3482 791 Bahanem
3536 735 3832 794 famosissi-

2255 837 2400 877 mum
2429 823 2711 894 patricium
2742 833 2797 880 et
2837 826 3182 896 praepositum
3226 827 3294 881 ad
3324 827 3834 891 honorabiliSSimos

2255 913 2620 970 Romanorum
2669 915 2900 970 vicarios
2946 915 3122 971 dixit:
3171 915 3444 988 Rogamus
3480 933 3597 982 vos,
3645 926 3833 979 sa‘nale

2254 1003 2634 1059 cnntritionem
2695 1014 2957 1060 nostram.
3011 1005 3118 1061 Nos
3168 1006 3385 1077 quidem
3435 1009 3833 1078 acquiescimus

2255 1095 2323 1151 iis
2352 1111 2471 1165 quae
2509 1095 2667 1165 jussit
2715 1094 2976 1164 judicium
3027 1106 3290 1161 vestrum,
3331 1098 3427 1153 sed
3474 1099 3730 1155 convenit
3772 1107 3835 1156 ut

2245 1184 2480 1255 jubcatis
2526 1186 2627 1257 ipsi
2674 1186 2798 1252 alia,
2837 1202 2957 1257 qua:
3005 1187 3050 1242 si
3091 1187 3440 1252 audierimus,
3477 1187 3668 1259 juvent
3712 1205 3830 1257 nos,

2252 1276 2499 1333 Photium
2550 1277 2837 1347 aliquando
2883 1291 2989 1332 non
3049 1277 3290 1332 videntes
3319 1319 3332 1339 ,
3387 1278 3658 1346 quomodo
3706 1293 3828 1335 eum

2251 1367 2692 1424 condemnastis?
2720 1366 2853 1424 Cum
2884 1383 2991 1437 quo
3020 1376 3264 1440 repertus
3308 1377 3392 1424 est
3425 1367 3710 1441 [al.,Cum
3739 1385 3825 1425 re-

2249 1466 2438 1528 pertus
2460 1464 2573 1523 est;
2605 1456 2704 1524 al.,
2727 1472 2910 1515 coram
2931 1459 3085 1514 vobis
3111 1459 3384 1530 quomodo
3409 1469 3659 1531 repertus
3681 1470 3767 1516 est
3782 1462 3827 1533 η

2250 1563 2435 1605 coram
2481 1548 2638 1606 vobis
2665 1589 2683 1616 ,
2733 1550 3006 1621 quomodo
3052 1549 3355 1621 protulistis
3403 1550 3662 1608 adversus
3705 1566 3826 1606 eum

2249 1640 2578 1696 anathema?
2610 1640 2777 1696 dicite
2806 1641 2984 1696 nobis.
3015 1639 3354 1696 Sanctissimi
3381 1640 3568 1695 vicarii
3600 1641 3828 1696 senioris

2249 1729 2435 1786 Romae
2462 1730 2752 1786 dixerunt:
2794 1731 2958 1786 Beato
2981 1729 3144 1785 Petro
3167 1730 3410 1801 apostolo
3437 1726 3666 1790 donavit.
3681 1741 3826 1800 pote-

2247 1833 2441 1881 Staten]
2482 1825 2748 1890 Christus,
2785 1833 2840 1879 et
2869 1827 3012 1880 Deus
3058 1832 3263 1891 noster,
3300 1826 3486 1881 dicens
3514 1827 3604 1882 ei:
3649 1824 3825 1889 Patre.

2247 1930 2362 1969 ecce
2384 1913 2614 1971 Satanas
2638 1915 2877 1985 expetivit
2907 1915 3139 1971 cribrare
3165 1925 3236 1981 te,
3275 1916 3407 1970 sicut
3435 1917 3688 1972 triticum.
3717 1917 3827 1988 Ego

555 2009 892 2066 commotio:
943 2016 998 2063 at
1042 2022 1186 2086 vero.
1225 2007 1272 2064 si
1323 2010 1694 2081 reprobaverit
1739 2008 1931 2065 saltem
1971 2025 2136 2066 unum
2167 1998 2215 2061 B
2241 2014 2414 2059 autem
2446 2007 2621 2076 rogavi
2645 2023 2740 2078 pro
2771 2015 2842 2072 te,
2874 2017 3060 2060 utnon
3099 2006 3310 2076 deﬁciat
3348 2006 3481 2076 ﬁdes
3521 2018 3636 2074 tua,
3679 2019 3728 2063 et
3771 2017 3825 2062 tu

556 2115 621 2156 ex
651 2099 734 2154 his
761 2113 879 2168 qua:
909 2098 998 2153 hic
1027 2096 1230 2168 scripta
1285 2107 1427 2164 sunt,
1462 2107 1515 2153 ct
1559 2114 1589 2152 a
1617 2099 1777 2154 beato
1816 2113 1951 2170 papa
1983 2097 2142 2155 Nico-

557 2191 644 2246 lao
676 2199 804 2246 ante
837 2189 1101 2260 iudicata,
1133 2188 1224 2243 [iet
1265 2197 1429 2244 aestus
1461 2189 1513 2243 iu
1545 2189 1776 2244 ecclesia
1805 2197 1986 2244 vestra
2014 2203 2140 2246 eon-

557 2282 761 2348 tinuus,
810 2290 864 2336 et
917 2278 1165 2334 simultas
1215 2278 1713 2334 ecclesiasticorum
1770 2279 2137 2350 negotiorum,

556 2371 631 2428 ita
661 2380 718 2426 ut
757 2386 1034 2440 nunquam
1066 2370 1236 2426 videri
1261 2369 1433 2439 possit
1456 2369 1510 2423 in
1543 2367 1769 2424 ecclesia
1796 2366 2026 2439 quilibet
2051 2383 2141 2423 or-

557 2463 648 2520 do.
678 2463 780 2520 Ubi
805 2463 949 2518 enim
995 2470 1080 2517 est
1113 2461 1298 2532 utique
1343 2473 1639 2516 concursus
1684 2459 1863 2515 omnis
1903 2457 2141 2530 patriar-

557 2553 728 2611 chalis
757 2551 974 2618 throni,
1021 2559 1077 2607 et
1116 2561 1176 2606 ut
1224 2551 1458 2621 idipsum
1487 2549 1698 2606 dicatur
1725 2549 1901 2605 omnis
1939 2547 2140 2604 sacrati

554 2641 823 2716 catalogi;
880 2641 927 2698 si
974 2641 1242 2697 diabolico
1293 2639 1519 2696 consilio
1562 2639 1969 2711 ambiguitatem
2021 2639 2142 2709 quis

556 2738 771 2804 habeat,
818 2734 1032 2792 diﬂicile
1062 2735 1308 2806 profecto
1353 2733 1479 2800 erit,
1535 2743 1596 2788 ut
1641 2732 1929 2802 aliquando
1976 2731 2141 2786 ﬁrmi-

557 2840 724 2885 tatem
753 2827 837 2884 vel
865 2841 1053 2898 paeem
1081 2826 1358 2898 possideat
1383 2823 1787 2880 ecclesiasticus
1813 2824 1966 2878 ordo.
1998 2823 2141 2878 Ana-

557 2922 742 2974 thema
775 2933 908 2990 ergo
931 2918 1005 2972 illi
1042 2917 1133 2988 qui
1161 2916 1460 2973 secundum
1503 2915 1705 2986 aliquid
1734 2913 2142 2986 praesumpserit

556 3010 847 3081 rcprobare
893 3009 1188 3078 quidquam
1239 3023 1306 3063 ex
1358 3007 1426 3062 iis
1473 3022 1592 3078 qua:
1639 3008 1728 3062 hic
1773 3006 2142 3062 inscribuntur

555 3117 583 3154 a
618 3100 799 3164 Patre,
829 3099 970 3154 sicut
996 3099 1108 3168 jam
1155 3097 1358 3152 dictum
1387 3103 1490 3162 est,
1535 3105 1592 3152 et
1639 3096 1796 3162 Filio,
1838 3103 1894 3150 et
1933 3094 2139 3166 Spiritu

555 3197 762 3244 saneto.
792 3188 984 3243 Amen.
1026 3185 1106 3241 Ad
1137 3184 1605 3241 conﬁrmationem
1645 3193 1826 3240 autem
1857 3183 2141 3255 praesentis

554 3276 904 3342 deﬁnitionis,
945 3268 1266 3344 subscripsit
1294 3270 1668 3344 unusquisque
1694 3284 1939 3328 nosuum
1967 3285 2133 3327 manu

558 3365 795 3437 propria,
823 3362 1280 3436 quemadmodum
1307 3357 1657 3417 subiufertur.

625 3455 694 3510 Et
721 3461 843 3526 post
865 3452 1154 3509 lectionem
1188 3449 1517 3507 definitionis
1556 3458 1668 3504 tota
1701 3447 1938 3519 synodus
1960 3447 2134 3504 dixit:

555 3548 698 3606 Ecce
726 3546 1032 3602 audivimus
1059 3553 1115 3600 et
1143 3543 1471 3600 sententiam
1498 3540 1877 3608 Orientalium,
1907 3554 2139 3612 sequen.

555 3649 692 3706 tem,
719 3656 784 3696 ac
811 3639 1079 3695 faventem
1119 3635 1325 3707 judicio
1353 3634 1678 3691 sanctissimi
1729 3647 1881 3705 papae
1909 3631 2136 3698 Nicolai,

555 3739 612 3786 et
641 3729 992 3786 convenimus
1017 3727 1068 3782 in
1099 3741 1239 3780 eam.
1267 3724 1606 3780 Sanctissimi
1638 3733 1692 3779 et
1726 3723 2136 3779 honorabilissi-

558 3823 630 3876 mi
673 3819 860 3875 vicarii
905 3817 1139 3875 senioris
1170 3817 1352 3870 Roma:
1401 3813 1657 3870 dixerunt
1685 3817 1752 3869 ad
1787 3814 2022 3869 Orientis
2061 3813 2140 3866 vi-

555 3911 771 3967 carius:
821 3907 952 3974 Vos,
999 3905 1196 3961 fratres
1227 3905 1420 3972 nostri,
1450 3905 1652 3960 dicite:
1699 3902 1889 3959 Vestra
1931 3911 2012 3958 est
2041 3902 2135 3958 de-

558 4000 788 4057 ﬁnitio?
834 4007 892 4055 et
941 3997 1201 4067 scriptum
1255 3996 1378 4060 hoc,
1437 3993 1580 4064 quod
1629 3992 1824 4050 lectum
1870 4003 1990 4059 est,
2043 4007 2140 4050 vos

559 4090 842 4147 dedistis?
909 4089 1147 4145 Themas
1210 4084 1716 4143 bonorabilissimus
1799 4083 2136 4155 metropolita

558 4185 686 4256 Tyri
723 4193 779 4238 ct
812 4181 992 4238 Helias
1031 4179 1143 4234 Deo
1177 4178 1586 4235 colendissimus
1610 4177 1892 4250 presbyter
1921 4185 1975 4230 et
2009 4191 2136 4246 syn-

559 4276 747 4340 ccllus,
777 4272 1014 4330 Orientis
1057 4270 1266 4336 vicarii,
1315 4269 1568 4325 dixerunt
1610 4287 1624 4323 :
1661 4269 1852 4324 'Etiam
1891 4276 2137 4324 nostrum

561 4375 665 4431 est,
702 4374 756 4419 et
785 4377 883 4418 nos
914 4362 966 4417 id
1009 4359 1346 4429 scripsimus,
1380 4373 1502 4413 cum
1533 4358 1623 4413 hic
1666 4371 1928 4414 essemus.
1967 4357 2140 4412 Sanc-

563 4455 757 4512 lissimi
789 4453 973 4509 vicarii
1004 4451 1236 4506 senioris
1264 4449 1447 4504 Roma:
1472 4449 1723 4504 dixerunt
1758 4465 1772 4503 :
1829 4449 1962 4505 Vere
1991 4456 2140 4502 tene-

562 4551 633 4613 tis
677 4550 820 4604 sicut
865 4545 1216 4602 audivimus?
1249 4543 1485 4597 Thomas
1514 4551 1570 4596 et
1605 4540 1786 4596 Helias
1813 4539 2139 4596 sanctissimi

558 4641 744 4698 vicarii
767 4639 993 4696 orientis
1021 4638 1314 4693 dixerunt:
1359 4634 1434 4688 lta
1482 4642 1727 4688 tenemus
1768 4633 1968 4703 placita
2000 4631 2135 4699 lucc,

557 4731 1007 4803 quemadmodum
1082 4727 1330 4783 audistis.
1410 4724 1878 4782 Honorabilissimi
1947 4723 2136 4779 vicarii

563 4823 748 4880 Roma:
773 4823 1024 4878 dixerunt
1049 4819 1114 4874 ad
1142 4827 1386 4875 sanctam
1409 4819 1671 4888 synodum
1697 4835 1711 4871 :
1739 4817 1920 4873 Placet
1939 4814 2138 4872 vobis?

629 5029 658 5064 ι
700 5019 873 5086 Quam
925 5019 1067 5075 dedit
1113 5016 1492 5074 sacerdotibus.
1542 5010 1676 5072 Nota
1717 5015 1858 5086 quod
1913 5015 2139 5086 apostoli

557 5090 868 5151 sacerdotes
908 5089 1270 5162 medicentur
1315 5101 1346 5140 a
1387 5093 1574 5162 sancta
1622 5086 2037 5162 synodo__etiam_
2066 5099 2134 5162 ex

555 5173 672 5220 tum
694 5152 1018 5230 quando'his
1049 5152 1249 5214 dictum
1279 5167 1400 5214 est:
1433 5152 2131 5230 Quemcunque_liga‘veritis,

555 5229 635 5288 vel
661 5224 916 5286 so'lveritis
945 5245 1101 5298 super
1135 5237 1348 5298 terram,
1380 5227 1477 5298 erit
1501 5224 1818 5298 ligatusgrel
1858 5224 2132 5298 solutuset

555 5304 609 5356 in
641 5299 779 5356 cazlis
809 5293 1024 5371 (Matthl
1054 5296 1359 5371 svi)._Ergo
1391 5293 1601 5371 Petrus,
1628 5295 1720 5371 qui
1749 5296 1850 5350 hoc
1877 5293 2130 5371 speciali-

557 5383 642 5426 ter
697 5362 828 5424 ante
853 5362 1302 5424 omnes'audire'
1329 5366 1562 5431 meruit,
1606 5362 1835 5435 primum
1880 5362 2133 5435 sacerdos

555 5441 780 5498 ell'ectus
823 5450 944 5504 est;
986 5438 1150 5508 cessit
1189 5438 1370 5508 itaque
1400 5451 1579 5492 sermo
1606 5432 1942 5508 opinantium
1973 5432 2132 5482 Jam-

553 5513 682 5560 hum
728 5509 952 5560 fratrem
997 5507 1203 5558 Domini
1252 5506 1484 5558 primum
1532 5521 1650 5544 αηηη
1706 5506 1718 5520 ⁵
1764 5514 1772 5518 ‘

2244 2095 2527 2166 aliquando
2549 2113 2826 2152 conversus
2852 2098 3104 2167 conﬁrma
3130 2097 3322 2168 fratres
3342 2107 3460 2152 tuos
3488 2097 3640 2169 (Luc.
3666 2098 3824 2168 nu).

2242 2186 2359 2242 Non
2402 2203 2534 2259 ergo
2553 2187 2787 2259 "poterat
2839 2197 2924 2244 ter
2967 2188 3312 2245 beatissimus
3355 2197 3411 2244 et
3453 2188 3830 2244 sanctissimus

2242 2296 2378 2352 papa
2408 2279 2659 2336 Nicolaus
2705 2280 2759 2335 in
2803 2278 2932 2336 sede
2973 2279 3062 2334 illa
3096 2287 3305 2336 tantum
3337 2277 3554 2335 tendere
3589 2287 3826 2351 tempus,

2243 2381 2302 2429 ut
2342 2389 2447 2429 non
2494 2372 2824 2430 confortaret
2861 2371 3060 2430 fratres
3103 2387 3269 2440 suos,
3317 2381 3373 2428 et
3418 2372 3830 2428 sanctissimum

2241 2464 2607 2534 patriarcham
2654 2463 2941 2534 lgnatium.
2988 2462 3122 2518 Nam
3162 2462 3538 2519 sanctissimus
3565 2477 3705 2533 papa
3734 2459 3830 2517 Ni-

2240 2555 2448 2620 colaus,
2478 2554 2667 2611 videns
2699 2553 2911 2612 litteras
2933 2563 2990 2610 et
3013 2552 3266 2627 epistolas
3296 2552 3471 2610 Photii
3497 2553 3827 2624 pervaseris,

2241 2653 2297 2699 et
2325 2645 2628 2710 absentem,
2680 2644 2709 2684 ι»
2744 2652 2998 2715 tanquam
3047 2652 3408 2714 prtesentem,
3433 2657 3530 2714 per
3569 2640 3828 2713 epistolas

2241 2731 2358 2802 ejus
2381 2742 2435 2789 et
2463 2733 2842 2806 apocrisiarios
2880 2733 3144 2804 judicavit
3173 2748 3317 2789 emn.
3356 2729 3826 2802 Magniﬁcentissi—

2240 2821 2314 2878 mi
2341 2821 2612 2893 principes
2640 2822 2930 2877 dixerunt:
2962 2822 3024 2878 Et
3059 2838 3218 2894 quem
3252 2821 3439 2876 misit?
3481 2819 3822 2875 Sanctissimi

2239 2912 2428 2968 vicarii
2457 2911 2687 2968 senioris
2724 2911 2909 2968 Roma:
2952 2913 3204 2968 dixerunt
3231 2930 3244 2966 :
3288 2911 3344 2967 Si
3373 2909 3614 2981 jubeatis
3638 2910 3826 2965 audire

2241 3005 2536 3060 secundum
2603 3005 3086 3076 consequentiam,
3143 3005 3406 3061 dicemus.
3474 3001 3824 3074 Magniﬁcen-

2243 3096 2432 3151 tissimi
2481 3096 2752 3167 principes
2795 3095 3098 3150 dixerunt:
3149 3093 3428 3150 Volumus.
3477 3091 3823 3148 Sanetissimi

2241 3186 2429 3241 vicarii
2477 3186 2704 3260 senioris
2751 3185 2939 3242 Romae
2987 3186 3276 3240 dixerunt:
3328 3183 3587 3238 Primitus
3627 3181 3822 3238 missus

2241 3284 2326 3332 est
2360 3276 2584 3332 Arsabir
2622 3276 2831 3348 legatus
2866 3275 3143 3332 Michaelis
3191 3274 3556 3346 imperatoris,
3603 3283 3662 3330 et
3703 3289 3823 3331 cum

2161 3353 2209 3417 C
2237 3380 2305 3422 eo
2332 3365 2483 3422 missi
2531 3376 2656 3422 sunt
2701 3375 2931 3436 quatuor
2971 3365 3244 3436 episcopi:
3287 3370 3334 3437 (ε
3370 3364 3587 3420 nomina
3634 3360 3836 3421 eorum

2240 3456 2574 3532 ignoramus)
2625 3458 2876 3514 deferens
2916 3473 3100 3514 secum
3143 3464 3199 3512 et
3245 3457 3526 3526 epistolam
3573 3457 3823 3525 regiam,

2235 3551 2629 3622 signiﬁcantem
2658 3551 2712 3607 in
2759 3566 2820 3606 se
2859 3566 3076 3608 causam
3105 3551 3376 3606 hieroseos
3407 3549 3723 3620 imaginum,
3772 3558 3826 3604 et

2239 3644 2294 3699 in
2320 3643 2426 3699 ﬁne
2466 3642 2767 3698 litterarum
2813 3641 3024 3696 illarmn
3055 3641 3429 3697 ostendentem
3459 3639 3624 3693 etiam
3653 3639 3822 3694 emis-

2237 3732 2443 3789 sionem
2489 3731 2517 3772 ά
2569 3732 2897 3788 sanctissimi
2955 3731 3278 3801 patriarcha:
3322 3728 3536 3801 ignatii.
3595 3727 3826 3784 Petebat

2237 3833 2417 3880 autem
2467 3833 2526 3880 ut
2573 3824 2816 3880 mitteret
2865 3822 3246 3894 apocrisiarius
3287 3837 3414 3877 suos
3444 3820 3826 3876 Constantino-

2237 3912 2423 3985 polim,
2452 3922 2507 3968 et
2536 3913 2686 3969 misit
2729 3912 3062 3968 Radoaldum
3104 3920 3159 3968 et
3203 3911 3520 3992 Zachariam
3550 3911 3826 3980 quondam

2237 4005 2541 4074 episcopos,
2577 4014 2633 4060 et
2676 4011 2944 4060 venerunt
2975 4004 3100 4071 huc,
3137 4013 3192 4061 et
3231 4002 3476 4059 fecerunt
3506 4001 3826 4058 latrocinaie

2238 4095 2546 4162 concilium,
2571 4104 2626 4150 et
2651 4108 2980 4166 synagogam
3012 4094 3424 4167 malignantium
3455 4103 3644 4148 contra
3669 4107 3829 4148 sanc-

2239 4187 2504 4243 tissimum
2564 4187 2740 4242 virum
2781 4187 3046 4258 lgnatium
3096 4187 3504 4258 patriarcham,
3554 4195 3611 4241 et
3661 4185 3825 4256 quasi

2237 4275 2602 4347 deposuerunt
2645 4291 2788 4331 eum.
2823 4277 2977 4333 Tunc
3019 4277 3221 4334 reversi
3253 4286 3379 4334 sunt
3417 4277 3649 4332 Romam
3678 4283 3825 4345 .‘cum

2239 4369 2588 4442 apocrisiario
2623 4369 2803 4426 Leone
2849 4385 2882 4439 a,
2924 4369 3170 4440 secretis,
3222 4371 3428 4427 ferente
3474 4379 3531 4427 et
3572 4371 3690 4442 ipso
3722 4369 3828 4426 ite-

2241 4476 2358 4516 rum
2414 4461 2693 4531 epistolam
2749 4461 2994 4531 regiam.
3045 4469 3102 4516 et
3165 4460 3434 4517 invasoris
3478 4467 3533 4516 et
3585 4457 3826 4514 adulteri

2240 4543 2439 4614 Photii,
2470 4559 2526 4606 et
2559 4549 2798 4605 libellum
2830 4550 3265 4606 manifestantem
3296 4563 3626 4620 synagogam
3662 4546 3825 4602 mali-

2244 4641 2519 4712 gnantimn
2566 4641 2761 4697 factam
2797 4642 3053 4697 adversus
3098 4641 3362 4713 lguatimn
3414 4640 3822 4695 sanctissimum

2241 4729 2620 4798 patriarcham.
2651 4730 2802 4787 Tunc
2827 4746 3160 4802 cognoscens
3195 4730 3458 4786 diviferus
3483 4744 3622 4801 papa
3656 4728 3823 4784 Nico-

2238 4818 2354 4876 laus
2379 4828 2648 4876 scrutatus
2691 4821 2893 4888 omnia,
2925 4819 3054 4876 fecit
3094 4821 3378 4893 synodum,
3415 4830 3471 4876 et
3496 4820 3822 4876 convocavit

2239 5023 2295 5070 et
2321 5014 2547 5070 viventis
2587 5011 2769 5068 sedem
2813 5013 3058 5082 prmsnlis
3097 5014 3411 5078 invasisset;
3458 5011 3583 5083 quia
3611 5021 3819 5083 tamen

2239 5085 2436 5140 absens
2460 5092 2726 5154 erat,non
2755 5099 2878 5140 eum
2902 5094 3068 5154 antea
3105 5083 3386 5154 judicavit,
3415 5082 3578 5152 quam
3606 5082 3689 5154 bis
3721 5098 3822 5152 per

2239 5155 2434 5209 missos
2460 5161 2514 5208 et
2537 5152 2790 5224 epistolas
2815 5153 2982 5224 ipsius
3010 5152 3157 5208 illuin
3191 5154 3406 5208 noxium
3437 5153 3817 5224 comperisset,

2240 5232 2297 5279 et
2335 5239 2520 5280 rursus
2571 5221 2718 5278 hunc
2768 5221 2865 5293 per
2914 5224 3108 5279 missos
3150 5239 3276 5278 suos
3327 5233 3383 5293 et
3432 5221 3688 5293 epistolas
3730 5223 3820 5279 bis

2239 5304 2300 5348 ut
2321 5295 2684 5382 corrigentur
2712 5292 3095 5372 admonuisset.
3155 5293 3311 5380 E937.
3345 5292 3517 5382 Rosc."

2311 5374 2334 5402 ο
2385 5363 2616 5417 Nomina
2645 5378 2820 5410 eorum
2851 5363 2897 5388 δ’
3205 5363 3245 5380 τ’
3387 5371 3395 5375 “
3462 5363 3580 5387 '"~~
3614 5374 3824 5417 umbo.
