3960 5814
158 452 227 520 ts
875 444 1422 522 lNTERPRETA‘l‘IO
1451 465 1698 524 SYNODI
1738 458 1846 522 vm
1881 465 2286 524 GENERALIS.
2316 498 2384 508 —
2422 451 2624 524 Aeno
2663 467 2700 522 ι.
3352 471 3423 530 ιιι

160 580 347 634 on‘mes
395 575 762 632 occidentales
809 577 1090 648 episcopos
1117 616 1132 640 ,
1181 589 1206 617 α
1261 577 1690 647 archiepiscopos
1719 616 1734 640 ,
1764 579 1813 640 Λ
1841 578 2034 634 throno
2068 588 2185 644 suo,
2211 579 2746 645 communicavimus,
2771 587 2824 634 et
2845 578 3428 641 comministravimus.

163 667 562 738 metropolitas,
616 676 670 722 et
717 682 930 723 onmem
981 667 1186 723 clerum
1233 676 1436 723 sanctae
1488 668 1744 722 Romamn

163 758 435 822 Ecclesia,
457 771 528 812 ac
554 765 726 814 totum
752 765 998 814 senatum
1025 755 1328 829 principum
1354 758 1741 824 Romanorum,

163 856 214 901 et
258 848 667 902 damnaverunt
710 846 968 914 libellum,
1015 855 1070 902 et
1111 847 1395 904 concilium
1447 849 1746 919 malignan-

166 941 312 1001 tinm,
341 938 492 1006 quod
532 935 742 992 factum
777 945 894 992 erat
932 937 1189 993 adversus
1233 938 1628 994 sanctissimum
1660 937 1742 991 vi-

165 1045 274 1083 rum
319 1029 623 1100 lgnatium,
673 1035 729 1083 et
766 1027 1010 1099 deposuit
1045 1029 1427 1100 apocrisiarios
1451 1029 1542 1098 qui
1589 1042 1747 1083 vene-

165 1130 280 1174 rant
309 1121 442 1185 huc,
471 1119 818 1176 Redualdum
859 1119 1089 1186 scilicet,
1112 1130 1168 1176 et
1198 1121 1538 1186 Zachariam,
1579 1130 1636 1176 et
1676 1121 1746 1176 ab

163 1210 302 1264 omni
348 1209 570 1265 honore
621 1208 944 1265 sacerdotali
1002 1218 1057 1265 et
1103 1210 1486 1265 communienc
1542 1209 1747 1281 pepulit

163 1317 279 1366 eos;
329 1303 604 1373 quoniam
649 1304 1202 1370 communicaverunt,
1247 1314 1304 1360 et
1333 1313 1746 1372 consenserunt,

163 1403 215 1447 et
270 1393 693 1449 constituerunt
753 1393 1054 1450 invasorem
1106 1410 1172 1450 ac
1236 1396 1538 1451 adulterum
1607 1395 1751 1452 Pho-

167 1483 322 1548 tium;
368 1493 434 1540 et
483 1484 768 1540 abdicavit
795 1485 1546 1558 concilium-malignantium.
1579 1486 1747 1557 Pr0p-

167 1581 243 1626 ter
288 1573 400 1628 hoc
456 1588 591 1645 ergo
640 1589 780 1644 opus
837 1575 1113 1631 damnavit
1169 1584 1221 1632 et
1269 1576 1748 1632 anathematizavit

165 1665 440 1720 Plautium.
493 1665 590 1720 liis
641 1666 961 1732 tacentibus,
1007 1681 1236 1738 surgens
1281 1667 1524 1722 Bahaues
1576 1666 1750 1722 famo-

164 1757 417 1811 sissimus
481 1757 748 1827 patricius
794 1764 849 1810 et
897 1758 1239 1827 praepositus,
1289 1765 1347 1810 nt
1398 1772 1461 1810 ex
1516 1772 1746 1826 persona

164 1844 294 1898 sacri
320 1853 578 1909 senatus,
608 1845 961 1916 interrogavit
988 1845 1225 1902 Orientis
1257 1846 1524 1902 vicarios:
1555 1845 1622 1900 Et
1654 1861 1748 1902 vos

1847 678 1900 724 et
1926 670 2082 724 simul
2131 670 2590 736 manducavimus,
2639 679 2695 726 et
2720 672 2953 728 bibimus
2995 687 3116 728 cum
3159 689 3244 738 eo,
3299 684 3429 730 lan-

1847 773 2006 828 quam
2035 761 2123 829 qui
2153 761 2577 815 communicatur
2613 768 2670 816 et
2715 761 3087 816 comminister
3135 771 3321 818 noster
3346 763 3415 817 ab

1846 850 1974 904 olim
2001 865 2170 919 usque
2198 851 2252 905 in
2279 851 2594 906 hodiernum
2623 851 2762 906 diem
2785 852 3070 907 exstiterit.
3115 853 3236 908 Hzec
3275 855 3416 909 enim

1847 941 2012 996 etiam
2040 957 2069 996 a
2100 942 2406 1012 primordiis
2455 943 2728 998 venientes
2768 942 2981 998 excelsa
3009 959 3139 999 voce
3167 945 3426 1014 przcdicao

1847 1030 2044 1096 vimus,
2074 1042 2133 1085 ut
2171 1046 2277 1086 non
2295 1032 2730 1087 existimaremur
2759 1033 2826 1086 ab
2848 1032 3026 1102 aliquo
3058 1033 3289 1105 maligna
3325 1049 3421 1105 ge-

1849 1135 1970 1176 rere
1996 1121 2148 1186 velle,
2173 1122 2325 1192 quasi
2349 1121 2528 1177 furtim
2553 1123 2805 1178 abstracti
2831 1126 3216 1181 adhrcserimns
3240 1136 3426 1182 sancto

1847 1212 1966 1267 viro
1991 1212 2136 1276 lmic,
2168 1211 2261 1268 sed
2284 1211 2578 1269 secundum
2607 1214 2883 1284 antiquam
2907 1215 3234 1284 opinionem,
3258 1231 3421 1286 quam

1848 1301 2134 1360 habuimus
2154 1304 2220 1358 de
2240 1302 2350 1368 illo,
2382 1303 2626 1359 eamdem
2654 1303 2973 1359 haberemus
3011 1315 3178 1374 usque
3209 1305 3260 1359 iu
3286 1321 3424 1375 prae-

1849 1410 1990 1451 sens.
2023 1396 2276 1461 Quamvis
2301 1407 2481 1451 autem
2503 1410 2611 1452 non
2631 1395 2880 1451 collocuti
2903 1411 3022 1451 cum
3045 1397 3236 1452 Photio
3259 1396 3426 1452 fueri-

1849 1502 1969 1542 mus
1996 1485 2130 1542 facie
2151 1486 2219 1542 ad
2257 1486 2468 1551 faciem,
2493 1493 2669 1542 tamen
2695 1485 3051 1542 diversimode
3075 1497 3127 1541 et
3169 1487 3422 1556 frequen-

1851 1586 1933 1634 ter
1963 1593 2082 1632 cum
2115 1577 2201 1644 iis,
2229 1577 2318 1648 qui
2344 1577 2622 1632 unanimes
2655 1584 2711 1631 et
2739 1577 3084 1632 consentanei
3110 1591 3172 1632 ac
3214 1586 3426 1646 protec-

1850 1678 1995 1724 tores
2018 1670 2135 1740 ejus
2162 1677 2309 1734 sunt,
2339 1668 2744 1734 convenientes,
2780 1668 3064 1724 didicimus
3093 1683 3155 1723 ea
3179 1683 3296 1738 quae
3321 1683 3423 1738 pro

1851 1761 1930 1816 sui
1959 1760 2271 1818 defensione
2297 1760 2546 1816 videntur
2599 1775 2721 1816 esse
2752 1759 2959 1815 inutilia
2990 1767 3044 1815 ct
3073 1775 3208 1813 vana
3251 1760 3429 1816 consi-

1851 1861 2011 1910 Mere.
2029 1852 2181 1920 Quod
2193 1852 2336 1908 enim
2353 1852 2538 1908 dicunt
2555 1852 2917 1923 patriarcham
2938 1851 3197 1923 lgnatium
3214 1862 3335 1922 post
3352 1852 3433 1906 in-

163 1943 378 2006 te"'lms
417 1935 650 1991 mnuum
706 1935 933 2002 Ῑθοίδίίδν
981 1937 1068 1993 hic
1102 1946 1482 2008 exspecmmes
1509 1954 1538 1994 ³
1575 1937 1747 1995 Roma
1774 1958 1822 2019 B
1844 1947 2043 2018 justam
2067 1947 2449 2018 depositiOnem
2467 1961 2636 2010 suam,
2662 1956 2782 2001 cum
2809 1947 2862 2000 in
2890 1945 3079 2001 exsilio
3105 1953 3251 2000 esset
3271 1945 3323 1999 in
3352 1945 3432 1998 in-

161 2029 420 2091 vicarios,
466 2029 742 2097 quomodo
790 2044 958 2101 prope
1005 2029 1266 2086 habentes
1308 2029 1584 2098 Photium,
1635 2045 1745 2087 non

163 2121 458 2190 gessistis,
511 2129 567 2177 et
620 2122 853 2188 vidistis,
897 2132 954 2179 et
1004 2124 1077 2179 ita
1128 2126 1527 2182 cendemnastis
1575 2127 1746 2183 eum?

163 2200 226 2267 Et
263 2227 509 2283 struens
556 2211 739 2269 Helias
777 2213 887 2269 Deo
927 2212 1337 2273 eolendissimus
1371 2218 1655 2290 presbyter
1692 2225 1748 2275 et

162 2303 460 2375 synecilus,
488 2305 666 2362 locum
705 2307 946 2362 retinens
993 2306 1277 2365 Theodosii
1299 2309 1628 2368 sanctissimi
1655 2325 1746 2365 ar-

161 2393 500 2468 chiepiscopi
547 2396 1040 2468 Hierosolymorum
1087 2399 1261 2454 dixit:
1313 2399 1496 2456 Nostis
1534 2415 1746 2465 omnes,

162 2487 320 2544 amici
347 2486 579 2556 Christi,
609 2487 826 2555 fratres,
853 2489 976 2560 quia
991 2488 1226 2558 Spiritus
1271 2499 1512 2557 sanctus,
1554 2490 1644 2560 qui
1673 2489 1750 2545 lo~

164 2587 322 2635 cutus
361 2588 456 2635 est
511 2580 568 2636 in
621 2581 918 2652 prophetis,
972 2580 1089 2652 ipse
1151 2589 1207 2636 et
1256 2581 1308 2635 in
1354 2581 1613 2651 apostolis
1665 2587 1750 2636 est

165 2670 380 2740 alatus,
410 2681 468 2728 et
497 2674 682 2730 omnia
712 2687 1042 2744 quaecunque
1076 2681 1226 2744 gesta
1278 2683 1405 2730 sunt
1445 2689 1475 2728 a
1508 2673 1750 2744 patribus

165 2764 368 2819 nostris
397 2762 557 2829 olim,
579 2773 634 2820 et
665 2763 718 2818 in
750 2763 867 2836 lege
892 2765 1065 2836 posita
1105 2775 1252 2830 sunt,
1300 2771 1355 2820 et
1395 2765 1566 2836 gratia
1593 2763 1752 2833 spiri-

171 2853 298 2908 tuali
326 2860 452 2908 acta
481 2852 826 2918 consistunt;
855 2861 914 2908 et
930 2853 1051 2911 ideo
1075 2852 1456 2925 patri'archalia
1495 2853 1668 2920 capita
1697 2853 1749 2906 in

165 2945 368 3000 mundo
392 2945 574 3016 posuit
591 2941 827 3014 Spiritus
851 2953 1093 3012 sanctus,
1116 2954 1174 3004 ut
1189 2947 1244 3004 in
1265 2946 1500 3004 Ecclesia
1523 2947 1617 3001 Dei
1640 2945 1746 3016 pul-

167 3029 387 3088 lulantia
420 3034 677 3089 scandala
702 3049 800 3105 per
827 3031 898 3089 ea
939 3037 1390 3103 exterminentur,
1425 3044 1480 3092 et
1526 3035 1752 3106 pacifica

169 3122 490 3178 constitutio
515 3123 567 3177 in
619 3123 732 3194 ipsa
757 3123 1099 3191 interveniat,
1139 3133 1196 3181 et
1217 3124 1560 3183 cencedatur.
1587 3123 1755 3196 igitur

171 3227 286 3267 cum
324 3214 628 3283 praesidens
679 3224 736 3269 et
772 3215 1085 3285 praecedens
1132 3229 1290 3272 senes
1316 3215 1544 3295 senioris
1568 3214 1752 3270 Romae

1844 2039 2191 2106 sula,feeisse
2207 2038 2600 2104 refutationem,
2621 2038 2780 2094 talem
2829 2037 3206 2093 refutationem
3251 2051 3427 2107 neque

1845 2133 2026 2190 senior
2064 2131 2234 2189 Roma
2264 2146 2440 2202 neque
2485 2146 2583 2187 nos
2638 2129 2942 2199 recipimus,
2995 2129 3210 2198 ecquod
3235 2136 3429 2197 praeter

1845 2235 2107 2281 canoncm
2121 2223 2191 2278 sit
2204 2221 2628 2278 ecclesiasticum
2644 2218 2803 2274 facta.
2823 2217 3072 2296 Si'autem
3089 2217 3321 2273 dixerint
3335 2215 3433 2272 ali~

1846 2317 1958 2386 qui,
1972 2315 2094 2385 quia
2111 2314 2146 2368 ii
2167 2313 2258 2384 qui
2277 2327 2464 2368 manus
2487 2309 2880 2382 itnpositionem
2905 2307 3078 2363 Photii
3095 2309 3360 2374 fecerunt,
3376 2314 3430 2362 et

1847 2405 1937 2475 qui
1955 2404 2113 2461 simul
2142 2401 2340 2459 inventi
2365 2409 2509 2466 sunt,
2537 2398 2681 2471 digni
2701 2399 2890 2455 eadem
2936 2412 3058 2453 cum
3101 2397 3218 2468 ipso
3269 2410 3428 2466 poena

1847 2505 1903 2552 et
1945 2494 2288 2551 damnatione
2327 2493 2459 2557 sint,
2506 2492 2608 2547 hoc
2651 2506 2757 2546 non
2795 2489 3060 2545 veraciter
3125 2488 3363 2543 dixerint
3411 2505 3424 2540 :

1847 2587 2045 2644 etenim
2111 2600 2236 2642 cum
2305 2585 2473 2642 simus
2524 2583 2751 2638 infirma:
2825 2592 3052 2647 naturae,
3113 2597 3220 2636 non
3289 2594 3428 2636 sem-

1848 2691 1945 2749 per
1992 2677 2216 2732 lerimus
2262 2683 2491 2731 mortem
2545 2673 2912 2729 imminentem
2956 2673 3131 2735 nobis,
3184 2680 3239 2725 et
3302 2671 3424 2725 ideo

1849 2767 2224 2832 formidantes,
2254 2777 2637 2834 nonnunquam
2691 2763 2852 2819 etiam
2902 2777 2962 2816 ea
3009 2776 3128 2832 qua:
3177 2761 3425 2816 nolumus

1850 2873 2010 2930 agere
2028 2857 2177 2913 inviti
2207 2855 2596 2926 compellimur.
2653 2853 2892 2923 Denique
2944 2863 2998 2907 et
3047 2853 3160 2916 isti,
3211 2851 3305 2922 qui
3356 2865 3426 2906 ex

1850 2949 2257 3007 consecratione
2280 2947 2422 3004 beati
2445 2944 2697 3002 Methodii
2724 2954 2779 3002 et
2804 2945 3126 3000 sanctissimi
3150 2943 3336 3016 lgnatii
3370 2944 3432 2998 ti-

1850 3041 2092 3098 moribns
2112 3040 2344 3105 subacti,
2370 3047 2424 3095 et
2438 3052 2634 3110 pavore
2650 3038 2814 3109 regio,
2829 3047 2883 3093 et
2904 3037 3222 3107 potcsialiva
3248 3045 3423 3108 tyran-

1853 3132 1978 3188 nide
2003 3130 2274 3187 incurvati
2321 3139 2466 3194 sunt,
2495 3140 2551 3184 et
2571 3137 2960 3184 concurrerunt
2981 3137 3200 3198 propter
3220 3127 3419 3182 violen-

1852 3223 2023 3289 tiam;
2075 3209 2275 3278 deinde
2297 3219 2578 3277 confestim
2613 3227 2810 3289 etpost
2835 3217 3127 3288 pauxillum
3171 3219 3426 3287 reproba-

171 3320 514 3376 nequaquam
571 3308 838 3378 receperit
877 3307 1148 3376 Photium,
1178 3323 1279 3365 nec
1324 3309 1486 3364 etiam
1517 3307 1753 3366 Orientis
1779 3302 1824 3364 C
1855 3321 2048 3371 verunt
2087 3327 2208 3384 quat
2263 3313 2332 3368 ab
2385 3311 2476 3368 illo
2524 3319 2848 3382 praesumpta
2883 3318 3011 3366 sunt
3049 3318 3237 3365 contra
3274 3308 3428 3380 lgna-

177 3398 284 3452 trcs
316 3397 524 3464 throni,
565 3399 816 3457 videlicet
852 3401 1209 3466 Alexandrina,
1252 3401 1646 3467 etAntiochiae,
1689 3416 1755 3458 ac

175 3483 691 3561 Hierosolymorum,
723 3507 828 3548 non
853 3501 970 3548 erat
988 3509 1122 3562 opus
1141 3508 1334 3548 vocare
1361 3492 1506 3548 illum
1535 3493 1601 3548 ad
1624 3507 1754 3550 exa-

177 3582 527 3636 minationem
553 3580 634 3635 vel
667 3580 1126 3650 rejudicationem.
1159 3581 1471 3651 Huiusmodi
1495 3583 1639 3638 enim
1665 3598 1755 3638 ac-

175 3671 343 3728 tiones
366 3673 438 3727 de
487 3673 556 3728 iis
609 3672 698 3742 qui
745 3673 944 3743 recepti
990 3683 1115 3730 sunt
1165 3675 1216 3728 in
1257 3674 1500 3730 ecclesiis
1541 3674 1659 3742 Dei,
1701 3683 1758 3730 et

177 3764 376 3817 uinctis
406 3763 652 3824 sedibus.
685 3762 858 3818 solitae
897 3771 1021 3818 sunt
1047 3765 1181 3820 ﬁeri.
1226 3765 1304 3821 De
1353 3765 1420 3821 iis
1459 3774 1638 3821 autem
1663 3766 1754 3836 qui

179 3858 444 3924 nunquam
478 3854 534 3908 in
573 3853 770 3910 seniori
790 3852 959 3910 Roma
981 3863 1036 3911 et
1063 3856 1282 3926 reliquis
1310 3857 1528 3913 sedibus
1554 3858 1754 3929 recepti

179 3954 312 4006 sunt,
353 3943 566 3998 nullum
620 3945 842 3999 omnino
885 3945 1044 4002 debet
1093 3946 1343 4002 iteratum
1394 3948 1580 4003 haberi
1613 3948 1757 4019 judi-

182 4033 337 4088 tium.
369 4034 695 4106 Htijusmodi
725 4036 869 4090 enim
908 4037 963 4091 in
993 4037 1299 4107 semetipsis
1323 4036 1625 4093 evidentem
1661 4037 1754 4092 ha-

183 4122 604 4194 bentp‘ropriam
651 4125 1072 4192 damnationem,
1111 4128 1183 4181 ita
1222 4134 1363 4182 utet
1394 4142 1492 4182 nos
1519 4127 1656 4184 bene
1678 4127 1756 4184 fe-

184 4215 408 4271 cerimus
456 4231 606 4281 eum,
670 4217 761 4288 qui
809 4231 1084 4288 nunquam
1142 4233 1173 4273 a
1232 4219 1432 4274 seniori
1481 4219 1649 4275 Roma
1702 4229 1758 4277 et

187 4303 544 4362 Orientalibus
585 4308 792 4365 thronis
818 4319 1065 4380 receptus
1094 4317 1198 4375 est,
1243 4309 1548 4368 nullatenus
1585 4312 1756 4369 addu-

186 4407 355 4455 centes
383 4400 451 4455 ad
503 4401 943 4456 retractationem
1000 4402 1306 4457 examinis:
1357 4403 1590 4460 habebat
1612 4404 1755 4460 enim

186 4487 311 4544 hanc
325 4506 512 4546 secum
531 4489 710 4547 ferens
724 4491 1217 4549 manifestissimam
1241 4493 1322 4548 sui
1337 4494 1753 4551 damnationem.

186 4571 346 4634 Alium
377 4580 562 4650 itaque
591 4597 688 4638 nos
711 4583 1076 4653 patriarcham
1098 4583 1633 4655 Constantinopoleos
1663 4601 1757 4641 ne-

1857 3404 1990 3461 tlum
2021 3401 2421 3460 sanctissimum
2455 3401 2842 3472 patriarcham,
2880 3407 2936 3453 et
2988 3407 3330 3454 recesserunt
3357 3398 3426 3454 ab

1855 3505 1942 3560 eo,
1967 3493 2122 3550 venia
2165 3500 2292 3549 sunt
2317 3492 2460 3563 digni
2493 3499 2586 3547 :et
2615 3490 2846 3547 maxime
2892 3489 2928 3544 ii
2963 3489 3055 3559 qui
3098 3487 3234 3542 mala
3276 3487 3425 3557 passi

1856 3593 2000 3650 sunt,
2022 3591 2076 3639 et
2097 3583 2336 3637 diversas
2357 3583 2424 3635 ab
2447 3596 2513 3636 eo
2534 3580 2922 3646 tribulationes,
2951 3586 3007 3634 et
3034 3578 3421 3648 depositiones,

1855 3682 1910 3730 et
1930 3675 2224 3738 custodias,
2253 3680 2308 3727 et
2327 3671 2514 3728 exsilia
2529 3671 2862 3740 pertulerunt
2885 3687 2900 3736 ;
2926 3684 3061 3740 quos
3091 3668 3277 3724 beatos
3305 3683 3424 3724 esse

1855 3773 1912 3819 et
1939 3779 2036 3819 nos
2076 3777 2288 3833 quoque
2326 3760 2669 3830 judicamus,
2709 3759 3160 3830 quemadmodum
3201 3768 3256 3814 et
3299 3768 3426 3813 ante

1856 3869 1954 3910 nos
1980 3853 2302 3909 definierunt
2329 3851 2580 3908 Nicolaus
2601 3859 2657 3907 et
2682 3851 2953 3906 Adrianus
2985 3848 3305 3905 sanctissimi
3332 3863 3428 3919 pa.

1857 3945 2104 4002 triarcha:
2133 3944 2380 4000 Romani.
2411 3941 2535 4000 Haec
2553 3949 2683 4013 ergo
2711 3956 2807 3997 nos
2831 3949 2886 3996 et
2908 3940 2990 3996 his
3015 3939 3212 3996 similia
3248 3939 3302 3994 in
3332 3953 3430 4008 po-

1856 4047 2059 4093 Sterum
2085 4045 2497 4107 cognoscentes,
2525 4049 2711 4092 verum
2746 4038 2801 4090 et
2829 4048 2858 4087 a
2887 4032 3194 4102 primordiis
3217 4045 3428 4100 compe-

1856 4129 2077 4192 rientes,
2122 4141 2295 4196 neque.
2345 4125 2591 4180 Photium
2645 4122 2970 4194 recepimus,
3021 4136 3196 4193 neque
3236 4135 3428 4175 manus

1859 4221 2226 4290 impositiones
2253 4220 2369 4289 ejus
2399 4218 2745 4283 admisimus;
2791 4215 2925 4270 nihil
2963 4215 3105 4270 enim
3159 4213 3425 4268 incertum

1857 4311 2058 4366 factum
2089 4320 2172 4366 est
2200 4310 2356 4364 nobis
2401 4317 2548 4364 tanto
2589 4307 2676 4362 hic
2719 4314 2958 4376 tempore
3000 4303 3426 4358 demorantibus.

1857 4403 1981 4459 Haec
2005 4403 2224 4474 quidem
2271 4401 2416 4456 velut
2463 4401 2513 4454 iu
2555 4397 2870 4469 compendio
2901 4396 3155 4459 diximus,
3211 4408 3428 4449 causam

1856 4494 2290 4549 demonstrantes
2313 4507 2416 4560 qua
2440 4488 2611 4544 vocati
2639 4503 2842 4549 sumus,
2868 4495 2922 4540 et
2948 4484 3272 4538 adhaesimus
3305 4496 3427 4536 san-

1859 4583 2100 4639 ctissimo
2127 4581 2447 4651 patriarcha:
2487 4577 2715 4647 lgnatio,
2763 4583 2818 4628 et
2849 4588 3184 4641 nequaquam
3234 4584 3433 4640 provo-

185 4685 276 4739 que
298 4674 652 4744 cognovimus
693 4686 869 4742 neque
911 4674 1200 4746 recipimus
1233 4677 1563 4746 temporibus
1612 4677 1751 4742 istis,
1785 4660 1835 4718 ι)
1858 4674 2100 4729 cavimus
2125 4672 2372 4726 Pholitun
2403 4670 2466 4724 ad
2506 4681 2729 4722 examen
2755 4665 2837 4719 vel
2865 4665 3115 4719 iteratum
3140 4660 3428 4729 judicium.

182 4773 366 4829 praeter
391 4763 538 4818 hunc
561 4765 809 4820 sanctum
860 4765 1055 4828 virum,
1087 4767 1450 4836 patriarcham
1506 4765 1756 4822 videlicet

183 4846 460 4922 lgnatium,
491 4869 559 4909 ex
588 4870 694 4926 quo
737 4856 988 4910 thronum
1019 4855 1556 4928 ConstantinOpoleos
1583 4857 1754 4926 gratia

184 4940 269 4997 Dei
289 4953 342 4998 et
366 4944 636 5000 electione
681 4943 1047 5000 ecclesiastica
1079 4947 1270 5010 tenuit,
1300 4947 1442 5001 hunc
1468 4946 1755 5002 habuimus

182 5039 450 5104 receptum
476 5035 531 5088 in
576 5033 800 5089 sedibus
846 5035 1164 5092 nostris:et
1186 5038 1230 5092 si
1271 5035 1618 5091 advenientes
1648 5036 1755 5092 huc

185 5137 279 5178 non
304 5125 703 5180 invenissemus
729 5135 854 5180 eum
876 5123 929 5179 in
954 5126 1281 5195 patriarchio
1319 5142 1437 5194 suo,
1468 5126 1562 5182 sed
1600 5126 1654 5181 in
1681 5128 1757 5181 in-

184 5214 288 5268 sula
311 5215 490 5270 exsilii
524 5216 630 5280 sui,
662 5213 833 5269 alium
862 5230 966 5268 non
1016 5218 1424 5289 susciperemus.
1476 5219 1572 5273 sed
1611 5218 1758 5273 hunc

149 5330 154 5334 ·
184 5311 420 5363 currulem
469 5309 872 5379 appellaremus
905 5308 1261 5376 patriarcham
1303 5312 1756 5381 Constantinopo-

185 5395 308 5453 leos.
338 5399 602 5468 Quoniam
631 5413 770 5454 vero
810 5399 977 5467 gratia
1029 5387 1121 5457 Dei
1167 5407 1311 5462 hunc
1355 5403 1658 5461 invenimus
1701 5405 1757 5459 in

249 5627 283 5702 τ’
316 5618 770 5702 Arcliiepiscopos:
806 5611 955 5702 L'i‘cet
993 5624 1263 5702 vocaverit
1293 5621 1753 5702 archiepiscopus,

183 5684 349 5763 nullus
373 5683 550 5741 tamen
577 5683 814 5763 excepto
842 5683 1148 5763 iiavennate
1173 5695 1242 5747 ob
1272 5683 1526 5763 temporis
1552 5683 1754 5763 inc'omé

182 5756 484 5812 moditatem
529 5751 798 5811 occurrit.
842 5751 1034 5809 Verum
1075 5757 1164 5814 ille
1203 5779 1324 5814 cum
1365 5751 1654 5814 aliuuantis
1699 5770 1755 5814 et

1857 4765 2068 4819 Etenim
2094 4771 2150 4819 et
2179 4763 2290 4832 ipsc
2317 4760 2540 4816 Photius
2566 4758 2712 4814 misit
2739 4769 2834 4826 per
2867 4756 3151 4826 quemdam
3183 4751 3436 4822 imperia-

1857 4854 1923 4911 lis
1947 4853 2223 4926 dignitatis
2253 4854 2316 4907 ad
2339 4850 2738 4907 sanctissimum
2768 4846 3161 4916 metropolitam
3202 4842 3354 4914 Tyri,
3391 4843 3434 4896 si

1857 4943 1996 5000 forte
2035 4944 2321 5014 aliquando
2367 4939 2634 5009 receperit
2664 4954 2721 4994 se
2765 4938 2815 4992 in
2849 4939 3040 4992 throno
3070 4934 3368 4990 Antiochia:
3425 4951 3436 4984 :

1856 5044 1911 5090 et
1939 5035 2215 5092 confessus
2246 5044 2351 5101 est,
2394 5042 2448 5088 et
2488 5047 2595 5086 non
2645 5030 2879 5099 negavit,
2925 5036 2980 5082 et
3024 5026 3306 5083 confessus
3352 5032 3436 5079 est

1858 5128 1983 5197 quia
2025 5142 2297 5198 nunquam
2339 5123 2672 5191 suscepimus
2711 5119 2956 5173 Photiqu
3002 5119 3054 5172 in
3103 5119 3296 5173 throno
3327 5115 3435 5168 An-

1857 5218 2089 5271 tiochire.
2107 5219 2292 5288 itaque
2307 5227 2478 5283 neque
2497 5213 2548 5265 in
2565 5210 2761 5268 seniori
2791 5209 2984 5274 Roma,
3009 5223 3180 5277 neque
3201 5210 3255 5264 in
3283 5208 3434 5261 thro-

1860 5324 1930 5363 no
1988 5309 2502 5380 Hierosolymorum,
2556 5314 2726 5371 neque
2781 5300 2834 5354 in
2893 5301 3084 5355 throno
3131 5294 3430 5353 Antiochim

1858 5411 2136 5472 susceptus
2177 5401 2419 5463 Photius,
2467 5393 2737 5464 quomodo
2785 5404 2940 5464 putas
2987 5399 3128 5447 esset
3164 5389 3302 5462 apud
3335 5399 3434 5442 nos

1858 5613 2140 5693 privilegio
2183 5603 2582 5693 scilicetsedis
2609 5605 2938 5693 apostolica}.
2955 5592 3432 5693 fretttiiquaens‘o‘la

1851 5670 1942 5749 ius
1969 5670 2128 5738 habet
2155 5675 2531 5752 quorumlibet
2542 5670 2836 5752 ligamenta
2859 5673 2942 5727 vel
2973 5670 3266 5752 solutiones
3291 5679 3427 5752 pou:

1861 5737 2063 5807 tillcum
2112 5737 2354 5806 solvendi
2395 5744 2475 5797 vel
2518 5737 2751 5814 ligandi;
2794 5759 2915 5796 cum
2962 5740 3143 5802 ulique
3188 5737 3252 5790 de
3287 5737 3431 5788 ο¹¹¹¹¹¹
