3960 5778
559 490 625 562 £7
1290 489 1319 536 -'
1698 505 2065 564 anssusn
2104 501 2643 564 BlBLlOTHECARII
3740 507 3802 563 ts

554 596 897 675 retractione
928 596 957 658 θ’
1006 616 1194 688 judicii
1240 616 1463 691 dignus"?
1523 620 1644 677 Haec
1699 637 1842 679 nunc
1881 623 2131 688 dicimus,
2159 626 2209 685 Α
2237 613 2504 677 transacta
2529 630 2612 677 est
2659 622 2810 688 hora,
2859 620 3016 690 hujus
3042 621 3119 677 rei
3169 621 3363 694 gratia,
3427 622 3480 678 in
3534 621 3644 678 alio
3686 636 3808 678 con-

552 696 878 765 suilicienter
912 707 1146 764 valentia
1177 709 1433 766 exhibere
1460 710 1786 768 voluntatem
1814 721 1869 767 et
1912 725 2133 782 respon-

552 805 756 859 sionem
814 810 1050 858 nostram
1103 818 1265 874 super
1304 805 1500 875 quibus
1546 806 1857 877 interrogati
1919 819 2127 861 sumus.

550 892 1062 962 Magniﬁcentissimi
1123 903 1177 950 ct
1239 890 1609 967 gloridsissimi
1663 896 1933 967 principes
1979 896 2130 952 dixe-

553 992 717 1038 runt:
743 980 884 1038 Ecce
909 981 1551 1055 contritionem‘nostram
1577 985 1816 1039 sanastis
1841 994 2001 1054 atque
2029 999 2126 1040 eu-

550 1072 734 1137 rastis,
762 1079 818 1127 et
841 1086 1029 1128 omnes
1059 1072 1378 1128 conﬁtemur
1399 1088 1429 1127 a
1459 1075 1569 1129 Deo
1589 1073 1848 1144 judicium
1879 1084 2125 1129 sanctum

547 1170 857 1219 sanctarum
905 1163 1064 1234 trium
1109 1164 1355 1217 sodium:
1391 1161 1492 1217 Ubi
1536 1166 1673 1219 enim
1724 1166 1843 1218 sunt
1893 1164 1998 1217 duo
2049 1163 2126 1218 c'e'l

2238 718 2424 776 ventu,
2469 710 2581 766 Deo
2626 709 2861 776 favente,
2913 709 3173 766 faciemus
3224 709 3369 781 quod
3416 710 3695 767 debemus.
3747 711 3808 767 Et

2235 814 2462 873 surgens
2489 800 2889 858 sacer'senatus
2923 801 3059 857 dixit
3086 819 3100 856 :
3127 801 3449 867 Benedictus
3486 801 3650 867 Deus,
3687 800 3808 871 quia

2234 892 2529 948 meruimus
2557 892 2740 948 videre
2762 898 3018 949 sanctam
3045 892 3187 948 diem
3220 891 3406 957 istam,
3436 900 3494 946 et
3518 889 3808 947 honorabi-

2233 980 2339 1037 lem
2369 989 2570 1038 coetum
2598 990 2837 1038 nostrum
2861 999 2875 1037 :
2898 992 3026 1038 ecce
3053 983 3169 1039 hmc
3188 983 3371 1037 omnia
3402 983 3700 1038 secundum
3724 994 3810 1037 ra-

2230 1076 2432 1131 tionem
2464 1076 2721 1132 “veritatis
2764 1077 3047 1133 terminata
3098 1086 3245 1131 sunt.
3304 1074 3508 1131 Deinde
3554 1083 3710 1130 stans
3755 1073 3808 1129 in

2230 1166 2405 1221 medio
2437 1158 2746 1237 Stephanus
2790 1169 2899 1224 Deo
2928 1166 3290 1222 amicissimus
3318 1166 3584 1225 diaconus
3610 1172 3808 1222 sancta

545 1263 647 1307 tres
668 1255 965 1325 congregati
1013 1254 1067 1308 in
1108 1255 1314 1308 nomine
1343 1270 1478 1320 meo,
1502 1254 1748 1311 Christus
1775 1256 1871 1320 ait,
1894 1255 1966 1308 ibi
2006 1260 2122 1308 sunt
2228 1254 2950 1328 Constantinopolitanorum
3002 1256 3255 1312 Ecclesia:
3281 1265 3335 1312 et
3380 1255 3610 1311 devotus
3660 1263 3808 1311 nota-

543 1345 595 1397 t’n
627 1345 794 1401 medio
839 1360 1017 1398 eorum
1059 1342 1272 1416 (Matth.
1315 1345 1490 1417 xvnt).
1550 1345 1884 1402 Sanetissimi
1931 1347 2120 1404 vicarii

542 1433 772 1488 senioris
799 1433 983 1488 Romze
1025 1432 1276 1488 dixerunt
1308 1452 1322 1488 :
1366 1433 1438 1488 Ita
1469 1435 1635 1489 moris
1675 1444 1758 1490 est
1787 1432 1987 1490 sanctae
2011 1435 2120 1489 Ro-

541 1537 713 1579 manae
733 1522 974 1579 ecclesia:
1004 1523 1317 1577 canonicam
1346 1523 1673 1601 diligentiam
1696 1524 2029 1596 possidendi,
2063 1532 2122 1591 et

538 1622 760 1685 propter
786 1613 1208 1669 ecclesiasticum
1250 1615 1496 1670 ordinem
1536 1629 1681 1681 eum,
1723 1614 1814 1685 qui
1841 1630 1939 1686 per
1960 1614 2114 1672 fene-

537 1712 706 1759 stram
732 1703 1008 1774 ingressus
1038 1713 1123 1759 est
1165 1704 1217 1759 in
1250 1704 1432 1761 caulas
1461 1705 1663 1770 ovium,
1701 1714 1762 1760 ut
1784 1705 1967 1777 lupum
1992 1721 2115 1775 per-

536 1793 910 1863 sequendi;'et
951 1795 1148 1864 gaudet
1195 1804 1379 1850 sancta
1409 1797 1523 1851 haec
1551 1794 1787 1866 synodus
1838 1796 1905 1851 de
1934 1805 2111 1852 vestra

535 1884 835 1940 honorabili
861 1886 1226 1954 responsione.
1264 1885 1437 1940 Etiam
1475 1885 1636 1941 hodie
1664 1886 1883 1942 auribus
1912 1887 2110 1942 nostris

2224 1345 2339 1402 rius
2383 1346 2595 1403 laudem
2626 1346 2993 1416 hujuscemodi
3027 1364 3041 1400 :
3075 1346 3268 1402 Multos
3307 1360 3480 1401 annos
3509 1345 3804 1417 imperato-

2222 1439 2377 1492 rum!
2406 1436 2585 1493 Basilii
2617 1447 2675 1494 et
2698 1437 3039 1494 Constantini
3078 1440 3393 1506 magnorum
3414 1435 3734 1506 principum
3754 1443 3805 1491 et

2228 1526 2615 1598 imperatorum
2642 1526 2840 1583 multos
2869 1527 3069 1589 annos!
3090 1523 3540 1581 Orthodoxorum
3570 1524 3801 1595 impera-

2232 1618 2410 1675 torum
2447 1619 2644 1675 multos
2674 1632 2842 1673 annos
2863 1616 3278 1688 l'Depositorum
3302 1614 3587 1684 iniustitiae
3611 1612 3803 1670 multos

2216 1704 2422 1764 annos!
2449 1707 2801 1765 Paclﬁcorum
2820 1708 3205 1778 imperatorum
3233 1706 3435 1763 multos
3460 1706 3671 1762 annos!
3696 1704 3802 1761 llo.

2216 1801 2379 1855 stium
2402 1799 2665 1855 mendacii
2691 1798 2886 1854 multos
2902 1813 3085 1854 annos
3101 1799 3114 1853 !
3131 1798 3446 1852 Amatorum
3466 1804 3521 1850 et
3533 1795 3802 1851 fautorum

2212 1889 2461 1946 veritatis
2485 1897 2542 1945 et
2571 1886 2797 1960 iustitiae
2820 1889 3017 1944 multos
3044 1888 3249 1943 annos!
3278 1885 3532 1941 Eudoxia:
3552 1885 3804 1952 piissime:

534 1973 820 2030 indiuisus
859 1982 912 2029 ct
954 1975 1490 2061 ostendistisjveram
1535 1974 1727 2042 ﬁdem;
1767 1978 1909 2048 quod
1961 1977 2106 2032 enim
2138 2011 2183 2070 Β
2210 1979 2462 2052 Augustae
2489 1978 2688 2035 multos
2713 1979 2920 2034 annos!
2961 1976 3164 2034 Nicolai
3182 1974 3488 2032 beatissimi
3519 1987 3674 2044 papae
3700 1971 3803 2029 Ro-

532 2078 629 2120 ore
649 2064 846 2131 dicitis,
863 2066 1025 2137 Opere
1047 2058 1361 2123 desideratis
1384 2066 1557 2123 ﬁnire.
1584 2066 1830 2125 Bahanes
1857 2067 2103 2125 famosis-

533 2156 702 2212 simus
727 2157 986 2228 patricius
1017 2169 1071 2215 et
1115 2160 1432 2230 praepositus
1479 2159 1613 2215 dixit
1641 2159 1868 2216 :*llabet
1905 2160 2105 2232 aliquid

532 2254 709 2301 vestra
748 2249 1009 2304 sanctitas
1038 2249 1211 2314 hodie,
1240 2260 1300 2305 ut
1331 2251 1610 2321 disponat?
1654 2250 1767 2309 Deo
1793 2253 2103 2309 amicissimi

533 2334 717 2391 vicarii
744 2346 947 2393 sanctm
976 2337 1231 2394 Romanae
1246 2334 1503 2396 Eccksia:
1521 2341 1772 2397 dixerunt
1794 2340 2104 2400 :Vellemus

531 2427 786 2485 ordinare
831 2430 898 2484 de
955 2430 1155 2496 libello,
1197 2438 1456 2503 quantum
1496 2447 1793 2504 possemus,
1840 2435 1934 2491 sed
1972 2436 2103 2506 quia

605 2558 629 2585 α
649 2540 822 2604 Ῥονιθ
847 2550 1229 2604 retractatione.

650 2658 653 2661 ,
763 2654 769 2658 .

1917 2654 2287 2679 ,,.,
2905 2655 2912 2684 Ι

2210 2070 2402 2125 mania;
2416 2079 2568 2123 terna
2584 2067 2841 2139 memoria
2858 2066 2871 2121 l
2883 2066 3103 2122 Adriani
3116 2063 3400 2121 orthodoxi
3414 2078 3565 2134 papa.-
3576 2061 3801 2117 Romani

2210 2158 2407 2214 multos
2426 2158 2625 2213 annos!
2647 2156 2835 2227 lgnatii
2854 2154 3137 2213 orthodoxi
3159 2152 3478 2224 patriarcha)
3498 2148 3803 2207 Constanti-

2210 2247 2462 2318 nopoleos
2475 2247 2671 2304 multos
2685 2260 2855 2303 annos
2869 2247 2882 2301 !
2905 2245 3336 2303 Orthodoxorum
3373 2242 3803 2323 patriarcharum

2209 2337 2447 2394 Orientis
2474 2337 2669 2394 multos
2693 2337 2891 2395 annosi
2918 2333 3213 2392 Ortbodoxi
3241 2339 3463 2390 senatus
3485 2331 3687 2386 multos
3711 2344 3803 2384 an-

2212 2443 2312 2484 nos
2349 2429 2582 2485 !sanctte
2601 2426 2987 2485 etuniversalis
3025 2426 3214 2499 synodi
3272 2433 3472 2481 aeterna
3496 2422 3797 2480 memoria!

3077 2651 3081 2655 .
3514 2652 3515 2655 η
3544 2651 3568 2658 ..
3726 2651 3759 2680 ,Ι

1734 2790 2058 2911 ACTIO
2125 2729 2613 2873 saeuum.

2013 2947 2376 2977 —‘L——:-————

600 3062 658 3116 ln
706 3060 924 3115 nomine
962 3058 1176 3113 Domini
1202 3060 1281 3113 'et
1321 3057 1674 3115 dominatoris
1700 3064 1939 3115 omnium
1968 3060 2106 3117 'Jesu
2206 3063 2655 3138 gniﬁcentissimo
2679 3059 3024 3132 proconsule
3053 3052 3397 3129 ac-patric'io,
3439 3052 3650 3110 Joanne
3687 3056 3797 3111 ma"-

533 3151 730 3208 Cbristi
777 3163 906 3205 vere
959 3149 1054 3205 Dei
1105 3156 1163 3204 et
1209 3148 1508 3205 Salvatoris
1551 3149 1747 3205 nostri.
1786 3148 2110 3208 Consulatus
2212 3148 2943 3224 gniﬁcentissimo-patricio
2961 3155 3017 3202 et
3063 3146 3335 3217 legotheta
3377 3143 3546 3201 okeos
3591 3145 3793 3211 dromi,

534 3249 897 3306 protedtorum
963 3249 1021 3295 et
1085 3239 1649 3311 tranquillissimorum
1678 3232 1683 3235 Α
1716 3240 2103 3312 imperatorum
2131 3278 2174 3339 Ο
2203 3240 2391 3297 Leone
2411 3236 3199 3309 magniﬁcentissimopatricio
3226 3244 3282 3291 et
3304 3235 3605 3314 domestico
3628 3249 3794 3296 exeu.

536 3328 843 3393 nostrorum
878 3331 1454 3399 dominorum,'Basilii
1498 3331 1714 3403 quidem
1744 3346 1885 3389 anno
1925 3334 2100 3399 tertio,
2134 3327 2174 3339 “’
2205 3334 2463 3398 hitor‘um,
2509 3330 2676 3386 Paulo
2713 3328 3252 3404 magniﬁcentissimo
3278 3327 3521 3398 patricio
3562 3336 3619 3382 et
3650 3340 3796 3396 prte-

533 3423 871 3481 Constantini
891 3430 1088 3478 autem
1127 3421 1225 3477 ﬁlii
1266 3422 1382 3493 ejus
1406 3432 1564 3478 "anno
1615 3422 1873 3488 secundo,
1919 3434 2107 3493 perpe-

535 3522 750 3575 tu‘orum
788 3516 1175 3588 Augustorum,
1206 3513 1706 3580 indictione'tertia,
1742 3511 1910 3568 Nonis
1948 3511 2109 3569 Octo-

534 3606 673 3673 bris,
709 3604 1012 3677 praapositis
1045 3604 1296 3675 pretiosis
1329 3611 1384 3658 et
1414 3601 1645 3658 viviﬁcis
1678 3601 1838 3673 lignis
1875 3617 1939 3658 ac
1967 3603 2106 3658 inte-

534 3696 757 3752 meratis
806 3703 860 3750 et
890 3694 1106 3751 sanctis
1150 3692 1476 3764 Evangeliis,
1517 3686 1873 3750 Conveniente
1926 3701 2108 3748 autem

537 3793 806 3841 sancta‘et
833 3783 1123 3840 universali
1151 3784 1376 3856 synodo,
1406 3783 1625 3840 ‘Donato
1652 3785 1765 3841 Deo
1802 3784 2109 3840 amantissi-

521 3888 624 3932 ‘mo
661 3876 915 3947 episcopo
942 3875 1201 3943 Ostiensi,
1236 3882 1302 3931 ‘et
1331 3873 1607 3944 Stephano
1626 3878 1737 3932 Deo
1770 3875 2109 3931 amicissimo

516 3969 789 4039 ‘episcopo
838 3960 1128 4038 NepeSino,
1178 3973 1340 4037 atque
1396 3965 1605 4022 Marino
1661 3967 2109 4024 reverendissimo

518 4060 761 4114 diacono
787 4046 989 4113 sanctae
1018 4055 1276 4112 Romanae
1305 4056 1578 4122 Ecclesiae,
1609 4056 1786 4115 locum
1816 4057 2110 4114 obtinenti-

538 4154 636 4208 bus
684 4151 1012 4207 sanctissimi
1056 4150 1280 4206 Adriani
1328 4165 1480 4221 papa:
1520 4151 1768 4217 Romani,
1807 4160 1862 4207 et
1901 4150 2108 4223 lgnatio

539 4240 881 4299 sanctissimo
903 4242 1212 4314 patriarcha
1238 4239 1798 4312 Constantinopoleos.
1821 4250 1877 4299 et
1902 4241 2107 4299 Thoma

538 4334 879 4391 sanctissimo
900 4332 1242 4403 metropolita
1261 4328 1410 4404 Tyri,
1439 4332 1615 4388 locum
1649 4333 1929 4390 obtinente
1962 4334 2108 4390 sedis

2208 3425 2350 3480 fecto
2370 3423 2769 3494 praetoriorum,
2799 3419 3045 3476 Manuele
3064 3418 3601 3492 magniﬁcentissimo
3625 3416 3797 3488 patri-

2207 3516 2311 3580 cio,
2356 3513 2755 3585 Theophylacto
2804 3509 3341 3583 magniﬁcentissimo
3388 3507 3643 3578 patricio,
3688 3505 3793 3587 Pe-

2209 3612 2417 3661 tronate
2446 3602 2975 3674 magniﬁcentissimo
3008 3600 3263 3672 patricio,
3292 3599 3521 3654 Horcste
3542 3597 3795 3653 laudabi-

2207 3695 2413 3752 lissimo
2450 3692 2897 3764 sprotosphatario
2948 3701 3004 3748 et
3052 3692 3347 3766 domestico
3386 3690 3789 3770 Zycanatorum:

2206 3793 2368 3856 atque
2419 3783 2775 3841 sanctissimis
2819 3782 3106 3855 episcopis,
3163 3782 3427 3857 videlicet,
3476 3780 3793 3851 Nicephoro

2208 3875 2319 3930 Deo
2356 3873 2684 3930 amicissimo
2727 3873 3066 3943 metropolita
3120 3872 3372 3935 Amasiae.
3423 3870 3634 3927 Joanne

2208 3962 2885 4033 amicissimometropolita
2927 3962 3108 4035 Sylati,
3140 3961 3324 4017 Niccta
3360 3963 3469 4017 Deo
3517 3958 3795 4017 amicissi-

2207 4069 2298 4110 mo
2319 4053 2653 4125 metropolita
2679 4053 3032 4117 Athenarum,
3057 4051 3405 4129 Metrophane
3424 4052 3540 4108 Deo
3560 4051 3790 4107 amicis-

2209 4145 2348 4201 simo
2372 4142 2707 4213 metropolita
2736 4142 2997 4214 Smyrnze,
3027 4140 3283 4215 Michaele
3312 4142 3424 4198 Deo
3452 4143 3795 4199 amicissimo

2209 4233 2546 4305 metropolita
2570 4231 2766 4299 Rhodi,
2788 4231 3018 4304 Georgio
3039 4232 3149 4288 Deo
3176 4232 3505 4289 amicissimo
3528 4233 3795 4306 episcopo

2209 4322 2564 4393 Heliopoleos,
2615 4322 2773 4377 Petro
2822 4321 2932 4376 Deo
2970 4320 3296 4377 amicissimo
3339 4323 3590 4391 episcopo
3616 4322 3793 4378 Troa-

539 4424 854 4490 Antiochize,
914 4438 979 4480 ac
1011 4421 1163 4478 Helia
1212 4423 1324 4478 Deo
1374 4421 1750 4478 colendissimo
1792 4423 2108 4494 presbytero

2216 4415 2310 4480 dis,
2331 4412 2517 4469 Niceta
2536 4412 2646 4468 Deo
2658 4411 2986 4467 amicissimo
2999 4411 3250 4482 episcopo
3264 4410 3575 4494 Cephaludii
3587 4453 3604 4479 ,
3619 4414 3663 4468 Α
3673 4414 3794 4469 tha-

514 4520 592 4573 ἐι
609 4515 1049 4590 syucello-‘locum
1071 4514 1350 4570 obtinente
1375 4513 1554 4568 throni
1576 4492 2102 4584 Hierosolymorum:
2210 4505 2361 4559 11³5ίο
2391 4505 2498 4559 ὓθο
2525 4503 2853 4559 δηιίοίεείῐηο
2873 4503 3125 4581 episcopo
3152 4503 3447 4575 Μιιεηθείθν
3477 4492 3795 4575 Νίοθρῖιοτο

539 4615 805 4679 praesente
842 4620 1055 4676 quoque
1096 4618 1253 4660 sacro
1286 4611 1495 4667 senatu,
1539 4602 1786 4658 videlicet
1823 4602 2107 4659 Theodoro
2138 4628 2189 4686 υ
2209 4593 2672 4686 ηθο-Ἆηιίοἱεξὶπιο
2692 4593 2942 4686 episcopo
2963 4592 3230 4686 (ἱρῇ-(ξηωέ
3253 4594 3487 4686 Antonio
3515 4593 3631 4686 Deo
3652 4597 3795 4652 ami-

540 4678 1071 4771 magniﬁcentissimo
1098 4694 1419 4765 proconsule
1459 4708 1525 4749 ac
1569 4693 1847 4763 magistro,
1889 4691 2108 4747 Bahane
2138 4678 2177 4686 ⁷
2211 4684 2429 4740 ciSSimo
2475 4683 2723 4754 episcopo
2777 4682 2950 4748 Alisii,
3005 4678 3265 4739 Michaele
3302 4685 3411 4738 Deo
3450 4685 3794 4742 amicissimo

543 4785 1072 4859 magniﬁcentissimo
1112 4784 1344 4852 patricio
1393 4791 1451 4837 et
1501 4783 1810 4853 praeposito,
1857 4782 2109 4839 Hetnerio
2211 4775 2462 4845 episcopo
2488 4773 2860 4829 Cercil‘orum:
2892 4772 2978 4828 his
3013 4772 3086 4827 ita
3124 4774 3588 4861 convenientibus,
3635 4776 3794 4831 stetit

543 4873 1073 4947 magniﬁcentissimo
1098 4871 1420 4941 proconsule
1448 4886 1512 4925 ac
1537 4871 1783 4940 patricio,
1811 4869 2110 4940 Theophila
2211 4866 2265 4920 in
2291 4865 2487 4931 medio,
2521 4876 2547 4905 ι
2576 4863 2771 4919 Paulus
2795 4865 2904 4919 Deo
2924 4863 3280 4919 amicissimus
3310 4860 3340 4950 ξ’
3370 4863 3793 4936 chartophylax,

544 4965 1073 5037 magniﬁcentissimo
1087 4961 1407 5033 proconsule
1431 4976 1495 5016 ac
1518 4961 1769 5030 patricio,
1792 4959 1971 5016 Leone
1996 4975 2108 5015 ma-
2211 4963 2268 5009 et
2303 4954 2469 5009 dixit:
2508 4953 2612 5023 Ipsi
2648 4954 2741 5024 qui
2786 4952 3095 5010 ceciderunt
3128 4955 3228 5011 sub
3271 4954 3462 5009 Photio
3513 4965 3793 5010 venerunt

618 5088 643 5114 ιι
676 5071 878 5127 Paulus
916 5072 1026 5126 Deo
1055 5070 1419 5124 amicissimus.
1455 5064 1648 5121 Pa'ulns
1694 5067 1798 5122 iste
1841 5065 2110 5139 archiepi-
2212 5068 2601 5139 ministrorum,
2644 5076 2700 5122 et
2732 5083 2902 5139 agens
2936 5068 3309 5139 ecclesiastica
3339 5076 3531 5139 cuncta
3561 5083 3795 5139 prorsus

545 5140 1212 5215 scopusquondamfuita
1243 5139 1436 5215 Photio
1464 5145 1830 5215 consecratus,
1861 5137 1954 5191 sed
1985 5136 2108 5203 quia
2210 5138 2490 5215 obsequia,
2541 5136 2934 5215 exceptis'_illis
2982 5138 3112 5215 solis
3163 5153 3308 5215 quae
3330 5138 3397 5191 ad
3451 5136 3795 5215 sacerdotale

544 5202 664 5269 cum
686 5202 924 5276 carioris,
955 5212 1099 5276 quia
1130 5209 1321 5264 Photio
1348 5222 1538 5263 manus
1567 5206 1961 5276 impositionem
1983 5202 2111 5276 ῥυε-
2212 5202 2516 5276 specialiter
2540 5222 2604 5261 ac
2642 5202 2856 5276 proprie
2901 5202 3505 5276 pertinere—probantur
3526 5202 3789 5276 oﬁicium.

543 5298 756 5354 cepere,
784 5274 1423 5354 secundumsententiam
1453 5274 1835 5354 pali-teNicolai
1859 5274 2113 5354 condem-
2213 5274 2465 5354 Sipeillo
2505 5274 2758 5354 praeterea
2809 5274 2984 5330 nullus
3016 5274 3303 5354 prtesulnm
3342 5283 3434 5354 a_ut
3462 5274 3792 5354 clericorum

544 5343 703 5408 na'tus
727 5343 829 5417 est,
858 5357 912 5405 et
948 5348 1199 5418 quoniam
1227 5350 1274 5403 is
1304 5355 1423 5403 erat
1450 5343 1717 5418 utilis’pm
1746 5343 2113 5418 consolatione
2212 5362 2243 5401 a
2268 5346 2400 5402 foris
2426 5343 2644 5418 veniens
2670 5346 2735 5418 in_
2756 5343 3099 5418 conspectum
3125 5345 3443 5418 patriarchae
3470 5344 3793 5398 intromitti-

543 5412 903 5479 damnationis
963 5412 1033 5472 ab
1090 5417 1296 5484 lgnatio
1365 5412 1671 5486 patriarcha
1724 5412 2114 5486 chartophylax
2212 5425 2322 5486 tur,
2387 5416 2565 5471 nullus
2626 5412 2990 5486 ecclesiastico
3045 5412 3331 5470 conventui
3400 5421 3789 5486 praesentatur,

543 5491 768 5547 eﬂ‘ectus
791 5499 911 5545 est:
957 5483 1243 5554 scripserat
1284 5483 1427 5540 enim
1466 5493 1523 5541 et
1564 5499 1701 5554 papa
1750 5483 2028 5554 Romanus
2056 5491 2114 5534 ut
2212 5485 2410 5540 nullius
2463 5483 2686 5554 epistola
2741 5485 3057 5550 patriarchae
3112 5486 3277 5539 missa
3342 5483 3625 5554 recipitur,
3676 5483 3791 5538 nisi

536 5561 649 5618 alia
690 5561 858 5624 illum,
890 5550 1117 5625 excepto
1138 5555 1456 5618 sacerdotio,
1485 5550 1900 5624 quantacunque
1929 5550 2112 5617 vellet,
2213 5555 2353 5625 forte
2382 5569 2413 5608 a
2442 5550 2654 5625 caneris
2678 5554 3297 5625 patriarchis‘mittatur,
3340 5550 3520 5606 nullus
3545 5551 3613 5625 ad
3646 5566 3795 5625 prae:-

545 5633 805 5689 tlianitate
833 5620 1049 5682 ditaret'.
1080 5623 1235 5678 Enrr.
1268 5625 1408 5679 Bon.
1502 5620 1519 5624 ⁷
1652 5650 1655 5653 λ
1812 5620 1830 5623 “
2214 5623 2447 5679 sulatum
2482 5622 2594 5677 -vcl
2643 5620 2862 5676 alterius
2909 5622 3114 5687 ordinis
3156 5623 3486 5680 clericatum.
3546 5621 3662 5689 sive
3716 5620 3793 5674 ad

637 5650 805 5686 mune
833 5650 1049 5682 "nare"
1082 5650 1235 5678 nm“
1268 5650 1408 5679 nu"
1652 5650 1655 5653 ’
2214 5650 2447 5679 δυιὶιιιιιιι
2482 5650 2594 5677 ’ὶυι
2643 5650 2862 5676 unum:
2909 5650 3114 5687 urulmb
3156 5650 3486 5680 UICI'IWqul.
3546 5650 3662 5675 auc
3716 5650 3793 5674 au

601 5650 644 5743 εδ
678 5693 1518 5778 (ΠΨΓῙΟΡῘίξΙίσπο,,,¹ίῖίθφτθωῃξν
1544 5694 1871 5778 ,οιιειτιίινιειη
1906 5700 2109 5774 (ξυεξοεο
2176 5690 2179 5697 λ
2213 5693 2617 5756 praenosituram
2666 5693 3115 5740 monasteriorum
3161 5690 3493 5739 nmwhilnr.
3525 5686 3631 5742 nisi
3658 5684 3795 5740 inte
