4032 6286
266 367 342 426 ιθ
873 365 877 369 ’
977 364 1531 423 ΙΝΤΕΒΡΒΕΤᾹΤΙΟ
1564 365 1813 424 SYNODI
1852 366 1962 424 Vill
2001 364 2405 423 GENEllALIS.
2428 363 2709 422 —ACTIO
2748 365 2808 419 ll.
3444 370 3545 437 50-,

266 496 395 543 cum
441 478 623 541 libello
692 476 835 548 quid,
878 476 1091 534 videtur
1138 478 1329 543 yobis?
1386 485 1647 550 expetunt
1698 477 1844 534 enim
1871 482 2000 551 Aet
2029 475 2197 546 ipsius
2234 474 2590 532 comministri
2619 475 2756 532 estis
2781 473 2976 541 effecti,
3020 475 3145 545 quia
3180 475 3513 547 incomparae

266 568 479 642 ingredi
535 575 785 647 sanetam
837 566 977 630 hanc
1027 576 1085 631 et
1132 566 1491 634 universalem
1558 566 1840 640 synodum.

262 658 608 740 Sanctissimi
642 657 848 721 ,vicarii
901 658 1131 722 senioris
1163 657 1366 723 Romae
1407 667 1465 715 et
1500 656 1759 725 Orientis,
1789 664 1844 713 et

262 753 443 812 omnis
490 757 680 807 sancta
716 749 953 821 synodus
998 749 1172 805 dixit:
1218 749 1611 820 lngrediantur.
1651 749 1721 804 Et
1762 747 1845 805 in-

259 843 434 913 pressi
482 850 611 899 sunt
647 840 890 913 pradicti
932 839 1173 912 episc0pi,
1214 838 1565 912 pneferentes
1606 838 1857 905 libellum.

259 934 316 989 in
360 932 616 991 manibus
644 931 783 998 suis,
812 939 871 987 et
897 930 1188 986 adorantes
1218 929 1493 1001 proposita
1521 930 1856 1001 intemerata,

226 1057 233 1063 η
251 1022 459 1094 judicia
502 1020 853 1092 prociderunt
887 1029 1091 1076 sancta:
1127 1018 1352 1091 synodo.
1403 1014 1845 1074 Sanctissimi’vi-

255 1119 389 1175 carii
444 1116 681 1175 senioris
731 1116 918 1172 Romae
960 1114 1215 1189 dixerunt
1247 1132 1262 1170 :
1293 1112 1397 1182 Qui
1432 1112 1567 1170 estis
1604 1125 1701 1166 vos
1747 1108 1841 1180 qui

254 1209 501 1266 intrastis
539 1209 646 1265 huc
686 1206 946 1279 episcopi,
984 1214 1057 1269 et,
1090 1220 1123 1261 a
1169 1219 1279 1277 quo
1318 1201 1626 1273 consecrati
1665 1200 1841 1258 estis?

253 1301 578 1359 Theodorus
598 1300 941 1371 metropolita
960 1298 1135 1367 Cariae
1152 1298 1290 1355 dixit
1314 1315 1328 1352 :
1350 1297 1398 1353 Δ
1416 1295 1635 1352 domino
1655 1302 1857 1365 nostro,

251 1394 605 1449 sanctissimo
632 1391 941 1462 patriarcha
968 1389 1269 1463 lgnatioct
1290 1389 1606 1446 beatissimo
1634 1387 1855 1455 Methua.

250 1485 362 1545 dio.
388 1482 735 1550 sanctissimi
774 1482 965 1538 vicarii
987 1480 1220 1538 senioris
1243 1479 1429 1537 Roma:
1453 1480 1743 1536 dixerunt:
1772 1477 1841 1533 Et

247 1582 383 1642 quot
419 1573 933 1637 estisiflfheodorus
976 1571 1459 1628 reverendissimus
1498 1567 1838 1640 metropolita

244 1662 425 1729 Caria
464 1662 643 1718 dixit:
677 1660 969 1717 Numerum
995 1661 1285 1718 nescimus.
1323 1658 1665 1717 Sanctissimi
1690 1659 1840 1715 vica-

246 1751 315 1819 rji
367 1751 605 1808 senioris
656 1752 842 1808 Romae
897 1752 1188 1808 dixerunt:
1246 1751 1384 1820 Quid
1440 1751 1653 1808 dicitis?
1708 1749 1836 1822 quid

1944 567 2069 624 bilis
2091 573 2211 622 erat
2238 566 2294 622 in
2323 565 2715 632 sacerdotibus,
2751 566 2860 621 vita
2898 575 2954 622 et
2990 580 3241 622 sermone
3282 566 3516 636 resplen-

1945 662 2099 725 dens,
2129 671 2289 729 quem
2330 671 2467 729 pene
2500 671 2600 712 nec
2630 655 2835 712 macula
2860 655 3071 727 tetigit:
3106 655 3202 711 sed
3228 655 3316 712 hic
3353 654 3407 710 in
3438 665 3518 711 ta-

1942 747 2050 804 lem
2097 756 2155 804 et
2202 753 2409 801 tantum
2476 745 2652 801 virum
2696 762 2803 802 non
2849 747 3030 817 segnis
3067 745 3278 802 exstitit
3314 745 3518 816 tingere

1942 844 2124 896 mente
2163 835 2529 895 infelicissima
2565 838 2815 893 detentus
2841 837 3022 907 (quem
3066 851 3174 893 non
3216 835 3370 901 vidit,
3414 850 3516 891 nec

1941 929 2211 1003 cognovit)
2227 928 2490 985 maculam
2504 928 2810 999 plurimam,
2825 928 3159 984 innumeram
3172 937 3518 984 etcoacerva-

1943 1027 2054 1075 tam
2081 1037 2094 1074 :
2119 1028 2173 1076 et
2197 1027 2321 1090 post
2348 1018 2744 1075 multitudinem
2766 1018 2952 1084 etiam,
2982 1017 3349 1089 magnitudine
3376 1032 3514 1103 pra:-

1940 1110 2111 1177 valuit
2131 1111 2184 1166 in
2212 1110 2450 1166 vanitate
2487 1124 2623 1165 sua:
2669 1109 2793 1179 et,si
2822 1110 3123 1175 mendaces,
3167 1118 3403 1165 attamen
3450 1111 3515 1164 de

1939 1198 2161 1269 Oriente
2201 1215 2268 1256 ex
2303 1198 2556 1255 omnibus
2590 1199 2916 1270 patriarchis
2958 1199 3341 1270 apocrisiarios
3358 1200 3513 1270 quasi

1940 1289 2329 1360 cpneordantes
2358 1333 2376 1359 ,
2406 1297 2483 1356 et,
2513 1288 2817 1345 certissime
2856 1305 2976 1364 qua:
3014 1305 3044 1343 a
3095 1305 3153 1346 se
3197 1276 3515 1346 dicebantur

1940 1388 2243 1449 noscentes,
2275 1380 2443 1437 multo
2492 1379 2670 1437 studio
2697 1381 2873 1448 duxit,
2897 1389 2954 1438 ut
2988 1379 3289 1451 hujusmodi
3338 1381 3511 1436 virum

1938 1470 2261 1543 depositioni
2309 1472 2652 1531 submitteret
2696 1488 2711 1528 :
2764 1481 2821 1527 et
2881 1473 3085 1528 habens
3125 1484 3516 1529 consuntaneos

1941 1568 2105 1617 testes
2146 1559 2335 1629 falsos,
2380 1561 2679 1619 transmisit
2719 1550 3045 1627 commenta,
3099 1563 3397 1629 metulacia,
3452 1573 3509 1619 et

1938 1651 2086 1709 viros
2133 1653 2406 1724 deceptos,
2459 1662 2512 1710 et
2542 1653 2829 1709 veniahant
2879 1654 2947 1708 ad
2977 1653 3349 1725 complendum
3394 1670 3517 1726 qua:

1940 1742 2041 1801 sibi
2069 1744 2185 1801 visa
2211 1744 2552 1801 exstiterant.
2584 1744 2653 1800 Et
2703 1745 2805 1801 nisi
2852 1745 2994 1801 Deus
3032 1761 3221 1801 ouiues
3264 1747 3515 1817 operibus

244 1841 508 1913 habetis?
533 1842 669 1914 quid
708 1842 915 1898 vultis?
961 1842 1209 1913 Episcopi
1267 1841 1552 1899 dixerunt:
1593 1841 1832 1899 Procitli-
1861 1851 1909 1913 Β
1940 1848 2195 1899 manuum
2244 1849 2466 1891 suarum
2510 1835 2844 1907 compedin
2884 1835 3104 1908 ligasset
3130 1878 3145 1903 ,
3192 1851 3293 1893 nos
3332 1838 3515 1909 υιῑιιιιθ

243 1954 371 2003 rens
399 1947 611 1996 sancta:
646 1947 705 1995 et
728 1937 1014 2004 universali
1050 1938 1177 1995 huic
1208 1939 1431 2010 synodo,
1459 1937 1833 2008 ptenitentiam

241 2036 593 2113 expetentes.
624 2027 965 2099 sanctissimi
989 2029 1435 2099 vicariisenioris
1474 2028 1661 2099 Bpma:
1683 2029 1855 2090 dixe-.

244 2132 407 2179 runt:
445 2122 587 2191 Quid
614 2131 698 2180 est
723 2121 829 2189 hoc
854 2121 997 2192 quod
1038 2120 1233 2189 fertis?
1254 2121 1513 2194 Episcopi
1542 2121 1830 2192 dixerunt:

240 2213 489 2281 Libellus
533 2211 912 2279 confessionis,
962 2225 1125 2282 super
1168 2211 1363 2283 quibus
1399 2210 1740 2283 peccavimus
1776 2210 1863 2278 im

241 2305 532 2369 agminum
572 2312 817 2373 nostrum
841 2303 1241 2371 sanctissimum
1270 2303 1636 2375 patriai-chain
1675 2301 1859 2375 lgna-.

242 2397 405 2451 tium.
439 2395 778 2452 Sanctissimi
818 2394 1279 2463 vicariiqsenipris
1314 2395 1500 2463 Rerum
1540 2396 1794 2459 dixerunt
1817 2413 1856 2467 ε,

236 2483 594 2553 Confitemini
638 2500 736 2545 vos
783 2499 1038 2556 peccasse
1077 2485 1131 2540 in
1186 2474 1538 2542 haecausa?
1585 2486 1835 2558 Episc0pi

238 2575 542 2642 dixerunt;
588 2573 942 2645 Confitentur.
982 2576 1332 2643 Sanctissimi
1378 2578 1563 2634 vicarii
1604 2578 1836 2636 senioris

242 2663 441 2720 Itonia:
469 2665 759 2721 dixerunt:
789 2665 847 2721 In
881 2665 1065 2723 libello
1110 2666 1183 2722 ita
1224 2668 1387 2725 habet
1427 2677 1487 2724 ut
1528 2684 1627 2725 ore
1655 2679 1836 2728 vestro

242 2753 476 2822 dicitis?
503 2753 753 2826 Episcopi
777 2755 1030 2815 dixerunt
1055 2771 1071 2812 :
1101 2757 1338 2831 Legatur
1375 2758 1607 2826 libellus,
1639 2770 1697 2818 et
1721 2771 1833 2818 tum

241 2859 310 2900 ea
385 2861 514 2916 qua
579 2845 648 2911 de
696 2845 860 2903 nobis
916 2856 1045 2904 sunt
1101 2849 1407 2905 certissime
1466 2851 1832 2921 comperietis.

243 2935 595 2993 δεηαίεείιηί
641 2938 832 2996 vicarii
876 2939 1106 2997 senioris
1134 2940 1320 2999 Romae
1356 2942 1613 2999 dixerunt
1637 2943 1708 2999 ad
1731 2942 1847 3010 Dei

240 3025 487 3083 cultores
507 3027 740 3085 vicarios
775 3029 1015 3086 Orientis
1038 3049 1058 3107 ξ
1082 3031 1281 3107 Aptum
1298 3032 1720 3103 apparetvobis,
1748 3048 1815 3090 ac

241 3116 396 3170 omni
422 3126 626 3173 sanctte
647 3118 873 3190 synodo,
902 3128 962 3195 ut
985 3104 1310 3193 suscipiatur
1328 3108 1541 3180 libellus
1569 3122 1835 3180 confiten-

1935 1939 2059 1980 eum
2086 1921 2388 1995 huiusmodi
2409 1924 2756 1994 cadet-emus;
2783 1926 3041 1982 nimirum
3062 1928 3151 1998 qui
3182 1930 3282 1997 pro
3301 1935 3517 2000 pastore

1932 2011 2090 2095 lupus
2126 2029 2247 2072 esse
2298 2015 2599 2086 videbatur.
2661 2017 2902 2087 Diximus
2923 2018 2989 2074 de
3044 2017 3262 2075 Nicolao
3301 2034 3511 2091 parum.

1934 2104 2049 2172 Non
2090 2106 2266 2175 solum
2292 2116 2474 2179 autem
2518 2108 2644 2177 huic
2689 2110 2815 2181 talia
2862 2117 3115 2180 operatus
3167 2119 3271 2177 est,
3319 2113 3413 2168 sed
3461 2122 3518 2167 et

1935 2198 2111 2270 ipsum
2156 2199 2555 2267 sanctissimum
2600 2200 2935 2260 sacerdotem
2979 2217 3045 2259 ac
3096 2210 3369 2274 pastorem
3417 2220 3513 2259 no-

1940 2297 2137 2355 strum,
2170 2289 2262 2361 qui
2283 2305 2381 2346 nos
2404 2291 2743 2362 impositione
2772 2300 3078 2365 sanctarum
3101 2308 3356 2349 manuum
3384 2309 3512 2349 sua-

1938 2394 2093 2451 rum“
2127 2394 2250 2445 cum
2301 2389 2446 2438 esset
2466 2398 2749 2454 "summus
2790 2384 3054 2453 antistes,
3113 2384 3471 2453 sanctificavit
3497 2426 3514 2452 ,

1937 2468 2120 2538 multis
2140 2471 2288 2555 prius
2310 2472 2670 2545 studiis,.cum
2692 2473 2969 2546 saecularis
2989 2484 3156 2542 esset,
3174 2476 3511 2553 impugnans,

1934 2568 1992 2615 et
2020 2559 2074 2614 in
2100 2575 2200 2616 nos
2230 2560 2499 2649 inspirans
2527 2573 2713 2643 postea
2737 2566 3084 2641 hypocrisim,
3125 2576 3318 2624 cuncta
3345 2584 3511 2640 nega-

1936 2648 2032 2717 vit,
2083 2659 2140 2706 et
2182 2653 2430 2709 omnibus
2454 2657 2835 2727 consentaneis
2871 2658 3005 2730 suis,
3030 2658 3117 2728 vel
3154 2660 3245 2731 qui
3273 2659 3373 2716 sub
3393 2661 3511 2732 ipso

1933 2754 2175 2809 eramus,
2211 2744 2382 2802 suasit
2414 2755 2473 2801 ut
2506 2762 2564 2803 se
2592 2748 2965 2827 chirographis
2993 2752 3322 2821 terribilibus
3345 2755 3511 2825 proli-

1934 2837 2181 2886 terentur
2202 2848 2324 2889 eum
2370 2851 2431 2890 se
2458 2835 2737 2894 habituros
2768 2840 3134 2908 patriarcham
3174 2842 3510 2913 patriarcha-

1936 2936 2078 2990 rum,
2126 2932 2181 2980 et
2208 2941 2477 2982 summum
2507 2931 2840 2987 sacerdotem
2884 2948 3218 2991 summorum
3252 2938 3509 2993 sacerdo-

1936 3023 2085 3083 tum;
2114 3026 2169 3072 et
2211 3025 2342 3076 tunc
2366 3019 2583 3090 quidem
2610 3021 2664 3077 in
2710 3024 2867 3081 nobis
2910 3025 2983 3081 ita
3010 3025 3259 3085 faciebat.
3285 3028 3507 3087 Postera

1936 3121 2067 3163 vero
2095 3107 2185 3164 die
2212 3107 2429 3167 fraudes
2456 3114 2753 3170 consuebat
2789 3115 3048 3175 adversus
3085 3135 3231 3187 eum,
3271 3130 3327 3177 et
3357 3138 3508 3178 men-

243 3206 384 3274 tium
404 3222 468 3274 se
488 3209 788 3278 peccasse?
813 3203 1147 3277 Sanctissimi
1162 3212 1361 3279 .vicarii
1378 3211 1617 3270 Orientis
1635 3222 1693 3270 et
1718 3223 1831 3271 tota

1935 3198 2212 3257 daciorum
2250 3200 2520 3258 infinitam
2569 3206 2986 3277 multitudinem,
3027 3212 3180 3282 quasi
3217 3213 3505 3271 criminum

239 3303 437 3359 sancta
476 3297 721 3368 synodus
756 3298 1008 3356 dixerunt
1031 3299 1142 3371 :‘Si
1178 3286 1358 3374 placet
1401 3303 1679 3375 sanctitati
1708 3319 1831 3363 ves-

242 3393 367 3452 trae,
400 3401 468 3443 ac
490 3387 961 3467 honorabilissimo
984 3390 1313 3461 patriarcha:
1335 3388 1562 3465 lgnatio,
1597 3404 1656 3451 et
1673 3396 1832 3478 nobis

242 3479 453 3537 bonum
474 3480 703 3549 videtur,
731 3490 790 3536 ut
809 3481 1139 3553 suscipiatur
1170 3493 1226 3543 et
1247 3484 1301 3540 in
1323 3494 1616 3557 conspectu
1640 3474 1849 3560 synodi

242 3567 483 3641 legatur.
533 3569 873 3627 Sanctissimi
917 3573 1106 3629 vicarii
1164 3573 1396 3631 senioris
1445 3574 1634 3633 Roma:
1683 3578 1832 3636 dixe-

245 3668 414 3718 runt:
450 3659 592 3734 Ergo
631 3662 889 3734 quoniam
915 3663 1167 3735 omnibus
1190 3664 1387 3738 placet,
1423 3668 1752 3740 suscipiatur
1773 3678 1832 3725 et

247 3749 484 3822 legatur.
534 3751 598 3807 Et
645 3752 918 3828 accipiens
964 3753 1272 3827 Stephanus
1310 3756 1423 3813 Deo
1467 3758 1845 3835 amicissimus.

247 3841 518 3898 diaconus
546 3854 604 3898 et
626 3838 869 3902 nhtarius
885 3856 1090 3904 sancta:
1110 3848 1828 3925 Constantinopolitanorum

254 3930 609 4006 Ecclesitede
644 3936 901 4007 manibus
917 3934 1033 4013 jam
1078 3939 1514 4015 denuntiatorum
1552 3943 1830 4019 episcopo:

251 4036 403 4091 rum,
432 4021 562 4096 legit
588 4039 783 4097 magna
801 4041 933 4085 voce
968 4029 1025 4084 in
1048 4029 1379 4095 audientiam
1401 4033 1662 4091 omnium.

858 4203 1210 4264 LiBELLUS.

324 4354 387 4420 Si
409 4356 627 4427 quidem
647 4367 832 4414 essent
852 4359 1030 4432 ignota
1055 4361 1107 4416 in
1129 4362 1329 4419 seniori
1353 4362 1547 4432 Roma,
1568 4380 1689 4447 qua:
1713 4366 1830 4422 dira

1930 3290 2213 3346 materiam
2268 3292 2603 3364 habentium,
2652 3290 3121 3368 quemadmodum.
3152 3313 3209 3362 et
3249 3304 3509 3364 adversus

1927 3378 2302 3439 beatissimum
2354 3383 2629 3447 Nicolaum
2674 3390 2889 3462 gessit:
2927 3408 3047 3464 qua:
3082 3404 3137 3450 et
3188 3396 3425 3457 volebat.
3452 3400 3505 3454 in

1928 3473 2109 3528 omnia
2142 3475 2470 3545 patriarchia
2497 3481 2895 3551 transmittere;
2944 3493 3005 3541 ut
3043 3486 3185 3543 sicut
3230 3488 3343 3559 ipse
3386 3500 3510 3561 post

1930 3563 2202 3620 modicum
2231 3566 2621 3638 depositionem
2663 3587 2729 3629 ac
2764 3575 3272 3635 anathematismum
3302 3579 3357 3634 in
3381 3596 3503 3635 eum

1929 3649 2081 3720 fecit,
2109 3665 2168 3711 ut
2202 3656 2333 3713 olim
2377 3659 2565 3727 voluit,
2595 3661 2671 3735 ita
2696 3675 2754 3720 et
2785 3667 2968 3733 caeteri
2995 3669 3317 3738 patriarchae
3361 3670 3504 3727 facc-

1928 3750 2069 3799 rcnt.
2096 3742 2202 3799 Sed
2228 3746 2387 3818 hujus
2425 3746 2669 3806 fraudem
2699 3767 2804 3809 non
2834 3754 3029 3813 celavit
3053 3756 3215 3823 Deus,
3240 3758 3355 3828 ,sed
3378 3772 3500 3816 om-

1929 3837 2088 3894 nibus
2112 3839 2403 3911 patefecit;
2449 3853 2505 3900 et
2545 3845 2733 3919 hiqui
2762 3849 2943 3907 dolum
2988 3853 3333 3921 manifestum
3361 3856 3505 3913 fece-

1931 3936 2078 3995 runt,
2115 3927 2349 4017 exsiliis,
2364 3940 2420 3993 ct
2443 3935 2948 4019 proscriptionibus,
2999 3955 3066 4023 ac
3100 3942 3301 4025 flagris,
3343 3953 3507 4016 atque

1931 4016 2114 4081 multis
2157 4012 2329 4088 taediis
2371 4014 2623 4082 submissi
2672 4037 2847 4085 sunt:
2892 4033 2989 4089 sed
3032 4018 3133 4101 nec
3153 4012 3507 4094 sicivaluitsc

1931 4108 2247 4182 reprimere,
2290 4111 2384 4168 sed
2422 4117 3157 4193 quemadmodumjmpetum
3187 4124 3375 4195 habuit
3400 4126 3505 4182 mi-

1930 4196 2041 4255 seri
2067 4199 2176 4254 voti
2199 4200 2307 4268 sui,
2328 4202 2725 4274 depositionem
2746 4218 2801 4265 et
2822 4213 3331 4287 anathematismum
3353 4216 3503 4284 fecit,

1929 4295 1987 4351 et
2016 4288 2071 4345 in
2095 4302 2239 4359 eum,
2284 4291 2370 4349 his
2412 4293 2593 4364 factis,
2642 4297 2774 4369 quid
2801 4300 3168 4373 malorumin
3199 4306 3389 4381 ipsum
3438 4323 3507 4363 ex

1935 4387 2063 4437 tunc
2090 4397 2196 4439 non
2223 4385 2369 4457 egit?
2395 4385 2583 4444 Nonne
2609 4389 2798 4448 dentes
2822 4390 2944 4463 ejus
2985 4396 3245 4457 radicitus
3264 4382 3267 4385 1
3286 4398 3506 4464 evulsit,

230 4438 603 4536 ,έοηῑῑιςετυηι
642 4467 674 4506 ³
705 4451 884 4508 ΡΙιοιίί
914 4461 1097 4523 meum
1125 4465 1174 4522 ⁸»
1206 4438 1830 4539 ῖωρυεηίιιοτίέΈοειθ-
1859 4545 1902 4556 ἡ
1932 4467 2137 4529 faciens
2174 4438 2297 4528 eum
2328 4452 2381 4529 in
2409 4474 2546 4545 facie
2570 4480 2816 4548 percuti?
2839 4438 3029 4541 Nonne
3050 4438 3384 4556 Erige}:

257 4543 376 4609 sim.
413 4552 687 4633 οροτιρτει
719 4545 1078 4614 humilitale
1120 4557 1358 4604 nostram
1386 4548 1615 4605 multum
1645 4558 1830 4607 texere
1858 4545 1909 4604 Ι)
1934 4559 2042 4615 reis
2065 4560 2294 4639 vinculis
2316 4543 2787 4636 munivitiNonne
2814 4584 2936 4639 cum
2964 4543 3313 4644 fug-adapsis,
3344 4584 3401 4629 et
3425 4574 3508 4630 fu-

258 4625 587 4706 sermonem,
628 4636 974 4695 roborantem
1009 4652 1130 4708 quae
1186 4639 1331 4695 circa
1371 4655 1472 4696 nos
1516 4651 1828 4713 perpetnata

257 4732 403 4790 sunt,
439 4733 499 4781 et
538 4723 734 4796 quibus
780 4734 837 4781 et
862 4734 994 4797 quot
1037 4728 1108 4784 ab
1149 4728 1268 4799 ipso
1292 4732 1670 4787 atrocitatibus
1695 4734 1828 4789 sub-

256 4815 409 4870 missi
438 4830 628 4871 sumus
662 4833 678 4870 :
706 4817 831 4887 quia
857 4824 976 4873 erat
999 4816 1084 4873 vir
1102 4817 1208 4874 alia
1230 4819 1446 4890 quidem
1490 4821 1737 4892 loquens,
1775 4831 1833 4879 et

258 4906 362 4962 alia
391 4907 658 4979 cogitans,
707 4915 764 4963 et
805 4920 1028 4977 operam
1065 4908 1200 4965 dans
1242 4909 1522 4967 mendacio
1560 4924 1669 4967 :ex
1713 4921 1831 4969 arte

258 4996 538 5066 gentilium
569 5011 781 5069 semper
804 4997 1142 5070 proponebat
1169 4998 1333 5066 bona,
1376 4999 1697 5057 deveniebat
1739 5017 1831 5059 au-

259 5096 367 5157 tem
392 5087 448 5142 in
474 5088 638 5154 mala,
671 5096 728 5143 et
748 5098 868 5144 erat
886 5094 1080 5160 potens
1112 5089 1181 5145 ad
1210 5092 1573 5169 superandum
1600 5100 1658 5149 et
1684 5093 1843 5157 deci-,

258 5176 536 5252 piendum,
579 5185 640 5232 ut
664 5192 771 5245 non
795 5187 881 5234 est
907 5170 1099 5246 factus,
1128 5194 1228 5236 nec
1246 5180 1339 5243 fiet
1361 5181 1500 5238 ullus
1529 5183 1832 5257 hominum.

260 5264 417 5323 Unde
442 5281 567 5322 cum
593 5267 714 5324 talis
737 5279 902 5337 esset,
938 5270 1451 5345 supplantavit‘nos,
1500 5274 1594 5331 sed
1630 5288 1836 5333 sermo-

259 5371 382 5411 nem
411 5356 681 5428 prolixum
701 5372 864 5429 supra
890 5348 1105 5429 modum
1131 5360 1311 5433 facere
1335 5346 1609 5430 nolumus,
1632 5364 1839 5440 haben;

258 5454 341 5501 tes
368 5461 468 5502 vos
484 5461 673 5503 eorum
696 5464 816 5518 qua:
829 5449 1082 5521 dicunth
1102 5460 1290 5515 testes,
1314 5452 1449 5509 Nam
1473 5454 1628 5529 scitis
1648 5458 1846 5536 utique_

257 5550 377 5596 vos.
423 5535 516 5605 qui
561 5537 837 5595 meruistis
870 5540 1259 5599 obsecundare
1290 5546 1634 5603 sanctissimo
1680 5537 1835 5621 papa:

253 5622 763 5696 Nicolaotlucems:
785 5629 1049 5697 ecclesiae,
1093 5646 1158 5687 ac
1192 5632 1444 5692 lnminari
1473 5638 1637 5694 totius
1661 5640 1829 5712 orbis,

1931 4647 2151 4716 sacihus
2175 4651 2371 4717 servis,
2414 4652 2468 4730 in
2512 4652 2797 4727 fmtoribus
2839 4666 2909 4727 et,
2935 4659 3187 4735 sordibus
3232 4663 3512 4729 damnavit

1931 4754 2080 4807 eum,
2119 4750 2180 4797 ut
2200 4753 2515 4816 moraretur.
2528 4755 2771 4821 tempore
2814 4766 2923 4809 non
2954 4754 3168 4825 pauco?
3189 4752 3383 4824 Nonne
3416 4756 3512 4813 de-

1933 4833 2143 4890 nudans
2170 4846 2293 4895 eum
2304 4837 2671 4910 vestimentis,
2693 4857 2812 4913 qua:
2829 4842 3083 4913 induebat
3102 4847 3305 4920 absque
3328 4848 3502 4920 prima

1932 4922 2155 5001 parvula
2194 4926 2396 4994 tunica,
2445 4927 2605 4999 huius
2646 4947 2807 4991 crura
2849 4936 3027 5004 scidit,
3064 4937 3199 4993 etin
3236 4939 3506 5010 sepulcro.

1936 5013 2079 5087 quod
2122 5013 2176 5069 in
2225 5016 2461 5087 modum.
2487 5020 2604 5095 rogi
2650 5020 2851 5089 factum
2894 5033 2999 5091 est,
3033 5025 3281 5082 delusum
3330 5028 3497 5085 locari

1934 5100 2368 5176 fecit,.candelas
2407 5106 2636 5179 fundens
2674 5124 2809 5182 qua,
2832 5111 3029 5177 ibidem
3073 5114 3379 5184 elucebant,
3419 5131 3510 5184 ne,

1936 5207 2133 5277 aquam
2161 5195 2241 5252 eis
2269 5196 2607 5269 habentibus,
2637 5215 2759 5267 eum
2788 5201 2877 5261 siti
2907 5211 3171 5273 uteretur,
3198 5208 3264 5262 ad
3298 5206 3514 5265 refocil-

1936 5285 2191 5357 lationem
2218 5297 2499 5367 putaretur
2537 5306 2604 5346 ex
2650 5291 2798 5357 illis?
2844 5292 3036 5354 Nonne
3079 5298 3223 5355 hunc
3268 5308 3511 5355 erectum

1941 5383 2087 5446 stare
2128 5375 2423 5445 facientes,
2474 5377 2710 5435 tulerunt
2736 5380 2943 5454 virgam
2969 5425 2984 5452 ,
3029 5401 3190 5456 quam
3236 5395 3424 5445 tenens
3454 5388 3511 5444 in

1942 5466 2555 5537 manibusfulciebatur,
2599 5474 2892 5531 senectutis
2937 5475 3352 5536 imbecillitatem
3377 5494 3512 5536 con-

1940 5552 2164 5613 solanS?
2207 5556 2394 5614 Nonne
2418 5560 2534 5615 sine
2571 5561 2695 5619 cibo
2720 5580 2784 5622 ac
2810 5576 2938 5635 potu
2965 5567 3149 5625 multis
3177 5583 3298 5624 eum
3323 5566 3511 5623 diebus

1942 5647 2239 5719 transigere
2276 5646 2551 5705 fecerunt?
2594 5651 2780 5711 Nonne
2803 5656 3047 5716 exsulem
3071 5657 3218 5713 illum
3244 5656 3390 5725 fecit,
3422 5656 3511 5713 ubi

330 5753 354 5782 ι
389 5740 503 5799 Vox
536 5744 687 5807 illitis
709 5744 871 5805 libelli
904 5746 1078 5811 solum
1102 5749 1168 5807 ad
1195 5749 1467 5819 Romanos
1498 5753 1729 5815 vicarius
1776 5757 1831 5814 in
1872 5756 2033 5827 finem
2059 5773 2228 5832 usque
2256 5760 2522 5833 dirigitur.
