3960 5576
452 406 513 464 bi
572 408 581 415 “
1607 413 1744 474 ΔΝΑ
1752 414 1968 472 STASII
2005 415 2020 470 1

2118 409 2547 483 ωοτιιεωωι

3645 422 3722 482 59.

451 530 588 600 dunt
613 540 924 608 lrcquenter
950 532 1200 592 incursus
1221 533 1572 590 barbarorum
1599 569 1616 597 ,
1659 539 1713 586 et
1748 529 2031 601 rapiuntur
2056 530 2111 591 Α
2133 527 2228 584 sed
2265 543 2389 586 cum
2438 529 2778 602 symphonia,
2819 538 2871 587 et
2911 530 3110 602 epulis,
3160 539 3219 588 et
3261 532 3497 590 vestitus
3522 548 3555 589 a
3583 548 3718 605 pro-

451 624 724 692 honlines,
754 624 846 694 qui
880 624 1013 683 locis
1041 625 1144 700 illis
1173 623 1493 689 inhabitant,
1523 628 1581 677 et
1606 619 1768 691 gladii
1794 617 2045 674 cilicium-

455 736 545 787 tur
589 717 966 790 impendium?
1017 716 1122 774 Sed
1174 731 1293 787 qua:
1337 715 1404 770 ab
1452 728 1518 769 eo
1563 711 1820 781 sustinuit
1868 718 2033 767 tantae

452 811 814 867 multitudinis
843 803 1002 876 sunt,
1029 817 1088 864 ut
1116 807 1457 864 dinumerare
1485 805 1537 860 in
1563 818 1760 859 vanum
1785 802 2032 862 laborare

454 903 569 968 sit:
605 918 777 974 neque
822 901 966 959 enim
1013 916 1190 963 sermo
1223 898 1423 955 valebit
1471 899 1587 963 haec
1632 910 1910 952 enarrare.
1964 892 2032 949 Et

454 980 603 1061 tunc,
632 994 831 1066 quem?-
870 994 1255 1064 imperatorum
1294 990 1494 1060 liliumj,
1546 998 1601 1046 et
1646 990 2028 1059 imperatorum

453 1083 703 1165 nepotem
721 1101 772 1154 ﬂ,
799 1087 890 1158 qui
913 1086 1210 1163 angelicam
1238 1085 1406 1142 vitam
1434 1082 1677 1149 subiens,
1704 1082 1887 1137 habitu
1916 1095 2030 1136 mo-

453 1178 676 1240 nasticae
719 1176 1145 1234 conversationis
1170 1175 1390 1230 indutus
1412 1180 1535 1238 est,
1583 1172 1671 1241 qui
1705 1171 1814 1226 Deo
1848 1169 2029 1246 placa-

450 1269 596 1335 bilis,
627 1278 681 1326 et
724 1270 930 1342 angelis
956 1268 1285 1326 reverendus
1310 1308 1324 1335 ,
1372 1275 1533 1338 atque
1560 1265 1889 1320 daemonibus
1916 1278 2029 1320 me-

453 1360 690 1435 tuendus
713 1361 982 1432 apparuit.
1011 1361 1090 1415 Ex
1118 1360 1219 1425 his,
1249 1368 1382 1429 quot
1410 1356 1756 1429 exiguitatem
1787 1365 2027 1411 nostram

450 1451 831 1523 severitatibus
874 1450 1207 1519 submiserit,
1242 1448 1347 1505 etsi
1374 1449 1554 1505 dicere
1582 1463 1687 1503 non
1719 1461 2025 1517 possumus,

445 1555 550 1611 vos
575 1541 829 1613 colligere
857 1558 922 1598 ac
951 1557 1109 1599 nosse
1136 1541 1327 1598 valetis
1352 1559 1364 1595 :
1394 1541 1438 1596 si
1476 1540 1621 1597 enim
1657 1540 1855 1609 talibus
1881 1553 2027 1594 sum-

443 1632 557 1707 mis
583 1634 975 1699 sacerdotibus,
1005 1634 1209 1703 scilicet
1244 1634 1396 1705 papae
1422 1631 1642 1688 Nicolao
1661 1673 1677 1699 ,
1708 1640 1764 1689 et
1795 1632 2025 1693 sanctis-

443 1723 588 1785 simo
616 1727 936 1797 patriarcbm
976 1726 1180 1799 Ignatio
1203 1768 1219 1792 ,
1259 1726 1381 1782 talia
1410 1732 1662 1797 operatus
1698 1733 1780 1780 est
1805 1764 1821 1789 ,
1869 1723 2024 1779 nobis

443 1817 635 1892 utique
661 1816 951 1873 humilibus
981 1818 1176 1873 mentis
1201 1816 1462 1872 munditia
1491 1815 1670 1887 qualia
1703 1814 1889 1872 fecerit
1918 1829 2022 1869 non

2133 619 2254 691 prio
2272 628 2446 691 patre,
2468 620 2754 692 pristinum
2778 610 3154 678 indumentum
3181 629 3236 678 et
3270 622 3499 693 primam
3519 624 3719 697 stolam

2135 712 2340 784 recepit
2374 710 2507 784 (an
2553 714 2709 785 xviii)
2733 727 2751 767 :
2779 721 2841 770 ut
2874 712 3028 770 daret
3056 712 3294 771 formam
3338 700 3719 787 temperantié

2134 817 2198 860 ac
2239 800 2623 859 moderationis
2641 804 2901 860 facienda
2923 819 3088 876 super
3124 820 3244 872 nos,
3269 806 3361 876 qui
3384 808 3681 866 recidimus
3695 829 3717 879 ς

2131 901 2187 949 et
2232 892 2574 964 publicanum
2622 893 2963 950 humiliatum
2986 893 3299 963 justiticavit
3328 893 3460 969 (Luc
3484 896 3610 969 vn),
3658 907 3721 957 οε

2132 985 2434 1041 meretricis
2459 984 2728 1058 Iacrymas
2740 985 2977 1056 suscepit
2997 982 3133 1058 (Luc
3155 984 3335 1057 mn),
3361 995 3527 1057 atque
3547 987 3717 1045 latro-

2131 1074 2629 1150 niscconkssionem
2665 1075 2980 1142 admittens,
3014 1076 3161 1132 hunc
3189 1077 3313 1148 ipso
3336 1077 3425 1132 die
3461 1078 3517 1146 in
3550 1090 3720 1151 para-

2132 1164 2307 1234 disum
2336 1165 2631 1235 introduxit
2660 1163 2876 1237 (Haud.
2903 1162 3018 1238 xx).
3052 1164 3160 1222 ﬂos
3185 1182 3317 1222 vero
3338 1167 3433 1237 qui
3455 1167 3509 1222 in
3548 1169 3715 1243 vinea

2129 1258 2337 1328 pondus
2361 1258 2526 1313 totius
2550 1257 2667 1314 dtel-
2682 1258 3072 1326 sustinuerunt,
3096 1268 3150 1316 et
3174 1260 3279 1330 quis
3297 1274 3401 1316 una
3423 1260 3556 1317 hora
3586 1268 3715 1318 tan-

2131 1349 2407 1404 tummodo
2454 1356 2958 1419 perseveraverunt,
3006 1358 3069 1405 ut
3087 1341 3263 1406 media
3298 1360 3713 1424 praetereamus,

2126 1439 2244 1511 pari
2275 1438 2606 1510 fecitdignos
2633 1440 2885 1496 mercede
2907 1439 3043 1512 (Luc
3066 1441 3200 1512 Vn);
3233 1454 3298 1498 ac
3309 1442 3357 1498 ei
3378 1444 3463 1498 cui
3480 1432 3717 1503 multum.

2127 1534 2377 1607 debebat,
2407 1542 2464 1590 et
2497 1534 2583 1590 cui
2606 1549 2797 1605 pauca,
2825 1548 2893 1591 ex
2932 1549 3088 1607 aequo
3115 1536 3356 1609 donavit,
3387 1545 3449 1593 ut
3474 1538 3546 1594 ad
3593 1552 3720 1610 nia-3

2119 1624 2293 1696 jorem
2315 1627 2632 1699 dignitatem
2658 1628 2979 1695 attraheret,
3009 1629 3205 1701 quibus
3224 1629 3452 1685 multum
3472 1630 3705 1686 dimisit.

2125 1721 2257 1778 Cum
2288 1720 2589 1791 hujusmodi
2612 1737 2710 1794 spe
2749 1722 2804 1778 in
2827 1721 3131 1779 humilitate
3158 1723 3372 1791 animae,
3417 1731 3475 1779 et
3501 1723 3712 1781 contri-

2128 1812 2274 1868 tione
2332 1813 2530 1878 cordis,
2577 1813 2643 1867 ad
2691 1811 3034 1868 sanctitatem
3082 1821 3319 1869 vestram
3367 1814 3713 1879 accedentes,

444 1906 728 1983 ignoratis.
760 1906 906 1962 Multi
934 1907 1077 1963 enim
1104 1923 1170 1965 ex
1197 1907 1353 1964 nobis
1373 1922 1494 1963 cum
1523 1905 1825 1963 infidelibus
1850 1903 2022 1975 genti—
2049 1891 2097 1952 Β
2123 1903 2269 1960 hunc
2303 1903 2454 1960 vobis
2483 1901 2723 1971 libellum
2750 1902 3017 1971 dedimus,
3063 1918 3171 1972 non
3192 1903 3247 1959 in
3296 1903 3457 1961 labiis
3483 1903 3711 1973 dolosis,

444 1997 548 2053 bus
575 1997 630 2053 in
657 1998 910 2070 praetorio
947 1997 1194 2053 mulctati
1222 2007 1368 2065 sunt,
1399 1997 1648 2069 fameque
1689 2012 1753 2053 ac
1778 1998 1888 2062 siti,
1922 2012 2017 2053 seu

442 2087 655 2167 cteteris
680 2087 915 2145 miseriis
944 2085 1147 2159 amicti,
1177 2087 1243 2143 ad
1285 2089 1576 2144 secandum
1622 2101 1894 2142 marmora
1921 2090 2041 2156 pro

444 2180 606 2250 lignis
626 2179 867 2255 damnati
894 2187 1020 2242 sunt
1044 2198 1059 2234 :
1084 2179 1174 2234 alii
1196 2184 1379 2235 autem
1407 2193 1505 2251 pro
1525 2193 1610 2245 eo,
1637 2187 1696 2233 ut
1713 2193 1834 2235 eum
1862 2177 2018 2251 lignis

442 2257 753 2334 l'erirentur,
785 2269 975 2340 spatha
1013 2269 1472 2343 percutiebantur,
1504 2269 1571 2325 iis
1608 2268 1700 2340 qui
1729 2267 2015 2336 feriebant,

441 2375 551 2434 non
577 2368 638 2431 ut
664 2360 994 2427 sacerdotes,
1023 2361 1198 2431 neque
1225 2367 1287 2416 ut
1314 2360 1558 2416 homines
1584 2373 1804 2416 carnem
1839 2358 2021 2427 feren-f

444 2424 560 2518 tes,
596 2424 692 2508 sed
719 2459 779 2506 ut
805 2424 1364 2522 inanimata-corpora
1393 2449 1836 2522 percutientibus.
1884 2424 2021 2504 Illud
2068 2506 2069 2509 η

445 2529 614 2612 vero,
654 2545 797 2617 quod
837 2544 1078 2621 calcibus
1117 2543 1502 2617 submittebaut
1530 2582 1543 2608 ,
1591 2550 1648 2598 et
1688 2541 2019 2612 huicpmnte

444 2632 704 2713 subjectis
726 2635 932 2703 viscera
963 2634 1288 2702 evellebant,
1317 2641 1378 2690 ut
1411 2632 1528 2693 leve
1566 2640 1895 2691 tormentum
1922 2632 2019 2687 ha-

442 2710 662 2796 bebant.
688 2725 749 2781 ld
772 2735 1054 2798 praeterea,
1078 2741 1185 2798 quo
1205 2724 1491 2781 monilibus
1512 2722 1703 2779 ferreis
1729 2720 2016 2788 alliciebat,

434 2802 722 2875 oteatenis
741 2817 1026 2891 vinciebat,
1052 2816 1230 2892 tenum
1261 2812 1380 2886 post
1400 2815 1596 2871 multos
1616 2813 1735 2869 dies
1759 2812 1812 2869 in
1832 2826 2016 2867 escam

445 2906 691 2985 praebens
717 2945 733 2974 ,
779 2900 1169 2962 humanitatem
1197 2904 1420 2975 multam
1449 2917 1571 2960 esse
1597 2904 1840 2976 putabat.
1875 2900 2018 2971 Quot

443 2988 625 3075 autem
669 2997 723 3052 in
755 2997 1052 3065 tenebrosis
1086 3006 1141 3051 et
1170 2999 1357 3051 umbra
1401 2996 1611 3061 mortis,
1640 2994 1693 3048 in
1734 2992 2017 3050 lictoribus

443 3072 739 3156 mortiferis
775 3084 1138 3152 includebant,
1167 3100 1267 3141 nec
1296 3085 1565 3157 tegebant,
1595 3097 1717 3140 cum
1743 3081 2018 3139 facerent?

2117 2010 2294 2066 neque
2314 1996 2371 2051 in
2396 1994 2521 2051 dolo
2546 1995 2767 2052 mentis.
2796 1994 2915 2067 ipse
2943 1995 3086 2053 Deus
3108 1996 3261 2053 testis
3287 2005 3393 2064 est,
3417 1996 3510 2068 qui
3541 1996 3711 2063 etiam

2116 2086 2280 2144 vades
2305 2093 2391 2142 est
2413 2092 2633 2166 noster;
2662 2086 2757 2142 sed
2781 2100 2848 2141 ex
2877 2086 3188 2143 sinceritate
3213 2101 3278 2144 ac
3304 2087 3714 2161 munditiaspe—

2119 2186 2303 2234 rantes
2330 2176 2385 2232 in
2416 2176 2767 2233 miseratione
2786 2177 2880 2236 Dei
2908 2179 3097 2251 nostri,
3128 2180 3509 2250 quihominem
3532 2188 3711 2239 amat,

2117 2274 2173 2338 et
2208 2268 2622 2341 intercessiones
2650 2278 2851 2347 sancta:
2906 2284 2970 2325 ac
3011 2271 3346 2327 intemeratae
3372 2271 3466 2326 Dei
3485 2272 3715 2343 genitri—

2118 2358 2198 2421 eis
2227 2357 2430 2425 Mariae,
2475 2365 2532 2423 et
2557 2366 2868 2415 sanctorum
2902 2359 3293 2430 apostolorum,
3321 2369 3377 2417 et
3400 2361 3706 2426 beatissimi

2118 2464 2184 2508 ac
2213 2449 2540 2507 sanctissimi
2587 2463 2742 2522 papae
2792 2448 2997 2507 Nicolai
3040 2450 3093 2516 ιι,
3132 2460 3301 2522 atque
3325 2452 3498 2508 sancti
3537 2452 3721 2523 patris

2117 2541 2291 2613 nostri
2318 2550 2373 2613 et
2401 2541 2599 2615 summi
2621 2540 2919 2597 sacerdotis
2944 2540 3160 2612 lgnatii,
3201 2549 3507 2614 vestraeque
3528 2544 3708 2605 beati-

2118 2631 2319 2690 tudinis
2359 2618 2786 2711 orationes,.nec
2810 2646 2917 2688 non
2947 2640 3005 2696 et
3040 2632 3505 2713 sanctissimorum
3551 2636 3702 2692 vice-

2116 2715 2321 2784 riorum
2350 2723 2607 2789 Orientis,
2654 2724 2767 2796 jam
2811 2739 2918 2780 non
2955 2723 3139 2780 taliter
3187 2740 3288 2783 nos
3321 2740 3707 2797 expavescere,

2117 2815 2212 2870 sed
2252 2829 2468 2869 manum
2490 2814 2818 2885 accipientes
2845 2828 2876 2869 a
2908 2814 3080 2881 vobis,
3126 2829 3250 2887 quae
3286 2830 3387 2872 nos
3411 2816 3702 2883 confortet,

2116 2917 2173 2963 et
2219 2905 2272 2983 in
2322 2905 2641 2982 rectitudine
2681 2912 2916 2985 statuat;
2954 2912 3010 2960 et
3038 2913 3300 2985 quantum
3334 2920 3400 2962 ex
3424 2907 3709 2985 proposito

2117 3011 2289 3066 usque
2311 2996 2378 3051 ad
2407 2995 2722 3067 sanguinem
2751 2982 3033 3055 decertare
3058 2982 3531 3066 in‘ecclesiasticis
3568 2982 3709 3075 cauf

2117 3086 2213 3151 sis,
2246 3093 2302 3141 ut
2324 3093 2380 3140 et
2401 3084 2681 3157 culparum
2709 3097 2846 3156 quas
2888 3085 3146 3155 fecimus,
3174 3101 3241 3142 ex
3272 3087 3375 3143 hac
3401 3089 3705 3146 correctio-

442 3177 537 3239 sed
560 3164 878 3249 gloriantes,
898 3184 954 3233 et
973 3176 1354 3241 cachinnantes
1377 3188 1570 3255 magna
1597 3188 1746 3237 voce,
1772 3172 2019 3230 uescien-
2046 3244 2087 3255 _
2119 3191 2212 3245 ne,
2244 3177 2299 3233 in
2328 3176 2697 3255 satisfactione
2725 3177 2904 3250 cordis
2934 3176 3054 3251 (aL,
3084 3186 3139 3234 et
3170 3177 3562 3255 satisfactione:
3580 3193 3707 3253 cor-7

442 3244 589 3345 tibus
611 3245 734 3342 cum
765 3269 980 3331 feritate
1010 3276 1170 3341 atque
1206 3244 1491 3342 iactantia?
1512 3266 1887 3340 loquebantur,
1935 3265 2015 3327 lu-
2039 3244 2089 3309 ο
2118 3267 2227 3340 dis)
2275 3247 2662 3338 indulgentiam
2726 3244 3092 3347 percipia‘mus
3128 3284 3143 3322 :
3199 3277 3254 3322 et
3305 3244 3413 3323 non
3471 3244 3705 3326 ulterius

441 3349 668 3419 dentes.
696 3360 766 3415 Et
795 3359 971 3439 rogati
1004 3367 1065 3413 ut
1101 3357 1299 3414 talibus
1342 3356 1768 3413 misericordiam
1811 3355 2016 3427 praebe-

439 3461 603 3520 rent,
645 3452 818 3529 magis
846 3451 1191 3508 insaniebant
1215 3491 1231 3516 ,
1276 3463 1341 3506 ac
1370 3449 1605 3507 deterius
1629 3450 2014 3507 causabantur.

436 3542 587 3623 Alios
612 3542 775 3598 etiam
809 3542 865 3598 in
901 3541 1276 3623 extremitates
1303 3540 1471 3611 orbis,
1509 3549 1564 3596 et
1610 3540 1663 3596 in
1692 3539 2018 3613 alienigena-

436 3620 559 3688 rum
606 3632 722 3712 loca
770 3630 900 3688 fecit
935 3618 1195 3687 exsilia'ri.
1239 3630 1333 3686 His
1359 3631 1737 3712 atrocitatibus
1761 3626 2016 3709 submissi
2052 3618 2069 3625 “

436 3738 560 3804 nos,
586 3710 642 3799 et
682 3724 737 3780 in
766 3739 1033 3802 summum
1071 3723 1406 3795 sacerdotem
1450 3732 1712 3787 nostrum,
1733 3710 1800 3779 vet
1837 3714 1891 3779 iu
1921 3738 2016 3791 eos

436 3815 534 3886 qui
562 3809 707 3871 cum
732 3814 823 3888 illo
847 3815 1268 3886 perseverabant
1298 3856 1313 3880 ,
1360 3814 1543 3888 pejora
1587 3814 1672 3869 his
1704 3823 1760 3891 ext
1789 3813 2013 3869 saeviora

432 3905 704 3976 committi
722 3896 988 3973 videntes,
1010 3904 1192 3966 alllicti
1217 3914 1273 3961 et
1300 3904 1506 3975 fatigati
1535 3917 1739 3967 sumus,
1767 3903 2013 3961 videlicet

430 4002 550 4070 tam
583 3998 638 4052 in
664 3997 785 4069 aliis
812 3997 935 4073 fieri
976 3998 1093 4054 hinc
1123 3997 1443 4067 aspicientes
1466 4036 1482 4061 ,
1530 4010 1690 4069 quam
1740 3994 1840 4064 ipsi
1886 3993 2012 4050 talia

429 4074 731 4160 patienia;
758 4075 1008 4159 ideoque
1036 4088 1281 4145 deterriti
1318 4086 1606 4163 incidimus
1642 4084 2011 4159 seductionem

433 4170 493 4255 et
535 4174 773 4255 errorem
816 4187 980 4249 atque
1007 4178 1116 4232 vim
1145 4177 1531 4243 saevissimam;
1578 4185 1635 4231 et
1678 4183 1783 4231 nOn
1819 4184 2011 4249 sponte

432 4251 814 4351 {ecimuslquaa
860 4268 1040 4337 dicere
1088 4266 1409 4343 conﬁtentes
1453 4259 1853 4323 confundimur.
1900 4263 2008 4321 Sed

432 4350 618 4433 omnia
657 4350 772 4414 haec
808 4357 950 4413 facta
996 4365 1122 4412 sunt
1166 4356 1221 4410 in
1266 4369 1387 4421 nos,
1415 4354 1740 4433 necessitate
1769 4354 1838 4410 ab
1863 4368 1931 4427 eo
1954 4363 2010 4432 et

431 4430 487 4520 vi
514 4434 625 4505 non.
647 4456 922 4512 cessante,
959 4446 1340 4523 voluntatequc
1377 4430 1561 4499 nostra
1590 4458 1650 4500 se
1677 4432 1822 4521 nullo
1849 4430 2012 4504 modo

430 4536 574 4595 ﬂecti
599 4535 969 4593 consentiente
999 4552 1014 4592 :
1044 4534 1299 4606 lacrymis
1337 4533 1483 4590 enim
1516 4542 1568 4589 et
1599 4533 1886 4605 gemitibus
1914 4546 2007 4604 pe-

430 4607 583 4686 nitus
608 4612 949 4699 replebamur
975 4635 1029 4684 et
1056 4625 1340 4692 facientes,
1366 4614 1421 4680 et
1456 4622 1741 4706 postquam
1774 4622 2008 4687 iacieba-

430 4713 576 4776 mus.
597 4719 705 4776 Sed
727 4727 814 4776 est
838 4719 994 4787 nobis
1021 4733 1145 4796 spes
1164 4717 1353 4773 salutis
1391 4731 1498 4773 non
1539 4731 1606 4771 ex
1630 4708 2008 4794 operibusnoj

432 4811 584 4888 stris,
604 4825 778 4882 neque
808 4797 1088 4888 exjustitia
1114 4823 1276 4879 quam
1304 4807 1550 4873 fecimus,
1565 4821 1739 4876 neque
1757 4809 1900 4873 enim
1932 4806 2009 4885 le-

434 4885 609 4973 cimus
625 4921 639 4958 :
654 4902 936 4959 licetenim
955 4885 1337 4972 restiterimus,
1359 4907 1413 4953 et
1434 4898 1653 4953 multam
1670 4901 1776 4973 rim
1791 4915 2008 4970 perpes-

432 4976 810 5064 si,multisqne
830 4992 1112 5061 tormentis
1136 4981 1342 5046 subacti
1368 4972 1614 5053 simus,in
1638 4972 1799 5044 tinem
1827 5000 2006 5061 tamen

430 5084 490 5148 in
517 5081 750 5139 miseriis
762 5072 867 5139 non
881 5080 1239 5138 substitimus.
1260 5079 1356 5135 Est
1389 5092 1518 5149 ergo
1548 5093 1671 5161 spes
1695 5093 1763 5133 ex
1789 5095 1875 5147 eo,
1900 5064 2008 5150 quo

430 5168 530 5232 vos
550 5174 684 5233 estis
700 5174 1002 5246 imitatores
1021 5173 1197 5245 Dei,et
1211 5166 1301 5245 qui
1320 5189 1418 5230 vos
1435 5172 1720 5239 miserunt,
1743 5169 1903 5244 atque
1916 5174 2010 5229 do-

430 5263 610 5318 i‘nlmis
631 5256 687 5312 et
710 5254 1215 5323 suniniussacenlos
1227 5278 1409 5322 noster
1431 5265 1592 5318 simili
1609 5263 1778 5312 ηιηιιη,
1798 5263 2008 5316 Etenim

2116 3359 2331 3428 Photio,
2378 3374 2516 3415 vana
2555 3359 2786 3430 sapienti
2834 3359 2922 3416 vel
2963 3360 3342 3417 consentaneis
3385 3359 3522 3431 ejus,
3572 3360 3704 3426 dum

2117 3451 2514 3522 permanserint
2544 3450 2598 3505 in
2630 3450 3006 3507 exsecratione
3027 3465 3146 3518 sua,
3170 3458 3226 3508 et
3251 3457 3451 3508 sancta:
3479 3450 3574 3506 Dei
3606 3464 3703 3506 ca-

2119 3542 2332 3598 tholica:
2357 3542 2613 3599 Ecclesia:
2627 3542 3040 3607 dissonaverint,
3068 3542 3540 3619 concordabimus,
3596 3543 3705 3599 nec

2117 3633 2322 3690 erroris
2349 3632 2465 3701 eius
2492 3641 2547 3690 et
2573 3633 2903 3693 seductionis
2936 3633 3241 3707 turbulenta
3285 3634 3484 3706 ﬂuenta
3515 3642 3707 3706 gusta-

2117 3724 2314 3781 bimus.
2343 3725 2483 3781 Ecce
2507 3725 2651 3781 enim
2681 3739 2768 3792 ea,
2798 3739 2918 3794 quae
2938 3725 3007 3780 ab
3030 3725 3147 3796 ipso
3173 3725 3431 3789 bibimus,
3460 3733 3515 3780 et
3540 3738 3699 3779 ama-

2115 3832 2237 3873 rum
2283 3824 2339 3891 et
2380 3816 2646 3891 dolosum,
2691 3831 2757 3874 ac
2793 3816 3013 3874 exitiale
3048 3815 3320 3893 poculum‘
3344 3823 3705 3893 exspuentes,

2114 3888 2329 3964 nosmet
2370 3907 2424 3964 iu
2470 3884 2612 3965 hanc
2634 3882 2883 3964 sanctam
2916 3882 3179 3981 synodum
3204 3882 3538 3981 prdjicim—us,
3567 3889 3710 3984 pro-1'

2119 3998 2333 4055 lltentes
2363 3998 2526 4055 etiam
2571 4009 2890 4070 accepturos
2923 4014 3024 4055 nos
3062 4013 3183 4055 esse
3221 3998 3455 4054 libenter
3498 4013 3531 4053 a
3568 4012 3701 4054 san-

2112 4090 2354 4148 ctissimo
2398 4105 2612 4147 summo
2655 4093 2935 4148 sacerdote
2958 4100 3147 4148 nostro
3176 4090 3476 4163 epitimium
3504 4090 3699 4145 delini-

2114 4186 2246 4255 tum.
2264 4176 2320 4243 Si
2342 4187 2522 4235 autem
2549 4187 2669 4249 post
2692 4179 2834 4255 hanc
2847 4180 3200 4246 erectionem,
3227 4194 3347 4250 qua:
3380 4178 3432 4233 in
3464 4177 3697 4246 nossine

2113 4256 2408 4324 calliditate
2434 4275 2595 4339 atque
2615 4268 3030 4327 conturbatione
3062 4269 3203 4323 facta
3239 4276 3345 4332 est,
3375 4281 3475 4323 nos
3500 4265 3704 4338 callide;

2112 4371 2273 4427 agere
2315 4365 2502 4414 contra
2529 4357 2831 4413 Ecclesiam
2874 4358 2971 4413 Dei
2999 4358 3052 4413 in
3104 4357 3286 4429 aliquo
3326 4355 3689 4423 voluerimus;

2109 4441 2181 4514 sit
2220 4449 2376 4505 nobis
2400 4450 2662 4519 depositio
2687 4464 2717 4503 a
2742 4448 2927 4517 Patre,
2956 4457 3012 4506 et
3051 4449 3207 4528 Filio,
3241 4457 3295 4506 et
3336 4447 3541 4520 Spiritu
3570 4463 3695 4504 san-

2110 4547 2220 4604 eto,
2261 4547 2317 4595 et
2359 4537 2502 4592 nulla
2537 4538 2603 4593 ad
2632 4538 2960 4593 erectionem
2996 4538 3222 4594 ulterius
3251 4538 3547 4594 revocatio.
3580 4536 3691 4594 Do-

2112 4639 2274 4686 natus
2317 4629 2692 4703 sanctissimus
2741 4630 3025 4701 episcopus
3058 4629 3242 4697 Ostiae,
3276 4638 3328 4687 et
3381 4614 3697 4705 Stephanus

2111 4722 2486 4802 sanctissimus
2512 4722 2795 4793 episcopus
2819 4721 3001 4799 Nepm,
3039 4733 3093 4780 et
3128 4723 3366 4779 Marinus
3403 4722 3515 4779 Deo
3548 4706 3693 4780 ami-

2111 4813 2362 4872 cissimus
2384 4811 2643 4888 diaconus
2667 4821 2868 4869 sancta:
2900 4813 3263 4879 Romanorum
3307 4810 3563 4868 Ecclesiae
3608 4812 3687 4866 vi-

2112 4902 2245 4983 carii
2268 4902 2496 4958 Romani
2518 4901 2988 4973 interrogaverunt
3016 4895 3299 4975 episcopos
3324 4920 3336 4956 :
3361 4901 3525 4972 Cujus
3553 4901 3698 4983 estis

2110 4978 2488 5065 consecratio?
2529 4993 2777 5065 Episcopi
2802 4993 3056 5048 dixerunt
3081 5012 3093 5047 :
3122 4983 3367 5048 Diiimns
3389 4993 3515 5064 Quia
3540 4991 3685 5048 beati

2109 5074 2367 5145 Methodii
2418 5094 2474 5141 et
2509 5084 2836 5141 sanctissimi
2863 5084 3076 5157 lgnatii.
3111 5084 3451 5155 sanctissimi
3492 5083 3686 5147 vicarii

2108 5178 2338 5250 Romani
2382 5177 2675 5253 dixerunt:
2708 5174 3044 5247 Suscipimus
3086 5194 3182 5231 vos
3221 5178 3512 5245 secundum
3541 5174 3681 5246 prte-

2108 5252 2410 5320 ceptionem
2440 5252 2769 5322 sanctissimi
2792 5281 2945 5326 naua:
2987 5268 3158 5322 nostri
3205 5267 3423 5323 Adriani
3459 5275 3679 5336 propter

3324 5356 3365 5374 "
3448 5372 3461 5376 ο
3475 5374 3493 5375 η
3517 5355 3680 5406 mdis-
