3960 5542
245 391 326 449 55
1001 395 1550 452 INTERPBETATIO
1587 393 1837 452 SYNODI
1882 396 1988 451 VIII
2025 395 2435 453 CENEIlALIS.
2462 428 2528 438 -—
2561 397 2764 454 ACTIO
2805 399 2865 453 ll.
3467 401 3534 455 54

244 518 432 573 quam
485 519 558 559 ex
611 518 847 574 persona
895 503 1014 560 Filii
1053 505 1146 560 Dei
1193 506 1471 561 habemus.
1517 506 1857 562 Sanctissimi
1888 509 1933 568 Α
1964 513 2130 560 totam
2169 507 2334 561 vitam
2359 505 2617 577 {nostram
2665 521 2987 563 conservare
3027 523 3146 576 quae
3188 507 3294 562 illic
3333 509 3530 580 scripta

245 595 461 651 vicarii
488 596 736 652 senioris
762 597 942 652 Romae
967 596 1221 652 dixerunt
1247 614 1262 654 :
1284 599 1560 667 quotestis
1590 598 1870 653 numero?
1961 595 2474 659 suntﬁneonvulsa.
2516 595 2756 667 lgnatius
2806 596 3180 653 sanctissimus
3223 599 3529 668 patriarcha

244 681 336 740 Illi
371 692 567 741 autem
614 686 899 740 dixerunt:
927 684 992 740 Et
1033 693 1190 742 antea
1237 686 1471 743 diximus
1513 687 1638 757 quia
1678 688 1857 744 nesci-

245 790 404 829 mus.
440 773 795 830 Sanctissimi
835 775 1018 830 vicarii
1063 775 1292 832 senioris
1327 776 1510 831 Roma:
1555 778 1808 832 dixerunt
1841 795 1854 831 :

243 862 407 920 Ecce
457 875 657 920 sancta
709 864 950 920 Romana
978 865 1218 921 Ecclesia
1252 881 1360 921 non
1401 866 1604 923 claudit
1647 867 1855 922 viscera

246 969 352 1009 sua
389 955 655 1010 omnibus
685 956 856 1019 vobis,
888 956 932 1010 si
961 955 1166 1011 otlertis
1197 955 1432 1012 libellum
1462 969 1526 1012 ex
1559 965 1672 1012 toto
1694 959 1856 1012 corde

243 1038 468 1100 vestro.
493 1045 559 1100 Et
587 1047 789 1102 iterum
818 1047 975 1101 iidem
1002 1046 1100 1117 ipsi
1117 1047 1442 1103 sanctissimi
1462 1048 1652 1104 vicarii
1674 1048 1855 1104 senio-

247 1129 332 1189 ris
363 1135 559 1191 Boma:
584 1135 651 1190 ad
674 1135 954 1207 episcopos
980 1137 1266 1192 dixerunt:
1293 1136 1590 1194 Detulimus
1615 1137 1854 1194 libellum

247 1236 506 1297 asancta
533 1225 778 1282 Romana
805 1223 1063 1293 Ecclesia,
1089 1242 1115 1280 a
1143 1228 1483 1284 sanctissimo
1498 1244 1631 1300 papa
1658 1227 1853 1285 Adria-

247 1335 325 1374 no
354 1360 372 1383 ,
429 1320 751 1375 mandatum
795 1320 864 1375 ab
903 1334 971 1375 eo
1012 1320 1356 1390 accipientes,
1399 1320 1615 1391 exigere
1644 1336 1673 1377 a
1701 1322 1854 1377 vobis

248 1411 378 1486 fieri
397 1412 577 1482 ipsum
596 1411 858 1480 libellum,
888 1421 944 1468 et
968 1411 1047 1468 sic
1074 1427 1168 1467 vos
1197 1413 1470 1482 suscipere
1497 1432 1511 1466 :
1541 1413 1699 1469 vultis
1721 1429 1852 1486 ergo

249 1505 443 1560 facere
471 1503 618 1575 quod
637 1502 849 1573 jussum
884 1513 966 1560 est
991 1518 1021 1558 a
1048 1505 1390 1560 sanctissimo
1420 1519 1556 1574 papa
1577 1505 1851 1560 Adriano?

250 1586 514 1666 Episcopi
545 1595 800 1650 dixerunt
827 1612 840 1648 :
869 1594 1148 1659 Volumus,
1167 1604 1218 1651 et
1245 1594 1422 1665 placet
1452 1595 1624 1660 uobis;
1653 1605 1708 1650 et
1728 1596 1852 1652 sub-

250 1683 575 1759 scribimus.
608 1680 948 1740 Sanctissimi
981 1685 1168 1739 vicarii
1206 1685 1439 1741 senioris
1465 1684 1650 1741 Romae
1694 1686 1848 1741 dixe-

252 1782 381 1834 runt
418 1791 434 1828 :
465 1771 735 1829 Volumus
779 1785 834 1829 et
853 1773 1106 1845 iubemus
1136 1773 1295 1846 relegi
1323 1789 1448 1831 eum
1479 1777 1531 1830 in
1555 1787 1845 1846 conspectu

1961 686 2500 758 ConstantinOpoleos
2530 686 2668 742 dixit
2697 700 2714 741 :
2751 686 2896 743 Bene
2923 702 2988 742 ac
3024 686 3278 744 decenter
3307 687 3528 755 fecistis,

1961 776 2052 831 ﬁlii
2109 776 2442 833 dilectissimi
2479 776 2671 832 nostri.
2701 775 2841 831 Ecce
2885 776 3119 848 suscipio
3145 793 3240 832 vos
3267 778 3406 833 sicut
3434 780 3534 833 mi-

1957 867 2194 922 sericors
2221 877 2276 923 et
2312 867 2603 924 benevolus
2642 875 2798 939 pater
2839 868 3120 939 prodigum
3167 867 3332 923 ﬁlium
3375 886 3528 924 smun

1957 972 2232 1013 reversum
2261 959 2326 1013 ad
2350 959 2753 1028 pmnitentiam;
2789 968 3068 1030 propterea
3097 959 3220 1028 quia
3245 968 3298 1015 et
3343 970 3530 1015 sancta

1958 1047 2323 1105 llomauorum
2342 1049 2584 1106 Ecclesia
2597 1049 2896 1121 benigniori
2914 1047 3107 1106 allectu
3132 1057 3273 1105 mota
3301 1059 3383 1105 est
3401 1066 3528 1121 erga

1955 1139 2316 1196 reverentiam
2374 1149 2611 1194 vestram
2640 1179 2656 1205 ,
2705 1139 2900 1208 quibus
2959 1146 3012 1195 et
3067 1139 3532 1194 concordavcrunt

1954 1231 2118 1285 etiam
2148 1228 2454 1286 Orientales
2486 1228 2661 1285 sedes.
2691 1229 2758 1284 Et
2781 1240 2900 1300 post
2923 1231 3026 1284 hoc
3048 1228 3364 1284 Theodorus
3388 1243 3523 1282 reve-

1956 1321 2309 1377 rendissimus
2338 1320 2622 1390 episcopus
2650 1318 2863 1389 Sinope:
2889 1319 3023 1374 dixit
3045 1317 3192 1372 :Non
3218 1317 3389 1372 solum
3415 1307 3516 1386 cpi-

1956 1402 2122 1468 t'imiis
2159 1427 2346 1468 sumus
2376 1411 2548 1483 digni,
2577 1411 2671 1467 sed
2701 1419 2756 1465 ct
2783 1410 2990 1480 pmuis;
3039 1410 3134 1466 sed
3164 1409 3526 1465 misericordia

1955 1511 2041 1557 tua
2062 1518 2250 1574 inagna
2262 1499 2911 1570 est,domine.Xeuophon
2927 1497 3406 1554 reverendissimus
3423 1495 3531 1565 cpi-

1951 1610 2149 1664 sc0pus
2164 1593 2362 1650 Milassi
2379 1593 2541 1650 dixit:
2559 1592 2692 1649 Cum
2708 1592 2809 1648 sim
2823 1592 3007 1647 multis
3020 1592 3192 1662 pomis
3204 1590 3420 1668 dignus,
3439 1603 3501 1643 su
3517 1620 3528 1628 ~

1950 1685 2329 1757 perhumerale
2353 1684 2585 1755 accipio.
2615 1683 2682 1739 Et
2703 1693 2983 1754 postquam
3000 1690 3324 1752 acceperunt
3342 1695 3529 1749 super-

1950 1777 2246 1833 humcralia
2260 1793 2380 1844 sua,
2397 1776 2653 1832 sederunt
2680 1775 2874 1848 singuli
2901 1776 2952 1829 in
2979 1775 3166 1830 ordine
3195 1791 3311 1830 suo.
3338 1774 3402 1828 Et
3430 1774 3527 1828 itc-

251 1865 522 1932 omnium.
577 1864 645 1933 Et
688 1866 958 1936 accipiens
999 1866 1305 1938 Stephanus
1346 1867 1456 1925 Deo
1484 1869 1845 1927 amicissimus
1875 1862 1920 1924 Β
1947 1867 3523 1940 rumPaulusDeoamicissimuschartophylaxstansinme-

252 1956 519 2012 diaconus
548 1966 607 2012 et
632 1958 877 2020 notarius
906 1958 1034 2030 legit
1055 1959 1292 2015 libellum
1332 1959 1538 2027 Grates,
1561 1961 1652 2032 qui
1679 1977 1709 2016 a
1734 1962 1846 2018 Ro-

253 2063 417 2116 mano
436 2047 624 2106 fuerat
653 2052 1020 2114 transmissus,
1051 2052 1141 2122 qui
1170 2052 1333 2109 etiam
1374 2052 1428 2109 in
1466 2055 1642 2126 prima
1673 2052 1846 2111 lectus

252 2146 336 2202 est
359 2138 602 2193 actione.
638 2138 714 2210 Et.
727 2133 849 2209 post
877 2138 1162 2202 lectionem
1193 2142 1522 2198 sanctissimi
1547 2144 1738 2199 vicarii
1758 2158 1848 2200 se-

257 2229 432 2305 nioris
457 2228 653 2284 Romae
681 2231 750 2286 ad
775 2231 1055 2312 episcopos
1081 2232 1371 2288 dixerunt:
1404 2231 1668 2297 Libellum
1702 2235 1846 2292 hunc

255 2319 524 2376 audistis?
547 2317 737 2378 Placet
765 2317 954 2377 vobis?
975 2319 1210 2379 Seribite
1235 2323 1406 2378 illum.
1439 2323 1847 2396 Suscipitisom-

255 2412 342 2485 nia
371 2427 496 2482 qua}
514 2412 661 2478 edita
681 2422 818 2486 sunt,
837 2431 866 2469 a
891 2425 1077 2486 sancta
1103 2414 1345 2491 Romana
1374 2416 1652 2488 Ecclesia?
1675 2418 1846 2478 Reve-

257 2503 582 2574 rendissimi
630 2504 870 2577 episcopi
918 2505 1172 2576 dixerunt
1203 2503 1464 2570 :Plaeet,
1514 2509 1844 2578 scribimus,

259 2601 310 2649 et
337 2592 668 2663 suscipimus
698 2583 903 2651 omnia.
936 2595 1178 2652 Donatus
1207 2597 1692 2654 revereudissimus
1731 2599 1844 2669 epi-

231 2680 234 2682 ⁷
257 2697 450 2754 scopus
470 2682 758 2752 Ostiensis,
780 2694 833 2742 et
849 2685 1157 2757 Stephanus
1169 2686 1540 2748 sanctissimus
1559 2690 1842 2760 episcotius

255 2773 597 2846 Nepesinus,
657 2786 714 2833 et
763 2775 1002 2847 Marinus
1053 2778 1537 2836 reverendissimus
1585 2781 1842 2836 diaconus

255 2871 456 2924 sancta:
481 2863 743 2934 Romana:
757 2864 1029 2932 Ecclesiae,
1045 2866 1296 2924 dixerunt
1322 2882 1337 2923 :
1361 2868 1430 2924 Et
1452 2869 1671 2926 scribite
1693 2886 1837 2926 eum.

253 2953 318 3026 Et
341 2955 650 3024 suscipiens
680 2955 994 3014 Theodorus
1016 2957 1208 3024 Cariaa,
1229 2959 1418 3031 scripit
1440 2959 1612 3015 illum.
1635 2961 1838 3018 Deinde

251 3045 504 3118 είιιιίιῑιετ
535 3045 1127 3122 Ειιιιιγιιιίιιεςοοιειηω,
1175 3037 1402 3110 Photius
1449 3052 1841 3127 Nacolim,Ste-

251 3137 465 3206 phanus
503 3136 846 3210 Cypriorum,
897 3140 1034 3196 alter
1058 3139 1380 3214 [Stephanus
1418 3143 1629 3215 Cylirte,
1665 3144 1837 3200 Theo-

1949 1961 2038 2016 dio
2059 1961 2193 2015 dixrt
2209 1979 2223 2015 :
2239 1959 2529 2030 Postquam
2553 1958 2779 2032 ingrcssi
2795 1967 2920 2016 sunt
2940 1961 2990 2012 iu
3013 1959 3152 2013 hanc
3174 1965 3411 2012 sanctam
3437 1969 3526 2026 sy-

1946 2051 2145 2108 nodum
2165 2051 2424 2122 episcopi,
2455 2051 2545 2120 qui
2579 2050 2910 2113 ceciderunt,
2951 2063 3078 2104 ecce
3097 2055 3294 2120 praesto
3324 2052 3448 2102 sunt
3471 2053 3528 2100 et

1945 2144 2266 2217 presbyteri,
2298 2144 2558 2201 habentes
2601 2142 2849 2198 eumdem
2898 2140 3158 2204 libellum,
3190 2148 3245 2195 et
3274 2147 3526 2209 rogantes

1943 2238 2285 2296 sanetitatem
2326 2244 2604 2302 vestram,
2653 2243 2711 2289 ut
2757 2235 2957 2290 intrent
3001 2234 3055 2287 in
3096 2233 3236 2288 hanc
3281 2237 3524 2286 sanctam

1943 2329 2208 2403 synodum
2239 2345 2254 2382 :
2285 2327 2414 2397 quid
2441 2341 2571 2397 ergo
2601 2325 2782 2397 placet
2807 2322 3083 2380 sanctitati
3107 2321 3338 2377 vestra}?
3387 2319 3524 2375 San-

1903 2460 1906 2461 ν
1943 2429 2032 2476 eta
2068 2419 2304 2492 synodus
2349 2416 2488 2473 dixit
2524 2431 2540 2471 :
2572 2414 2744 2487 Cujus
2775 2413 3235 2470 consecrationem
3282 2411 3524 2466 habent?

1941 2511 2144 2567 Paulus
2171 2512 2282 2566 Deo
2309 2507 2673 2565 amicissimus
2699 2506 3088 2578 chartophylax
3119 2505 3253 2560 dixit
3278 2523 3290 2558 :
3312 2503 3522 2583 Beatis-

1941 2602 2065 2658 simi
2111 2601 2364 2657 Mcthodii
2393 2641 2408 2667 ,
2446 2607 2504 2656 et
2547 2599 2871 2656 sanctissimi
2920 2597 3132 2669 lgnatii.
3182 2596 3520 2653 Sanctissimi

1939 2692 2128 2748 vicarii
2172 2693 2424 2748 dixerunt
2463 2707 2477 2744 :
2513 2690 2740 2746 latrent.
2792 2689 2858 2745 Et
2885 2689 3250 2756 intraverunt,
3284 2687 3519 2744 Thomas

1939 2783 2145 2854 primus
2179 2783 2636 2853 presbyterorum,
2670 2780 2892 2836 Cosmas
2923 2779 3191 2836 secundus
3241 2787 3400 2848 atque
3424 2779 3516 2833 de-

1937 2872 2140 2938 fensor,
2188 2871 2444 2927 Pantaleo
2491 2870 2791 2942 presbyter,
2836 2868 3078 2925 Joachim
3131 2871 3412 2940 presbyter
3461 2877 3516 2924 ct

1939 2961 2209 3028 defensor,
2237 2959 2492 3030 Megistus
2518 2960 2822 3030 presbyter,
2848 2956 3182 3028 Nicephorus
3208 2957 3512 3032 presbyter,

1938 3051 2272 3108 Theodosius
2306 3051 2611 3122 presbyter,
2642 3049 2974 3120 Epiphanius
3003 3051 3301 3120 presbyter,
3339 3041 3518 3103 Theo-

1937 3142 2219 3215 phylactus
2247 3143 2546 3214 presbyter,
2578 3140 2845 3197 Sisinnius
2891 3143 3193 3214 presbyter,
3223 3141 3514 3212 Gregorius

249 3220 415 3291 dorus
443 3226 698 3298 Sinopes,
728 3228 1050 3287 Eustachius
1078 3232 1371 3298 Acmoniae,
1411 3232 1705 3304 Xenophon
1734 3233 1832 3288 Mi-
1861 3227 1905 3288 C
1937 3235 2235 3306 presbyter,
2268 3243 2322 3290 et
2363 3235 2513 3302 paria
2543 3234 2809 3305 episcopis
2841 3233 3099 3290 facientes
3122 3273 3138 3299 ,
3177 3234 3510 3289 tradiderunt

249 3319 413 3384 lassi,
468 3319 580 3390 Leo
623 3321 974 3391 Daphnusite,
1024 3322 1220 3380 Paulus
1266 3322 1459 3389 Meles;
1509 3340 1700 3381 onmes
1744 3325 1830 3380 isti

248 3409 590 3480 scripserunt
639 3409 941 3466 Romanum
981 3410 1241 3480 libellum,
1281 3419 1339 3469 et
1379 3413 1644 3470 dederunt
1690 3414 1834 3470 hunc

251 3500 619 3556 sanctissimis
645 3500 869 3557 vicariis
898 3500 1174 3568 Romanis,
1213 3502 1378 3559 etiam
1408 3517 1533 3560 cum
1559 3505 1833 3576 subscrip-

251 3590 396 3649 tione
424 3590 670 3650 testium.
687 3589 755 3645 Et
781 3599 904 3662 post
928 3591 1032 3648 hoc
1055 3591 1293 3648 Thomas
1317 3601 1375 3648 et
1399 3591 1580 3650 Helias
1603 3596 1831 3652 sanctis-

251 3679 371 3735 simi
391 3679 584 3736 vicarii
604 3680 834 3737 orientis
854 3679 921 3736 ad
947 3681 1320 3738 sanctissimos
1354 3682 1586 3740 vicarios
1630 3683 1828 3738 Roma-

252 3789 348 3846 nos
387 3774 680 3832 dixerunt:
708 3774 880 3832 Omne
921 3776 1064 3846 quod
1085 3776 1424 3846 disposuistis
1449 3761 1627 3848 placet
1650 3779 1826 3834 nobis.

253 3863 592 3920 Sanctissimi
615 3865 806 3922 vicarii
839 3865 1066 3922 Retnani
1104 3866 1393 3929 dixerunt:
1427 3865 1689 3934 Quoniam
1737 3871 1829 3924 bo—

253 3970 375 4009 num
417 3955 660 4028 diligitis,
703 3955 844 4022 ideo,
874 3956 1072 4012 fratres
1116 3957 1286 4013 nostri
1317 3959 1625 4023 venerandi,
1655 3958 1832 4028 placet

252 4043 476 4115 nobiset
509 4052 692 4106 vestra
716 4044 1014 4115 dispositio.
1063 4045 1133 4102 Et
1159 4062 1346 4103 rursus
1393 4047 1555 4104 iidem
1587 4048 1828 4120 episcopi

251 4137 317 4192 ad
343 4135 653 4194 Orientales
708 4136 943 4193 viearios
989 4138 1244 4193 dixerunt
1277 4155 1290 4191 :
1327 4137 1385 4194 Si
1420 4139 1631 4195 videtur
1672 4141 1828 4197 vobis

249 4229 442 4285 bonum
470 4242 614 4295 esse,
654 4229 812 4286 detur
840 4229 1198 4286 decidentium
1246 4230 1621 4301 episcoporum
1647 4234 1826 4301 poeni-

252 4320 428 4390 tentia:
449 4319 684 4376 libellus.
718 4319 1047 4375 Patriarchre
1075 4320 1400 4376 sanctissimi
1431 4321 1616 4377 vicarii
1635 4320 1824 4378 Orien-

251 4410 316 4466 tis
343 4410 599 4480 dixeruut
641 4427 656 4465 :
690 4409 916 4466 Videtur
960 4412 1116 4468 uobis
1161 4426 1285 4467 esse
1332 4413 1549 4468 bonum.
1591 4412 1825 4486 Iguatius

247 4502 626 4576 sanctissimus,
678 4502 986 4572 patriarcha
1040 4503 1580 4574 Constantinopoleos
1601 4504 1819 4560 'dixit:

1938 3323 2172 3378 libellum
2209 3323 2578 3392 poenitentiae:
2611 3322 2803 3378 deinde
2843 3322 3142 3378 scribentes
3179 3331 3234 3375 et
3271 3323 3367 3391 ipsi
3401 3321 3508 3375 Ro-

1936 3427 2154 3468 manum
2198 3412 2433 3477 libellum
2459 3451 2472 3476 ,
2525 3422 2882 3483 susceperunt
2924 3427 2954 3467 a
2994 3412 3300 3483 patriarcha
3329 3413 3508 3467 oraria

1935 3519 2054 3571 sua,
2087 3504 2301 3561 dicente
2336 3505 2404 3560 ad
2431 3519 2526 3560 eos
2558 3522 2570 3559 :
2599 3504 2922 3575 Cognoscite
2967 3505 3090 3576 quia
3138 3519 3299 3560 verax
3350 3506 3508 3560 homo

1933 3607 2052 3649 sum
2078 3634 2095 3660 ,
2141 3603 2198 3648 et
2231 3607 2411 3650 sermo
2451 3607 2602 3648 meus
2640 3593 2798 3649 ﬁnem
2832 3594 3010 3648 habet.
3056 3593 3194 3647 Ecce
3219 3593 3362 3648 enim
3393 3609 3506 3646 ma-

1932 3700 2093 3755 gnam
2124 3682 2400 3738 meruistis
2441 3682 2868 3752 compassionem
2915 3689 2971 3736 et
3005 3681 3217 3736 veniam
3259 3697 3289 3735 a
3319 3690 3504 3737 sancta
3534 3742 3541 3750 _

1932 3772 2299 3829 Romanorum
2333 3770 2596 3840 Ecclesia,
2637 3780 2694 3826 et
2729 3770 2977 3826 omnibus
3007 3770 3182 3826 nobis.
3213 3770 3504 3842 Postquam

1931 3878 2061 3934 ergo
2097 3860 2322 3933 ingressi
2361 3869 2489 3917 sunt
2530 3860 2768 3932 episc0pi
2819 3875 2884 3917 ac
2927 3860 3270 3932 presbyteri,
3318 3879 3505 3928 rursus

1929 3963 2081 4012 stans
2109 3952 2307 4008 Paulus
2345 3951 2453 4008 Deo
2496 3953 2856 4008 amicissimus
2886 3953 3274 4024 chartophylax
3306 3953 3360 4009 in
3388 3967 3504 4010 me-
3544 3974 3547 3977 ·

1927 4046 2018 4104 dio
2048 4045 2186 4102 dixit
2215 4063 2228 4099 :
2260 4043 2520 4100 Similiter
2541 4052 2596 4100 ct
2628 4043 2835 4100 diaconi
2861 4084 2877 4110 ,
2919 4045 3009 4114 qui
3042 4044 3373 4110 ceciderunt,
3407 4044 3502 4100 ha-

1925 4137 2116 4196 bentes
2145 4152 2256 4208 prae
2287 4136 2531 4192 manibus
2559 4134 2792 4191 libellum
2830 4136 3179 4207 poenitentiae,
3207 4136 3503 4207 deprecan-

1930 4240 2018 4288 tur
2047 4240 2286 4287 sanctam
2315 4231 2573 4302 synodum
2618 4241 2676 4284 ut
2703 4229 2988 4284 introeant.
3039 4228 3238 4285 Sancta
3265 4221 3502 4301 synodus

1926 4322 2064 4380 dixit
2093 4337 2108 4378 :
2139 4322 2302 4393 Cujus
2321 4320 2658 4376 consecratio
2683 4320 2841 4375 sunt?
2878 4319 3074 4376 Paulus
3101 4321 3211 4376 Deo
3237 4322 3502 4378 amicissi-

1923 4430 2047 4486 mus
2094 4413 2478 4484 chartophylax
2536 4411 2673 4468 dixit
2722 4430 2735 4465 :
2781 4411 3088 4467 Beatissimi
3141 4411 3397 4469 Methodii
3445 4424 3501 4469 et

1925 4507 2252 4564 sanctissimi
2325 4504 2534 4576 lguatii.
2607 4502 2946 4558 Sanctissiini
3017 4503 3202 4559 vicarii
3267 4504 3500 4560 senioris

245 4572 481 4650 Ponatur
508 4572 718 4663 libellus
737 4609 902 4664 super
929 4593 1171 4663 preciosa
1189 4593 1354 4665 ligna,
1375 4572 1627 4652 etsancta
1643 4596 1818 4653 Evan-
1849 4572 1898 4633 Β
1925 4600 2112 4657 Romae
2135 4607 2189 4656 et
2216 4572 2479 4665 Orientis,
2507 4583 2571 4653 ac
2593 4605 2783 4653 sancta
2819 4605 2872 4649 et
2897 4596 3213 4652 universalis
3241 4597 3501 4668 synodus,

246 4684 401 4753 galia,
431 4693 490 4740 et
511 4685 590 4740 sic
613 4697 736 4740 eum
763 4684 1054 4760 accipiant,
1084 4692 1139 4740 et
1167 4685 1296 4741 dent
1325 4685 1478 4749 mihi.
1522 4685 1818 4746 Sanctissi-

192 4838 194 4840 ν
247 4777 314 4831 mi
342 4777 533 4832 vicarii
559 4777 790 4836 senioris
808 4767 990 4846 Roma:
1011 4792 1114 4832 una
1142 4791 1263 4832 cum
1290 4777 1645 4836 orientaiibus
1664 4778 1818 4836 dixe-

189 4892 200 4908 -
248 4876 368 4922 runt
399 4866 692 4922 :Ponatur.
725 4865 795 4922 Et
821 4876 1078 4936 ponentes
1107 4867 1345 4939 episcOpi
1390 4867 1626 4926 libellum
1655 4883 1820 4939 super

247 4966 430 5026 sancta
480 4956 800 5031 Evangelia!
821 4968 878 5011 et
921 4958 1166 5027 preciosa
1216 4958 1391 5030 ligna,
1419 4967 1475 5014 et
1502 4976 1689 5018 rursus
1723 4975 1818 5015 su-

246 5057 456 5112 mentes
498 5063 643 5118 eum,
685 5032 1188 5119 dederunt'lgnatio
1229 5042 1568 5106 Sanctissimo
1588 5050 1818 5122 patriar-

246 5137 357 5200 cha:
377 5136 950 5210 Constantinopoleos:
975 5149 1028 5194 et
1051 5155 1272 5198 sumens
1292 5136 1600 5212 patriarcha
1622 5158 1813 5216 super-

243 5221 560 5299 bumcralia,
584 5230 804 5288 tradidit
833 5228 932 5283 eis.
963 5228 1143 5286 Primo
1169 5241 1347 5286 autem
1395 5235 1634 5291 omnium
1669 5235 1818 5291 dedit

248 5317 526 5366 τῑιιιςυὶηιη
545 5321 906 5364 πηρΙνΛηΛΙῘΙα)
929 5319 1098 5360 Πανία·
1148 5332 1198 5362 nl
1227 5323 1361 5362 Λίνίο
1385 5325 1432 5364 οἷ
1462 5342 1474 5355 α
1504 5326 1633 5370 πη,
1654 5342 1816 5372 gnnug

1926 4695 2230 4752 dixerunt:
2267 4691 2556 4746 lntroeant.
2600 4689 2667 4744 Et
2715 4689 3069 4754 introierunt,
3114 4687 3499 4748 Constantinus

1926 4783 2220 4846 diaconus,
2256 4777 2492 4834 Joannes
2536 4775 2832 4841 diaconus,
2868 4776 3173 4847 Stephanus
3214 4779 3494 4849 diaconus,

1926 4871 2154 4929 Michael
2179 4870 2462 4934 diaconus,
2485 4867 2906 4938 Christophorus
2935 4869 3214 4937 diaconus,
3245 4869 3355 4925 Leo
3381 4871 3498 4927 dia-

1927 4976 2136 5027 conus,
2183 4959 2517 5016 Theodosius
2563 4959 2821 5016 diaconus
2848 4999 2864 5025 ,
2913 4957 3162 5014 Nicolaus
3215 4960 3494 5027 diaconus,
3583 4983 3586 4986 ’

1924 5051 2260 5126 SOphronius
2297 5053 2578 5114 diaconus.
2626 5050 2694 5106 Et
2735 5050 2810 5104 ait
2851 5046 3087 5118 lguatius
3123 5049 3497 5108 sanctissimus

1920 5144 2229 5215 patriarcha
2255 5144 2322 5198 ad
2350 5157 2443 5198 eos
2466 5159 2479 5194 :
2508 5141 2706 5212 Utique
2727 5155 2792 5195 ex
2821 5140 3093 5210 proposito
3118 5139 3324 5197 fecistis
3344 5142 3498 5198 libel-

1921 5236 2029 5292 lum
2054 5248 2214 5305 queui
2235 5231 2431 5289 fertis?
2465 5230 2920 5298 Reverendissimi
2957 5229 3167 5287 diaconi
3199 5233 3451 5288 dixerunt
3479 5251 3493 5286 :

2741 5337 2802 5360 av
2837 5322 3000 5364 nvlllln
3043 5324 3320 5368 alanrilnln
3347 5325 3492 5358 illa.“

1921 5329 2059 5384 ne“?
2109 5326 2206 5364 αοῖι
2285 5326 2503 5368 Ληηιὶηρ
2580 5323 2702 5360 auio
