3960 5322
453 324 537 408 δέ

1628 357 1894 413 ANASTA
1903 357 1982 414 Sll
2023 358 2560 422 BIBLIOTHECARII
3664 375 3729 436 56

453 477 571 523 cata
600 477 783 524 nostra
809 478 862 524 et
892 469 1078 540 culpas
1124 477 1367 537 nostras;
1401 474 1494 526 ἔω
1525 487 1838 543 compassus
1862 474 2033 538 nobis,
2072 481 2112 540 Α
2143 494 2271 535 nere
2313 497 2371 537 se
2417 499 2445 536 a
2475 498 2659 550 carne,
2692 497 2851 540 caseo
2898 496 2954 543 et
2989 504 3130 546 ovo:
3165 491 3200 546 ii
3247 505 3374 549 vero
3416 496 3507 565 qui
3538 512 3731 554 carnes

453 559 738 615 miseratus
764 568 819 615 et
844 561 1097 616 misertus
1113 575 1171 616 es
1199 562 1386 640 nostri,
1416 571 1472 618 et
1498 562 1747 618 dimisisti
1762 563 1917 620 nobis
1931 580 2048 636 pec-

451 658 573 704 rata
589 659 796 706 nostra.
813 651 881 706 Et
896 650 1220 711 facientibus
1237 653 1316 710 eis
1330 651 1524 707 similia
1549 653 1883 726 episcopislet
1898 671 2047 726 pres-

449 742 676 817 byteris.
719 743 784 798 Et
812 744 1083 818 accipiens
1109 744 1417 821 patriarcha
1439 746 1618 802 oraria
1642 747 1903 816 ipsorum,
1932 749 2047 814 red-

451 835 589 890 didit
616 835 716 892 eis.
749 837 815 891 Et
840 845 961 908 post
992 838 1114 903 hoc,
1147 837 1342 892 iterum
1367 846 1518 894 stans
1549 837 1602 892 in
1631 838 1808 893 medio
1845 837 2042 894 Paulus

453 927 562 981 Deo
617 928 981 986 amicissimus
1031 927 1417 1000 chartopbylax
1468 929 2054 986 dixit:Veneruntet‘

452 1017 766 1074 subdiaconi
793 1018 882 1095 qui
905 1018 1218 1074 ceciderunt
1241 1019 1294 1073 in
1317 1028 1561 1075 sanctam
1587 1020 1728 1075 hanc
1749 1019 2044 1091 synodum,

449 1109 699 1164 eumdem
748 1107 984 1168 libellum
1031 1125 1142 1179 pra:
1181 1108 1430 1165 manibus
1474 1109 1734 1165 habentes
1762 1151 1776 1175 ,
1830 1109 2036 1180 ingredi

451 1200 808 1270 postulantes.
860 1199 1199 1256 Sanctissimi
1249 1201 1436 1261 vicarii
1489 1202 1720 1258 senioris
1758 1201 1943 1258 Roma:
1980 1214 2036 1259 et

451 1291 690 1349 Orientis
719 1293 973 1348 dixerunt
1003 1311 1020 1362 ε⁵
1049 1293 1442 1365 lngrediantur,
1474 1295 1651 1364 placet
1677 1296 1820 1351 enim
1852 1298 2030 1352 nobis.

450 1387 516 1442 Et
543 1387 772 1459 ingressi
804 1395 949 1443 sunt.
984 1387 1223 1443 Thomas
1256 1387 1588 1451 domesticus
1615 1401 1640 1431 ο
1674 1389 2033 1446 subdiacono-

450 1492 605 1541 rum,
657 1477 1012 1543 Eustachius,
1065 1477 1392 1549 Stephanus,
1441 1480 1723 1547 Photinus,
1773 1479 2029 1547 Joannes,

447 1564 669 1632 Paulus,
700 1565 937 1623 Thomas
970 1583 984 1622 :
1013 1577 1068 1623 et
1121 1567 1443 1624 facientibus
1471 1569 1668 1626 similia
1701 1570 1817 1640 pari
1849 1571 2026 1637 modo,

447 1654 595 1710 dedit
623 1665 677 1711 et
708 1655 838 1728 ipsis
879 1657 1083 1728 proprii
1115 1657 1338 1726 honoris
1383 1657 1635 1728 insignia.
1686 1657 2026 1714 Sanctissimi

445 1745 634 1802 vicarii
661 1747 890 1803 senioris
918 1747 1103 1814 Romm
1133 1749 1386 1810 dixerunt
1415 1767 1428 1803 :
1462 1749 1767 1805 Secundum
1798 1749 2024 1806 formam

447 1837 627 1902 hanc,
675 1837 970 1894 secundum
1020 1854 1182 1914 quam
1241 1840 1499 1896 hodierna
1555 1841 1642 1896 die
1693 1842 2028 1911 suscepimus
2059 1836 2104 1895 Β

443 1929 726 1999 episcopos
751 1972 766 1995 ,
812 1940 867 1986 et
892 1932 1240 2004 presbyteros
1268 1975 1282 1998 ,
1330 1941 1384 1989 et
1421 1933 1695 2000 diaconos,
1732 1942 1788 1990 et
1814 1935 2032 1990 subdia-

443 2036 610 2077 conos
657 2023 750 2093 qui
793 2023 1128 2090 ceciderunt,
1169 2024 1368 2101 suscipi
1393 2024 1647 2096 deinceps
1690 2025 2033 2082 decernimus

443 2127 634 2168 omnes
676 2112 768 2183 qui
818 2112 1072 2168 similiter
1118 2123 1511 2192 peccaverunt,
1559 2125 1612 2171 et
1659 2115 2030 2186 pmnitentiam

444 2211 631 2276 agunt.
664 2203 731 2258 Et
757 2213 875 2275 post
900 2205 1016 2260 lucc
1043 2207 1423 2275 sanctissimus
1451 2208 1758 2282 patriarcha
1795 2192 2032 2280 lgnatius

443 2295 618 2352 dixit:
652 2295 906 2366 Epitimia
937 2311 1058 2372 qua:
1089 2297 1287 2353 indicta
1335 2285 1469 2357 sunt.
1489 2297 1554 2352 iis
1583 2297 1674 2369 qui
1716 2299 2032 2356 ceciderunt

441 2386 732 2457 episcopis,
764 2396 820 2442 et
843 2388 1195 2464 presbyteris,
1249 2397 1302 2442 et
1331 2389 1571 2444 (liaconis
1597 2430 1610 2454 ,
1661 2399 1717 2446 et
1750 2390 2034 2447 subdiaco-

444 2479 548 2543 nis,
567 2479 636 2534 ab
657 2479 759 2534 bac
781 2490 966 2536 sancta
988 2493 1041 2538 et
1061 2480 1354 2536 universali
1379 2482 1605 2556 synodo,
1629 2483 1683 2536 in
1705 2481 2031 2538 audientiam

442 2565 684 2625 omnium
732 2571 1014 2642 legantur;
1067 2582 1332 2641 quatenus
1382 2565 1513 2632 ﬁant
1560 2571 1812 2627 omnibus
1859 2571 2037 2627 mani-

438 2660 598 2716 festa.
645 2659 710 2714 Et
754 2661 1026 2731 accipiens
1055 2659 1362 2731 Stephanus
1387 2659 1644 2716 diaconus
1692 2667 1746 2715 et
1783 2657 2031 2716 notarius

439 2755 570 2823 legit
621 2771 635 2807 :
682 2751 765 2808 Sit
795 2753 1090 2809 remedium
1124 2761 1180 2808 et
1230 2752 1456 2808 salutem
1503 2753 1696 2807 animae
1739 2751 1940 2818 ferens,
1971 2767 2033 2808 ac

443 2841 599 2897 valde
627 2840 918 2897 discretum
953 2841 1253 2912 epitimium
1284 2841 1623 2897 sacerdotum
1652 2840 1742 2912 qui
1770 2855 1868 2911 per
1898 2840 2033 2896 mul-

439 2939 549 2986 tam
573 2932 1014 2987 consuetudinem
1042 2932 1358 2987 ceciderunt
1378 2940 1431 2987 et
1453 2939 1786 3003 negaverunt
1811 2933 2026 3002 propria

439 3022 819 3092 chirographa,
851 3039 971 3095 quae
1016 3025 1154 3078 bene
1183 3039 1246 3079 ac
1278 3025 1599 3094 regulariter
1635 3025 1776 3080 edita
1809 3033 1935 3079 sunt
1962 3025 2026 3079 ad

438 3112 734 3183 spiritalem
790 3112 1094 3170 conﬂictum
1126 3123 1182 3168 et
1213 3115 1470 3176 unitatem
1519 3124 1718 3171 sanctre
1743 3116 2023 3172 catholicae

438 3201 711 3258 Ecclesia.
783 3202 839 3263 Si
893 3205 1110 3278 quidem
1175 3206 1429 3264 carnibus
1478 3214 1806 3272 vescuntur,
1857 3206 2027 3271 absti-
2057 3215 2101 3276 ο

509 3345 535 3372 ι
574 3331 814 3388 Primum
856 3335 1305 3392 subdiaconorum
1336 3335 1508 3396 Graeci
1541 3336 1894 3394 domesticum
1932 3353 2028 3398 vo-.

439 3411 584 3469 cant,
611 3419 770 3474 quem
794 3405 1021 3462 Romani
1048 3406 1488 3472 oblationarium.

2154 587 2255 626 non
2288 573 2598 639 comedunt,
2631 575 2902 646 abstinere
2932 593 2962 632 a
2991 595 3150 649 caseo
3178 592 3233 638 et
3258 599 3378 651 ovo,
3411 593 3467 642 et
3494 587 3732 656 piscibus

2149 667 2340 733 quarta
2375 665 2505 731 feria
2536 676 2587 722 et
2617 683 2909 738 parasceve
2947 672 3150 748 [edere]
3192 675 3457 753 legumina
3491 689 3547 734 et
3586 681 3731 736 olera

2148 768 2269 810 cum
2323 755 2443 822 oleo
2485 767 2540 813 et
2588 775 2756 828 pauco
2807 761 2951 827 vino,
3005 764 3291 836 facereque
3330 768 3733 836 genuﬂexiones

2145 846 2532 918 quinquaginta
2583 866 2681 931 per
2735 851 2978 922 singulos
3027 855 3175 922 dies,
3231 865 3288 911 et
3330 857 3512 915 dicere
3568 859 3731 931 Kyrie

2145 936 2368 1004 eleison,
2413 930 2634 1007 centies,
2672 951 2727 998 et
2773 944 2996 1002 Domine
3028 949 3269 1020 peccavi,
3292 951 3516 1018 centies,
3543 961 3599 1008 et
3623 930 3732 1008 Do-

2143 1025 2288 1085 mine
2348 1029 2566 1100 ignosce
2631 1033 2784 1101 mihi,
2822 1023 3117 1106 peccatori,
3180 1041 3418 1108 centies;
3476 1058 3731 1106 recense-

2143 1135 2309 1191 reque
2347 1131 2558 1178 sextum
2605 1125 2892 1195 psalmum,
2937 1137 2992 1183 et
3038 1129 3372 1200 trigesimum
3415 1132 3728 1203 septimum,

2139 1221 2194 1269 et
2228 1215 2731 1288 quinquagesimum
2761 1237 2774 1272 :
2801 1219 2914 1275 haec
2960 1222 3155 1278 mando
3191 1224 3283 1279 tibi
3326 1225 3599 1281 custodire
3635 1241 3729 1281 uso

2138 1296 2340 1382 que'ad
2384 1305 2582 1362 Christi
2626 1306 2998 1378 Nativitatem,
3029 1327 3136 1368 non
3177 1323 3356 1369 autem
3404 1313 3604 1370 habeas
3631 1328 3730 1386 po-

2139 1405 2390 1458 testatem
2423 1399 2787 1467 ministrandi,
2833 1416 2932 1458 nec
2957 1404 3146 1474 agendi
3175 1419 3391 1476 quoquo
3418 1405 3577 1462 modo
3608 1395 3730 1476 quae

2136 1491 2480 1560 sacerdotum
2498 1503 2643 1558 sunt,
2663 1502 2717 1548 et
2735 1502 2863 1548 tunc
2882 1494 2933 1548 in
2957 1495 3213 1552 natalitiis
3237 1497 3412 1568 magni
3439 1498 3530 1552 Dei
3553 1508 3608 1553 et
3627 1497 3730 1553 sal-

2137 1573 2337 1641 valoris
2397 1587 2569 1648 nostri
2631 1586 2760 1656 Jesu
2813 1588 3013 1646 Christi
3077 1591 3304 1661 recipies
3358 1591 3726 1646 sacerdotium

2134 1687 2302 1742 tuum,
2343 1686 2397 1734 et
2423 1694 2631 1745 mecum
2659 1681 2768 1736 eris
2812 1683 3114 1738 sacerdotio
3159 1682 3408 1760 fungens,
3458 1694 3514 1741 et
3557 1685 3726 1740 mini-

2133 1779 2314 1826 strans
2346 1770 2636 1836 immortali
2666 1781 2868 1836 mlerno
2889 1772 3018 1838 Deo.
3043 1775 3110 1829 Et
3133 1784 3255 1849 post
3283 1775 3528 1836 lectionis
3557 1776 3723 1847 cpiti-

2135 1861 2366 1916 miorum
2397 1862 2834 1933 completionem,
2876 1882 3063 1922 rursus
3103 1867 3218 1940 ipse
3269 1867 3578 1938 Stephanus
3609 1853 3727 1931 eol-

2135 1954 2375 2010 laudavit
2407 1974 2418 2009 :
2448 1955 2642 2012 Multos
2664 1973 2837 2014 annos
2873 1943 3256 2029 imperatorum
3285 1960 3467 2027 Basilii
3499 1971 3554 2016 et
3584 1962 3724 2017 Con-

2134 2045 2376 2102 stantini!
2408 2061 2726 2119 magnorum
2748 2048 3068 2104 dictatorum
3097 2059 3151 2106 et
3176 2051 3558 2121 imperatorum
3583 2052 3723 2107 mul-

2138 2147 2220 2193 tos
2282 2140 2483 2194 annos!
2557 2137 2994 2195 Orthodoxorum
3063 2141 3449 2211 imperatorum
3521 2144 3724 2212 multos

2135 2231 2337 2284 annos!
2398 2227 2755 2287 Paciﬁcorum
2785 2231 3192 2302 imperatorum
3257 2216 3454 2290 multos
3511 2238 3720 2304 annos!

2137 2317 2802 2388 Depositoruminjustitize
2823 2319 3020 2376 multos
3044 2325 3242 2378 annos!
3279 2321 3525 2378 Hostium
3559 2339 3717 2380 men-

2137 2397 2278 2477 dacii
2304 2409 2504 2466 multos
2526 2410 2726 2466 annos!
2749 2407 3064 2466 Amatorum
3089 2420 3145 2467 et
3177 2411 3446 2468 fautorum
3473 2414 3720 2469 veritatis

2136 2500 2191 2553 et
2213 2499 2437 2577 iustitia:
2474 2498 2912 2562 multos'annos!
2967 2499 3172 2558 Nicolai
3225 2502 3520 2558 beatissimi
3564 2520 3717 2575 pap:e

2139 2589 2366 2646 Romani
2398 2597 2597 2658 aeterna
2627 2590 2917 2647 memoria!
2970 2591 3192 2648 Adriani
3231 2594 3514 2654 orthodoxi
3565 2611 3716 2666 papae

2139 2680 2365 2736 Romani
2399 2680 2594 2736 multos
2622 2683 2818 2739 annos!
2862 2683 3051 2754 Ignatii
3081 2685 3366 2749 orthodoxi
3393 2687 3718 2757 patriarchas

2135 2771 2674 2842 Constantinopoleos
2699 2772 2896 2828 multos
2921 2776 3122 2829 annos!
3163 2774 3455 2832 Orthodoxi
3494 2787 3718 2833 senatus

2139 2862 2335 2918 multos
2347 2866 2536 2919 annos!
2562 2863 2771 2920 Sancta:
2789 2873 2844 2919 et
2863 2866 3182 2921 universalis
3193 2867 3378 2938 synodi
3394 2877 3596 2924 aeterna
3614 2884 3721 2924 tne-

2137 2953 2306 3008 moria
2337 2953 2386 3007 δ.
2417 2953 2560 3010 Deus
2603 2954 2848 3026 deposuit
2894 2955 3166 3011 molimina
3210 2957 3405 3024 Pbotii,
3435 2975 3556 3030 quae
3581 2960 3729 3015 inci-‘

2136 3041 2290 3110 pittnt
2324 3042 2377 3097 in
2405 3041 2586 3099 divino
2611 3042 2748 3111 loco,
2777 3053 2831 3100 et
2855 3045 3013 3101 simul
3038 3046 3284 3117 deposuit
3309 3063 3453 3114 cum,
3479 3058 3538 3104 ut
3559 3063 3718 3105 men-.

2138 3133 2278 3201 dacii
2309 3135 2549 3204 amicum
2581 3144 2636 3190 et
2682 3137 3114 3204 conculcatorem
3150 3140 3468 3196 veneranda:
3507 3141 3713 3212 ﬁgurae.

2202 3344 2227 3382 ι»
2253 3341 2469 3410 lambici
2501 3357 2691 3410 versus
2718 3343 2771 3414 bi
2799 3354 2925 3411 sunt
2949 3345 3089 3416 apud
3115 3345 3350 3416 Gnaeos.

1689 3699 2001 3779 ACTIO:
2071 3698 2485 3776 TERTIA.

1883 3897 2269 3910 m

503 4017 561 4071 ln
613 4017 830 4071 nomine
883 4014 1092 4070 Domini
1136 4021 1190 4069 et
1238 4013 1593 4074 dominatoris
1639 4012 1764 4069 Iesu
1807 4012 2010 4070 Christi

431 4109 545 4164 veri
577 4107 668 4163 Dei
695 4115 751 4162 et
795 4104 1091 4163 Salvatoris
1120 4105 1310 4160 nostri.
1357 4103 1680 4160 Consulatus
1727 4104 1836 4160 Deo
1861 4120 2014 4161 coro-

432 4211 684 4258 natorum
708 4201 1053 4260 dominorum,
1071 4207 1402 4264 nostrorum,
1431 4197 1612 4253 Basilii
1637 4198 1852 4269 quidem
1875 4212 2015 4253 anno

433 4295 616 4358 tertio,
643 4292 980 4352 Constantini
1003 4298 1182 4346 autem
1211 4289 1301 4344 ﬁlii
1330 4285 1446 4360 ejus
1467 4304 1609 4345 anno
1630 4289 1888 4355 secundo,
1915 4289 2015 4344 im-

430 4396 742 4459 peratorum
771 4392 1154 4455 perpetuorum
1184 4383 1571 4453 Augustorum,
1597 4381 1889 4436 indictione
1915 4389 2017 4437 ter-

2121 4012 2427 4084 possidente
2455 4013 2738 4070 Theodosii
2778 4015 3101 4072 sanctissimi
3137 4017 3531 4090 archiepiscopi
3555 4021 3708 4078 sedis

2124 4103 2618 4178 Hierosolymorum
2651 4121 2668 4162 :
2707 4107 2908 4163 Deinde
2950 4124 3049 4180 per
3075 4108 3374 4179 jussionem
3407 4113 3710 4170 amicorum

2123 4195 2324 4251 Christi
2349 4205 2406 4252 et
2437 4196 2529 4252 Dei
2555 4196 2820 4252 cultorum
2851 4213 3168 4268 magnorum
3200 4201 3584 4272 imperatorum
3607 4201 3712 4258 Ba-

2125 4285 2229 4340 silii
2251 4296 2306 4341 et
2344 4286 2703 4354 Constantini;
2728 4289 3084 4358 praesentibus
3102 4300 3156 4347 et
3181 4292 3524 4349 audientibus
3540 4295 3715 4350 etiam

2129 4375 2674 4447 magniﬁcentissimis
2684 4378 3036 4449 principibus,
3053 4379 3710 4456 videlicet-Christophoro

432 4446 885 4552 iia,quiittoldtis
899 4474 1168 4533 Octobris.
1191 4446 1490 4545 Propositis
1513 4446 1815 4528 etviviﬁcis
1835 4472 2012 4544 lignis,
2050 4446 2096 4504 υ
2122 4446 2662 4540 magniﬁcentissimo
2685 4446 2985 4541 magistro,
3025 4470 3245 4526 Bollane
3285 4446 3708 4545 magniﬁcentis-

429 4580 485 4626 et
538 4567 873 4624 intemeratis
918 4565 1110 4622 salutis
1152 4573 1352 4619 nostrae
1383 4562 1687 4635 Evangeliis
1729 4564 1780 4618 in
1815 4563 2017 4618 dextris

428 4663 674 4733 partibus
715 4661 1226 4720 catechumenorum
1269 4655 1630 4726 opinatissimi
1664 4655 1844 4726 templi
1890 4669 2016 4710 san-

428 4763 528 4808 ctre
558 4768 620 4806 ac
645 4750 822 4822 magni
852 4749 1082 4804 nominis
1105 4746 1338 4816 Sophim,
1367 4745 1810 4802 convenientibus
1833 4755 2013 4803 autem

427 4845 638 4900 Donato
649 4843 758 4898 Deo
771 4841 1102 4898 amicissimo
1115 4837 1367 4913 episcopo
1380 4837 1638 4905 Ostiensi,
1665 4847 1719 4892 et
1739 4836 2014 4907 Stephano

428 4937 541 4993 Deo
557 4934 884 4989 amicissimo
899 4931 1153 5002 episcopo
1166 4915 1452 4997 Nepesino,
1469 4942 1532 4982 ac
1549 4927 1753 4982 Marino
1765 4942 2014 4983 reveren-

426 5025 650 5082 dissimo
671 5021 896 5077 diacono
917 5027 1122 5075 sanctae
1145 5017 1399 5071 Romanae
1419 5014 1701 5070 Ecclesiae:
1723 5014 1895 5069 locum
1911 5015 2009 5068 ha—

424 5111 713 5170 bentibus?
739 5110 959 5162 Adriani
983 5106 1312 5163 sanctissimi
1345 5114 1402 5155 et
1424 5103 1721 5153 heaticcim:
1747 5104 2012 5154 θνριήρηί-

2118 4559 2256 4614 sitno
2276 4560 2507 4630 patricio
2538 4569 2592 4615 et
2613 4561 2926 4631 prteposito,
2968 4562 3136 4618 Paulo
3165 4565 3707 4634 magniﬁcentissimo

2117 4651 2344 4721 patricio
2364 4660 2419 4707 et
2434 4651 2904 4723 praefecto,Leone
2922 4655 3454 4725 magniﬁcentissimo
3473 4660 3706 4727 patricio

2115 4752 2170 4796 et
2187 4743 2484 4798 domestico
2511 4743 2906 4806 excubitorum,
2938 4742 3144 4799 Joanne
3164 4745 3704 4817 magniﬁcentissimo

2113 4835 2408 4904 patricioet
2419 4835 2686 4905 logothela
2701 4837 2842 4891 acuti
2859 4835 2990 4909 [lege
3005 4837 3224 4910 velocis]
3239 4839 3704 4906 cursus,.'llanuclc

2117 4925 2650 4996 magniﬁcentissimo
2695 4928 2943 4998 patricio,
2999 4928 3402 5002 TheOphylacto
3452 4931 3701 5002 magniﬁ-

2114 5016 2428 5071 centissimo
2455 5018 2720 5088 patricio,
2760 5017 2992 5073 Petrona
3040 5020 3574 5090 magniﬁcentissimo
3602 5037 3703 5092 pa-

2116 5107 2274 5154 tricio
2325 5106 2518 5159 Oreste.
2545 5107 2908 5162 famosissima
2936 5111 3370 5162 nmtogmumrin
3402 5121 3456 5166 οι
3484 5112 3698 5167 domes-
