3960 5598
185 361 244 420 57
867 359 1415 418 INTl-llll’llETATlO
1454 360 1699 416 SYNODI

1842 360 1847 413 ἱ
1887 359 2292 416 ΟΕΧΕΠΛΜΒ.
2333 388 2405 401 --
2439 358 2639 415 ACTIO
2675 357 2752 413 Ill.
3335 358 3402 414 58

187 474 352 530 chaele
396 473 505 529 Deo
552 474 873 530 amicissimo
917 475 1252 545 metropolita
1299 474 1506 540 Rhodi,
1542 473 1733 531 Photio
1761 477 1809 538 Α
1836 474 2033 530 fratres
2061 489 2247 529 eorum
2278 484 2661 531 suecurrerunt
2697 471 2815 545 [al.,
2845 470 3429 542 cucurrerunt].Con-.

189 565 285 620 Deo
332 565 657 620 amicissimo
697 565 924 621 Nacolia:
965 567 1400 636 archiepiscopo,
1443 567 1735 622 Athanasio

189 656 614 712 Dcoamicissimo
625 657 1042 728 episcopoAnilii
1067 658 1365 728 Magnesize,
1383 658 1612 728 Georgio
1628 659 1736 714 Deo

189 744 494 801 amicissimo
513 747 764 816 episcopo
789 747 1144 818 lleliopoleos,
1175 747 1447 819 Stephano
1466 749 1575 804 Deo
1597 749 1733 803 ami-

187 835 384 890 cissimo
427 837 682 906 episcopo
735 838 967 910 Cibyne,
1016 838 1198 894 Nieeta
1248 840 1357 894 Deo
1407 840 1736 895 amicissimo

188 926 414 996 episcopo
435 927 790 997 Cephaludis,
834 930 1107 1001 Stephano
1137 931 1248 987 Deo
1291 932 1618 987 amicissimo
1643 948 1733 986 ar-

187 1017 502 1088 chiepiscopo
531 1020 926 1100 Cypsallorum,
960 1024 1242 1079 Theodoro
1271 1025 1381 1079 Deo
1408 1025 1736 1080 amicissimo

187 1107 413 1177 episcopo
453 1107 702 1180 Sinopes,
743 1110 936 1167 Basilio
971 1112 1080 1167 Deo
1122 1115 1449 1169 amicissimo
1485 1117 1736 1185 episcopo

187 1193 343 1266 Pyrgii
361 1237 374 1260 ,
416 1196 679 1269 Gregorio
709 1200 818 1255 Deo
844 1203 1170 1259 amicissimo
1195 1205 1447 1276 episcopo
1482 1205 1698 1261 Mesinre
1719 1247 1734 1272 ,

188 1283 440 1341 Eustathio
503 1287 612 1343 Deo
664 1291 992 1346 amicissimo
1036 1293 1336 1360 zEmonize,
1383 1293 1737 1366 XenOphonte

186 1370 281 1428 Deo
312 1375 636 1432 amicissimo
679 1379 930 1450 episcopo
973 1380 1193 1450 Milassi,
1232 1383 1411 1439 Leone
1453 1384 1560 1440 Deo
1596 1386 1733 1440 ami-

187 1463 378 1519 cissimo
405 1467 660 1538 episeOpo
683 1469 1037 1538 Dapbnusiaa,
1070 1471 1232 1529 Petro
1264 1474 1374 1529 Deo
1404 1475 1736 1532 amicissimo

188 1553 410 1626 episcopo
433 1555 685 1625 Troadis,
720 1557 970 1616 Samuele
997 1563 1329 1619 amicissimo
1350 1565 1602 1636 episcopo
1628 1567 1737 1621 An-

189 1647 263 1711 tri,
287 1647 506 1703 Antonio
536 1649 647 1705 Deo
684 1652 1012 1708 amicissimo
1036 1655 1288 1725 episcopo
1322 1656 1552 1722 Aliseos,
1582 1655 1738 1712 Nice-

185 1737 333 1805 phoro
373 1737 481 1794 Deo
533 1741 864 1798 amicissimo
904 1744 1155 1816 episcopo
1183 1747 1451 1815 Crotona},
1479 1747 1736 1806 Michaele

1835 581 2024 637 gruum
2055 583 2185 638 ergo
2213 576 2317 633 est,
2353 577 2412 620 ut
2439 566 2576 622 eatis
2604 565 2671 620 ad
2699 579 2794 620 eos
2816 604 2831 630 ,
2859 572 2914 618 et
2953 563 3260 634 provocetis
3285 563 3406 620 illos

1835 661 1902 714 ad
1931 659 2159 714 salutem
2185 659 2486 713 animarum
2509 672 2751 712 suarum.
2779 655 2952 710 Dicite
2981 655 3159 725 itaque
3178 654 3258 709 eis
3281 667 3404 710 cum

1836 749 2202 805 benevolentia
2233 756 2288 804 et
2317 748 2655 804 convenienti
2688 746 2929 803 fraterno
2954 744 3150 801 affectu
3181 763 3196 799 :
3225 743 3407 802 Advoo

1835 857 2020 900 camus
2053 856 2151 897 vos
2182 859 2195 896 :
2227 841 2272 896 si
2308 856 2438 912 ergo
2476 840 2713 896 feceritis
2758 855 2878 910 qua;
2921 839 3171 894 videntur
3207 847 3407 896 sancta

1836 935 2058 1006 synodo,
2090 923 2310 988 introite
2332 933 2386 987 in
2408 948 2492 996 ea,
2523 941 2579 988 et
2600 932 2857 1002 suscipiet
2893 946 3006 986 vos.
3041 931 3108 985 Et
3147 929 3409 988 abeuntes

1837 1026 2209 1098 Metrophanes
2236 1025 2348 1080 Deo
2389 1024 2747 1080 amicissimus
2772 1022 3107 1094 metropolita
3139 1021 3406 1096 Smyrna),

1834 1129 1888 1175 et
1917 1118 2251 1189 Nicephorus
2279 1118 2389 1173 Deo
2415 1117 2772 1173 amicissimus
2793 1115 3126 1184 metropolita
3150 1113 3402 1180 Amasiae,

1835 1226 1899 1266 ac
1923 1209 2107 1265 Niceta
2139 1209 2248 1264 Deo
2289 1209 2646 1264 amicissimus
2675 1207 3009 1278 metropolita
3047 1205 3402 1271 Athenarum,

1834 1301 2084 1356 dixerunt
2111 1315 2231 1371 quae
2259 1300 2362 1356 sibi
2390 1298 2606 1354 fuerant
2651 1299 2932 1369 impetrata
2969 1298 3036 1352 ad
3073 1295 3402 1351 Theodulum

1835 1393 2342 1450 reverendissimnm
2373 1391 2768 1462 metropolitam
2791 1391 3040 1462 Ancyrze,
3067 1398 3121 1444 et
3143 1387 3406 1457 Nicepho-

1834 1498 1952 1539 rum
2015 1482 2517 1538 reverendissimum
2579 1480 2972 1551 metropolitam
3031 1479 3256 1543 Nicaeae,
3309 1478 3403 1549 qui

1834 1570 2226 1643 responderunt
2251 1571 2321 1625 ita
2349 1588 2362 1625 :
2397 1570 2470 1624 De
2511 1569 2784 1640 proposita
2815 1569 3206 1638 subscriptione
3242 1567 3406 1622 ratio-

1836 1682 1956 1722 nem
1990 1667 2261 1723 reddimus
2287 1658 2558 1722 sanctitati
2590 1674 2812 1732 vestrze,
2841 1665 2963 1735 quia
2992 1672 3208 1736 propter
3236 1665 3404 1719 ratio-

1835 1757 2039 1813 nabiles
2081 1766 2136 1812 et
2181 1757 2578 1812 irrationabiles
2620 1758 3073 1827 subscriptiones,
3119 1772 3237 1827 qua:
3281 1765 3407 1812 ante

187 1826 279 1884 Deo
309 1831 636 1888 amicissimo
663 1831 914 1906 episeopo
941 1836 1317 1909 Cercyrorum.
1351 1838 1446 1894 His
1493 1841 1566 1896 ita
1604 1856 1735 1896 con-
1763 1845 1810 1907 Β
1839 1849 1993 1906 facta:
2037 1859 2192 1916 sunt,
2241 1850 2445 1921 gravati
2498 1826 2844 1904 deﬁnivimus
2881 1865 3006 1913 nos,
3055 1858 3110 1903 et
3139 1826 3405 1904 vinculum

185 1921 515 1987 venientibus,
550 1939 781 1996 surgens
811 1925 1188 1998 Metrophanes
1225 1929 1336 1986 Deo
1375 1931 1736 1988 amicissimus

185 2014 496 2085 metropolita
538 2016 810 2089 Smyrnae,
839 2035 942 2074 una
973 2035 1096 2076 cum
1134 2021 1437 2091 Nicephoro
1467 2024 1578 2079 Deo
1603 2024 1737 2078 ami-

185 2105 374 2162 cissimo
411 2109 756 2180 metropolita
803 2112 1054 2180 Amasis},
1083 2123 1138 2170 et
1177 2114 1364 2171 Niceta
1397 2117 1737 2188 metropolita

184 2195 504 2266 Athenarum,
536 2203 713 2257 dixit:
751 2202 943 2259 Omnia
970 2206 1215 2272 honeste,
1241 2215 1296 2262 et
1331 2208 1623 2264 secundum
1649 2224 1740 2264 or-

185 2289 337 2346 dinem
365 2295 542 2351 facere
572 2295 770 2352 Paulus
794 2312 1020 2369 magnus
1049 2299 1320 2371 apostolus
1347 2299 1502 2371 jubet
1520 2309 1572 2357 et
1605 2315 1731 2356 sane

185 2383 260 2440 cit.
290 2383 507 2443 Videtur
531 2397 714 2442 autem
738 2391 989 2447 omnibus
1017 2392 1174 2448 nobis
1198 2392 1482 2448 honestum
1508 2407 1652 2459 esse,
1674 2405 1739 2448 ac

185 2475 395 2544 perfecto
436 2479 619 2534 ordini
649 2481 987 2550 proximum,
1036 2491 1095 2537 ut
1134 2481 1386 2555 deinceps
1410 2483 1525 2540 haec
1552 2495 1738 2540 sancta

185 2574 230 2619 et
257 2567 569 2623 universalis
597 2571 835 2640 synodus
862 2572 1047 2627 audiat
1065 2573 1322 2644 epistolas
1351 2574 1508 2629 a’mici
1537 2573 1738 2630 Christi

187 2654 497 2725 imperatoris
534 2661 732 2727 nostri,
763 2675 899 2730 quas
927 2661 1075 2717 misit
1111 2663 1176 2718 ad
1218 2663 1614 2719 sanctissimum
1644 2678 1740 2734 pa-

186 2759 286 2814 pam
333 2747 672 2816 Romanum,
735 2759 792 2807 et
825 2750 1062 2808 Orientis
1106 2752 1398 2823 praesules;
1449 2761 1504 2809 et
1553 2768 1739 2810 rursus

186 2837 478 2894 sanctissimi
501 2831 829 2910 patriarcha:
849 2842 1040 2907 nostri,
1065 2842 1564 2903 deiudebeatissimi
1588 2859 1739 2915 papze

186 2925 378 2983 Adriani
409 2931 476 2985 ad
520 2931 928 2988 sanctissimum
977 2933 1252 2988 dominum
1282 2941 1562 2999 nostrum;
1596 2941 1653 2988 ut
1684 2943 1741 2988 et.

189 3033 346 3079 sancta
381 3027 623 3098 synodus
648 3027 1070 3086 satisfactionem
1098 3030 1272 3086 adhuc
1313 3029 1569 3099 majorem
1602 3029 1740 3087 acci-

185 3113 335 3182 piens,
364 3118 630 3188 glorificet
657 3119 822 3174 Deum
843 3161 857 3186 ,
899 3121 991 3191 qui
1035 3129 1355 3192 cooperatus
1379 3129 1464 3178 est
1497 3121 1740 3192 piissimo

189 3209 467 3279 imperatori
532 3222 721 3268 nostro
769 3214 821 3268 in
865 3211 1112 3270 conciliis
1151 3221 1206 3269 et
1254 3214 1472 3285 optimis
1514 3215 1738 3282 studiis,

188 3301 473 3370 gratiasque
495 3313 626 3374 agat
657 3313 712 3358 et
738 3304 1077 3368 sanctissimo
1100 3304 1420 3376 patriarcha:
1457 3314 1662 3372 nostro,
1683 3315 1739 3362 et

185 3390 316 3448 vobis
358 3395 720 3451 sanctissimis
775 3396 1009 3452 vicariis.
1061 3397 1300 3452 Donatus
1339 3405 1394 3452 et
1436 3395 1740 3466 Stephanus

187 3485 483 3539 sanctissimi
544 3486 817 3556 episcopi,
865 3495 921 3541 et
978 3485 1216 3542 Marinus
1264 3486 1740 3542 reverendissirnus

187 3573 445 3641 diaconus,
480 3577 670 3633 vicarii
717 3579 947 3634 senioris
973 3577 1158 3633 Romze
1203 3578 1490 3632 dixerunt:
1520 3578 1739 3634 Audivi-

186 3677 288 3720 mus
324 3668 446 3738 quia
494 3677 625 3722 sunt
673 3668 892 3739 quidam
935 3677 1182 3724 errantes
1225 3683 1292 3722 ex
1335 3669 1740 3724 consecratione

187 3754 454 3813 beatissimi
503 3757 764 3827 Methodii
817 3767 872 3815 et
915 3758 1240 3815 sanctissimi
1270 3758 1460 3829 lgnatii
1485 3799 1501 3824 ,
1541 3766 1596 3814 et
1618 3774 1738 3813 nes-

187 3845 456 3920 ciuntquid
487 3851 564 3906 sit
589 3851 765 3920 pietas
791 3859 848 3905 et
880 3850 1251 3906 misericordia
1285 3859 1485 3906 sanctae
1522 3851 1616 3906 Dei
1643 3851 1739 3906 Ec-

186 3937 339 3995 clesiae
360 3942 838 4013 atquejudicium;
868 3951 924 3999 et
949 3943 1070 3999 ideo
1101 3951 1332 3998 renuunt
1363 3943 1602 4000 scribere
1633 3945 1738 3999 llo.

188 4046 381 4088 manum
431 4034 709 4104 libellum,
760 4050 919 4106 quem
975 4035 1122 4090 misit
1173 4036 1545 4091 sanctissimus
1601 4053 1735 4108 papa

187 4119 450 4179 Adrianus.
486 4125 627 4180 Ante
656 4109 838 4180 omnia
870 4140 1000 4196 ergo
1044 4125 1363 4181 mandamus
1399 4125 1539 4180 bono
1572 4126 1734 4180 cultui

186 4220 364 4276 vestro,
391 4223 448 4268 ut
472 4213 613 4269 eatis
641 4213 707 4267 ad
741 4228 853 4278 eos,
880 4223 936 4267 et
965 4213 1272 4268 secundum
1295 4214 1610 4268 canonicam
1642 4231 1739 4268 διι-

190 4305 468 4361 ctoritatem
516 4306 810 4362 accersatis
835 4321 955 4370 eos,
990 4305 1062 4360 ita
1101 4306 1381 4362 dicentes:
1425 4305 1619 4360 Sancta
1645 4320 1735 4377 sy-

191 4395 335 4450 nodus
363 4397 594 4455 advocat
639 4412 768 4461 vos,
819 4404 879 4450 ut
928 4396 1138 4451 faciatis
1174 4397 1316 4466 quod
1365 4394 1640 4450 decretum
1683 4406 1740 4450 et

189 4487 423 4541 censitum
466 4496 551 4543 est
594 4487 950 4550 auctoritate,
980 4495 1034 4540 et
1079 4484 1444 4556 suscipiamini
1490 4499 1520 4538 a
1551 4495 1735 4540 sancta

1840 1941 2188 2011 imposuimus
2219 1955 2320 1994 non
2346 1938 2569 1994 ulterius
2589 1938 2946 2005 subscribere,
2976 1948 3172 2008 praeter
3193 1939 3246 1995 id
3266 1938 3408 2009 quod

1837 2030 2269 2101 subscripsimus,
2300 2040 2355 2085 et
2387 2029 2610 2100 professi
2643 2045 2831 2085 sumus
2867 2029 2987 2085 tldei
3037 2028 3409 2101 nostrze'sym-

1838 2122 2016 2178 bolum
2033 2162 2048 2188 ,
2075 2121 2216 2193 quod
2238 2120 2383 2190 jacet
2419 2122 2471 2176 in
2501 2119 2940 2191 chartophylacio
2965 2120 3286 2175 venerabilis
3313 2135 3410 2190 pa-

1837 2211 2117 2278 triarcha,
2166 2221 2404 2282 tempore
2445 2211 2870 2266 consecrationis
2918 2208 3131 2266 nostra}.
3187 2209 3412 2280 Propter

1837 2303 1980 2373 quod
1999 2301 2229 2358 dicimus
2261 2303 2431 2366 vobis,
2458 2311 2514 2357 et
2543 2317 2794 2373 rogamus
2823 2311 3063 2358 sanctam
3107 2301 3368 2374 synodum
3393 2341 3408 2361 ο

1838 2392 1884 2449 si
1919 2391 2174 2465 possibile
2193 2401 2300 2453 est,
2334 2391 2604 2465 indulgeat
2633 2393 2788 2448 nobis
2811 2393 2952 2464 quod
2998 2393 3414 2448 deliberavimus

1837 2499 2158 2541 conservare
2205 2485 2501 2556 usquedum
2551 2485 2864 2541 vixerimus.
2916 2485 3025 2540 Deo
3069 2484 3414 2540 amicissimis

1836 2576 2192 2648 metropolitis
2231 2576 2595 2631 deferentibus
2640 2575 2941 2644 lmjusmodi
2985 2574 3408 2643 responsionem,

1838 2667 2165 2725 sanctissimi
2204 2667 2389 2722 vicarii
2425 2668 2653 2723 senioris
2683 2667 2866 2721 Roma:
2911 2666 3163 2721 dixerunt
3193 2683 3208 2718 :
3239 2665 3410 2735 Lega-

1840 2769 1928 2814 tur
1962 2758 2238 2830 responsio
2259 2772 2445 2813 eorum
2475 2757 2527 2811 in
2555 2757 2880 2811 audientiam
2924 2757 3186 2809 omnium.
3220 2756 3285 2809 Et
3316 2770 3410 2810 ac-

1837 2847 2043 2918 cipiens
2075 2847 2309 2902 Thomas
2335 2845 2660 2902 venerabilis
2712 2845 3071 2901 subdiaconus
3098 2860 3162 2900 ac
3188 2846 3414 2901 devotus

1837 2937 2073 2993 vicarius
2093 2937 2147 2992 in
2169 2935 2498 2992 auditionem
2522 2944 2721 2991 sanctae
2733 2935 2920 3007 synodi
2949 2936 3094 3005 legit.
3125 2937 3190 2990 Et
3217 2937 3411 2991 iterum

1837 3029 2025 3086 vicarii
2051 3029 2280 3086 senioris
2307 3029 2491 3084 Roma:
2530 3028 2780 3083 dixerunt
2809 3046 2822 3081 :
2853 3027 3086 3100 Legatur
3127 3028 3350 3098 epistola
3383 3044 3414 3082 a

1840 3119 1951 3176 Deo
1979 3119 2167 3175 muniti
2202 3119 2546 3188 imperatoris
2587 3119 2778 3181 nostri,
2805 3132 2965 3188 quam
2999 3119 3144 3174 misit
3185 3119 3251 3174 ad
3285 3135 3413 3174 san-

1767 3213 1812 3274 C
1842 3214 2144 3271 ctissimum
2190 3228 2380 3284 papam
2427 3211 2704 3268 Nicolaum
2727 3224 2775 3266 ι.
2827 3211 2893 3267 Ει
2936 3211 3206 3283 accipiens
3242 3213 3415 3268 Theo-

1841 3305 2004 3360 dorus
2033 3305 2260 3360 devotus
2287 3318 2316 3357 a
2343 3303 2568 3359 secretis
2597 3302 2743 3376 legit.

1844 3459 1862 3492 ι
1900 3439 1967 3494 In
1993 3440 2202 3494 nomine
2233 3437 2409 3493 Patris
2437 3479 2452 3502 ,
2481 3449 2527 3493 et
2558 3435 2707 3509 Filii,
2730 3440 2960 3509 etrsancti
2983 3438 3210 3509 Spiritus
3236 3441 3412 3503 unius,

1904 3520 1953 3564 et
1983 3509 2146 3563 solius
2172 3549 2187 3574 ,
2234 3519 2281 3562 et
2316 3511 2423 3578 peri
2474 3509 2568 3562 Dei
2591 3549 2604 3572 ,
2642 3508 2872 3562 Basilius
2916 3508 3088 3578 ﬁdelis
3136 3511 3415 3578 imperator

1906 3578 2256 3650 Romanorum
2305 3577 2544 3650 Nicolao_
2573 3579 2904 3650 sanctissimo
2949 3595 3101 3650 papte
3152 3577 3411 3642 Romano,

1831 3687 1834 3690 .
1909 3659 1955 3703 et
1981 3649 2246 3718 spirituali
2270 3663 2476 3718 quoque
2509 3646 2658 3702 Patri
2691 3659 2888 3702 nostra.

1913 3779 1932 3813 ι
1967 3759 2209 3828 Qualiter
2237 3773 2295 3814 se
2321 3759 2481 3814 habet
2508 3761 2704 3815 mentis
2750 3768 2946 3816 nostr:e
2975 3761 3223 3816 voluntas
3251 3776 3414 3830 super

1841 3851 2222 3906 ecclesiasticis
2247 3851 2475 3921 negotiis
2504 3851 2705 3905 nostris
2725 3891 2737 3915 ,
2783 3866 2816 3902 ο
2841 3852 3077 3906 divinum
3106 3862 3158 3907 et
3195 3867 3409 3908 sacrum

1838 3952 2000 4014 atque
2050 3942 2220 3998 instar
2269 3942 2449 3996 Aaron
2505 3943 2880 3996 reverendum
2909 3952 3100 4012 caput,
3147 3943 3199 3998 in
3237 3945 3410 4014 priori

1836 4035 2058 4107 epistola
2107 4037 2454 4092 innotnimus.
2505 4035 2818 4092 Nescientes
2863 4039 3167 4104 autem,'si
3211 4041 3414 4094 sanctis

1837 4130 2052 4194 vestris,
2091 4138 2146 4184 et
2183 4128 2478 4204 secundum
2531 4127 2748 4199 Moysen
2799 4128 2907 4184 Deo
2957 4117 3301 4200 gratissimis,
3343 4132 3413 4186 sit

1835 4221 2008 4293 posita
2035 4220 2228 4292 palmis
2273 4218 2476 4291 (multa:
2523 4205 2754 4290 namque
2799 4221 2850 4274 in
2901 4220 3190 4291 longinquo
3221 4221 3414 4277 itinere

1838 4311 2194 4382 impedientes
2219 4311 2703 4382 acciduntcansze),
2730 4312 3094 4366 necessarium
3125 4312 3411 4381 conSpcxi-

1837 4420 1957 4461 mus
2009 4405 2243 4475 primum
2285 4421 2404 4476 quze
2430 4406 2482 4459 in
2513 4407 2698 4460 eadem
2749 4405 3162 4460 continebantur
3187 4406 3410 4475 epistola

1840 4495 1892 4548 in
1925 4495 2074 4551 brevi
2098 4510 2546 4558 commemorare,
2574 4504 2627 4548 ct
2655 4511 2794 4550 nunc
2827 4511 2946 4565 qum
2979 4495 3262 4549 defuerunt
3287 4512 3412 4565 sup-

191 4577 395 4642 syuodo;
425 4591 597 4647 neque
627 4577 770 4632 enim
805 4575 914 4643 vult
941 4574 1192 4630 claudere
1235 4574 1440 4629 viscera
1484 4589 1613 4640 sua;
1651 4575 1735 4629 in-

1843 4584 2008 4653 plere.
2038 4583 2277 4638 Habebat
2309 4583 2487 4652 itaque
2516 4583 2567 4635 in
2591 4583 2783 4651 quibus
2822 4581 2977 4636 malis
3001 4583 3290 4637 Ecelcsiam
3318 4599 3414 4637 no-

190 4666 304 4720 vitat
331 4681 457 4738 ergo
486 4682 578 4723 vos
623 4667 806 4721 venire
836 4679 850 4718 :
895 4680 960 4720 ac
995 4669 1287 4720 secundum
1328 4662 1491 4718 libelli
1525 4663 1737 4718 satisfa-

131 4795 138 4804 .
191 4757 397 4814 ctionem
427 4759 608 4827 facite,
640 4755 1093 4831 quemadmodum
1124 4764 1179 4812 et
1207 4753 1383 4811 caeteri
1415 4752 1612 4808 fratres
1640 4767 1736 4807 ve-

192 4851 272 4906 stri
312 4852 574 4920 fecerunt;
602 4863 657 4908 et
683 4851 909 4921 suscipit
951 4864 1046 4905 vos
1090 4857 1276 4904 sancta
1320 4856 1376 4902 et
1421 4846 1739 4903 universalis

191 4945 423 5013 synodus.
445 4945 675 5002 Thomas
697 4954 751 5000 et
779 4933 958 4998 Helias
978 4940 1307 4998 sanctissimi
1333 4940 1518 4995 vicarii
1547 4940 1735 4997 Orien-

193 5034 357 5090 talium
379 5037 580 5092 sedium
613 5035 868 5090 dixerunt
899 5051 912 5087 :
945 5033 1248 5088 Secundum
1276 5032 1464 5088 solitas
1496 5043 1550 5088 ct
1572 5049 1735 5090 cano—

193 5123 321 5180 nicas
345 5127 725 5197 przeccptiones
753 5123 1115 5195 apostolorum
1143 5137 1206 5176 ac
1234 5131 1542 5178 sanctarum
1568 5138 1734 5194 syno-

193 5213 359 5271 dorum
399 5227 453 5273 et
478 5233 570 5275 nos
595 5217 955 5289 providemus,
983 5223 1114 5269 nutu
1146 5214 1527 5271 misericordia:
1567 5215 1736 5286 ducti,

192 5315 242 5360 ut
271 5309 623 5365 adsciscantur
664 5309 728 5364 ad
779 5309 919 5363 hanc
955 5307 1096 5362 viam
1141 5307 1358 5373 salutis,
1390 5307 1456 5362 ad
1492 5323 1654 5380 quam
1683 5318 1740 5365 et

193 5458 626 5532 chamrlgnatum,
657 5464 726 5517 ab
769 5460 860 5515 illo
908 5459 1233 5526 recedendo,
1280 5469 1334 5517 et
1372 5471 1559 5517 contra
1605 5465 1732 5518 sub.

193 5530 510 5598 scriptionem
539 5548 686 5587 suam
723 5532 929 5598 agendo
965 5532 1341 5595 commiserat,
1372 5547 1469 5598 per
1493 5533 1728 5589 libellum

1843 4683 2036 4737 stram,
2084 4671 2549 4742 quando'imperii
2597 4671 2790 4727 divinis
2837 4672 3170 4727 orationibus
3219 4674 3414 4728 vestris

1844 4762 2201 4836 gubernacula
2251 4760 2608 4830 suscepimus,
2655 4762 3017 4816 invenerimus
3051 4761 3188 4816 male
3228 4761 3415 4829 jacen-

1845 4860 1950 4906 tem
1973 4891 1988 4916 ,
2013 4847 2382 4906 insanabiliter
2405 4849 2741 4920 languentem
2764 4890 2778 4914 ,
2812 4851 3051 4920 legitimo
3080 4859 3289 4906 rectore
3317 4852 3420 4905 deo

1844 4945 2122 5009 nudatam,
2156 4940 2442 5012 tyrannide
2467 4939 2739 4996 detentam
2761 4982 2775 5005 ,
2802 4940 2958 4995 alieni
2989 4941 3217 5009 pastoris
3245 4940 3418 4996 servi-

1845 5033 1945 5088 tuti
1971 5033 2265 5103 subjectam
2286 5072 2300 5098 ,
2331 5029 2510 5089 omnia
2539 5031 2710 5087 instar
2738 5030 2942 5085 ancillae
2983 5032 3276 5099 patientem
3307 5045 3420 5083 ma-

1841 5125 1957 5194 gis,
1988 5140 2148 5194 quam
2187 5124 2340 5179 mare
2387 5121 2589 5188 regina:
2615 5120 2904 5192 quidquam
2951 5130 3242 5188 gerentem.
3293 5115 3420 5172 llaec

1840 5225 1968 5271 sunt
2009 5232 2127 5287 qua:
2172 5212 2261 5269 illa
2302 5209 2645 5285 significabat
2691 5210 2934 5282 epistola.
2984 5211 3053 5266 Et
3097 5211 3342 5282 quamam
3389 5221 3420 5260 a

1845 5306 1996 5363 nobis
2026 5305 2234 5380 agenda
2265 5303 2382 5359 fore
2415 5300 2528 5354 visa
2561 5311 2705 5367 sunt,
2737 5300 2980 5372 quaedam
3012 5315 3139 5356 vero
3182 5309 3421 5372 paterna:

1837 5460 2076 5530 tlejectus
2125 5468 2249 5523 est,
2297 5459 2562 5514 duntaxat
2612 5457 2752 5523 beati
2807 5453 2953 5512 Petri
2991 5453 3195 5521 judicio
3247 5461 3422 5504 rescr-

1836 5541 2009 5586 vatus.
