3960 5338
525 398 595 456 59
1691 395 2047 456 ANASTASII
2084 395 2626 462 BIBIJOTIIECARII
3700 408 3773 466 6!).

527 509 799 567 sanctitati
826 517 1016 566 vestra:
1051 511 1262 582 penitus
1296 510 1658 581 relinquenda.
1694 509 1892 567 Verum
1938 511 2093 567 nobis
2121 517 2168 577 Α
2197 512 2429 568 triarcba
2454 513 2682 584 lgnatio,
2709 529 2870 584 quam
2900 515 2967 571 de
3015 513 3318 570 miserrimo
3345 515 3554 582 Pbotio,
3599 518 3764 575 desti-

527 603 661 658 nlhil
682 601 910 674 amplius
935 603 1132 658 debere
1158 603 1272 659 ﬁeri
1305 603 1472 658 visum
1501 612 1605 669 est,
1633 603 1758 670 nisi,
1787 614 1844 658 ut
1870 603 2094 660 Photius

526 695 743 765 quidem
790 710 820 749 a
875 696 1004 750 sede
1050 702 1434 760 removeretur,
1480 703 1536 751 et
1587 707 1769 751 secum
1818 695 2095 763 quiescere

527 784 871 840 hortaremur
925 801 938 840 :
970 783 1163 855 quippe
1190 785 1280 854 qui
1312 784 1477 840 multa
1507 792 1694 840 contra
1727 783 2008 838 veritatem
2037 791 2096 840 et

523 883 716 932 contra
781 889 994 931 sacrum
1057 874 1388 944 pontilicium
1452 883 1686 930 vestrum
1753 873 2090 938 commovit;

526 967 584 1024 in
644 975 852 1023 tantum
915 967 1056 1022 eiiim
1119 965 1295 1021 rabies
1352 964 1494 1020 illius
1548 961 1794 1034 profecit.
1849 962 1920 1018 At
1967 978 2094 1019 vero

523 1058 763 1131 lgnatius
819 1057 1188 1113 sanctissimus
1248 1063 1306 1110 et
1356 1053 1614 1124 spiritalis
1676 1061 1830 1124 pater
1883 1061 2092 1118 noster,

523 1147 616 1219 qui
667 1147 813 1206 clare
867 1145 1090 1217 injurias
1140 1154 1196 1200 ct
1242 1143 1580 1215 tyrannidem
1634 1141 1856 1214 pertulit
1904 1156 2096 1198 secun-

523 1239 649 1296 dum
702 1222 982 1310 judicium.
1016 1244 1071 1292 et
1122 1235 1593 1307 justificationem,
1655 1249 1776 1304 qua:
1825 1234 1880 1289 in
1926 1233 2095 1289 diver-

523 1331 600 1389 sis
622 1327 864 1403 epistolis
893 1329 1089 1386 vestris
1115 1329 1332 1384 inventa-
1353 1336 1438 1384 est
1481 1327 1812 1398 (quanquam
1843 1340 2093 1398 pereas-

521 1424 642 1480 dem
692 1421 900 1478 litteras
942 1421 1028 1476 vix
1059 1434 1203 1475 nunc
1229 1418 1479 1474 omnibus
1503 1417 1850 1477 manifestum
1893 1415 2096 1472 consti-

521 1513 720 1570 tuimus
749 1530 762 1566 :
791 1513 871 1568 sic
894 1511 1038 1567 enim
1066 1511 1194 1580 ipsa:
1216 1509 1406 1566 litterae
1430 1509 1658 1575 obruta},
1687 1518 1742 1565 et
1788 1509 2095 1564 nullatenus

519 1605 839 1675 quibusdam
880 1611 1110 1658 ostensa:
1137 1601 1335 1658 fuerint
1372 1602 1438 1656 ab
1465 1602 1532 1656 iis
1559 1603 1648 1671 qui
1677 1611 1802 1657 ante
1827 1616 1924 1657 nos
1953 1601 2098 1671 prin-

518 1697 754 1766 cipatum
782 1693 1091 1766 tenuerunt)
1136 1709 1234 1765 per
1273 1708 1480 1765 aequam
1509 1691 1781 1762 etjustam
1810 1692 2094 1748 veritatem

519 1789 588 1843 ad
631 1789 906 1859 proprium
946 1787 1197 1843 thronum
1238 1797 1584 1844 revocaretur
1613 1807 1624 1842 :
1653 1789 1873 1858 reliquis
1911 1797 2092 1842 autem

2195 604 2305 660 nati
2331 612 2457 660 sunt
2494 606 2561 660 ab
2587 603 2801 663 amabili
2830 605 3046 660 Christo
3093 604 3316 675 imperio
3356 617 3542 664 nostro
3570 607 3640 662 ad
3671 623 3765 678 pa-

2194 702 2406 749 ternam
2448 695 2788 752 sanctitatem
2829 705 3066 752 vestram
3109 697 3177 752 ah
3207 707 3431 768 utraque
3458 709 3614 768 parte
3640 715 3768 771 apo-

2193 786 2456 853 crisiarii;
2500 803 2531 844 a
2573 789 2912 848 sanctissimo
2957 789 3171 860 quidem
3216 791 3518 860 patriarcha
3561 791 3768 865 lgnatio

2191 876 2426 936 Joannes
2449 880 2786 951 metropolita
2817 880 2986 947 Silani,
3014 897 3043 934 a
3069 873 3260 936 Photio
3281 896 3408 937 vero
3435 883 3626 955 Petrus
3651 898 3770 941 nte-

2196 968 2446 1038 tropolita
2478 969 2686 1035 Sardis,
2721 984 2844 1026 cum
2889 971 3084 1041 quibus
3124 981 3184 1038 et
3219 987 3255 1038 ag
3276 972 3536 1046 divinitus
3555 975 3768 1031 munito

2194 1059 2420 1130 imperio
2447 1071 2629 1117 nostro
2660 1061 2860 1118 missus
2885 1069 2970 1117 est
2997 1060 3228 1118 Basilius
3261 1062 3599 1134 spatharius;
3631 1080 3770 1135 quos

2194 1152 2439 1210 volumus
2467 1162 2526 1207 ut
2553 1162 2776 1224 paterna
2803 1155 3062 1210 sanctitas
3096 1163 3297 1210 vestra‘
3320 1155 3600 1225 suscipiat,
3630 1166 3690 1212 et
3715 1157 3768 1212 in

2193 1251 2480 1314 conspectu
2505 1230 2902 1315 episcopo-rum,
2929 1244 3020 1316 qui
3048 1260 3115 1300 ex
3143 1252 3369 1316 utraque
3391 1246 3780 1315 partedirecti

2193 1341 2340 1401 sunt,
2367 1349 2488 1404 quae
2502 1333 3117 1391 videbunturrsanetitati
3147 1344 3249 1391 tua:
3274 1336 3766 1411 ecclesiasticis‘le-

2193 1424 2351 1496 gibus
2399 1434 2560 1496 atque
2589 1426 2888 1484 canonihus
2921 1427 2987 1483 de
3032 1427 3256 1484 summis
3296 1428 3669 1486 sacerdotibus
3716 1438 3776 1488 et

2192 1515 2562 1572 sacerdotibus
2579 1515 2791 1572 sanciat
2819 1531 2834 1572 :
2863 1531 2985 1573 cum
3016 1517 3206 1588 hisque
3229 1518 3409 1573 mittat
3437 1518 3592 1575 nobis
3617 1534 3774 1574 reve-

2193 1606 2544 1664 rendissimos
2579 1607 2980 1678 apocrisiarios,
3006 1616 3066 1663 ut
3095 1608 3426 1666 certilieetur
3455 1611 3772 1681 expressius

2192 1703 2248 1754 et
2269 1697 2456 1768 purius
2482 1698 2824 1754 sanctissima
2861 1697 3090 1754 ecclesia
3133 1707 3348 1765 nostra,
3397 1699 3552 1769 cujus
3580 1701 3772 1756 volun-

2196 1785 2320 1841 tatis
2345 1787 2603 1842 sanctitas
2634 1797 2720 1842 tua
2745 1802 2909 1858 super
2933 1788 3176 1858 utrisque
3201 1787 3480 1844 consistat.
3511 1788 3587 1844 lta
3615 1798 3772 1859 pater

521 1879 681 1934 linem
710 1878 1110 1950 imponendum,
1145 1877 1253 1934 imo
1277 1893 1405 1935 vero
1432 1887 1486 1934 et
1526 1879 1640 1934 hare
1671 1877 1862 1933 eadem
1894 1893 2090 1948 appro—
2125 1863 2167 1924 Β
2193 1876 2469 1948 spiritalis,
2520 1886 2577 1934 et
2619 1877 2876 1934 divinitus
2917 1877 3235 1934 honorande
3263 1893 3476 1935 summe
3504 1879 3767 1950 pontifex,

517 1971 776 2036 bandum,
803 1970 1180 2041 atque-horum
1211 1971 1492 2040 sequentia
1523 1970 1941 2036 terminandum,
1981 1969 2092 2040 spi-

519 2063 698 2119 rituali
729 2063 998 2119 sanctitati
1023 2071 1216 2118 vestra:
1239 2060 1866 2118 dimisimus..Videlicet
1909 2063 1976 2118 de
2007 2060 2092 2116 his

518 2152 889 2210 sacerdotibus
914 2153 1006 2223 qui
1046 2167 1115 2208 ex
1145 2161 1372 2223 utraque
1409 2161 1562 2222 parte
1605 2161 1993 2222 peccaverunt,
2039 2159 2093 2206 et

517 2255 644 2301 ante
673 2261 703 2300 a
736 2245 1079 2302 sanctissimo
1105 2245 1412 2316 patriarcha
1443 2244 1646 2314 lgnatio
1671 2243 1974 2299 consecrati
2006 2258 2095 2298 se-

519 2338 751 2393 cundum
777 2337 1060 2407 scriptura:
1081 2351 1191 2392 suae
1219 2333 1637 2400 confessionem,
1664 2335 1717 2390 in
1742 2334 1970 2390 veritate
1993 2334 2093 2393 mi-

519 2429 666 2484 nime
692 2437 1134 2500 permanserunt,
1160 2443 1319 2500 quam
1349 2429 1440 2498 qui
1469 2443 1499 2483 a
1531 2427 1720 2484 Pbotio
1760 2427 1874 2483 viro
1919 2427 2096 2496 impn-

518 2521 666 2576 denti
696 2536 886 2576 manus
911 2519 1303 2590 impositionem
1330 2528 1681 2591 susceperunt
1711 2537 1724 2573 :
1771 2534 1873 2576 nec
1901 2534 2013 2576 non
2038 2527 2096 2574 et

517 2611 587 2668 de
612 2612 698 2668 bis
724 2612 950 2668 summis
975 2611 1360 2678 sacerdotibus,
1399 2619 1456 2668 et
1497 2611 1892 2677 sacerdotibus,
1932 2618 2093 2681 atque

518 2704 821 2769 abbatibus,
877 2703 969 2775 qui
1016 2703 1374 2759 diversimode
1421 2701 1756 2774 scripserunt
1806 2719 1820 2754 :
1863 2714 2092 2772 quorum

516 2793 732 2864 quidem
761 2793 853 2848 alii
899 2794 951 2849 vi
980 2792 1064 2849 vel
1095 2791 1397 2865 tyrannide,
1440 2791 1532 2848 alii
1576 2807 1706 2847 vero
1745 2789 2092 2862 simplicitate

515 2893 612 2939 aut
655 2885 890 2950 levitate,
935 2884 1156 2955 quidam
1192 2898 1323 2939 vero
1370 2883 1682 2939 seductione
1722 2898 1788 2939 ac
1815 2883 2092 2951 versutiis,

516 2977 734 3047 quidam
782 2991 911 3031 vero
956 2975 1269 3032 muneribus
1303 2984 1360 3031 et
1399 2976 1696 3031 honoribus
1735 2974 2094 3031 diversimode

516 3065 724 3135 decepti
751 3072 898 3120 sunt.
943 3063 1102 3119 Pauci
1123 3064 1266 3119 enim
1293 3063 1596 3131 superiores
1629 3076 1654 3104 ιι
1697 3063 1889 3132 laqueo
1940 3063 2086 3118 illius

515 3171 740 3227 prorsus
777 3153 948 3211 eﬁecti
995 3163 1160 3221 sunt;
1194 3153 1302 3209 imo
1335 3169 1464 3208 vero
1505 3153 1784 3209 dicendum
1815 3161 1917 3218 est,
1965 3153 2090 3222 quia

517 3261 655 3317 pene
685 3260 875 3302 omnes
902 3246 1120 3312 sacrati,
1149 3255 1258 3300 tam
1289 3245 1516 3312 priores,
1543 3261 1702 3317 quam
1733 3245 2090 3314 posteriores,

516 3339 609 3410 qui
636 3338 736 3394 sub
755 3339 911 3395 nobis
934 3348 1080 3404 sunt,
1106 3339 1268 3404 male,
1283 3347 1339 3394 et
1359 3349 1421 3393 ut
1445 3354 1548 3394 non
1570 3339 1852 3408 oportebat
1876 3337 2090 3392 tractati

516 3439 661 3486 sunt.
701 3430 777 3486 De
803 3431 996 3502 quibus
1021 3431 1294 3486 decretum
1315 3441 1368 3486 et
1393 3429 1654 3500 judicium
1675 3431 1888 3486 mittere
1916 3438 2095 3500 pater-

515 3537 641 3577 nam
677 3521 1018 3578 sanctitatem
1062 3530 1290 3577 vestram
1334 3522 1744 3592 praescribentes
1787 3521 1814 3560 ι)
1849 3519 2095 3590 poposci-

516 3627 660 3677 inus,
707 3620 762 3668 et
805 3627 946 3668 nunc
993 3612 1298 3682 expetimus
1337 3625 1352 3665 :
1385 3612 1644 3668 addentes
1687 3609 1814 3667 huic
1851 3609 2092 3679 epistola:

513 3718 613 3773 pro
645 3702 761 3767 bis,
811 3705 900 3772 qui
939 3703 1250 3760 ceciderunt
1292 3703 1729 3774 benignissimam
1772 3700 2091 3773 postulatio-

516 3807 660 3858 nem,
689 3800 744 3846 et
767 3792 998 3847 maxime
1026 3793 1092 3848 de
1125 3791 1189 3848 iis
1215 3792 1304 3861 qui
1339 3791 1668 3862 pmnitentim
1699 3791 1873 3846 locum
1913 3789 2094 3860 requi-

516 3890 663 3949 runt,
686 3881 764 3954 ζει
795 3884 862 3938 ad
891 3881 1188 3953 legitimum
1221 3898 1490 3938 summum
1536 3883 1869 3938 sacerdotem
1911 3896 2093 3938 recur-

517 3981 644 4032 runt
671 3990 686 4028 :
719 3980 982 4044 quatenus
1013 3987 1117 4028 non
1133 3971 1388 4028 Ecclesiae
1415 3981 1616 4028 nostra:
1647 3971 1874 4026 summis
1909 3985 2089 4026 sacer-

514 4063 761 4129 dotibus,
811 4071 866 4118 et
917 4062 1288 4118 sacerdotibus
1335 4062 1426 4131 qui
1479 4062 1578 4118 sub
1626 4061 1774 4138 omni
1828 4059 2090 4131 regimine

513 4162 702 4218 nostro
744 4153 1073 4216 consistunt,
1103 4167 1387 4207 commune
1431 4159 1684 4207 occurrat
1727 4147 2090 4220 naufragium,

514 4246 900 4324 propemodum
924 4244 1190 4300 universis
1217 4243 1320 4299 illis
1350 4243 1417 4298 de
1440 4242 1591 4299 falsis
1610 4251 1665 4299 et
1691 4241 2090 4312 impotabilibus

513 4335 853 4410 gustantibus
880 4333 1178 4404 iniquitatis
1199 4333 1586 4388 rheumatibus.
1612 4328 1784 4402 Super
1806 4331 1889 4386 his
1910 4329 2090 4399 itaque

511 4428 846 4503 postulamus
883 4425 1454 4497 compatieutissimum
1503 4421 1865 4480 sacerdotium
1915 4430 2104 4486 tuum,

2193 1970 2433 2027 accelera
2459 1985 2559 2041 pro
2574 1970 2825 2026 Ecclesiae
2846 1980 3044 2028 nostrae
3069 1973 3402 2030 correctione
3432 1983 3488 2029 et
3515 1972 3771 2030 conﬂictu

2191 2074 2379 2122 contra
2411 2064 2724 2135 injustitiam
2765 2077 2927 2138 atque
2964 2069 3028 2124 ad
3058 2069 3300 2124 veritatis
3343 2064 3770 2129 satisfactionem

2191 2159 2415 2215 multam
2465 2161 2619 2217 nobis
2660 2163 2964 2235 congeriem
3011 2163 3272 2218 bonorum
3318 2161 3538 2222 donare,
3587 2157 3638 2213 id
3685 2165 3773 2213 est

2193 2250 2452 2306 unitatem
2484 2251 2777 2318 mundam,
2811 2267 3122 2324 compagem
3172 2249 3468 2322 spiritalem
3507 2248 3582 2303 ab
3617 2248 3771 2304 omni

2189 2340 2537 2398 contentione
2582 2355 2651 2398 ac
2709 2341 3004 2399 schismate
3053 2340 3311 2406 liberam,
3361 2337 3660 2395 Ecclesiam
3713 2337 3769 2391 in

2191 2430 2409 2488 Christo
2449 2447 2638 2496 unam,
2711 2440 2769 2488 et
2811 2431 2952 2488 ovile
2996 2431 3088 2487 uni
3128 2429 3500 2488 obseeundans
3539 2426 3766 2496 pastori,

2192 2523 2346 2594 cujus
2387 2533 2444 2580 tu
2489 2523 2737 2582 minister
2763 2539 2828 2579 ac
2871 2522 3175 2578 immolator
3199 2521 3389 2580 existis
3432 2519 3766 2582 verissimus.

2192 2611 2381 2672 Saluto
2407 2621 2650 2672 sanctum
2679 2623 2737 2670 et
2761 2612 3118 2671 desiderabile
3153 2612 3284 2668 mihi
3314 2619 3474 2682 caput
3497 2609 3652 2682 quasi
3680 2607 3764 2663 la-

2190 2703 2296 2760 biis
2327 2720 2426 2776 per
2459 2703 2690 2762 litteras.
2712 2703 2864 2762 Vale.
2909 2703 3071 2761 Missa
3099 2712 3396 2773 cstmense
3429 2699 3768 2765 Decembris,

2189 2794 2280 2853 die
2309 2796 2612 2852 undecimo.
2649 2813 2674 2850 ›

2260 2887 2327 2944 Et
2347 2897 2468 2959 post
2492 2888 2778 2946 lectionem
2801 2886 3072 2960 praedicta:
3092 2884 3332 2957 epistolae
3349 2882 3620 2954 accipiens
3643 2881 3766 2936 Ste-

2190 2978 2403 3050 phanus
2431 2980 2540 3035 Deo
2559 2977 2810 3035 amabilis
2836 2978 3096 3035 diaconus
3144 2987 3200 3032 et
3247 2976 3472 3031 devotus
3520 2973 3768 3030 notarius

2193 3069 2476 3140 epistolam
2524 3068 2851 3126 sanctissimi
2910 3066 3234 3138 patriarcha:
3307 3062 3535 3135 lgnatii,
3600 3077 3766 3132 quam

2196 3161 2264 3215 ad
2319 3161 2717 3219 sanctissimum
2756 3174 2950 3232 papam
2978 3199 2986 3215 ,μ
3019 3159 3313 3222 Adi-ianum
3361 3157 3618 3220 miserat,
3685 3153 3767 3208 le-

2197 3250 2274 3320 git
2299 3267 2312 3304 :

2197 3391 2219 3420 ο
2262 3379 2370 3435 Deo
2405 3380 2717 3442 honorabili,
2743 3379 2929 3436 dilecto
2979 3378 3134 3450 fratri
3187 3375 3612 3450 etcopsministro
3668 3376 3770 3432 Ni-

2263 3451 2412 3505 rolao
2459 3453 2788 3522 sanctissimo
2839 3447 2988 3522 ραι)αὲ
3027 3450 3246 3504 senioris
3302 3448 3484 3522 Bome:
3521 3447 3769 3522 [gnosius

2262 3521 2620 3578 misericordia
2668 3521 2766 3577 Dei
2812 3517 3230 3592 archiepiscopus
3289 3517 3771 3587 Constantinopoli-

2263 3600 2440 3646 (unus.

2265 3703 2459 3758 Eorum
2489 3701 2774 3758 vulnerum
2833 3711 2997 3772 atque
3024 3702 3252 3758 livorum
3278 3701 3369 3770 qui
3409 3701 3464 3754 in
3508 3698 3768 3754 membris

2191 3793 2425 3849 hominis
2445 3793 2747 3850 consistunt
2765 3792 2964 3848 multos
2987 3792 3220 3847 medicos
3243 3789 3600 3861 protulitars;
3627 3788 3768 3842 hanc

2189 3883 2408 3954 quidem
2437 3884 2741 3954 passionem
2769 3882 2875 3940 alio
2897 3883 3195 3954 accipiente
3231 3891 3287 3938 et
3310 3880 3537 3936 alteram
3570 3878 3762 3942 altero,

2189 3990 2254 4031 ex
2280 3989 2378 4044 per
2396 3973 2787 4046 experientiam
2813 3981 3128 4045 amputante
3179 3981 3236 4028 et
3263 3971 3544 4036 medentc;
3578 3985 3766 4026 eorum

2190 4083 2318 4122 vero
2345 4083 2465 4137 qua:
2491 4066 2544 4121 in
2568 4065 2827 4123 membris
2850 4075 2975 4122 sunt
3003 4065 3202 4121 Christi
3250 4073 3306 4119 et
3331 4063 3424 4118 Dei
3455 4061 3764 4126 salvatoris,

2188 4157 2428 4212 omnium
2445 4163 2687 4212 nostrum
2707 4155 2922 4225 capitis,
2951 4163 3006 4210 ct
3023 4169 3232 4223 sponsa:
3255 4151 3534 4208 catholicae
3549 4161 3604 4207 ct
3634 4167 3770 4223 apo-

2190 4244 2395 4302 stolica:
2421 4243 2696 4312 Ecclesiae,
2728 4259 2893 4299 unum
2915 4253 2972 4299 et
2999 4244 3324 4315 singularem
3365 4241 3766 4311 praecellentem

2189 4344 2350 4408 atque
2382 4334 2861 4391 catholicissimum
2888 4333 3154 4389 medicum
3197 4333 3310 4405 ipse
3337 4333 3588 4403 prinCrps
3619 4348 3770 4387 sum-

2191 4441 2330 4489 mus,
2353 4433 2410 4480 et
2434 4422 2760 4480 fortissimus
2791 4438 2992 4489 sermo,
3021 4431 3076 4478 et
3096 4421 3395 4486 ordinator,
3433 4431 3489 4475 et
3517 4429 3762 4485 curator,

511 4528 574 4576 ut
596 4534 813 4576 manum
841 4517 1083 4589 porrigat
1115 4513 1486 4580 humanitatis,
1513 4521 1569 4568 et
1598 4527 1787 4567 eorum
1813 4510 2087 4580 dispenset
2116 4553 2162 4612 Β
2192 4524 2248 4570 et
2271 4514 2416 4571 solus
2450 4529 2518 4568 ex
2570 4521 2682 4569 toto
2732 4513 2988 4585 magister
3032 4513 3174 4568 Deus
3201 4512 3441 4567 omnium
3467 4511 3764 4580 produxit,

511 4611 760 4674 salutem,
791 4609 884 4680 qui
911 4606 1186 4679 proprium
1223 4607 1484 4661 duntaxat
1527 4610 1806 4674 peccatum
1847 4617 2085 4673 pronun-

510 4703 667 4770 tiant,
706 4712 762 4760 et
781 4701 995 4758 veniam
1027 4700 1270 4770 accipere
1297 4698 1364 4753 de
1391 4713 1457 4752 eo
1479 4695 1562 4768 [ut
1589 4695 1802 4751 veniam
1821 4693 2086 4763 accipiant

509 4793 582 4865 ab
606 4793 693 4866 eo]
728 4794 821 4866 qui
857 4791 994 4848 male
1020 4806 1084 4849 ac
1120 4789 1368 4859 nequiter
1392 4789 1461 4844 ab
1490 4788 1620 4858 ipsis
1649 4785 1962 4842 molestatus
2002 4792 2087 4840 cst

512 4899 723 4946 summo
753 4882 1094 4940 sanctissimo
1134 4879 1415 4935 sacerdote
1453 4877 1750 4947 deposcunt
1777 4894 1791 4930 :
1819 4890 1913 4930 eos
1941 4875 2085 4930 enim

510 4953 606 5044 qui
635 4979 951 5042 permanent
975 4971 1030 5025 in
1061 4966 1291 5032 malitia,
1325 4974 1382 5020 et
1411 4963 1598 5020 nolunt
1625 4963 1692 5018 ad
1719 4961 1960 5018 veritatis
2000 4975 2086 5016 se-

511 5062 700 5120 mitam
731 5061 1008 5132 repedare,
1058 5057 1236 5113 nullus
1273 5054 1462 5111 modus
1488 5053 1572 5109 vel
1597 5051 1736 5108 ratio
1772 5066 1802 5106 a
1826 5052 2082 5106 condem-

511 5134 1002 5222 pationelibernhh
1063 5149 1127 5176 ’τι
1171 5156 1252 5172 -~-
1509 5143 1554 5154 --
1771 5142 1782 5152 -
1905 5142 1936 5148 --
2070 5141 2082 5153 .

2196 4602 2440 4658 videlicet
2480 4611 2626 4657 tuam
2658 4601 2953 4657 fraternam
3001 4601 3340 4656 sanctitatem
3379 4608 3433 4654 et
3478 4608 3765 4670 paternam

2189 4694 2481 4749 almitatem
2505 4710 2519 4747 :
2542 4703 2762 4764 propter
2781 4707 2900 4764 qua:
2928 4691 3060 4748 dixit
3085 4693 3247 4748 Petro
3268 4706 3460 4763 magno
3480 4700 3533 4745 et
3551 4705 3766 4745 summo

2190 4786 2588 4857 apostolorum:
2623 4784 2701 4838 Tu
2754 4800 2808 4840 es
2858 4781 3065 4850 Petrus,
3109 4793 3158 4837 et
3201 4799 3356 4856 super
3383 4769 3522 4834 Ιιαηὸ
3561 4790 3764 4850 petram

2189 4849 2458 4943 (ediﬁcabo
2498 4872 2788 4928 Ecclesium
2809 4887 3000 4938 meam,
3025 4849 3072 4926 et
3101 4849 3279 4942 portae"
3307 4869 3464 4940 inferi
3495 4849 3599 4922 non
3621 4884 3759 4936 prcc-
3819 4849 3840 4864 ’

2189 4963 2425 5019 valebunt
2466 4963 2713 5018 adversus
2735 4978 2850 5016 eam
2876 4961 3092 5034 (Matth.
3122 4960 3254 5031 xvi).
3287 4960 3353 5014 Et
3378 4960 3610 5014 iterum:
3649 4956 3762 5013 Tibi

2191 5056 2324 5110 dabo
2347 5055 2513 5110 claves
2542 5055 2683 5125 regni
2707 5053 2951 5109 calorum
2979 5070 2997 5108 :
3044 5063 3090 5108 et
3138 5051 3479 5124 quodcunque
3518 5049 3762 5122 ligaveris

2377 5155 2388 5164 .
2423 5161 2561 5184 -...,,,,
2607 5145 2704 5194 ενίι
2732 5143 2950 5204 [Magum
2974 5153 3022 5200 ει
3057 5144 3111 5196 in
3141 5143 3308 5192 nmlis:
3335 5153 3382 5193 et
3419 5143 3763 5213 quodcunque
