2016 3143
130 209 160 237 6|
499 207 764 236 NTERPRETATIO
784 206 908 236 SYNODI
929 205 982 233 VIII
1001 205 1203 234 GENERALIS.
1216 222 1250 227 —
1269 206 1370 235 ACTIO
1387 207 1429 235 lll.
1725 210 1760 238 69.

128 266 226 302 utique
240 271 342 295 sortem
365 247 548 301 apostolorum
576 265 690 301 principi
704 265 790 293 solum
805 264 921 292 circum-
932 264 959 294 Δ
971 262 1017 298 qui
1032 262 1113 290 etiam
1124 270 1173 298 per
1184 267 1256 291 totos
1269 270 1364 291 novem
1380 271 1466 292 annos
1480 271 1529 299 pro
1543 265 1624 293 verbo
1638 266 1760 294 veritatis

129 311 243 347 scripsit
255 316 284 339 et
295 311 427 343 deﬁnivit,
445 311 492 339 sed
502 318 552 346 per
563 318 624 338 eum
639 310 674 338 ad
694 317 788 338 omnes
800 309 846 345 qui
858 313 921 345 post

129 357 205 386 illum
217 358 366 386 secundum
382 357 470 393 ipsum
483 356 614 385 eiliciendi
629 362 709 385 erant
718 356 816 384 summi
829 360 921 392 pasto-

129 411 183 436 res,
194 408 226 432 et
235 403 394 432 divinissimi
407 403 532 438 sacrique
544 403 683 438 pontiﬁces
689 402 802 430 senioris
815 402 919 435 Romaa,

94 473 104 487 ,Α
128 449 304 477 transmisit:
317 453 344 477 et
358 449 418 477 ideo
432 448 468 476 ab
479 449 543 476 olim
553 453 581 476 et
592 448 681 484 prisco
696 452 816 483 tempore
835 447 861 475 in
874 455 921 475 ex-

128 495 197 523 ortis
211 494 362 523 hazresihus
377 499 406 523 et
415 494 683 530 praevaricationibus
697 493 879 521 eradicatores
892 497 921 520 et

128 543 340 577 interemptorcs
349 541 482 569 malorum
492 540 668 572 zizaniorum,
677 543 704 567 et
713 538 919 571 labefactor-um,

127 591 155 614 et
173 586 287 622 penitus
307 585 494 614 insanabiliter
515 584 701 620 aegrotandum
726 584 919 615 membrorum,

126 632 206 660 multi
221 631 358 660 multoties
381 631 446 659 facti
459 635 522 659 sunt
532 638 636 663 eorum,
650 629 697 665 qui
710 630 878 658 sanctitatem
893 633 921 656 et

126 685 265 706 summam
277 677 466 712 paternitatem
478 680 552 704 tuam
565 676 619 704 illic
629 679 843 710 praecesserunt;
856 682 919 702 suc-

128 730 254 751 cessores
272 722 376 750 scilicet
401 722 530 757 principis
544 721 737 757 apostolorum,
748 725 776 749 et
789 720 860 748 illius
874 727 920 748 ze-

127 769 183 797 lum
193 769 222 797 in
236 769 300 801 ﬁde,
316 777 377 804 qua:
387 769 536 797 secundum
546 768 683 796 Christum
695 771 747 801 cst,
763 765 899 794 imitantes
911 774 918 793 :

126 819 153 842 et
165 822 241 842 nunc
265 814 366 842 nostris
380 814 546 849 temporibus
559 813 697 841 beatitudo
712 817 756 841 tua
770 813 850 849 digne
867 817 920 840 tra-

125 858 213 887 ctavit
232 859 326 886 datam
340 859 392 886 sibi
404 866 419 886 a
438 858 547 887 Christo
556 862 728 893 potestatem.
744 857 778 886 Et
788 857 919 893 quemad—

127 904 241 932 modum
261 904 322 939 quis
337 905 440 939 pcritus
465 905 540 937 belli,
558 909 587 931 et
598 905 716 939 optimus
728 908 838 939 prmtor,
854 911 918 932 san-

970 315 1034 335 cum
1043 308 1121 337 nobis
1127 308 1192 344 ipsis
1204 309 1417 344 persecutionem
1429 313 1459 337 et
1468 310 1538 337 mala
1553 315 1649 338 caetera
1664 319 1761 347 passus

971 357 1024 387 est,
1035 359 1062 382 et
1071 353 1180 382 Petrum
1188 354 1236 382 Dei
1246 354 1462 382 amantissimum
1471 355 1626 391 episcopum
1635 355 1759 389 Troadis,

971 401 1016 437 qui
1031 402 1124 430 eadem
1137 406 1164 429 et
1173 402 1233 437 ipse
1247 409 1342 437 passus
1354 405 1401 429 est.
1413 407 1437 433 ι,
1458 406 1483 429 et
1495 402 1597 437 pariter
1610 402 1760 430 decertavit

971 456 1034 475 cum
1049 447 1130 483 regali
1146 448 1264 481 homine,
1284 448 1414 476 rationem
1429 448 1508 476 simul
1524 449 1599 477 vobis
1625 449 1761 484 posituros

971 501 1020 528 pro
1031 493 1118 526 nobis,
1132 497 1159 521 et
1177 501 1237 529 quae
1251 493 1370 529 epistola:
1384 494 1481 521 desunt
1499 494 1558 521 viva
1582 502 1648 522 voce
1674 495 1760 526 adim-

970 539 1090 574 pleturos
1097 543 1123 566 et
1130 538 1301 567 manifestam
1306 547 1349 567 ros
1354 539 1460 574 qualem
1467 544 1494 568 et
1501 548 1570 575 quan
1576 544 1628 567 tam
1639 544 1666 567 et
1677 547 1758 575 quam

971 592 1096 620 magnam
1111 584 1280 612 dilectionem
1306 584 1404 612 habeat
1429 588 1457 612 et
1479 584 1603 612 affectant
1624 585 1761 614 humilitas

971 636 1064 658 nostra
1079 631 1151 659 circa
1168 630 1314 658 fraternam
1338 631 1508 658 sanctitatem
1527 636 1643 659 vestram
1657 641 1663 659 :
1679 632 1759 660 simul

971 680 1061 703 autem
1077 681 1104 703 et
1119 676 1151 704 de
1165 676 1270 703 caeteris
1279 675 1471 704 ecclesiasticis
1481 676 1620 705 ordinibus
1633 681 1758 713 acceptu-

971 729 1025 754 ros,
1045 729 1105 756 qua:
1123 721 1178 749 Deo
1191 721 1329 757 placeant,
1345 726 1373 750 et
1393 726 1483 749 vestro
1499 723 1641 750 intellectui
1665 727 1691 751 et
1712 731 1756 751 sa-

971 766 1078 802 pientiae
1087 771 1114 794 et
1127 767 1251 802 potestati
1263 767 1449 795 distinctiones
1468 772 1547 801 atque
1559 769 1756 803 dispositiones.

970 812 1070 848 Duplex
1098 817 1140 840 est
1153 812 1225 840 enim
1241 813 1416 840 sacerdotalis
1440 813 1553 848 catalogi
1570 815 1754 842 consecratio:

971 865 1032 885 nam
1045 858 1154 893 quidam
1179 865 1194 885 a
1215 859 1294 886 nobis
1321 859 1391 886 hanc
1406 863 1592 892 susceperunt,
1607 864 1633 886 et
1649 861 1756 895 propria

971 904 1125 939 manujpro
1153 903 1231 931 nobis
1259 911 1307 931 sua
1324 908 1419 939 sponte
1444 905 1627 939 scripserunt;
1647 905 1754 939 quidam

124 948 248 982 ctissime
261 953 290 976 ct
309 949 496 977 amantissime
509 948 595 976 frater
610 953 713 982 noster,
728 949 854 977 omnibus
869 956 920 984 po-
934 957 956 986 Β
970 952 1035 977 ver‘o
1045 950 1079 977 ab
1095 949 1188 984 iniquo
1204 954 1231 977 et
1246 949 1419 978 interfectore
1438 950 1544 978 Pliotio.
1561 950 1634 977 Multi
1648 951 1754 986 quidem

125 994 273 1022 lentiorem
299 999 326 1021 et
336 994 427 1023 omnia
445 994 599 1022 vincentem
613 994 765 1027 veritatem,
789 998 917 1030 tanquam

123 1039 252 1074 quaedam
276 1039 355 1067 valde
382 1039 464 1067 fortia
491 1042 519 1068 et
533 1039 750 1075 inexpugnabilia
765 1046 917 1075 proponens

122 1093 214 1118 arma,
230 1085 312 1120 hujus
319 1085 431 1113 amulos
445 1085 577 1121 deiecisti,
589 1090 616 1113 et
628 1093 690 1113 cum
705 1085 813 1113 Christo
827 1090 854 1113 et
869 1093 917 1120 per

122 1130 265 1159 Christum
282 1130 410 1157 mundum
422 1130 522 1163 vicisti,
537 1135 565 1158 et
573 1137 635 1158 eum
649 1130 694 1165 qui
707 1129 796 1158 divina
811 1129 918 1158 furatus

121 1181 175 1209 est,
190 1180 220 1204 et
234 1175 390 1212 dispoliavit
402 1176 500 1209 aliena,
517 1179 546 1204 et
555 1182 605 1211 per
618 1175 765 1204 fenestram
777 1175 805 1203 iu
816 1175 915 1203 atrium

121 1221 215 1249 ovium
233 1228 310 1248 more
322 1221 456 1248 latronum
476 1221 596 1254 intravit,
608 1224 636 1249 et
649 1221 784 1257 przedatus
797 1225 839 1249 est
855 1221 917 1249 ani-

120 1276 182 1296 mas
196 1267 355 1300 multorum,
371 1268 469 1296 deinde
483 1268 564 1295 etiam
578 1275 608 1296 se
629 1272 789 1303 arroganter
808 1267 914 1300 extulit,

120 1318 149 1343 et
162 1314 290 1342 cervices
314 1314 403 1342 erexit
425 1319 519 1342 contra
544 1314 628 1342 Deum
651 1314 873 1349 omnipotentem,
888 1317 916 1341 et

120 1360 149 1392 in
161 1364 270 1387 tantum
292 1359 433 1394 jactanter
453 1360 542 1388 elatus
561 1364 615 1393 est,
633 1363 663 1388 ut
677 1364 839 1388 conventum
855 1359 915 1388 sine

119 1404 303 1432 subsistentia
314 1408 342 1433 et
356 1404 415 1432 sine
433 1412 548 1441 persona
559 1404 672 1440 lingeret
688 1410 782 1433 contra
797 1405 914 1440 irrepre-

119 1451 259 1487 liensibile
281 1455 310 1478 et
334 1446 533 1479 divinissimum
547 1451 585 1485 ζει
613 1458 721 1478 sacrum
739 1451 909 1486 pontificium

118 1501 212 1534 tuum,
225 1496 452 1530 quemadmodum
468 1495 556 1523 fabula
571 1496 797 1531 hippocentauros
809 1500 836 1524 et
859 1500 914 1524 tra-

117 1541 269 1578 gelaphos;
290 1541 362 1576 quod
389 1540 471 1568 etiam
486 1541 602 1568 latenter
617 1541 650 1568 ad
665 1541 812 1577 principem
828 1541 911 1569 misit.

116 1585 282 1620 Huiusmodi
308 1593 373 1622 ergo
400 1593 453 1614 non
477 1590 599 1613 sanctum
625 1590 805 1621 operatorem,
831 1591 912 1622 atque

967 994 1001 1023 de
1017 998 1108 1022 nostra
1116 995 1331 1028 consecratione,
1347 994 1433 1030 gratia
1444 994 1492 1022 Dei
1505 995 1662 1027 confurtati,
1678 997 1757 1023 resti-

967 1044 1059 1069 terunt
1070 1040 1095 1068 ei
1107 1039 1264 1074 fortissime,
1278 1048 1327 1076 per
1346 1040 1449 1068 nullum
1461 1042 1570 1069 molunt
1602 1042 1627 1069 in
1643 1042 1755 1069 inhono-

967 1087 1081 1114 rantiam
1098 1090 1126 1114 et
1147 1086 1337 1115 contumeliam
1359 1090 1490 1119 nostram,
1509 1092 1535 1114 ct
1561 1087 1587 1114 in
1601 1095 1659 1114 eam
1674 1096 1754 1122 quam

965 1136 1061 1167 putant
1075 1131 1270 1166 depositionem
1295 1131 1541 1165 communicantes;
1557 1132 1603 1159 sed
1617 1137 1644 1159 et
1658 1132 1755 1160 inultas

966 1180 994 1204 et
1003 1175 1302 1209 variaeribulationes,
1326 1180 1355 1204 et
1366 1176 1516 1212 angustias,
1532 1184 1564 1204 ac
1576 1177 1633 1204 dira
1647 1177 1754 1211 exsilia,

965 1227 993 1249 et
1004 1221 1142 1250 custodias
1155 1221 1338 1257 perpetientes
1351 1230 1360 1255 ;
1374 1229 1444 1257 quos
1456 1222 1590 1258 przccipue
1605 1223 1756 1258 suscipiens

965 1271 992 1295 et
1007 1271 1051 1294 tua
1071 1267 1221 1300 beatitudo,
1235 1267 1304 1295 bene
1326 1267 1383 1295 scio
1394 1267 1466 1302 quod
1488 1267 1623 1302 supremis
1644 1267 1756 1295 extollat

966 1313 1125 1345 honoribus,
1150 1317 1179 1339 ut
1199 1316 1347 1341 certatores
1360 1312 1492 1340 veraciter
1512 1312 1629 1348 pietatis.
1661 1312 1756 1340 Plures

968 1362 1058 1385 autem
1073 1357 1182 1393 propria
1194 1357 1375 1393 chirographa
1394 1358 1553 1392 transgressi
1568 1362 1640 1391 sunt,
1666 1362 1693 1385 et
1707 1365 1754 1384 ce-

964 1402 1098 1435 ciderunt,
1121 1408 1148 1430 et
1170 1410 1219 1438 pro
1234 1403 1363 1438 temporis
1375 1407 1403 1431 et
1422 1403 1545 1431 utilitatis
1561 1411 1616 1431 suae
1629 1410 1708 1431 causa
1727 1404 1753 1431 in

963 1447 1089 1474 omnibus
1104 1446 1191 1475 Photii
1209 1447 1409 1475 temeritatibus
1421 1452 1449 1475 et
1461 1447 1586 1483 malignis
1601 1448 1706 1476 actibus
1720 1449 1754 1476 ab

963 1493 1041 1520 initio
1053 1500 1139 1528 usque
1161 1493 1194 1520 ad
1216 1493 1295 1521 ﬁnem
1311 1497 1458 1522 sectatores
1469 1499 1497 1522 et
1511 1494 1755 1523 conummicatores

963 1542 991 1565 et
1004 1543 1196 1574 cooperatores
1210 1538 1298 1567 etlecti
1325 1544 1398 1573 sunt,
1416 1540 1571 1575 frequenter
1584 1545 1680 1570 contra
1705 1549 1755 1570 nos

963 1584 1173 1619 subscribentes,
1196 1585 1259 1613 licet
1287 1594 1339 1614 non
1352 1586 1512 1620 voluntarie,
1529 1588 1575 1615 sed
1598 1588 1650 1615 vim
1662 1591 1690 1616 et
1714 1592 1755 1624 ty-

115 1633 195 1665 omni
207 1640 291 1667 opere
303 1632 374 1659 malo
385 1632 529 1667 repletum,
543 1632 667 1660 videlicet
682 1640 743 1660 eum
756 1633 801 1668 qui
816 1640 913 1661 secun-
926 1633 948 1664 C
964 1631 1104 1658 rannidem
1116 1632 1198 1667 passi.
1208 1631 1277 1659 Sunt
1289 1637 1380 1660 autem
1392 1633 1463 1669 apud
1476 1641 1532 1668 eos,
1546 1634 1592 1669 qui
1604 1639 1697 1662 contra
1708 1643 1755 1663 ve-

115 1677 183 1715 dum
198 1678 388 1713 antiphraseos
407 1682 512 1714 tropum
525 1678 639 1706 Photius
652 1679 815 1712 nominatur,
828 1687 912 1714 opere

116 1731 219 1751 manus
232 1724 407 1758 pontificalis,
420 1729 448 1752 et
476 1724 631 1759 apostolica:
657 1725 801 1759 potestatis
829 1729 881 1753 tua:
896 1732 911 1751 a

115 1768 260 1806 communi
286 1768 413 1797 Ecclesia:
429 1770 557 1797 resecasti
573 1777 698 1805 corpore,
720 1774 747 1797 et
758 1777 863 1797 summo
885 1774 912 1797 te

115 1815 202 1853 Petro
216 1814 400 1850 :equiparans,
430 1819 558 1850 tanquam
574 1823 672 1843 novum
690 1815 834 1848 Ananiam,
851 1823 912 1843 sen-

115 1860 205 1892 tentia
220 1860 370 1895 potcntium
384 1860 529 1895 verborum
545 1865 650 1888 tuorunt
662 1860 783 1888 occidisti
793 1861 862 1897 (Act.
872 1862 911 1896 v),

115 1910 142 1934 ct
160 1905 317 1941 privatione
339 1905 470 1941 spiritalis
486 1905 558 1938 vitae,
574 1909 603 1932 ut
626 1905 742 1933 alterum
761 1904 911 1939 Simonem,

115 1958 165 1989 per
179 1951 326 1991 anathema
340 1951 419 1978 morti
430 1951 616 1984 transmisisti;
630 1955 658 1979 et
670 1959 719 1979 nos
728 1951 774 1986 qui
786 1950 912 1986 injuriam

115 1996 193 2032 passi
217 2003 321 2029 sumus,
346 1995 417 2030 sicut
437 1995 606 2030 justissimus
618 1999 645 2023 et
656 1996 770 2023 fratmm
780 1996 912 2024 amicissi-

115 2049 192 2074 mus,
207 2045 236 2069 et
247 2041 496 2076 justejustiﬁcasti,
509 2041 690 2080 etEcclesize,
705 2049 765 2077 quae
778 2042 848 2077 apud
861 2049 911 2070 nos

116 2092 170 2120 est,
195 2091 224 2114 et
238 2087 347 2122 proprio
369 2087 478 2120 throno,
489 2091 599 2122 propter
621 2094 681 2122 quae
695 2086 816 2123 sategisti
831 2091 911 2123 atque

117 2132 266 2167 scripsisti,
288 2136 380 2167 utpote
402 2132 557 2167 apostolicae
584 2137 612 2159 et
632 2140 746 2160 summae
768 2132 911 2168 potestatis

116 2182 269 2213 susceptor,
286 2178 367 2213 digne
379 2186 411 2206 ac
425 2172 621 2206 rationabiliter
632 2178 788 2212 restituisti,
815 2183 843 2207 et
859 2178 910 2206 lla-

117 2228 192 2261 etum
209 2224 255 2259 qui
272 2224 315 2252 hic
326 2224 415 2252 inerat
425 2224 572 2260 dissipasti,
586 2229 614 2253 et
628 2224 849 2260 tranquillitatem
860 2224 911 2253 Ec-

116 2268 209 2296 clesiis
222 2269 372 2297 contulisti.
384 2269 407 2296 Α
422 2270 478 2297 Deo
491 2270 590 2305 quippe
599 2275 741 2306 provectus
763 2275 791 2299 et
800 2279 815 2299 a
828 2271 908 2299 Chri-

116 2318 159 2341 sto
174 2313 367 2343 dilectissimus
383 2319 412 2343 et
438 2316 671 2352 mansuetissimus
687 2321 715 2344 et
742 2316 909 2352 iustissimus
923 2309 947 2339 Ῑ)

117 2360 383 2396 nosterjmpcrator,
397 2366 461 2389 voto
469 2366 497 2389 et
506 2362 618 2390 consilio
630 2366 658 2390 et
671 2362 780 2391 decreto
801 2367 828 2391 et
836 2362 910 2398 judig

117 2407 160 2435 cio
174 2411 227 2435 ture
238 2408 401 2441 sanctitatis,
414 2408 509 2437 favens
527 2409 601 2443 olim,
626 2410 707 2437 etiam
723 2418 794 2440 nunc
809 2411 908 2446 alacri-

117 2457 159 2480 ter
172 2453 312 2485 ohediens,
327 2459 355 2481 ut
367 2454 437 2483 ﬁlius
451 2460 541 2484 vester
551 2456 687 2491 proprius,
699 2460 726 2484 ct
737 2456 908 2485 ﬁdelissimus

117 2499 236 2534 utrique,
251 2507 311 2534 qua:
334 2500 416 2536 digna
433 2505 496 2529 sunt
509 2502 642 2536 exhibuit,
658 2506 685 2531 et
698 2502 781 2530 multa
797 2503 908 2530 tribula-

118 2545 190 2583 tione
205 2545 307 2583 fessam
321 2550 443 2582 nostram
456 2552 633 2582 senectutem,
648 2548 736 2576 adhuc
755 2548 837 2576 etiam
851 2557 909 2576 om~

117 2598 164 2618 nes
175 2591 221 2626 qui
237 2600 286 2627 pro
294 2592 398 2627 iustitia
411 2592 458 2622 Dei
471 2593 570 2620 multas
581 2597 609 2621 et
618 2593 706 2621 varias
718 2593 910 2629 tribulationes

117 2638 314 2675 sustinuerunt,
340 2637 557 2673 imperialissima
581 2639 721 2673 prudentia
751 2647 833 2673 usus,
850 2640 908 2668 ani-

116 2681 199 2709 mavit
216 2686 244 2710 et
258 2682 413 2711 consolatus
425 2688 476 2712 est.
488 2683 541 2711 Pro
557 2684 655 2719 quibus
664 2684 789 2712 omnibus
802 2685 906 2720 gratiﬁ-

116 2733 164 2754 cas
177 2726 272 2755 laudes
284 2732 366 2763 atque
384 2735 465 2756 voces
483 2728 632 2761 referentes
644 2736 725 2764 super
736 2729 827 2757 omnia
852 2730 906 2757 Deo

116 2776 145 2799 et
157 2777 255 2801 vostrae
266 2773 438 2809 beatitudini,
450 2774 574 2805 misimus
595 2775 686 2803 debite
697 2775 828 2803 Joannem
840 2776 906 2803 hea-

119 2817 249 2846 lissimum
264 2823 292 2847 ct
315 2819 515 2848 sanctissimum
531 2820 730 2855 metropolitam
747 2820 838 2857 Sylaei,
865 2821 905 2849 vi-

120 2868 177 2890 rum
201 2864 245 2891 Dei
270 2864 412 2897 cultorem,
439 2869 467 2892 et
484 2865 575 2892 divino
599 2865 736 2894 intellectu
762 2865 903 2905 repletum,

183 2919 268 2948 lnnait
283 2921 474 2956 imperatorem
486 2920 663 2959 Ludovicum.

964 1676 1072 1704 ritatem
1087 1680 1180 1712 postea
1207 1677 1234 1704 in
1249 1677 1354 1705 rabiem
1372 1679 1455 1712 versi,
1475 1683 1504 1706 et
1525 1680 1751 1714 quemadmodum

962 1723 1077 1757 quadam
1102 1720 1209 1749 Satanae
1223 1722 1381 1757 operatione
1412 1722 1543 1756 furentes,
1560 1724 1752 1752 validissimam

962 1765 1043 1793 etiam
1056 1770 1149 1794 contra
1162 1774 1211 1794 nos
1223 1767 1402 1794 ostemlerunt
1414 1767 1557 1795 insaniam.
1570 1768 1691 1795 Primum
1704 1769 1753 1804 igi-

963 1816 1007 1839 tur
1020 1812 1054 1840 de
1080 1811 1232 1847 hujusmodi
1261 1812 1436 1847 lmploramus
1450 1814 1508 1842 dari
1529 1814 1751 1850 dispositionem;

962 1858 1058 1887 deinde
1069 1859 1101 1887 de
1113 1859 1156 1886 bis
1168 1859 1215 1895 qui
1228 1859 1262 1887 ab
1275 1859 1320 1887 illo
1336 1867 1431 1888 manus
1444 1860 1644 1895 imposilionem
1658 1868 1752 1889 susce-

941 1930 943 1932 .
961 1909 1058 1941 perunt
1071 1909 1098 1933 et
1116 1905 1263 1933 secundum
1276 1913 1308 1932 ea
1318 1905 1400 1933 etiam
1417 1905 1467 1941 ipsi
1488 1906 1615 1933 similiter
1630 1914 1679 1942 per
1691 1914 1752 1934 om-

961 1950 1005 1978 nia
1024 1949 1126 1978 frustra
1137 1950 1260 1986 nequiter
1273 1955 1387 1986 cgerunt
1402 1959 1409 1984 ;
1427 1951 1539 1987 insuper
1560 1952 1594 1979 de
1610 1952 1751 1987 presbyte-

961 1996 1011 2029 ris,
1026 1996 1071 2031 qui
1083 2005 1116 2024 ex
1131 2001 1222 2024 nostra
1237 1997 1443 2025 consecratione
1462 1997 1651 2031 consistentes,
1667 1999 1752 2028 semel

960 2043 985 2070 ei
995 2043 1274 2077 communicaverunt,
1287 2043 1329 2071 vel
1341 2043 1467 2071 fortassis
1477 2044 1519 2072 bis
1528 2048 1558 2072 et
1571 2049 1612 2072 ter
1625 2045 1752 2079 ex:arcta

961 2088 1096 2124 angustia,
1119 2096 1174 2117 non
1197 2090 1286 2117 tamen
1308 2089 1526 2124 subscripserunt
1542 2089 1678 2124 injustitia:
1693 2091 1753 2121 chi-_

962 2135 1104 2170 rograplio,
1116 2139 1143 2163 et
1154 2143 1249 2163 rursus
1259 2138 1441 2169 recesserunt,
1451 2139 1479 2163 et
1493 2143 1578 2171 usque
1592 2135 1618 2163 in
1632 2143 1754 2171 presens.

960 2182 1112 2210 voluntarie
1123 2186 1219 2210 vacant
1233 2190 1241 2215 ;
1257 2181 1344 2210 adhuc
1355 2180 1439 2209 etiam
1451 2182 1484 2210 de
1499 2182 1531 2210 iis
1546 2183 1592 2218 qui
1603 2191 1664 2211 cutn
1676 2191 1753 2215 com-_

961 2228 1089 2256 munione
1105 2228 1185 2256 etiam
1201 2228 1427 2264 subscriptionem
1446 2234 1597 2265 gesserunt,
1614 2238 1675 2257 mox
1702 2237 1751 2256 an-

961 2277 1015 2301 tem
1025 2273 1111 2301 otium
1122 2273 1255 2308 eomplexi
1269 2278 1331 2301 sunt
1343 2282 1350 2305 ;
1363 2278 1391 2300 et
1405 2281 1488 2309 super
1502 2274 1552 2301 hos
1563 2274 1645 2301 etiam
1659 2274 1692 2301 dc
1707 2275 1753 2308 his

960 2319 1005 2353 qui
1016 2326 1113 2346 manus
1122 2318 1230 2354 quidem
1245 2318 1444 2353 impositionem
1464 2326 1480 2346 a
1494 2319 1588 2346 Photio
1604 2323 1631 2346 et
1656 2319 1751 2347 voluu~

962 2364 1042 2397 taric,
1053 2369 1080 2392 ct
1093 2371 1145 2391 non
1159 2363 1310 2391 voluntarie
1322 2368 1509 2399 susceperunt,
1525 2364 1632 2392 rcveriti
1647 2370 1746 2397 tamen,

961 2410 1113 2440 sacerdotio
1136 2417 1246 2445 prorsus
1271 2410 1345 2439 nullo
1373 2410 1452 2439 modo
1466 2410 1551 2439 functi
1577 2416 1649 2439 sunt.
1664 2412 1755 2446 Porro,

961 2463 1057 2484 manus
1071 2456 1268 2492 impositionem
1283 2456 1317 2485 ab
1327 2464 1359 2485 eo
1372 2457 1477 2493 accepit
1489 2457 1618 2485 Caesarea:
1645 2457 1749 2493 Cappa-

962 2502 1045 2532 dociae
1063 2501 1282 2538 archiepiscopus
1306 2503 1542 2531 reverentissimus
1568 2507 1595 2530 et
1624 2510 1750 2538 persevc-

961 2548 1132 2576 rantissimus
1155 2548 1253 2576 Paulus
1276 2554 1337 2584 post
1351 2548 1495 2576 concilium
1518 2549 1662 2582 vanitatis,
1677 2549 1749 2584 quod

960 2598 1055 2628 contra
1075 2594 1253 2622 humilitatem
1266 2598 1387 2622 nostram
1403 2594 1488 2622 tenuit
1507 2594 1599 2629 prius:
1614 2595 1639 2622 in
1652 2602 1749 2623 secun-

960 2639 993 2667 da
1003 2647 1069 2667 vero
1081 2639 1185 2676 synodo
1196 2640 1384 2675 reproborum,
1408 2643 1438 2667 ut
1449 2640 1515 2668 dicit
1526 2641 1668 2676 propheta,
1683 2640 1749 2668 viri-

959 2685 1021 2712 liter
1031 2685 1108 2713 valde
1123 2693 1295 2722 propugnans
1305 2685 1340 2713 ob
1354 2686 1496 2715 veritatem
1520 2692 1548 2716 et
1567 2687 1746 2723 triumphans,

958 2734 986 2758 et
1003 2730 1143 2767 divulgans
1156 2738 1250 2759 eorum
1263 2731 1474 2761 interfectricem
1486 2737 1614 2765 mentem,
1633 2736 1662 2759 et
1675 2730 1748 2759 nullo

958 2779 1080 2811 tempore
1092 2776 1134 2804 vel
1151 2777 1230 2805 modo
1241 2782 1335 2805 contra
1347 2777 1525 2806 lmmilitatem
1547 2782 1667 2805 nostram
1682 2776 1747 2803 sub-

958 2820 1090 2855 scribens,
1113 2822 1161 2850 sed
1172 2823 1207 2850 ob
1218 2822 1334 2859 idipsum
1349 2823 1432 2851 multa
1448 2831 1554 2858 passus,
1568 2828 1596 2851 ct
1610 2821 1747 2853 multimo-

959 2868 1007 2897 das
1037 2864 1391 2904 nccessitatcs'sustinens',
1420 2869 1473 2898 alio
1498 2865 1619 2905 quodam
1644 2867 1739 2898 melior
