3960 5572
512 396 583 452 (55
1158 442 1163 447 .
1695 390 2053 449 ANASTASII
2091 390 2629 449 BlBLIOTHECAlm
3680 393 3749 450 64

511 504 719 561 scilicet
744 502 936 560 aﬂ'ectu
955 502 1150 577 dignus
1167 503 1453 562 habebitur:
1471 502 1864 560 ali-atemitate
1881 512 2080 561 vestra.
2111 515 2158 571 Α
2189 504 2340 561 lecta:
2365 513 2491 560 sunt
2522 504 2695 570 modo,
2726 503 2980 574 liquidius
3023 506 3366 575 cognovimus
3407 505 3753 564 amiciChri-

511 598 638 655 llaec
664 598 827 670 igitur
853 607 981 655 sunt
1003 599 1256 669 capitula,
1298 614 1396 669 pro
1413 599 1608 669 quibus
1628 601 1968 671 exposcimus
1988 617 2076 657 so—

511 687 769 745 lutionem
788 695 844 743 et
867 688 1264 744 ordinationem
1294 688 1348 742 in
1379 688 1597 758 scriptis
1618 689 1762 745 mitti
1791 690 2080 746 humilitati

508 786 725 833 nostra).
750 777 973 849 lnsuper
992 776 1486 839 autemetvicarios
1508 786 1701 836 vestra:
1732 779 2081 835 beatitudinis

507 867 793 938 episcopos
822 867 1011 939 dignos
1039 874 1096 923 et
1122 867 1494 934 rationabiles,
1524 879 1585 923 ut
1603 884 1725 925 cum
1749 871 1829 932 eis
1857 870 1992 925 bene
2026 878 2082 925 et

508 958 894 1015 convenienter
921 957 1270 1027 disponamus
1313 957 1938 1029 ecclesiam,qquae,apud
1982 973 2082 1013 nos

505 1057 611 1116 est,
628 1064 788 1120 quam
813 1047 1147 1119 providentia
1177 1047 1274 1107 Dei
1289 1063 1385 1118 per
1408 1048 1851 1111 intercessionem
1883 1048 2077 1107 summi

506 1140 680 1206 Petri,
705 1151 764 1196 et
806 1140 1120 1200 instantiam
1163 1148 1326 1209 atque
1357 1139 1804 1205 interventionem
1843 1150 2077 1195 vestram

506 1230 853 1301 recepimus:
904 1239 960 1285 et
991 1229 1261 1300 accipiant
1305 1230 1519 1301 negotia
1577 1229 1740 1286 linem
1791 1229 1975 1286 utilem
2025 1238 2089 1295 et.

504 1322 1051 1394 congruentissimum
1090 1322 1145 1377 in
1174 1321 1345 1393 gloria
1382 1322 1503 1388 Dei,
1529 1331 1585 1377 et
1609 1330 1803 1377 vestrae
1827 1320 2079 1377 fraterna:

503 1414 807 1473 sanctitatis
825 1454 841 1481 ,
893 1413 1203 1485 Christique
1229 1413 1536 1471 imitatricis
1556 1414 1883 1474 beatissima:
1902 1423 2080 1486 pater:

502 1502 708 1575 uitatis.
2060 1540 2063 1545 ι

573 1591 640 1647 Et
683 1601 803 1663 post
837 1592 1123 1659 lectionem
1177 1592 1334 1665 hujus
1362 1593 1621 1663 epistolae,
1655 1593 1925 1663 accipiens
1963 1592 2078 1658 Ma:-

502 1683 656 1755 rinus
681 1682 1164 1743 reverendissimus
1188 1683 1448 1750 diaconus
1472 1691 1526 1738 et
1562 1684 1796 1739 vicarius
1850 1684 2081 1743 senioris

2184 593 2276 658 sti,
2313 592 2657 663 imperatoris
2686 594 2851 651 nostri
2879 593 3229 664 diligentiam,
3255 603 3313 649 et
3341 596 3578 653 studium
3612 596 3756 667 quod

2182 686 2341 740 habet
2371 685 2438 739 ad
2462 683 2849 755 paciﬁcandam
2881 684 3175 746 Ecclesium
3207 685 3324 751 Dei,
3345 694 3400 743 et
3426 685 3756 744 sanctissimi

2178 776 2383 843 domini
2413 777 2581 831 nostri
2613 785 2669 833 et
2713 776 3037 846 patriarchae
3053 776 3245 848 lgnatii
3292 777 3677 844 humilitatem,
3701 786 3757 835 et

2181 870 2449 939 quomodo
2494 869 2711 941 impleat
2754 868 3025 938 eloquium
3071 866 3361 937 Scriptura:
3388 860 3532 938 quod
3575 866 3756 936 perhi-

2179 960 2310 1016 bet:
2342 959 2534 1015 Omnia
2563 977 2680 1014 cum
2718 959 2934 1017 consilio
2971 961 3095 1029 fac;
3129 974 3229 1015 nec
3256 974 3360 1014 non
3400 967 3456 1014 et
3483 957 3756 1016 sanctissi-

2176 1050 2428 1121 mi..papa:
2457 1049 2684 1112 Romani
2732 1050 2984 1107 solertem
3033 1050 3355 1106 locutionem
3383 1059 3440 1106 et
3471 1049 3756 1120 pudorem,

2180 1156 2338 1210 quem
2364 1141 2658 1207 indivinis,
2678 1142 2825 1197 circa
2846 1142 3146 1205 divinorum
3170 1156 3434 1197 canonum
3454 1140 3756 1197 custodiam

2179 1241 2232 1286 et
2260 1231 2655 1287 observantiam
2680 1232 2944 1298 liabet,.et
2971 1233 3209 1303 ejusdem
3232 1232 3553 1298 imitantem,
3587 1246 3758 1302 quan-

2182 1330 2294 1376 tum
2360 1321 2477 1376 ﬁeri
2523 1330 2723 1391 potest,
2758 1322 3178 1377 misericordiam
3225 1330 3280 1376 et
3329 1320 3755 1393 benignitatem;

2177 1428 2313 1483 quos
2341 1421 2396 1468 et
2438 1412 2723 1486 magniﬁce
2762 1413 3140 1484 suscipientes,
3192 1427 3380 1468 omnes
3409 1411 3616 1484 gratias
3647 1409 3760 1482 egi-

2179 1521 2301 1567 mus
2326 1504 2455 1568 Dco,
2493 1505 2603 1575 qui,
2631 1505 2821 1575 dignos
2846 1519 2944 1560 nos
2974 1503 3103 1571 [ccit
3133 1502 3455 1573 hujusmodi,
3474 1500 3756 1573 sanctissi-

2176 1610 2298 1659 mos
2321 1595 2554 1663 vicarios
2577 1594 2846 1650 contueri.

2251 1687 2317 1742 Et
2337 1696 2459 1757 post
2509 1688 2612 1743 hoc
2639 1696 2790 1742 stans
2825 1685 2877 1741 in
2925 1685 3102 1741 medio
3139 1683 3443 1755 Stephanus
3478 1682 3590 1751 Deo
3618 1679 3760 1737 ami-

504 1769 692 1839 Roma:
709 1764 1150 1847 epistolam,quae
1171 1772 1333 1827 missa
1353 1780 1436 1833 est
1464 1788 1496 1828 a
1520 1772 1862 1832 sanctissimo
1887 1772 2081 1830 Adfiﬂr
2182 1777 2430 1834 cissimus
2455 1777 2710 1833 diaconus
2753 1785 2811 1833 et
2836 1774 3059 1831 devotus
3108 1774 3350 1828 notarius
3385 1771 3624 1827 laudavit
3650 1771 3756 1826 ita:

502 1877 576 1917 ηο
598 1876 738 1932 Papa
764 1861 834 1919 ad
868 1862 1269 1929 εθιιειὶεείωιιιη
1299 1864 1665 1933 Pall'ial‘Cham
1690 1862 2079 1935 lgnatiumgle-
2105 1852 2153 1912 Β
2181 1866 2374 1923 Multos
2422 1854 2593 1924 annos
2636 1867 3020 1937 imperatorum
3068 1863 3249 1920 Basilii
3287 1871 3343 1917 et
3377 1859 3752 1918 Constantini!

503 1953 583 2022 git
608 1952 816 2020 Latine,
853 1969 985 2010 voce
1036 1955 1225 2026 grandi
1266 1955 1321 2011 in
1350 1955 1682 2012 audientiam
1713 1956 1977 2020 omnium,
2025 1955 2079 2015 in
2182 1956 2495 2027 Magnorum
2519 1958 2902 2028 imperatorum
2925 1963 2981 2011 et
3004 1951 3535 2010 dictatorummultos
3549 1952 3754 2005 annos!

503 2043 752 2099 Grzecum
805 2060 1109 2114 sermonem
1137 2060 1257 2101 eam
1291 2054 1539 2102 vertente
1589 2062 1653 2102 ac
1693 2047 2081 2117 interpretante

505 2134 769 2197 Damiano
814 2136 1287 2207 revereudissimo
1338 2137 1488 2209 regio
1529 2136 1729 2203 clerico
1799 2152 1864 2193 ac
1908 2137 2078 2203 intere

501 2236 675 2295 prete.

507 2379 527 2413 ‹
564 2362 829 2434 Adrianus
873 2363 1163 2434 episcopus,
1221 2379 1396 2418 servus
1445 2379 1711 2418 servorum
1763 2362 1889 2427 Dei,
1940 2379 2078 2434 rerve-
2174 2410 2177 2411 ν

572 2433 907 2487 τεηάὶωὸηισ
935 2443 990 2503 et
1028 2434 1357 2497 sanctissimo
1407 2434 1661 2503 confratri
1709 2443 1756 2487 et
1813 2433 2083 2503 comminia

574 2512 682 2565 stre
733 2511 911 2566 nostra
960 2501 1173 2574 Ignatio
1228 2501 1545 2573 patriarcha:
1601 2502 2081 2572 Constantinopoli-

571 2582 716 2633 lano.

580 2698 600 2738 ι
628 2680 737 2739 Nec
756 2681 1023 2754 scriptura
1047 2685 1365 2759 pandere...
1382 2705 1419 2743 ιΔ
1438 2684 1798 2757 ηειὶιιιια,υἱιιε
1824 2685 1960 2756 inter
1976 2685 2083 2755 cpi-,-

499 2771 660 2828 stolas
683 2772 907 2829 Adriani
952 2773 1041 2841 II,
1069 2772 1390 2847 Patrolugia:
1425 2784 1553 2841 tam.
1590 2774 1797 2830 CXXII.

571 2863 640 2917 Et
664 2872 786 2932 post
811 2862 1095 2920 lectionem
1141 2866 1380 2936 epistola:
1407 2866 1731 2927 sanctissimi
1777 2866 1965 2922 vicarii
1992 2881 2081 2923 se:

503 2954 674 3010 nioris
721 2954 903 3010 Roma:
938 2956 1230 3025 dixerunt:
1271 2958 1369 3015 Est
1415 2960 1674 3016 canonice
1726 2976 1791 3016 ac
1830 2960 2084 3031 synodice

501 3050 622 3106 acta
661 3040 888 3113 epistola
930 3044 1066 3101 haec.
1125 3044 1324 3115 Sancta
1376 3056 1430 3102 et
1475 3033 1816 3103 universalis.
1851 3049 2085 3118 synodus

501 3132 676 3189 dixit:
722 3132 1010 3199 Cauonica,
1047 3143 1103 3191 et
1146 3136 1500 3207 ordinata,,et
1542 3138 1696 3209 plena
1737 3137 1960 3207 iustitia:
1999 3148 2085 3195 est

500 3222 752 3293 epistola,
795 3238 918 3295 qua:
966 3224 1105 3282 lecta
1136 3234 1220 3283 est
1262 3202 1588 3285 sanctissimi
1635 3202 1787 3301 papa:
1820 3229 2077 3297 Adriani.,
2110 3202 2158 3266 (ἶ

502 3314 569 3370 Et
591 3325 715 3386 post
749 3315 852 3372 hoe
897 3315 1522 3390 surgens-Metrophanes
1576 3320 1688 3379 Ι)εο
1720 3310 2083 3388 amicissimus

502 3407 844 3479 metropolita
892 3407 1137 3481 Smyrna:
1162 3408 1333 3466 dixit:
1373 3409 1451 3465 Ex
1491 3409 1731 3479 epistolis
1768 3426 1890 3482 qua:
1927 3410 2084 3465 nobis

2180 2047 2631 2119 Orthodoxprum,
2659 2050 3043 2118 imperatorum
3076 2044 3276 2099 multos
3314 2042 3525 2098 annos!
3558 2040 3757 2096 Pacili-

2180 2154 2365 2196 corum
2394 2139 2775 2210 imperatorum
2807 2136 3002 2193 multos
3025 2148 3195 2189 annos
3226 2134 3240 2187 ε
3278 2131 3653 2204 Depositorum
3677 2130 3758 2197 in:

2174 2229 2398 2302 iustitia:
2451 2230 2648 2286 multos
2680 2230 2890 2294 annos!
2958 2226 3202 2282 Hostium
3252 2222 3518 2279 mendacii
3562 2220 3761 2275 multos

2180 2335 2353 2386 annos
2380 2321 2394 2376 ε
2429 2322 2745 2376 Amatorum
2782 2328 2840 2376 et
2870 2318 3141 2374 fautorum
3168 2314 3413 2371 veritatis
3436 2322 3492 2369 et
3526 2311 3758 2381 iustitia:

2180 2410 2621 2479 multosannosl
2662 2411 2915 2479 Eugloxia:
2954 2410 3209 2481 piissimo:
3251 2408 3506 2478 Augustae
3561 2402 3763 2460 multos

2180 2506 2386 2575 annos!
2439 2502 2642 2559 Nicolai
2698 2500 2996 2571 beatissimi
3055 2515 3205 2571 papa:
3248 2497 3515 2569 Romana:
3554 2504 3761 2560 acterna

2183 2593 2481 2648 memoria!
2526 2593 2747 2647 Adriani
2792 2591 3075 2648 orthodoxi
3114 2603 3264 2660 papae
3302 2584 3762 2654 Romatii.iuultos_

2180 2682 2399 2738 annos!
2451 2681 2638 2753 lgnatii
2685 2680 2968 2757 orthodoxi
3019 2677 3341 2751 patriarcha:
3377 2674 3762 2730 Constantino-

2180 2772 2364 2843 poleos
2389 2772 2584 2829 multos
2606 2773 2813 2828 annos!
2856 2770 3289 2835 Orthodoxorum
3327 2765 3758 2843 patriarcharum

2181 2865 2418 2922 Orientis
2461 2865 2656 2921 multos
2691 2863 2903 2933 annos!
2956 2859 3253 2919 Orthodoxi
3295 2865 3515 2912 senatus
3561 2855 3760 2910 multos

2181 2958 2380 3021 annos!
2415 2956 2627 3024 Sanctae
2642 2973 2705 3013 ac
2719 2953 3035 3013 universalis
3050 2951 3235 3023 synodi
3250 2960 3450 3007 :eterua
3472 2948 3759 3018 memoria,

2742 3060 2939 3118 vensus
2976 3058 3198 3113 tumet.

2289 3138 2499 3206 Chorus
2529 3137 2956 3208 patriarcharum
2983 3132 3310 3204 honorabilis
3330 3139 3386 3187 et
3408 3146 3638 3203 magnus

2291 3226 2592 3295 Pessimum
2628 3227 2902 3283 inimicum
2934 3222 3295 3304 prosequitur,
3327 3232 3386 3276 ut
3411 3220 3641 3292 lupum,_

2287 3318 2328 3375 Α
2350 3317 2583 3385 thalamo
2605 3326 2780 3384 casto,
2795 3325 2856 3371 et
2883 3313 3276 3387 venerabilihus
3302 3311 3433 3381 locis
3452 3327 3495 3383 λ
3556 3374 3563 3379 ,

2288 3406 2537 3467 Photium
2556 3407 2643 3462 aio
2668 3404 3063 3463 amarissimum
3088 3411 3409 3473 apostatam.

1644 3722 1673 3767 ⁵
1747 3761 2051 3893 ACTIO
2105 3756 2560 3852 QUARTA:

1956 3934 2289 3953 σᾷ

574 4074 636 4132 lu
682 4072 899 4130 nomine
938 4067 1149 4125 Domini
1195 4073 1252 4123 ct
1282 4065 1633 4123 dominatoris
1677 4063 1915 4123 omnium
1951 4064 2085 4120 Iesu
2186 4060 2455 4119 retinente
2493 4058 2779 4135 Theodosii
2825 4058 3151 4119 sanetissimi
3195 4059 3595 4131 archiepiscopi
3612 4061 3767 4120 sedis

503 4164 706 4225 Christi
735 4164 847 4221 veri
893 4162 987 4219 Dei
1029 4169 1085 4218 et
1116 4159 1413 4217 Salvatoris
1461 4156 2011 4227 nostri..Consulatus
2045 4172 2078 4212 a
2185 4150 2934 4226 Hierosolymorum:_deinde
2965 4150 3263 4213 secundum
3300 4150 3599 4220 iussionem
3625 4152 3767 4209 ami-

507 4257 620 4313 Deo
645 4264 1025 4313 coronatorum
1066 4260 1123 4307 et
1152 4248 1712 4319 tranquillissimorum
1738 4246 2078 4303 dominorum
2186 4259 2376 4301 corum
2403 4240 2601 4300 Christi
2633 4246 2690 4296 et
2715 4239 3074 4309 piissimorum
3105 4254 3421 4311 magnorum
3468 4239 3766 4311 imperato-

506 4356 836 4413 nostrorum,
866 4343 1047 4413 Basilii
1077 4342 1291 4413 quidem
1333 4354 1476 4396 anno
1514 4339 1694 4404 tertio,
1740 4337 2077 4394 Constantini
2186 4352 2305 4391 rum
2336 4342 2644 4395 nostrorum
2693 4328 2876 4385 Basilii
2906 4337 2962 4383 et
2997 4327 3334 4384 Constantini
3360 4330 3771 4399 {praesentibus

506 4453 636 4494 vero
670 4436 762 4491 lilii
792 4435 907 4504 ejus
934 4450 1077 4490 anno
1101 4432 1359 4498 secundo,
1405 4439 1784 4502 perpetuorum
1811 4430 2081 4502 Augusto—
2109 4476 2158 4504 η
2184 4434 2241 4481 et
2262 4424 2603 4483 audientibus
2638 4421 2801 4485 etiam
2837 4418 3381 4491 magniﬁcentissimis
3407 4419 3765 4490 principibus,

508 4544 628 4584 rum
659 4526 952 4583 indictione
974 4525 1155 4591 tertia,
1186 4523 1347 4583 tertio
1375 4522 1561 4580 Iduum
1589 4521 1856 4587 Octobris,
1888 4536 2081 4592 propo-
2113 4508 2159 4535 υ
2184 4514 2432 4575 videlicet
2459 4512 2853 4583 Christophoro
2892 4508 3424 4581 magniﬁcentissimo
3459 4510 3690 4579 patricio
3708 4519 3769 4566 et

507 4621 626 4677 sitis
647 4620 909 4692 preciosis
928 4627 983 4674 et
1000 4617 1228 4674 viviﬁcis
1249 4616 1428 4689 lignis,
1455 4623 1509 4672 et
1534 4614 1867 4687 intemeratis
1891 4613 2081 4671 salutis
2182 4605 2459 4676 magislro.
2484 4602 2701 4657 Bahane
2727 4599 3256 4672 magniﬁcentissimo
3294 4598 3520 4692 patricio
3544 4607 3601 4659 et.
3623 4614 3770 4668 pm

505 4721 706 4768 nostra
718 4708 1024 4781 Evangeliis
1053 4710 1106 4764 in
1129 4709 1339 4764 dextris
1366 4707 1611 4778 partibus
1638 4704 2081 4763 eatechumeniOe

507 4815 631 4859 rum
677 4800 1034 4869 opinatissimi
1084 4798 1264 4869 templi
1287 4806 1485 4853 sanctce
1536 4812 1601 4853 ac
1641 4797 1820 4867 magni
1847 4796 2083 4853 nominis.

510 4890 765 4962 Sophim:
815 4888 1258 4949 convenientibus
1293 4897 1471 4943 autem
1525 4888 1734 4942 Donato
1783 4887 1893 4942 Deo
1944 4886 2084 4940 ami-

508 4981 730 5039 cissimo
751 4982 1001 5055 episcopo
1021 4978 1277 5043 Ostiensi,
1306 4986 1362 5035 et
1383 4976 1658 5047 Stephano
1686 4978 1795 5032 Deo
1821 4976 2083 5032 amicissi—

507 5087 602 5131 mo
630 5070 882 5141 episcopo
920 5069 1205 5139 Nepesino,
1255 5077 1310 5124 et
1338 5067 1545 5123 Marino
1592 5068 1705 5123 Deo
1754 5066 2083 5122 amicissimo

507 5166 739 5222 diacono
785 5171 984 5219 sancta:
1009 5163 1266 5217 Romana:
1288 5159 1564 5225 Ecclesia‘,
1591 5160 1766 5216 locum
1803 5155 2083 5215 retinenti—

508 5257 610 5313 bus
638 5254 855 5310 Adriani
889 5251 1214 5308 sanctissimi
1257 5262 1313 5308 et
1363 5251 1661 5308 beatissimi
1691 5246 2083 5319 archiepiscopi

2171 4693 2379 4769 posito,
2420 4696 2601 4751 Leone
2631 4692 3162 4763 magniﬁcentissimo
3191 4690 3419 4760 patricio
3443 4699 3499 4745 et
3530 4704 3763 4761 procon-

2181 4786 2317 4849 sule,
2366 4784 2545 4840 Leone
2573 4779 3103 4854 magniﬁcentissimo
3126 4779 3357 4851 patricio
3385 4787 3439 4835 et
3463 4778 3761 4834 domestico

2181 4877 2577 4942 excubitorum,
2621 4872 2826 4929 Joanne
2880 4871 3410 4942 magniﬁcentissimo
3452 4870 3681 4941 patricio
3704 4878 3773 4943 et

2182 4968 2454 5039 logotheta
2482 4982 2645 5023 oxeos
2683 4978 2895 5029 cursus,
2940 4961 3184 5017 Manuele
3225 4961 3771 5033 magniﬁcentissimo.

2183 5059 2434 5129 patricio,
2483 5052 2877 5123 Theophylaeto
2925 5050 3454 5126 magniﬁcentissimo
3508 5050 3770 5120 patricio,

2182 5148 2471 5207 Petronate
2496 5141 3033 5215 magniﬁcentissimo
3059 5141 3303 5212 patricio,
3333 5140 3523 5209 Oreste
3550 5141 3762 5212 magni-

2186 5238 2529 5299 liccntissimo
2553 5234 2986 5307 protospathario
3007 5241 3061 5288 et
3082 5234 3376 5289 domestico
3396 5233 3773 5301 icauatorum,‘

506 5345 739 5404 senioris
760 5345 962 5409 Bomze,
992 5353 1045 5397 et
1073 5342 1647 5413 lgnat‘iosanctissimo
1683 5339 2086 5409 archiepiscopo
2185 5332 2421 5392 Sisinnio
2448 5328 2975 5401 magniﬁcentissimo
3015 5326 3329 5395 Spathario:
3360 5325 3758 5391 conlidentibus

508 5434 691 5509 magni
726 5435 956 5490 nominis
1001 5432 1538 5503 Constantinopoleos
1586 5416 1738 5486 novae
1780 5429 1983 5493 Romae,
2020 5443 2087 5484 ac
2185 5428 2296 5485 Deo
2341 5424 2683 5479 amicissimis
2731 5420 3014 5491 episcopis,
3071 5420 3125 5474 id
3173 5428 3257 5509 est
3303 5418 3602 5488 Nicephoro

509 5525 869 5572 mnctinsimis
940 5521 1161 5572 vinariis
1210 5521 1449 5572 Orientis
1480 5562 1494 5572 .
1572 5519 1820 5572 videlicet
1877 5518 2082 5569 Thnmn

2184 5517 2513 5572 amicissimo
2536 5512 2872 5566 mntrnrtnlila
2895 5510 3147 5564 Amasis}.
3175 5507 3361 5560 Nic-ets
3376 5509 3487 5562 Deo
3499 5508 3763 5565 amicissi-
