3960 5518
220 453 293 509 65
951 449 1499 508 ιΝΤΕιιΡίιΕΤΑτιο
1536 449 1780 505 ΞΥΝΟυΙ
1822 447 1927 504 νιιι
1963 447 2368 504 (il'lNEliALlS.
2410 480 2475 486 —
2504 448 2708 506 ACTIO
2739 451 2819 506 IV.
3425 460 3494 512 66

220 563 582 634 metropolita
614 565 856 628 Catanaa,
903 562 1162 618 Michaele
1203 565 1311 618 Deo
1343 561 1672 617 amicissimo
1699 573 1816 614 nte-
1843 561 1893 622 Α
1920 557 2259 626 patriarchze,
2303 568 2359 613 et
2413 560 2771 616 sanctissimis
2818 562 3050 629 vicariis,
3098 575 3205 620 tam
3258 566 3493 626 senioris

223 655 488 725 impolita
514 656 718 720 Rhodi,
750 654 942 710 Photio
965 655 1079 710 Deo
1104 654 1434 710 amicissimo
1460 651 1822 721 archiepisco-

221 761 294 815 po
317 744 585 806 Nacolim,
620 744 898 814 Stephano
923 743 1032 799 Deo
1059 743 1388 798 amicissimo
1417 741 1820 810 archiepiscopo

222 835 640 906 Cypsallorum,
689 834 981 889 Athanasio
1043 834 1152 888 Deo
1199 832 1526 888 amicissimo
1567 830 1820 901 episcopo

223 930 394 984 Anilii
429 928 747 1000 Magnesire,
797 927 1026 998 Georgio
1056 926 1164 981 Deo
1212 923 1540 980 amicissimo
1567 922 1819 992 episcopo

223 1019 389 1082 Helii,
431 1019 717 1090 Stephano
763 1018 876 1073 Deo
915 1015 1241 1071 amicissimo
1283 1014 1536 1084 episcopo
1585 1011 1816 1081 Cibyrae,

223 1110 417 1165 Niceta
439 1110 557 1165 Deo
572 1107 903 1163 amicissir'no
921 1105 1173 1176 episcopo
1185 1103 1520 1175 Cephaludii,
1537 1102 1819 1157 Theodoro

223 1200 338 1255 Deo
373 1199 716 1255 amicissimo
762 1198 1014 1268 episcopo
1061 1195 1296 1265 Sinopaa,
1323 1193 1520 1249 Basilio
1549 1194 1660 1248 Deo
1684 1191 1818 1246 ami-

223 1293 458 1347 cissimo
486 1289 673 1361 Pyrgii
719 1289 990 1359 episcopo,
1038 1285 1297 1356 Gregorio
1351 1282 1463 1336 Deo
1488 1280 1818 1337 amicissimo

222 1383 488 1452 episcopo
518 1381 761 1445 Mesinze,
800 1378 1080 1433 Eustathio
1111 1377 1218 1432 Deo
1258 1373 1586 1430 amicissimo
1629 1370 1817 1426 Emo-

226 1474 357 1536 nim,
386 1469 747 1540 Xenophonte
791 1468 903 1524 Deo
933 1466 1260 1522 amicissimo
1311 1464 1564 1534 episcopo
1593 1459 1815 1526 Milassi,

226 1561 414 1616 Leone
455 1559 568 1616 Deo
613 1557 940 1613 amicissimo
961 1555 1221 1625 episcopo
1273 1551 1615 1623 Daphnusiae,
1653 1549 1816 1605 Petro

227 1655 342 1709 Deo
394 1651 728 1708 amicissimo
773 1649 1025 1719 episcopo
1083 1647 1310 1703 Troadis
1337 1686 1353 1712 ,
1409 1644 1661 1700 Samuele
1707 1642 1817 1697 Deo

225 1744 568 1800 amicissimo
594 1743 848 1813 episcopo
873 1739 1050 1801 Antri,
1103 1738 1292 1794 Niceta
1337 1737 1448 1792 Deo
1487 1733 1804 1790 amicissimi

226 1834 735 1908 episcopophotiae,
758 1831 1059 1902 Nicephoro
1082 1831 1193 1884 Deo
1214 1827 1543 1883 amicissimo
1565 1825 1810 1896 episcopc

1922 648 2126 717 Rarum,
2168 665 2333 720 quam
2364 649 2720 708 Orientalium
2748 654 2953 710 sedium
2984 674 2996 710 :
3024 656 3136 711 Nisi
3165 659 3492 716 audierimus

1918 749 1972 793 et
2009 738 2078 793 ab
2104 739 2220 809 ipso
2263 739 2456 795 Photio
2487 741 2540 795 in
2571 750 2862 811 conspectu
2901 752 3088 799 nostro
3117 753 3312 811 stante,
3343 758 3398 802 et
3423 750 3492 804 ab

1918 827 2184 898 episcopis
2224 827 2361 896 ejus,
2395 839 2450 884 et
2494 829 2558 885 iis
2595 830 2686 900 qui
2730 827 2989 888 habentes
3028 834 3489 892 consecrationem

1919 917 2214 973 beatissimi
2254 918 2506 974 Methodii
2551 929 2606 975 et
2643 921 2972 976 sanctissimi
3014 921 3201 992 lgnatii
3235 934 3493 994 apostata:

1919 1011 2046 1065 facti
2094 1019 2241 1077 sunt,
2269 1020 2328 1066 ut
2368 1011 2422 1065 in
2462 1022 2750 1082 conspectu
2795 1023 2981 1068 nostro
3007 1015 3358 1071 obstruantur
3395 1034 3492 1072 ora

1918 1104 2158 1174 ipsorum
2199 1120 2266 1160 ex
2310 1105 2586 1160 canonicis
2615 1117 2670 1161 et
2713 1107 2986 1177 synodicis
3012 1112 3490 1180 "praeceptionibus,

1918 1211 2023 1252 non
2069 1196 2273 1253 scribet
2311 1213 2502 1252 manus
2528 1209 2710 1253 nostra
2747 1215 2907 1254 unam
2937 1187 3170 1255 litteram
3213 1201 3263 1255 in
3287 1203 3492 1273 synodo

1918 1285 2019 1340 ista
2053 1304 2065 1339 :
2096 1287 2319 1340 audiant
2355 1302 2475 1356 qua:
2508 1285 2745 1355 judicata
2773 1298 2900 1343 sunt
2941 1305 2971 1343 a
2997 1291 3194 1346 seniori
3238 1290 3407 1346 Roma
3437 1293 3490 1346 in

1917 1383 2205 1444 conspectu
2238 1384 2449 1440 nostro,
2485 1384 2540 1429 et
2565 1375 2608 1430 si
2636 1376 2772 1430 nihil
2803 1379 3172 1433 contradicere
3197 1381 3490 1448 potuerint,

1917 1465 2194 1520 sanabitur
2235 1466 2466 1520 mundus
2492 1481 2556 1520 ex
2587 1481 2853 1521 consensu
2883 1467 3142 1537 ipsorum.
3181 1466 3238 1522 Si
3269 1468 3370 1522 hoc
3397 1484 3492 1522 au-

1917 1563 2022 1610 tem
2052 1555 2248 1610 factum
2275 1569 2380 1610 non
2410 1554 2590 1621 fuerit,
2618 1556 2820 1612 scimus
2843 1557 2966 1626 quia
2998 1559 3166 1614 nostri
3192 1573 3298 1612 non
3321 1560 3491 1630 egetis

1916 1647 1982 1702 ad
2016 1646 2358 1703 scribendum
2390 1647 2443 1701 in
2474 1648 2578 1704 [inc
2615 1664 2646 1702 a
2690 1649 2842 1704 vobis
2875 1658 3170 1720 gestorum.
3211 1649 3490 1716 Quomodo

1916 1737 2062 1792 enim
2110 1737 2516 1793 subscribemus
2554 1738 2607 1792 in
2641 1737 2946 1808 hujusmodi
2986 1739 3216 1808 judicio,
3249 1740 3354 1796 illis
3381 1740 3490 1794 cla-

1919 1827 2189 1884 mantibus
2215 1837 2375 1898 atque
2401 1828 2702 1884 dicentibus
2734 1844 2749 1882 :
2779 1830 3074 1886 Audiamus
3103 1831 3488 1900 depositionem

223 1901 610 1999 Cercyrorum.
677 1925 776 1980 His
841 1901 1022 1992 itaque
1090 1920 1268 1975 taliter
1325 1916 1812 1981 convenientibus,

1917 1931 2180 1987 nostram,
2223 1921 2563 1990 damnemur,
2593 1923 2934 1980 audientibus
2975 1925 3131 1980 nobis
3172 1934 3230 1978 ut
3257 1924 3493 1994 postulat

224 2027 380 2073 stans
406 2019 460 2072 in
495 2017 675 2072 medio
698 2015 944 2070 Bahanes
966 2010 1530 2080 magniﬁcentissimos
1556 2007 1816 2078 patricius

224 2121 280 2166 et
308 2111 636 2183 praepositus
664 2107 837 2166 dixit:
870 2105 1007 2162 Sunt
1027 2104 1263 2175 episcopi
1287 2103 1414 2168 duo,
1449 2101 1814 2156 consecratio-

227 2221 355 2259 nem
396 2203 665 2258 habentes
712 2197 1009 2256 beatissimi
1065 2194 1342 2259 Methodii,
1382 2191 1709 2262 Theophilus
1760 2199 1817 2246 et

226 2295 524 2350 Zacharias
551 2293 755 2356 vocati,
775 2291 868 2361 qui
896 2288 1140 2345 Photium
1169 2285 1492 2354 recipientes
1513 2281 1812 2348 diﬂ‘amant,

223 2386 374 2456 quod
420 2384 717 2455 recepisset
765 2381 1129 2436 Romanorum
1171 2375 1412 2432 Ecclesia
1439 2373 1707 2429 Photium.
1756 2370 1814 2426 Si

225 2493 361 2547 ergo
407 2475 586 2546 placet
638 2470 914 2529 sanctitati
949 2479 1160 2533 vestrm,
1195 2465 1562 2537 ingrediantur
1591 2464 1644 2518 in
1691 2476 1817 2518 san-

225 2579 371 2622 ctam
417 2575 476 2623 et
522 2563 883 2621 universalem
945 2560 1206 2632 synodum
1241 2598 1258 2624 ,
1317 2566 1374 2612 et
1431 2555 1812 2626 rejudicentur.

230 2660 476 2714 Donatus
511 2656 632 2711 Deo
681 2653 1042 2709 amicissimus
1093 2650 1375 2720 episcopus
1419 2647 1680 2703 Ostiensis
1708 2686 1724 2711 ,
1762 2655 1818 2701 et

228 2753 544 2824 Stephanus
591 2749 704 2804 Deo
753 2745 1112 2801 amicissimus
1162 2742 1497 2812 Nepesinus,
1551 2749 1606 2794 et
1655 2737 1816 2793 Mari-

229 2863 333 2902 nus
389 2845 504 2899 Deo
564 2839 926 2896 amicissimus
981 2836 1240 2890 diaconus
1309 2840 1510 2888 sanctae
1561 2831 1844 2885 Romante-

229 2934 495 2992 Ecclcsia:
523 2973 538 2997 ,
594 2931 772 2985 locum
843 2927 1137 2982 retinentes
1191 2917 1429 2977 Adriani
1486 2919 1812 2976 sanctissimi

229 3041 378 3098 papa
427 3021 680 3087 Romani,
742 3019 994 3074 dixerunt
1038 3015 1108 3070 ad
1159 3011 1529 3069 sanctissimos
1583 3008 1815 3064 vicarius

229 3121 440 3176 aedium
473 3113 732 3177 Orientis,
782 3119 839 3165 et
889 3108 964 3164 ad
1019 3108 1329 3162 universam
1375 3113 1619 3159 sanctam
1651 3115 1814 3173 syno-

229 3211 394 3266 dum:
429 3205 488 3262 Si
531 3200 888 3260 ronsideretis
939 3205 1123 3268 aptum
1167 3209 1310 3259 esse,
1339 3192 1620 3248 mittantur
1645 3188 1808 3259 aliqui

231 3262 616 3370 adiprmdictos
647 3293 816 3357 viros,
839 3299 899 3345 ut
919 3262 1251 3358 interrogent
1272 3285 1411 3348 illos,
1443 3281 1594 3351 cujus
1619 3295 1804 3336 conse-
1834 3262 1878 3323 C

231 3390 495 3449 crationis
523 3395 667 3452 sunt,
708 3393 764 3440 et
809 3381 895 3438 cui
922 3379 1341 3438 communicant.
1375 3375 1572 3431 Sancta
1602 3381 1657 3428 et
1691 3372 1811 3426 uni-

231 3481 457 3540 versalis
487 3477 727 3550 synodus
779 3472 952 3528 dixit:
1001 3471 1197 3540 Aptum
1246 3476 1330 3523 est
1373 3475 1428 3520 et
1461 3463 1806 3520 conveniens.

233 3575 300 3631 Et
318 3573 474 3628 missi
507 3587 536 3626 a
568 3568 790 3624 vicariis
823 3564 1052 3621 senioris
1088 3563 1292 3626 Romae,
1319 3558 1638 3614 Pancratius
1688 3555 1812 3611 reli-

230 3664 409 3736 giosus
437 3661 692 3723 clericus,
748 3656 817 3710 ab
868 3652 1100 3712 Orientis
1141 3666 1270 3706 vero
1306 3648 1544 3713 vicariis,
1574 3646 1811 3700 Ananias

231 3755 512 3825 religiosus
553 3749 814 3811 clericus,
856 3761 887 3800 a
943 3751 1130 3804 senatu
1187 3749 1369 3808 autem
1404 3737 1697 3809 Gregorius
1725 3736 1809 3790 in-

231 3845 402 3917 clytus
427 3841 694 3914 spatharii
745 3835 1125 3900 cubicularius,
1156 3832 1409 3888 dixerunt
1435 3829 1578 3885 illis:
1613 3827 1810 3881 Sancta

232 3942 283 3989 et
308 3930 630 3988 universalis
675 3927 914 4000 synodus
960 3924 1108 3979 misit
1151 3937 1269 3986 nos,
1326 3930 1386 3974 ut
1421 3920 1812 3988 interrogemus

234 4039 343 4089 vos,
371 4021 528 4091 cujus
555 4016 980 4076 consecrationis
1021 4015 1140 4070 sitis
1160 4021 1216 4068 et
1248 4011 1334 4067 cui
1380 4007 1806 4065 communicetis.

235 4111 562 4182 Theophilus
583 4118 639 4165 et
657 4105 949 4162 Zacharias
969 4103 1237 4175 quondam
1261 4099 1497 4171 episcopi
1525 4099 1808 4154 dixerunt:

233 4203 335 4261 Nos
358 4203 567 4259 domini
592 4199 850 4257 Methodii
872 4212 1056 4254 sumus
1080 4193 1542 4257 consecrationis;
1570 4205 1812 4247 commu—

234 4294 528 4350 nicavimus
581 4299 764 4346 autem
825 4287 1043 4344 domino
1089 4284 1285 4340 Photio
1347 4281 1689 4353 patriarchae.
1748 4280 1812 4334 Et

236 4387 462 4443 reversis
488 4384 580 4439 his
627 4382 720 4452 qui
751 4379 904 4436 missi
949 4387 1076 4434 sunt
1121 4377 1258 4431 lecta
1288 4384 1371 4430 est
1396 4389 1500 4428 vox
1529 4371 1810 4443 Theophili

234 4488 284 4534 et
327 4475 606 4532 Zachariae
662 4473 866 4529 dudum
915 4469 1286 4540 episcoporum
1336 4479 1434 4534 per
1471 4462 1810 4522 Theodorum

233 4569 400 4625 virum
447 4567 698 4622 devotum
746 4578 777 4616 a
811 4561 1038 4616 secretis
1065 4561 1118 4613 in
1146 4555 1322 4612 medio
1349 4564 1551 4611 sanctae
1601 4561 1655 4609 et
1691 4551 1810 4606 uni-

231 4658 449 4715 versalis
493 4655 684 4726 synodi
733 4654 789 4708 in
839 4650 1165 4706 audientiam
1217 4646 1477 4711 omnium,
1524 4655 1580 4700 et
1623 4651 1808 4700 sancta

230 4750 462 4820 synodus
502 4744 862 4810 exclamavit:
929 4740 1011 4795 Sit
1054 4737 1230 4809 portio
1259 4735 1539 4806 TheOphili
1591 4745 1646 4790 et
1707 4735 1810 4787 Za-

234 4838 426 4892 charia:
452 4852 572 4890 cum
603 4835 818 4890 Photio.
848 4831 977 4886 Post
1022 4830 1137 4884 hinc
1189 4825 1706 4898 magniﬁcentissimi
1753 4832 1809 4878 ct

234 4928 596 5003 gloriosissimi
619 4926 899 4998 principes
926 4937 1023 4991 per
1044 4922 1311 4974 Bahanem
1339 4915 1807 4988 magniﬁcentissi-

233 5035 377 5076 mum
406 5019 688 5088 patricium
703 5025 760 5072 et
779 5012 1127 5085 praepositum
1142 5011 1424 5064 dixerunt:
1449 5008 1807 5078 lmperatores

234 5111 402 5168 nostri
420 5110 589 5167 sancti
619 5110 890 5165 miserunt
917 5117 1100 5158 servos
1119 5115 1265 5166 suos,
1290 5099 1382 5170 qui
1402 5110 1620 5156 senatus
1647 5115 1805 5157 voca-

237 5213 343 5271 tur,
369 5205 460 5274 qui
504 5204 776 5259 voluntate
804 5197 903 5253 Dei
932 5196 1021 5251 hic
1056 5196 1352 5250 honoratus
1379 5202 1461 5249 est
1509 5195 1804 5252 secundum

239 5297 436 5360 mitia,
463 5305 517 5349 ut
540 5296 706 5350 simus
733 5286 971 5345 districti
999 5299 1180 5340 eorum
1209 5299 1330 5355 quas
1359 5294 1617 5354 geruntur
1655 5286 1807 5340 audi-

242 5393 402 5450 mres,
419 5386 475 5441 Si
486 5387 635 5442 vultis
654 5398 794 5453 ergo
808 5396 839 5434 a
855 5377 1032 5442 nobis,
1049 5377 1184 5433 sicut
1198 5395 1255 5434 se
1270 5375 1434 5430 habet
1447 5380 1578 5434 ordo
1597 5379 1806 5450 synodi-

699 5483 713 5494 ‘
793 5485 856 5498 M
879 5468 1197 5518 "nium-colis
1209 5465 1366 5514 huius
1385 5469 1570 5506 cvnmli
1591 5469 1736 5506 ρνε-υη

1909 2011 2134 2082 justitiaa
2159 2013 2320 2079 ratio,
2347 2021 2402 2068 et
2435 2013 2612 2069 nullus
2647 2017 2825 2070 ser‘mo
2854 2015 3091 2086 ipsorum
3125 2015 3217 2069 tit?
3244 2015 3355 2070 Hoc
3383 2031 3490 2072 non

1915 2116 2000 2164 est
2035 2107 2264 2178 justum,
2293 2109 2370 2162 uti
2412 2123 2511 2164 nos
2552 2109 2922 2164 arbitramur:
2952 2107 3079 2178 quid
3113 2125 3241 2181 ergo
3277 2109 3491 2164 videtur

1915 2198 2090 2270 vobis,
2120 2198 2319 2254 facite:
2347 2213 2446 2254 nos
2470 2199 2636 2266 enim,
2669 2207 2726 2253 et
2748 2208 3037 2269 antequam
3062 2199 3269 2253 veniret
3291 2197 3492 2254 sancti-

1917 2298 2001 2346 tas
2037 2301 2216 2346 vestra
2244 2305 2275 2346 a
2299 2289 2409 2345 Deo
2435 2291 2858 2346 conservandam
2891 2291 2943 2345 in
2966 2291 3240 2346 civitatem
3269 2298 3489 2347 sancto-

1918 2395 2034 2434 rum
2083 2381 2468 2452 imperatorutu
2511 2387 2844 2448 nostrorum,
2889 2383 3137 2437 eamdem
3181 2382 3488 2452 opinionem

1917 2468 2226 2536 habuimus,
2255 2476 2363 2524 tam
2403 2469 2470 2524 de
2501 2469 2708 2540 judicio
2727 2470 3032 2525 beatissimi
3073 2485 3222 2540 papae
3258 2469 3486 2535 Nicolai,

1927 2575 2090 2630 quam
2131 2559 2200 2616 de
2241 2561 2546 2631 receptione
2583 2562 2904 2616 sanctissimi
2951 2577 3100 2632 papae
3129 2563 3375 2631 Adriani,
3424 2580 3488 2620 ac

1916 2649 2305 2706 certiﬁeatione
2327 2659 2381 2706 et
2401 2651 2809 2707 conﬁrmatione
2838 2653 3167 2708 honorabilis
3191 2655 3489 2709 sacerdotis

1915 2741 2241 2798 sanctissimi
2267 2741 2468 2796 domini
2496 2741 2821 2811 patriarchae
2863 2743 3055 2797 nostri.
3087 2743 3215 2798 Post
3257 2744 3488 2799 vicarios

1917 2842 2092 2887 autem
2139 2831 2373 2886 Orientis
2400 2831 2632 2886 vidimus
2659 2839 2715 2886 et
2753 2846 2870 2894 vos,
2906 2840 2960 2886 et
2995 2832 3330 2902 suscepimus
3368 2842 3487 2887 tan.

1915 2939 2081 2994 quam
2119 2931 2337 2978 sanctos
2386 2922 2679 2992 apostolos.
2714 2911 2982 2993 Rogamus
3023 2940 3154 2993 ergo
3184 2934 3241 2978 ιιι
3286 2925 3341 2980 hi
3391 2926 3484 2995 qni

1915 3015 2172 3086 languent
2199 3023 2480 3082 sanentur,
2523 3027 2578 3071 et
2611 3016 2950 3087 corrigamus
2995 3021 3086 3087 qui
3134 3033 3240 3072 non
3285 3017 3488 3073 habent

1915 3097 2293 3162 certitudinem
2345 3106 2610 3180 veritatis,
2670 3117 2725 3162 et
2764 3108 3037 3177 erigamus
3095 3109 3185 3177 qui
3235 3108 3484 3164 deorsum

1913 3195 2113 3265 jacent.
2145 3194 2258 3250 Nisi
2294 3197 2440 3250 enim
2471 3195 2545 3251 ita
2575 3197 2690 3252 haec
2731 3199 2911 3252 omnia
2944 3199 3319 3264 discutiantur,
3359 3216 3486 3255 con-

1911 3289 2151 3344 scientia:
2197 3288 2478 3343 hominum
2540 3304 2648 3343 non
2702 3290 3055 3347 curabuntur.
3109 3290 3486 3360 Metrophanes

1911 3379 2020 3433 Deo
2043 3377 2404 3435 amicissimus
2433 3379 2775 3450 metropolita
2801 3379 3044 3452 Smyrna:
3063 3397 3290 3453 surgens
3310 3383 3444 3437 dixit
3468 3397 3483 3434 :

1910 3467 2135 3524 Divinus
2161 3465 2438 3539 apostolus
2467 3471 2539 3526 ita
2565 3471 2737 3541 inquit
2771 3490 2783 3526 :
2821 3469 3129 3543 Prop/aerias
3155 3474 3312 3528 nolite
3339 3491 3486 3544 sper-

1912 3575 2074 3624 nere;
2113 3561 2288 3613 omnia
2339 3571 2514 3615 antem
2557 3561 2856 3631 probantes,
2901 3562 3039 3632 quod
3079 3563 3267 3617 bonum
3304 3573 3377 3617 eu
3407 3580 3488 3617 re«

1910 3650 2065 3703 tincte
2121 3649 2173 3721 (I
2225 3649 2403 3704 Thess.
2448 3651 2528 3722 v).
2588 3651 2971 3706 Sanctissitnos
3023 3653 3205 3722 itaque
3255 3653 3488 3713 vicarios

1910 3740 2141 3795 senioris
2189 3739 2372 3795 Romae
2415 3750 2474 3795 ut
2525 3737 2816 3813 prophetas
2859 3743 3237 3815 suscipientes,
3282 3761 3487 3816 nequa-

1911 3846 2073 3900 quam
2115 3823 2440 3901 spernimus.
2477 3831 2777 3889 Probantes
2830 3843 3010 3888 autem
3062 3835 3224 3891 verba
3280 3837 3488 3907 magni-

1911 3923 2383 3979 Iicentissimorum
2431 3924 2769 3995 principum,
2811 3926 3114 3982 invenimus
3161 3943 3222 3983 ea
3247 3926 3393 3996 justa
3433 3939 3489 3984 et

1911 4016 2298 4087 congruentia;
2331 4026 2386 4071 et
2431 4026 2715 4088 propterea
2744 4018 2904 4072 etiam
2935 4019 3168 4089 episc0pi
3198 4035 3402 4084 omnes,
3431 4029 3488 4074 et

1911 4117 2100 4162 sancta
2140 4107 2254 4161 haec
2300 4108 2557 4177 synodus,
2605 4107 2848 4162 favemus
2891 4107 3236 4178 postulationi
3279 4109 3489 4179 magni-

1914 4196 2385 4254 ﬁcentissimorum
2423 4199 2750 4269 principum,
2788 4209 2847 4254 ut
2883 4200 3262 4254 examinentur
3308 4199 3382 4254 illi
3432 4209 3488 4254 et

1914 4292 2336 4361 interrogentur,
2381 4291 2426 4345 si
2464 4290 2730 4361 recipiant
2758 4305 2851 4345 eos
2883 4288 3092 4359 judices
3129 4307 3142 4344 :
3180 4299 3236 4346 et
3265 4300 3488 4360 accepto

1910 4385 2029 4440 loco
2071 4384 2484 4461 satisfactiunis,
2523 4385 2569 4440 si
2600 4384 2818 4455 quidem
2854 4381 3133 4453 justilicati
3177 4382 3396 4448 fuerint,
3429 4391 3488 4438 ut

1909 4476 2086 4532 cuncti
2118 4475 2346 4530 libenter
2367 4474 2724 4545 suscipiamus
2759 4492 2772 4526 :
2805 4473 2852 4529 si
2881 4488 3012 4528 vero
3053 4474 3288 4528 damnati
3317 4474 3486 4527 exsti-

1913 4569 2098 4630 terint,
2143 4576 2201 4620 ut
2229 4581 2417 4622 omnes
2460 4565 2827 4634 acquiescant.
2859 4563 3013 4618 Nunc
3038 4578 3169 4632 ergo
3197 4563 3488 4632 exigantur

1914 4661 1964 4714 in
1997 4659 2212 4728 scriptis
2263 4655 2441 4719 fateri,
2473 4655 2520 4709 si
2571 4656 2709 4708 hanc
2760 4660 2999 4707 sanctam
3028 4660 3084 4705 et
3125 4651 3484 4707 universalem

1909 4751 2194 4820 synodum,
2216 4755 2271 4802 et
2296 4761 2416 4816 quae
2439 4744 2507 4800 ab
2528 4758 2591 4799 ea
2615 4743 2927 4818 judicantur
2953 4742 3264 4809 admittunt,
3294 4743 3487 4812 etjure

1909 4840 2296 4913 ingrediantur.
2354 4837 2695 4894 Sanctissitni
2754 4835 2946 4890 vicarii
3003 4834 3239 4890 senioris
3300 4834 3487 4890 Roma:

1910 4934 2202 4990 dixerunt:
2234 4929 2300 4984 Et
2349 4943 2485 5000 quos
2535 4926 2717 4984 dicitis
2763 4925 3030 4980 introduci
3065 4925 3315 4994 ignorant
3361 4925 3490 4994 quid

1904 5021 2163 5095 judicavit
2207 5028 2396 5074 sancta
2427 5017 2674 5072 [tornana
2713 5013 2988 5069 Ecclesia?
3014 5013 3261 5068 Bahanes
3287 5011 3492 5083 magni-

1913 5111 2293 5170 ﬁcentissimos
2343 5107 2606 5181 patricius
2652 5116 2705 5160 et
2744 5104 3063 5174 pmepositus
3107 5104 3246 5158 dixit
3288 5103 3492 5174 :lgno-

1913 5215 2070 5260 rant:
2105 5217 2226 5258 cum
2269 5203 2413 5257 enim
2463 5214 2570 5254 non
2618 5202 2796 5251 essent
2822 5193 3044 5264 ibidem,
3094 5210 3196 5250 nec
3222 5193 3498 5248 audissent

1912 5311 2046 5368 opus
2089 5301 2330 5348 vestrum
2370 5292 2425 5345 in
2465 5285 2682 5349 faciem,
2721 5283 2933 5354 qualem
2981 5283 3365 5342 certjtudjnem
3398 5281 3496 5333 1.3..

1912 5391 2040 5446 here
2070 5387 2189 5442 illos
2221 5401 2288 5438 ex
2312 5381 2500 5437 auditu
2529 5379 2691 5434 vultis
2720 5373 2785 5429 ad
2812 5390 2966 5430 suam
2994 5378 3161 5449 ipsius
3189 5385 3214 5413 ι
3245 5370 3497 5449 condem-

2021 5482 2029 5486 ‘
2121 5475 2234 5496 --~°
2289 5475 2532 5510 nnnolne
2585 5477 2635 5510 ρί
2687 5466 2996 5512 Slpnlmnug
3051 5465 3140 5512 Πρί
3185 5456 3492 5498 ἠτιίηῖεεῖηῆ
