3960 5494
493 427 564 484 67
632 481 634 484 ,
858 468 862 472 .
1200 410 1202 412 ’
1642 415 2002 476 ANASTASII
2040 417 2053 474 l

2155 415 2484 476 LIO'I'IIECA
2493 416 2583 473 ειη

3681 419 3756 486 68

489 513 751 618 judicium
801 555 1082 598 sacrorum
1139 539 1508 597 Romanorum
1560 538 1917 609 pontiﬁcum;
1965 535 2069 592 hoc
2097 538 2142 600 Α
2173 543 2226 590 et
2259 533 2348 590 "illi
2369 574 2386 600 ,
2415 543 2474 589 ιιι
2509 543 2758 604 apparet,
2791 533 3210 601 discesserunt,
3237 550 3303 591 co
3341 550 3483 606 quon
3529 536 3755 594 dimise-

493 638 637 694 enim
697 633 1030 692 contrarium
1089 640 1173 689 est
1229 631 1506 692 canonicis
1565 631 1828 687 institutis
1873 647 1887 685 :
1937 646 2072 700 quo-

2176 633 2302 679 runt
2331 623 2433 680 hes
2455 624 2622 691 duos,
2650 632 2708 680 et
2735 630 2828 691 Se,
2854 625 3056 694 opinati
3087 625 3214 696 quia
3265 627 3420 682 nobis
3456 636 3598 698 opus
3643 643 3750 687 non

495 730 639 784 niam
669 756 671 758 -
707 735 1002 799 praesentes
1077 725 1188 783 illic
1245 738 1346 797 per
1403 725 1652 796 preprios
1717 725 1956 789 missos,
2017 731 2077 780 et
2174 717 2374 774 habent
2418 716 2614 784 hodie;
2657 725 2933 781 caeterum,
2981 717 3026 771 si
3058 715 3212 785 jubet
3243 719 3503 774 sanctitas
3531 727 3748 786 vestra,

492 821 680 878 Roma:
728 822 1072 878 demorantes
1109 825 1307 874 'contra
1361 831 1421 872 sc
1467 817 1788 873 sententiam
1837 827 1893 872 et
1944 831 2070 885 pro-

491 912 660 970 latam
719 913 1118 970 damnationem
1180 911 1233 965 in
1297 910 1586 975 Photium,
1648 918 1704 964 et
1763 909 1814 963 in
1879 921 2071 962 manus

489 1003 890 1076 impositionem
944 1003 1101 1074 ejus,
1153 1011 1208 1058 et
1259 1003 1582 1066 audierunt,
1630 1011 1683 1056 et
1739 1000 1940 1072 liquido
1985 1001 2070 1055 di-

491 1094 758 1151 dicerunt.
812 1094 1192 1150 Verumtamen
1261 1101 1322 1147 ut
1383 1091 1800 1146 manifestiorem
1851 1091 1929 1145 eis
1976 1089 2069 1160 ju-

491 1195 628 1240 stam
660 1183 1042 1252 iudicationem
1082 1182 1572 1238 sanctaa‘Romana:
1609 1179 1861 1236 Ecclesia:
1903 1178 2069 1234 facia-

498 1291 650 1342 mus,
681 1275 1076 1345 ingrediantur,
1107 1282 1162 1329 et
1199 1273 1486 1328 exaudiant
1520 1271 1620 1342 legi
1660 1271 1941 1343 synodicas
1974 1269 2068 1326 de-

493 1366 800 1430 ﬁnitiones,
849 1373 904 1420 et
941 1363 1144 1434 judicia
1189 1363 1485 1419 beatissimi
1533 1377 1683 1433 papa:
1729 1361 1968 1426 Nicolai,
2013 1370 2069 1416 et

489 1456 858 1511 ccrtiliccntur
894 1456 1069 1526 magis
1107 1470 1173 1511 ac
1209 1455 1403 1526 magis.
1455 1453 1972 1525 Magniﬁcentissimi
2011 1462 2066 1509 et

488 1547 861 1618 gloriosissimi
893 1546 1166 1618 principes
1197 1546 1452 1608 dixerunt
1478 1562 1491 1598 :
1527 1543 1638 1598 Hoc
1668 1543 1868 1599 bonum
1897 1553 1974 1599 est
2011 1551 2067 1598 ct

487 1640 794 1708 optimum:
829 1639 1049 1695 audiant
1080 1639 1153 1692 illi
1177 1638 1437 1709 judicium
1471 1635 1768 1692 beatissimi
1795 1651 1946 1707 papze
1975 1636 2063 1690 Ni-
2112 1661 2114 1664 ν

484 1731 623 1788 colai
653 1732 706 1787 in
745 1739 1034 1802 conspectu
1065 1739 1293 1797 nostro,
1343 1741 1395 1786 et
1429 1731 1472 1785 si
1511 1729 1798 1786 habuerint
1827 1729 1966 1798 quod
1997 1729 2062 1783 ad

485 1822 966 1878 contradictionem
984 1862 999 1886 ,
1025 1821 1204 1877 dicent
1225 1834 1278 1888 α,
1302 1832 1391 1875 aut
1420 1821 1657 1891 persuasi
1684 1820 2058 1889 acquiescent;

2176 806 2448 878 negotium
2523 808 2752 863 duorum
2813 819 3106 879 qumratu-r.
3161 806 3506 865 Sanctissimi
3557 810 3748 868 vicarii

2171 899 2404 955 senioris
2428 898 2614 956 Romae
2640 900 2894 956 dixerunt
2919 918 2936 956 :
2967 900 3095 956 Dure
3133 901 3376 971 personae
3407 901 3512 958 illae
3549 905 3750 958 habent

2170 989 2406 1059 libellum
2437 1005 2598 1063 quem
2631 993 2912 1064 porrigant
2934 1034 2950 1058 ,
2979 1008 3046 1048 an
3077 1008 3385 1050 sermonem
3413 1003 3622 1050 tantum
3655 996 3748 1051 ha-

2169 1082 2300 1140 bent
2348 1083 2415 1140 ad
2463 1094 2710 1141 sanctam
2759 1085 3076 1158 synodum?
3123 1084 3639 1157 Magnificentissimi
3693 1097 3750 1144 et
3841 1080 3844 1082 ⁷

2175 1175 2552 1246 gloriosissimi
2577 1175 2852 1247 principes
2876 1176 3127 1231 dixerunt
3151 1193 3166 1229 :
3195 1177 3310 1232 Non
3335 1193 3352 1244 ;
3378 1177 3476 1234 sed
3501 1178 3592 1234 isti
3621 1186 3748 1234 sunt

2174 1265 2251 1322 illi
2277 1266 2411 1332 duo,
2439 1265 2530 1336 qui
2559 1266 2886 1321 omnimodis
2911 1265 3108 1321 laedunt
3137 1266 3532 1324 multitudinem
3559 1269 3744 1334 illam;

2168 1372 2234 1413 eo
2262 1359 2406 1428 quod
2434 1357 2732 1414 certiiicent
2759 1371 2853 1414 eos
2881 1358 3184 1428 huiusmodi
3204 1399 3220 1426 ,
3261 1360 3396 1430 quia
3427 1360 3748 1416 comminis-

2171 1452 2336 1506 travit
2366 1451 2522 1507 nobis
2546 1466 2683 1524 papa
2715 1451 2990 1507 Nicolaus.
3024 1451 3090 1506 Et
3119 1452 3173 1506 in
3203 1452 3305 1508 hoc
3332 1453 3497 1509 habet
3523 1453 3747 1509 satisfa-

2165 1542 2403 1597 ctionem
2431 1541 2715 1598 multitudo
2740 1558 2755 1609 ;
2787 1543 3044 1613 quoniam
3068 1543 3114 1598 si
3142 1544 3345 1614 recepit
3375 1545 3472 1600 hos
3497 1546 3666 1612 duos,
3690 1556 3748 1601 et

2165 1631 2584 1688 communicavit
2627 1632 2742 1703 eis,
2793 1634 2998 1704 recepit
3034 1632 3221 1705 utique
3263 1646 3320 1689 et
3361 1634 3647 1701 Photium,
3690 1645 3746 1691 et

2164 1723 2585 1777 communicavit
2610 1723 2660 1778 ei
2688 1740 2702 1778 :
2739 1724 2785 1778 si
2818 1731 2998 1778 autem
3023 1719 3168 1778 illum
3191 1725 3392 1794 recepit
3418 1733 3470 1780 et
3495 1740 3743 1781 commué

2164 1815 2395 1882 nicavit,
2426 1815 2613 1886 utique
2638 1830 2742 1870 una
2769 1815 2856 1872 die
2881 1824 3103 1872 vocatus
3128 1825 3211 1872 est
3235 1817 3544 1886 patriarcha
3570 1835 3584 1884 ;
3615 1827 3671 1874 et
3695 1818 3743 1874 si

483 1913 628 1985 quod
655 1913 698 1968 si
728 1913 962 1978 habent,
989 1912 1392 1966 contradicendi
1421 1913 1448 1952 ιι
1477 1911 1770 1982 suscipiant
1796 1909 2063 1981 propriam
2100 1901 2142 1960 Β
2169 1914 2392 1960 vocatus
2419 1913 2502 1960 est
2529 1919 2634 1959 una
2663 1906 2750 1962 die
2777 1905 3087 1975 patriarcha
3106 1945 3122 1972 ,
3151 1906 3413 1963 habemus
3436 1908 3578 1978 quod
3601 1907 3748 1963 dica-

484 2003 920 2070 damnationem;
972 2003 1016 2058 si
1059 2019 1188 2058 vero
1234 2019 1338 2059 non
1387 2005 1753 2073 susceperint,
1801 2012 1928 2057 tunc
1968 2001 2062 2056 ﬁet
2163 2009 2286 2049 mus
2313 1995 2564 2050 multum.
2593 1995 2716 2051 Istis
2747 2005 2928 2052 autem
2960 1996 3167 2053 duobus
3195 1999 3489 2062 convictis,
3518 2000 3646 2069 quia
3675 2012 3742 2054 ea

483 2097 627 2167 quod
674 2097 838 2152 fuerit
881 2096 1056 2151 visum
1105 2097 1421 2151 canonihus.
1476 2093 1818 2151 Sanctissimi
1873 2091 2061 2148 vicarii
2163 2099 2287 2154 qua:
2315 2082 2502 2139 dicunt
2527 2084 2592 2138 ad
2622 2084 3022 2142 ηιιιηίῑιιάίηθιῐι
3053 2101 3206 2141 suam
3246 2096 3302 2142 ει
3343 2089 3659 2154 ιηειιάπία,
3685 2095 3745 2144 ει

483 2189 716 2245 senioris
753 2187 938 2243 Romae
975 2187 1228 2243 dixerunt
1259 2201 1273 2240 :
1315 2186 1730 2242 Excusationem
1771 2192 2057 2256 quaerunt,

483 2289 627 2336 totus
655 2281 917 2346 mundus,
959 2278 1187 2346 Oriens,
1235 2277 1532 2344 Occidens,
1585 2287 1638 2333 et
1685 2287 1873 2333 sancta
1913 2277 2055 2333 Con-

479 2369 958 2439 stantiuopolitana
1004 2369 1286 2436 Ecclesia,
1327 2369 1476 2425 novit
1513 2370 1637 2440 quia
1663 2369 1925 2439 judicium
1957 2369 2055 2423 da-

482 2465 598 2515 tum
623 2468 706 2514 est
733 2459 994 2515 adversus
1019 2474 1130 2515 eos.
1165 2461 1249 2516 Ab
1278 2460 1561 2515 undecima
1590 2459 1733 2513 enim
1763 2459 2055 2516 indictione

483 2549 759 2605 damnavit
785 2564 880 2605 eos
916 2550 1170 2621 synodice
1200 2550 1569 2606 sanctissimus
1599 2565 1732 2621 papa
1766 2549 2011 2605 Nicolaus
2037 2590 2051 2616 ,

481 2646 536 2694 et
563 2653 660 2710 per
699 2649 779 2694 tot
815 2641 988 2711 spatia
1029 2650 1334 2712 temporum
1376 2656 1480 2697 non
1521 2651 1886 2713 cognoverunt
1925 2657 2050 2697 sen-

479 2730 702 2786 tentiam
731 2746 851 2801 qua:
882 2732 933 2785 in
965 2745 1058 2787 eos
1082 2732 1288 2803 prolata
1331 2743 1414 2788 est
1441 2751 1454 2788 :
1489 2748 1592 2788 non
1622 2743 1704 2790 est
1743 2735 1846 2790 hoc
1883 2748 2052 2790 excu-

476 2819 654 2888 satio;
689 2819 872 2889 fugere
908 2823 1095 2878 volunt
1125 2821 1408 2892 judicium.
1446 2822 1959 2895 Magnificentissimi
1998 2831 2053 2879 et

475 2913 847 2984 gloriosissimi
897 2916 1166 2987 principes
1207 2917 1500 2972 dixerunt:
1541 2917 1654 2973 lmo
1693 2932 1798 2973 non
1842 2917 2052 2989 fugiunt

474 3006 770 3076 judicium,
802 3009 845 3063 si
874 3009 1017 3064 enim
1047 3009 1341 3065 voluisseut
1381 3009 1595 3080 fugere,
1627 3025 1732 3066 non
1773 3021 2051 3082 oporteret

475 3112 570 3154 cos
594 3097 826 3153 clamare
851 3113 1042 3170 magna
1069 3114 1227 3154 voce:
1245 3099 1381 3167 Quia
1399 3099 1727 3169 judicemur,
1752 3103 1846 3158 sed
1871 3104 2050 3173 potius

476 3196 752 3258 oporteret
777 3204 872 3243 eos
901 3204 1143 3245 seorsum
1193 3191 1448 3246 recedere
1487 3203 1542 3246 et
1571 3192 1747 3263 fugam
1774 3194 2046 3267 arripere;

477 3280 570 3334 sed
603 3280 742 3350 quod
779 3295 876 3350 per
906 3281 1132 3337 multum
1163 3283 1421 3354 temporis
1448 3298 1546 3354 per
1574 3299 1734 3341 voces
1763 3295 1818 3344 et
1844 3302 2054 3344 sermo-

479 3384 576 3424 nes
623 3370 899 3426 absolutos
929 3380 1179 3428 creatura
1214 3374 1392 3430 omnis
1441 3376 1673 3442 audivit,
1728 3377 1911 3433 volunt
1955 3394 2052 3447 per

475 3471 613 3530 Opus
655 3468 710 3516 et
759 3461 871 3532 ipsa
917 3471 1068 3534 gesta
1110 3463 1422 3519 certiﬁcari.
1476 3463 1815 3522 Sanctissimi
1861 3467 2049 3523 vicarii

477 3550 710 3607 senioris
740 3550 922 3607 Roma:
950 3553 1241 3608 dixerunt:
1268 3553 1642 3626 lngrediantur
1689 3565 1742 3611 et
1771 3565 1915 3612 stent
1939 3557 2050 3614 illic

475 3643 729 3700 deorsum
760 3646 811 3699 in
845 3645 1035 3701 ultimo
1067 3647 1218 3712 loco,
1248 3655 1302 3704 et
1328 3647 1550 3702 audiant
1575 3648 1855 3718 epistolam
1886 3665 2046 3720 quam

475 3734 624 3788 misit
655 3735 720 3788 ad
750 3734 1128 3805 imperatorem
1164 3737 1474 3792 Michaelem
1507 3740 1883 3794 sanctissimus
1911 3755 2046 3810 papa

475 3820 728 3879 Nicolaus
758 3838 854 3893 per
881 3825 1210 3881 Radoaldum
1237 3835 1293 3882 et
1319 3827 1656 3882 Zachariam.
1696 3828 2046 3900 Magniﬁcen-

475 3909 668 3966 tissimi
695 3918 751 3966 et
780 3911 1152 3982 gloriosissimi
1183 3914 1452 3985 principes
1478 3916 1766 3972 dixerunt:
1801 3917 1873 3973 Ut
1892 3916 2050 3986 jube-

475 3999 546 4054 tis
571 4017 585 4056 :
613 4015 864 4070 rogamus
891 4011 1072 4058 autem
1097 4006 1438 4060 sanctitatem
1462 4015 1694 4062 vestram
1711 4046 1726 4072 ,
1753 4016 1813 4062 ut
1841 4015 1895 4064 et
1919 4023 2049 4063 con-

475 4099 757 4157 vocentur,
800 4099 856 4147 et
887 4107 952 4148 ex
989 4093 1056 4149 iis
1087 4095 1178 4165 qui
1214 4095 1389 4151 Photii
1427 4105 1554 4152 sunt
1590 4097 1780 4154 saltem
1822 4109 1931 4155 tres
1964 4102 2046 4156 vel

473 4191 726 4250 quatuor,
760 4193 817 4238 ut
847 4185 1096 4250 audiant,
1125 4189 1208 4243 vel
1240 4199 1300 4244 ut
1325 4189 1413 4245 isti
1443 4191 1730 4248 saeculares
1768 4194 1862 4264 qui
1901 4203 2048 4251 stant

472 4283 596 4343 post
619 4289 749 4328 nos:
776 4276 975 4330 bonum
1003 4276 1164 4332 habet
1192 4278 1309 4333 ﬁeri
1337 4280 1583 4337 multum.
1607 4281 1940 4340 Sanctissimi
1966 4286 2046 4341 vi-

472 4365 608 4419 carii
633 4365 864 4420 senioris
887 4365 1072 4421 Roma:
1097 4367 1352 4423 dixerunt
1376 4387 1389 4423 :
1419 4370 1476 4426 Si
1505 4370 1778 4428 fateantur
1802 4382 1912 4430 tres
1937 4374 2047 4440 illi,

470 4454 617 4524 quod
656 4469 722 4508 ex
762 4455 1013 4510 omnibus
1054 4455 1161 4509 illis
1197 4457 1448 4523 veniant,
1491 4460 1583 4530 qui
1621 4470 1748 4516 sunt
1786 4477 1852 4518 ex
1891 4472 2048 4533 parte

472 4558 592 4610 sua,
619 4545 887 4614 patiemur
914 4545 1117 4614 ingredi
1146 4559 1240 4602 eos
1269 4547 1392 4602 huc.
1425 4547 1671 4606 Bahanes
1699 4552 2045 4623 magniﬁcen-

473 4633 714 4690 tissimus
741 4637 1061 4706 praepositus
1086 4645 1140 4691 et
1163 4638 1424 4708 patricius
1453 4639 1591 4695 dixit
1617 4658 1631 4695 :
1678 4641 1948 4712 Rogamus
1986 4651 2046 4699 ut

470 4723 605 4781 ﬁant
627 4727 711 4782 vel
735 4729 992 4798 quinque.
1022 4727 1360 4784 Sanctissimi
1385 4730 1572 4786 vicarii
1601 4732 1829 4788 senioris
1858 4732 2043 4789 Romae

471 4812 767 4870 dixerunt:
799 4817 1195 4889 ingrediantur,
1247 4819 1339 4873 sed
1379 4835 1478 4876 nos
1516 4837 1621 4877 non
1657 4833 1874 4893 propter
1905 4839 2040 4880 con-

472 4903 766 4959 tentionem
795 4909 1121 4962 advocamus
1147 4922 1272 4974 eos,
1299 4909 1392 4964 sed
1421 4918 1477 4964 ut
1505 4919 1709 4965 tantum
1739 4912 2035 4968 beatissimi

465 5007 623 5066 papae
658 4992 860 5050 Nicolai
904 4997 1186 5066 epistolam
1231 4999 1468 5054 audiant.
1516 5001 1583 5055 Et
1625 5002 1773 5057 missi
1813 5003 2032 5073 quidam

466 5084 839 5142 assistentium
866 5088 933 5140 ad
961 5090 1366 5146 convocandum
1404 5105 1528 5156 eos,
1571 5108 1675 5147 non
1717 5095 2038 5152 invenerunt

466 5174 609 5233 illos.
641 5172 1154 5245 Magniﬁcentissimi
1184 5187 1240 5235 et
1265 5180 1637 5253 gloriosissimi
1669 5185 1940 5255 principes
1968 5189 2034 5241 ad

467 5264 703 5321 vinarios
741 5264 970 5320 senioris
1011 5266 1194 5323 Romae
1233 5285 1298 5326 ac
1333 5269 1688 5328 Orientalium
1721 5276 1925 5330 sedium
1957 5277 2040 5332 di;

467 5352 715 5409 19mm:
764 5353 1078 5406 Νεεαίρηιρςι
1117 5359 1257 5396 nurui
1315 5375 1373 5380 κη
1777 5378 1784 5379 γ
1911 5373 1917 5375 _

2072 4605 2122 4664 D

2159 2171 2373 2241 inania,
2419 2188 2514 2230 seu
2559 2174 2791 2231 invalida
2829 2184 2985 2243 sunt,
3019 2191 3085 2232 ex
3123 2177 3336 2234 modico
3379 2179 3485 2234 isto
3514 2179 3607 2234 [iet
3635 2180 3743 2234 uti-

2159 2261 2284 2318 litas
2312 2264 2517 2319 multis.
2549 2262 2890 2321 Sanctissimi
2917 2267 3104 2322 vicarii
3131 2267 3359 2325 senioris
3382 2269 3567 2326 Romae
3591 2271 3739 2326 dixe-

2161 2367 2290 2410 runt
2323 2375 2338 2411 :
2369 2357 2555 2424 Absit,
2594 2361 2738 2429 quod
2776 2358 3126 2416 beatissimus
3167 2359 3417 2418 Nicolaus
3451 2362 3512 2418 in
3551 2372 3738 2419 sancta

2159 2443 2399 2502 Romana
2437 2448 2681 2505 Ecclesia
2725 2451 3020 2520 recepisset
3049 2451 3336 2522 aliquando
3364 2451 3612 2510 Photium
3637 2469 3738 2525 pa-

2161 2535 2454 2592 triarcham
2485 2537 3068 2610 Constantipolitanum
3093 2543 3207 2598 uno
3231 2544 3320 2599 die
3344 2544 3431 2600 vel
3459 2561 3562 2600 una
3604 2547 3737 2601 hora

2156 2623 2209 2678 in
2241 2625 2464 2697 collegio
2494 2628 2836 2683 sacerdotali.
2886 2629 3400 2702 Magniﬁcentissimi
3443 2642 3500 2688 et
3535 2632 3735 2704 glorio-

2154 2713 2356 2771 sissimi
2399 2718 2675 2790 principes
2716 2720 2971 2777 dixerunt
3000 2739 3013 2775 :
3045 2720 3368 2780 Benedictus
3396 2725 3540 2781 Deus
3567 2741 3583 2780 :
3619 2739 3735 2781 cera

2156 2807 2432 2865 tiﬁcentur
2457 2821 2512 2868 et
2541 2812 2666 2878 isti,
2695 2822 2756 2868 ut
2782 2816 3043 2871 accedant
3067 2817 3134 2872 ad
3160 2819 3464 2874 veritatem.
3494 2819 3734 2878 Sanctis-

2151 2901 2276 2958 simi
2305 2903 2490 2959 vicarii
2535 2905 2768 2962 senioris
2800 2906 2984 2964 Romae
3015 2909 3266 2966 dixerunt
3294 2928 3306 2963 :
3350 2911 3614 2979 Quoniam
3653 2913 3733 2968 di-

2153 3001 2286 3049 cunt
2311 3009 2370 3049 se
2398 2997 2826 3054 communicasse
2857 3014 2978 3055 cum
3020 3001 3366 3057 sanctissimo
3403 3018 3540 3074 papa
3576 3003 3733 3060 Nico.

2151 3082 2268 3149 lao,
2302 3083 2689 3155 ingrediantur,
2718 3095 2773 3142 et
2803 3097 2949 3145 stent
2980 3089 3033 3144 in
3076 3106 3185 3145 uno
3228 3090 3381 3157 loco,
3417 3101 3474 3148 et
3511 3094 3733 3150 audiant

2149 3175 2292 3243 quod
2319 3175 2597 3232 deﬁnitum
2627 3187 2712 3235 est
2742 3179 2810 3256 de
2837 3181 2961 3236 illis.
2995 3181 3512 3252 Magniﬁcentissimi
3537 3193 3589 3241 et
3619 3186 3734 3256 κιο*

2078 3252 2123 3316 C
2156 3266 2442 3322 riosissimi
2482 3269 2761 3340 principes
2789 3252 3041 3328 dixerunt
3066 3293 3082 3328 :
3112 3273 3224 3330 lmo
3253 3252 3653 3348 interrogentur
3676 3285 3732 3336 et

2154 3358 2532 3428 discutiantur,
2562 3364 2832 3434 quomodo
2860 3364 3084 3422 dicant:
3129 3366 3264 3436 Quia
3307 3372 3732 3426 communicaris

2151 3465 2272 3505 mus
2300 3451 2611 3507 beatissimo
2635 3467 2785 3524 papa:
2812 3453 3073 3522 Nlcolao;
3103 3470 3224 3513 cum
3255 3458 3402 3514 omni
3436 3460 3582 3515 enim
3613 3476 3728 3516 cera

2151 3540 2383 3596 titudine
2416 3541 2519 3597 hoc
2542 3544 2850 3614 perhibent.
2883 3543 3223 3603 Sanctissimi
3263 3549 3454 3605 vicarii
3491 3551 3729 3607 senioris

2150 3629 2333 3685 Romae
2353 3630 2638 3688 dixerunt:
2665 3634 2885 3691 lntrent.
2914 3635 3426 3708 Magniﬁcentissimi
3454 3649 3508 3696 et
3531 3640 3730 3713 glorio-
3825 3627 3838 3637 ’

2151 3719 2354 3776 sissimi
2403 3723 2675 3794 principes
2721 3726 3016 3782 dixerunt:
3065 3727 3137 3784 Ut
3183 3730 3306 3800 quis
3352 3745 3446 3785 eos
3493 3729 3732 3788 aﬂ‘erati

2154 3814 2257 3886 ipsi
2287 3817 2625 3873 consecratio
2651 3827 2777 3875 sunt
2801 3819 3055 3877 Methodii
3086 3841 3098 3876 :
3131 3832 3188 3878 et
3215 3823 3436 3880 omnino
3463 3824 3732 3894 expositio

2149 3905 2314 3962 libelli
2344 3908 2512 3963 vestri
2553 3910 2728 3965 sancit
2766 3924 2860 3968 eos
2895 3913 2986 3982 qui
3023 3915 3488 3972 consecrationem
3526 3916 3734 3974 habent

2151 3997 2718 4057 beatissimiMethodii
2745 4011 2800 4057 et
2823 4004 3145 4060 sanctiSsimi
3169 4007 3488 4076 patriarcha:
3507 4007 3730 4080 lgnatii,

2149 4106 2501 4162 quaecunque,
2525 4101 2582 4148 et
2605 4104 3017 4167 quantacunque
3042 4097 3393 4167 deliquissent
3420 4107 3474 4156 et
3498 4100 3552 4155 in
3576 4114 3726 4167 eum,

2150 4181 2390 4238 volentes
2413 4183 2679 4252 poenitere
2697 4224 2714 4251 ,
2740 4185 2955 4241 veniam
2987 4196 3042 4242 et
3080 4185 3523 4259 justitiaationem
3551 4205 3730 4247 mere-

2148 4273 2193 4327 ri
2222 4289 2236 4338 ;
2267 4288 2331 4329 ac
2361 4273 2482 4331 ideo
2517 4274 2895 4344 hujuscemodi
2935 4279 3098 4334 etiam
3133 4295 3226 4336 vos
3253 4283 3608 4346 advocantes,
3642 4283 3729 4338 ni-

2149 4362 2223 4418 hil
2260 4365 2521 4434 peccatis.
2553 4366 2793 4423 Donatus
2829 4376 2884 4422 et
2923 4367 3229 4442 Stephanus
3262 4371 3375 4429 Deo
3405 4373 3724 4430 amicissimi

2147 4452 2414 4523 episcopi,
2464 4463 2520 4510 et
2571 4454 2812 4513 Marinus
2862 4459 3363 4517 venerabilissimus
3415 4462 3722 4529 diaconus,

2147 4546 2474 4600 sanctissimi
2518 4547 2706 4602 vicarii
2745 4547 2976 4605 senioris
3017 4549 3204 4606 Romae
3244 4552 3533 4607 dixerunt:
3572 4551 3722 4619 Quoa

2151 4636 2298 4692 niam
2341 4637 2546 4708 pridem
2591 4640 2864 4696 commissi
2914 4652 3038 4696 sunt
3089 4643 3154 4697 ad
3198 4658 3320 4709 eos,
3359 4644 3448 4713 qui
3493 4659 3523 4698 a
3563 4644 3724 4701 nobis

2149 4727 2439 4796 abierunt,
2470 4729 2724 4784 dixerunt
2751 4729 2866 4786 illi:
2909 4731 3043 4799 Quia
3083 4748 3206 4788 cum
3244 4734 3439 4790 Photio
3478 4750 3722 4790 commu«

2144 4817 2417 4886 nicamus,
2450 4821 2570 4877 ideo
2608 4836 2716 4880 non
2755 4837 3013 4878 vocamus
3049 4823 3186 4878 illos.
3229 4824 3474 4881 Bahanes
3511 4825 3719 4897 magali-

2141 4908 2523 4968 licentissimus
2546 4914 2804 4984 patricius
2830 4922 2884 4970 et
2907 4915 3231 4986 prmpositus
3258 4916 3396 4971 dixit
3425 4929 3441 4969 :
3469 4916 3537 4970 Et
3561 4913 3715 4971 inulti

2136 5013 2325 5056 eorum
2353 5003 2443 5072 qui
2472 5004 2560 5059 hic
2587 5005 2777 5060 sedent
2807 5005 3178 5076 episcoporum
3201 5049 3216 5072 ,
3260 5006 3454 5062 Photio
3479 5022 3716 5062 commu.

2141 5091 2394 5147 nicabant
2417 5109 2586 5164 usque
2611 5094 2664 5149 in
2691 5095 2874 5150 linem.
2905 5096 3247 5153 Sanctissimi
3276 5097 3460 5153 vicarii
3489 5097 3714 5155 senioris

2141 5179 2330 5237 Romae
2356 5182 2608 5239 dixerunt
2635 5201 2650 5239 :
2679 5183 2934 5240 Attamen
2964 5185 3053 5241 isti
3079 5200 3177 5258 per
3198 5187 3363 5242 libelli
3392 5187 3712 5243 satisfactio-

2143 5282 2265 5328 nem
2293 5276 2492 5346 recepti
2523 5285 2668 5332 sunt.
2698 5277 3219 5349 Magniﬁcentissimi
3246 5289 3300 5336 et
3339 5280 3711 5352 gloriosissimi

2671 5377 2686 5390 -
2718 5383 2731 5398 ο
2764 5366 2869 5408 God
2899 5368 2971 5418 illi
3000 5369 3234 5416 libellum
3261 5383 3364 5416 nnn
3389 5370 3708 5428 audierunt;
