3960 5392
205 425 278 511 σθ’
555 409 561 413 1
853 426 1410 507 INTEBPRETATIO
1447 447 1696 506 SYNODI
1735 445 1843 504 VIII
1878 447 2288 505 GENERALIS.
2327 479 2396 491 —
2429 448 2632 508 ACTIO
2668 450 2748 516 IV,
3380 449 3450 507 70

208 583 317 622 nem
362 564 503 619 facta
543 572 628 619 est
661 561 1008 618 incredulitas
1045 560 1162 632 ejus
1187 575 1201 616 :
1229 561 1454 618 veniant
1480 571 1534 615 et
1560 560 1650 615 isti
1670 601 1685 625 ,
1714 560 1760 616 si
1792 562 1837 623 Α
1866 566 2072 614 sanctae
2098 557 2193 613 Dei
2221 558 2496 630 genitricis
2531 557 2732 621 Marim.
2760 574 2880 628 qum
2911 557 3109 616 dicitur
3143 557 3445 630 Praesepis.

209 659 337 713 forte
364 655 537 725 magis
564 669 659 725 per
691 651 1063 709 inﬁdelitatem
1107 652 1396 722 impiorum
1425 691 1440 717 ,
1481 658 1536 707 et
1577 649 1771 706 verbo-

210 764 316 804 rum
346 746 804 817 impugnationem
823 785 838 808 ,
865 743 1074 800 lucrum
1098 741 1326 797 multum
1352 756 1450 811 per
1473 741 1607 795 duos
1634 738 1774 794 mul-

211 841 271 894 lis
305 837 591 892 clIiciatur.
622 833 961 890 Sanctissimi
988 833 1178 887 vicarii
1217 831 1448 887 senioris
1484 829 1669 884 Romae
1692 827 1774 882 di—

210 926 876 999 xcruutzﬁingrediantur.
922 923 991 980 Et
1037 922 1362 979 intrantibus
1403 919 1667 975 Zacharia
1717 925 1774 973 et

210 1019 494 1091 Theophilo
543 1020 744 1073 dudum
796 1017 1094 1089 episcOpis,
1147 1015 1401 1070 dixerunt
1445 1009 1772 1068 sanctissimi

210 1113 380 1168 vicarii
406 1110 646 1168 senioris
674 1107 858 1164 Romae
915 1109 982 1162 ad
1022 1121 1235 1162 sacram
1277 1104 1540 1176 synodum
1594 1111 1648 1156 ct
1685 1101 1771 1154 in-

209 1205 394 1274 clytum
426 1209 682 1257 senatum
710 1217 726 1254 ε
751 1199 845 1254 Isti
871 1207 1026 1260 sunt,
1060 1197 1152 1266 qui
1179 1193 1624 1250 desideraverunt
1651 1190 1670 1265 [
1695 1189 1770 1244 al.

211 1292 507 1368 petierunt]
543 1293 751 1348 intrare
780 1292 831 1344 in
859 1298 1100 1344 sanctam
1129 1287 1394 1360 synodum
1423 1301 1437 1338 :
1471 1282 1598 1354 quid
1637 1281 1777 1337 desi-

212 1386 386 1439 derant
429 1381 673 1438 audire?
715 1381 841 1452 quid
887 1377 1123 1433 dicunt?
1161 1373 1679 1447 Magnilicentissimi
1719 1381 1777 1426 ct

213 1475 570 1548 gloriosissimi
599 1473 870 1547 principes
893 1470 1143 1526 dixerunt
1169 1486 1184 1522 :
1212 1467 1618 1537 Interrogcntur
1642 1464 1774 1534 ipsi,

213 1575 260 1620 et
277 1565 444 1620 dicent
470 1564 800 1620 desiderium
823 1577 1000 1619 suum.
1024 1557 1364 1615 Sanctissimi
1395 1557 1580 1612 vicarii
1607 1556 1778 1611 senio-

214 1657 280 1709 ris
306 1655 483 1710 liomzn
510 1655 768 1709 dixerunt
797 1671 810 1708 :
836 1651 1067 1707 Nomina
1098 1651 1335 1721 ipsorum
1366 1647 1454 1717 qui
1484 1645 1778 1702 vocantur!

216 1746 722 1818 Magniﬁcentissimi
768 1753 822 1799 et
867 1740 1247 1814 gloriosissimi
1295 1739 1572 1811 principes
1621 1737 1776 1792 dixe-

219 1850 359 1894 runt:
397 1835 696 1892 Zacharias
731 1844 786 1891 et
817 1833 1171 1906 Theophilus.
1214 1829 1553 1887 Sanctissimi
1593 1827 1777 1883 vicarii

1873 647 1987 704 Illic
2030 661 2126 703 eos
2171 648 2413 719 suscepit
2460 650 2835 705 sanctissimus
2874 666 3006 720 papa
3054 650 3305 707 Nicolaus
3349 665 3451 723 per

1871 739 2295 796 satisfactionem
2337 739 2521 805 libelli,
2557 749 2614 796 et
2635 739 2950 809 juramenti,
2998 751 3056 798 et
3083 757 3192 798 non
3219 741 3451 798 contulit

1872 831 1953 886 eis
1979 830 2408 885 communionem
2431 829 2485 883 in
2510 829 2629 886 loco
2656 831 3051 901 episcoporum.
3085 831 3143 886 Si
3171 845 3298 886 vero
3318 845 3449 887 con-

1874 919 2218 983 tradixerint,
2246 919 2535 974 ostendant
2561 924 2702 990 quod
2740 920 3040 990 susceperit
3083 935 3177 977 eos
3219 920 3270 975 in
3300 934 3452 976 com-

1875 1009 2183 1062 munionem
2213 1015 2272 1060 ut
2311 1006 2612 1080 episcopos.
2645 1005 2970 1078 Theophilus
3007 1008 3207 1064 dudum
3234 1008 3449 1078 episco-

1874 1112 1974 1168 pus
1996 1096 2132 1152 dixit
2159 1115 2172 1151 :
2208 1095 2461 1167 Nunquid
2492 1097 2709 1167 ignotus
2737 1113 2886 1154 eram
2923 1098 3064 1170 ego?
3095 1099 3179 1155 Ab
3215 1091 3462 1170 impera;

1876 1198 1993 1245 tore
2034 1204 2098 1245 ac
2126 1205 2157 1244 a
2197 1190 2402 1261 synodo
2431 1190 2631 1246 missus
2657 1205 2796 1246 sum.
2836 1189 3349 1262 Maguiiiccutissimi
3393 1202 3449 1247 et

1875 1280 2244 1352 gloriosissimi
2267 1281 2537 1352 principes
2577 1282 2831 1338 dixerunt
2860 1301 2874 1337 :
2903 1281 3179 1338 Detulislis
3210 1283 3447 1352 litteras,

1875 1377 2092 1446 quando
2119 1376 2495 1431 ascendebatis
2538 1392 2660 1432 cum
2691 1377 2911 1434 vicariis
2951 1376 3226 1432 Radoaldo
3253 1385 3309 1432 et
3342 1376 3452 1433 Za-

1875 1467 2098 1522 charia?
2149 1466 2480 1537 Theophilus
2531 1474 2587 1523 et
2625 1466 2919 1524 Zacharias
2968 1468 3169 1523 dudum
3213 1467 3452 1539 episcopi

1877 1559 2130 1615 dixerunt
2172 1575 2186 1614 :
2243 1557 2543 1613 Nescimus.
2593 1557 2938 1614 Sanctissimi
2986 1559 3172 1614 vicarii
3219 1558 3451 1615 senioris

1880 1650 2064 1706 Roma:
2103 1651 2398 1706 dixerunt:
2428 1649 2484 1704 lu
2530 1651 2633 1706 hoc
2668 1659 2958 1722 cognoscat
2980 1650 3154 1706 omnis
3182 1658 3369 1706 sancta
3395 1657 3453 1706 et

1880 1757 2034 1798 sacra
2066 1740 2324 1812 synodus,
2346 1741 2471 1811 quia
2501 1740 2787 1796 mendaces
2815 1750 2959 1806 sunt,
2988 1741 3229 1797 dicentes
3259 1759 3272 1796 :
3303 1740 3452 1811 Apo-

1879 1833 2112 1888 crisiarii
2153 1832 2302 1887 missi
2331 1847 2517 1886 sumus
2540 1847 2663 1887 cum
2695 1831 2976 1901 epistolis;
3017 1840 3073 1887 et
3098 1831 3375 1902 epistolam
3404 1831 3450 1886 si

212 1930 424 1988 senioris
456 1927 648 1984 Romae
681 1928 932 1984 dixerunt
960 1944 974 1980 :
1015 1924 1082 1980 Ili
1121 1925 1211 1994 qui
1243 1923 1517 1994 petierunt
1552 1920 1776 1975 introire
1805 1914 1850 1974 Β
1877 1921 2253 1984 detulerimus,
2285 1919 2617 1988 ignoramus.
2659 1917 2989 1990 Theophilus
3015 1919 3214 1975 dudum
3239 1919 3453 1990 episco-

215 2023 262 2075 in
289 2028 524 2075 sanctam
562 2017 860 2090 synodum,
909 2015 1114 2070 faciunt
1151 2012 1387 2068 libellum
1434 2013 1575 2066 hunc
1614 2023 1775 2078 quem

215 2109 440 2181 exposuit
487 2107 866 2163 sanctissimus
913 2119 1048 2175 papa
1094 2101 1395 2165 Adrianus,
1447 2109 1503 2155 ct
1555 2099 1777 2169 implent

214 2203 374 2256 omnia
407 2218 526 2272 qua:
560 2198 860 2271 praecepit?
887 2194 1400 2269 Magniﬁcentissimi
1427 2201 1482 2248 et
1509 2190 1780 2264 gloriosis-

218 2293 327 2348 simi
352 2293 628 2363 principes
655 2291 909 2346 dixerunt
936 2307 950 2343 :
981 2289 1406 2357 lnterrogentur.
1439 2281 1776 2340 Sanctissimi

216 2384 385 2438 vicarii
433 2373 669 2438 seniot-is
715 2381 900 2436 Romae
947 2381 1234 2435 dixerunt:
1267 2377 1596 2447 Interrogata
1634 2374 1774 2430 illos.

215 2465 716 2546 Magniﬁcentissimi
767 2481 821 2526 et
868 2467 1244 2541 gloriosissimi
1298 2467 1573 2539 principes
1623 2464 1776 2520 dixe-

216 2565 463 2622 runtzlJt
502 2563 938 2621 obsecundantes
981 2561 1148 2616 verbo
1198 2567 1413 2624 vestro,
1464 2572 1533 2612 ex
1579 2567 1780 2626 prece.

215 2658 376 2728 ptione
397 2664 582 2712 vestra
621 2655 1014 2725 interrogamus
1041 2665 1157 2717 eos,
1186 2665 1292 2706 non
1333 2663 1430 2722 per
1455 2655 1776 2720 potestatem

217 2758 462 2816 nostram;
490 2756 736 2820 potestas
759 2746 900 2800 enim
943 2744 1270 2800 lucc‘vcstra
1296 2750 1398 2798 est.
1433 2737 1776 2797 Sanctissimi

217 2842 379 2897 vicarii
403 2840 640 2898 senioris
669 2838 852 2894 Romae
876 2837 1128 2893 dixerunt
1157 2854 1171 2891 :
1203 2835 1532 2906 lnterrogate
1561 2833 1700 2896 illos,
1731 2831 1776 2886 si

217 2931 382 2987 volunt
423 2929 607 2986 facere
647 2927 881 2984 libellum
913 2927 1002 2996 qui
1033 2927 1229 2981 missus
1263 2933 1347 2980 est
1385 2940 1414 2978 a
1459 2932 1639 2979 sancta
1667 2922 1778 2977 Ro-

1879 2028 1982 2084 pus
2025 2012 2203 2067 dixit:
2246 2011 2354 2082 Ego
2399 2026 2502 2066 non
2548 2012 2832 2067 scrutabor
2881 2013 2948 2068 de
2977 2011 3190 2075 litteris,
3239 2011 3332 2066 sed
3383 2011 3452 2065 ad

1875 2105 2245 2176 accipiendum
2292 2104 2674 2174 apocrisiarios
2715 2104 2950 2176 perrexi,
2987 2119 3094 2160 non
3139 2104 3206 2160 ad
3249 2105 3454 2174 episto-

1875 2197 2006 2254 lam.
2061 2196 2576 2269 Magnilicculissimi
2634 2205 2690 2252 et
2736 2194 3111 2268 gloriosissimi
3180 2196 3453 2267 principes

1875 2290 2127 2347 dixerunt
2155 2289 2452 2360 Theophila
2491 2303 2506 2342 :
2545 2288 2683 2356 Quid
2724 2288 2957 2344 habebat
3003 2288 3250 2358 cpistola,
3289 2303 3458 2357 quam,

1878 2381 2104 2435 Romam
2133 2380 2428 2450 portastis?
2460 2380 2528 2436 Et
2551 2379 2918 2450 Theophilus:
2949 2377 3160 2435 Nescio.
3216 2379 3456 2434 Sanctis-

1876 2471 1999 2526 simi
2041 2471 2224 2526 vicarii
2252 2471 2480 2527 senioris
2508 2471 2691 2528 Romae
2717 2472 2970 2529 dixerunt
2999 2490 3013 2527 :
3053 2471 3236 2528 Credit
3264 2483 3452 2528 sancta

1876 2559 1993 2615 hare
2019 2565 2076 2615 et
2099 2559 2438 2628 funiversalis
2479 2560 2734 2632 synodus,
2776 2562 2901 2631 quia
2931 2560 3170 2617 Rounana
3197 2560 3436 2616 Ecclesia

1877 2665 2152 2722 nunquam
2186 2651 2478 2723 aliquando
2502 2651 2740 2722 suscepit
2781 2653 3145 2723 patriarcham
3170 2651 3441 2716 Pbotium,

1876 2753 1977 2794 nec
2017 2753 2114 2798 eos
2150 2740 2244 2812 qui
2284 2756 2478 2797 manus
2535 2741 2932 2811 impositionem
2977 2741 3178 2798 habent
3224 2741 3293 2796 ab
3338 2740 3450 2797 illo.

1877 2829 2389 2902 Magniﬁcentissitni
2406 2839 2461 2887 et
2481 2830 2854 2904 gloriosissimi
2877 2831 3146 2902 principes
3161 2832 3414 2888 dixerunt
3433 2851 3448 2887 :

1877 2923 1945 2978 Et
1985 2926 2256 2995 quomodo
2289 2925 2476 2980 dicunt
2505 2924 2633 2996 quia
2667 2925 2900 2994 suscepti
2933 2925 3092 2981 sunt?
3128 2925 3366 2982 Donatus
3397 2933 3456 2991 et

217 3033 352 3075 mana
375 3018 642 3076 Ecclesia.
671 3015 916 3073 Baha'nes
937 3013 1500 3086 magniﬁcentissimos
1521 3011 1780 3084 patricius

216 3120 262 3164 et
287 3110 602 3182 praepositus
632 3107 768 3163 dixit
797 3107 864 3161 ad
883 3106 996 3177 jam
1019 3105 1196 3160 dictos
1228 3103 1428 3160 dudum
1453 3102 1733 3172 episcopos
1760 3117 1774 3154 :

219 3200 526 3257 Desidet-alis
547 3197 736 3254 audire
758 3195 996 3252 libellum
1011 3195 1037 3249 ?
1066 3194 1358 3251 Zacharias
1375 3201 1430 3248 et
1450 3189 1777 3260 Theophilus
1879 3197 2063 3253 Roma
2082 3197 2336 3254 dixerunt
2363 3214 2377 3253 :
2406 3198 2542 3265 Quia
2565 3199 2898 3254 mentiuntur
2923 3197 3182 3255 adversus
3209 3207 3450 3254 sanctam

220 3293 400 3349 dudum
423 3291 672 3365 episcopi
695 3290 945 3345 dixerunt
975 3305 989 3343 :
1017 3288 1125 3343 Nec
1147 3286 1383 3344 libellum
1410 3285 1775 3340 desideramus
1800 3265 1846 3329 Ο
1878 3288 2177 3344 Romanam
2225 3287 2547 3345 Ecclesiam.
2589 3289 2660 3346 Ut
2685 3298 2865 3344 autem
2906 3288 3280 3346 certilicemini
3325 3289 3454 3360 quia

220 3385 401 3450 audire,
425 3397 528 3440 nec
548 3381 863 3437 volebamus
886 3379 993 3435 huc
1025 3381 1212 3436 venire
1245 3397 1258 3434 :
1286 3377 1449 3448 jussit
1483 3377 1776 3444 imperator
1874 3379 2160 3434 veritatem
2181 3378 2430 3446 dicimus,
2454 3379 2705 3451 legantur
2723 3379 2962 3450 epistola:
2981 3380 3277 3438 beatissimi
3296 3395 3447 3453 papa

220 3486 269 3530 ut
295 3477 661 3532 inveniremur
685 3473 738 3528 in
776 3473 996 3544 palatio,
1033 3479 1089 3527 et
1113 3483 1297 3526 coram
1337 3466 1622 3540 praesentia
1659 3465 1777 3535 ejus
1876 3468 2102 3536 Nicolai,
2136 3477 2243 3524 tam
2274 3484 2394 3541 qua:
2448 3471 2514 3524 ad
2545 3469 2861 3526 Michaelem
2892 3470 3273 3541 imperatorem
3302 3481 3357 3526 et
3384 3473 3454 3526 ad

222 3568 399 3637 rcpcrti
426 3580 619 3623 sumus
645 3565 755 3621 illic
787 3565 887 3619 hoc
911 3565 1090 3628 modo,
1124 3577 1230 3617 non
1273 3568 1492 3630 propter
1517 3557 1774 3613 libellum.
1876 3562 2050 3633 ipsum
2092 3561 2345 3618 Photium
2370 3602 2385 3626 ,
2423 3577 2584 3632 quam
2630 3577 2748 3632 quae
2810 3561 3024 3618 diverso
3077 3572 3319 3634 tempore
3357 3579 3456 3633 per

221 3659 444 3717 liahaues
472 3656 1044 3730 magniﬁcentissimus
1075 3653 1332 3725 patricius
1369 3658 1424 3708 et
1459 3651 1778 3722 praepositus
1874 3651 2164 3708 nonnullos
2182 3651 2560 3722 apocrisiarios
2581 3651 2685 3706 huc
2712 3650 2889 3706 missa:
2915 3659 3058 3706 sunt.
3090 3651 3158 3707 Et
3185 3653 3454 3724 accipiens

222 3749 374 3804 dixit:
408 3748 636 3804 Dixistis
664 3747 719 3802 in
757 3745 957 3817 palatio
989 3762 1002 3798 :
1035 3743 1169 3812 Quia
1207 3742 1492 3798 ostendere
1519 3741 1779 3796 habemus
1877 3741 2181 3813 Stephanus
2230 3743 2342 3798 Deo
2369 3743 2729 3799 amicissimus
2760 3743 3018 3800 diaconus
3063 3753 3264 3800 sancta;
3306 3745 3454 3801 Con-

220 3853 302 3908 per
322 3839 522 3905 omnia,
550 3837 679 3909 quia
707 3845 768 3891 ut
795 3834 1103 3891 sacerdotes
1137 3831 1478 3889 sanctissimo
1507 3845 1656 3902 papa:
1686 3829 1780 3886 Ni-
1873 3831 2475 3903 stantinopolitanorum
2521 3833 2778 3889 Ecclesia:
2831 3847 2895 3890 ac
2937 3832 3162 3892 devotus
3207 3837 3452 3892 notarius

222 3931 352 3985 colao
386 3912 976 3986 comministravimus?
1027 3924 1317 3982 Zacharias
1354 3933 1411 3980 et
1451 3922 1780 3994 Theophilus
1874 3921 2044 3994 legit:

222 4021 468 4088 quondam
526 4018 762 4091 episcopi
811 4018 1062 4073 dixerunt
1113 4031 1126 4068 :
1176 4015 1438 4078 Diximus,
1484 4024 1541 4070 et
1581 4015 1777 4071 iterum

223 4109 446 4175 dicimus,
479 4111 610 4181 quia
649 4117 711 4164 ut
736 4111 929 4163 summi
974 4107 1286 4162 Sacerdotes
1327 4106 1561 4175 suscepti
1592 4120 1778 4160 sumus

223 4213 250 4254 a
271 4213 395 4272 papa
423 4199 666 4264 Nicolao,
704 4207 762 4254 et
795 4196 1348 4254 comministravimus
1374 4195 1422 4251 ei
1440 4235 1456 4261 ,
1492 4204 1548 4251 et
1574 4197 1776 4268 recepti

225 4303 389 4348 sumus
425 4293 497 4348 ab
535 4289 648 4346 illo.
697 4287 1041 4344 Sanctissimi
1081 4286 1272 4342 vicarii
1320 4285 1552 4342 senioris
1591 4285 1779 4342 Romae

227 4380 453 4437 dixerunt
499 4397 516 4435 :
569 4378 754 4444 Absit;
807 4377 1092 4433 mendaces
1135 4382 1283 4442 sunt,
1327 4383 1384 4429 et
1435 4389 1541 4430 non
1592 4375 1775 4431 dicunt

1878 4361 1954 4406 ter
1978 4349 2222 4423 epistolas
2243 4349 2458 4406 Nicolai
2476 4367 2647 4424 papas,
2681 4351 2997 4424 Patrologia:
3023 4364 3163 4411 tomo
3190 4355 3339 4412 CXX
3355 4356 3450 4426 γι,

224 4475 510 4528 veritatem.
551 4441 845 4527 Zacharias
871 4477 928 4524 et
954 4467 1284 4539 Theophilus
1306 4467 1507 4523 dudum
1539 4466 1776 4538 episcopi
1873 4441 1983 4539 ‘0’;
2009 4458 2134 4514 000-

227 4563 453 4620 dixcrunt
500 4582 516 4618 :
567 4564 634 4618 Et
681 4561 727 4618 si
768 4560 1056 4616 mendaces
1099 4533 1287 4616 sumus
1319 4573 1387 4614 ne
1433 4533 1775 4629 interrogetis

1947 4533 2010 4590 Et
2043 4549 2165 4606 post
2201 4535 2484 4592 lectionem
2520 4535 3036 4606 magniﬁcentissimi
3079 4548 3134 4594 ct
3177 4539 3452 4612 gloriosis.

229 4607 453 4620 -.-.,......
502 4607 516 4618 .
567 4607 634 4618 μ.
681 4607 727 4618 ...
768 4607 1054 4616 .-.νη-,ν-
1100 4607 1285 4616 -_---_-
1319 4607 1386 4614 η,
1433 4607 1773 4629 -------,,,----

229 4670 326 4710 nos.
367 4655 601 4710 Marinus
641 4653 755 4710 Deo
783 4651 1141 4708 amicissimus
1175 4649 1436 4706 diaconus
1460 4659 1516 4704 et
1542 4649 1775 4704 vicarius

1879 4625 2001 4682 simi
2032 4625 2301 4707 principes
2332 4625 2624 4680 dixerunt:
2661 4625 2736 4677 Ex
2784 4625 2869 4680 bis
2897 4639 3020 4694 quae
3062 4607 3208 4682 nunc
3245 4629 3455 4685 audivi-

230 4741 479 4800 liomauus
528 4741 665 4799 dixit
719 4759 734 4796 :
777 4741 846 4796 Et
889 4741 1017 4812 quid
1064 4739 1218 4797 vobis
1261 4739 1495 4806 videtur,
1539 4737 1780 4809 nunquid
1882 4730 2006 4812 In“?
2033 4713 2296 4812 salif‘fac“
2341 4713 2717 4812 su_f‘_’_“s_{_q“i“
2743 4713 3032 4812 νθξίίθίθηξ
3057 4715 3290 4812 ἀίῖίξιξδο
3337 4719 3456 4791 Ενῑ·

231 4834 386 4889 omnis
421 4835 510 4904 qui
542 4801 926 4904 inmmgamr:
970 4839 1030 4885 ιη
1060 4830 1303 4901 profecto
1337 4801 1500 4886 νθηέ
1543 4801 1778 4887 ίηωίτο,
1879 4803 2032 4909 stola.
2073 4803 2218 4909 enim
2266 4801 2496 4909 repellit.
2526 4803 2774 4909 illos,met
2827 4804 3059 4909 innotuit
3111 4808 3289 4909 nobis,
3321 4811 3456 4909 quia

231 4925 404 4992 sam”
440 4893 786 4995 'Theophilu;
846 4893 1074 4976 dudum"
1100 4919 1382 4991 episcopus
1442 4918 1512 4976 ad
1565 4932 1777 4976 sacram
1879 4893 2127 4995 Photiu‘m
2168 4902 2224 4995 et
2251 4907 2444 4950 manus
2484 4893 3039 4995 impositionem.eius
3085 4899 3459 4995 sanctissimus

232 4983 467 5082 synodum
503 4983 620 5082 ait;
640 5013 934 5071 ostendens
965 4983 1229 5067 Marinum
1269 4983 1778 5070 reverendissimum
1877 4999 2016 5082 pa?“
2057 4983 2314 5082 _Ni°°la“s
2360 4985 2763 5082 "9“__I°Fcpi“
2811 4984 2908 5082 ⁸Ρά
2955 4986 3165 5059 legam"
3210 4997 3266 5046 εί
3293 4990 3461 5046 altera

234 5073 487 5160 diaconum
521 5073 785 5163 vicarium
819 5101 1052 5158 senioris
1075 5099 1262 5158 Romae
1305 5120 1318 5156 :
1363 5102 1542 5174 Ipsum
1571 5104 1663 5177 qui
1690 5101 1775 5160 lo-
1878 5075 2129 5177 θιξίθί,⁰¹³’
2185 5089 2307 5147 Ψηθ
2470 5073 2788 5177 Ψθίηθιῗω
2834 5073 3218 5177 ‘umW‘im
3273 5093 3303 5132 ³
3338 5093 3464 5133 san‘

235 5193 398 5262 quitur
423 5197 544 5252 mihi
573 5197 941 5263 interrogate;
974 5191 1157 5248 Romae
1178 5200 1314 5256 erat,
1344 5164 1468 5248 cum
1506 5164 1624 5252 hac
1647 5207 1775 5266 age-

1879 5167 2124 5226 ctissimo
2171 5183 2309 5242 papa
2362 5165 2588 5226 Nicolao
2639 5164 2805 5220 missa
2871 5174 2959 5222 est
3009 5182 3105 5238 per
3150 5169 3384 5226 Leonem
3430 5183 3462 5223 a

1880 5260 2102 5292 οηηνηοῗο
2183 5259 2244 5292 '7'
2303 5257 2577 5297 πηοῗηῖοιιο
2648 5256 2787 5291 διίονη
2843 5254 3154 5304 ρἰη’ὶιιιὶινὶιισε
3206 5263 3462 5304 clior-num!

236 5293 368 5321 mut-
1223 5283 1274 5293 .H
1339 5284 1351 5291 ’
1535 5285 1567 5294 ’⁸

1880 5263 2102 5292 annuntio
2183 5263 2244 5292 171
2303 5263 2577 5297 ηηοῖηἶοησ
2648 5263 2787 5291 ίιΙΔΜ
2843 5263 3154 5304 κθηηῆἢηηρ
3206 5263 3465 5304 Λῖαρηηηρ

1878 3015 2182 3086 Stephanus
2216 3015 2312 3071 Dei
2359 3016 2676 3072 amicissimi
2711 3016 2967 3086 episcopi,
2999 3024 3051 3070 et
3081 3015 3318 3072 Marinus
3358 3033 3452 3072 ve-

1880 3104 2310 3161 nerabilissimus
2347 3105 2606 3162 diaconus
2643 3106 2969 3162 sanctissimi
3010 3105 3196 3162 vicarii
3222 3106 3451 3163 senioris

1879 4072 1901 4110 ι
1928 4053 2182 4130 Nicolqus
2197 4055 2489 4130 episcopus,
2498 4071 2674 4130 senius
2703 4072 2975 4130 servarunt
2993 4056 3111 4123 Dei,
3133 4058 3322 4114 dilecto
3341 4059 3455 4130 [ilio

2084 4124 2330 4180 Michaeli
2355 4124 2583 4196 glorioso
2613 4127 2912 4196 imperatori
2933 4124 3255 4183 Grazcorum.

1949 4281 1969 4316 ι
1987 4261 2354 4332 Principatum
2375 4260 2565 4318 divinae
2581 4262 2928 4333 potestatis...
2952 4281 2970 4316 ι
3003 4262 3221 4335 Reliqua
3240 4266 3352 4320 vide
3374 4268 3456 4322 in-
