3960 5624
480 406 512 460 7
522 408 542 460 ι
1647 405 2008 463 ANASTASH
2049 403 2591 466 BIBLIOTHECARII
3671 424 3739 478 ’τε

478 523 597 578 vide
637 522 774 576 inter
815 518 1060 591 epistolas
1107 516 1318 574 Nicolai
1354 534 1523 590 papw,
1572 517 1890 587 Putrologia:
1921 525 2060 571 temo
2089 520 2134 580 Α
2168 514 2331 596 bilem
2386 502 2759 600 demonstrare
2810 520 3034 577 Photius
3084 524 3244 589 valet,
3291 525 3435 597 quod
3488 537 3744 600 receptus

480 617 629 673 CXX
647 616 715 670 VI
735 658 750 683 ,
778 614 879 671 col.
909 613 1034 669 οοῡ.

504 709 791 778 ‘Cumque
862 708 1039 763 adhuc
1099 703 1326 776 epistola
1402 703 1703 774 legeretur,
1780 701 2060 772 respondit

478 801 809 872 TheOpbilus
830 800 1031 856 dudum
1056 798 1359 868 episcopus,
1396 805 1453 851 et
1478 794 1617 850 dixit
1640 812 1654 849 :
1689 793 1748 850 Si
1774 794 2059 849 damnatur

477 892 724 959 Photius,
750 890 1076 946 damnentur
1103 895 1161 943 et
1201 886 1608 943 introducentes
1634 893 1691 942 et
1726 899 2054 941 consecran-

475 995 561 1061 μεθ
581 1001 725 1041 eum.
750 983 949 1039 Sancta
970 988 1026 1035 et
1048 977 1371 1034 universalis
1393 977 1631 1050 synodus
1652 976 1790 1031 dixit
1806 977 1874 1032 ad
1896 990 2051 1031 eum:

475 1078 618 1149 Ergo
643 1085 698 1133 et
729 1086 782 1130 tu
806 1075 1094 1129 damnatus
1123 1087 1201 1134 es,
1234 1079 1489 1138 tanquam
1524 1069 1618 1139 qui
1654 1068 1960 1139 susceperis
2000 1074 2056 1123 et

474 1163 960 1226 communicaveris
1012 1163 1083 1218 ei.
1132 1159 1467 1231 Theophilus
1515 1158 1719 1214 dudum
1768 1157 2055 1228 episcopus

473 1259 645 1315 dixit:
696 1259 806 1329 Ego
854 1271 962 1311 non
1003 1254 1265 1318 damnor,
1313 1266 1380 1307 eo
1435 1249 1580 1321 quod
1633 1264 1741 1305 non
1788 1248 2051 1303 adfuerim

471 1351 687 1422 quando
735 1354 1088 1405 consecratus
1128 1353 1234 1410 est,
1278 1343 1374 1399 scd
1422 1341 1604 1397 inveni
1649 1355 1775 1396 eum
1822 1340 2052 1411 patriar-

470 1443 627 1497 cham
674 1451 728 1496 ct
774 1439 849 1494 ita
897 1436 1076 1507 recepi
1110 1449 1255 1491 eum.
1310 1434 1439 1488 Post
1478 1429 1891 1502 completionem
1922 1442 2051 1484 vero

468 1526 838 1604 epistolarum,
893 1541 1123 1599 surgens
1162 1524 1481 1582 Theodorus
1529 1521 1641 1577 Deo
1688 1519 2051 1576 amicissimus

468 1622 811 1692 metropolita
849 1618 1023 1674 Caria:
1066 1615 1242 1671 dixit:
1278 1612 1461 1684 Usque
1496 1612 1551 1667 in
1581 1621 1902 1682 praesentem
1949 1610 2048 1666 ho-

469 1727 586 1768 ram
627 1726 727 1783 ego
765 1708 986 1765 humilis
1031 1704 1409 1763 certitudinem
1458 1702 1723 1759 habebam
1770 1701 1822 1757 in
1868 1708 2049 1755 mente

466 1817 609 1867 mea,
634 1811 689 1857 et
716 1800 836 1855 ideo
881 1797 1190 1869 rejiciebam
1234 1794 1604 1852 beatissimum
1643 1807 1837 1865 papam
1880 1789 2048 1846 Nico-

466 1897 638 1962 laum,
681 1901 736 1950 et
764 1894 1027 1950 causabar
1075 1907 1221 1958 eum,
1287 1890 1413 1962 quia
1461 1890 1687 1945 credens
1738 1887 2047 1944 hominibus

466 1989 586 2044 istis
610 2028 625 2054 ,
672 1987 925 2059 putabam
968 1987 1111 2057 quod
1152 1983 1305 2056 prius
1347 1982 1615 2053 receperit
1643 1981 1908 2037 .Photium
1934 2021 1950 2047 ,
1991 1990 2049 2037 et

465 2080 758 2136 novissime
816 2080 957 2135 hunc
1016 2078 1327 2134 interimere
1385 2074 1689 2131 tentaverit.
1747 2072 1946 2151 Sancta
1991 2081 2048 2128 et

463 2171 784 2244 universalis
828 2171 1065 2242 synodus
1115 2168 1253 2226 dixit
1307 2167 1377 2222 ad
1431 2164 1789 2237 Theophilum
1840 2164 2042 2227 dudum

461 2263 772 2333 episcopum
810 2278 825 2318 :
880 2263 973 2319 Hae
1026 2262 1219 2318 littera:
1270 2259 1395 2317 inde
1441 2267 1729 2325 venerunt,
1775 2273 1843 2314 an
1891 2257 2044 2316 noxi?

462 2350 792 2424 Theophilus
839 2354 1041 2410 dudum
1098 2353 1387 2424 cpiscopus
1450 2350 1625 2406 dixit:
1692 2349 1804 2421 Ego
1861 2347 2042 2404 nescio

459 2453 639 2500 utrum
683 2447 767 2501 hze
808 2447 937 2513 sint,
974 2461 1044 2500 an
1087 2444 1226 2500 alite.
1252 2443 1595 2500 Theodorus
1641 2443 1751 2499 Deo
1792 2441 2043 2498 amabilis

459 2528 798 2607 metropolita
826 2536 999 2592 Cariae
1026 2536 1164 2590 dixit
1188 2554 1201 2590 :
1227 2535 1379 2593 Unde
1405 2535 1574 2591 habes
1598 2534 1886 2591 ostendere
1911 2533 2038 2605 quia

456 2625 899 2681 eomministrasti
942 2641 1096 2698 papae
1130 2624 1388 2690 Nicolao?
1426 2633 1482 2682 et
1522 2624 1888 2697 Theophilus:
1936 2623 2040 2680 Det

456 2716 590 2772 mihi
633 2718 859 2772 verbum
907 2718 1203 2788 imperator
1247 2717 1302 2773 iu
1331 2716 1566 2786 scriptis,
1614 2716 1745 2787 hinc
1779 2715 1908 2771 huic
1938 2714 2035 2771 de-

454 2817 699 2864 monstro
723 2808 800 2879 (in
835 2817 1128 2879 conspectu
1166 2808 1260 2864 Dei
1302 2807 1448 2880 dice)
1475 2808 1601 2878 quia
1641 2806 2035 2864 communicavi

453 2901 504 2956 ei
556 2908 612 2956 et
649 2900 1115 2967 comministravi;
1147 2900 1349 2956 etenim
1389 2900 1590 2955 iterum
1618 2898 1760 2967 dico,
1808 2906 1866 2954 et
1886 2913 2039 2954 com.

455 2996 884 3053 ministravimus
923 2997 995 3063 ei,
1037 3006 1093 3051 et
1134 2995 1654 3052 communicavimus
1699 2996 1773 3050 ei.
1809 2993 2036 3065 Et'post

455 3086 572 3143 haec
624 3078 833 3144 sancta
861 3087 1099 3159 synodus
1139 3087 1356 3141 hortata
1402 3094 1488 3139 est
1533 3083 1865 3155 Stephanum
1922 3084 2034 3140 Deo

453 3177 741 3235 amabilem
778 3178 1063 3234 diaconum
1092 3185 1294 3233 sanctae
1311 3174 2031 3247 Constantinopolitanorum

451 3251 792 3326 Ecclesizeet
821 3269 1070 3324 devotum
1098 3267 1389 3332 notarium,
1431 3276 1490 3322 ut
1523 3265 2032 3337 legeretepistolam

451 3377 573 3434 qua:
600 3377 697 3432 per
716 3361 953 3417 Leonem
992 3376 1023 3417 a
1067 3359 1293 3416 secretis
1331 3359 1496 3414 missa
1539 3367 1625 3414 est
1652 3358 1720 3414 ad
1761 3358 2031 3425 Photium,

448 3462 506 3512 et
526 3455 789 3511 accedens
815 3452 965 3527 legit.

453 3625 474 3660 ι
510 3586 769 3664 Nicotaus
806 3608 1077 3683 episcopus
1110 3583 1580 3683 servus_s_eruorunt
1619 3605 1716 3663 Dei
1738 3584 2031 3683 prudentis;

966 3678 1099 3735 simo
1127 3680 1236 3734 viro
1277 3678 1485 3734 Photio.

525 3833 545 3867 ι
582 3815 873 3886 Postquam
904 3818 1063 3875 beato
1097 3816 1258 3875 Petro
1288 3817 1515 3889 principi
1540 3820 1970 3890 apostolorum...
2004 3838 2022 3871 ι

450 3905 671 3979 Reliqua
698 3910 814 3964 vide
842 3910 929 3963 ubi
955 3926 1138 3981 supra,
1168 3911 1267 3965 col.
1297 3928 1421 3983 ιιι.
1862 3948 1865 3951 η

512 3996 760 4069 Cumque
786 3998 963 4055 adhuc
985 4000 1211 4070 epistola
1240 4000 1530 4072 legeretur,
1573 4009 1627 4057 et
1660 4001 1727 4056 de
1750 4000 2023 4077 Ambrosii

440 4099 496 4144 et
522 4087 762 4145 Nectarii
817 4091 1123 4161 rcceptioue
1166 4096 1305 4147 ratio
1352 4093 1693 4160 redderetur,
1744 4092 2023 4163 respondit

440 4180 771 4252 Theophilus
799 4181 999 4237 dudum
1022 4182 1344 4253 episc0pus:
1377 4182 1486 4253 Ego
1518 4183 1634 4238 lucc
1671 4192 1725 4237 et
1747 4197 1777 4236 a
1816 4180 2019 4240 Bema-

440 4272 524 4328 nis
551 4272 756 4338 audivi,
790 4272 974 4331 Romae
998 4282 1237 4328 attamen
1270 4272 1548 4330 dominum
1587 4272 1838 4329 Photium
1871 4272 2023 4328 rece-

437 4376 654 4438 perunt.
686 4365 1001 4423 Theodorus
1043 4365 1154 4422 Deo
1189 4367 1438 4423 amabilis
1477 4366 1815 4436 metropolita
1849 4365 2023 4422 Cariae

434 4458 575 4514 dixit
599 4476 613 4514 :
644 4457 924 4527 Quomodo
948 4458 1085 4515 dicis
1112 4458 1238 4528 quia
1269 4466 1519 4528 receptus
1543 4467 1627 4511 est
1653 4473 1682 4510 a
1706 4464 1866 4527 papa,
1893 4471 2017 4512 cum

434 4549 641 4605 scribat
666 4558 789 4604 eum
834 4548 1144 4619 machum?
1186 4548 1254 4604 Et
1296 4546 1661 4619 Theophilus:
1709 4547 1775 4602 Et
1802 4556 1857 4602 tu
1884 4563 2017 4618 quo—
2047 4575 2095 4636 υ

434 4640 596 4695 modo
617 4639 764 4694 illum
804 4640 1090 4711 recepisti?
1130 4638 1446 4696 Theodorus
1480 4639 1590 4695 Deo
1614 4638 1864 4694 amabilis
1901 4654 2018 4695 me-

437 4730 686 4798 tropolita
726 4729 900 4785 Cariae
945 4731 1133 4785 dixit:
1180 4730 1359 4800 Usque
1403 4731 1469 4785 ad
1518 4729 1829 4786 hesternum
1868 4727 2011 4784 diem

435 4803 613 4874 tecum
633 4818 938 4888 sapiebam;
969 4819 1061 4873 scd
1083 4819 1336 4888 quoniam
1359 4819 1736 4875 sanctissimus
1760 4814 2012 4874 Nicolaus

432 4911 667 4967 ﬁduciali
701 4928 831 4968 voce
865 4913 1188 4983 promulgat,
1220 4912 1345 4981 quia
1377 4926 1550 4980 neque
1579 4911 1843 4982 lguatium
1868 4908 2010 4978 rejea-

432 5002 631 5065 cimus,
658 5000 1106 5071 neque'Photium
1130 4999 1456 5069 recepimus,
1489 4999 1610 5054 ideo
1631 4998 1833 5053 adhaesi
1858 5012 2011 5052 reve-

432 5095 756 5153 rendissimo
784 5096 1109 5165 patriarchae
1156 5094 1381 5164 lgnatio.
1425 5092 1757 5164 Theophilus
1803 5090 2006 5147 dudum

427 5178 713 5258 episcopus
744 5186 919 5241 dixit:
948 5187 1027 5241 Ex
1069 5187 1171 5240 hoc
1195 5185 1592 5263 discite‘qualis
1620 5184 1692 5240 sit
1732 5182 2003 5240 Nicolaus.

426 5277 499 5331 Et
526 5270 845 5331 Theodorus
872 5292 885 5327 :
915 5274 1192 5341 Quomodo
1222 5276 1388 5329 habes
1417 5273 1704 5329 ostendere
1743 5273 1885 5344 quod
1915 5288 2005 5328 su-

424 5364 786 5437 sceperitivos
827 5364 1201 5419 sanctissimus
1239 5379 1376 5435 papa
1407 5362 1705 5418 Nicolaus?
1730 5363 1797 5417 Et
1823 5362 2003 5418 Theo-

422 5457 607 5530 philus
636 5473 650 5510 :
680 5455 802 5512 Dixi
835 5455 953 5521 tibi,
983 5455 1110 5523 quia
1143 5454 1301 5509 hodie
1326 5455 1417 5510 det
1454 5455 1586 5510 mihi
1636 5454 1859 5510 verbum
1903 5453 2003 5506 im—

424 5549 688 5604 Dunitatis
744 5549 1053 5598 immernor,
1112 5553 1167 5588 nl
1217 5561 1354 5598 alios
1388 5546 1640 5594 'attnlm
1694 5550 1861 5588 ίρείρει
1926 5540 2002 5582 nil

2058 674 2063 679 ἡ
2161 606 2450 677 aliquando
2475 596 2642 693 fuerit
2683 625 2715 666 a
2745 611 2990 667 Romana
3019 614 3172 682 sede,
3210 596 3321 671 sed
3345 628 3560 688 semper
3601 596 3745 676 inter

2161 699 2327 757 laicos
2362 715 2485 757 eum
2529 705 2896 775 compulabat,
2939 715 2995 763 et
3033 707 3308 763 mmchum
3341 720 3397 765 et
3432 711 3739 769 iuvasorem

2158 792 2301 849 hunc
2332 794 2671 864 appellabat:
2720 805 2776 851 et
2821 798 3077 868 quoniam
3120 815 3226 855 non
3270 801 3478 858 audivit
3512 803 3743 861 verbum

2158 886 2438 956 apostolici
2475 886 2735 944 Romana:
2780 889 3038 947 Ecclesiae
3078 893 3345 962 prmsulis,
3378 895 3648 967 obligatus
3688 904 3743 955 ct

2157 976 2404 1047 repulsus
2433 992 2498 1034 ac
2521 979 2840 1050 reprobatus
2868 989 2973 1046 est,
2999 982 3160 1041 sicuti
3201 986 3512 1042 continetur
3543 987 3600 1043 in
3624 990 3740 1059 epi-

2154 1066 2310 1124 stolis
2349 1083 2485 1137 quas
2529 1069 2779 1126 audistis.
2821 1070 3338 1143 Magniﬁcentissimi
3377 1086 3432 1133 et
3466 1078 3744 1150 gloriosis—

2154 1156 2277 1211 simi
2297 1156 2569 1229 principes
2599 1158 2668 1213 ad
2699 1157 2937 1216 Orientis
2959 1161 3194 1219 vicarios
3225 1163 3478 1221 dixerunt
3506 1184 3520 1220 :
3558 1167 3738 1224 Habe-

2153 1261 2282 1328 mus.
2297 1263 2398 1304 nos
2430 1250 2573 1319 quod
2599 1250 2841 1308 dicamus
2863 1252 3027 1309 etiam
3055 1254 3125 1310 ad
3159 1271 3254 1313 vos
3288 1275 3302 1312 :
3335 1257 3737 1333 interrogamus

2151 1338 2313 1395 etiam
2342 1341 2687 1398 sanctitatem
2712 1352 2988 1400 vestram:
3019 1343 3218 1419 Utique
3253 1350 3484 1407 audistis
3507 1364 3733 1410 senten-

2153 1428 2283 1484 tiam
2330 1428 2700 1488 Romanorum
2764 1433 3041 1504 Ecclesiae,
3098 1426 3370 1508 quomOdo
3410 1440 3577 1498 habet
3627 1443 3741 1498 An-

2152 1519 2530 1577 tiochiensium
2577 1522 2818 1580 Ecclesia
2864 1526 2932 1581 de
2976 1527 3234 1598 praedicto
3281 1528 3514 1585 Photio?
3552 1547 3738 1589 susce-

2149 1611 2307 1684 pistis
2326 1614 2490 1670 eum?
2523 1614 2750 1699 misistis
2776 1617 2844 1674 ad
2871 1631 2994 1675 eum
3035 1619 3248 1677 litteras
3276 1623 3643 1694 receptionis?
3668 1625 3738 1682 Et

2150 1706 2482 1778 respondens
2502 1707 2739 1766 Thomas
2770 1706 2882 1767 Deo
2900 1712 3152 1768 amabilis
3198 1715 3539 1786 metropolita
3581 1716 3734 1790 Tyri,

2149 1804 2205 1851 et
2233 1796 2405 1852 locum
2425 1798 2665 1855 retinens
2695 1800 2843 1856 sedis
2867 1800 3168 1858 Antiochia
3197 1803 3333 1859 dixit
3361 1821 3376 1858 :
3410 1803 3527 1860 Non
3550 1819 3739 1863 susce-

2079 1869 2124 1929 B
2152 1887 2331 1959 pimus
2353 1888 2642 1961 aliquando
2669 1889 2921 1947 Pholium
2948 1892 3003 1947 in
3045 1893 3511 1951 Antioclniensium
3543 1896 3734 1954 Eccle-

2149 1979 2249 2046 sia,
2285 1995 2459 2051 neque
2505 1981 2750 2038 misimus
2784 1983 2836 2037 ei
2887 1982 3124 2040 litteram
3166 1976 3511 2057 receptionis,
3557 2004 3736 2059 neque

2146 2068 2216 2125 ab
2251 2068 2341 2124 illo
2373 2070 2701 2142 recepimus;
2748 2071 2933 2129 Helias
2958 2065 3334 2131 sanctiSsimus
3380 2077 3658 2149 syncellus
3678 2089 3736 2137 et

2145 2162 2321 2219 locum
2384 2164 2628 2220 retinens
2680 2155 2966 2239 Theodosii
3021 2167 3348 2224 sanctissimi
3409 2171 3734 2240 patriarchae

2143 2252 2640 2327 Hierosolymorum
2672 2252 2848 2311 dixit:
2877 2255 2937 2312 Si
2963 2257 3180 2328 quidem
3210 2259 3463 2316 credulus
3496 2271 3583 2317 est
3609 2271 3723 2319 tam

2144 2346 2287 2417 apud
2329 2345 2601 2412 Photium,
2663 2364 2829 2420 quam
2873 2336 3029 2420 apud.
3070 2351 3563 2410 communicatores
3611 2353 3735 2424 ejus

2143 2438 2420 2509 piissimus
2441 2448 2499 2496 et
2517 2455 2549 2495 a
2579 2440 2692 2497 Deo
2714 2449 3006 2499 coronatus
3038 2451 3228 2498 noster
3257 2442 3572 2514 imperator,
3611 2445 3729 2517 ipse

2141 2529 2465 2588 certillcabit
2508 2546 2607 2602 per
2643 2532 2893 2603 proprios
2941 2540 2998 2588 et
3041 2532 3427 2604 apocrisiarios
3460 2573 3478 2600 ,
3524 2524 3724 2591 Isaiam

2141 2620 2350 2678 scilicet
2395 2631 2452 2679 et
2489 2619 2849 2695 Spyridouem
2877 2622 3104 2696 Cyprios
3153 2639 3277 2680 cum
3328 2623 3524 2681 litteris
3578 2626 3714 2691 suis,

2139 2724 2276 2783 quas
2300 2713 2368 2770 ad
2394 2714 2757 2785 patriarcham
2804 2724 3047 2771 nostrum
3076 2708 3247 2783 misit,
3293 2718 3421 2789 quia
3466 2719 3533 2776 de
3559 2735 3724 2776 manu

2140 2804 2428 2861 Theodosii
2480 2805 2807 2875 sanctissimi
2847 2806 3173 2877 patriarchae
3224 2806 3725 2883 Hierosolymorum

2138 2894 2369 2950 extorsit
2409 2909 2516 2961 me,
2547 2909 2671 2949 cum
2707 2909 2882 2951 essem
2912 2895 3181 2968 syucellus
3208 2899 3492 2970 apostolici
3539 2901 3724 2957 throni

2137 2990 2311 3046 sancti
2337 2987 2521 3047 Jacobi
2544 2989 3062 3063 Hierosolymorum.
3096 2994 3225 3050 Dico
3247 2994 3435 3067 igitur,
3456 3011 3522 3052 ac
3549 2996 3600 3052 si
3625 3011 3720 3053 co-

2139 3095 2254 3136 ram
2296 3082 2409 3138 Deo
2449 3090 2505 3136 et
2535 3080 2723 3138 electis
2770 3082 2975 3155 angelis
3018 3082 3155 3153 ejus,
3207 3086 3333 3156 quia
3377 3101 3721 3158 nequaquam

2139 3174 2440 3245 recepimus
2460 3174 2727 3233 Photium,
2753 3175 2808 3231 in
2832 3164 3169 3247 episcopatu,
3198 3192 3374 3250 neque
3409 3172 3618 3235 litteras
3646 3181 3718 3235 ab

2137 3277 2204 3320 eo
2230 3264 2588 3335 suscepimus,
2618 3280 2794 3337 neque
2814 3265 2883 3322 ad
2904 3281 3026 3324 eum
3049 3270 3470 3326 transmisimus.
3499 3269 3559 3326 Si
3586 3272 3733 3328 vero

2138 3354 2444 3425 incredulus
2467 3364 2552 3412 est
2573 3357 2713 3427 apud
2740 3371 2838 3412 eos
2859 3357 2954 3414 Dei
2983 3357 3161 3417 cultor
3183 3351 3480 3430 imperator
3503 3371 3715 3428 noster,

2133 3446 2277 3523 quod
2307 3446 2486 3503 visum
2535 3445 2700 3503 fuerit
2745 3446 2990 3521 piissimo
3031 3456 3089 3504 et
3131 3448 3436 3518 justissima
3485 3451 3719 3524 imperio

2132 3536 2269 3606 ejus,
2292 3538 2346 3592 in
2382 3552 2476 3594 eos
2514 3537 2696 3615 faciat.
2739 3537 2851 3596 Nos
2874 3538 3043 3605 enim,
3072 3540 3216 3611 quod
3241 3540 3490 3617 novimus
3521 3545 3718 3598 certis-

2130 3627 2291 3693 sime,
2320 3627 2423 3703 boc
2449 3635 2504 3683 et
2551 3636 2836 3685 testamur.
2885 3627 3423 3700 DletrophanesDeo
3458 3630 3717 3689 amabilis

2018 3766 2021 3771 .
2128 3718 2471 3789 metropolita
2519 3720 2769 3791 Smyrna:
2812 3718 2948 3775 dixit
2992 3737 3007 3774 :
3060 3720 3308 3775 Divinam
3370 3719 3713 3792 Scripturam

2128 3811 2332 3885 scimus
2364 3810 2569 3881 liquido
2611 3811 2925 3867 dicentem:
2960 3810 3151 3867 Omnia
3193 3812 3476 3885 manifesta
3514 3813 3581 3869 iis
3618 3817 3714 3887 qui

2127 3901 2446 3972 intelligunt,
2468 3910 2516 3956 et
2558 3910 2698 3956 recta
2724 3899 2790 3956 iis
2810 3900 2902 3972 qui
2931 3901 3196 3955 inveniunt
3219 3897 3490 3977 scientiam
3517 3900 3710 3975 (Prov.

2126 3991 2267 4065 vm).
2296 3992 2365 4048 Et
2394 4007 2496 4057 nos
2516 3992 2698 4062 itaque
2730 3992 3091 4065 intelligentes
3115 4002 3171 4048 et
3188 3993 3471 4061 scientiam
3498 3995 3711 4051 haben-

2127 4098 2210 4145 tes
2256 4088 2560 4144 diviuarum
2608 4096 2666 4144 et
2718 4086 3080 4143 humanarum
3128 4100 3331 4160 rerum.
3360 4102 3458 4158 per
3500 4086 3708 4145 Christi

2125 4180 2379 4250 gratiam,
2410 4178 2772 4235 intelleximus
2798 4186 2854 4234 et
2880 4177 3230 4246 cognovimus
3271 4192 3340 4234 ex
3366 4178 3433 4234 iis
3459 4193 3583 4249 qua:
3608 4178 3712 4236 ho-

2123 4277 2212 4333 die
2245 4286 2395 4347 gesta
2426 4286 2571 4343 sunt,
2615 4274 2742 4346 quia
2788 4289 3064 4345 nunquam
3114 4272 3403 4343 aliquando
3431 4272 3708 4341 admissus

2122 4374 2207 4422 est
2230 4365 2457 4422 Photius
2485 4364 2539 4420 in
2577 4374 2765 4420 sancta
2794 4363 3037 4419 Romana
3073 4363 3337 4430 Ecclesia,
3380 4371 3445 4429 ut
3483 4365 3704 4436 episco-
3743 4432 3749 4437 ἢ

2124 4473 2244 4528 pus,
2273 4470 2446 4527 neque
2484 4456 2538 4510 in
2566 4453 2689 4510 aliis
2715 4452 3167 4526 patriarchalibus
3213 4452 3441 4519 thronis,
3472 4454 3568 4510 sed
3597 4455 3703 4510 ab—

2114 4548 2293 4620 jectus
2317 4557 2458 4613 erat,
2487 4555 2544 4601 et
2566 4545 2904 4617 reprobatus,
2931 4552 3095 4615 atque
3131 4543 3416 4601 damnatus
3452 4545 3521 4601 ab
3543 4544 3703 4602 initio

2118 4650 2290 4707 usque
2311 4636 2367 4691 in
2397 4635 2579 4692 tinem.
2600 4634 2668 4691 Et
2689 4633 2827 4692 dixit
2850 4633 2917 4690 ad
2947 4633 3183 4705 reliquos
3207 4634 3526 4704 episcopos:
3555 4633 3698 4702 Quid

2113 4740 2245 4799 ergo
2273 4725 2469 4791 dicitis,
2501 4724 2715 4790 fratres,
2749 4731 2805 4780 et
2825 4723 2963 4779 vos?
2988 4722 3304 4789 Theodorus
3349 4724 3696 4795 metropolita

2113 4816 2287 4872 Caria:
2313 4813 2450 4872 dixit
2475 4832 2489 4869 :
2516 4812 2731 4870 Gratias
2762 4827 2865 4884 ago
2886 4812 3017 4880 Deo,
3038 4812 3165 4883 quia
3189 4827 3287 4882 per
3313 4826 3523 4868 sacram
3555 4813 3697 4869 hanc

2112 4913 2168 4962 et
2196 4904 2555 4961 universalem
2591 4902 2853 4975 synodum
2880 4901 3088 4958 solutus
3127 4918 3248 4958 sum
3278 4918 3309 4958 a
3348 4903 3696 4974 cogitationi-

2111 4994 2214 5051 bus
2233 4994 2363 5060 illis,
2383 5009 2503 5064 qua:
2528 4993 2900 5063 inquietabant
2919 5006 3018 5063 per
3040 4991 3280 5063 singulos
3308 4992 3425 5048 dies
3451 4993 3690 5049 animam

2111 5101 2312 5150 meam,
2343 5095 2521 5139 utrum
2551 5092 2802 5154 receptus
2841 5081 3068 5139 Photius
3108 5082 3162 5137 in
3198 5081 3547 5155 patriarehiis
3573 5082 3691 5139 fue-

2111 5178 2202 5244 rit,
2231 5189 2401 5232 necne
2422 5173 2624 5229 l‘uerit?
2668 5172 2772 5228 Per
2813 5173 3195 5244 apocrisiarios
3232 5172 3375 5229 enim
3405 5170 3541 5241 ejus,
3590 5170 3687 5243 qui

2105 5270 2342 5345 primum
2372 5265 2440 5321 de
2466 5264 2552 5321 his
2593 5264 2727 5320 mihi
2773 5262 3198 5328 satisfaciebant,
3242 5270 3298 5320 et
3339 5278 3436 5333 per
3464 5261 3684 5335 litteras

2105 5373 2243 5429 quas
2281 5357 2450 5423 misit,
2479 5364 2535 5411 et
2559 5371 2698 5426 quas
2744 5355 2971 5425 recepit,
3014 5353 3325 5410 satisfactus
3353 5368 3496 5421 sum,
3534 5353 3681 5424 quod
3789 5399 3799 5405 .

2105 5462 2214 5503 non
2244 5447 2408 5502 fuerit
2434 5446 2661 5513 Photius
2684 5444 2824 5514 apud
2853 5458 2917 5500 ea
2943 5449 3193 5513 receptus
3218 5457 3454 5513 unquam
3469 5440 3537 5496 'in
3563 5440 3682 5511 epi-

2105 5545 2356 5588 cnonatus
2377 5537 2713 5593 dianitatem.
2738 5534 2865 5586 Ideo
2889 5534 3151 5586 conﬁteor
3188 5533 3444 5588 delictum
3472 5546 3676 5590 meum.
