3960 5508
199 405 269 460 73
874 389 1427 467 tarsumenno
1464 407 1716 467 svsom
1752 406 1863 465 vm
1898 405 2301 468 cenemus.
2335 439 2403 450 -
2442 396 2644 468 Αατιο
2685 398 2745 464 ‘v.
2876 444 2884 451 .
3110 484 3123 502 _
3378 397 3450 461 τι

118 572 123 576 .
196 518 329 590 quid
358 517 526 574 hodie
548 517 691 574 aliud
735 518 952 575 dicere:
1000 523 1047 575 si
1081 520 1340 591 iubeatis,
1387 521 1777 591 interrogemus
1804 524 1849 585 Α
1878 521 2003 592 quia
2029 521 2295 594 obligatus
2318 532 2404 579 est
2441 523 2787 601 allienedicto
2824 536 2981 594 papa,
3014 528 3072 579 ut
3092 532 3196 579 nan
3225 512 3453 580 haberet

132 606 135 627 ξ
193 624 314 666 vos.
346 607 465 663 Mos
489 617 576 664 est
612 609 664 663 in
710 608 953 665 Romana
985 609 1224 665 Ecclesia
1268 610 1338 666 ab
1377 611 1524 665 omni
1564 610 1782 666 homine

194 699 415 770 hospite
445 696 684 755 libellum
720 697 843 754 ﬁdei
881 697 1150 770 exigendi,
1179 707 1235 753 et
1260 698 1333 753 ita
1366 699 1604 770 permitti
1639 698 1782 755 hunc

194 791 251 846 in
276 800 533 846 sanctum
560 788 779 847 Petrum
814 790 1054 845 intrare:
1091 786 1337 846 fecerunt
1367 790 1455 844 isti
1485 790 1780 844 secundum

192 883 343 939 hanc
371 882 631 947 formam,
676 897 745 937 an
769 883 909 939 non?
938 881 1280 940 Sanctissimi
1318 881 1502 937 vicarii
1551 882 1782 938 senioris

192 974 388 1031 Romae
417 974 677 1030 dixerunt
712 991 727 1029 :
765 973 843 1029 ita
885 973 1150 1031 fecerunt.
1205 973 1499 1030 Zacharias
1527 982 1583 1029 et
1609 973 1784 1029 Theo-

192 1066 380 1138 philus
425 1066 632 1122 dudum
676 1066 912 1138 episcopi
961 1067 1257 1122 dixerunt:
1309 1064 1506 1133 Unum,
1550 1081 1619 1122 an
1650 1067 1783 1123 duos

193 1155 468 1212 fecimus?
516 1155 855 1212 Sanctissimi
898 1144 1091 1214 vicarii
1134 1144 1365 1213 senioris
1402 1156 1587 1212 Roma:
1629 1144 1785 1213 dixe-

193 1256 326 1302 runt
361 1237 786 1303 :Duosiibeiios
814 1236 1017 1304 fecistis
1062 1260 1113 1305 ι.
1162 1238 1456 1304 Zacharias
1501 1254 1558 1303 et
1604 1241 1785 1303 Theo-

192 1336 379 1405 philus
429 1326 636 1391 dudum
684 1324 919 1407 episcopi
965 1326 1256 1392 dixerunt:
1306 1324 1448 1409 Ergo
1494 1351 1602 1391 non
1630 1338 1788 1391 erant

194 1431 291 1486 ibi.
340 1429 865 1502 ﬂaguiiieentissimi
907 1424 962 1485 et
990 1420 1366 1499 giOriOsissimi
1396 1426 1667 1499 principes
1706 1428 1787 1482 in-

196 1528 621 1591 terrogaverunt
661 1529 879 1577 sanctos
906 1520 1161 1586 vicarios,
1196 1512 1327 1591 quid
1370 1518 1788 1576 circumferebat

194 1608 459 1665 libellus?
514 1608 855 1667 Sanctissimi
895 1610 1087 1667 vicarii
1132 1598 1319 1666 Romae
1365 1610 1662 1666 diterunt:
1719 1608 1789 1666 Ut

197 1698 507 1755 secundum
557 1700 882 1756 catholicam
917 1701 1215 1757 Ecclesiam
1243 1704 1464 1757 teneant
1502 1708 1557 1756 et
1601 1691 1786 1756 defen-

1880 606 2204 681 polestatem
2253 612 2588 681 pontiﬁcium
2644 614 2922 683 peragere,
2979 612 3150 669 denec
3206 612 3452 676 veniret,

1881 711 1937 758 et
1962 703 2312 759 descenderet
2374 700 2571 758 iterum
2627 718 2749 757 cum
2814 703 2881 759 iis
2946 703 3036 774 qui
3102 716 3161 759 se
3213 700 3461 759 ahscidea

1885 800 2008 847 rant
2058 808 2089 847 a
2128 792 2471 849 sanctissimo
2530 794 2837 864 patriarcha
2885 795 3125 864 lgnatio,
3173 803 3229 849 et
3273 806 3455 851 sume-

1882 892 2005 939 rent
2052 882 2337 953 judicium,
2384 892 2439 939 ct
2480 885 2581 939 hoc
2631 899 2735 939 non
2789 885 3299 955 custodivit,neqne
3360 885 3455 940 de-

1882 973 2091 1028 scendit
2150 972 2295 1029 illuc.
2340 971 2679 1029 Sanctissimi
2734 973 2921 1029 vicarii
2984 973 3215 1029 senioris
3272 972 3460 1030 Roma

1885 1063 2419 1119 dixerunt:Partem
2468 1064 2630 1119 habet
2671 1079 2795 1120 cum
2838 1065 2906 1119 iis
2951 1063 3042 1134 qui
3094 1079 3201 1120 non
3228 1070 3456 1122 concor-

1886 1154 2017 1209 dant
2056 1166 2177 1207 cum
2227 1152 2509 1219 Ecclesia,
2553 1162 2609 1209 et
2650 1156 3042 1225 comparticeps
3110 1163 3298 1210 eorum
3371 1159 3459 1212 est

1884 1247 1976 1317 qui
2026 1241 2274 1304 fecerunt
2322 1256 2508 1303 contra
2554 1244 2848 1304 Ecclesiam
2890 1248 3461 1321 Constantinopoleos,

1883 1346 1941 1396 et
2012 1343 2199 1398 contra
2266 1341 2663 1398 sanctissimum
2744 1342 3106 1412 patriarcham
3172 1341 3463 1413 ignatium.

1888 1432 1997 1488 Sed
2069 1434 2322 1505 quoniam
2386 1435 2520 1490 hora
2598 1434 2750 1489 tarda
2824 1444 2948 1500 est,
2997 1450 3103 1491 non
3179 1442 3468 1506 possumus

1887 1524 2047 1580 hodie
2136 1524 2238 1581 hoc
2327 1526 2641 1596 requirere;
2708 1526 2761 1581 in
2832 1524 2937 1580 alia
3008 1536 3137 1581 vero
3184 1525 3470 1581 examina-4

1889 1603 2035 1671 tione
2083 1615 2136 1671 id
2201 1614 2480 1672 faciemus.
2538 1616 2740 1673 Deinde
2792 1624 2943 1672 stans
3003 1615 3056 1672 in
3110 1615 3288 1672 medio
3350 1616 3473 1673 διδ-ι

1887 1697 2099 1775 phanus
2152 1705 2265 1761 Deo
2323 1705 2570 1761 amabilis
2630 1706 2886 1763 diaconus
2931 1716 2988 1763 et
3046 1707 3289 1763 notarius
3355 1705 3473 1761 laus

197 1788 333 1846 dant
359 1791 684 1859 veritatem,
724 1800 779 1848 et
823 1807 921 1863 per
964 1792 1146 1850 omnia
1193 1799 1489 1863 sequantur
1526 1789 1788 1860 judicium
1890 1794 2013 1848 dem
2074 1794 2210 1850 dixit
2265 1795 2335 1850 ita
2400 1814 2415 1851 :
2470 1792 2665 1852 Multos
2716 1812 2888 1853 annos
2932 1798 3314 1868 imperatorum
3365 1796 3471 1851 Bad

198 1890 405 1936 sancta:
444 1876 707 1937 Romana;
742 1880 1017 1938 Ecclesiae.
1044 1881 1293 1964 Bahancs
1315 1876 1789 1953 magniﬁcentissi-
1824 1873 1871 1933 Β
1898 1873 2007 1939 silii
2050 1890 2109 1940 et
2152 1884 2530 1941 Constantini!
2595 1886 2907 1957 Magnorum
2971 1887 3359 1956 imperatorum
3419 1891 3476 1941 et

197 1984 322 2025 mus
346 1971 615 2041 patricius
648 1978 704 2026 et
730 1972 1050 2043 prtepositus
1080 1972 1361 2029 dixitzita
1385 1972 1617 2029 confessi
1663 1974 1791 2029 sunt
1896 1973 2218 2029 dictatorum
2289 1970 2487 2031 multos
2535 1977 2745 2031 arino‘s!
2807 1971 3244 2032 Orthodoxtir’um
3307 1975 3479 2046 impe-

195 2069 253 2115 et
278 2060 401 2116 heri
438 2061 491 2116 in
523 2063 858 2129 secretariis,
888 2072 949 2118 ut
971 2078 1069 2134 per
1091 2063 1273 2119 omnia
1316 2063 1659 2120 consentiant
1683 2059 1795 2120 Ro—

198 2168 495 2211 manorum
568 2155 840 2213 Ecclesiae.
902 2158 1242 2215 Sanctissimi
1309 2156 1500 2214 vicarii
1567 2158 1795 2215 senioris

203 2245 397 2302 Romae
421 2246 680 2303 dixerunt
708 2265 722 2302 :
751 2247 1087 2321 interrogate
1108 2264 1237 2319 ergo
1257 2242 1698 2320 praevaricatores
1714 2248 1796 2319 ip-

198 2351 314 2401 sos,
344 2347 533 2393 utrum
574 2337 777 2395 faciant
824 2338 1128 2396 Romanum
1170 2339 1430 2402 libellum.
1462 2354 1653 2421 necne.
1685 2339 1798 2421 Maf

197 2427 644 2498 gniﬁcentissimi
676 2438 732 2485 et
765 2429 1140 2503 gioriosissimi
1167 2430 1436 2503 principes
1464 2418 1797 2485 dixeruntad

197 2518 535 2576 Zachariam
556 2530 613 2578 et
637 2522 995 2593 Theophilum
1022 2510 1221 2578 dudum
1248 2525 1528 2593 episcopos
1552 2540 1565 2576 :
1594 2509 1797 2578 Facitis

199 2600 470 2675 libellum,
502 2625 573 2665 an
604 2611 749 2666 non?
792 2606 1089 2667 Zacharias
1133 2619 1189 2667 et
1221 2603 1552 2682 Theophilus
1594 2608 1794 2667 dudum

199 2697 446 2769 episcopi
496 2698 790 2755 dixerunt:
823 2692 934 2755 Nec
960 2693 1147 2755 audire
1180 2699 1329 2753 illum
1360 2698 1623 2754 volumus.
1654 2696 1792 2753 San-

202 2788 439 2844 ctissimi
475 2787 667 2845 vicarii
699 2789 930 2846 senioris
974 2790 1162 2846 Roma:
1207 2790 1505 2845 dixerunt:
1552 2788 1793 2844 Emittite

207 2880 326 2937 illos
356 2881 532 2937 foras.
559 2882 628 2936 Et
658 2891 941 2954 postquam
969 2883 1237 2946 exierunt,
1265 2881 1514 2936 Bahancs
1548 2878 1794 2951 magnifi-

202 2971 557 3028 eentissimus
584 2972 846 3043 patricius
888 2981 942 3028 et
977 2974 1295 3043 pmpositus
1341 2969 1514 3025 dixit:
1560 2969 1792 3024 Causam

203 3052 487 3117 Zacharias
502 3077 623 3118 non
652 3063 1000 3133 quaesivimus
1024 3081 1036 3117 :
1069 3061 1187 3118 heri
1210 3061 1354 3117 enim
1384 3058 1667 3116 confessus
1689 3067 1794 3125 est,

1899 2066 2140 2119 ratorum
2223 2063 2421 2121 multos
2493 2058 2702 2120 annos!
2761 2065 3118 2122 Paciﬁcorum
3186 2065 3479 2136 imperato-

1902 2162 2021 2210 rum
2087 2155 2283 2213 multos
2344 2158 2551 2213 annos!
2600 2157 2975 2228 Depositorum
3024 2156 3296 2227 injustitia)
3342 2156 3481 2211 mili-‘-

1904 2243 1988 2303 tos
2058 2249 2269 2303 annos!
2322 2247 2569 2304 Hostium
2662 2244 2929 2305 metidadii
2997 2246 3196 2305 multos
3268 2235 3477 2304 annosi

1900 2323 2215 2391 Amatorum
2269 2336 2327 2392 et
2374 2336 2645 2394 fautorum
2684 2339 2931 2394 veritatis
2970 2347 3026 2395 et
3076 2338 3301 2410 iustitia:
3344 2336 3484 2391 mni-‘-

1904 2424 1989 2480 tos
2077 2417 2287 2482 annosi
2351 2425 2608 2483 Eudoxia),
2686 2428 2945 2498 piissimae
3015 2427 3267 2499 Augusta:
3337 2424 3480 2480 mula

1900 2522 1985 2571 tos
2014 2518 2223 2572 annos!
2268 2516 2475 2573 Nicoiai
2526 2516 2821 2574 beatissimi
2859 2533 3011 2589 papa:
3053 2518 3240 2573 Roma!
3280 2524 3483 2572 aeterna

1899 2610 2197 2666 memoria!
2236 2608 2461 2665 Adriani
2503 2610 2793 2667 orthodoxi
2846 2626 2997 2682 papae
3046 2608 3273 2664 Romani
3335 2606 3478 2663 mul-

1894 2706 1978 2754 tos
2059 2699 2267 2754 annos!
2324 2697 2516 2770 ignatii
2594 2699 2876 2755 orthodoxi
2943 2696 3265 2768 patriarcha:
3331 2696 3480 2750 Cous

1892 2786 2314 2857 stantinopoleos
2359 2786 2559 2843 multos
2619 2786 2827 2841 annos!
2887 2785 3324 2842 Orthodoxorum
3384 2797 3484 2854 pa4

1894 2878 2255 2933 triarcharum
2315 2868 2554 2933 Orientis
2626 2874 2824 2932 multos
2896 2872 3104 2930 annos!
3176 2867 3483 2931 Orthodoxi

1894 2970 2114 3021 senatus
2142 2964 2341 3020 multos
2378 2960 2585 3019 annos!
2640 2961 2853 3019 Sancta
2915 2977 2979 3018 ac
3026 2958 3345 3016 universalis
3391 2972 3483 3029 sy:

1903 3056 2027 3113 nodi
2065 3064 2268 3113 reterns
2298 3052 2590 3112 memeria!

218 3208 219 3211 ‘
271 3210 296 3238 ι
334 3198 407 3253 Et
446 3209 648 3274 revera
684 3196 825 3274 duos
855 3196 1065 3274 libellos
1094 3196 1571 3274 fecerunt,__unum
1618 3194 2021 3274 scilicet_iidei.
2069 3201 2358 3274 antequam
2406 3190 2606 3274 Urbem
2654 3188 3097 3274 ingrederentur,
3144 3194 3201 3243 et
3246 3185 3477 3243 alterum

203 3281 296 3338 pro
324 3268 635 3339 sequendis
667 3266 899 3326 decretis
942 3268 1247 3339 apostolicae
1289 3269 1468 3335 sedis,
1515 3277 1799 3339 antequam
1828 3267 1881 3323 in
1907 3267 2339 3322 communionem
2379 3266 2761 3332 reciperentur.

2847 3405 2854 3407 .
3317 3405 3463 3433 ,ες

1456 3527 1760 3609 ACTIO
1815 3526 2239 3622 QUINTA.

266 3765 323 3834 in
366 3777 606 3833 nomine
653 3770 865 3833 Domini
906 3780 960 3833 ct
999 3768 1349 3833 demiuatoris
1391 3776 1630 3832 omnium
1670 3776 1796 3834 Jesu
1824 3783 1870 3845 c
1901 3772 2497 3849 praiposiio,'magistro
2550 3774 2772 3831 Bahanc
2821 3768 3351 3845 magnifiCentissimo
3387 3793 3483 3849 pa;

205 3858 404 3927 Christi
478 3868 602 3925 veri
684 3868 777 3925 Dei
847 3868 1017 3924 nostri
1096 3870 1152 3923 ct
1226 3867 1540 3924 Saliatoris.
1590 3857 1800 3924 Consu-

206 3949 347 4015 latus
419 3975 456 4014 a
526 3950 643 4014 Deo
709 3959 1081 4015 redimitor’um
1136 3968 1191 4013 et
1240 3956 1800 4029 tranquillissimorum

208 4048 559 4105 dominorum
614 4054 945 4114 nostrorum,
984 4036 1165 4103 Basilii
1226 4048 1441 4119 quidem
1494 4063 1635 4102 anno
1688 4052 1800 4103 ter-

206 4140 328 4204 tio,
395 4140 749 4196 Constantini
822 4156 952 4196 vero
1027 4140 1123 4194 filii
1195 4140 1313 4210 ejus
1386 4154 1530 4194 anno
1602 4155 1799 4195 secun-

206 4222 321 4295 do,
370 4239 763 4299 perpetuorum
833 4228 1231 4302 Augustorum,
1288 4229 1579 4284 indictione
1620 4229 1799 4294 tertia,

206 4338 313 4376 xm
368 4321 643 4377 Kalendas
695 4318 1012 4377 Novembris
1051 4338 1065 4374 :
1098 4320 1383 4392 propositis
1428 4320 1678 4389 pretiosis
1736 4336 1803 4376 ac

204 4410 447 4467 viviﬁcis
500 4411 684 4483 lignis,
739 4421 795 4467 et
847 4413 1183 4467 intemeratis
1247 4428 1311 4466 ac
1365 4414 1566 4467 sanctis
1627 4412 1799 4468 Evan-

204 4505 417 4574 geliis:
465 4505 826 4560 conveniente
900 4514 1077 4559 autem
1135 4512 1320 4560 sancta
1393 4513 1448 4559 et
1510 4496 1797 4559 universali

204 4595 443 4665 synodo,
486 4585 693 4650 Donato
740 4590 850 4650 Deo
886 4594 1215 4649 amicissimo
1249 4594 1499 4664 episeopo
1524 4585 1797 4657 Ostiensi,

202 4694 259 4741 et
320 4680 597 4756 Stephano
648 4685 761 4741 Deo
807 4684 1138 4739 amicissimo
1192 4680 1444 4755 episc0po
1497 4676 1799 4753 Nepesino,

205 4782 262 4829 et
340 4769 549 4829 Marino
626 4770 1093 4829 venerabiliss'imo
1147 4772 1375 4827 diacono
1442 4781 1644 4828 saneta:
1692 4770 1798 4827 Ro-

177 4871 390 4920 !manae
439 4860 735 4931 Ecclesiae,
766 4864 947 4919 loeum
1006 4862 1361 4922 retinentibus
1408 4858 1628 4918 Adriani
1677 4874 1798 4918 san-

178 4935 443 5010 ‘ctissimi
515 4971 670 5027 papa:
738 4942 1017 5018 Romani,
1060 4960 1117 5008 et
1183 4952 1389 5023 lg’nalio
1454 4944 1796 5013 sanctissimo

210 5049 528 5118 patriarcha
604 5037 1197 5116 Constantinopoleos,
1270 5055 1323 5103 et
1391 5036 1598 5102 Thoma
1669 5056 1795 5103 sana

1904 3871 2059 3925 tricio
2117 3880 2172 3925 et
2217 3870 2526 3940 praeposito,
2580 3868 2758 3925 Leone
2807 3869 3339 3941 magniﬁcentissimo
3382 3885 3477 3940 pa:

1902 3962 2057 4017 tricio
2119 3961 2454 4033 proConSule,
2477 3977 2541 4016 ac
2582 3961 2766 4018 Leone
2807 3962 3339 4033 magniﬁcentissimo
3393 3979 3483 4034 pas

1902 4052 2059 4107 tricio
2100 4061 2156 4105 et
2209 4051 2504 4107 domestico
2547 4052 2938 4117 excubitorum,
2962 4050 3169 4107 Joanne
3233 4053 3481 4122 magniﬁ-

1896 4142 2214 4198 centissimo
2263 4142 2490 4212 patricio
2533 4146 2588 4197 ct
2638 4135 2905 4213 iogotheta
2946 4142 3109 4199 okeos
3150 4143 3345 4209 dromi,
3383 4143 3483 4198 Pe.

1905 4244 2116 4290 tronalc
2166 4233 2701 4305 magnificentissimo
2746 4233 3014 4303 patricio,
3074 4232 3317 4288 Manueie
3364 4240 3484 4287 ina--

1901 4314 2348 4394 gnifice‘ntissimo
2372 4324 2620 4395 patricio,
2650 4324 2820 4379 sltem
2860 4321 3103 4380 Manueie
3132 4324 3480 4395 magniﬁcen-

1906 4415 2114 4470 tissimo
2166 4415 2413 4485 patricio,
2457 4413 2649 4471 Oreste
2700 4415 3237 4485 magnificentissimo
3286 4426 3475 4486 proto-

1900 4496 2179 4577 spathario
2199 4516 2254 4561 et
2281 4507 2576 4562 domestico
2623 4508 3001 4562 icanatorum:
3052 4506 3269 4576 insuper
3313 4506 3515 4560 etiaut'

1900 4596 2301 4651 considentibus
2362 4605 2417 4649 et
2474 4592 2584 4649 Deo
2652 4594 2996 4649 amicissimis
3070 4594 3474 4664 metropolitis,

1900 4685 2147 4739 Videlicet
2190 4696 2218 4725 ει
2262 4682 2458 4736 Basilio
2524 4682 2636 4738 Deo
2684 4681 3014 4736 amicissimo
3065 4682 3476 4752 archiepiscopo

1899 4770 2115 4843 Ephesi,
2165 4772 2409 4827 Barnaba
2451 4772 2561 4827 Deo
2613 4771 2942 4848 amicissimo
2990 4772 3327 4843 metropolita
3369 4773 3478 4845 Cy-

1899 4862 2022 4928 zici,
2053 4862 2352 4932 Nicephoro
2406 4858 2519 4920 Deo
2573 4863 2904 4921 amicissimo
2932 4864 3271 4935 metropolita
3310 4865 3475 4922 Ama;

1899 4955 2012 5019 εἰπε,
2050 4954 2235 5010 Niceta
2262 4953 2372 5010 Deo
2398 4956 2725 5015 amicissimo
2752 4958 3089 5026 metmpoiita
3112 4956 3470 5023 Athenarum,

1898 5047 2185 5103 Theodoro
2237 5047 2347 5102 Deo
2392 5050 2722 5109 amicissimo
2767 5045 3104 5118 metropolita
3148 5050 3337 5116 Cariae,
3367 5050 3481 5106 Mea

207 5143 457 5199 ctissimo
512 5141 855 5213 metropolita
910 5139 1037 5210 Tyri
1063 5181 1076 5202 ,
1120 5137 1293 5194 locum
1341 5140 1606 5196 retinente
1649 5140 1793 5198 sedis
1826 5121 1873 5179 Ι)
1902 5138 2160 5207 trophane
2187 5138 2293 5191 Deo
2319 5139 2655 5199 amicissimo
2697 5137 3035 5207 metropoiila
3074 5141 3350 5211 Smyrnae,
3379 5140 3476 5195 Mi-

207 5228 617 5299 Antiochiae,et
646 5229 827 5287 'lieiia
881 5229 993 5283 Deo
1040 5229 1413 5285 colendissimo
1480 5231 1795 5305 presbytero

210 5332 268 5379 et
334 5324 567 5395 synceilo
596 5365 611 5391 ,
667 5322 849 5377 locum
931 5319 1193 5375 retinente
1269 5318 1409 5376 sedis
1486 5319 1795 5395 Hierosoly—

217 5430 415 5448 ’ν’-’τ’
459 5432 473 5471 τ
513 5423 792 5465 ῃινιοορηιε
838 5420 1051 5458 nttnnlm
1096 5425 1250 5448 cnnrn
1302 5421 1485 5456 animm
1562 5417 1792 5460 riinimuc

1897 5228 2083 5284 chaeie
2138 5230 2246 5283 Deo
2298 5222 2630 5289 amicissimo
2673 5229 3012 5297 metropolila
3054 5232 3246 5295 Rhodi,
3286 5226 3482 5287 Photio

1899 5319 2008 5373 Deo
2030 5318 2356 5374 amicissimo
2376 5321 2786 5394 archiepiscopo
2804 5317 3057 5388 Nacolire,
3075 5324 3356 5394 Euthymio
3373 5322 3483 5375 Deo

1896 5408 2223 5450 nminiacimn
2244 5409 2653 5454 nrnhinnicnnm
2667 5410 2883 5450 natam“
2922 5412 3199 5456 Ωιηηιμιηη
3213 5417 3317 5450 non
3347 5414 3477 5446 «ma,
