3960 5346
505 444 767 503 75..

1656 424 1790 491 ᾹΝΑ
1801 434 2014 491 STASil
2054 438 2059 490 l

2160 438 2590 498 LlOTllECARII
3115 490 3127 500 ρ
3532 436 3539 444 ’
3682 442 3748 502 70

506 556 828 613 amicissimo
856 556 1106 627 episeopo
1155 556 1465 627 Magnesim,
1497 555 1777 610 Theodoro
1810 554 1917 610 Deo
1947 545 2079 609 anii-
2106 560 2151 618 Α
2183 558 2431 612 dixerunt
2460 575 2471 609 :
2503 556 2701 611 Placet.
2733 555 3069 615 Sauctissimi
3097 557 3280 613 vicarii
3308 554 3543 614 seniouis
3565 556 3748 615 Romae

502 650 722 706 eissimo
747 649 995 718 episcopo
1022 649 1267 720 Sin0pa2,
1299 648 1575 703 Eustathio
1614 647 1723 701 Deo
1753 646 2076 702 amicissimo

502 742 755 812 episcopo
771 740 1052 806 Emonlm,
1068 739 1346 796 Theodoro
1357 741 1467 796 Deo
1482 740 1808 795 amicissimo
1828 739 2078 809 episeopo

486 832 945 903 incedanmonia‘,
997 831 1294 901 Nicephoro
1342 831 1453 888 Deo
1478 832 1803 887 amicissimo
1827 830 2079 901 episcopo

480 928 485 931 ’
506 923 789 994 Zacynthi,
809 922 1090 993 Euthymio
1106 922 1214 978 Deo
1230 919 1820 991 amicissimo’episeopo
1837 919 2077 990 Mosyno-
2101 987 2106 991 .

501 1029 641 1079 rum,
659 1014 854 1070 Basilio
874 1014 983 1069 Deo
997 1010 1326 1068 amicissimo
1351 1012 1601 1082 episcopo
1627 1011 1827 1082 Pyrgii,
1843 1010 2075 1080 Georgio

505 1106 614 1160 Deo
640 1105 964 1161 amicissimo
993 1104 1240 1175 episcopo
1267 1103 1425 1171 llelil,
1441 1103 1601 1158 Petro
1621 1103 1732 1158 Deo
1747 1103 2073 1158 amicissimo

503 1200 754 1269 episcopo
801 1197 1059 1263 Troadis,
1107 1197 1286 1253 Leone
1326 1196 1436 1253 Deo
1462 1195 1790 1250 amicissimo
1824 1195 2073 1264 episcopo

500 1289 839 1357 Daphnusim,
858 1288 1040 1343 Niceta
1075 1286 1188 1343 Deo
1217 1286 1545 1341 amicissimo
1572 1285 1823 1364 episcopo
1846 1284 2067 1339 Photire.

569 1379 660 1432 llis
685 1380 756 1433 ita
780 1377 1243 1441 com'euientibus,
1271 1385 1421 1431 stans
1452 1376 1504 1429 iu
1537 1375 1713 1429 medio
1742 1373 1939 1429 Paulus
1964 1375 2071 1429 Deo

496 1468 857 1525 amicissimus
884 1466 1299 1538 chartopbylax,
1333 1465 1465 1520 dixit
1496 1483 1509 1519 :
1541 1464 1845 1520 Secundum
1873 1479 2070 1534 praece-

494 1561 709 1617 dentem
734 1560 1023 1625 actionem,
1055 1569 1112 1613 ιιι
1136 1557 1297 1627 jussit
1328 1559 1583 1615 sanctitas
1607 1566 1808 1621 vestra,
1835 1570 2070 1626 praesens

492 1661 574 1704 est
604 1651 688 1704 hic
731 1651 925 1705 iterum
956 1650 1247 1706 Zacharias
1271 1651 1435 1717 solus,
1467 1651 1558 1705 sed
1584 1658 1639 1706 et
1670 1647 2067 1704 Chrislianissi-

492 1757 611 1797 lltllS
654 1741 944 1810 imperator
970 1750 1152 1797 noster
1190 1740 1335 1795 misit
1380 1741 1446 1796 ad
1487 1740 1749 1812 synodum
1793 1738 2064 1794 Photium.

491 1831 730 1884 ltematus
781 1829 887 1883 Deo
926 1830 1284 1886 amicissimus
1314 1830 1594 1900 episc0pns
1623 1829 1785 1886 Ostia:
1808 1870 1824 1895 ,
1862 1838 1915 1883 et
1948 1826 2067 1883 Ste-

490 1922 698 1988 phanus
728 1921 841 1976 Deo
864 1921 1222 1977 amicissimus
1250 1920 1428 1990 Ncpm,
1458 1935 1521 1976 ac
1548 1920 1787 1975 Marinus
1816 1933 2065 1975 reveren-
2098 1906 2138 1963 Β

489 2011 744 2065 «tissimus
795 2011 1050 2067 diaconus
1099 2019 1311 2066 sanetae
1354 2011 1715 2065 Romanorum
1771 2007 2064 2073 Ecclesim,

490 2103 663 2155 locum
692 2103 984 2156 retinentes
1005 2102 1224 2156 Adriani
1258 2084 1579 2157 sanctissimi
1624 2116 1774 2172 papa:
1812 2098 2064 2162 Romani,

488 2193 739 2246 dixerunt
768 2210 780 2245 :
826 2192 1104 2269 Desiderat
1152 2192 1334 2263 venire
1365 2192 1415 2245 in
1445 2199 1788 2260 conspectum
1820 2197 2065 2243 nostrum

490 2291 542 2335 et
578 2290 779 2337 sancta:
807 2280 999 2351 synodi
1040 2280 1299 2336 Photius?
1336 2279 1531 2335 Paulus
1570 2279 1679 2335 Deo
1708 2276 2065 2345 amicissimus

485 2371 873 2442 chartophylax
909 2370 1046 2426 dixit
1085 2389 1098 2425 :
1139 2369 1419 2427 Nescimus
1458 2378 1638 2449 utrum
1665 2367 1963 2431 desideret,
1997 2381 2062 2419 an

485 2476 627 2529 non;
667 2463 792 2526 sed,
834 2462 879 2516 si
907 2460 1141 2530 jubetis,
1170 2461 1458 2516 discamus.
1508 2458 1844 2515 Sauctissimi
1876 2456 2060 2512 vicarii

485 2550 713 2604 senioris
742 2549 923 2604 Romae
950 2549 1240 2604 dixerunt:
1285 2548 1677 2619 lnterrogetur,
1715 2545 1760 2602 si
1788 2546 2063 2620 desideret

485 2642 667 2697 venire
712 2643 764 2696 in
812 2649 1055 2697 sanctam
1096 2651 1152 2698 et
1192 2640 1546 2697 univcrsalem
1594 2640 1856 2714 synodum
1899 2639 2059 2693 hanc.

480 2730 678 2786 Paulus
706 2730 815 2785 Deo
856 2729 1218 2784 amicissimus
1254 2726 1639 2800 cliartophylax
1681 2727 1858 2783 dixit:
1892 2728 2060 2795 Quem

475 2819 627 2888 jubet
669 2821 927 2877 sanctitas
953 2820 1241 2894 vestraire
1271 2828 1325 2875 et
1371 2820 1703 2891 interrogare
1728 2818 1890 2874 eum?
1919 2816 2060 2874 San-

480 2913 704 2969 ctissimi
734 2912 917 2967 vicarii
959 2912 1187 2966 senioris
1227 2912 1410 2967 Romae
1438 2911 1688 2968 dixerunt
1721 2931 1734 2966 :
1787 2909 1932 2967 Laici
1962 2925 2058 2965 va-

424 3006 425 3009 ‘
479 3003 624 3054 dant.
657 3000 722 3054 Et
753 3002 899 3055 misit
926 3009 1142 3055 senatus
1170 3002 1235 3055 ad
1265 3001 1511 3057 Photium
1540 3000 1832 3057 Sisinnium
1859 3001 2058 3073 glorio-

479 3090 749 3144 sissimum
794 3090 1282 3160 protospatharium
1311 3130 1325 3153 ,
1382 3090 1770 3160 Eutychianum
1824 3090 2056 3160 primunt

481 3178 857 3232 mandatorum
894 3179 1297 3243 excubitorum,
1329 3178 1616 3250 Georgium
1645 3178 1876 3248 primum
1908 3193 2059 3234 man-

478 3272 724 3324 datorum
770 3270 1122 3334 ieanatorunt,
1156 3270 1386 3325 Leonem
1430 3270 1754 3324 mundanum
1784 3268 2053 3324 hominem
2084 3263 2128 3324 C
2162 3271 2234 3326 ita
2277 3289 2291 3326 :

480 3366 805 3420 vicariorum
830 3364 1057 3419 senioris
1077 3364 1281 3429 llomm,
1301 3363 1586 3436 Cyriacutn
1604 3371 1659 3419 et
1675 3362 1875 3433 Ioseph
1895 3378 2052 3417 mun-

479 3456 648 3510 danos
683 3455 928 3511 homines
952 3455 1275 3511 vicariorum
1306 3454 1574 3520 Orientis;
1607 3463 1662 3510 et
1688 3462 2055 3525 praeceperunt

476 3546 554 3598 eis
583 3544 654 3598 ita
686 3545 865 3599 dicere
894 3562 908 3600 :
939 3544 1136 3600 Sancta
1163 3553 1215 3599 et
1244 3544 1566 3599 universalis
1591 3545 1827 3614 synodus
1852 3544 2056 3598 denun-

475 3637 576 3690 tiat
620 3636 711 3690 tibi
744 3654 756 3688 :
791 3636 882 3690 Vis
911 3637 1093 3691 venire
1122 3636 1174 3690 in
1212 3644 1452 3691 sanctam
1494 3635 1786 3707 synodum,
1813 3649 1881 3688 an
1908 3635 2052 3690 non?

474 3730 518 3795 si
549 3728 749 3782 dixerit
783 3727 907 3795 quia
938 3727 1084 3791 nolo,
1115 3726 1439 3796 interrogate
1473 3740 1597 3781 eum
1635 3725 1835 3795 quare?
1861 3726 2053 3780 Eunti-

471 3819 573 3873 bus
602 3831 730 3889 ergo
757 3818 849 3887 qui
884 3818 1034 3873 missi
1064 3816 1307 3881 fuerant,
1342 3824 1398 3870 et
1436 3814 1757 3873 facientibus
1789 3817 2048 3887 quemad-

472 3909 691 3965 modum
721 3908 934 3963 tuerant
959 3905 1227 3978 imperati,
1258 3907 1533 3976 respondit
1570 3907 1791 3962 Photius
1817 3908 1882 3962 ad
1908 3922 2001 3962 eos
2031 3924 2047 3963 :

472 3998 555 4052 Mc
587 3999 638 4051 in
668 3999 874 4070 synodo
895 4010 1168 4065 nunquam
1196 3997 1485 4067 aliquando
1512 3997 1832 4062 advocastis,
1856 4007 1910 4051 et
1938 4012 2052 4054 mo-

471 4093 540 4144 do
564 4091 729 4145 miror
749 4091 873 4160 quia
903 4091 1005 4146 hoc
1030 4090 1251 4157 fecistis,
1278 4098 1331 4144 et
1359 4091 1663 4147 advocastis
1688 4105 1795 4146 me.
1820 4091 2047 4146 Verum-

470 4189 651 4237 tamen
682 4187 871 4249 sponte
900 4194 1003 4233 non
1030 4180 1217 4242 venio.
1247 4195 1519 4249 nunquam
1547 4181 1689 4236 enim
1718 4181 2049 4252 interrogan-

472 4280 552 4325 trs
581 4285 666 4325 me
695 4269 761 4323 de
788 4272 996 4340 synodo
1026 4271 1127 4324 bac
1148 4284 1305 4339 quam
1332 4270 1530 4338 dicitis,
1554 4270 1822 4341 quomodo
1850 4271 1901 4326 in
1928 4286 2045 4326 eam

469 4376 555 4415 me
584 4358 831 4414 trahitis?
858 4358 985 4413 Dixi
1016 4375 1035 4414 :
1065 4348 1366 4415 Unuodiam
1398 4360 1505 4414 vias
1538 4376 1698 4424 meas,
1728 4369 1783 4413 ut
1816 4374 1918 4415 non
1951 4358 2044 4415 de-

468 4449 698 4518 linquant
733 4449 787 4502 in
827 4449 908 4525 uia
940 4465 1072 4502 mea.
1113 4446 1276 4502 Ροδαὶ
1302 4450 1381 4502 ori
1408 4465 1520 4503 meo
1557 4447 1845 4503 custodiam
1872 4447 2041 4520 (Psal.

455 4542 726 4612 sxxvnt),
775 4549 834 4595 et
881 4540 1143 4610 reliquum
1184 4556 1281 4596 vos
1327 4539 1504 4609 legite.
1551 4539 1792 4610 Cumque
1841 4539 2041 4597 reversi

2181 648 2429 703 dixerunt
2462 667 2473 700 :
2507 649 2717 717 Veniat.
2766 648 2973 704 Dictata
3015 663 3144 704 vero
3176 657 3300 705 sunt
3337 649 3403 705 ad
3440 647 3691 705 Pbotium
3717 663 3749 703 a

2180 748 2361 795 sancta
2393 740 2593 809 synodo
2614 750 2716 809 per
2743 739 2946 796 Heliam
2978 738 3266 812 synt‘ellum
3294 740 3409 795 hmo
3439 758 3453 793 :
3483 738 3748 806 Quoniam

2179 829 2519 886 conclusione
2565 831 2724 886 tacita
2758 840 3069 901 peceatores
3113 830 3251 887 hanc
3292 844 3322 884 a
3367 829 3478 887 Deo
3520 830 3750 887 electam

2176 918 2533 989 pronuntiasri
2582 917 2875 989 synodum,
2917 934 3023 975 non
3067 917 3239 975 solum
3288 917 3749 975 sanetissimorum

2180 1010 2491 1064 tbronorum
2532 1010 2786 1074 vicarios,
2817 1018 2874 1067 et
2907 1025 3143 1067 summos
3185 1012 3523 1074 sacerdotes,
3560 1024 3751 1065 verum

2176 1102 2338 1156 etiam
2376 1114 2429 1158 et
2480 1102 2843 1159 honorabilem
2882 1111 3128 1160 senatum
3173 1111 3479 1159 sanctorum
3522 1100 3777 1156 Patrum

2176 1202 2521 1258 nostrorum,
2566 1193 2850 1251 habentem
2879 1203 3031 1251 extra
3081 1204 3328 1265 tempus,
3376 1201 3431 1250 et
3471 1208 3578 1248 non
3627 1201 3754 1263 apte

2174 1284 2540 1353 propheticum
2586 1282 2787 1339 dictum
2834 1284 3119 1350 inducens,
3161 1284 3365 1356 justum
3392 1292 3477 1340 est
3520 1283 3588 1337 ad
3633 1284 3750 1354 haec

2173 1376 2372 1442 dicere,
2400 1375 2523 1446 quia
2560 1362 2735 1446 [opera
2764 1377 3105 1433 tenebrarum
3143 1376 3344 1433 habens
3375 1377 3428 1431 in
3463 1375 3749 1445 temetipso

2171 1466 2468 1523 formidasti
2504 1476 2745 1522 sanctam
2773 1476 2828 1523 et
2852 1469 3208 1525 universalem
3234 1468 3515 1540 synodum,
3541 1482 3664 1537 qua:
3693 1466 3749 1521 in

2171 1559 2368 1614 lumine
2397 1559 2643 1615 veritatis
2679 1567 2761 1614 est
2805 1568 3156 1637 congregata,
3204 1573 3272 1619 ne
3318 1556 3751 1615 manifestareris

2168 1649 2469 1720 divulgatus
2491 1665 2588 1719 per
2604 1665 2744 1714 eam,
2760 1651 3205 1719 quemadmodum
3226 1659 3469 1706 sanctum
3497 1649 3750 1720 perhibet

2167 1738 2532 1811 Evangelium,
2556 1739 2682 1808 quia
2709 1757 2721 1793 :
2748 1739 2950 1805 Omnis,
2971 1740 3062 1811 qui
3085 1757 3243 1810 prava
3269 1743 3396 1812 agit,
3421 1742 3528 1795 odit
3554 1741 3748 1809 lucem,

2166 1837 2212 1881 et
2244 1844 2347 1881 non
2384 1829 2516 1882 venit
2551 1829 2611 1897 in,
2647 1827 2845 1893 lucem,
2876 1839 2930 1883 ut
2967 1845 3069 1885 non
3109 1839 3399 1901 arguantur
3443 1846 3602 1901 Opera
3630 1830 3750 1899 ejus

2169 1917 2349 1987 (Joan.
2372 1918 2473 1989 ιιι).
2504 1916 2609 1972 Sed
2632 1919 2887 1988 scriptum
2907 1927 2989 1973 est
3012 1934 3029 1974 :
3055 1917 3122 1973 In
3146 1935 3293 1973 mmo
3313 1928 3362 1973 et
3386 1919 3533 1989 freno
3554 1918 3749 1973 maxil-

2168 2005 2246 2058 las
2295 2021 2471 2060 eorum
2517 2008 2846 2076 constringe,
2887 2007 2976 2077 qui
3023 2023 3127 2062 non
3172 2010 3532 2078 approximant
3576 2010 3649 2063 ad
3695 2018 3748 2064 ιι

2168 2093 2336 2166 (Psal.
2386 2097 2555 2167 xxxi).
2613 2097 2688 2151 De
2734 2106 2929 2153 ca‘tero
2974 2112 3103 2168 ergo
3146 2098 3397 2169 synodica
3426 2101 3751 2156 auctoritas

2168 2186 2428 2257 imperiali
2458 2203 2719 2244 consensu
2752 2197 3047 2259 opportune
3080 2204 3145 2245 ac
3173 2199 3296 2261 apte
3325 2189 3453 2246 illud
3482 2193 3745 2247 termina-

2167 2277 2245 2331 bit
2281 2280 2670 2349 propheticum.
2710 2279 3047 2336 Sanctissimi
3080 2282 3265 2337 vicarii
3304 2284 3532 2339 senioris
3560 2284 3749 2340 Romae

2167 2364 2415 2421 dixerunt
2440 2367 2505 2420 ad
2531 2377 2769 2423 sanctam
2796 2370 3094 2440 synodum:
3121 2370 3303 2428 Placet
3326 2373 3519 2429 vobis?
3543 2374 3745 2431 Sancta

2165 2458 2401 2528 synodus
2429 2458 2565 2514 dixit
2593 2475 2606 2513 :
2637 2459 2840 2517 Placet.
2892 2461 3228 2521 Sanetissimi
3276 2465 3462 2521 vicarii
3512 2468 3747 2524 senioris

2164 2548 2347 2608 Romie
2381 2554 2629 2613 dixerunt
2668 2576 2682 2612 :
2724 2559 2935 2615 Veniat.
2983 2560 3246 2635 Euntibus
3294 2561 3398 2617 illis
3444 2563 3535 2632 qui
3586 2563 3742 2621 missi

2163 2651 2320 2709 sunt,
2369 2644 2525 2715 eique
2575 2649 2827 2718 prredicta
2876 2649 3261 2706 acclamatione
3306 2651 3466 2719 lecta,
3513 2651 3742 2711 Photius

2164 2731 2238 2784 ait
2268 2749 2281 2785 :
2314 2731 2771 2807 Quemadmodum
2811 2753 2981 2809 usque
3007 2740 3367 2799 modo’etiam
3414 2742 3611 2799 invitos
3638 2742 3749 2799 nos

2164 2821 2438 2877 traxistis?
2466 2824 2568 2881 hoc
2604 2827 2649 2882 si
2677 2828 2837 2884 vultis
2880 2830 3053 2885 adhuc
3096 2830 3300 2898 facere,
3330 2846 3436 2887 non
3475 2832 3741 2890 debuistis

2162 2925 2259 2965 nos
2281 2912 2347 2966 ad
2371 2916 2793 2973 conveniendum
2820 2918 3185 2992 interrogare?
3211 2921 3317 2978 Sed
3344 2923 3505 2979 etiam
3532 2923 3735 2993 placuit

2158 2999 2309 3055 vobis
2354 3000 2421 3058 ab
2458 3004 2613 3059 initio
2649 3006 2961 3076 imperative
2999 3023 3064 3064 ac
3092 3010 3408 3078 potestative
3448 3012 3732 3082 perlicere.

2160 3088 2340 3159 Itaque
2374 3093 2536 3147 etiam
2567 3096 2665 3151 hac
2693 3112 2824 3153 voce
2852 3098 2905 3153 in
2934 3100 3138 3171 synodo
3167 3100 3335 3168 lecta,
3365 3101 3561 3159 iterum
3600 3118 3731 3159 san-

2159 3190 2246 3235 cta
2274 3192 2329 3237 et
2367 3184 2682 3241 universalis
2730 3188 2967 3259 synodus
3008 3189 3328 3246 acclamavit
3366 3192 3438 3248 ad
3479 3191 3735 3249 Photium

2335 3272 2768 3332 Ecclesiasticttm
2819 3279 3061 3335 ordinem
3107 3290 3393 3351 sequentes
3430 3281 3734 3339 ultroneam

2154 3363 2494 3430 prmscntiam
2521 3372 2666 3420 tuam
2696 3381 2795 3436 per
2813 3367 3046 3438 primum
3066 3384 3367 3431 sermonem
3390 3373 3731 3442 exspectavi-

2155 3467 2307 3514 mus;
2336 3453 2430 3507 sed
2457 3468 2578 3509 cum
2607 3470 2733 3511 vere
2760 3467 3015 3527 peccator
3036 3460 3112 3516 sis
3139 3470 3194 3517 et
3217 3461 3555 3529 manifestus,
3583 3462 3729 3533 inju-

2153 3539 2288 3596 stius
2312 3540 2667 3613 iujeoncilium
2689 3544 2894 3613 justum
2920 3558 3109 3618 sponte
3134 3534 3335 3622 ingredi
3362 3553 3643 3620 recusasti,
3660 3569 3732 3611 ne

2151 3637 2426 3706 acciperes
2444 3638 2827 3697 evidentiorem
2852 3642 3249 3701 damnationem
3273 3663 3289 3701 :
3312 3646 3432 3716 ejus
3455 3649 3531 3703 rei
3550 3651 3726 3720 gratia

2152 3737 2207 3785 et
2236 3729 2503 3787 nolentem
2534 3741 2585 3788 te
2623 3748 2723 3804 per
2748 3735 3039 3793 secundum
3069 3752 3406 3806 sermonem,
3432 3748 3491 3796 ut
3514 3742 3727 3812 praefati

2149 3833 2366 3886 sumus,
2397 3821 2733 3880 adducimus.
2779 3822 2940 3880 Lecta
2986 3838 3244 3897 praeterea
3287 3828 3479 3886 Photio
3523 3841 3581 3888 et
3622 3833 3727 3892 hac

2148 3907 2491 3977 allocutione,
2525 3913 2862 3970 introductus
2891 3925 2975 3971 est
3001 3915 3242 3985 Photius,
3268 3928 3323 3974 et
3351 3921 3501 3977 stetit
3523 3921 3578 3977 in
3610 3902 3728 3979 meé

2147 3998 2257 4054 dio.
2295 3999 2364 4055 Et
2391 4001 2575 4057 dicunt
2615 4002 2682 4082 ad
2722 4005 3276 4076 magniﬁcentissimos
3301 4010 3572 4082 principes
3600 4029 3725 4069 san-

2146 4091 2370 4165 ctissimi
2399 4092 2581 4150 vicarii
2609 4078 2838 4152 s’énioris
2865 4094 3050 4153 nom'm
3082 4117 3097 4154 ε
3134 4097 3266 4166 Quis
3288 4111 3372 4156 est
3415 4078 3505 4158 in}:
3531 4105 3622 4174 qui
3664 4106 3722 4162 in

2144 4183 2435 4240 novissimo
2462 4184 2577 4253 loco
2610 4196 2808 4242 sanctze
2837 4188 2995 4258 hujus
3023 4188 3213 4260 synodi
3243 4192 3429 4246 astat?
3469 4176 3722 4265 Magniﬁ-

2144 4273 2438 4329 centissimi
2466 4282 2523 4329 et
2555 4274 2922 4346 gloriosissimi
2955 4276 3220 4348 principes
3249 4279 3504 4336 dixerunt
3533 4298 3546 4334 :
3577 4282 3722 4338 Pho-

2146 4365 2269 4421 tius.
2306 4366 2643 4423 Sanctissimi
2680 4368 2867 4423 vicarii
2913 4370 3140 4425 senioris
3184 4370 3369 4451 ﬂama:
3403 4373 3657 4430 dixerunt
3698 4393 3714 4428 :

2142 4452 2233 4507 llle
2260 4446 2341 4510 εει
2370 4454 2589 4512 Photius
2624 4465 2842 4528 propter
2865 4472 3023 4528 quem
3051 4446 3235 4516 sancta
3264 4460 3502 4517 Romana
3532 4465 3720 4533 Eccle-

2143 4541 2220 4596 sia
2248 4557 2344 4612 per
2372 4553 2573 4613 septem
2616 4561 2787 4601 annos
2828 4555 2882 4602 et
2924 4549 3151 4619 amplius
3198 4551 3454 4608 sustinuit
3500 4552 3720 4611 labores

455 4629 692 4684 fuissent
730 4627 944 4698 ~pr:efati
991 4631 1131 4694 viri,
1177 4630 1358 4700 jussus
1385 4638 1469 4686 est
1495 4628 1786 4701 Gregorius
1817 4630 2039 4686 devotus
2068 4611 2117 4670 υ
2144 4611 2384 4688 multos?
2427 4611 2517 4705 qui
2569 4611 3029 4693 etiam‘sanetam-
3067 4639 3714 4712 Constantinopolitanam

456 4729 579 4771 nota
596 4720 705 4773 rius
725 4718 1025 4783 divinorum
1049 4719 1482 4784 secretariorum,
1505 4728 1559 4774 et
1586 4720 1883 4776 ascendens
1910 4719 2039 4791 legit

456 4806 638 4859 Photii
668 4820 824 4861 voces
853 4807 906 4859 in
941 4807 1266 4860 audientiam
1300 4809 1561 4863 Omnium.
1590 4810 1655 4863 Et
1695 4821 1815 4878 post
1845 4808 2033 4865 lectio-

460 4913 604 4959 nem,
640 4898 965 4952 sanctissimi
1009 4898 1194 4951 vicarii
1234 4899 1459 4953 senioris
1505 4900 1687 4954 Romae
1730 4901 1979 4956 dixerunt
2014 4919 2030 4957 :

2142 4723 2436 4779 Ecclesiam
2468 4726 2704 4781 funditus
2731 4728 3023 4796 subvertit,
3055 4739 3109 4786 et
3150 4748 3255 4786 non
3296 4736 3454 4789 modo
3484 4734 3584 4790 has
3613 4735 3718 4792 Ec-

2140 4814 2329 4871 clesias
2353 4816 2709 4881 conturbavit,
2733 4833 2917 4873 verum
2942 4820 3104 4874 etiam
3128 4832 3183 4876 et
3210 4820 3561 4879 Orientalium
3587 4840 3715 4880 san-

2138 4916 2254 4963 ctas
2278 4905 2568 4972 Ecclesias,
2592 4920 2712 4976 qua:
2736 4907 2803 4961 ab
2828 4908 2941 4976 ipso
2968 4924 3136 4978 usque
3164 4910 3220 4965 in
3245 4925 3477 4979 praesens
3496 4912 3714 4969 labores

460 4986 597 5053 Quid
631 4989 759 5042 dicit
787 4989 854 5043 ad
897 4990 1010 5044 haec
1038 4998 1221 5043 sancta
1251 4990 1522 5060 synodus?
1564 4990 1678 5045 Non
1711 5007 1806 5047 nos
1834 5007 2033 5048 convo-
2136 4999 2542 5069 perpetiuntur?
2564 4997 3073 5069 Magniﬁcentissimi
3094 5010 3149 5055 et
3171 5000 3538 5071 gloriosissimi
3560 4996 3711 5075 prin;

468 5090 650 5130 eamus
679 5092 821 5139 eum,
849 5088 907 5132 ut
933 5078 1201 5133 discamus
1226 5079 1435 5149 aliquid
1461 5081 1528 5134 ab
1557 5095 1644 5142 eo,
1675 5081 1768 5134 sed
1800 5090 1855 5134 ut
1886 5080 2033 5136 labo—
2134 5087 2280 5155 cipes
2308 5087 2558 5141 dixerunt
2586 5104 2599 5138 :
2634 5087 2737 5141 lste
2764 5098 2865 5144 est.
2905 5087 3238 5145 Sanctissimi
3265 5090 3448 5145 vicarii
3474 5092 3711 5149 senioris

2716 5177 2896 5212 ‘~-’ni'
2930 5179 3222 5226 mnslilnla
3250 5190 3558 5236 sanctorum
3597 5182 3706 5237 Pa-
3762 5216 3775 5227 ο
