3960 5722
199 425 260 479 77
885 424 1438 487 INTERPRETATIO
1478 429 1724 488 SYNODI
1765 429 1871 486 Vlll
1905 429 2310 488 GENERALlS.
2343 463 2413 474 —
2448 435 2649 492 ACTIO
2691 437 2746 491 V.
3382 444 3448 498 78

198 548 514 593 sanctorum
560 535 814 591 Patrum?
855 537 922 592 Et
952 554 1057 593 non
1106 539 1399 608 respondit.
1442 541 1780 598 Sanctissimi
1810 545 1857 604 Α
1885 541 2106 595 versalis
2148 544 2380 614 synodus
2408 545 2577 600 dixit:
2605 548 2927 604 Cunonicam
2987 550 3156 621 legent
3195 554 3444 624 complet,

198 626 381 681 vicarii
419 625 661 681 senioris
691 625 870 681 Roma
913 626 1164 682 dixerunt
1193 644 1206 681 :
1242 629 1454 698 Recipis
1488 632 1776 685 constituta

196 727 508 774 sanctorum
549 718 865 788 pontiﬁcum
895 719 1292 774 Romanorum?
1331 721 1524 790 recipis
1562 721 1775 790 exposi-

196 815 392 867 tionem
421 826 593 882 quam
628 813 751 867 fecit
770 812 1112 868 beatissimus
1131 812 1381 869 Nicolaus
1402 813 1777 871 sanctissimus

195 919 322 974 papa
361 902 777 961 Romanorum?
809 904 876 960 Et
911 919 1017 961 non
1064 906 1360 974 respondit.
1412 905 1625 976 Recipis
1659 919 1776 975 quae

195 996 360 1048 denuo
413 993 547 1051 fecit
603 994 974 1050 sanctissimus
1015 994 1286 1050 Adrianus
1332 1010 1613 1052 successor
1660 995 1776 1066 ejus

195 1085 561 1142 Romanorum
591 1086 739 1143 sedis
776 1086 945 1156 papa?
985 1086 1159 1151 dicat,
1191 1086 1350 1142 dicat.
1395 1087 1616 1143 Photius
1647 1103 1774 1144 vero

194 1175 313 1232 nihil
341 1177 729 1247 respondebat.
755 1175 1089 1232 Sanctissimi
1112 1178 1297 1233 vicarii
1329 1179 1559 1234 senioris
1590 1179 1774 1234 Romze

192 1268 442 1324 dixerunt
472 1286 485 1321 :
515 1268 838 1324 Audivimns
865 1267 990 1337 quia
1035 1269 1196 1323 homo
1242 1276 1324 1324 est
1355 1268 1687 1324 rationabilis
1722 1282 1770 1333 ιι,

192 1368 241 1413 et
280 1359 491 1415 scimus
535 1358 665 1429 quia
709 1368 790 1414 est
831 1359 1207 1429 praevaricator
1235 1366 1290 1412 et
1326 1357 1574 1413 adulter:
1605 1357 1770 1424 dicat,

190 1449 343 1506 dicat.
400 1449 636 1506 Pbotius
691 1450 828 1506 dixit
876 1468 891 1504 :
944 1449 1140 1504 Vocem
1189 1464 1405 1514 meam,
1462 1450 1625 1504 etiam
1684 1464 1770 1504 me

193 1553 393 1598 tacente
425 1583 446 1608 ,
491 1543 636 1600 Deus
687 1541 856 1597 audit.
910 1539 1245 1597 Sanctissimi
1295 1539 1483 1595 vicarii
1541 1539 1771 1595 senioris

191 1634 364 1688 Romae
395 1633 658 1691 dixerunt
686 1650 701 1687 :
732 1631 836 1689 Per
858 1632 1129 1689 silentium
1161 1647 1266 1686 non
1293 1630 1512 1703 ell’ttgies
1542 1631 1768 1685 manife-

192 1725 404 1782 stiorem
437 1725 861 1781 damnationem.
892 1723 1114 1779 Photius
1145 1723 1282 1778 dixit
1311 1740 1323 1776 ε
1361 1721 1469 1777 Nec
1493 1721 1649 1777 Jesus
1689 1731 1769 1774 ta-

192 1817 349 1872 cendo
383 1817 564 1872 evasit
599 1815 1018 1871 damnationem.
1055 1814 1394 1870 Sanctissimi
1421 1813 1609 1868 vicarii
1639 1827 1768 1882 apo-

1879 639 1932 683 et
1959 632 2265 700 synodicam
2308 635 2712 704 prznceptionem
2757 646 2809 690 et
2858 638 3264 709 legislationem.
3314 645 3448 700 San-

1878 723 2102 778 ctissimi
2149 725 2333 780 vicarii
2382 728 2610 784 senioris
2663 731 2844 786 Roma:
2887 733 3136 790 dixerunt
3169 755 3180 790 :
3213 736 3452 809 Legatur.

1877 819 1931 866 et
1980 813 2080 866 alia
2128 814 2351 884 epistola
2400 831 2518 885 qua:
2564 817 2630 872 ad
2678 819 2850 888 ipsum
2873 820 3118 879 Photium
3149 827 3310 882 missa
3340 839 3438 884 est.

1877 902 1985 959 Deo
2033 905 2290 961 amabiles
2321 907 2675 977 metropolita:
2727 911 2982 968 dixerunt
3032 931 3045 968 :
3099 914 3343 988 Legatur.
3376 919 3442 975 Et

1877 996 2145 1065 accipiens
2166 997 2454 1066 praedictus
2478 997 2783 1070 Stephanus
2811 1003 2937 1074 legit
2966 1018 3011 1059 ο.

1948 1085 2011 1139 Et
2061 1100 2182 1156 pOSt
2235 1088 2642 1156 completiouem
2689 1094 2946 1162 epistolae,
2990 1098 3311 1154 sanetissimi
3363 1101 3445 1158 vi-

1875 1183 2006 1236 carii
2063 1185 2294 1240 senioris
2330 1185 2515 1242 Romae
2542 1189 2790 1246 dixerunt
2821 1213 2831 1247 :
2885 1194 3112 1267 Propter
3154 1201 3297 1270 quod
3334 1175 3442 1256 lob—

1875 1272 2070 1325 turavit
2114 1289 2272 1329 aures
2312 1290 2456 1342 suas,
2499 1288 2550 1332 et
2601 1295 2708 1335 non
2763 1285 3036 1353 respondit
3079 1288 3145 1341 ad
3201 1302 3264 1343 ea
3319 1304 3439 1360 quae

1874 1361 2159 1430 leguntur?
2225 1365 2562 1423 Sauctissimi
2632 1373 2985 1442 metropolitze
3067 1378 3318 1434 dixerunt
3367 1381 3438 1435 ad

1872 1453 2119 1509 Photium
2165 1475 2179 1509 :
2235 1455 2591 1524 Quamobrem
2657 1477 2761 1517 nou
2819 1470 3110 1535 respondes
3153 1468 3218 1522 ad
3265 1469 3425 1524 haec?

1874 1545 1938 1598 Et
2003 1561 2108 1599 non
2182 1550 2473 1616 respondit.
2528 1550 2861 1608 Sanctissitni
2932 1555 3117 1611 vicarii
3205 1558 3452 1615 senioris,

1873 1635 2054 1690 Romae
2127 1637 2376 1692 dixerunt
2427 1658 2439 1692 :
2491 1639 2721 1711 Legatur
2792 1652 2848 1697 et
2913 1644 3134 1713 epistola
3188 1661 3305 1716 quae
3338 1661 3437 1717 per

1871 1725 2102 1781 Leonem
2147 1743 2175 1782 a
2251 1730 2474 1785 secretis
2519 1731 2680 1787 missa
2727 1742 2825 1788 est.
2856 1733 2923 1788 Et
2986 1735 3254 1805 accipiens
3297 1738 3433 1794 Ste-

1869 1819 2097 1886 phanus,
2149 1819 2256 1874 Deo
2283 1821 2639 1877 amicissimus
2697 1825 2953 1880 diaconus
3021 1835 3221 1882 sanctae
3290 1827 3430 1883 Con-

189 1905 500 1962 stolicarum
529 1905 738 1961 sedium
765 1905 1015 1960 dixerunt
1057 1921 1071 1958 ε
1111 1901 1227 1960 Νοη
1273 1903 1488 1972 dignum
1535 1911 1619 1957 est
1667 1918 1763 1958 nos
1796 1912 1838 1970 ιι
1867 1909 2464 1978 stantinopolitanorum
2496 1911 2743 1968 Ecclesiae
2777 1930 2840 1969 ac
2861 1916 3121 1984 notarius,
3151 1916 3434 1988 epistolam

188 2012 505 2068 responsum
535 1997 630 2052 tibi
657 1994 882 2052 reddere
903 1995 968 2051 de
992 1994 1297 2064 hujusmodi
1324 1993 1611 2059 locutione,
1632 2009 1763 2062 quo-

188 2087 322 2146 niam
351 2089 424 2144 iis
454 2101 575 2158 quas
598 2085 812 2142 Domini
840 2084 1008 2141 nostri
1027 2085 1153 2140 Jesu
1179 2083 1377 2140 Christi
1405 2092 1529 2139 sunt
1554 2083 1764 2138 assimi-

190 2177 300 2236 bsti
326 2194 456 2250 qua:
484 2186 576 2234 tua
615 2185 762 2234 sunt.
793 2175 946 2231 Nulla
972 2184 1154 2230 autem
1183 2173 1600 2229 communicatio
1631 2173 1763 2227 lucis

189 2271 251 2327 ad
295 2271 594 2335 tenebras,
646 2283 821 2339 neque
872 2268 1212 2339 participatio
1258 2267 1479 2337 justitia:
1535 2266 1598 2319 ad
1656 2267 1759 2320 iui-

187 2362 463 2432 qnitatem,
521 2375 622 2417 nec
670 2360 956 2417 conventio
997 2359 1197 2414 Christi
1247 2359 1314 2413 ad
1359 2357 1546 2423 Belial,
1591 2371 1760 2426 neque

188 2469 480 2511 consensus
511 2452 712 2524 templo
757 2452 853 2508 Dei
890 2466 1012 2506 cum
1063 2451 1222 2507 idolis
1249 2449 1334 2520 (II
1380 2448 1502 2504 Cor.
1534 2449 1632 2518 vi).
1685 2448 1760 2502 De

189 2548 264 2603 his
291 2556 477 2602 autem
502 2544 647 2601 unde
673 2545 1033 2614 interrogatus
1056 2557 1117 2599 es
1156 2557 1184 2595 a
1224 2541 1481 2597 fratribus
1522 2548 1575 2595 et
1619 2553 1759 2594 com-

189 2638 447 2694 ministris
475 2635 684 2693 nostris
729 2633 1086 2690 sanctissimis
1133 2631 1350 2686 vicariis
1401 2628 1630 2685 senioris
1657 2626 1758 2681 Ro-

189 2744 301 2795 m,
373 2727 651 2798 responde
708 2735 887 2782 utrum
956 2724 1220 2794 suscipias
1273 2721 1475 2790 judicia
1543 2731 1757 2776 sancto-

186 2832 296 2872 rum
346 2815 670 2889 pontiﬁcum
738 2815 1103 2870 Romanorum
1132 2853 1145 2879 ,
1196 2828 1265 2867 an
1336 2810 1486 2866 non?
1535 2809 1602 2864 Et
1648 2825 1752 2864 non

188 2909 460 2980 respondit
536 2907 784 2964 Photius.
854 2905 1223 2962 Sanctissimi:
1261 2903 1447 2958 vicarii
1527 2901 1755 2956 senioris

185 2997 363 3055 Roma:
411 2998 672 3056 dixerunt
724 3015 740 3052 :
793 2995 1018 3052 lnclinet
1063 2993 1330 3050 cervicem
1377 2990 1566 3061 suam;
1590 2991 1753 3047 verbo

186 3099 237 3146 et
283 3091 492 3160 scripto
567 3087 819 3145 enuntiet
869 3093 1147 3155 peccatum
1203 3099 1390 3150 suum,
1445 3083 1755 3138 anathema-

187 3179 310 3238 titet
359 3192 486 3248 quin
545 3162 806 3249 iniuriose
869 3176 1066 3246 scripta
1131 3183 1186 3230 et
1239 3182 1360 3228 acta
1434 3181 1578 3238 sunt,
1633 3186 1752 3241 quae

1869 2014 1986 2065 quae
2047 2000 2208 2054 missa
2279 1999 2453 2056 fuerat
2523 2005 2588 2059 ad
2655 2004 2964 2062 Mit-haelem
3013 2006 3430 2078 imperatorem,

1868 2087 1996 2157 legit
2044 2089 2094 2143 ἀ.

1934 2179 2000 2233 Et
2037 2190 2156 2250 post
2213 2183 2620 2254 completionem
2669 2188 2908 2256 ejusdem
2953 2191 3210 2260 epistolae,
3235 2193 3452 2248 iterum.

1863 2269 2190 2326 sanctissimi
2235 2272 2418 2326 vicarii
2470 2274 2700 2331 senioris
2745 2277 2926 2331 Roma:
2967 2279 3221 2336 dixerunt
3267 2295 3282 2335 :
3331 2281 3429 2338 Se-

1861 2373 2033 2427 quens
2089 2369 2144 2415 et
2194 2360 2525 2433 altera,qu'.e
2571 2367 2636 2420 ad
2683 2366 2927 2423 Pltotium
2979 2370 3338 2442 est,legatur.
3363 2371 3430 2428 Et

1861 2449 2130 2519 accipiens
2161 2451 2300 2506 idem
2345 2452 2672 2523 Stephanus,
2699 2457 2874 2527 legit..

1931 2604 2184 2660 Nicolaus
2210 2609 2473 2730 eviscogus
2501 2625 2674 2662 servus
2710 2627 2969 2665 serrorum
3026 2611 3122 2668 Dci
3169 2614 3356 2670 Pltott'o

2397 2677 2903 2730 'onslaminonoleus.

2397 2677 2903 2749 Imtstamiuopoleas.

1932 2829 1950 2860 ‹
1985 2812 2170 2869 Omnis
2192 2811 2396 2867 utilitas
2424 2823 2476 2868 et
2498 2813 2769 2881 profectus
2799 2816 3101 2870 animarum
3156 2818 3421 2874 catholica

1860 2898 1960 2953 fide
1989 2901 2245 2954 munitur.
2272 2921 2290 2952 ι
2413 2900 2632 2972 Reliqua
2662 2903 2771 2956 vide
2789 2904 3182 2975 intenepistolas
3211 2907 3420 2966 Nicolai

1855 3005 2004 3057 papa:
2026 2989 2078 3054 I,
2104 2989 2418 3058 Palrologiaz
2444 3000 2580 3044 (omo
2608 2988 2862 3058 CXXVI,
2891 2994 2989 3048 col.
3015 2996 3136 3052 785.

1929 3079 1992 3135 Et
2022 3089 2140 3149 post
2163 3081 2568 3150 completionem
2601 3083 2861 3152 epistolzc,
2887 3086 3119 3144 Thomas
3159 3098 3214 3144 et
3243 3088 3422 3147 llelias

1857 3173 2189 3229 sant-tissimi
2225 3173 2409 3227 vicarii
2440 3171 2790 3237 Orientalium
2837 3178 3040 3233 sodium
3071 3179 3136 3235 ad
3170 3182 3417 3252 magniﬁ-

187 3280 368 3326 contra
428 3269 836 3327 sanctissimum
907 3266 1266 3336 patriarcham
1331 3263 1595 3334 lgnatium
1673 3262 1756 3317 bis
1784 3271 1826 3332 ρ
1858 3265 2197 3321 centissimos
2247 3265 2517 3334 principes
2574 3258 2861 3322 dixerunt:
2917 3268 3172 3327 Volumus
3220 3272 3420 3343 aliquid

188 3362 408 3433 abrupte
453 3360 648 3432 gessit;
687 3356 1002 3429 proﬁteatur
1041 3370 1100 3410 se
1160 3353 1358 3411 nullam
1403 3362 1588 3409 contra
1632 3367 1752 3409 eum

188 3453 641 3510 machinationem
701 3459 796 3505 aut
839 3447 1255 3504 commotionem
1309 3445 1560 3515 deinceps
1609 3451 1756 3498 actu-

189 3548 437 3615 rum,sed
472 3547 618 3602 hunc
645 3543 803 3600 sicuti
852 3557 1040 3597 verum
1078 3538 1387 3612 pontiﬁcem
1431 3552 1588 3593 suum
1641 3551 1756 3592 ma-

189 3657 287 3713 gno
327 3641 540 3713 pudore
579 3646 980 3709 suscepturum,
1029 3644 1084 3691 et
1126 3633 1431 3705 apostolica
1479 3631 1754 3687 cathedrae

184 3733 397 3803 judicia,
421 3742 537 3788 tam
563 3733 629 3788 de
673 3745 752 3796 se,
777 3744 939 3800 quam
961 3729 1027 3784 de
1052 3726 1256 3797 lgnatio
1294 3725 1601 3796 patriarcha
1629 3739 1755 3794 pro-

190 3826 445 3898 mulgata,
474 3822 868 3880 honorabiliter
916 3817 1287 3888 amplectatur.
1318 3816 1385 3871 Et
1432 3814 1623 3870 Pbotio
1674 3824 1756 3870 ta-

191 3926 362 3983 cente,
392 3914 728 3972 sanctissimi
777 3911 964 3968 vicarii
999 3911 1228 3967 senioris
1257 3909 1440 3965 Romae
1463 3909 1716 3964 dixerunt
1741 3925 1755 3961 :

192 4007 326 4064 Ecce
369 4008 536 4064 homo
557 4006 650 4075 qui
684 4002 953 4059 obturavit
997 4015 1156 4058 aures
1196 4015 1344 4065 suas,
1383 3999 1522 4056 sicut
1558 3998 1760 4069 aspidis

195 4101 363 4156 surda:
413 4097 592 4170 (Psal.
637 4095 794 4164 LVII),
825 4102 882 4148 et
923 4107 1032 4149 non
1073 4092 1224 4147 audit
1271 4105 1459 4146 vocem
1506 4103 1666 4159 quam
1709 4087 1758 4142 ei

194 4200 372 4246 saneta
400 4189 640 4258 synodus
659 4183 866 4252 objicit,
909 4181 1005 4238 sed
1030 4180 1143 4235 vult
1171 4195 1266 4250 per
1309 4178 1579 4235 silentium
1622 4178 1762 4232 banc

197 4279 424 4352 eﬂugere
471 4275 992 4337 condemnationem,
1043 4284 1202 4341 quam
1271 4277 1456 4326 sancta
1518 4268 1759 4324 Romana

200 4372 432 4428 Ecclesia
481 4377 609 4424 ante
653 4365 850 4422 multos
895 4377 1070 4418 annos
1112 4360 1470 4432 promulgavit
1506 4359 1763 4413 adversus

201 4480 331 4519 eum.
357 4463 562 4518 Verum
614 4458 863 4530 legantur
901 4455 1139 4526 epistola:
1186 4466 1305 4523 quae
1353 4452 1420 4507 de
1471 4465 1538 4506 eo
1585 4451 1764 4504 missa:

202 4563 316 4608 sunt
362 4569 393 4608 a
440 4558 631 4607 sancta
680 4548 922 4603 Romana
951 4543 1210 4600 Ecclesia.
1233 4541 1416 4596 Placet
1436 4554 1565 4610 ergo
1589 4540 1763 4593 omni-

1856 3356 1999 3427 loqui
2044 3357 2111 3411 ad
2147 3365 2388 3412 sanctam
2427 3357 2725 3428 synodum;
2763 3360 2936 3428 placet
2966 3361 3067 3417 hoc
3089 3363 3273 3419 vobis?
3301 3363 3415 3420 Ma-

1855 3448 2282 3517 gniﬁcentissimi
2321 3457 2377 3504 et
2416 3448 2782 3520 gloriosissimi
2822 3451 3092 3523 principes
3127 3454 3375 3510 dixerunt
3400 3469 3447 3509 :.

1856 3536 1967 3593 l‘loc
1996 3538 2049 3592 in
2071 3546 2244 3593 vestra
2273 3546 2536 3608 poteState
2559 3547 2660 3595 est.
2686 3539 2753 3594 Et
2767 3541 3057 3596 ascendens
3085 3540 3284 3610 Helias,
3307 3542 3419 3598 Deo

1855 3627 2261 3683 colendissimus
2286 3629 2568 3698 presbyter
2595 3636 2650 3684 et
2671 3628 2932 3698 syneellus
2961 3630 3136 3686 throni
3162 3630 3414 3688 Hieroso-

1857 3718 2143 3790 lymorum,
2177 3718 2231 3772 in
2258 3717 2584 3774 auditionem
2615 3718 2854 3773 omnium
2885 3717 3076 3775 allatus
3097 3729 3180 3776 est
3216 3720 3326 3776 ita:
3360 3721 3417 3776 lu

1857 3809 2173 3882 praecedenti
2201 3809 2308 3874 die,
2339 3809 2494 3866 nobis
2524 3808 2610 3864 hic
2639 3811 2998 3881 congregatis,
3027 3811 3186 3868 amici
3217 3813 3416 3870 Christi

1857 3911 2035 3972 patres
2055 3909 2110 3956 et
2135 3900 2350 3966 fratres,
2386 3899 2708 3970 paucissima
2741 3901 2987 3969 quaedam
3009 3900 3205 3956 elocuti
3234 3917 3421 3958 sumus

1859 3995 1926 4049 ad
1977 3994 2329 4048 reverentiam
2355 3999 2620 4048 vestram:
2656 4007 2797 4047 nunc
2821 4005 2946 4062 vero
2982 4001 3036 4048 et
3067 3993 3254 4052 eadem
3282 3994 3446 4057 dici-,

1861 4099 1998 4140 mus.
2030 4083 2194 4140 Scitis
2220 4085 2344 4154 quia
2374 4085 2428 4139 in
2458 4086 2745 4156 przeteritis
2774 4086 3102 4157 temporibus
3127 4087 3443 4158 imperato»

1862 4189 1948 4230 res
1985 4184 2143 4229 erant
2195 4176 2285 4245 qui
2329 4178 2722 4247 congregabant
2750 4179 2982 4248 synodos
3009 4190 3032 4218 ε
3058 4219 3073 4244 ,
3107 4187 3161 4234 et
3207 4195 3276 4234 ex
3310 4189 3422 4236 toto

1863 4278 2130 4324 terrarum
2169 4269 2298 4324 orbe
2326 4269 2556 4324 viearios
2581 4269 2648 4324 ad
2683 4269 3086 4340 dispositionem
3119 4271 3425 4342 huiusmodi

1861 4373 2146 4413 causarum
2180 4357 2528 4428 colligebant:
2567 4372 2794 4428 quorum
2844 4375 2993 4417 more
3028 4371 3084 4416 et
3119 4362 3214 4418 Dei
3254 4363 3442 4418 cultor.

1863 4452 2152 4520 imperator
2192 4457 2376 4505 noster
2412 4450 2764 4507 universalem
2794 4452 2934 4509 hanc
2977 4454 3238 4523 Synodum
3278 4453 3426 4520 fecit,

1864 4558 1968 4598 non
2004 4542 2058 4596 in
2087 4542 2355 4607 abstruso,
2386 4557 2558 4612 neque
2581 4543 2633 4597 in
2661 4544 3008 4608 clandestino,
3035 4545 3128 4599 sed
3150 4547 3433 4602 evidenter

203 4643 293 4700 bus
337 4652 398 4697 ut
441 4639 723 4712 legantur}!
769 4635 972 4693 Sancta
1027 4631 1264 4703 synodus
1311 4630 1447 4686 dixit
1490 4649 1502 4683 :
1555 4629 1756 4687 Placet.
1786 4622 1837 4680 D
1863 4647 1926 4687 ac
1961 4630 2244 4685 manifeste
2267 4629 2413 4695 fecit,
2433 4631 2682 4685 videlicet
2708 4632 3168 4689 sanctissimorum
3191 4636 3432 4692 vicario-

206 4733 263 4789 Et
285 4733 552 4803 accipiens
577 4729 882 4800 Stephanus
931 4723 1041 4779 Deo
1092 4722 1450 4778 amicissimus
1503 4720 1760 4775 diaconus

210 4833 393 4879 sancta:
465 4813 1180 4887 Constantinopolitanorum
1253 4809 1504 4866 Ecclesiae
1568 4817 1624 4862 et
1667 4822 1761 4862 no-

209 4917 379 4979 tarius,
403 4911 531 4983 legit
551 4907 834 4979 epistolam
863 4918 985 4974 quae
1033 4903 1100 4956 ad
1163 4900 1476 4956 Michaelem
1535 4899 1763 4966 impera-

209 5013 364 5060 torem
416 5001 728 5059 transmissa
788 5004 878 5051 est
925 5007 1022 5063 per
1069 4993 1436 5049 Rhadoaldum
1473 5000 1529 5045 ct
1566 4991 1767 5044 Zacha-

207 5093 326 5150 riam
355 5095 407 5149 ι».

268 5184 331 5238 Et
384 5191 504 5254 post
564 5179 986 5251 completionem
1061 5177 1248 5246 prima:
1314 5171 1554 5245 epistola:
1580 5210 1595 5234 ,
1646 5186 1766 5226 san-

213 5275 418 5330 ctissimi
445 5275 628 5330 vicarii
681 5269 920 5328 senioris
971 5265 1154 5323 Romae
1184 5267 1436 5324 dixerunt
1470 5281 1484 5317 :
1538 5263 1618 5317 Ad
1650 5265 1764 5322 haec

214 5366 327 5433 quid
367 5365 495 5421 dicit
543 5373 730 5421 sancta
780 5357 1056 5430 synodus“!
1093 5367 1177 5414 est
1219 5357 1479 5413 canonica
1547 5359 1764 5424 exposi—

215 5453 342 5511 tione
360 5455 510 5525 plena
553 5453 782 5525 epistola
831 5449 1060 5512 hznc,an
1110 5449 1260 5502 non?
1289 5447 1488 5504 Sancta
1531 5453 1589 5496 et
1645 5449 1764 5502 uui-

278 5615 302 5675 _‘
325 5603 382 5675 id
405 5613 506 5675 est,
530 5605 808 5675 eloquens.

280 5673 307 5708 b
323 5667 542 5722 Fui-Inita
558 5667 671 5720 Ima-0
684 5685 810 5720 qua)
825 5669 914 5710 hin
930 5667 1060 5712 Ιηοιςι
1075 5677 1150 5710 ρει
1167 5679 1240 5710 ραι
1263 5671 1313 5710 ir
1332 5675 1482 5696 ’Μ’-’⁸
1496 5681 1514 5688 ⁸⁵
1538 5680 1552 5688 ⁸

1863 4737 1982 4777 rum
2011 4720 2240 4776 senioris
2273 4719 2457 4775 Romae
2497 4729 2908 4792 nostrorumque
2954 4725 3258 4798 collegium.
3301 4727 3436 4784 Cum

1866 4811 2008 4865 enim
2037 4808 2204 4863 multa
2238 4807 2350 4864 sint
2375 4819 2430 4866 et
2459 4807 2562 4862 alia
2588 4823 2706 4879 qua:
2737 4825 2834 4866 nos
2861 4813 3088 4881 probent
3118 4816 3442 4874 verissimos

1868 4915 1987 4958 esse
2016 4899 2245 4955 vicarios
2289 4898 2642 4955 Orientalium
2674 4901 2899 4968 sedium,
2940 4905 3113 4973 major
3149 4915 3330 4965 tamen
3380 4925 3445 4964 ac

1872 4990 2292 5061 promptissima,
2336 4990 2736 5045 evidentissima
2773 4999 2827 5044 et
2853 4994 3195 5059 paratissima
3231 4997 3447 5067 species

1872 5092 1953 5139 est
1981 5084 2111 5147 hmc,
2140 5097 2244 5152 qua
2273 5082 2546 5157 piissimus
2586 5090 2643 5135 et
2687 5079 2882 5136 Christi
2914 5083 3122 5143 amicus
3149 5088 3450 5159 imperator

1871 5185 2053 5231 uoster
2077 5190 2170 5245 per
2203 5173 2426 5230 multam
2459 5170 2784 5239 diligentiam
2823 5178 2878 5224 et
2913 5174 3154 5232 studium
3181 5191 3447 5236 convoca-

1869 5267 1968 5330 vit,
2005 5273 2060 5318 et
2105 5262 2315 5330 accepit
2357 5276 2459 5318 nos
2504 5257 2572 5311 ab
2616 5258 2868 5313 Ecclesiis
2891 5265 3114 5330 nostris,
3139 5281 3450 5335 quanquam

1870 5358 2006 5411 dena
2040 5353 2204 5410 millia
2237 5363 2420 5410 essent
2449 5349 2830 5416 impedimenta
2856 5351 3302 5419 prohibitionum.
3335 5357 3452 5424 Ipse

1873 5461 2002 5518 ergo
2031 5443 2369 5511 testiﬁcetur,
2394 5438 2538 5498 unde
2561 5447 2618 5493 et
2654 5455 2684 5493 a
2712 5453 2818 5508 quo
2853 5440 3004 5496 missi
3048 5447 3453 5516 pervenerimus

1945 5601 1970 5632 ιι
2002 5602 2062 5630 Ir.
2086 5600 2201 5630 ιυνιη
2221 5597 2473 5630 nim":th
2497 5592 2806 5634 nmen-“nis
2823 5601 2902 5632 ac!
2927 5592 2981 5630 in
3006 5604 3198 5634 nutu-la
3220 5592 3429 5632 οριῖηηθ
