3960 5766
507 441 575 496 79
1665 433 2020 492 ANASTASH
2061 391 2624 496 meuomscantf
2857 476 2860 478 ν
3685 440 3750 497 so

506 559 572 610 ad
600 570 711 620 vos,
748 564 799 609 et
842 555 1262 610 satisfactionem
1302 568 1398 623 pro
1436 551 1589 605 nobis
1620 549 1866 605 idoneam
1895 547 2072 603 faciat.
2107 551 2152 611 Α
2251 552 2316 606 Et
2343 562 2464 623 post
2493 551 2796 621 hujusmodi
2837 551 3236 621 allocutionem,
3285 552 3751 623 magniﬁcentissi.

507 647 674 702 Nobis
716 656 894 702 autem
939 647 1391 718 pervenientibus,
1423 653 1479 699 et
1508 644 1826 716 degentibus
1856 643 1944 698 hic
1979 657 2076 712 per
2178 658 2298 699 mus
2339 644 2599 715 patricius
2635 651 2690 698 et
2723 645 3041 714 praepositus
3067 644 3315 700 Dahanes
3345 644 3522 699 dixit:
3556 644 3624 698 Et
3655 660 3752 698 nos

505 738 642 792 duos
693 737 910 793 circiter
968 751 1158 803 annos,
1226 734 1646 805 anticipantibus
1707 733 2077 789 sanctissimos
2177 737 2280 792 hoc
2299 750 2705 791 commonemus
2743 749 2866 791 eum
2895 745 2949 791 et
2973 734 3343 792 consiliamur.
3375 735 3581 792 Deinde
3610 737 3753 793 acci-

504 827 736 884 vicarios
761 827 990 883 senioris
1017 827 1224 891 Romae,
1261 825 1514 896 imposuit
1538 839 1700 896 super
1717 824 1853 880 colla
1889 833 2075 880 nostra

503 918 807 990 encolpium
832 931 856 959 α
881 935 1035 974 suum
1061 957 1076 983 ,
1106 926 1159 973 et
1185 918 1348 974 dixit:
1378 918 1518 974 Ecce
1539 917 1799 987 judicium
1825 916 2077 972 Ecclesia:

504 1009 686 1078 exigat
732 1008 870 1064 Deus
907 1023 936 1062 a
974 1007 1276 1064 cervicibus
1317 1007 1517 1063 vestris
1559 1007 1613 1062 in
1649 1008 1736 1062 die
1768 1005 1974 1076 judicii,
2017 1015 2082 1061 ut

506 1099 638 1168 nihil
689 1099 896 1154 faciatis
930 1113 1027 1168 per
1071 1097 1332 1164 favorem,
1362 1110 1539 1168 neque
1577 1111 1674 1167 per
1711 1098 1961 1169 gratiam,
1991 1097 2074 1152 vel

504 1191 703 1246 odium.
733 1189 1037 1262 congruum
1053 1190 1217 1244 ‘enim'
1235 1189 1390 1243 vobis
1427 1197 1534 1254 est,
1566 1189 1631 1243 ad
1673 1197 1875 1243 tantam
1915 1203 2072 1244 sene-

501 1292 701 1338 ctutem
740 1282 1190 1353 pet-ﬁngentibus,
1234 1281 1308 1335 nil
1350 1280 1529 1336 facere
1579 1280 1870 1335 secundum
1918 1294 2074 1336 acce-

499 1373 736 1443 ptionem
766 1369 1238 1441 personarum,vel
1263 1379 1461 1440 praeter
1478 1369 1765 1438 justitiam.
1801 1368 2073 1438 Scriptum

499 1476 584 1522 est
636 1467 816 1521 enim:
866 1465 948 1521 Ne
993 1466 1286 1519 miserearis
1333 1466 1576 1536 paatperis
1621 1466 1675 1518 in
1709 1464 1934 1534 judicio,
1985 1481 2076 1518 nec

499 1557 725 1625 accipias
771 1571 1046 1625 personam
1101 1552 1322 1624 potentis
1372 1553 1565 1626 (Prov.
1621 1555 1792 1627 xxiv).
1852 1555 1920 1609 Et
1976 1569 2075 1609 nos

501 1646 664 1718 igitur
713 1648 783 1702 ab
845 1646 1020 1701 amico
1066 1646 1267 1701 Christi
1326 1647 1651 1716 imperatore
1720 1647 2076 1717 suscipientes

491 1737 755 1806 judicium
782 1737 812 1778 ιι
839 1778 854 1804 ,
907 1738 978 1792 ita
1010 1738 1369 1807 disposuimus
1397 1753 1463 1794 ex
1493 1746 1619 1794 tunc
1639 1754 1810 1809 usque
1830 1753 1992 1802 nunc,
2016 1746 2077 1793 ut

497 1829 937 1900 expetitjustitiae
966 1830 1122 1885 ratio.
1157 1830 1342 1900 Neque
1369 1831 1534 1896 enim,
1567 1831 1820 1901 quoniam
1847 1831 2076 1885 sanctis-

2174 826 2329 894 piens
2381 825 2695 880 Theodorus
2741 825 2963 881 devotus
3009 839 3040 880 a
3083 825 3332 892 secretis,
3377 825 3503 896 legit
3547 840 3673 895 quae
3721 841 3753 880 a

2175 914 2533 970 sanctissimis
2581 914 2798 971 vicariis
2823 915 3051 971 senioris
3098 915 3286 971 Romae
3340 914 3581 973 breviter
3608 916 3752 972 edita

2176 1013 2327 1067 sunt,
2359 993 2612 1060 habentia]
2647 1005 2718 1061 ita
2751 1024 2768 1060 :
2810 1005 3053 1072 Vidistis,
3081 1007 3294 1073 fratres,
3321 1008 3530 1063 vidistis
3565 1016 3624 1062 et
3664 1022 3754 1061 au.

2175 1095 2331 1150 distis
2377 1109 2498 1165 quae
2542 1109 2608 1150 ex
2658 1095 2825 1151 multo
2865 1104 3106 1166 tempore
3148 1097 3292 1152 dicta
3340 1106 3394 1152 et
3433 1108 3586 1168 gesta
3626 1106 3753 1152 sunt

2176 1191 2243 1246 de
2284 1191 2593 1261 hujusmodi
2637 1206 2837 1247 causa:
2881 1200 2936 1246 et
2977 1191 3226 1262 apparuit
3275 1193 3526 1247 omnibus
3573 1192 3751 1255 vobis,

2177 1283 2300 1351 quia
2325 1283 2698 1353 irreceptibilis
2722 1291 2840 1338 erat
2863 1284 3130 1353 promotio
3159 1280 3317 1354 hujus
3347 1283 3465 1346 viri,
3496 1291 3554 1338 et
3583 1283 3751 1353 depo-

2176 1376 2301 1430 sitio
2329 1376 2652 1430 sanctissimi
2692 1375 3015 1446 patriarcha:
3039 1375 3227 1447 lgnatii
3258 1375 3325 1430 de
3346 1374 3474 1430 sede
3499 1389 3597 1431 sua
3635 1374 3756 1428 sine

2171 1468 2376 1539 iustitia
2403 1476 2457 1523 ct
2483 1469 2601 1523 sine
2629 1469 2835 1540 legibus
2863 1469 3035 1524 fuerat
3055 1477 3194 1524 acta.
3225 1467 3334 1524 Nos
3354 1483 3482 1540 ergo
3512 1484 3620 1524 non
3655 1483 3754 1524 no-

2174 1574 2301 1614 vum
2343 1557 2558 1628 aliquod
2598 1558 2680 1614 vel
2721 1574 2908 1615 recens
2950 1559 3210 1628 judicium
3239 1556 3624 1628 judicabimus,
3657 1569 3751 1616 aut

2177 1649 2597 1714 introducemus,
2626 1649 2719 1704 sed
2741 1661 2895 1706 vetus
2915 1665 2981 1706 ex
3010 1652 3432 1724 multotempore
3445 1653 3748 1724 judicatum

2177 1739 2393 1809 quidem
2441 1753 2472 1792 a
2519 1739 2862 1795 sanctissimo
2900 1749 2956 1796 et
2984 1741 3295 1798 beatissimo
3338 1757 3475 1813 papa
3506 1742 3748 1810 Nicolao,

2179 1827 2449 1884 ﬁrmatum
2475 1839 2652 1884 autem
2679 1845 2707 1885 a
2735 1831 3075 1899 sanctissimo
3097 1848 3235 1904 papa
3263 1832 3532 1900 Adriano;
3565 1842 3620 1889 et
3641 1849 3750 1888 non

499 1923 667 1976 simus
695 1921 1001 1992 patriarcha
1032 1922 1268 1992 lgnatius
1294 1900 1617 1991 praesidetin
1647 1921 1750 1976 hoc
1779 1921 1988 1983 throno,
2019 1928 2076 1976 et
2101 1900 2148 1959 Β
2174 1934 2458 1990 possumus
2508 1920 2786 1976 transferri
2828 1922 2912 1977 vel
2945 1900 3270 1982 commoveri
3309 1940 3340 1979 a
3373 1925 3619 1994 paternis
3657 1925 3752 1979 de-

497 2020 689 2083 potens
711 2021 814 2079 est,
837 2014 889 2068 in
921 2013 1012 2068 tali
1043 2013 1250 2083 positus
1274 2013 1575 2084 principatu:
1600 2012 1721 2067 ideo
1749 2012 2078 2082 accipiemus

497 2101 691 2158 faciem
741 2105 895 2175 ejus:
948 2120 1140 2174 neque,
1192 2105 1318 2175 quia
1365 2104 1452 2159 vir
1487 2105 1587 2160 iste
1632 2104 1858 2160 Photius
1914 2111 2073 2169 astat,

497 2202 553 2246 et
581 2193 781 2248 idcirco
807 2207 1009 2264 pauper
1034 2207 1154 2248 esse
1173 2201 1409 2262 putatur,
1437 2202 1720 2263 propterea
1749 2193 2077 2248 condemna-

497 2283 675 2340 bimus
704 2299 850 2350 eum,
877 2293 970 2339 aut
993 2284 1371 2340 miserebimur
1397 2283 1858 2338 irrationabiliter.
1889 2283 2076 2353 Itaque

495 2373 818 2445 profundum
849 2373 1044 2429 silentii
1082 2371 1198 2443 ejus
1235 2372 1499 2444 aspicitis,
1541 2387 1678 2443 pene
1711 2370 1785 2426 nil
1818 2372 2076 2441 patientis

497 2463 639 2533 loqui
670 2465 736 2518 ad
765 2471 1005 2519 sanctam
1041 2463 1328 2534 synodum,
1364 2478 1431 2520 eo
1467 2463 1611 2533 quod
1638 2462 1860 2532 abjiciat
1885 2463 2074 2534 utique

498 2555 666 2620 illam,
698 2555 844 2610 nullo
883 2556 1149 2625 modoque
1175 2555 1417 2626 recipiat,
1451 2556 1592 2610 sicut
1621 2555 1786 2610 etiam
1818 2569 1915 2625 per
1941 2569 2072 2626 pro-

495 2647 613 2716 pria
673 2646 836 2702 verba
890 2646 1232 2718 significavit.
1287 2646 1400 2718 Ego
1451 2655 1630 2704 autem
1677 2647 1932 2716 quoniam
1975 2647 2071 2704 Dei

495 2735 668 2805 gratia
695 2750 793 2805 per
815 2750 1005 2790 omnes
1024 2745 1228 2805 septem
1253 2750 1426 2792 annos
1448 2735 1716 2806 syncellus
1743 2750 1862 2791 sum
1884 2735 2074 2792 llicro-

494 2818 936 2897 solymitanorum
963 2825 1238 2891 Ecclesiae,
1268 2825 1381 2880 scio
1395 2825 1553 2896 plane
1575 2825 1698 2895 quia
1725 2839 1900 2896 neque
1927 2825 2076 2881 litte-

494 2931 587 2971 ras
614 2917 966 2987 suscepimus,
1001 2930 1179 2986 neque
1206 2915 1510 2972 remisimus
1535 2916 1750 2986 penitus
1789 2915 1864 2982 ei,
1894 2915 1986 2971 sed
2015 2923 2071 2971 et

496 3009 600 3064 istc
649 3007 1021 3062 sanctissimus
1071 3005 1305 3061 Thomas
1366 3005 1708 3076 metropolita
1760 3005 1890 3078 Tyri
1940 3006 2070 3076 quid

495 3087 706 3152 locutus
743 3096 907 3152 fuerit
950 3095 1258 3166 frequenter
1292 3094 1551 3161 audistis;
1574 3095 1821 3150 similiter
1843 3103 1900 3150 et
1926 3109 2069 3150 nunc

495 3186 766 3241 allirmans
794 3185 924 3241 dicit
959 3185 1102 3256 quod
1139 3183 1294 3239 sedes
1325 3184 1659 3239 Antiochena
1687 3198 1862 3253 neque
1885 3199 2069 3240 susce-

494 3275 636 3345 perit
655 3273 864 3329 litteras
893 3289 922 3328 a
951 3251 1160 3338 l’hotio,
1192 3286 1368 3342 neque
1397 3270 1666 3327 remiserit
1705 3251 1938 3342 unquam
1968 3291 1982 3328 :
2012 3281 2068 3329 et
2093 3251 2140 3313 (ἶ

495 3365 666 3420 multo
690 3362 816 3421 ante
843 3372 1044 3420 sanctae
1084 3362 1450 3418 Romanorum
1483 3361 1737 3419 Ecclesiae
1764 3378 1925 3433 super
1951 3364 2068 3434 ipso

495 3459 772 3515 decretum
807 3457 1090 3522 didicistis,
1120 3463 1177 3511 ct
1215 3455 1510 3526 agnovistis
1547 3454 1688 3525 quod
1727 3455 2069 3512 beatissimus

495 3564 632 3622 papa
658 3548 908 3604 Nicolaus
929 3545 1288 3618 promulgavit
1313 3564 1326 3600 :
1361 3553 1416 3600 et
1443 3554 1834 3616 consequenter
1855 3560 2068 3602 succes-

495 3657 587 3699 sor
631 3633 750 3712 ejus
801 3640 1088 3695 Adrianus.
1135 3639 1250 3694 lloc
1300 3647 1478 3694 autem
1545 3637 1598 3692 in
1649 3636 2071 3707 praecedentibus

495 3738 700 3793 nostris
720 3745 776 3793 et
805 3735 1152 3807 praediximus
1179 3743 1234 3789 et
1266 3733 1773 3797 demonstravimus,
1803 3741 1857 3786 et
1880 3731 1950 3786 ob
1968 3731 2071 3786 hoc

498 3829 658 3886 etiam
682 3842 825 3884 nunc
845 3829 966 3883 dico
985 3841 1167 3883 coram
1197 3841 1280 3890 eo,
1305 3835 1359 3880 et
1389 3825 1442 3879 in
1469 3825 1602 3879 facie
1626 3824 1814 3893 ipsius,
1835 3823 2069 3878 videnti-

496 3919 600 3975 bus
636 3917 807 3975 oculis
845 3917 962 3986 ejus
1015 3924 1070 3970 et
1105 3915 1444 3970 audientibus
1485 3915 1704 3969 auribus
1741 3913 1928 3984 ipsius.
1975 3912 2073 3968 Est

495 4008 887 4069 condemnatus
918 4005 1118 4075 quippe
1152 4004 1244 4074 qui
1287 4019 1395 4058 non
1429 4012 1512 4058 est
1533 4011 1778 4074 receptus
1805 4003 1944 4072 apud
1972 4002 2069 4058 ali-

497 4111 660 4167 quam
687 4095 1123 4167 patriarchalium
1153 4093 1383 4157 sedium,
1407 4103 1461 4149 et
1488 4093 1625 4148 male
1649 4108 1713 4148 ac
1738 4091 1932 4160 injuste
1955 4102 2071 4149 stu-

498 4187 616 4243 duit
643 4185 800 4241 hodie
825 4184 1063 4249 silentio,
1091 4191 1160 4238 ut,
1185 4183 1310 4238 hinc
1341 4183 1589 4238 videatur
1613 4197 1709 4252 per
1730 4183 2070 4238 taciturnita-

499 4288 605 4333 tem
655 4275 854 4332 habere
886 4275 1149 4345 quasdam
1189 4273 1428 4329 rationes
1459 4291 1480 4326 ευ
1503 4286 1676 4341 neque
1719 4273 1862 4326 enim
1911 4271 2072 4327 habet

498 4367 641 4438 quod
677 4374 911 4436 opponat
937 4366 1005 4419 ad
1049 4365 1132 4420 sui
1157 4363 1616 4430 justiticationem.
1650 4362 1897 4418 Universi
1925 4363 2068 4417 enim

495 4461 719 4524 scimus,
739 4468 792 4514 et
820 4457 1051 4527 qualiter
1071 4457 1120 4510 vi
1144 4470 1206 4509 ac
1233 4455 1511 4525 tyrannide
1535 4454 1784 4508 thronum
1807 4451 2071 4507 Constan-

497 4550 904 4620 tiuopolitanum
932 4547 1203 4611 insilierit,
1231 4555 1286 4601 et
1310 4544 1499 4616 quales
1521 4551 1776 4614 operatus
1807 4544 1895 4608 sit,
1921 4542 2065 4598 obti-

496 4653 630 4695 nens
666 4637 842 4692 adbuc
879 4637 1125 4690 eumdem
1162 4635 1433 4698 thronum,
1481 4632 1878 4705 inquietudines
1908 4641 2069 4702 atque

497 4727 828 4799 tyrannides.
856 4724 1006 4780 Nunc
1025 4740 1156 4794 ergo
1183 4723 1464 4779 consilium
1492 4724 1683 4780 damus
1705 4723 1777 4789 ei,
1803 4732 1857 4778 et
1885 4724 2068 4778 admo-

497 4833 713 4882 nemus,
736 4831 844 4887 quo
867 4825 1158 4886 cognoscat
1189 4823 1470 4884 peccatum
1499 4831 1675 4880 suum,
1697 4824 1752 4870 et
1779 4815 1824 4870 si
1849 4815 2066 4884 quidem

496 4907 872 4978 ptenitentiam
926 4907 1100 4978 egerit
1146 4905 1430 4960 manifeste
1479 4921 1543 4960 ac
1589 4906 1872 4960 sinceriter
1907 4919 2068 4974 super

495 4997 779 5066 injustitiis
830 4998 962 5061 suis,
1011 5004 1067 5051 et
1122 4995 1372 5049 omnibus
1422 4995 1576 5048 malis
1625 4995 1821 5064 quibus
1881 4996 2068 5049 orbem

496 5085 751 5158 replevit,
769 5086 1094 5154 suscipiatur
1122 5084 1173 5138 in
1201 5083 1400 5138 Christi
1425 5081 1732 5154 ‘Salvatoris
1763 5082 1929 5135 nostri
1965 5081 2064 5136 Ec—

497 5177 693 5235 clesia.
739 5175 1185 5245 quemadmodum
1236 5172 1604 5241 unusquisque
1649 5171 1904 5233 fidelium,
1950 5180 2066 5226 tan-

500 5283 662 5337 quam
689 5265 892 5321 habens
913 5279 1064 5332 spem
1092 5264 1216 5318 vitae
1244 5261 1516 5333 perennis,
1543 5269 1598 5316 et
1622 5276 1726 5314 non
1750 5260 2006 5330 suscipiat
2034 5276 2063 5312 a

503 5363 612 5415 Deo
645 5351 1018 5414 c‘ertitudinem
1061 5365 1276 5410 aeternae
1311 5353 1478 5408 ruinae
1505 5361 1666 5422 atque
1709 5353 2068 5409 damnationis

499 5467 597 5522 per
624 5449 932 5511 anathema,
954 5445 1096 5515 quod
1122 5445 1288 5500 multo
1307 5453 1432 5500 ante
1457 5445 1637 5501 datum
1657 5456 1740 5501 est
1757 5447 1828 5501 ei.

821 5610 944 5618 ι---.--

2095 4602 2144 4661 D

2175 2010 2508 2067 ﬁnitionibus
2535 2020 2588 2067 et
2615 2011 2844 2083 legibus,
2871 2028 3046 2084 neque
3069 2014 3342 2070 declinare
3370 2014 3436 2069 ad
3466 2016 3754 2070 dexteram

2174 2101 2256 2155 vel
2288 2101 2353 2156 ad
2391 2102 2697 2168 sinistram;
2731 2104 2991 2173 scriptum
3029 2111 3114 2159 est
3137 2104 3320 2160 enim:
3354 2103 3513 2170 Audi,
3543 2103 3630 2171 ﬁli
3652 2105 3750 2168 mi,

2173 2193 2308 2262 leges
2371 2194 2535 2263 patris
2586 2192 2683 2256 tui,
2734 2203 2784 2248 et
2831 2211 2895 2248 ne
2950 2193 3168 2264 repellas
3215 2193 3344 2264 jura
3401 2194 3590 2247 matris
3646 2202 3754 2246 ture

2175 2281 2356 2356 (Prov.
2399 2284 2476 2356 ι).
2519 2283 2625 2338 Sed
2663 2283 2825 2338 etiam
2873 2299 2940 2340 ex
2991 2282 3250 2338 fratribus
3280 2284 3482 2339 nostris
3531 2282 3758 2337 vicariis

2173 2374 2408 2431 Orientis
2443 2362 2691 2438 audistis,
2718 2375 2846 2443 quia
2891 2387 3165 2443 nunquam
3211 2371 3496 2443 aliquando
3525 2385 3752 2442 recepe-

2172 2475 2298 2519 runt
2317 2479 2439 2520 eum
2466 2464 2520 2519 in
2545 2479 2814 2519 summurn
2841 2463 3195 2520 sacerdotem.
3219 2462 3387 2531 Quem
3417 2477 3550 2534 ergo
3572 2475 3753 2533 neque

2173 2556 2330 2610 sedes
2380 2562 2565 2609 nostra
2624 2553 2939 2624 apostolica,
2997 2568 3172 2626 neque
3222 2555 3380 2610 sedes
3429 2563 3756 2625 receperunt

2176 2644 2556 2710 Orientalium,
2605 2644 2728 2714 quis
2761 2643 2828 2699 de
2876 2652 3074 2699 caetero
3116 2643 3358 2707 ulterius,
3405 2642 3756 2699 Christianus

2171 2750 2292 2792 esse
2316 2735 2519 2800 volens,
2542 2735 2816 2805 suscipiet.
2847 2733 2954 2790 Sed
2979 2734 3138 2790 talem
3174 2742 3426 2790 conatum
3458 2731 3750 2802 abjicimus

2171 2835 2228 2883 et
2260 2819 2802 2892 anathematizamus,
2844 2841 2913 2881 ne
2949 2825 3177 2882 ulterius
3209 2835 3395 2882 contra
3449 2824 3746 2881 Ecclesiam

2173 2917 2296 2974 talis
2320 2917 2571 2988 quaelibet
2600 2916 2705 2972 alia
2746 2917 2884 2973 forte
2904 2917 2974 2987 jin
3017 2931 3180 2972 omne
3219 2915 3472 2972 saeculum
3509 2914 3748 2986 maligna

2171 3008 2546 3064 introducatur
2571 3008 2738 3075 actio,
2766 3023 2944 3079 neque
2971 3015 3174 3063 temere
3196 3021 3260 3062 ac
3283 3005 3438 3062 facile
3459 3021 3491 3061 a
3523 3006 3748 3060 munda-

2169 3114 2239 3154 na
2267 3108 2534 3170 potestate
2566 3100 2816 3170 ejiciatur
2857 3099 3127 3169 legitimus
3179 3097 3441 3167 pontifex,
3470 3106 3528 3151 et
3557 3109 3658 3167 pro
3681 3109 3750 3150 eo

2169 3192 2494 3263 subrogetur
2532 3190 2671 3245 alter
2717 3189 2898 3260 inique
2948 3203 3013 3244 ac
3047 3187 3350 3259 illegaliter.
3391 3185 3532 3253 Quid
3576 3184 3744 3256 ergo?

2169 3281 2509 3351 placetvo‘bis
2536 3293 2724 3336 sensus
2745 3279 2868 3344 iste,
2892 3295 2958 3334 an
2981 3279 3126 3334 non?
3147 3277 3211 3332 Et
3231 3278 3276 3332 si
3302 3276 3517 3347 quidem
3539 3275 3739 3346 macet,

2168 3374 2293 3429 talia
2316 3382 2443 3429 sunt
2476 3382 2682 3438 nostra,
2707 3380 2762 3427 et
2793 3379 2993 3426 nostrae
3021 3371 3194 3438 sedis;
3225 3370 3366 3441 quod
3397 3370 3440 3425 si
3472 3369 3615 3441 apud
3638 3381 3738 3422 vos

2167 3481 2274 3522 non
2313 3465 2514 3520 fuerint
2557 3462 2926 3534 acceptabilia,
2955 3476 3055 3517 nos
3093 3470 3270 3516 tamen
3307 3475 3471 3531 super
3500 3443 3742 3514 montem

2166 3554 2435 3610 excelsum
2465 3551 2654 3626 synodi
2680 3553 3056 3618 ascendemus,
3085 3561 3140 3606 et
3167 3549 3526 3606 exaltabimus
3553 3549 3747 3606 infor-

2169 3644 2396 3698 titudine
2454 3658 2643 3699 vocem
2683 3651 2945 3708 nostram,
2989 3641 3423 3713 evangeiizantcs
3471 3639 3624 3697 vobis
3676 3651 3735 3696 et

2169 3735 2626 3806 consequentiam,
2661 3751 2782 3805 qua:
2805 3736 2943 3790 facta
2965 3744 3072 3801 est,
3101 3743 3157 3790 et
3177 3749 3272 3790 ore
3302 3734 3640 3806 promulgata
3661 3743 3748 3790 est

2170 3835 2476 3883 sanctomm
2530 3825 2747 3881 Patrum
2807 3834 3114 3882 nostrorum
3180 3841 3212 3881 a
3271 3827 3442 3894 gratia
3508 3825 3746 3897 Spiritus

2171 3918 2362 3972 sancti.
2391 3917 2460 3971 Et
2479 3927 2596 3988 post
2626 3917 2935 3982 lectionem,
2953 3916 3278 3972 sanctissimi
3305 3917 3493 3972 vicarii
3512 3916 3749 3972 senioris

2171 4008 2355 4063 Romae
2379 4008 2668 4062 dixerunt:
2695 4007 2776 4061 Ad
2799 4009 2913 4062 haec
2939 4007 3069 4078 quid
3089 4006 3226 4062 dicit
3259 4016 3441 4061 sancta
3469 4006 3748 4078 synodus?

2173 4096 2317 4152 Sunt
2363 4096 2477 4152 haec
2527 4111 2645 4166 quae
2682 4111 2711 4150 a
2751 4096 2906 4179 nobis
2945 4111 3044 4166 per
3083 4095 3368 4151 lectionem
3410 4096 3569 4179 .dicta
3623 4104 3750 4152 sunt

2171 4199 2225 4246 et
2245 4189 2384 4260 apud
2408 4204 2504 4244 vos
2541 4196 2758 4257 accepta
2771 4173 2804 4242 ’ἳ
2835 4187 3034 4243 Sancta
3072 4197 3137 4243 et.
3156 4173 3479 4244 universalis
3507 4190 3750 4260 synodus

2171 4278 2521 4334 exclamavit:
2564 4277 2870 4346 Recipimus
2920 4277 3130 4344 omnia;
3173 4278 3329 4332 valde
3375 4278 3574 4348 quippe
3621 4286 3750 4334 sunt

2171 4370 2497 4432 discreta,et
2523 4384 2781 4438 congrua,
2821 4377 2875 4423 et
2905 4384 3140 4424 consona
3168 4367 3556 4424 ecclesiasticis
3580 4383 3747 4440 regno

2171 4459 2235 4514 lis
2263 4469 2423 4528 atque
2460 4458 2680 4529 legibus.
2713 4459 2947 4520 Donatus
2980 4459 3089 4513 Deo
3126 4459 3491 4515 amicissimus
3525 4459 3747 4529 episco-

2170 4563 2270 4618 pus
2298 4547 2479 4612 Ostiae,
2522 4557 2577 4602 et
2606 4547 2913 4618 Stephanus
2937 4549 3046 4603 Deo
3073 4548 3431 4604 amicissimus
3452 4548 3747 4618 episcopus

2172 4637 2351 4706 Nepae,
2378 4651 2441 4691 ac
2471 4636 2710 4692 Marinus
2747 4638 3227 4692 revereudissimus
3253 4637 3512 4693 diaconus
3540 4647 3748 4693 sancta:

2172 4727 2428 4782 Romanae
2453 4725 2706 4782 Ecclesiae
2730 4726 3014 4782 dixerunt:
3055 4727 3193 4798 Ergo
3219 4728 3572 4782 admonemus
3595 4740 3743 4790 eum,

2170 4818 2250 4872 uti
2289 4815 2532 4888 procidat
2557 4823 2756 4871 sanctae
2798 4815 2922 4869 huic
2958 4815 3180 4886 synodo,
3214 4822 3271 4869 et
3310 4813 3527 4869 inclinet
3561 4813 3743 4870 cervi-

2171 4925 2289 4966 cem
2332 4923 2485 4963 suam
2527 4907 2868 4963 sanctissimo
2907 4906 3232 4975 patriarchae
3279 4904 3487 4976 lgnatio
3532 4919 3632 4959 suo
3675 4904 3745 4958 ad

2171 4998 2541 5068 paenitendum
2590 5012 2752 5066 super
2791 4997 2858 5052 iis
2901 5011 3021 5066 quae
3060 4997 3252 5066 gessit,
3301 5004 3358 5051 et
3403 4993 3742 5052 efficiendum

2169 5090 2467 5144 membrum
2505 5097 2704 5144 sanctae
2738 5088 3013 5153 Ecclesiae,
3044 5103 3108 5144 ac
3143 5103 3203 5144 se
3239 5087 3552 5145 sociandum
3585 5084 3742 5140 Cbri-

2165 5181 2462 5235 stianorum
2487 5188 2686 5233 sanctae
2706 5179 3086 5246 communioni,
3115 5180 3195 5234 uti
3220 5193 3338 5233 mos
3353 5177 3476 5249 [al.,
3495 5185 3555 5230 ut
3576 5174 3738 5246 unus]

2169 5269 2403 5326 ﬁdelium
2465 5270 2744 5336 laicorum,
2791 5271 2868 5324 uti
2917 5271 3090 5325 liatiu
3140 5271 3348 5326 lucrum
3400 5285 3512 5324 suae
3571 5268 3737 5338 ipsius

2169 5360 2363 5416 animae
2391 5369 2554 5429 atque
2581 5373 2837 5425 suorum;
2871 5359 2994 5414 licet
3033 5361 3142 5414 sint
3169 5359 3384 5428 quidam
3428 5372 3553 5413 eum
3587 5358 3735 5426 sequi

2170 5458 2548 5521 proponentes.
2565 5448 2809 5504 Dahancs
2831 5448 3222 5506 famosissimas
3239 5448 3501 5519 patricius
3527 5458 3583 5503 et
3600 5463 3737 5517 prae-

2903 5607 2951 5630 “-¹
2990 5622 3048 5628 Μ
3065 5616 3175 5630 ⁸η·
3205 5604 3527 5659 nncolnittm.

3547 5684 3552 5685 ν
3580 5691 3589 5700 .
3607 5674 3736 5722 nc‘id
