4032 6286
224 359 281 412 8|

924 361 1469 422 [NTERPRETATIO
1509 362 1758 422 SYNODI
1799 363 1909 421 VIII
1945 363 2351 420 CENERALIS.
2398 395 2460 404 —
2497 366 2702 422 ACTIO
2744 365 2824 423 Vl.

3400 359 3472 415 8‘2

227 476 438 539 yosntus
474 469 647 526 dixit:
687 470 952 543 Loquere,
989 464 1201 530 domine
1245 475 1422 540 Pboti,
1452 479 1805 546 quodcunque
1836 485 1876 536 Α
1908 486 2099 531 cuncta
2148 477 2353 531 inutilia
2390 487 2438 531 et
2486 478 2713 531 invaliiLa
2742 484 2899 531 erunt
2940 490 3055 543 qum
3098 489 3127 529 a
3156 480 3208 529 te
3243 474 3384 528 dicto
3414 484 3473 527 et

227 563 398 617 habes
416 559 646 632 justitize
671 577 835 633 opus:
870 570 1014 620 totus
1057 566 1287 619 mundus
1315 566 1403 620 hic
1427 575 1532 630 cst.
1565 582 1631 621 ne
1660 567 1804 620 clau-

226 654 317 706 dat
344 653 560 707 viscera
603 668 699 708 sua
728 661 914 709 sancta
952 664 1007 709 et
1032 656 1347 711 universalis
1380 659 1618 728 synodus
1649 678 1671 711 τ
1696 673 1805 728 quo

226 756 463 810 namque
506 741 589 796 vis
635 757 703 796 ex
758 742 862 797 hoc
899 742 1225 815 confugere?
1269 744 1535 800 Romam?
1588 746 1728 801 Ecce
1773 762 1805 801 a

226 828 439 885 Roma:
492 829 554 885 In
602 827 915 886 Orientem?
953 831 1033 887 En
1071 834 1143 888 ab
1177 829 1398 889 Oriente
1442 835 1531 890 hic
1576 836 1804 892 adsunt:

229 918 367 984 vide,
408 934 479 976 ne
522 920 806 976 claudatur
841 920 1007 991 janua
1040 939 1054 976 :
1104 923 1149 979 si
1174 923 1263 979 isti
1304 923 1616 990 clauserint,
1650 942 1809 983 nemo

227 1019 308 1065 cst
338 1010 436 1080 qui
480 1010 710 1081 aperiat.
750 1010 865 1076 Dic,
901 1010 1064 1068 homo
1094 1012 1209 1079 Dei,
1233 1028 1395 1084 quam
1423 1013 1809 1085 habesjustiﬁ-

226 1103 543 1158 cationem?
583 1103 808 1160 Pbotius
851 1105 1023 1161 dixit:
1077 1107 1208 1163 Mea:
1239 1108 1654 1180 justilicationcs
1703 1125 1808 1165 non

216 1204 351 1278 sunt
389 1195 448 1249 in
493 1195 597 1249 hoc
635 1195 865 1262 mundo;
893 1196 937 1252 si
979 1197 1033 1252 in
1066 1200 1266 1255 mundo
1304 1200 1406 1256 hoc
1451 1210 1656 1266 essent,
1687 1200 1811 1255 inde

229 1288 517 1343 \ideretis.
552 1287 798 1346 Bahaues
820 1288 1271 1347 laudabilissimus
1300 1291 1559 1361 patricius
1589 1300 1643 1346 et
1670 1305 1810 1362 prae-

229 1379 438 1447 positus
463 1380 599 1434 dixit
624 1398 637 1433 :
666 1376 775 1435 Nos
804 1388 1048 1437 tenemus
1082 1381 1208 1451 quia
1242 1381 1556 1437 confusione
1578 1389 1634 1434 et
1664 1389 1810 1436 metu

229 1470 521 1539 depressus
550 1469 771 1541 desipis,
795 1472 1040 1527 nesciens
1064 1472 1191 1541 quid
1214 1472 1392 1527 dicas:
1418 1473 1811 1542 propter‘quod

224 1554 481 1617 concedit
536 1562 630 1616 tibi
673 1570 860 1618 sancta
908 1571 963 1618 et
1020 1563 1337 1618 universalis
1394 1564 1630 1634 synodus
1691 1578 1812 1632 spa-

233 1651 364 1704 tium
401 1650 471 1704 ad
500 1652 866 1707 meditandum
897 1652 1123 1707 salutem
1149 1662 1315 1707 tuam.
1342 1652 1505 1716 Vade.
1532 1660 1587 1709 et
1625 1668 1811 1708 rursus

226 1739 376 1811 jubet
417 1741 515 1796 tibi
554 1742 739 1798 venire
772 1743 895 1797 huc.
950 1743 1173 1798 Pbolius
1203 1744 1374 1799 dixit:
1407 1744 1651 1813 Spatium
1682 1744 1806 1813 qui-

1906 576 2025 623 acta
2059 570 2408 623 constiterint.
2439 569 2650 623 Scimus
2683 568 2808 637 quia
2854 566 2983 621 nihil
3024 574 3206 635 potes;
3254 564 3396 633 quod
3428 563 3475 617 si

1909 658 2076 713 habes
2113 657 2344 727 aliquam
2369 658 2823 728 jnstiﬁcationem,
2855 657 3105 726 loquere;
3144 654 3259 709 sine
3289 667 3476 722 persoo

1907 761 2099 801 narum
2136 748 2447 816 acceptione
2480 756 2690 802 constat
2732 761 2853 802 esse
2894 743 3199 802 concilium.
3252 740 3483 797 Photius

1858 900 1861 903 ν
1908 846 2089 893 autem
2120 837 2311 907 crebro
2358 836 2667 906 compulsus
2699 844 2759 891 ut
2796 835 3057 917 rationem
3088 833 3260 897 daret,
3289 844 3480 886 mane-

1908 935 2001 983 bat
2026 927 2160 982 nihil
2193 927 2411 981 omnino
2444 928 2791 996 respondens.
2822 925 3024 980 Deinde
3053 923 3189 978 dixit
3213 928 3397 978 sancta
3431 929 3485 973 et

1911 1018 2227 1077 universalis
2269 1019 2534 1088 synodus:
2566 1016 2752 1083 Vadat,
2792 1024 2847 1071 et
2874 1012 3169 1086 perpendat
3198 1011 3342 1081 quod
3383 1011 3486 1065 sibi

1913 1114 2234 1170 aonveniens
2264 1113 2353 1167 sit.
2387 1112 2452 1166 Et
2482 1110 2649 1167 exivit
2673 1109 2915 1163 Photius.

1981 1205 2186 1262 Deinde
2210 1216 2361 1260 stans
2389 1205 2440 1257 in
2469 1202 2643 1259 medio
2668 1201 2970 1271 Stephanus
2994 1198 3100 1253 Deo
3120 1194 3489 1250 amicissimus

1912 1298 2169 1353 diaconus
2220 1304 2421 1351 sancta:
2464 1292 3171 1362 ConstantinOpolitanorum
3228 1286 3482 1341 Ecclesia:

1912 1397 1968 1443 et
1991 1387 2215 1442 devotus
2236 1385 2478 1439 notarius
2499 1382 2733 1437 laudavit
2760 1382 2869 1435 ita:
2896 1379 3089 1435 Multos
3111 1392 3279 1433 annos
3307 1377 3477 1443 impc-

1913 1485 2151 1533 ratorum
2203 1474 2382 1530 Basilii
2424 1482 2479 1528 ct
2517 1471 2889 1528 Constantini!
2925 1469 3236 1538 Magnorum
3276 1463 3481 1535 princi-

1911 1582 2039 1639 pum
2063 1575 2120 1623 ct
2149 1567 2532 1635 imperatorum
2570 1562 2763 1617 multos
2793 1575 2963 1615 annos
2989 1561 3003 1613 ι
3049 1557 3481 1614 Orthodoxorum

1912 1658 2295 1727 imperatorum
2309 1654 2504 1711 multos
2518 1668 2688 1708 annos
2703 1654 2717 1706 !
2735 1651 3088 1706 Paciﬁcorum
3106 1650 3487 1717 imperatorum

1916 1750 2113 1804 multos
2133 1748 2330 1803 annos!
2358 1744 2732 1815 Depositorum
2759 1741 3032 1812 injustitim
3057 1738 3253 1794 multos
3276 1751 3447 1792 annos
3467 1736 3481 1787 !

226 1826 350 1886 'dem
381 1833 811 1910 non_deprecor;
844 1842 902 1888 ut
924 1843 1111 1889 autem
1124 1835 1341 1889 emittar
1360 1850 1392 1889 a
1421 1835 1590 1902 vobis,
1619 1842 1808 1889 vestra:
1841 1829 1882 1887 Β
1914 1838 2155 1894 Hostium
2176 1835 2438 1892 mendacii
2461 1834 2656 1889 multos
2674 1848 2843 1887 annos
2865 1833 2879 1886 !
2903 1831 3215 1886 Amatorum
3236 1835 3291 1884 et
3318 1826 3491 1880 fauto-

232 1922 520 1989 potestatis
551 1929 654 1977 est.
697 1921 945 1980 Bahanes
986 1924 1441 1981 laudabilissimus
1470 1924 1728 1995 patricius
1754 1933 1812 1981 et

233 2013 559 2081 pra'positus
589 2013 723 2068 dixit
748 2032 761 2067 :
788 2012 995 2072 Bonum
1013 2024 1096 2071 est
1120 2024 1353 2070 tractare
1378 2023 1581 2082 tecum,
1609 2023 1665 2070 et
1685 2029 1812 2070 con-

228 2094 477 2156 ’siderare
512 2103 655 2170 quod
702 2104 969 2173 expediat,
1015 2113 1075 2159 et
1120 2106 1401 2176 procidere
1445 2105 1571 2161 huic
1612 2114 1813 2161 sancta:

236 2190 461 2259 synodo.
489 2189 759 2248 Iudicium
783 2194 928 2248 enim
968 2210 1075 2249 non
1111 2194 1383 2265 accipiens
1408 2209 1715 2266 personam,
1750 2210 1816 2250 ac

236 2280 495 2338 divinitus
546 2282 882 2355 inspiratum,
927 2295 981 2342 et
1007 2296 1192 2342 sancta
1225 2288 1548 2344 universalis
1578 2289 1818 2359 synodus

236 2384 340 2423 non
388 2385 458 2425 ex
503 2387 613 2428 uno
650 2382 755 2431 est
805 2383 1033 2441 tantum,
1062 2378 1177 2442 sed,
1223 2385 1283 2433 ut
1330 2378 1701 2448 praediximus,
1749 2392 1819 2432 ex

238 2458 421 2513 mundi
452 2460 649 2519 ﬁnibus
701 2471 813 2530 est;
838 2472 891 2518 et
931 2464 1053 2520 ideo
1080 2480 1359 2523 monemus
1386 2475 1444 2521 ut
1481 2466 1818 2537 pmnitearis,

241 2559 292 2604 et
312 2550 558 2607 solvatur
583 2554 942 2611 anathematis
978 2556 1242 2611 sententia
1283 2571 1402 2627 qua:
1442 2556 1497 2613 in
1537 2565 1589 2612 te
1614 2555 1822 2625 prolata

244 2650 345 2697 est.
400 2639 549 2701 Post'
588 2643 888 2703 discessum
936 2646 1081 2704 enim
1128 2653 1437 2703 sanctorum
1501 2647 1823 2703 vicariorum

1914 1945 2032 1984 rum
2058 1928 2300 1984 veritatis
2322 1926 2515 1982 multos
2546 1940 2715 1980 annos
2742 1925 2756 1979 !
2790 1922 3044 1979 Eudoxia:
3078 1921 3335 1994 piissimae
3380 1918 3490 1971 Au-

1913 2030 2083 2093 gusta:
2101 2020 2297 2074 multos
2311 2032 2483 2074 annos
2502 2017 2517 2071 ι
2544 2015 2747 2071 Nicolai
2771 2012 3062 2070 beatissimi
3086 2026 3235 2083 papae
3259 2008 3491 2063 Romani

1918 2120 2121 2165 :etcrna
2150 2107 2409 2163 memoria
2438 2107 2452 2161 !
2500 2105 2724 2161 Adriani
2765 2102 3045 2161 orthodoxi
3075 2115 3227 2172 papa:
3265 2098 3495 2153 Romani

1924 2201 2122 2257 multos
2136 2199 2336 2256 annos!
2364 2198 2554 2268 lguatii
2576 2195 2863 2254 orthodoxi
2884 2193 3205 2265 patriarcha:
3229 2191 3498 2246 Constan-

1926 2294 2225 2363 tinopoleos
2247 2290 2443 2347 multos
2463 2305 2634 2346 annos
2657 2290 2671 2345 !
2695 2288 3127 2347 Orthodoxorum
3158 2282 3492 2355 patriarcha-

1928 2398 2047 2438 rum
2078 2381 2316 2438 Orientis
2337 2380 2532 2436 multos
2555 2381 2759 2436 annos!
2789 2376 3087 2436 Orthodoxi
3112 2381 3330 2432 senatus
3357 2372 3496 2427 mul-

1927 2482 2011 2530 tos
2058 2474 2263 2530 annos!
2323 2470 2539 2532 Sancta:
2589 2481 2644 2530 et
2690 2469 3010 2528 universalis
3057 2467 3247 2541 synodi
3295 2474 3509 2521 acterna:

1926 2563 2185 2620 memoria
2208 2563 2223 2619 !

256 2847 3279 2878 W

1358 3042 1361 3043 ί
1499 3016 1804 3099 ACTIO
1880 3020 2228 3100 SEXTA.

769 3129 1077 3171 ..ιξτρεέςλ,ι

318 3370 379 3424 In
405 3348 625 3425 nomine
666 3368 879 3423 Domini
922 3374 977 3422 et
1020 3364 1373 3423 dominatoris
1416 3366 1654 3422 omnium
1695 3366 1823 3422 Jesu
1852 3372 1896 3435 ρ
1928 3365 2383 3442 gniﬁcentissimo
2410 3364 2749 3436 proconsule,
2789 3364 3015 3436 patricio
3042 3373 3097 3421 et
3117 3365 3505 3435 protoscrinia-

255 3460 452 3515 Christi
478 3460 593 3516 veri
636 3459 729 3513 Dei
763 3464 818 3512 et
845 3455 1141 3527 Salvatoris
1174 3456 1364 3511 nostri.
1392 3456 1604 3527 Imperii
1642 3471 1675 3510 a
1713 3456 1822 3511 Deo

258 3556 637 3605 coronatorum
660 3558 715 3603 et
757 3548 1318 3618 tranquillissimorum
1350 3548 1688 3602 dominorum
1724 3563 1821 3602 no-

262 3652 513 3705 strorum,
569 3640 751 3695 Basilii
810 3638 1027 3709 quidem
1076 3652 1215 3693 anno
1269 3638 1449 3704 tertio,
1489 3637 1825 3693 Constantini

262 3748 387 3789 vero
415 3733 511 3805 ﬁlii
539 3732 655 3801 ejus
690 3746 833 3788 anno
860 3731 1117 3797 secundo,
1151 3741 1526 3801 perpetuorum
1564 3731 1829 3799 Augusto-

264 3839 402 3893 rum,
443 3832 637 3879 octavo
670 3821 934 3877 Kalendas
959 3821 1258 3886 Octobrias,
1298 3822 1589 3877 indictione
1630 3822 1827 3888 tertia;

262 3912 551 3983 propositis
590 3910 840 3982 pretiosis
867 3926 931 3966 ac
957 3910 1181 3966 viviﬁcis
1210 3910 1391 3981 lignis,
1418 3919 1473 3965 ct
1499 3912 1832 3967 intemeratis

263 4003 450 4059 salutis
469 4010 667 4059 nostra:
691 4000 1021 4073 Evangeliis;
1052 4000 1369 4071 praesidente
1390 4002 1576 4055 eodem
1596 4001 1834 4070 piissimo

268 4101 322 4147 et
341 4079 520 4149 amico
540 4090 743 4147 Christi
774 4092 1117 4162 imperatore,
1145 4089 1199 4145 in
1223 4090 1440 4146 dextera
1474 4100 1626 4161 parte
1654 4093 1833 4163 magni

268 4182 501 4238 nominis
529 4182 709 4251 templi
740 4196 946 4251 magnae
979 4180 1245 4236 ecclesiae:
1274 4181 1624 4235 conveniente
1650 4191 1836 4236 sancta

270 4288 336 4329 ac
362 4272 905 4345 universalisynodo,
938 4271 991 4326 id
1030 4281 1111 4327 est
1142 4271 1352 4327 Donato
1375 4272 1485 4326 Deo
1510 4272 1839 4327 amicissimo

272 4362 520 4432 episcopo
554 4360 811 4428 Ostiensi,
838 4374 893 4417 et
934 4360 1207 4430 Stephano
1229 4358 1341 4416 Deo
1372 4362 1697 4417 amicissimo
1729 4362 1842 4432 epi-

275 4471 435 4526 scopo
478 4454 768 4526 Nepesino,
807 4468 862 4509 ct
890 4454 1099 4509 Marino
1124 4454 1572 4511 reverendissimo
1616 4455 1843 4510 diacono

274 4559 471 4603 saucue
516 4547 881 4602 Romanorum
928 4546 1185 4601 Ecclesia:
1244 4546 1420 4602 locum
1480 4546 1845 4603 obtinentibus

274 4636 491 4696 Adriani
524 4638 849 4695 sanctissimi
894 4653 1045 4709 papa:
1090 4639 1341 4704 Romani,
1388 4648 1443 4696 et
1483 4639 1685 4711 lgnatio
1715 4655 1843 4694 san-

1931 3462 2033 3526 rio,
2060 3454 2358 3527 Theophilo
2398 3454 2930 3525 magniﬁcentissimo
2969 3453 3286 3523 proconsule
3328 3463 3384 3508 ct
3411 3468 3515 3523 pa—

1934 3550 2106 3614 tricio,
2132 3547 2355 3603 Tarasio
2379 3540 2909 3617 magniﬁcentisSimo
2935 3545 3252 3615 proconsule
3263 3560 3326 3599 ac
3342 3544 3506 3615 patri-

1931 3647 2035 3710 cio,
2062 3643 2227 3698 Paulo
2278 3637 2810 3711 magniﬁcentissimo
2836 3634 3064 3707 patricio
3109 3643 3164 3691 et
3196 3636 3429 3703 cparcho
3453 3647 3506 3700 ε,

1931 3734 2190 3790 Barbatio
2222 3728 2751 3802 magniﬁcentissimo
2776 3724 3022 3797 patricio,
3052 3725 3231 3780 Leone
3262 3722 3510 3793 magniﬁ-

1933 3824 2247 3882 centissimo
2268 3820 2489 3893 patricio
2501 3817 2859 3876 etdomcstico
2874 3816 3273 3882 excubitorum,
3296 3814 3511 3870 Manum

1935 3911 2545 3991 leptaguiﬁcentissimo
2567 3909 2813 3981 patricio,
2864 3907 3263 3980 Theophylacto
3308 3906 3513 3976 magni-

1939 4005 2284 4062 ﬁcentissimo
2305 4001 2550 4074 patricio,
2567 4000 2853 4056 Petronate
2874 3998 3406 4068 magniﬁcentissimo
3416 4011 3510 4067 pa-

1939 4097 2117 4162 tricio,
2147 4094 2390 4149 Manuele
2416 4091 2942 4164 magniﬁcentissimo
2953 4088 3181 4161 patricio
3197 4108 3210 4120 ο
3226 4103 3327 4144 nec
3344 4103 3446 4142 non
3459 4096 3527 4142 et.

1940 4186 2342 4242 considentibus
2371 4185 2480 4240 Deo
2502 4183 2845 4238 amicissimis
2887 4180 3270 4251 metropolitis,
3308 4178 3518 4235 scilicet

1943 4277 2139 4331 Basilio
2196 4277 2305 4331 Deo
2352 4274 2680 4330 amicissimo
2726 4272 3045 4343 archiepisc.
3071 4271 3291 4341 Ephesi,
3345 4269 3517 4325 Theo-
3606 4322 3617 4323 ,

1947 4368 2091 4439 philo
2124 4366 2231 4422 Deo
2259 4366 2589 4422 amicissimo
2617 4364 2950 4433 metropolita
2991 4363 3239 4434 Ancync,
3270 4361 3533 4416 Barnabas.

1946 4464 2054 4517 Deo
2091 4462 2416 4517 amicissimo
2447 4460 2785 4529 tnetropolita
2816 4459 3015 4530 Cyzici,
3044 4460 3345 4528 Nicephoro
3401 4458 3533 4515 Deo‘

1946 4555 2274 4609 amicissimo
2305 4553 2643 4622 metropolita
2676 4551 2888 4614 Nicmai,
2913 4550 3213 4619 Nicephoro
3242 4552 3350 4605 Dco
3378 4536 3539 4616 ami-f

1948 4650 2166 4705 cissimo
2188 4646 2529 4715 metropolita
2558 4645 2812 4707 Amasize,
2838 4643 3027 4698 Niceta
3062 4642 3171 4698 Deo
3186 4642 3522 4698 amicissiimo

276 4732 516 4787 ctissimo
568 4732 873 4801 patriarcha
923 4730 1489 4801 Constantinopoleos;
1534 4739 1589 4788 et.
1633 4731 1839 4784 Thoma
1873 4722 1921 4783 Ι)
1946 4736 2281 4805 metropolita
2306 4735 2659 4798 Athenarum,
2700 4732 2985 4789 Theodoro
3036 4733 3153 4787 Deo.
3189 4732 3539 4787 amicissimo.

276 4824 618 4879 sanctissimo
648 4821 987 4892 metropolita
1014 4821 1162 4893 Tyri,
1195 4822 1370 4877 locum
1398 4821 1672 4877 obtinente
1702 4821 1847 4877 sedis

275 4915 598 4981 Antiochiae,
630 4922 686 4971 et
718 4914 870 4970 Helia
902 4913 1012 4972 Deo
1039 4914 1420 4970 colendissimo
1452 4913 1767 4984 presbytero
1793 4920 1850 4967 et

278 5007 542 5078 syncello,
590 5005 768 5062 locum
821 5006 1097 5062 obtinente
1145 5004 1667 5076 Hierosolymorum:
1710 5020 1853 5074 prm—

277 5108 431 5154 seute
459 5106 642 5153 autem
664 5106 719 5154 et
744 5113 902 5155 sacro
931 5105 1140 5162 senatu,
1165 5096 1413 5151 videlicet
1437 5095 1718 5151 Theodoro
1741 5112 1851 5151 ma-

279 5189 722 5258 gniﬁcentissimo
768 5188 997 5258 patricio
1042 5196 1098 5242 et
1145 5187 1427 5259 magistro,
1466 5186 1854 5259 Christophoro

275 5280 811 5353 magniﬁcentissimo
856 5281 1083 5352 patricio
1127 5292 1182 5338 et
1220 5282 1499 5351 magistro,
1528 5281 1705 5337 Leone
1746 5297 1854 5337 mae

278 5371 726 5438 gniﬁcentissimo
778 5369 1097 5441 proconsule
1160 5386 1225 5425 ac
1296 5370 1545 5440 patricio,
1604 5370 1853 5425 Hemerio

278 5456 813 5528 magniﬁcentissimo
844 5457 1167 5529 proconsule
1208 5473 1271 5514 ac
1303 5457 1553 5527 patricio,
1583 5457 1853 5529 Stephano

278 5547 813 5619 magniﬁcentissimo
842 5549 1073 5619 patricio
1109 5556 1162 5605 et
1199 5547 1500 5612 sacellario,
1529 5546 1707 5601 Leone
1742 5561 1854 5600 ma-

278 5636 726 5707 gniﬁcentissimo
756 5641 1073 5708 proconsule
1117 5655 1180 5696 ac
1228 5638 1475 5711 patricio,
1514 5637 1727 5695 Marino
1744 5653 1853 5694 mas

350 5760 377 5791 ι
406 5749 465 5809 id
491 5757 599 5817 est,
624 5750 895 5824 praelecto.

1948 4827 2280 4895 metropolita
2305 4825 2493 4885 Cari:e.
2528 4824 2873 4894 llietrophane
2903 4823 3014 4878 Deo
3051 4822 3381 4877 amicissimo
3405 4837 3526 4877 me-

1951 4916 2197 4984 tropolita
2231 4915 2498 4985 Smyrnae,
2527 4913 2726 4969 Basilio
2775 4914 2885 4968 Deo
2934 4911 3267 4968 amicissimo
3318 4919 3541 4966 metro--

1951 5010 2113 5080 polita
2139 5008 2551 5079 Cangrensium.
2579 5007 2845 5077 Cypriane
2874 5004 2993 5059 Dco.
3023 5003 3354 5058 amicissimo
3408 5017 3539 5059 meo.

1954 5099 2199 5168 tropolita
2256 5097 2703 5166 Claudiopoleos,
2740 5094 3009 5149 Hilarione
3041 5094 3153 5148 Deo
3194 5092 3550 5149 amicissimox

1960 5188 2295 5258 mctropolita
2317 5187 2583 5251 Corinthi,
2631 5184 2849 5239 Nicolao
2879 5185 2989 5238 Deo
3034 5182 3361 5237 amicissituo
3419 5196 3531 5238 me—

1959 5278 2213 5348 tropolita
2274 5277 2671 5347 Synnadorum,
2726 5272 2981 5327 Michaele
3025 5272 3135 5329 Deo
3194 5270 3549 5326 amicissimo.

1958 5367 2295 5437 tnctropolita
2321 5364 2516 5427 Rhodi,
2544 5361 2836 5432 Eutltymio
2882 5362 2992 5419 Deo
3045 5360 3373 5417 amicissimo
3426 5372 3534 5411 me-

1958 5457 2206 5529 tropolita
2228 5456 2465 5519 Catanaa,
2489 5453 2681 5507 Photio
2718 5451 2827 5506 Deo
2881 5450 3210 5506 amicissimo
3258 5446 3543 5515 arcliiepiy.

1957 5565 2123 5620 scopo
2153 5547 2406 5611 Nacoliae,
2442 5544 2720 5615 Stephano
2755 5534 2864 5599 Deo
2886 5542 3212 5597 amicissimo
3259 5535 3533 5606 archiepi»:

1958 5658 2123 5713 S‘opo
2157 5639 2554 5713 Cypsaliorutn,
2595 5637 2791 5693 Basilio
2832 5636 2942 5690 Deo
2990 5631 3315 5688 amicissimo
3355 5626 3537 5680 arci-ii:

3598 5609 3620 5741 ξ
