4032 6286
473 304 544 360 83
1632 314 1992 372 ΑΝΑΞΤΑδιι
2029 315 2069 370 Β

2175 315 2570 374 ΙΟΤΗΕΟΑΠΙΙ
3668 319 3737 376 84

475 423 732 493 episcopo
755 423 1002 486 Misthke,
1037 425 1360 498 Theophane
1377 430 1486 483 Deo
1513 429 1843 484 amicissimo
1872 428 2056 482 archi-
2089 432 2132 491 Α
2163 427 2494 500 irrigandum
2522 445 2665 494 cum,
2718 431 2858 485 sicut
2908 431 3166 501 seriptum
3193 439 3274 484 est
3307 445 3320 482 :
3362 429 3499 495 Quia
3545 429 3739 498 fluvius

479 515 736 585 episcopo
759 514 1154 595 Selges,§Paulo
1180 519 1290 576 Deo
1312 520 1640 576 amicissimo
1654 521 2060 591 archiepiscopo

482 609 741 676 Apamite,
766 608 974 666 Joanne
994 611 1104 668 Deo
1133 612 1462 669 amicissimo
1488 613 1737 684 episcopo
1767 612 1868 676 Cii,
1899 611 2060 668 Atha-

483 699 638 755 nasio
661 700 774 756 Deo
801 701 1133 758 amicissimo
1175 703 1430 772 episcopo
1479 704 1691 760 Anhelii
1749 703 2060 776 Magnesiae,

485 788 772 846 Theodoro
800 790 914 848 Deo
949 789 1276 850 amicissimo
1305 795 1558 865 episcopo
1583 793 1818 863 Sinope},
1869 794 2062 848 Eusta-

485 875 612 934 chio
642 877 751 937 Deo
778 880 1108 938 amicissimo
1128 883 1382 954 episcopo
1441 883 1727 952 Emonize,
1779 883 2061 940 Theodoro

485 969 599 1030 Deo
615 972 950 1029 amicissimo
973 973 1226 1046 episcOpo
1271 977 1712 1043 Lacedtemoniee,
1763 977 2063 1048 Nicephoro

485 1060 597 1117 Deo
623 1062 953 1126 amicissimo
973 1065 1227 1135 episcopo
1272 1066 1556 1138 Zacynthi,
1608 1067 1896 1139 Euthymio
1949 1069 2063 1138 epiv

483 1165 647 1222 scopo
675 1151 1042 1226 Mosynorum,
1066 1155 1266 1212 Basilio
1294 1156 1404 1212 Deo
1435 1157 1762 1214 amicissimo
1809 1158 2063 1229 episcopo

484 1238 686 1312 Pyrgii,
709 1241 942 1315 Georgio
983 1243 1093 1300 Deo
1117 1245 1450 1302 amicissimo
1478 1247 1731 1318 episcopo
1754 1246 1912 1314 Helii,
1961 1248 2060 1303 Pc—

485 1339 572 1388 tro
599 1332 708 1389 Deo
743 1333 1076 1392 amicissimo
1121 1337 1373 1406 episcOpo
1424 1336 1673 1402 Troadis,
1727 1337 1905 1394 Leone
1953 1339 2064 1392 Deo

486 1424 816 1484 amicissimo
844 1428 1096 1499 episeopo
1143 1428 1485 1500 Dapbnusiw,
1538 1429 1726 1486 Niceta
1778 1429 1888 1485 Deo
1929 1430 2065 1484 amio

487 1517 706 1576 cissimo
731 1521 983 1592 episcopo
1041 1521 1268 1590 Photiae,
1309 1522 1514 1580 Basilio
1569 1525 1680 1581 Deo
1733 1525 2064 1581 amicissimo

485 1609 740 1680 episeopo
762 1609 984 1678 Gratiae,
1019 1612 1278 1670 Damiano
1305 1614 1414 1670 Deo
1448 1615 1778 1672 amicissimo
1811 1615 2064 1687 episcopo

489 1698 874 1772 Miletopoleos,
906 1703 1236 1776 Theophane
1267 1707 1377 1766 Deo
1425 1708 1755 1766 amicissimo
1811 1708 2062 1778 episcopo

2163 521 2426 589 egreditur
2465 522 2528 577 de
2575 521 2724 576 Etlen
2765 523 2990 593 irrigans
3027 521 3329 592 paradisum
3357 517 3508 591 (Gen.
3540 518 3622 590 η).
3652 519 3739 574 Li-

2163 619 2292 678 quet
2319 619 2495 666 autem
2523 626 2665 666 nunc
2687 611 2840 667 nobis
2869 611 2987 666 talis
3012 611 3224 677 ﬂuvius,
3247 610 3460 666 divinus
3489 608 3743 664 videlicet

2165 716 2228 756 ac
2263 701 2595 772 principalis,
2625 711 2678 757 et
2708 702 3084 758 sanctissimus
3111 701 3366 772 Spiritus,
3413 699 3481 756 de
3511 714 3618 770 quo
3657 699 3742 754 di-

2164 791 2239 846 cit
2260 792 2501 848 divinum
2535 801 2589 848 et
2631 792 2926 863 principale
2956 791 3190 849 Verbum
3221 790 3468 848 Christus
3497 789 3748 846 Salvator

2165 891 2397 937 noster:
2431 881 2536 950 Qui
2575 885 2750 938 credit
2775 885 2829 938 in
2871 899 2970 949 me,
3021 885 3244 953 ﬂumina
3290 883 3355 938 de
3404 891 3576 936 ventre
3629 881 3748 950 ejus

2165 977 2325 1044 ﬂuent
2345 992 2499 1047 aqua’
2527 977 2670 1030 viva’.
2698 974 2811 1031 Hoc
2836 986 3010 1031 autem
3037 975 3236 1030 dicebat
3267 974 3332 1030 de
3361 972 3563 1043 Spiritu
3590 988 3747 1042 quem

2167 1070 2430 1138 accepturi
2460 1078 2608 1124 erant
2639 1069 2902 1126 credentes
2928 1070 2982 1124 in
3003 1087 3121 1124 eum
3156 1069 3315 1136 sicut,
3363 1067 3498 1123 dixit
3525 1073 3750 1121 sanctus

2165 1158 2400 1216 Joannes
2429 1159 2966 1231 evangelistaonan.
3022 1161 3140 1230 vn).
3175 1158 3275 1214 Hic
3318 1165 3401 1214 est
3432 1157 3576 1214 enim
3629 1155 3754 1226 Spi-

2165 1250 2302 1305 ritus
2332 1250 2398 1306 de
2424 1259 2532 1320 quo
2561 1250 2699 1306 dixit
2726 1252 2989 1321 propheta
3021 1250 3188 1306 David
3225 1265 3239 1304 :
3278 1247 3542 1303 Fluminis
3583 1247 3753 1316 impe-

2165 1350 2247 1396 tus
2303 1341 2533 1410 la'tiﬁcat
2591 1341 2850 1396 civitatem
2892 1341 2988 1395 Dei
3036 1337 3211 1410 (Psal.
3258 1338 3448 1407 xum),
3498 1337 3755 1392 videlicet

2165 1428 2406 1488 sanctam
2460 1431 2781 1488 Eeclesiam.
2836 1431 2940 1487 lste
2987 1429 3182 1485 ﬂuvius
3227 1436 3476 1498 segregat
3515 1427 3752 1502 impetus

2166 1541 2292 1582 suos
2321 1540 2464 1581 nunc
2493 1525 2544 1580 in
2575 1533 2809 1595 quatuor
2837 1523 3014 1590 initia,
3043 1523 3098 1578 in
3134 1521 3503 1577 sanctissimos
3539 1517 3751 1576 scilicet

2167 1619 2396 1674 vicarios
2420 1618 2648 1673 senioris
2676 1617 2882 1680 Romae,
2911 1624 2965 1672 et
2992 1615 3044 1672 in
3091 1611 3752 1692 Constantinopolitanum

2169 1711 2493 1766 imitatorem
2528 1709 2620 1764 Dei
2663 1707 3028 1777 patriarcham
3056 1705 3342 1778 lgnatium,
3370 1713 3532 1774 atque
3561 1703 3614 1758 in
3656 1713 3758 1759 eos

485 1789 700 1858 Trallze,
727 1793 951 1852 Leontio
966 1797 1075 1854 Deo
1101 1799 1427 1857 amicissimo
1449 1801 1701 1871 episcopo
1745 1799 2062 1869 Neopoleos,
2097 1801 2140 1860 Β
2169 1801 2257 1870 qui
2289 1817 2354 1857 ex
2383 1800 2646 1855 ambabus
2679 1793 2897 1854 sedibus
2938 1798 3176 1854 Orientis
3220 1797 3576 1858 advenerunt,
3627 1808 3758 1849 san-

484 1879 681 1979 .losepb
709 1884 821 1942 Deo
852 1887 1181 1948 amicissimo
1205 1891 1458 1962 episcopo
1481 1892 1778 1947 Palaeornm
1808 1901 1862 1949 et
1893 1891 2067 1948 Geor-

482 1974 576 2044 gio
603 1974 712 2034 Deo
742 1978 1069 2038 amicissimo
1099 1982 1350 2054 episcopo
1377 1983 1626 2038 Adraniae
1657 2001 1669 2038 :
1699 1984 1785 2039 his
1817 1983 1889 2037 ita
1940 1997 2070 2038 con-

491 2065 852 2136 venientibus,
879 2086 1106 2143 surgens
1129 2070 1504 2144 Metrophanes
1553 2073 1663 2130 Deo
1711 2073 2070 2129 amicissimus

487 2158 830 2228 metropolita
859 2160 1127 2234 Smyrnte,
1152 2174 1206 2220 et
1229 2165 1282 2219 in
1309 2165 1487 2222 medio
1530 2176 1733 2222 sanctae
1786 2166 2066 2221 universa-

486 2243 553 2299 lis
575 2247 765 2316 synodi
787 2257 959 2319 stans,
989 2254 1362 2321 pronuntiavit
1391 2270 1585 2326 magna
1613 2270 1742 2312 voce
1767 2257 1821 2310 in
1846 2255 2070 2311 audien-

487 2338 619 2395 tiam
645 2344 888 2402 omnium
947 2348 1020 2402 ita
1057 2367 1071 2404 :
1107 2348 1336 2406 Justitite
1359 2351 1458 2417 sol,
1491 2353 1582 2423 qui
1623 2361 1706 2408 est
1735 2367 1989 2422 magnum
2015 2362 2070 2408 et

486 2444 674 2487 verum
702 2449 767 2491 ac
794 2435 1035 2493 divinum
1060 2441 1464 2513 principaleque
1491 2443 1712 2509 lumen,
1736 2443 1937 2514 quique
1983 2457 2073 2499 so-

490 2521 577 2581 lus
602 2535 687 2582 est
709 2529 935 2586 inﬁnita:
965 2533 1217 2602 potentia:
1266 2535 1525 2590 Dominus
1569 2545 1623 2590 et
1679 2536 1819 2592 Deus
1863 2543 2067 2599 noster,

486 2617 579 2686 qui
610 2617 746 2674 dixit
777 2638 790 2676 :
823 2618 986 2676 Fiant
1023 2622 1309 2680 luminaria
1336 2627 1390 2680 in
1449 2627 1781 2695 ﬁrmamento
1829 2627 1944 2682 cwli
2002 2628 2071 2681 ad

485 2705 924 2765 illuminationem
949 2721 1138 2779 terrai;
1168 2715 1291 2783 fecit
1313 2717 1420 2770 duo
1441 2734 1631 2788 magna
1654 2719 1958 2785 luminaria,
1991 2717 2072 2772 lu-

484 2799 690 2854 minare
709 2801 918 2871 quidem
948 2804 1119 2874 majus
1139 2807 1198 2860 in
1221 2808 1480 2878 principio
1522 2820 1546 2848 α
1573 2809 1700 2875 diei,
1745 2810 1920 2863 minus
1975 2827 2071 2862 au-

486 2896 588 2944 tem
615 2889 671 2942 in
698 2891 954 2962 principio
985 2896 1169 2961 noctis,
1214 2907 1261 2951 et
1309 2900 1482 2967 posuit
1540 2916 1602 2953 ea
1649 2899 1701 2954 in
1739 2899 2072 2968 ﬁrmamento

488 2978 624 3044 eali,
657 2989 712 3034 ut
735 2984 950 3051 prmia!
973 2985 1078 3040 diei
1120 3003 1182 3040 ac
1224 2990 1362 3042 nocti
1401 2988 1554 3059 (Gen.
1579 2990 1660 3060 I);
1717 2999 1770 3046 et
1819 2999 2072 3062 tanquam

487 3069 734 3146 quedam
759 3086 953 3143 magna
977 3073 1287 3145 luminaria,
1315 3079 1564 3135 videlicet
1580 3082 1816 3152 quinque
1838 3083 2072 3153 patriar-

2172 1893 2442 1948 ctissimos
2469 1890 2722 1946 vicarios.
2769 1889 2896 1944 Hice
2924 1892 3104 1960 itaque
3133 1895 3319 1944 sancta
3343 1895 3397 1942 et
3431 1884 3759 1940 universalis

2173 1985 2409 2057 synodus
2441 1999 2566 2039 arca
2593 1982 2786 2039 salutis
2811 1991 2912 2047 est,
2945 1983 3010 2037 ad
3040 1997 3200 2052 quam
3234 1978 3552 2050 confugiunt
3580 1986 3635 2032 et
3671 1979 3762 2032 in-

2172 2076 2415 2130 troibunt
2442 2088 2630 2129 omnes
2660 2074 2750 2143 qui
2780 2073 3124 2144 prmordinati
3153 2080 3280 2127 sunt
3312 2072 3364 2126 in
3395 2071 3562 2125 vitam
3596 2077 3763 2124 aeter-

2173 2183 2318 2222 nam.
2371 2167 2434 2222 Et
2468 2176 2520 2222 tu
2551 2181 2633 2234 es,
2665 2167 2839 2220 amice
2869 2164 3069 2221 Christi
3101 2163 3338 2229 domine,
3389 2161 3524 2228 Noe,
3575 2161 3761 2232 justus

2172 2258 2420 2316 inventus
2450 2259 2503 2313 in
2545 2265 2835 2328 conspectu
2867 2256 2958 2312 Dei
2993 2257 3044 2309 in
3075 2253 3420 2325 generatione
3455 2263 3577 2318 tua;
3619 2250 3763 2323 quia

2174 2348 2332 2402 talem
2369 2363 2551 2402 arcam
2601 2347 2899 2412 fabricasti,
2943 2345 3344 2416 benedixilque'
3370 2345 3464 2401 tibi
3511 2344 3675 2408 Deus,
3703 2351 3764 2397 ct

2172 2439 2309 2508 proli
2341 2439 2544 2495 ventris
2581 2439 2676 2505 tui,
2724 2447 2780 2494 et
2829 2439 2991 2492 timor
3018 2446 3142 2493 tuus
3171 2447 3225 2493 et
3269 2446 3472 2492 tremor
3501 2444 3624 2490 tuus
3653 2436 3765 2491 erit

2174 2532 2467 2587 secundum
2494 2538 2731 2584 veterem
2758 2527 2871 2592 Noe
2900 2542 3063 2598 super
3094 2540 3284 2583 omnes
3311 2527 3515 2583 bestias
3541 2525 3678 2596 agri,
3703 2532 3765 2580 ct

2162 2638 2336 2694 super
2356 2624 2535 2678 omnia
2565 2621 2802 2678 volatilia
2834 2619 2979 2686 cteli,
3009 2620 3112 2675 hoc
3133 2628 3216 2674 est
3241 2633 3402 2688 super
3428 2618 3610 2676 omnia
3635 2633 3764 2688 qua:

2173 2715 2309 2772 bella
2340 2725 2544 2780 amant,
2587 2727 2642 2770 et
2679 2713 2936 2780 inﬁdelia,
2967 2728 3087 2784 qua:
3115 2711 3323 2770 scilicet
3357 2712 3457 2768 sub
3505 2712 3764 2780 universo

2173 2809 2313 2866 caelo
2342 2810 2665 2866 consistunt.
2696 2808 2823 2865 Haec
2858 2816 3049 2864 saneta
3077 2814 3133 2862 et
3172 2805 3493 2862 universalis
3521 2804 3767 2876 synodus

2172 2909 2257 2957 est
2287 2901 2549 2972 benignus
2577 2909 2631 2954 et
2657 2901 2833 2956 bonus
2872 2907 3087 2968 puteus,
3132 2911 3293 2967 quem
3321 2895 3503 2952 fodisti
3533 2905 3610 2959 tu,
3649 2895 3765 2950 Deo

2145 2993 2572 3058 amantissime,
2625 2977 2896 3048 Abraham
2945 3003 3136 3046 servus
3183 2996 3240 3044 et
3283 2987 3492 3042 amicus
3527 2986 3623 3041 Dei
3666 3000 3765 3041 ex-

2173 3083 2302 3139 celsi
2329 3100 2342 3138 :
2373 3082 2458 3137 cui
2485 3090 2540 3137 et
2569 3081 2815 3136 invident
2849 3079 3066 3149 quidem
3104 3076 3410 3138 Philistiim,
3445 3089 3552 3129 non
3578 3081 3764 3128 autem

488 3160 664 3216 chalia
693 3164 871 3233 capita
921 3166 978 3221 in
1021 3166 1472 3226 illuminationem
1523 3172 1686 3228 totius
1735 3183 1914 3239 terrae,
1961 3191 2068 3245 quo
2097 3168 2142 3231 C
2171 3173 2388 3243 penitus
2415 3172 2678 3237 obruent;
2710 3171 2803 3226 sed
2845 3169 3245 3239 superabuntur
3275 3164 3530 3236 operibus
3559 3173 3614 3219 et
3653 3172 3768 3218 stu-

487 3253 712 3322 pmsint
738 3255 840 3311 diei
856 3270 919 3312 ac
935 3259 1102 3325 nocti,
1126 3269 1180 3316 et
1201 3271 1452 3332 separent
1468 3264 1608 3319 inter
1630 3265 1809 3321 lumen
1837 3275 1892 3321 et
1917 3275 2072 3324 tene-

487 3344 640 3412 bras,
672 3347 724 3402 id
753 3357 853 3414 est,
887 3351 1028 3413 inter
1044 3366 1138 3410 eos
1165 3355 1255 3425 qui
1281 3365 1445 3427 agunt
1467 3372 1632 3427 opera
1674 3358 1832 3426 lueis,
1863 3361 1965 3416 hoc
1991 3371 2074 3416 est

491 3435 687 3498 divinae
703 3437 946 3508 iustitiae,
975 3451 1032 3499 et
1051 3444 1193 3501 inter
1213 3461 1306 3503 eos
1328 3448 1418 3518 qui
1447 3459 1613 3520 agunt
1633 3465 1795 3521 opera
1821 3454 2074 3509 tenebra-

492 3543 638 3594 rum,
661 3530 714 3586 id
742 3541 829 3588 est
857 3534 1150 3606 injustitize;
1174 3545 1233 3592 ut
1252 3541 1608 3608 quorumdam
1634 3542 1849 3614 quidem
1875 3542 2072 3599 illumi-

492 3628 622 3675 nent
636 3623 807 3693 magis
822 3637 885 3682 ac
898 3627 1070 3696 magis
1083 3629 1320 3701 gresSus,
1339 3630 1427 3700 qui
1441 3632 1730 3686 secundum
1747 3633 1912 3687 Deum
1926 3642 2071 3699 sunt;

493 3712 848 3787 quorumdam
885 3731 1013 3772 vero
1037 3720 1382 3792 redarguam,
1414 3731 1468 3778 et
1497 3725 1782 3780 ostendant
1810 3738 1971 3797 atque
1999 3730 2076 3783 di-

492 3801 716 3871 vulgent
741 3805 1086 3864 absconditos
1109 3817 1263 3866 actus
1305 3813 1674 3883 tenebrarum,
1699 3817 1751 3871 id
1779 3827 1883 3883 cst,
1934 3818 2074 3888 inju-

494 3893 675 3960 stitiac,
729 3910 794 3951 ae
838 3896 977 3953 ﬁlios
1002 3899 1092 3955 Dei
1117 3915 1180 3957 ac
1205 3901 1338 3958 lucis
1358 3905 1650 3960 exhibeant
1671 3918 1832 3978 atque
1857 3910 2077 3963 demon-

495 3991 690 4040 strent.
716 3985 798 4041 Ad
823 3987 958 4043 tales
979 3989 1110 4046 dicit
1129 3990 1379 4048 Christus
1399 3993 1540 4050 Deus
1572 4006 1756 4053 noster
1783 4012 1797 4048 :
1834 3996 1933 4052 Vos
1956 3999 2076 4053 estis

495 4071 592 4128 lux
612 4075 795 4131 mundi
816 4077 1029 4146 (Matth.
1055 4080 1144 4152 v);
1179 4083 1313 4138 tales
1342 4086 1638 4140 nominavit
1660 4096 1712 4140 et
1735 4086 1934 4142 Paulus
1960 4105 2079 4142 ma-

498 4181 635 4236 gnus
661 4171 935 4238 apostolus
987 4172 1273 4230 luminaria
1327 4177 1380 4231 in
1434 4180 1666 4245 mundo,
1701 4181 1922 4235 verbum
1954 4182 2079 4255 vita:

497 4257 825 4315 continentia
843 4259 1061 4334 (Philip.
1081 4263 1186 4334 ut).
1213 4265 1368 4322 Tales
1385 4283 1535 4338 ergo,
1552 4284 1746 4340 magna
1768 4269 2074 4340 luminaria,

497 4350 738 4422 piissime
765 4362 820 4409 et
845 4353 1059 4411 Christo
1088 4358 1455 4426 dilectissime,
1507 4377 1570 4416 ac
1594 4362 1849 4420 divinitus
1881 4366 2076 4435 guber-

497 4452 627 4501 nate
647 4447 882 4513 domine,
929 4451 1383 4518 quemadmodum
1400 4453 1453 4508 in
1483 4469 1676 4525 magna
1702 4455 1860 4511 domo
1883 4458 2079 4513 multas

497 4537 794 4608 lampades,
829 4540 881 4595 in
915 4542 1132 4598 civitate
1163 4552 1250 4600 tua
1281 4560 1376 4616 per
1409 4547 1631 4601 multam
1664 4548 1990 4620 diligentiam
2024 4562 2078 4606 et

499 4631 735 4686 Studium
786 4649 848 4689 ac
877 4636 1219 4704 prudentiam
1249 4638 1511 4709 collegisti
1540 4651 1595 4696 et
1628 4643 1986 4714 eongregasti,
2025 4654 2079 4698 et

500 4719 916 4788 splendidiorem
947 4734 1109 4780 temet
1141 4729 1447 4792 ostendisti,
1469 4729 1916 4798 etjucundiorem
1951 4750 2076 4789 con-

499 4814 858 4870 versationem
883 4824 1050 4881 tuam,
1073 4803 1644 4874 ctChristil‘Ieelesiam
1668 4822 2079 4879 nitidioremexo

498 4904 744 4960 hibuisti.
771 4907 881 4962 lmo
909 4923 1056 4973 vero,
1099 4909 1337 4978 piissime
1367 4910 1597 4972 domine,
1633 4926 1728 4980 per
1770 4921 1949 4976 temet,
1979 4914 2080 4968 hoc

496 5005 584 5051 est
619 5000 959 5067 praesentiam
1008 5010 1192 5065 tuam,
1243 5003 1394 5070 quasi
1468 5019 1572 5072 quo
1595 5005 1733 5057 Idam
1786 5007 2078 5059 niaximum

497 5088 738 5146 Orientis
767 5089 1028 5148 luminare
1064 5104 1263 5148 sanclm
1310 5095 1430 5150 huic
1463 5107 1514 5149 et
1548 5097 1832 5152 universali
1880 5099 2084 5168 synodo

498 5180 664 5235 etiam
692 5182 969 5251 praedicta,
1019 5193 1074 5240 et
1125 5201 1266 5240 llllllC
1297 5187 1408 5242 visa
1466 5187 1772 5253 luminaria,
1824 5188 2083 5244 lucidiora

500 5277 833 5333 monstrasti.
866 5275 1064 5332 Verum
1101 5293 1195 5348 per
1221 5279 1324 5334 alia
1367 5278 1548 5335 divina
1576 5279 1787 5350 eloquia
1828 5294 2083 5348 compen-

502 5367 652 5424 diose
678 5367 831 5424 valde
861 5377 1179 5438 prarsentem
1205 5379 1446 5426 sanctam
1475 5370 1736 5442 synodum
1769 5369 2080 5440 ﬁguremus.

502 5460 630 5521 Haec
659 5461 803 5515 enim
835 5470 918 5516 est
954 5462 1080 5517 olim
1108 5462 1410 5532 paradisus,
1454 5477 1612 5532 quem
1643 5460 1902 5531 plantavit
1946 5460 2085 5516 Deus

503 5555 570 5611 ad
602 5557 890 5622 orientem,
940 5555 992 5609 in
1045 5553 1198 5624 cujus
1233 5555 1410 5610 medio
1454 5565 1536 5610 est
1572 5555 1772 5624 lignum
1820 5553 1976 5618 vitm;
2032 5554 2083 5606 in

508 5661 665 5716 quem
718 5635 1037 5717 ingreditur,
1069 5661 1134 5700 ex
1183 5645 1499 5714 intelligihili
1533 5645 1677 5700 Edcn
1703 5644 1749 5710 ι’,
1786 5642 1980 5697 ﬂuvius
2020 5643 2084 5696 ad

581 5772 603 5808 l'
637 5758 746 5818 HOC
773 5767 874 5822 est,
910 5759 961 5810 in
993 5738 1370 5826 principatum.

2177 3264 2281 3318 diis
2309 3263 2436 3328 tuis,
2456 3260 2910 3333 quemadmodum
2934 3259 3011 3314 illi
3033 3257 3160 3317 olim
3193 3256 3352 3312 amici
3381 3263 3436 3312 et
3462 3253 3765 3310 beatissimi

2174 3352 2500 3422 patriarcha:
2526 3351 2760 3406 Abraha:
2786 3357 2841 3406 et
2879 3349 2980 3405 sub
3021 3347 3281 3418 operibus
3304 3354 3362 3402 et
3387 3343 3600 3401 studiis.
3629 3343 3766 3400 Pro-

2175 3455 2294 3514 pter
2318 3444 2458 3515 quod
2486 3445 2650 3503 etiam
2673 3443 2811 3498 sicut
2837 3441 2905 3498 ad
2934 3441 3102 3506 illum,
3136 3439 3210 3494 ita
3238 3447 3294 3494 et
3321 3437 3389 3492 ad
3417 3445 3470 3492 te
3499 3437 3608 3492 Deo
3625 3437 3766 3491 ami-

2177 3538 2451 3594 cissimum
2482 3538 2866 3609 imperatorem
2906 3541 3148 3590 nostrum
3179 3532 3311 3588 dicit
3352 3529 3594 3585 omnium
3633 3543 3766 3584 eon-

2179 3630 2350 3687 sultor
2370 3640 2424 3686 et
2451 3631 2723 3700 princeps,
2751 3643 2851 3700 per
2882 3641 3072 3684 vocem
3102 3623 3431 3681 sanctissimi
3461 3621 3632 3694 patris
3661 3620 3762 3685 tui,

2177 3732 2230 3778 et
2259 3723 2454 3778 smnmi
2487 3723 2719 3794 pastoris
2750 3721 2955 3787 nostri,
3019 3733 3084 3774 ac
3132 3717 3245 3773 Deo
3302 3715 3762 3771 amicissimorum

2177 3815 2502 3868 vicariorum
2536 3831 2549 3868 :
2586 3812 2697 3868 Nisi
2727 3813 3051 3870 benedicens
3077 3810 3393 3867 benedicam
3427 3817 3501 3873 te,
3541 3816 3598 3862 et
3625 3805 3768 3860 mul-

2181 3907 2429 3977 tiplicans
2448 3905 2825 3978 multiplicabo.
2840 3919 3024 3960 semen
3058 3914 3230 3968 tuum,
3251 3902 3389 3956 sicut
3409 3899 3592 3956 stellas
3615 3897 3766 3966 cmli,

2178 4007 2231 4054 et
2261 3999 2400 4053 sicut
2433 4012 2654 4052 arenam
2697 4011 2816 4066 quae
2867 4003 2950 4050 est
2989 3995 3043 4049 in
3073 3993 3257 4048 littore
3305 3989 3598 4054 maris,'et
3656 3987 3769 4041 ha:-

2179 4089 2410 4144 reditate
2471 4087 2769 4156 possidebit
2829 4099 3012 4141 semen
3056 4092 3206 4138 tuum
3257 4090 3314 4135 et
3355 4078 3584 4150 populus
3640 4084 3772 4132 tuus

2179 4179 2426 4235 civitates
2467 4177 2900 4234 adversariorum
2928 4172 3081 4247 (Gen.
3106 4175 3290 4244 xxu):
3331 4173 3446 4242 ipse
3487 4169 3632 4225 enim
3681 4177 3770 4232 est

2181 4271 2322 4326 Deus
2351 4278 2556 4337 noster,
2589 4270 2682 4339 qui
2701 4268 2972 4324 benedicit
2999 4265 3378 4320 benedicentes
3391 4275 3470 4327 se,
3495 4259 3588 4330 qui
3614 4258 3768 4314 solus

2180 4371 2265 4416 est
2292 4361 2606 4416 benedictus
2622 4375 2718 4431 per
2742 4359 2950 4414 inﬁnita
2975 4356 3174 4414 saecula
3191 4353 3538 4411 steculorum.
3564 4350 3762 4404 Amen.

2252 4451 2318 4505 Et
2367 4461 2486 4520 post
2537 4450 3026 4520 pronuntiationem
3086 4447 3261 4508 hanc,
3321 4457 3420 4514 per
3457 4440 3768 4513 iussionem

2111 4522 2155 4581 D
2181 4542 2338 4597 amici
2371 4542 2571 4596 Christi
2605 4541 2948 4610 imperatoris
2975 4538 3164 4600 nostri,
3194 4535 3324 4606 legit
3347 4534 3571 4588 devotus
3607 4546 3640 4586 a
3679 4545 3768 4586 se-

2185 4633 2348 4686 cretis
2378 4632 2486 4686 Leo
2520 4631 2999 4702 epanagnostieum
3046 4626 3511 4684 sanctissimorum
3570 4622 3768 4677 Roma-

2187 4735 2377 4774 normn
2410 4721 2754 4783 vicariorum,
2792 4719 2944 4788 cujus
2976 4718 3184 4772 initium
3216 4726 3299 4771 est
3336 4716 3437 4768 hoc
3465 4731 3478 4767 :

2257 4811 2539 4867 Credimus
2566 4827 2907 4881 nequaquam
2942 4809 3108 4864 latere
3137 4818 3378 4862 sanetam
3413 4814 3470 4860 et
3513 4819 3769 4876 magnam

2192 4905 2332 4958 hanc
2375 4904 2658 4974 synodum,
2701 4903 2932 4974 qualiter
2974 4901 3061 4956 hic
3102 4900 3376 4970 piissimus
3404 4906 3460 4952 ct
3503 4895 3770 4952 Christiao

2193 4997 2444 5050 nissimus
2471 5005 2523 5049 et
2551 5010 2580 5048 a
2615 4996 2721 5050 Deo
2745 5002 3020 5064 protectus
3053 4993 3348 5060 imperator
3371 4989 3524 5043 initio
3553 4987 3767 5057 imperii

2185 5087 2287 5152 sui,
2316 5085 2400 5140 cui
2433 5086 2800 5140 monarehiam
2839 5099 2990 5139 suam
3036 5082 3206 5151 magis
3240 5080 3497 5150 praestitit
3539 5080 3768 5147 impera-

2188 5186 2292 5242 tor,
2333 5175 2617 5232 eonfestim
2671 5175 2739 5231 de
2791 5185 2934 5230 statu
2985 5189 3048 5229 ac
3106 5170 3513 5241 recuperatione
3562 5179 3768 5224 sanctze

2184 5266 2799 5336 Constantinopolitante
2829 5265 3103 5330 Ecclesim,
3140 5279 3260 5334 qua:
3286 5263 3486 5317 diutius
3513 5275 3765 5330 possessa

2185 5360 2394 5414 eratab
2423 5359 2667 5413 invasere
2709 5374 2772 5412 ac
2806 5367 3032 5429 tyranno
3055 5356 3271 5422 Photio,
3306 5354 3544 5426 cogitare
3579 5366 3766 5422 cmpe-

2185 5451 2270 5515 rit,
2305 5452 2574 5522 quomodo
2600 5467 2662 5505 ex
2695 5451 2881 5508 cadem
2915 5451 3062 5505 illum
3104 5449 3326 5520 pelleret
3357 5446 3627 5510 Ecclesia;
3671 5445 3767 5510 sed

2184 5557 2238 5601 et
2294 5546 2547 5602 divinitus
2600 5547 2914 5615 inspiratus,
2971 5554 3024 5600 et
3081 5553 3390 5600 sanctorum
3439 5551 3493 5597 ct
3544 5541 3768 5614 Patrum

2187 5649 2451 5709 praecepta
2482 5641 2532 5693 in
2561 5639 2808 5692 omnibus
2850 5635 3143 5705 adimplere
3176 5635 3509 5698 desiderans,
3542 5628 3766 5700 proiecit

2263 5756 2286 5793 1‘
2319 5756 2372 5808 l;l
2401 5765 2504 5818 est,
2541 5752 2802 5822 spiriluali
2838 5751 3004 5804 Edon.
