3960 5560
257 404 327 458 85
951 407 1501 467 INTERPRETATIO
1540 414 1787 468 SXNUUI
1834 414 1936 468 VIII
1977 415 2385 471 CENERALIS.
2432 446 2499 457 —
2537 415 2739 471 AC'I‘IO
2781 415 2860 468 VI.
3325 470 3330 474 .
3466 411 3532 464 δε)

261 517 606 584 deEeclesia
631 517 724 575 Dei
752 520 862 591 jam
894 523 1095 577 dictum
1136 525 1436 579 adultertnn
1481 526 1751 590 I'hotium,
1799 539 1848 579 et
1888 529 2073 590 Arius
2108 528 2230 598 legit
2273 530 2556 598 epistulam
2592 545 2753 599 quam
2792 528 2936 581 misit
2985 527 3355 580 sanctissiums
3401 541 3531 595 papa

261 607 505 662 restituit
531 608 582 664 ei
612 618 860 664 sanctum
893 613 1065 667 virum
1107 630 1291 669 senem
1341 627 1394 670 ct
1447 619 1648 670 lmnunt
1695 619 1856 672 culto-

264 713 376 752 rem
418 697 696 765 lgnalium
730 702 1101 759 beatissimum
1147 709 1536 776 patriarcham.
1576 710 1702 764 Post
1746 712 1859 765 ha-c

263 788 338 843 nil
387 799 662 856 moratus,
710 794 1170 861 prtedecessorum
1204 814 1422 854 suorum
1464 801 1860 856 Christianissi-

266 896 479 936 morum
538 882 931 952 imperatorum
982 899 1198 944 secutus
1240 892 1506 960 exempla,
1556 894 1861 948 transmisit

267 975 478 1047 legatos
520 993 652 1033 suos
698 980 1062 1037 nobilissimos
1107 983 1250 1039 viros
1301 985 1548 1050 Romam,
1601 986 1860 1042 Joannem

268 1068 480 1122 scilicet
528 1069 1065 1128 bonorabilissimum
1122 1077 1520 1146 metropolitani
1577 1078 1758 1148 Sylzei,
1800 1095 1862 1133 ac

269 1158 531 1215 Basiliam
567 1161 944 1219 ﬁdelissimum
973 1165 1307 1234 Spatharium
1346 1183 1531 1233 suum,
1571 1169 1865 1238 deposcens

270 1261 520 1308 sanctam
567 1254 871 1311 Romanam
916 1258 1210 1314 Ecclesiam
1260 1260 1431 1316 sacris
1459 1261 1621 1315 etiam
1671 1261 1866 1316 litteris

273 1344 420 1398 suis:
457 1346 556 1413 qui
595 1347 877 1402 venientes
927 1348 1248 1404 invenerunt
1302 1351 1353 1405 in
1407 1365 1469 1405 ea
1521 1351 1863 1420 praesulatum

272 1445 552 1507 gerentem
585 1439 993 1496 sanctissimum
1035 1450 1089 1496 et
1119 1443 1646 1499 honorabilissinnnn
1675 1443 1866 1506 Adria-

276 1542 420 1590 num,
451 1542 482 1579 a
511 1527 630 1583 Deo
651 1529 983 1585 destinatum
1015 1533 1326 1601 pontificem
1359 1549 1650 1598 sun'mntm,
1675 1535 1867 1589 dantes

277 1619 323 1672 ei
348 1618 566 1674 litteras
601 1621 774 1689 ipsius
807 1623 984 1692 magni
1027 1624 1389 1694 imperatoris,
1436 1634 1490 1679 et
1537 1635 1869 1694 exponentes

278 1723 367 1777 per
389 1710 648 1765 ordinem
673 1710 843 1766 etiam
883 1712 1078 1775 verbis,
1111 1723 1310 1784 quanta
1359 1715 1592 1769 turbatio
1621 1725 1676 1770 et
1704 1729 1867 1770 vexa-

284 1800 351 1854 tio
400 1801 546 1869 apud
607 1803 753 1857 hanc
806 1803 918 1859 Deo
974 1805 1399 1881 conservandam
1451 1806 1784 1876 provinciam
1838 1822 1866 1859 a

1966 617 2213 673 Nicolaus
2242 636 2337 688 per
2360 619 2595 674 Leonem
2632 636 2661 673 a
2687 619 2910 672 secretis
2937 618 3001 670 ad
3032 616 3342 670 Michaelem
3374 617 3538 684 impe-

1965 718 2216 774 ratorem,
2249 720 2303 764 et
2329 726 2490 780 quam
2520 712 2586 763 ad
2611 711 2878 774 Photium,
2911 724 3028 778 quae
3059 708 3385 778 praesen-ipim
3414 719 3539 762 sunt

1961 800 2016 852 in
2047 810 2238 868 quarta
2269 801 2500 855 aetione.
2529 801 2593 854 Et
2616 811 2738 869 post
2769 802 2961 854 harum
2993 801 3542 871 lectionem,surgcns

1965 889 2109 944 Elius
2127 889 2233 944 Deo
2255 889 2664 953 colendissimus
2689 879 2972 960 presbyter
2991 900 3043 944 et
3059 905 3114 960 sy
3125 889 3347 955 ncellus,
3365 890 3538 944 locum

1963 977 2210 1037 obtinens
2241 983 2526 1036 Theodosii
2557 984 2874 1050 patriarchm
2902 982 3418 1050 Hierosolymorum,
3458 982 3541 1034 di—

1965 1074 2042 1126 xit
2069 1091 2081 1127 :
2112 1073 2204 1128 Dei
2231 1075 2372 1129 circa
2405 1091 2500 1128 nos
2531 1075 2783 1128 bonitatis
2821 1074 3036 1127 divitias
3067 1074 3430 1126 necesszn'inm
3461 1081 3540 1126 (τε-ἒ

1966 1164 2287 1220 annuntiare
2310 1174 2359 1218 et
2389 1165 2682 1233 praadieare
2712 1181 2725 1217 :
2762 1181 2864 1219 non
2910 1164 3080 1219 solum
3125 1164 3266 1220 enim
3297 1162 3539 1231 pretiosis

1968 1255 2282 1310 muneribus
2306 1256 2564 1311 vilitatem
2603 1264 2839 1310 nostram
2891 1256 3106 1324 dignam
3157 1257 3396 1316 exhibet,
3452 1256 3545 1307 sed

1968 1353 2022 1399 et
2048 1342 2347 1398 facinorum
2381 1342 2704 1398 multifarios
2736 1345 3030 1414 compescit
3055 1354 3110 1399 et
3167 1344 3411 1413 reprimit
3442 1344 3541 1396 im—

1970 1444 2141 1505 petus.
2187 1437 2534 1491 Prasuosccns
2583 1436 2726 1490 enim
2779 1432 3134 1490 turbationcm
3195 1452 3314 1503 qua:
3370 1436 3546 1489 inerat

1972 1528 2096 1584 huic
2118 1528 2306 1583 amicae
2331 1527 2530 1583 Christi
2559 1528 2785 1592 civitati,
2809 1527 3256 1597 quemadmodum
3297 1527 3350 1580 iu
3403 1541 3544 1595 prre-

1971 1622 2212 1677 sentibns
2242 1621 2485 1675 videmus
2501 1621 2746 1691 negotiis,
2779 1620 3077 1690 piissimum
3101 1628 3154 1674 et
3181 1619 3380 1672 Christi
3406 1619 3540 1670 ami-

1972 1729 2093 1768 cum
2127 1712 2508 1781 imperatorem
2535 1720 2779 1768 nostrum
2809 1709 3086 1765 suscitavit
3115 1709 3180 1762 ad
3199 1709 3548 1763 stabilitatem

1973 1804 2376 1860 eterectionem
2400 1803 2891 1859 ecclesiasticarum
2929 1815 3151 1855 rerum:
3205 1797 3357 1866 cujus
3382 1813 3552 1851 cornu

278 1891 465 1946 Photio
495 1900 740 1962 tyranno
762 1910 826 1948 ac
858 1895 1106 1950 invasere
1135 1904 1370 1965 peracta:
1399 1907 1542 1952 sunt.
1570 1897 1720 1952 Tunc
1748 1898 1865 1952 bca-
1903 1910 1944 1968 Β
1975 1898 2176 1952 exaltet
2202 1896 2343 1952 Deus
2373 1897 2424 1950 in
2454 1897 2870 1966 sempiternum,
2897 1903 2952 1950 et
2981 1891 3226 1964 perﬁciat
3284 1892 3337 1945 in
3386 1891 3550 1945 bene-

280 1980 522 2036 tissimus
557 1981 841 2037 Adrianus
888 1999 1025 2054 papa
1077 1985 1372 2050 Rullianus,
1426 1987 1527 2042 hoc
1574 1995 1866 2055 comperto,

280 2070 550 2126 advocatis
563 2072 838 2143 quosdam
864 2075 1146 2146 episcopos
1166 2077 1591 2134 Occidentalium
1616 2079 1871 2148 partium,

281 2163 491 2232 collegit
526 2165 804 2233 synodum
838 2168 890 2221 in
935 2166 1163 2224 ecclesia
1210 2171 1384 2225 sancti
1436 2171 1663 2241 apostoli
1706 2171 1872 2236 Petri,

286 2269 384 2310 non
417 2255 488 2310 ad
538 2255 974 2314 destructionem
1017 2257 1206 2327 judicii
1260 2277 1324 2316 ac
1374 2263 1714 2318 decretorum
1755 2277 1876 2332 qua:

290 2343 540 2400 decessor
569 2341 696 2414 ejus
721 2345 895 2404 beatae
927 2350 1203 2405 memoriae
1231 2367 1366 2420 papa
1399 2351 1646 2408 Nieolaus
1675 2353 1739 2406 de
1762 2352 1875 2421 jam

288 2435 407 2493 dicti
438 2436 629 2492 Photii
679 2438 946 2495 invaseris
993 2441 1332 2510 expulsione,
1360 2457 1424 2497 ac
1454 2443 1518 2497 de
1548 2445 1876 2499 sanctissimi

286 2524 468 2594 lgnatii
496 2527 839 2596 patriarcha:
874 2530 1079 2599 peregit
1109 2531 1472 2598 restitutione,
1501 2532 1594 2588 sed
1625 2533 1690 2587 ad
1724 2534 1879 2589 robo-

292 2620 509 2676 randum
563 2632 740 2694 atque
809 2623 1135 2680 ﬁrmandum
1189 2635 1385 2681 cuncta
1451 2627 1748 2684 decessoris
1797 2629 1880 2684 sui

292 2711 582 2780 mandata;
627 2728 736 2784 qua
768 2731 867 2786 pro
892 2731 1054 2772 causa
1102 2733 1202 2773 nos
1249 2717 1479 2774 famulos
1519 2735 1648 2775 suos
1676 2721 1731 2774 et
1761 2735 1880 2775 san-

293 2812 385 2859 cla:
408 2803 682 2861 Romana:
737 2806 991 2864 Ecclesia
1030 2808 1176 2862 misit
1205 2808 1312 2864 huc
1339 2824 1462 2864 cum
1491 2809 1735 2879 epistolis
1765 2810 1879 2865 suis

294 2895 356 2951 ad
396 2895 714 2966 piissimum
745 2905 802 2950 et
837 2896 1361 2954 Christianissimum
1393 2900 1794 2969 imperatorem,
1826 2907 1880 2953 et

294 2987 355 3041 ad
386 2988 806 3044 sanctissimum
829 2989 1005 3044 virum
1035 2990 1299 3061 Ignatium
1328 2991 1690 3062 patriarcham
1723 2990 1881 3060 hujus

295 3087 491 3134 sancte
533 3077 1158 3151 Constantinopolitanae
1185 3081 1459 3146 Ecclesize,
1487 3081 1798 3153 signiﬁcans
1828 3080 1880 3134 in

294 3166 491 3222 eisdem
521 3166 780 3245 epistolis
809 3177 1078 3238 quatenus
1107 3170 1283 3226 locum
1325 3179 1381 3226 et
1419 3170 1590 3226 vicem
1641 3169 1757 3238 ejus
1809 3178 1884 3226 te-

1975 1989 2169 2058 placito
2192 2002 2310 2051 suo,
2339 1985 2629 2055 subjiciens
2654 1987 2701 2040 ei
2742 1998 2928 2040 omnes
2979 1975 3238 2037 barbaras
3275 1981 3542 2045 nationes.

1974 2079 2158 2150 Itaque
2179 2078 2582 2134 demorantibus
2603 2077 2758 2132 nobis
2786 2076 2893 2139 hic,
2939 2073 3217 2129 evidenter
3278 2071 3548 2140 apparuit,

1976 2171 2100 2240 quia
2131 2170 2374 2240 Ignatius
2401 2168 2778 2230 sanctissimus
2813 2163 3122 2236 patriarcha
3189 2161 3552 2232 pastoralibus

1977 2262 2163 2318 oﬁiciis
2192 2261 2422 2318 evellere
2481 2276 2544 2316 ac
2588 2259 2829 2315 recidere
2867 2256 3182 2325 injustitiam
3237 2269 3553 2323 properans,

1977 2351 2248 2422 projectus
2274 2367 2304 2406 a
2327 2351 2519 2407 throno
2546 2365 2644 2405 suo
2677 2349 2744 2402 ad
2793 2347 3144 2402 novissimum
3190 2351 3273 2398 est
3303 2343 3557 2397 exsiliunt

1981 2443 2208 2498 traditus
2245 2457 2258 2495 :
2297 2456 2394 2511 pro
2422 2443 2538 2511 ipso
2569 2455 2697 2495 vero
2744 2438 2880 2492 alius
2907 2435 3124 2506 quidam
3174 2433 3419 2495 Photius,
3466 2432 3556 2499 qui

1980 2533 2118 2603 apud
2147 2549 2246 2590 nos
2276 2532 2618 2595 noscebatur,
2640 2529 2960 2598 subrogatus
2980 2535 3064 2581 est
3115 2525 3168 2579 in
3203 2525 3303 2578 hoc
3334 2525 3548 2576 throno.

1980 2623 2261 2679 Piissimus
2297 2631 2476 2678 autem
2514 2622 2806 2691 imperator
2828 2628 3030 2682 noster,
3066 2625 3122 2670 ut
3145 2630 3240 2684 per
3269 2629 3326 2668 se
3378 2615 3560 2680 inspe—

1979 2725 2098 2772 ctor
2123 2724 2178 2769 et
2205 2714 2452 2785 cognitor
2472 2727 2760 2768 causarum
2792 2711 3050 2774 existens,
3083 2716 3138 2762 et
3163 2707 3340 2760 sciens
3377 2703 3562 2759 certis-

1981 2805 2116 2860 sime
2154 2803 2383 2874 qualitcr
2423 2801 2564 2856 facta
2621 2801 2726 2855 sint
2782 2799 2906 2853 talia
2935 2838 2949 2863 ,
3017 2797 3194 2852 sciens
3229 2795 3393 2850 etiam
3437 2808 3563 2861 pro—

1982 2895 2147 2950 latum
2177 2907 2276 2962 pro
2331 2889 2673 2947 sanctissimo
2713 2887 2919 2958 lgnatio
2968 2894 3022 2940 et
3069 2896 3257 2940 contra
3285 2882 3558 2944 'l’hotium

1976 2982 2291 3054 judiciuma
2331 2981 2530 3036 seniori
2575 2980 2768 3043 Roma,
2812 2992 2957 3043 eum,
2985 2976 3075 3045 qui
3126 2974 3308 3043 inique
3336 2989 3396 3028 ac
3445 2971 3564 3026 sine

1982 3074 2098 3146 lege
2121 3089 2150 3128 a
2185 3073 2403 3143 proprio
2427 3071 2623 3126 throno
2650 3070 2889 3140 dejectus
2917 3078 3000 3122 est
3053 3081 3147 3135 per
3181 3063 3472 3134 legit-imam
3507 3073 3563 3114 et

1976 3165 2178 3234 justam
2209 3163 2532 3220 sententiam
2564 3176 2752 3217 rursus
2781 3159 2847 3214 ad
2872 3159 3148 3230 preprinm
3179 3157 3430 3211 thronum
3479 3168 3566 3208 re-

297 3272 418 3314 uere
445 3273 512 3313 ac
543 3258 848 3316 defendere
873 3261 926 3315 in
955 3261 1057 3316 hac
1082 3271 1272 3317 saneta
1303 3263 1508 3334 synodo
1548 3263 1876 3318 debeamus:
1909 3261 1954 3322 C
1986 3259 2159 3324 duxit,
2187 3267 2242 3312 et
2267 3257 2441 3316 locum
2495 3269 2653 3311 suum
2699 3252 2974 3324 pervasori
3028 3249 3217 3304 Photio
3269 3247 3569 3305 secundum

295 3347 382 3416 qui
409 3349 612 3417 etiam,
642 3349 780 3406 duce
823 3351 951 3417 Deo,
982 3351 1116 3406 salvi
1148 3362 1200 3406 et
1229 3352 1344 3408 sani
1375 3353 1426 3406 in
1458 3353 1598 3407 hanc
1630 3353 1880 3423 perveni-

301 3454 411 3494 mus
451 3442 671 3512 regiam
699 3426 1053 3520 provinciam.
1089 3444 1262 3498 Etiam
1292 3443 1645 3514 patefecimus
1673 3446 1723 3498 in
1753 3461 1885 3514 pra:-

296 3530 623 3587 cedentibus
663 3523 970 3590 actionibus
1005 3536 1132 3605 quid
1172 3534 1450 3590 deﬁnitum
1481 3536 1550 3590 sit
1577 3537 1640 3590 de
1672 3536 1881 3603 Photio,

299 3630 349 3675 ct
377 3622 442 3677 de
468 3622 728 3679 Ecclesia
753 3625 1348 3696 Constantinomlitana
1380 3641 1410 3680 a
1449 3626 1804 3682 sanctissimis
1831 3635 1886 3682 et

303 3712 743 3772 laudabilissimis
797 3718 926 3774 vii:
977 3718 1199 3773 Nicolao
1259 3719 1464 3773 beataa-
1498 3720 1886 3774 recordationis

303 3817 428 3873 papa
451 3805 731 3872 Romano,
759 3818 812 3862 et
843 3807 912 3862 ab
938 3807 1178 3864 Adriano
1227 3810 1408 3862 divina
1454 3809 1628 3880 gratia
1676 3825 1885 3865 succes-

304 3910 420 3951 sere
462 3897 672 3969 ipsius;
701 3909 756 3954 et
781 3901 1054 3956 credimus
1104 3902 1228 3970 quia
1279 3901 1606 3970 superfluum
1657 3909 1740 3956 est
1781 3901 1889 3956 fre-

305 3996 530 4053 quenter
567 3989 762 4070 eadem
795 3991 976 4046 dicere
1003 3991 1088 4045 vel
1128 4000 1389 4060 repetere.
1422 3992 1626 4046 Idcirco
1655 3992 1887 4060 petimus

305 4092 333 4129 a
364 4081 610 4149 piissimo
643 4093 698 4137 et
723 4081 1186 4139 Christianissian
1221 4085 1557 4154 imperatore-
1584 4095 1642 4139 ut
1676 4085 1888 4154 exposi-

306 4168 377 4223 tio
403 4170 494 4226 illa
541 4187 669 4242 quae
695 4172 867 4228 delata
895 4182 980 4229 est
1009 4175 1109 4228 sub
1148 4173 1654 4242 przevaricatoribus
1680 4189 1742 4228 ac
1773 4189 1889 4242 pro-

308 4263 603 4320 tectoribus
631 4264 1046 4331 calumniarum,
1074 4280 1142 4320 ne
1170 4265 1402 4334 amplius
1431 4265 1752 4320 retardetur.
1790 4263 1886 4318 Vc-

309 4361 611 4410 rumtamen
641 4356 1093 4424 quemadmodum
1140 4357 1206 4410 ad
1256 4356 1551 4410 Romanam
1591 4356 1885 4410 Ecclesiam
1922 4423 1928 4431 .

308 4444 442 4510 quod
471 4459 752 4515 nunquam
803 4447 1027 4503 Photius
1067 4445 1230 4501 fuerit
1275 4447 1539 4501 admissus
1569 4447 1620 4500 in
1655 4447 1888 4516 patriar-

311 4534 443 4589 chali
471 4538 738 4609 dignitate
757 4539 1104 4596 manifestum
1132 4545 1236 4604 est,
1261 4539 1331 4592 ita
1354 4547 1408 4594 et
1434 4540 1498 4594 ab
1520 4538 1885 4595 Orientalibus

1984 3349 2226 3405 ordinem
2255 3345 2558 3416 impertitus
2607 3353 2708 3400 est.
2760 3343 3023 3410 Quoniam
3069 3356 3198 3395 vero
3247 3354 3368 3394 eum
3420 3349 3566 3392 esset

1980 3439 2158 3510 justus
2179 3446 2232 3492 et
2267 3437 2560 3508 piissimus,
2587 3435 2769 3489 volens
2815 3432 3106 3503 perfectius
3137 3447 3201 3486 ac
3227 3429 3562 3486 manifestius

1984 3531 2266 3586 veritatem
2306 3527 2638 3590 conﬁrmari,
2677 3525 2816 3582 bene
2855 3523 3112 3593 judicavit
3141 3521 3285 3576 etab
3315 3519 3563 3575 omnibn:.

1985 3621 2325 3692 patriarchiis
2359 3619 2587 3674 vicarius
2611 3619 2715 3672 huc
2747 3615 3018 3684 coiligere.
3044 3611 3274 3668 Perfecit
3303 3610 3560 3664 Domina.

1988 3714 2126 3768 Deus
2148 3713 2346 3766 bonum
2373 3709 2663 3765 consilium
2708 3706 2824 3775 ejus
2851 3707 2916 3760 ad
2968 3705 3020 3759 id
3069 3705 3209 3775 quod
3262 3701 3451 3756 melius
3511 3712 3564 3768 et

1987 3803 2371 3859 ecclesiasticae
2405 3800 2731 3857 ordinationi
2766 3798 2942 3868 aptius
2977 3797 3192 3858 existat,
3239 3794 3564 3850 eouveuien~

1989 3894 2128 3949 tibus
2154 3892 2402 3947 videlicet
2433 3892 2516 3946 hic
2538 3891 2767 3946 senioris
2799 3890 2983 3944 Romae
3017 3886 3374 3943 sanctissimis
3407 3883 3560 3938 vica»

1988 3986 2082 4038 riis
2117 4000 2179 4040 ac
2208 3985 2511 4039 humilitate
2537 3993 2737 4039 nostra.
2771 3983 2976 4039 Cuncta
3004 3994 3237 4049 namque
3284 3992 3562 4048 emergen~

1989 4075 2059 4127 tia
2093 4073 2485 4142 perquirentes,
2516 4072 2802 4127 didicimus
2829 4072 3049 4135 certius,
3075 4071 3240 4142 quod,
3269 4084 3391 4123 cum
3414 4081 3552 4134 esse}

1987 4164 2222 4233 lguatius
2273 4163 2646 4218 sanctissimus
2705 4163 3014 4232 patriarcha
3055 4163 3107 4215 in
3158 4159 3371 4222 exsilio,
3415 4159 3558 4226 quos!

1988 4256 2206 4325 pertulit
2240 4255 2527 4310 violentius
2555 4264 2609 4310 et
2651 4256 2887 4325 iniquius
2912 4270 2974 4311 ac
3034 4253 3304 4322 injustius,
3328 4250 3562 4308 dill'atna-

1990 4357 2099 4401 tum
2127 4347 2307 4413 fuerit,
2356 4347 2482 4416 quia
2519 4348 2769 4402 thronum
2793 4343 3336 4414 Constantinopolws
3358 4343 3548 4396 refuta~

1990 4440 2092 4505 vit;
2131 4441 2223 4496 sed
2253 4441 2446 4495 adhoc
2475 4454 2573 4494 nos
2600 4440 2826 4494 dicimus
2880 4439 3045 4511 (quod
3070 4449 3123 4494 et
3169 4438 3321 4493 nobis
3379 4445 3562 4490 sancm

1992 4534 2358 4589 Romanorum
2388 4533 2625 4587 Ecclesia
2667 4531 2891 4586 multaut
2923 4539 3046 4585 ante
3074 4528 3408 4598 prmdicavit)
3433 4527 3558 4594 quis

309 4623 521 4680 sedibus
551 4642 652 4696 per
681 4628 1182 4685 honorabilissimos
1217 4629 1362 4684 viros
1393 4629 1584 4684 litteris
1623 4637 1677 4684 et
1708 4629 1885 4697 verbis
1917 4619 1963 4678 D
1991 4642 2094 4679 non
2132 4625 2400 4680 credimus
2439 4624 2632 4676 factam
2655 4623 2820 4677 fuisse
2868 4621 3241 4674 refutationem
3268 4634 3283 4672 ε
3329 4619 3374 4673 si
3434 4618 3566 4670 vero

308 4713 410 4782 jam
435 4718 612 4774 edocti
641 4737 844 4785 sumus,
877 4722 1129 4778 Photium
1163 4723 1429 4777 mwchum
1459 4731 1516 4776 et
1536 4737 1883 4791 pervaserem

313 4803 595 4876 aliquando
626 4809 679 4864 in
713 4811 1071 4880 patriarchico
1121 4812 1314 4867 throno
1367 4812 1668 4866 nullatenus
1721 4811 1885 4866 fuisse

317 4908 606 4967 receptum.
655 4901 817 4968 Ecce,
849 4904 1080 4959 scientes
1112 4903 1373 4958 unitatem
1406 4910 1738 4958 sanctarum
1790 4901 1883 4956 Dei

315 4985 699 5058 Ecclesiarum,
760 4995 945 5062 utquid
981 5003 1204 5067 propter
1233 4992 1549 5061 injustitiam
1597 5002 1650 5048 et
1698 5006 1887 5047 verrit»

318 5089 431 5132 rum
483 5081 815 5150 conflictum,
864 5085 932 5141 ab
977 5085 1177 5156 iniquis
1222 5095 1276 5140 et
1324 5100 1428 5141 non
1474 5086 1890 5156 intelligentihus

320 5165 446 5223 viris
464 5173 714 5229 exaudiri
740 5178 1150 5244 exspectamus?

382 5259 446 5313 Et
469 5271 589 5330 post
617 5264 1032 5334 completionem
1061 5272 1469 5340 epanagnostici
1503 5272 1688 5342 jussus
1715 5272 1886 5325 Theo-

318 5348 485 5418 philus
509 5351 962 5415 laudabilissimus
988 5360 1456 5431 protospatharius
1483 5374 1538 5420 et
1566 5362 1885 5434 praepositus

1991 4725 2044 4770 et
2072 4714 2210 4770 facta
2257 4723 2358 4776 est,
2389 4711 2763 4783 irreceptibilis
2821 4718 2906 4766 est
2951 4710 3093 4779 apud
3147 4724 3264 4774 nos,
3303 4720 3369 4762 eo
3422 4721 3564 4776 quo;

1994 4807 2274 4875 tyrannica
2311 4804 2448 4859 facta
2474 4801 2662 4868 fuerit,
2689 4809 2742 4856 et
2773 4809 2980 4866 coacto,
3037 4811 3196 4870 atque
3247 4799 3444 4862 invite;
3487 4800 3552 4849 si-

1994 4899 2208 4968 quidem
2249 4900 2349 4954 hoe
2379 4895 2538 4950 facile
2568 4894 2842 4966 perspicit.
2893 4895 3078 4962 Itaque
3134 4892 3400 4947 incertum
3452 4904 3562 4941 no;-.

1994 5002 2104 5048 est:
2130 5007 2302 5063 neque
2323 4990 2468 5047 enim
2498 4990 2638 5061 quis,
2666 5004 2788 5042 cum
2814 4989 2883 5042 sit
2907 4988 2957 5040 iu
2979 4983 3183 5039 exsiliis
3214 4989 3270 5036 et
3305 4979 3533 5036 extremi
3560 5013 3570 5024 ε

1996 5084 2192 5154 poenis,
2225 5085 2390 5141 etiam
2427 5081 2672 5136 refutans
2699 5076 3095 5132 existimabitur
3139 5073 3433 5129 secundum
3474 5085 3570 5121 γυ-

1994 5191 2110 5230 rnm
2138 5175 2407 5231 refutandi
2438 5175 2674 5227 modum.
2711 5168 2842 5222 Nam
2874 5165 3199 5223 omnimodis
3260 5164 3440 5220 vivere
3477 5161 3571 5213 dc-

1992 5267 2268 5333 sperabat,
2287 5280 2383 5336 per
2409 5259 2772 5333 singulosdies
2799 5267 3025 5313 mortem
3041 5254 3381 5325 prmstolans,
3396 5257 3576 5303 etsua-

1993 5356 2162 5425 ipsius
2184 5359 2306 5413 vitze
2329 5349 3449 5423 quotidiepalidetrimentumexspectans:
3478 5355 3534 5390 se
3565 5365 3571 5384 ι

2010 5462 2014 5463 ν
2061 5448 2222 5490 “nl-lu,
2245 5449 2331 5490 Πιιῖ
2353 5443 2719 5490 ..ιῖοιινίρηνιὶίςι
2739 5443 2960 5490 ατιΙυσινῙι
2989 5455 3130 5490 (IIII!!-
3149 5447 3407 5490 nrn'n'H‘”
