3960 5428
449 394 512 448 8.,
1382 384 1399 393 ν-
1415 402 1422 410 .

1618 400 1977 457 ANASTASII
2014 407 2552 470 BiBLlO‘i‘llECARll
2973 400 3020 434 ³¹
3074 402 3079 407 ’
3193 400 3212 413 ’³
3250 403 3258 413 ’
3633 426 3701 481 ss

452 506 796 571 denuntians,
849 507 975 576 quia
1008 524 1287 579 nunquam
1315 513 1604 584 aliquando
1630 517 2027 587 depositionem
2058 525 2099 582 Λ
2130 526 2375 592 attraxit,
2407 527 2655 596 opinatus
2676 543 2771 598 per
2791 528 2892 586 hoc
2924 530 3299 589 inconcussum
3329 549 3389 590 se
3416 550 3482 593 ac
3507 531 3699 595 immo-

451 597 778 653 sanctissimi
804 600 1129 668 patriarchae
1158 602 1344 674 ignatii
1374 605 1710 677 admisimus,
1733 625 1908 680 neque
1935 611 2021 666 lit-

454 693 600 745 teras
633 701 662 741 a
692 686 886 746 Photio
917 693 1241 762 recepimus,
1268 709 1444 766 neque
1468 697 1535 753 ad
1557 713 1680 754 eum
1712 703 2019 758 transmisi-

455 791 612 844 mus;
636 792 810 848 neque
827 780 972 834 enim
993 796 1023 835 a
1048 787 1424 844 communione
1448 790 1771 847 sanctissimi
1794 794 2023 861 patriar-

454 866 571 921 cita:
616 866 803 938 lgnatii
858 868 1143 941 aliquando
1207 876 1363 937 scissi
1414 877 1629 936 fuimus.
1680 882 1747 937 Et
1796 883 2021 953 idcirco,

453 956 947 1029 etiamsigveraciter
959 962 1158 1031 dicant,
1182 967 1273 1036 qui
1295 968 1482 1026 dicunt
1504 989 1516 1025 :
1541 969 1796 1030 Coactam
1820 976 2024 1033 violen-

455 1048 589 1105 tiam
644 1049 1021 1111 refutationem
1073 1071 1179 1111 non
1234 1058 1639 1131 existimamus;
1700 1066 1745 1120 si
1803 1082 1933 1124 vero
1968 1078 2024 1126 et

455 1138 521 1197 ad
553 1141 921 1198 rationabilem
970 1148 1376 1205 excusationem
1439 1154 1522 1210 sui
1578 1154 1634 1210 hi
1686 1159 1777 1227 qui
1830 1157 2023 1216 Photio

452 1226 662 1291 haerent
720 1230 996 1298 dixerint,
1040 1236 1187 1304 quod
1246 1239 1485 1309 undique
1548 1226 1906 1316 metrbpolitze
1956 1262 2023 1304 ac

451 1317 685 1389 episcopi
722 1321 931 1378 collecti
968 1323 1217 1381 Photium
1266 1330 1333 1384 ad
1365 1332 1757 1400 promotionem
1788 1337 2023 1406 pertule-

451 1407 583 1473 rint,
608 1418 663 1466 et
689 1410 889 1474 idcirco
934 1414 983 1469 si
1024 1414 1113 1471 ille
1134 1416 1433 1487 dejectione
1460 1421 1653 1493 dignus
1681 1433 1817 1489 erat,
1848 1435 1904 1480 et
1946 1426 2022 1483 illi

450 1499 621 1559 multo
647 1501 839 1573 magis,
880 1504 1008 1563 talia
1038 1505 1268 1567 dicimus
1295 1511 1363 1565 ad
1386 1525 1499 1579 eos,
1529 1513 1653 1584 quia
1684 1514 1738 1570 in
1785 1520 2023 1574 secunda

449 1600 638 1649 sancta
664 1602 719 1650 et
742 1597 1035 1655 universali
1072 1601 1300 1672 synodo,
1328 1618 1449 1673 quae
1470 1604 1694 1663 collecta
1723 1617 1807 1664 est
1836 1609 1890 1665 in
1921 1610 2023 1668 hac

450 1681 625 1773 amica
650 1682 852 1741 Christi
877 1688 1010 1744 urbe
1024 1690 1125 1747 sub
1147 1692 1241 1747 Dei
1266 1694 1474 1751 cultore
1494 1694 1797 1757 Theodosio
1824 1716 2021 1773 magno
2074 1718 2076 1721 ·

451 1770 800 1843 imperatore,
826 1775 1091 1837 Maximus
1109 1783 1324 1852 quidam
1349 1784 1604 1858 Cynicus,
1627 1798 1683 1847 et
1702 1793 1878 1849 omnis
1903 1770 2021 1863 ejus

446 1877 640 1920 manus
663 1865 936 1938 impositio
948 1872 1277 1941 repulsaest,
1301 1877 1392 1945 qui
1408 1888 1587 1935 autem
1608 1885 1874 1950 promovit
1892 1862 2014 1943 eum
2048 1862 2095 1924 Β

443 1953 513 2010 ad
557 1957 898 2026 praesulatum
924 1962 1165 2033 deiectus
1191 1982 1297 2023 non
1317 1977 1416 2026 .est
1437 1986 1467 2024 a
1503 1980 1649 2028 sorte
1679 1987 1797 2041 sua,
1833 1975 2019 2033 Timo-

432 2046 605 2107 theus
628 2049 876 2108 videlicet
896 2054 1377 2115 Alexandrinorum
1399 2064 1691 2131 provincia:
1714 2067 2019 2140 episcopus.

445 2136 563 2195 Non
594 2140 765 2199 solum
800 2155 979 2203 autem
1009 2149 1122 2220 ipse
1147 2150 1371 2209 minime
1392 2163 1476 2213 est
1506 2136 1771 2227 repulsus,
1800 2136 2023 2218 setlvncc

428 2229 730 2302 quisquam
751 2236 1122 2309 episcoporum
1143 2241 1429 2311 Timothei,
1459 2246 1549 2317 qui
1572 2249 1776 2318 pariter
1794 2252 2022 2322 inventi,

443 2330 496 2376 et
527 2322 580 2379 in
624 2323 843 2384 Maximi
883 2332 1276 2400 ordinationem
1308 2345 1365 2393 et
1393 2345 1791 2409 provectionem
1829 2361 2024 2419 coope-

445 2414 548 2470 rati
578 2426 724 2485 sunt,
748 2419 1032 2481 damnatus
1057 2434 1161 2493 est,
1187 2428 1317 2499 quin
1343 2432 1524 2501 potius
1551 2436 1785 2494 honores
1804 2448 1858 2494 et
1886 2414 2023 2511 pra:-

447 2506 554 2563 mia
584 2523 931 2570 meruerunt:
971 2519 1225 2587 quoniam
1268 2521 1583 2582 Timotheus
1612 2528 1818 2598 primus
1851 2506 2024 2589 factus

442 2604 530 2691 est
590 2600 860 2691 prtedicta:
922 2615 1124 2663 sanctze
1184 2611 1374 2680 synodi
1450 2617 1781 2685 praesidens,
1839 2629 2023 2691 utpote

440 2684 785 2749 Alexandriae
832 2693 1159 2762 patriarcha,
1215 2708 1270 2756 et
1318 2717 1423 2757 una
1468 2719 1589 2760 cum
1629 2684 2021 2780 episcopis-qui

440 2790 629 2833 secum
671 2790 827 2837 erant
858 2786 1107 2853 provexit
1136 2786 1446 2848 Nectarium
1484 2793 2021 2868 Constantinopoleos

439 2868 827 2938 patriarcham.
872 2873 1058 2946 itaque
1098 2893 1204 2936 non
1252 2880 1541 2940 damnandi
1572 2886 1711 2957 apud
1758 2902 1857 2944 nos
1895 2899 2023 2946 sunt

441 2957 679 3028 episcopi
704 2961 797 3045 qui
828 2961 1032 3021 inventi
1057 2976 1185 3023 sunt
1207 3008 1224 3035 ,
1263 2979 1318 3026 et
1347 2975 1808 3033 consecrationem
1843 2976 2020 3037 Photii

439 3046 723 3119 fecerunt,
763 3065 829 3107 eo
874 3052 1016 3123 quod
1065 3057 1300 3114 maxime
1337 3062 1513 3118 coacti
1561 3063 1630 3119 ab
1672 3066 2019 3138 imperatoria

440 3147 710 3209 potestate
753 3158 819 3198 ac
850 3145 1091 3214 potentia
1134 3147 1204 3203 ad
1248 3149 1409 3206 talem
1439 3152 1655 3225 impulsi
1685 3166 1813 3212 sunt
1853 3160 2021 3215 actio-

442 3244 600 3298 nem;
640 3212 874 3291 maxime
915 3249 1039 3292 cum
1081 3237 1136 3293 in
1172 3241 1429 3311 prmdicto
1463 3212 1746 3303 Timotheo
1786 3247 2016 3305 Alexan-
2044 3212 2090 3279 C

440 3322 598 3379 drino
626 3325 934 3394 patriarcha
959 3325 1221 3397 iustiores
1254 3344 1660 3392 monstrentur:
1700 3338 1833 3395 nihil
1870 3341 2014 3398 enim

438 3414 674 3471 habebat
703 3415 791 3473 ille
814 3419 957 3489 quod
983 3420 1088 3477 sibi
1117 3424 1455 3494 tyrannidem
1485 3426 1730 3496 inferret,
1754 3440 1809 3486 et
1834 3430 2017 3502 impel-

436 3503 573 3577 ieret
608 3507 675 3564 ad
719 3506 936 3567 Maximi
972 3514 1455 3573 consecrationem.
1493 3516 1687 3577 Verum
1719 3520 1809 3576 ille
1836 3522 2011 3589 solus,

436 3600 532 3671 qui
570 3610 695 3658 ante
735 3603 1011 3673 depositus
1047 3616 1102 3663 et
1136 3610 1625 3669 anathematizatus
1673 3622 1779 3681 est,
1826 3622 1939 3672 tam
1982 3632 2014 3673 a

432 3692 739 3761 patriarcha
790 3695 1026 3766 lgnatio,
1079 3714 1243 3769 quam
1294 3701 1364 3759 ab
1410 3704 1701 3772 apostolica
1738 3705 2014 3763 Romano.

436 3799 559 3840 rum
597 3785 833 3847 Ecclesia
851 3828 880 3870 ,_
904 3788 1196 3861 Gregorius
1235 3792 1608 3864 Syracusanus
1636 3797 1925 3870 damnatus
1958 3810 2015 3855 et

435 3874 711 3945 depositus
740 3885 842 3934 est.
871 3862 1057 3950 Neque
1083 3881 1227 3937 enim
1263 3862 1631 3939 beatissimum
1661 3895 1716 3943 et
1744 3862 2012 3944 deiter-um

437 3968 805 4038 patriareham
852 3969 1115 4041 lgnatium
1150 3972 1382 4030 alienum
1427 3990 1456 4030 a
1497 3979 1713 4048 propria
1758 3979 2012 4035 cathedra

431 4058 792 4128 judicavimus
810 4061 1098 4133 aliquando
1118 4064 1202 4120 vel
1214 4063 1539 4134 judicamus,
1568 4083 1743 4138 neque
1763 4068 2011 4126 Photium

436 4166 674 4222 unquam
725 4153 779 4208 in
818 4168 1028 4211 summo
1072 4157 1376 4213 sacerdotio
1414 4160 1734 4230 recepimus.
1780 4159 2012 4218 Sanctus

437 4243 582 4298 enim
606 4242 864 4319 Spiritus,
893 4247 985 4316 qui
1014 4246 1223 4305 locutus
1250 4258 1336 4307 est
1361 4250 1414 4306 in
1437 4260 1623 4307 sancta
1646 4252 2010 4310 Romanorum

437 4334 710 4404 Ecclesia,
765 4338 1034 4395 credimus
1083 4342 1225 4417 quod
1273 4350 1328 4397 et
1380 4343 1435 4398 in
1506 4343 1762 4401 Ecclesiis
1810 4346 2011 4403 nostris
2051 4406 2058 4413 ,

436 4423 647 4481 locutus
670 4428 956 4483 exstiterit.
1006 4430 1131 4487 llaec
1176 4433 1319 4487 enim
1368 4433 1585 4503 plurimi
1635 4449 1862 4502 eorum,
1917 4437 2008 4508 qui

434 4513 613 4578 Photii
653 4515 902 4580 factionis
937 4530 1125 4587 erant,
1162 4523 1428 4587 scientes,
1470 4523 1827 4597 confugerunt
1860 4527 2004 4583 salu-
2041 4561 2086 4619 υ

432 4604 603 4661 briter
628 4621 693 4662 ac
719 4617 1029 4665 reverenter
1054 4619 1215 4681 atque
1246 4621 1461 4668 sensate
1488 4614 1555 4669 ad
1584 4623 1827 4670 sanctam
1854 4631 2011 4687 syno-

435 4696 585 4763 dum,
620 4707 676 4754 et
710 4701 1117 4757 convenientem
1144 4704 1354 4759 veniam
1392 4716 1744 4762 meruerunt:
1783 4707 1875 4778 qui
1915 4723 2008 4763 au-

435 4797 546 4842 tem
567 4790 953 4846 contentiosius
972 4802 1026 4846 et
1050 4791 1396 4849 favorabilius
1415 4794 1560 4850 hunc
1581 4795 2007 4867 amplectendum

436 4884 795 4953 putaverunt,
839 4880 1086 4936 fortassis
1134 4882 1237 4937 hoc
1280 4884 1481 4938 habent
1520 4885 1575 4939 in
1626 4887 1838 4952 animo,
1883 4888 2008 4957 quia

435 4970 653 5052 propria
679 4975 909 5043 Scripta,
938 4974 1317 5044 otjuramenta
1338 5017 1352 5042 ,
1384 4985 1439 5031 et
1472 4992 1661 5033 cruces
1695 4994 1830 5047 quas
1881 4980 2009 5035 fixe-

434 5070 594 5135 runt,
638 5065 925 5134 reprobare
972 5066 1180 5121 nolunt.
1228 5065 1565 5123 Sanctissimi
1604 5079 1778 5123 autem
1819 5067 2008 5124 vicarii

432 5154 664 5213 senioris
679 5155 883 5221 Romae,
900 5167 959 5210 et
984 5172 1106 5221 nos,
1130 5157 1221 5228 qui
1244 5158 1567 5228 reliquarum
1590 5160 1797 5214 sedium
1820 5160 2007 5214 vicarii

430 5258 643 5288 “um-Il
692 5244 807 5296 haec
842 5246 1022 5298 omnia
1061 5246 1401 5301 dissolvimus
1444 5248 1602 5302 hodie
1627 5288 1641 5298 .
1680 5248 1849 5302 oratiu
1884 5248 2007 5300 Jesu

2126 615 2286 671 bilem
2316 617 2619 674 habiturum
2658 621 2931 691 proprium
2968 622 3307 691 praesulatum
3326 666 3341 691 ,
3371 641 3429 682 se
3454 628 3701 685 videlicet

2125 705 2499 778 chirographis
2526 716 2581 763 et
2598 709 2921 779 juramentis
2938 751 2953 775 ,
2983 727 3104 781 quae
3127 712 3240 783 ipse
3267 714 3533 782 confecit,
3559 717 3699 774 foliis

2125 794 2367 852 ficulneae
2412 797 2768 865 obumbrans,
2815 800 2971 856 simul
3007 810 3061 857 et
3104 802 3157 857 in
3202 817 3329 858 aera
3377 806 3695 873 verberans,

2124 894 2180 941 et
2215 885 2416 943 frustra
2446 904 2721 960 pugnans,
2758 899 2814 947 et
2854 906 3173 947 aranearum
3212 892 3315 949 filis
3353 898 3696 974 semetipsum

2122 976 2392 1045 operiens.
2434 977 2619 1049 Neque
2662 981 2805 1035 enim
2833 981 2959 1037 folia
2992 981 3233 1039 ﬁculneze
3262 984 3494 1042 dedecus
3520 988 3700 1047 velare

2121 1066 2301 1136 potius
2345 1082 2507 1138 quam
2547 1069 2789 1126 revelare
2828 1071 3098 1137 videntur,
3143 1087 3266 1129 cum
3304 1074 3415 1130 sint
3464 1076 3701 1149 undique

2123 1156 2292 1212 scissa
2343 1158 2457 1214 sive
2502 1168 2741 1231 pertusa.
2781 1160 3114 1219 Sententiam
3151 1178 3279 1234 ergo
3303 1205 3319 1232 ,
3358 1174 3412 1221 et
3436 1164 3700 1235 judicium

2123 1255 2370 1303 nostrum
2401 1263 2585 1304 coram
2609 1250 2785 1307 amico
2805 1251 3006 1308 Christi
3034 1252 3356 1324 imperatore
3373 1295 3389 1322 ,
3421 1272 3487 1312 ac
3511 1268 3701 1314 saneta

2121 1338 2328 1409 synodo
2369 1340 2658 1398 manifesta
2702 1341 2950 1399 fecimus.
2995 1342 3151 1400 Pacis
3192 1354 3373 1402 autem
3402 1347 3701 1418 principem

2121 1428 2291 1487 Deum
2332 1428 2665 1503 flagitamus,
2729 1449 2837 1505 quo
2876 1435 3374 1505 tranquillissimum
3415 1438 3702 1510 imperium

2123 1519 2511 1577 dominationis
2554 1523 2785 1593 piissimi
2825 1525 3167 1597 imperatoris
3202 1528 3374 1593 noStri
3412 1528 3469 1585 in
3508 1530 3703 1586 sucula

2122 1618 2427 1666 conservet.
2458 1611 2649 1669 Amen.

2194 1699 2398 1755 Deinde
2436 1700 2566 1756 dicit
2602 1701 2833 1759 Basilius
2878 1704 3085 1761 amicus
3128 1704 3329 1763 Christi
3372 1716 3428 1767 et
3470 1723 3704 1781 magnus

2122 1789 2417 1861 imperator
2434 1801 2555 1863 post
2578 1792 2881 1862 huiusmodi
2918 1796 3359 1855 acclamationem
3396 1800 3467 1856 ad
3492 1802 3706 1873 episco~

2122 1897 2221 1953 pos
2245 1883 2423 1940 Photii
2441 1903 2453 1940 :
2472 1885 2612 1941 Ecce
2637 1888 2863 1944 audistis
2884 1904 3099 1945 sensum
3113 1891 3563 1961 patriarchiorum
3592 1904 3703 1948 tam

2122 1974 2351 2031 Romani
2388 1991 2550 2047 quam
2582 1977 3057 2049 Hierosolymitani
3090 1989 3144 2037 et
3178 1981 3521 2038 Antiocheni.
3559 1983 3705 2051 Quid

2120 2066 2275 2123 vobis
2324 2060 2539 2124 videtur
2586 2070 2653 2124 ad
2701 2069 2849 2125 haec?
2894 2069 3070 2126 Photii
3126 2071 3360 2143 episcopi
3405 2073 3702 2130 dixerunt:

2120 2157 2528 2229 Respondemus
2554 2160 2621 2214 ad
2651 2160 2787 2215 haec.
2806 2159 2884 2215 Et
2909 2160 3044 2217 dixit
3068 2161 3383 2233 Euthymius
3404 2164 3495 2233 qui
3525 2165 3709 2222 fuerat

2105 2246 2298 2303 factus
2317 2262 2349 2301 a
2368 2245 2562 2303 Photio
2589 2246 2849 2303 Cmsareae
2872 2248 3224 2318 Cappadocia:
3249 2250 3533 2321 episcopus
3557 2271 3570 2306 ε
3598 2251 3707 2308 Do-

2120 2337 2264 2394 mine
2288 2338 2583 2409 imperator
2599 2377 2616 2405 ,
2652 2338 2899 2399 novimus
2917 2353 2984 2394 ex
3004 2339 3114 2394 Deo
3135 2339 3416 2410 imperium
3449 2352 3599 2396 tuum
3614 2342 3705 2411 ju-

2119 2437 2285 2493 stum,
2310 2428 2633 2501 longanime,
2663 2443 2728 2483 ac
2748 2443 3009 2499 personas
3030 2444 3134 2485 non
3157 2445 3405 2497 sumens,
3437 2441 3493 2489 et
3522 2435 3706 2504 poscis

2119 2533 2242 2574 mus
2272 2517 2422 2584 illud,
2450 2526 2511 2573 ut
2542 2525 2597 2574 et
2622 2533 2750 2588 erga
2771 2533 2868 2574 nos
2890 2519 3138 2585 humiles,
3160 2527 3217 2576 et
3243 2521 3490 2593 indignos
3511 2538 3705 2583 servos

2119 2625 2248 2666 suos
2269 2610 2384 2666 haec
2404 2618 2652 2681 agantur,
2674 2620 2730 2665 et
2749 2609 3080 2679 accipiamus
3092 2611 3315 2667 verbum
3330 2612 3383 2667 in
3398 2614 3615 2684 scriptis
3634 2630 3704 2671 ex

2118 2699 2232 2756 Deo
2253 2699 2463 2771 imperii
2494 2700 2591 2766 tui,
2621 2708 2680 2755 ut
2710 2715 3087 2771 quamcunque
3114 2699 3409 2761 habeamus
3431 2700 3703 2771 iustiﬁca-

2121 2792 2359 2860 tionem,
2407 2791 2525 2847 sine
2567 2791 2932 2862 prohibitione
2986 2790 3289 2862 loquamur,
3336 2800 3393 2849 et
3437 2803 3705 2864 quotquot

2119 2882 2389 2940 voluerint
2431 2883 2711 2940 nobiscum
2754 2882 2933 2939 dicere
2962 2921 2978 2948 ,
3022 2896 3129 2937 non
3177 2882 3605 2953 prohibeantur:
3644 2895 3703 2940 et

2119 2989 2401 3044 speramus
2428 2974 2482 3029 in
2513 2972 2701 3039 Deum,
2724 2980 2782 3029 et
2823 2972 2879 3029 iu
2909 2972 3190 3044 imperium
3230 2981 3398 3039 tuum,
3441 2973 3585 3045 quod
3629 2990 3699 3030 ex

2122 3065 2233 3121 Deo
2259 3072 2372 3131 est;
2397 3064 2527 3136 quia
2554 3072 2609 3119 et
2648 3062 2868 3119 chartas
2912 3062 3011 3119 has
3038 3070 3095 3118 et
3139 3062 3527 3133 disputationes
3563 3064 3702 3121 istas

2120 3155 2405 3212 ostendere
2458 3154 2722 3210 habemus
2764 3154 2819 3209 in
2872 3167 3068 3207 vanam
3116 3151 3285 3208 fuisse
3334 3152 3560 3219 locutas,
3603 3155 3700 3210 sed

2123 3244 2490 3300 tumultuatas.
2557 3242 2783 3300 Basilius
2829 3242 3103 3314 piissimus
3146 3251 3201 3298 et
3245 3242 3451 3299 amicus
3492 3243 3699 3299 Christi

2117 3335 2411 3405 imperator
2432 3334 2606 3392 dixit:
2648 3332 2792 3389 Vane
2817 3333 2981 3391 locuti
3022 3333 3177 3400 estis,
3213 3342 3273 3387 ut
3298 3336 3390 3403 qui
3418 3333 3533 3390 ausi
3568 3335 3701 3391 estis

2116 3425 2297 3482 dicere
2335 3440 2475 3481 vana
2513 3438 2633 3495 qua:
2677 3423 2815 3479 lecta
2851 3430 2995 3488 sunt,
3026 3436 3093 3477 eo
3119 3421 3353 3491 quodex
3398 3422 3594 3477 talibus
3644 3432 3704 3477 et

2119 3526 2228 3571 tam
2280 3514 2488 3586 magnis
2532 3511 2983 3585 patriarchalibus
3030 3512 3300 3582 capitibus
3347 3512 3488 3568 dicta
3535 3513 3695 3581 sint;

2115 3604 2564 3677 quemadmodum
2604 3618 2793 3660 omnes
2821 3602 3123 3658 certissime
3148 3609 3367 3658 norunt.
3419 3600 3527 3657 Vos
3550 3603 3701 3673 prin-

2114 3699 2273 3771 cipali
2299 3714 2459 3754 manu
2483 3697 2716 3771 synodos
2741 3696 3077 3752 inordinatus
3101 3695 3222 3761 soli,
3247 3710 3311 3752 ac
3331 3693 3700 3766 singulariter,

2115 3794 2232 3850 sine
2278 3791 2620 3863 patriarchiis
2664 3788 2875 3845 thronis
2915 3788 3204 3854 facientes,
3244 3796 3461 3844 sanctas
3503 3801 3702 3842 vocare

2114 3883 2230 3939 ausi
2251 3882 2400 3949 estis,
2421 3891 2471 3938 et
2495 3881 2618 3936 huic
2644 3879 2917 3950 praesenti,
2943 3894 3064 3948 qua:
3091 3877 3159 3932 ab
3185 3877 3435 3932 omnibus
3462 3877 3699 3947 patriar»

2114 3973 2361 4030 chalibus
2388 3970 2595 4028 thronis
2625 3969 2893 4025 celebrata
2935 3976 3037 4035 est,
3080 3967 3172 4023 Dei
3212 3968 3591 4036 cooperatione
3635 3982 3703 4020 ac

2114 4063 2307 4136 gratia,
2344 4062 2434 4133 qui
2456 4060 2738 4131 imperium
2764 4059 2919 4117 nobis
2947 4057 3236 4122 commisit,
3267 4057 3549 4112 detrahere
3590 4072 3703 4112 non

2113 4155 2448 4212 erubescitis.
2488 4153 2687 4223 Utique
2714 4153 2886 4209 nostis
2911 4162 2968 4207 et
2991 4165 3085 4205 vos
3110 4158 3166 4204 et
3192 4149 3516 4205 universitas
3533 4188 3549 4213 ,
3578 4163 3703 4217 qua

2113 4249 2214 4305 sub
2243 4248 2358 4304 sole
2382 4255 2484 4314 est,
2508 4244 2634 4318 quia
2655 4244 2976 4316 protectioni
2998 4242 3110 4298 veri
3140 4242 3233 4297 Dei
3255 4239 3422 4297 nostri
3453 4240 3700 4311 quinque

2112 4339 2434 4411 patriarchia
2482 4336 2631 4393 orbis
2676 4346 2943 4391 terrarum
2990 4341 3139 4389 recta
3184 4332 3444 4396 sentiunt,
3499 4340 3556 4386 et
3587 4345 3702 4385 non

2112 4443 2194 4489 est
2219 4431 2369 4487 lzesio
2398 4429 2519 4485 fidei
2546 4443 2560 4481 :
2597 4437 2653 4483 ct
2682 4428 2800 4482 ideo
2824 4425 3079 4496 quidquid
3096 4422 3359 4493 judicant,
3391 4421 3701 4476 necessario

2113 4523 2320 4579 debetis
2373 4521 2633 4590 recipere.
2694 4517 2766 4573 Ut
2805 4524 2984 4572 autem
3034 4522 3276 4584 apparet,
3325 4528 3431 4570 non
3478 4512 3702 4567 creditis

2111 4611 2253 4684 quod
2300 4623 2365 4665 ea
2414 4622 2534 4679 quae
2574 4606 2716 4661 dicta
2764 4614 2889 4661 sunt
2947 4603 3092 4662 illinc
3143 4602 3425 4659 existunt:
3454 4600 3499 4656 si
3551 4601 3699 4656 enim

2112 4700 2498 4766 credidissetis,
2539 4713 2645 4753 non
2691 4697 2875 4767 utique
2903 4694 3162 4767 judicium
3191 4709 3377 4750 eorum
3408 4693 3701 4763 reprobare

2111 4794 2326 4865 penitus
2353 4790 2643 4847 auderetis.
2693 4788 2968 4858 interrogo
2989 4801 3116 4856 ergo
3150 4801 3244 4841 vos
3276 4802 3290 4840 :
3327 4784 3591 4850 Diiiiditis,
3622 4798 3695 4839 au

2111 4884 2353 4950 creditis,
2396 4886 2537 4953 quod
2580 4883 2703 4937 inde
2742 4880 2888 4935 sint?
2932 4879 3106 4934 Photii
3136 4876 3646 4961 episcopi‘dixerunt
3678 4892 3693 4930 :

2113 4972 2226 5027 Non
2250 4970 2555 5027 difﬁdimus.
2583 4969 2813 5024 Basilius
2836 4967 3108 5038 piissimus
3130 4975 3184 5021 et
3204 4965 3698 5022 Christianissimus

2113 5061 2406 5128 imperator
2438 5058 2572 5115 dixit
2597 5075 2609 5110 :
2642 5057 2779 5126 Ergo
2803 5057 2848 5111 si
2877 5056 3117 5121 creditis,
3149 5055 3403 5125 suscipite
3424 5053 3695 5123 prolatum

2113 5152 2180 5205 ab
2208 5152 2288 5206 eis
2308 5148 2590 5219 judicium.
2641 5148 2698 5202 Si
2740 5164 2867 5204 vero
2897 5163 3002 5231 non
3036 5147 3276 5214 creditis,
3304 5160 3403 5217 ego
3430 5156 3485 5199 et
3511 5159 3698 5200 neces-

2113 5243 2381 5297 sariorum
2430 5255 2565 5290 onus
2608 5239 2850 5293 oraaheo:
2903 5247 2959 5284 et
3006 5239 3079 5292 ite
3120 5238 3190 5292 ad
3233 5235 3581 5294 natriarchia.
3639 5244 3699 5290 et
