3960 5470
1767 403 1983 417 *δ’-...-

148 492 210 551 89
822 495 1372 558 INTERPRETATIO
1411 499 1660 558 SYNODI
1703 501 1812 559 vui
1849 503 2258 563 essemus.
2297 535 2369 547 -
2402 506 2604 563 ACTIO
2642 488 2726 558 vi.
3334 494 3406 550 90

146 603 250 660 sive
291 615 432 672 papa
479 599 747 668 Nicolaus,
783 604 899 660 sive
939 606 1076 662 alius
1103 608 1246 678 quis,
1277 625 1384 663 non
1413 611 1723 680 acquiesce-
1751 619 1798 677 A
1826 616 1941 672 deri
1986 619 2298 675 vulneribus
2328 618 2596 674 Ecclesia).
2649 616 2895 672 Vestrum
2929 625 3108 668 autem
3139 625 3323 668 casum
3349 618 3406 665 ct

148 708 274 751 mus.
308 694 528 749 Etenim
560 694 866 750 Marcellum
892 697 1233 770 Ancyranum
1255 697 1428 755 Julius
1452 701 1727 758 Rutnanus

148 786 393 858 suscepit,
431 795 493 840 et
531 786 869 844 Sardieensis
891 789 1128 859 synodus
1155 799 1424 848 tricentos
1448 794 1730 865 episcopos

150 875 362 942 habens,
383 876 713 944 Justillcavit
754 893 910 946 eum;
947 880 1044 934 sed
1090 895 1260 951 usque
1297 882 1350 937 in
1392 899 1627 954 pra-scus
1673 894 1731 940 ut

149 967 419 1023 hareticus
497 968 830 1025 anathemati
886 970 1220 1028 submittitur
1267 991 1280 1028 ε
1331 985 1387 1029 ει
1443 975 1728 1047 lugendum

147 1057 412 1128 Apiarium
453 1057 814 1127 iustiﬁcatam
840 1075 872 1115 a
903 1061 1159 1118 Romanis
1203 1064 1541 1136 praesulibus,
1588 1064 1732 1122 Afri-

149 1166 270 1206 cana
295 1151 548 1222 synodus
583 1166 690 1208 non
719 1150 1058 1221 justiﬁeavit,
1092 1155 1186 1211 sed
1228 1157 1440 1226 repulit.
1487 1159 1727 1223 mittens,

149 1251 200 1296 ut
219 1242 435 1314 propria
459 1251 702 1309 curaret,
722 1252 780 1299 et
800 1251 953 1300 extra
975 1243 1110 1301 lines
1133 1260 1260 1300 suos
1285 1261 1389 1302 non
1409 1249 1728 1312 excederet;

148 1342 195 1388 et
216 1333 318 1388 alia
343 1334 494 1389 dena
525 1333 696 1388 millia
723 1334 1090 1406 paradigmata
1116 1335 1377 1392 habemus
1405 1337 1729 1408 hujusmodi.

149 1423 205 1478 Et
245 1439 415 1489 nunc,
463 1425 735 1495 siquidem
775 1423 917 1480 facta
969 1434 1095 1482 sunt
1144 1425 1260 1483 haec
1295 1442 1327 1482 a
1356 1426 1575 1484 Nicolao
1609 1443 1732 1483 cum

147 1529 362 1581 canone,
389 1515 694 1585 sequimur,
725 1522 782 1571 et
809 1517 1160 1573 convenimus
1201 1529 1257 1573 et
1305 1518 1643 1586 roboramus,
1679 1527 1736 1575 et

151 1606 413 1661 contraria
439 1606 550 1662 illis
575 1621 682 1662 non
713 1607 954 1677 sapimus
981 1625 996 1664 :
1028 1609 1074 1665 si
1099 1623 1228 1666 vero
1254 1609 1396 1666 facta
1422 1620 1550 1667 sunt
1579 1621 1734 1668 extra

151 1712 439 1767 rationem,
470 1713 578 1754 non
606 1713 708 1755 nos
739 1699 825 1754 illa
859 1701 1244 1772 vituperamus,
1277 1712 1372 1759 aut
1400 1703 1735 1776 projicimus,

151 1788 234 1843 sed
254 1802 433 1843 canon
461 1807 475 1843 :
505 1791 709 1846 etenim
739 1789 947 1847 duobus
980 1793 1284 1860 conatibus,
1329 1795 1524 1865 quibus
1565 1796 1736 1852 utitur

152 1885 326 1934 contra
355 1881 725 1951 patriarcbam
753 1883 844 1952 qui
875 1886 1212 1940 consecravit
1239 1902 1357 1952 nos,
1395 1903 1518 1943 reor
1561 1888 1735 1945 nemi-

1829 711 2050 766 vulnera
2081 710 2257 766 nullus
2283 709 2777 768 ecclesiasticorum
2805 705 3135 760 medicorum
3162 699 3400 758 sanavit:

1829 818 2002 873 neque
2030 801 2224 873 aliquis
2253 801 2690 873 patriarchalium
2716 799 2954 869 capitum
2984 797 3191 867 erigere
3219 809 3315 850 vos
3337 808 3408 850 ex

1833 895 1983 950 ruina
2019 904 2199 948 vestra
2241 908 2431 964 passus
2463 901 2568 958 est,
2606 901 2700 948 aut
2738 890 2926 954 voluit,
2975 890 3068 946 sed
3123 903 3292 959 usque
3351 886 3409 942 in

1829 999 2065 1055 praesens
2095 983 2148 1038 in
2181 992 2402 1053 peccato
2430 991 2612 1038 vestro
2647 982 2801 1047 estis,
2833 989 2889 1038 et
2934 980 2988 1035 in
3036 977 3285 1051 sepulcro
3313 991 3410 1032 ne-

1830 1077 2014 1148 quitia:
2048 1082 2242 1131 vestrae
2273 1072 2467 1143 jacetis
2517 1073 2736 1139 mortui,
2791 1072 2932 1128 unde
2980 1085 3168 1126 omnes
3211 1066 3409 1125 summi

1831 1174 2074 1238 pastores
2101 1163 2424 1234 patriarcha:
2455 1163 2796 1219 concorditer
2815 1177 2910 1218 vos
2933 1161 3314 1218 condemnant.
3364 1157 3411 1212 Α

1834 1260 1942 1314 Deo
1977 1273 2105 1312 vero
2147 1257 2412 1312 munitum
2451 1255 2736 1328 imperium
2765 1264 3005 1310 nostrum
3037 1253 3326 1324 placidum,
3357 1258 3414 1306 et

1831 1349 2119 1419 benignum
2146 1356 2246 1413 est,
2278 1357 2332 1402 et
2357 1346 2520 1402 vestri
2563 1361 2750 1402 curam
2785 1345 2941 1417 gerit,
2976 1353 3031 1399 et
3069 1341 3319 1404 consulit,
3355 1349 3414 1420 ut

1832 1437 2143 1511 percipiatis
2163 1435 2576 1498 misericordias,
2598 1451 2733 1506 quas
2755 1433 3132 1491 deliberaverit
3155 1439 3340 1487 sancta
3360 1437 3417 1486 et

1833 1527 2156 1586 universalis
2184 1528 2441 1599 synodus.
2489 1525 2624 1580 Nam
2648 1540 2837 1581 omnes
2869 1524 3114 1580 novimus
3141 1521 3267 1592 quia
3291 1520 3415 1598 laici

1832 1621 1987 1685 estis,
2014 1627 2070 1674 et
2104 1633 2210 1673 non
2241 1615 2563 1672 adduximus
2603 1630 2701 1671 vos
2745 1615 2966 1677 latrare,
2990 1622 3045 1668 et
3072 1611 3188 1667 sine
3229 1610 3418 1667 ordine

1834 1708 2015 1766 facere
2045 1709 2241 1774 verba;
2278 1707 2458 1764 omnia
2499 1707 2644 1763 enim
2675 1715 2855 1762 vestra
2884 1703 3160 1760 mendacia
3198 1710 3323 1758 sunt
3361 1711 3418 1757 et

1834 1801 2093 1858 seductio.
2123 1800 2298 1856 Photii
2325 1798 2559 1870 episcopi
2589 1796 2839 1853 dixerunt
2872 1814 2885 1852 :
2918 1795 3031 1852 Hoc
3052 1810 3152 1851 nec
3178 1792 3419 1849 diabolus

1837 1909 2000 1949 ausus
2024 1901 2108 1949 est
2137 1893 2338 1950 dicere.
2381 1890 2610 1948 Basilius
2643 1889 2941 1960 piissimus,
2972 1896 3028 1943 et
3055 1885 3255 1943 Christi
3286 1883 3421 1938 ami-

154 1985 263 2026 nan
286 1971 558 2028 duntaxat
584 1983 891 2044 promotum
919 1991 1076 2047 posse
1112 1977 1377 2033 damnari.
1409 1979 1543 2035 Nam
1582 1981 1637 2037 in
1674 1997 1742 2060 eo
1772 1973 1818 2034 B
1846 1999 1941 2038 cus
1969 1983 2260 2054 imperator
2300 1982 2440 2039 dixit
2466 1996 2481 2035 :
2507 1982 2562 2037 Si
2591 1980 2798 2036 velletis
2818 1979 3020 2043 dicere,
3050 1977 3176 2047 quia
3219 1986 3423 2045 tempo-

153 2063 286 2135 quod
309 2063 446 2120 dicit
469 2080 578 2120 non
608 2066 861 2123 debuisse
888 2068 1031 2124 hunc
1054 2085 1118 2125 ex
1146 2069 1299 2125 laicis
1329 2073 1574 2142 provehi,
1603 2089 1733 2130 con-

156 2167 424 2213 secrantes
447 2157 666 2229 quidem
696 2167 886 2236 cautos
911 2161 1104 2228 reddit,
1133 2173 1507 2218 consecratum
1554 2174 1735 2221 autem

157 2263 253 2303 non
276 2250 500 2335 damnat
526 2267 550 2305 ει
575 2259 633 2306 ει
664 2252 996 2308 consuetudo
1037 2268 1298 2310 canonem
1330 2255 1476 2311 illum
1512 2272 1738 2328 exsupe—

161 2340 305 2394 rarit.
357 2338 573 2397 Etenim
600 2340 859 2398 Tarasius
888 2343 959 2398 ita
983 2355 1333 2402 consecratus
1359 2355 1462 2412 est,
1489 2355 1546 2402 et
1578 2346 1737 2403 Nice-

157 2427 367 2497 phorus,
419 2439 475 2486 et
516 2430 824 2495 Nectarius.
872 2441 928 2488 et
980 2431 1291 2491 Thalassius
1339 2434 1619 2503 Czesareze,
1673 2451 1739 2493 ac

159 2517 447 2586 Eusebius,
471 2528 527 2576 et
551 2520 867 2578 Ambrosius
892 2520 1198 2590 Mediolani,
1231 2534 1393 2600 atque
1435 2526 1525 2583 alii
1567 2528 1733 2586 mille.

161 2607 212 2663 Si
235 2623 361 2682 ergo
388 2619 522 2666 sunt
546 2611 622 2667 illi
645 2612 890 2680 obnoxii,
915 2621 998 2670 est
1022 2622 1077 2671 et
1100 2615 1218 2684 hic;
1244 2616 1386 2688 quod
1408 2617 1453 2673 si
1483 2617 1559 2674 illi
1582 2618 1739 2676 iuno-

160 2701 253 2768 xii,
273 2713 328 2761 et
354 2703 460 2762 iste
486 2705 693 2778 utique.

223 2797 372 2866 Quod
419 2807 604 2855 autem
653 2798 875 2866 dicitur,
909 2799 1033 2871 quia
1062 2815 1092 2856 a
1119 2801 1377 2874 depositis
1404 2814 1488 2861 est
1514 2819 1735 2877 promo-

163 2900 261 2956 tus,
284 2893 520 2964 primum
549 2909 656 2950 non
686 2894 972 2967 opinamur
1005 2898 1108 2953 hoc
1151 2914 1335 2954 verum
1379 2914 1522 2965 esse,
1563 2912 1740 2968 neque

163 2985 293 3040 enim
319 3000 421 3055 pro
441 2985 762 3042 criminibus
793 2986 879 3042 isti
902 2987 1129 3059 depositi
1157 2989 1392 3058 fuerunt,
1423 2991 1518 3046 sed
1545 3005 1645 3062 pro
1671 3004 1738 3046 eo

164 3076 292 3145 quod
331 3078 652 3133 restiterunt
693 3077 948 3135 Ecclesia:
987 3097 1000 3134 :
1041 3081 1174 3135 uniti
1221 3090 1402 3137 autem
1454 3098 1642 3138 rursus
1685 3090 1742 3138 et

166 3167 476 3234 apostasiam
497 3167 642 3222 illam
666 3161 1048 3238 reprobantes,
1064 3170 1388 3241 suscipiendi
1415 3171 1738 3228 consistunt.

166 3257 229 3311 At
249 3272 376 3315 vero
402 3257 510 3314 etsi
551 3257 846 3330 Gregorius
871 3260 1142 3331 depositus
1172 3269 1254 3319 est
1281 3263 1372 3333 qui
1404 3278 1527 3318 eum
1550 3277 1741 3319 conse-

1840 2072 2009 2138 ribus,
2041 2073 2236 2143 quibus
2262 2072 2506 2143 permisit
2540 2071 2682 2126 Deus
2705 2068 3018 2140 episcopatu
3053 2082 3148 2122 vos
3169 2065 3342 2136 fungi,
3370 2072 3426 2119 et

1836 2161 1979 2217 aliud
2018 2162 2378 2218 miserabilius
2399 2161 2642 2233 permisit
2681 2159 2798 2216 fieri
2823 2169 3043 2230 propter
3075 2165 3297 2228 peccata
3329 2170 3424 2210 ve-

1836 2259 1969 2314 stra,
2007 2251 2149 2322 quod
2178 2260 2232 2306 et
2255 2251 2506 2307 videbitis
2534 2249 2749 2307 assidue
2781 2249 2952 2306 oculis
2979 2247 3174 2304 vestris
3205 2264 3221 2301 :
3253 2255 3309 2302 et
3337 2246 3426 2301 hic

1838 2343 2202 2398 testimonium
2231 2342 2496 2414 perhibet,
2524 2343 2590 2398 de
2620 2340 2900 2411 Eulampio
2921 2341 3106 2396 dicens
3133 2337 3428 2410 perfectius

1837 2439 1891 2486 et
1926 2431 2263 2487 manifestius
2289 2445 2304 2484 :
2338 2429 2609 2486 Habemus
2633 2445 2764 2502 ergo
2789 2439 2845 2486 et
2873 2428 3009 2485 alios
3035 2428 3338 2499 episcopos,
3375 2434 3432 2481 et

1838 2519 1929 2576 alii
1956 2520 2172 2590 quidem
2199 2519 2408 2591 patricii
2438 2529 2584 2586 sunt,
2613 2517 2703 2575 alii
2733 2527 2914 2575 autem
2963 2514 3427 2589 protospatbario-

1838 2627 1959 2668 rum
1980 2612 2292 2685 dignitatem
2313 2613 2532 2678 habent,
2555 2611 2772 2683 quidam
2791 2625 2922 2666 vero
2943 2608 3433 2680 etspatbariorum,

1838 2706 1929 2763 alii
1961 2722 2090 2763 vero
2115 2714 2170 2762 et
2197 2704 2474 2761 stabularii
2503 2713 2661 2770 sunt;
2690 2711 2747 2759 et
2769 2703 2814 2759 si
2841 2703 2943 2758 hoc
2965 2700 3145 2763 vultis,
3167 2695 3434 2754 exhibebo

1841 2814 2026 2856 coram
2075 2795 2249 2861 vobis,
2299 2795 2424 2865 quia
2464 2792 2795 2864 Theophilus
2839 2789 3304 2862 protospatharius
3350 2786 3435 2842 fe-

1843 2907 1968 2948 rens
1998 2886 2438 2960 superhumeralc
2465 2895 2523 2940 ut
2550 2883 2854 2956 patriarcha
2875 2923 2891 2950 ,
2935 2883 3212 2938 incensum
3241 2878 3431 2936 ollere-

1841 2981 1934 3037 bat
1958 2992 2169 3034 summo
2203 2975 2468 3032 sacerdoti
2500 2983 2682 3030 vestro
2709 2973 2904 3029 Photio
2939 2987 3124 3029 coram
3171 2971 3305 3038 isto;
3357 2969 3428 3026 ad

1843 3084 2002 3140 quem
2029 3077 2086 3124 et
2113 3067 2286 3124 dixit:
2313 3065 2426 3121 Non
2459 3065 2678 3121 videbas
2697 3063 2864 3120 eum?
2901 3062 3216 3133 Eulampius
3252 3060 3427 3143 dixit:

1846 3161 1904 3218 Si
1930 3159 2038 3216 vidi
2065 3173 2189 3215 eum
2224 3155 2532 3226 aliquando,
2560 3154 2798 3220 domine,
2825 3155 3070 3210 destruat
3097 3167 3183 3207 me
3210 3165 3429 3208 servum

1849 3263 1998 3308 tuum
2042 3249 2302 3307 Dominus
2347 3247 2488 3302 Deus
2529 3246 2597 3302 de
2641 3245 2780 3300 libro
2833 3245 2977 3300 vitm.
3023 3244 3432 3307 Verumtamen,

167 3348 344 3414 eravit,
384 3364 492 3404 non
526 3356 613 3405 est
655 3328 880 3406 Bhotius
919 3328 1200 3415 obnoxius,
1248 3328 1342 3407 sed
1389 3351 1426 3406 ii
1471 3351 1563 3422 qui
1616 3366 1740 3406 eum
1768 3328 1814 3391 ε
1845 3342 2060 3399 domine
2087 3341 2249 3405 bone,
2277 3337 2532 3394 refutavit
2557 3337 2805 3393 dominus
2836 3335 3094 3407 lgnatius.
3135 3335 3434 3406 Imperator

168 3451 544 3508 promoverunt
583 3439 802 3497 obnoxii
847 3443 1285 3511 comprobantur.
1332 3440 1738 3508 Verumtamen,

168 3530 281 3587 licet
307 3533 378 3587 sit
404 3531 696 3604 Gregorius
718 3533 1016 3603 depositus,
1038 3541 1266 3604 possunt
1289 3541 1342 3590 et
1366 3543 1745 3603 promoventes

170 3639 282 3680 eum
327 3626 506 3681 nullas
551 3628 876 3698 ptenashic
924 3627 1149 3699 perpeti.
1201 3627 1412 3683 Etenim
1458 3627 1747 3683 Flavianus

169 3714 404 3783 deposuit
427 3715 748 3788 Eutychen],
789 3725 846 3772 et
888 3717 1168 3772 Anatolius
1210 3718 1443 3788 suscepit
1483 3732 1628 3772 eum.
1682 3717 1750 3772 Et

169 3804 418 3876 cpiseOpi,
451 3805 544 3875 qui
577 3815 824 3875 quartam
851 3804 1097 3862 fecerunt
1137 3806 1421 3878 synodum,
1467 3805 1749 3860 conamini-

171 3901 335 3948 strum
381 3909 511 3949 eum
555 3895 865 3958 habuerunt
913 3914 926 3950 :
975 3895 1070 3952 sed
1115 3910 1453 3965 nequaquam
1511 3895 1749 3950 damnati

175 3991 311 4036 sunt.
371 3982 484 4039 Sed
522 3993 578 4042 et
607 3983 800 4051 Petrus
828 3984 1046 4056 Moggus
1070 3997 1096 4026 ι
1129 3985 1403 4055 depositus
1428 3993 1512 4038 est
1548 4001 1576 4036 a
1615 3983 1750 4040 Pro.-

171 4072 320 4137 terio,
349 4073 497 4144 quod
524 4082 669 4130 esset
697 4062 1005 4139 haereticus,
1035 4083 1092 4129 et
1126 4059 1376 4144 quartam
1424 4063 1531 4128 non
1579 4073 1751 4128 susci-

172 4172 315 4230 peret
337 4165 628 4236 synodum.
675 4165 881 4221 Deinde
925 4151 1243 4236 mpera-tus
1286 4175 1369 4220 est
1419 4165 1471 4220 in
1522 4173 1749 4221 mortem

171 4251 399 4320 ejusdem
441 4255 781 4322 Proterii,,et
807 4262 992 4326 postea
1023 4265 1144 4326 post
1176 4254 1524 4321 Timotheum
1576 4255 1751 4311 factus

170 4351 249 4397 est
270 4343 603 4414 patriarcha,
644 4347 737 4402 sed
768 4345 950 4412 nullus
990 4361 1176 4402 eorum
1214 4347 1305 4418 qui
1344 4347 1412 4402 ab
1451 4361 1516 4401 eo
1563 4361 1752 4401 conse-

172 4433 299 4487 crati
323 4445 450 4489 sunt
480 4434 873 4490 condemnatus
896 4442 1010 4501 est;
1038 4435 1131 4490 sed
1156 4443 1210 4490 et
1237 4419 1464 4499 Aeacius
1486 4435 1755 4490 Constans.

172 4522 553 4594 tinopolitanus
580 4524 868 4580 damnatus
892 4535 976 4580 est
997 4527 1030 4578 'a
1062 4540 1196 4597 papa
1226 4525 1489 4591 Romano,
1514 4542 1582 4586 eo
1607 4527 1751 4597 quod

168 4628 283 4668 cum
306 4615 583 4672 hereticis
606 4615 831 4672 haberet
859 4617 1307 4682 communionem,
1338 4625 1393 4671 et
1419 4616 1508 4672 ille
1533 4617 1749 4687 quidem

171 4703 528 4762 damnationis
557 4719 867 4762 sermonem
909 4703 1110 4761 nullum
1154 4705 1300 4761 fecit.
1340 4706 1410 4761 At
1451 4684 1612 4769 vero.
1637 4715 1756 4777 post
1784 4684 1834 4744 θ

174 4809 288 4850 eum
317 4797 664 4868 patriarcha},
697 4795 933 4861 Phaetas
981 4794 1260 4870 [Flavitas]
1311 4805 1367 4852 et
1414 4797 1755 4870 Euthymius,

175 4890 224 4935 et
249 4883 610 4951 Macedonius,
643 4884 969 4956 recipientes
989 4875 1132 4952 eum,
1164 4873 1400 4965 suscepti
1423 4887 1491 4941 ab
1516 4885 1756 4950 Ecclesia

176 4984 229 5029 et
262 4987 388 5034 sunt
421 4986 480 5033 et
522 4986 800 5048 putantur.
852 4977 920 5032 Et
965 4993 1105 5034 nunc
1150 4980 1252 5044 hoc
1291 4978 1522 5035 diclmus
1550 4997 1564 5044 ς
1594 4966 1660 5034 Si
1685 4978 1760 5044 sit

177 5085 344 5127 canon
367 5074 457 5142 qui
482 5074 711 5144 deponat
736 5087 859 5138 nos,
908 5072 1296 5142 depositionem
1346 5071 1663 5155 recipimus;
1711 5073 1758 5138 si

175 5175 305 5218 vero
330 5179 432 5218 non
467 5171 569 5230 est,
614 5177 976 5235 nequaquam.
1019 5165 1228 5222 Etenim
1280 5164 1600 5224 Flavianum
1641 5165 1757 5230 An—

180 5237 392 5309 tioébia:
429 5245 787 5324 patriarcham
836 5254 1061 5310 Romani
1108 5274 1211 5314 non
1268 5269 1618 5328 receperunt,
1665 5260 1761 5316 sed

180 5357 306 5398 eum
335 5359 505 5394 canna
530 5345 834 5398 nullam-ms
856 5345 1218 5394 (nmium-antiit
1316 5346 1541 5394 "agilius
1583 5351 1731 5392 ηῖῖςκετ

1842 3433 1979 3490 dixit
2003 3448 2018 3486 :
2048 3430 2180 3498 Quis
2201 3445 2325 3484 eum
2349 3427 2599 3498 deposuit
2624 3427 2691 3482 de
2729 3425 2928 3481 throno
2953 3426 2976 3479 ?
3005 3424 3316 3495 Eulampius
3357 3423 3440 3478 di-

1844 3522 2284 3590 xit:lmperator
2319 3532 2442 3574 eum
2480 3515 2746 3588 deposuit.
2795 3515 3023 3571 Basilius
3063 3513 3336 3584 piissimus
3377 3520 3435 3567 et

1845 3612 2052 3668 amicus
2073 3608 2276 3665 Christi
2305 3608 2598 3677 imperator
2623 3606 2760 3662 dixit
2791 3624 2804 3660 :
2831 3605 2898 3659 Et
2928 3604 3018 3659 ubi
3041 3611 3189 3670 erat,
3217 3605 3435 3673 quando

1848 3705 1975 3760 fecit
1997 3701 2414 3758 refutationem?
2435 3699 2746 3770 Eulampius
2775 3698 2910 3753 dixit
2929 3716 2941 3752 :
2960 3695 3115 3752 Foris
3141 3702 3257 3751 erat
3279 3695 3332 3750 in
3356 3694 3440 3748 in.

1850 3797 1964 3852 sula
1995 3810 2112 3858 sua,
2135 3802 2189 3851 et
2209 3809 2331 3848 eum
2352 3793 2381 3833 δ
2401 3800 2620 3862 propter
2641 3799 2968 3847 senectutem
2992 3780 3164 3853 suam,
3180 3786 3440 3842 veletiam

1849 3893 2070 3956 propter
2091 3884 2421 3955 languorem.
2468 3881 2696 3937 Basilius
2723 3881 2999 3952 piissimus
3017 3888 3073 3935 et
3089 3876 3287 3935 Christi
3307 3878 3444 3933 ami-

1851 3992 1946 4032 cus
1968 3977 2262 4048 imperator
2283 3976 2448 4032 dixit:
2465 3973 2660 4046 Utique
2680 3974 2824 4029 misit
2839 3973 3068 4044 aliquem
3083 3971 3334 4029 nuntians
3348 3971 3445 4026 im-

1853 4071 2113 4143 peratori,
2135 4073 2263 4143 quia
2287 4072 2405 4128 volo
2418 4071 2674 4127 refutare.
2698 4071 2764 4126 Et
2786 4070 2996 4143 rogavit
3013 4085 3137 4125 eum
3157 4088 3170 4124 :
3190 4070 3266 4125 Da
3288 4069 3443 4125 nobis

1852 4183 2137 4238 personam
2153 4183 2247 4236 per
2263 4181 2424 4236 quam
2453 4163 3070 4235 nuntiavititnperatori.
3094 4162 3333 4218 Marinus
3359 4177 3445 4217 re-

1854 4258 2272 4313 verendissimus
2317 4257 2574 4313 diaconus
2609 4266 2667 4313 et
2704 4255 2938 4313 vicarius
2974 4255 3204 4312 senioris
3244 4254 3430 4309 Roma)

1855 4349 2029 4413 dixit:
2063 4348 2193 4424 Quis
2225 4356 2309 4403 est
2334 4349 2456 4414 istc,
2489 4348 2580 4418 qui
2602 4344 2738 4402 ante
2763 4354 3114 4417 conspectum
3143 4343 3317 4400 sancti
3344 4342 3443 4398 im-

1855 4443 1989 4513 perii
2051 4443 2125 4498 tui
2181 4450 2324 4501 astat
2370 4449 2424 4501 et
2471 4441 2742 4512 loquitur?
2795 4440 3024 4496 Basilius
3069 4437 3344 4510 piissimus
3387 4444 3443 4490 et

1851 4533 2051 4601 Christi
2083 4536 2289 4590 amicus
2319 4536 2610 4607 imperator
2632 4533 2768 4594 dixit
2793 4551 2806 4586 :
2847 4531 3160 4600 Eulampius
3187 4537 3290 4585 est.
3332 4527 3436 4581 Do-

1861 4637 2053 4690 natus,
2083 4634 2137 4679 et
2168 4626 2502 4698 Stephanus,
2542 4631 2599 4678 et
2631 4621 2868 4679 Marinus
2896 4618 3222 4679 sanctissimi
3250 4617 3442 4671 vicarii

1861 4718 2092 4782 senioris
2132 4718 2316 4774 Romae
2352 4716 2641 4777 dixerunt:
2687 4712 2794 4778 Iste
2825 4721 2910 4768 est
2941 4712 3034 4783 qui
3067 4710 3349 4781 depositus
3393 4717 3450 4764 et

1861 4808 2355 4874 anathematizatus
2394 4812 2480 4861 est
2516 4819 2546 4858 a
2579 4797 2770 4864 sancta
2807 4802 3050 4862 Romana
3079 4801 3353 4867 Ecclesia;
3394 4809 3452 4855 et

1863 4900 2133 4983 quomodo
2155 4899 2280 4955 talia
2310 4895 2452 4968 loqui
2478 4895 2820 4968 prarsumpsit
2843 4895 2896 4950 in
2917 4901 3209 4964 conspectu
3235 4893 3448 4962 imperii

1863 4994 1975 5052 tui?
2013 5008 2111 5054 nos
2149 5007 2272 5048 cum
2312 4987 2556 5068 deposito
2591 4995 2648 5049 et
2683 4987 3139 5042 anathematizato
3167 4983 3314 5055 loqui
3340 4998 3449 5056 non

1863 5087 2120 5160 patimur.
2179 5086 2390 5150 Etenim
2430 5093 2586 5156 pater
2634 5089 2820 5139 noster
2859 5077 3134 5148 spiritalis,
3176 5075 3448 5145 Adrianus
3502 5096 3507 5101 ·

1864 5192 2000 5249 papa
2041 5175 2316 5241 Romanus
2341 5186 2530 5235 sancto
2559 5182 2615 5233 et
2643 5188 2674 5228 a
2703 5168 2812 5222 Deo
2839 5176 3080 5238 protecto
3109 5164 3334 5236 imperio
3363 5172 3454 5239 tuo

1863 5267 2259 5323 deumnstravit
2331 5267 2500 5323 legem
2567 5273 2620 5298 ΔΙ
2698 5257 2913 5292 ξηιιςηεπη
3190 5256 3201 5260 -

1863 5359 1902 5372 ﬂ
