3960 5386
565 431 629 489 θι
1728 425 2084 484 ANAS'l‘ASll
2124 411 2660 505 BtBLlOTlIECARIl
3741 409 3800 482 il

567 556 692 597 nem
743 549 995 610 tanquam
1043 538 1330 595 Christiani
1378 536 1619 607 accipere
1660 546 1987 592 mereantur.
2028 535 2141 592 Non
2170 541 2217 598 Α
2244 544 2348 589 erit
2369 534 2648 604 judicium.
2688 534 2952 601 Quoniam
2983 548 3111 590 vero
3145 533 3311 591 veluti
3361 533 3666 590 titillatoous
3710 550 3801 589 au-

567 631 710 687 enim
748 629 949 687 claudit
988 630 1360 687 miserationes
1401 643 1527 685 suas
1570 629 1622 683 in
1662 627 1963 697 lmjusmodi
1998 626 2131 683 'eon-

566 721 899 780 tentionibus
935 729 1119 778 sancta
1155 720 1416 776 catholica
1459 728 1514 775 et
1559 719 1849 788 apostolica
1893 717 2136 773 Ecclesia

566 812 633 870 ad
649 827 747 870 eos
772 813 864 883 qui
892 813 1101 868 sincere
1120 810 1491 882 paenitentiam
1515 817 1697 879 agunt.
1718 808 2139 863 Persistentibns

567 915 767 977 autem.
798 905 864 963 iis
900 913 954 961 et
998 903 1373 960 obturantibus
1411 896 1570 957 {mres
1607 916 1734 958 suas
1769 909 1825 957 et
1859 901 2049 963 corda;
2081 912 2136 957 et

566 994 872 1051 nolentibus
908 995 1095 1050 audire
1131 1006 1250 1067 qua:
1279 994 1522 1064 exposita
1562 1001 1688 1048 sunt
1731 1007 1759 1047 a
1806 992 2006 1048 sanctis
2043 1007 2140 1061 pa-

567 1074 838 1152 triarcbis,
882 1100 982 1142 nos
1017 1082 1150 1140 nihil
1194 1084 1339 1141 aliud
1375 1083 1600 1141 facimus
1623 1125 1638 1149 ,
1679 1100 1851 1155 neque
1878 1085 2137 1140 subverti-

562 1193 719 1243 mus,
749 1194 922 1250 neque
966 1178 1324 1249 rcjudicamus
1349 1176 1608 1249 judicium
1650 1184 1850 1233 sancta:
1880 1175 2135 1233 Romamn

565 1271 820 1328 Ecclesia:
868 1274 969 1330 sub
1018 1272 1301 1355 undecima
1349 1269 1643 1327 indictione
1694 1269 1895 1325 factum
1949 1280 2137 1326 contra

562 1362 810 1419 PliOtium
838 1366 1175 1419 uimchumet
1191 1371 1473 1435 tyrannum
1496 1378 1558 1416 ac
1576 1376 1947 1433 pervaserem,
1973 1369 2135 1431 atque

562 1464 823 1522 sequaces
864 1450 1017 1522 ejus:
1075 1452 1121 1506 si
1169 1452 1437 1507 voluerint
1475 1450 1661 1506 audire
1696 1464 1824 1517 nos,
1873 1458 2136 1520 quotquot

561 1553 692 1598 sunt
716 1542 896 1615 digni,
930 1558 1027 1613 per
1052 1541 1215 1597 libelli
1254 1541 1676 1597 satisfactionem
1705 1541 1992 1611 recipimus
2020 1556 2133 1607 eos,

563 1638 620 1688 et
645 1632 1051 1688 convenientem
1082 1631 1161 1687 eis
1182 1631 1469 1687 scribimus
1494 1630 1702 1696 locum;
1732 1630 1777 1685 si
1805 1643 1934 1685 vero
1955 1630 2137 1684 nolue-

564 1720 707 1787 rint,
743 1720 1290 1785 anathematizamus,
1335 1727 1391 1775 et
1429 1718 1795 1776 maledicimus
1834 1717 1946 1783 eis,
1985 1726 2040 1772 et
2069 1715 2136 1772 ab

562 1812 712 1868 omni
763 1818 911 1868 sorte
956 1810 1384 1868 Christianorum
1443 1824 1788 1882 separamus,
1849 1808 1975 1879 quia
2027 1823 2134 1862 non

2237 623 2444 679 dientes
2473 623 2768 680 solutiones
2790 639 2910 695 qua:
2934 624 3086 681 lectae
3127 633 3254 680 sunt
3278 624 3476 687 litteris
3503 625 3803 683 beatissimi

2236 727 2385 782 papm
2412 712 2612 769 Nicolai
2639 714 2705 770 de
2729 715 3064 784 promotione
3089 714 3325 771 Nectarii
3349 722 3404 773 et
3442 713 3715 779 Ambrosii
3744 730 3801 771 ac

2236 803 2544 874 Nieephori,
2569 802 2994 860 meinorabilium
3014 806 3442 873 bierarcharum,
3469 804 3668 861 iterum
3694 802 3802 860 illa:
3828 854 3833 859 .

2235 891 2290 947 in
2320 894 2628 963 paradigma
2665 894 2973 975 .producitis
3014 895 3082 950 ad
3103 894 3521 964 justiﬁcationes
3561 892 3806 965 prauis

2236 986 2422 1052 vestri,
2462 987 2692 1044 dicimus
2719 988 2786 1044 ad
2815 1004 2914 1046 vos
2941 990 3066 1060 quia
3111 990 3329 1061 sapiens
3364 990 3582 1060 quidam
3630 989 3803 1046 dicit:

2237 1075 2448 1131 Etenim
2482 1091 2692 1144 eorum,
2734 1078 2825 1148 qui
2874 1078 3100 1135 multum
3130 1080 3269 1136 inter
3295 1095 3357 1136 se
3382 1080 3605 1146 distant,
3638 1078 3805 1134 mani-

2234 1164 2385 1224 festae
2412 1182 2632 1237 prorsus
2666 1169 3004 1226 diversitates
3031 1172 3356 1238 consistunt,
3382 1185 3560 1242 porro
3606 1172 3801 1228 simili-

2238 1254 2365 1312 tudo
2404 1256 2557 1313 valde
2584 1259 2959 1330 perspicienda
2993 1269 3096 1317 est.
3140 1261 3538 1332 Perspiciamus
3578 1276 3711 1333 ergo
3752 1269 3808 1317 et

2194 1376 2201 1382 -
2236 1363 2335 1402 nos
2365 1348 2518 1405 valde
2561 1350 2960 1420 compendiose,
2992 1351 3037 1407 si
3070 1354 3364 1409 secundum
3400 1352 3806 1415 similitudinem

2236 1437 2469 1508 aliquam
2495 1430 2608 1509 jam
2651 1442 3049 1497 nontittatorum
3091 1458 3423 1505 summorum
3462 1443 3804 1517 sacerdotum

2237 1528 2430 1596 praesul
2454 1538 2633 1585 vester
2641 1540 2921 1602 promotus
2941 1534 3145 1601 estsic,
3171 1535 3624 1605 quemadmodum
3649 1548 3808 1590 unus~

2237 1617 2463 1689 quisque
2491 1619 2701 1676 illorum
2734 1631 2997 1693 receptus.
3028 1624 3213 1695 Itaque
3250 1626 3468 1682 beatum
3496 1626 3805 1687 Neoterium

2239 1710 2475 1780 synodus
2506 1710 2847 1779 universalis,
2872 1723 2928 1769 et
2954 1715 3126 1771 sancti
3148 1717 3468 1787 patriarcha:
3492 1718 3712 1783 diversi,
3750 1726 3807 1773 et

2237 1801 2517 1873 elegerunt
2538 1813 2594 1861 et
2617 1816 3004 1875 promoverunt
3049 1808 3514 1881 archiepiscopum
3540 1809 3805 1867 Constan-

562 1901 821 1957 habemu's
843 1901 1004 1958 alium
1034 1916 1338 1958 sermonem
1365 1902 1431 1957 ad
1470 1917 1597 1967 eos,
1627 1899 1721 1956 sed
1749 1910 1802 1957 et
1830 1899 2059 1955 ethnicis
2082 1908 2136 1954 ct
2166 1908 2208 1968 Β
2239 1894 2556 1965 tinopoleos,
2586 1896 2733 1953 nullo
2759 1899 2918 1954 modo
2939 1898 3265 1971 imperatore
3284 1909 3509 1974 cogente
3530 1901 3669 1967 illos,
3711 1915 3809 1957 ne»

560 1990 859 2063 publicanis
906 1992 1319 2049 transmittimus
1355 2007 1468 2049 eos.
1506 1988 1732 2047 Basilius
1774 1991 2046 2062 piissimus
2078 1999 2134 2045 et

560 2081 770 2138 amicus
792 2080 992 2138 Cbrisﬁ
1020 2089 1074 2138 et
1099 2096 1324 2151 magnus
1353 2083 1645 2153 imperator
1671 2079 1738 2137 ad
1767 2080 2134 2136 sanctissimos

560 2170 795 2227 vicarios
817 2171 1046 2229 senioris
1068 2172 1253 2227 Romae
1275 2172 1438 2228 dixit:
1469 2171 1582 2243 Ego
1607 2170 1799 2227 crebro
1826 2180 1881 2225 et
1907 2170 2133 2226 multum

558 2256 842 2334 rogaviine
875 2264 1133 2335 perirent,
1170 2271 1225 2319 et
1249 2263 1369 2320 ideo
1395 2279 1489 2322 eos
1513 2264 1690 2319 dimisi
1715 2265 1850 2330 huc;
1877 2263 1921 2318 si
1948 2263 2135 2319 nolunt

559 2365 889 2410 concurrere
947 2354 1014 2409 ad
1066 2353 1398 2419 Ecclesiam,
1453 2353 1710 2426 quidquid
1756 2352 2138 2423 judicaverunt

559 2442 918 2512 patriarcha,
958 2443 1170 2499 etiamsi
1201 2444 1469 2500 noluerint
1489 2484 1505 2511 ,
1541 2444 1939 2501 conﬁrmamus.
1967 2443 2135 2502 Nemo

560 2534 705 2592 enim
738 2544 916 2607 potest
944 2535 1123 2591 datam
1154 2536 1235 2592 eis
1261 2544 1583 2607 potestatem
1617 2551 1648 2591 a
1682 2535 1899 2592 Christo
1932 2536 2043 2594 Deo
2080 2546 2135 2593 et

564 2625 842 2682 Salvatore
882 2636 1068 2683 nostro
1110 2628 1419 2697 reprobare.
1462 2625 1802 2682 Sanctissimi
1832 2626 2017 2682 vicarii
2045 2642 2135 2684 se-

557 2719 728 2775 nioris
777 2718 960 2774 Romae
1003 2720 1070 2775 ad
1124 2721 1404 2790 episcopos
1455 2718 1632 2774 Photii
1687 2718 1978 2774 dixerunt:
2032 2719 2134 2787 Qui

558 2822 628 2865 ex
652 2809 803 2865 vobis
827 2809 1056 2865 ordinati
1078 2810 1211 2866 estis
1237 2825 1267 2864 a
1290 2810 1631 2866 sanctissimo
1648 2809 1955 2880 patriarcha
1984 2810 2137 2882 lgna-

558 2898 672 2954 tio?
728 2899 796 2954 Et
857 2908 1128 2956 steterunt
1190 2900 1251 2977 in.
1308 2900 1483 2956 medio
1541 2885 1946 2966 'Heracliensis,
2005 2900 2136 2957 Cre—

560 2988 759 3054 tensis,
794 2996 849 3044 et
889 2987 1326 3056 Celenderensis,
1370 2997 1426 3045 et
1475 2988 1759 3044 dixerunt:
1807 2988 1914 3044 Nos
1949 3000 2135 3045 sumus

558 3076 677 3148 ejus
752 3080 1216 3147 consecrationis;
1280 3090 1336 3137 et
1395 3081 1579 3136 dicunt
1658 3081 1737 3136 eis
1809 3080 2134 3135 sanctissimi

558 3168 751 3224 vicarii
799 3169 1029 3226 senioris
1088 3169 1308 3225 Romae:
1369 3166 1671 3238 Subjacctis
1727 3168 1875 3237 justo
1931 3168 2134 3239 judicio

2240 2000 2344 2056 que
2369 1985 2473 2041 ulla
2503 1988 2785 2058 principali
2815 2004 2975 2046 manu
3001 1991 3055 2047 in
3079 2007 3241 2048 causa
3266 1992 3481 2063 penitus
3502 1992 3804 2059 mediante;

2238 2075 2331 2131 sed
2361 2091 2535 2146 neque
2561 2078 2867 2149 quempiam
2895 2080 3166 2137 viventem
3190 2081 3261 2136 ab
3288 2079 3810 2151 hujusmodi-calhee

2237 2167 2333 2222 dra
2356 2182 2546 2223 manus
2572 2168 2864 2239 imperialis
2892 2170 3167 2242 tyrannice
3192 2172 3425 2242 pepulit,
3445 2181 3502 2228 et
3533 2182 3662 2227 tunc
3683 2185 3808 2241 pro-

2236 2266 2421 2316 vectus
2458 2270 2542 2318 est
2586 2261 2887 2319 Nectarius.
2919 2264 3181 2320 Similiter
3213 2265 3376 2321 etiam
3402 2274 3460 2321 et
3486 2256 3810 2320 Ambrosius

2236 2354 2638 2419 memorandus,
2666 2355 2934 2411 Auxentio
2956 2355 3211 2413 defuncto
3256 2356 3477 2421 Ariano,
3505 2371 3537 2411 a
3576 2357 3805 2428 synodo,

2237 2458 2358 2515 ane
2396 2453 2521 2502 tunc
2567 2459 2597 2498 a
2625 2443 3106 2500 Mcdiolaneusibus
3150 2453 3233 2503 est
3268 2444 3339 2502 de
3373 2444 3688 2503 ortltodoxis
3714 2445 3811 2500 do-

2237 2536 2506 2606 gmatibus
2521 2544 2841 2606 congregata
2853 2574 2868 2603 ,
2880 2548 3159 2607 promotus
3178 2547 3264 2594 est
3279 2539 3333 2593 in
3343 2538 3652 2609 episcopum
3666 2550 3806 2608 pra:-

2239 2623 2396 2679 dicta:
2423 2624 2681 2688 civitatis,
2738 2625 2885 2680 nullo
2917 2627 3073 2683 modo
3100 2627 3379 2698 principali
3427 2643 3588 2684 manu
3614 2628 3805 2700 impel-

2238 2713 2379 2770 lente
2399 2714 2678 2785 episcopos
2698 2715 2752 2770 in
2774 2715 3091 2773 electionem
3119 2718 3235 2788 ejus
3260 2717 3343 2774 vel
3369 2719 3761 2789 promotionetl
3786 2739 3800 2773 :

2237 2803 2353 2874 pari
2382 2818 2594 2874 quoque
2636 2804 2796 2860 modo
2838 2813 2894 2862 et
2944 2804 3132 2862 beatus
3170 2806 3422 2862 Tarasius
3464 2808 3657 2865 abillo
3690 2808 3813 2879 ipso

2238 2913 2377 2955 novo
2404 2899 2711 2955 confessore
2747 2899 2931 2967 Paulo,
2977 2902 3068 2970 qui
3106 2910 3325 2971 propter
3354 2901 3710 2957 orthodoxam
3740 2902 3804 2955 tl-

2237 2989 2356 3045 dem
2392 2998 2767 3061 sequestratus
2803 3007 2834 3046 a
2872 2991 3124 3048 cathedra
3152 2989 3712 3062 Constantinopoleos,
3752 2999 3809 3046 et

2238 3081 2549 3137 testimonio
2591 3082 2934 3152 approbatus
2963 3090 3048 3139 est
3089 3091 3146 3138 et
3188 3091 3495 3152 promotus;
3542 3098 3611 3138 eo
3660 3081 3805 3137 illum

2237 3169 2455 3239 dignum
2487 3186 2607 3227 esse
2649 3171 2740 3227 tali
2791 3172 2982 3228 throno
3024 3180 3400 3237 asseverante,
3448 3186 3512 3228 ac
3554 3173 3809 3227 omnibus

561 3258 840 3318 catholica:
868 3260 1079 3333 synodi,
1110 3269 1164 3316 et
1184 3259 1338 3330 juxta
1377 3260 1610 3315 libellum
1635 3260 1724 3330 qui
1756 3261 2030 3330 expositus
2056 3267 2136 3315 est
2163 3258 2207 3321 C
2238 3260 2724 3332 propugnatoribus
2764 3262 3010 3331 pietatis,
3046 3264 3136 3332 qni
3181 3271 3307 3319 tunc
3337 3262 3582 3326 aderant,
3625 3264 3807 3318 ortho-

557 3365 590 3406 a
619 3361 804 3407 sancta
849 3351 1091 3408 Romana
1135 3351 1374 3408 Ecclesia
1423 3351 1600 3407 facitis
1653 3361 1707 3407 et
1756 3352 2022 3418 scribitis,
2065 3369 2134 3407 an

557 3442 705 3498 non?
738 3441 839 3511 Qui
873 3443 1161 3499 dixerunt:
1202 3442 1280 3498 Ne
1320 3441 1445 3509 liat,
1486 3442 1645 3497 Deus.
1685 3439 1791 3497 Sed
1830 3443 1875 3497 si
1912 3442 2136 3513 jusserit

560 3535 855 3608 imperator
901 3546 1086 3593 noster
1133 3543 1352 3593 sanctus
1394 3533 1582 3590 audire
1637 3533 1815 3590 omnia
1854 3549 1973 3604 qua:
2016 3543 2134 3590 acta

557 3636 715 3695 sunt,
763 3628 1023 3684 dicemus.
1070 3628 1409 3685 Sanctissimi
1452 3630 1639 3686 vicarii
1680 3628 1908 3685 senioris
1954 3628 2137 3684 Roma:

559 3720 814 3776 dixerunt
838 3740 853 3776 :
884 3721 942 3777 Si
974 3738 1080 3779 non
1109 3724 1269 3780 vultis
1289 3725 1552 3781 obaudire
1579 3734 1819 3781 sanctam
1850 3726 2134 3795 synodum,

559 3812 633 3867 ite
655 3811 721 3867 ad
750 3820 931 3883 patres
958 3822 1185 3869 vestros.
1223 3814 1289 3869 Et
1326 3815 1412 3870 his
1448 3830 1506 3871 se
1542 3817 1607 3870 ad
1646 3816 1780 3871 alios
1816 3815 2137 3871 conferenti-

560 3903 661 3958 bus
681 3943 695 3967 ,
722 3903 858 3959 dixit
885 3902 1262 3975 Metrophanes
1284 3905 1394 3961 Deo
1418 3907 1777 3963 amicissimus
1797 3908 2135 3977 metropolita

562 3991 806 4065 Smyrna:
827 3995 894 4049 ad
920 3995 1237 4051 Zachariam
1277 3996 1765 4055 Clialeedonenscm
1807 4000 1980 4054 Pliotii
2026 4002 2137 4072 epi-

560 4100 815 4155 scopum:
844 4086 923 4143 Ad
950 4101 1014 4142 ea
1038 4103 1157 4157 qum
1180 4088 1361 4144 dixisti
1393 4090 1775 4162 respondemus
1814 4090 1940 4146 tibi:
1970 4091 2137 4162 Leges

561 4178 831 4245 sanciunt,
855 4186 964 4234 tam
984 4180 1359 4237 ecclesiastica:
1379 4198 1540 4252 quam
1563 4182 1765 4249 civiles,
1788 4198 2021 4250 onmem,
2043 4186 2134 4255 qui

559 4268 788 4341 elegerit
834 4270 1069 4341 aliquem
1129 4270 1404 4341 judicem,
1465 4273 1638 4329 modis
1681 4275 1930 4330 omnibus
1983 4276 2135 4346 sequi

560 4374 626 4416 ac
675 4361 895 4417 obedire
948 4364 1230 4433 praeceptis
1281 4364 1429 4433 ejus,
1485 4375 1542 4421 et
1603 4381 1941 4436 nequaquam
1990 4366 2133 4422 refu-

564 4460 683 4508 tare
734 4453 949 4523 penitus
1000 4469 1064 4510 ac
1116 4456 1375 4525 repellere
1426 4456 1661 4527 prolatas
1701 4458 1769 4513 ab
1818 4473 1884 4513 eo
1935 4466 1990 4513 et
2043 4458 2135 4514 de-

558 4553 836 4615 promptas
876 4530 1219 4602 deﬁnitiones
1263 4555 1318 4602 et
1362 4546 1546 4618 leges:
1601 4563 1723 4602 cum
1780 4548 1959 4618 itaque
2007 4564 2133 4617 pars

2237 3349 2391 3406 done
2417 3351 2538 3407 ﬁdei
2565 3361 2783 3423 propter
2795 3354 2967 3409 zelum
2995 3370 3059 3410 ac
3088 3354 3616 3425 irreprehensibilem
3642 3355 3809 3409 vitam

2236 3441 2372 3512 ejus,
2401 3445 2493 3500 sed
2540 3461 2647 3500 non
2679 3447 2954 3517 tyrannice
2982 3446 3065 3501 vel
3109 3455 3294 3502 coacte
3324 3447 3392 3501 ad
3441 3447 3810 3516 receptionem

2236 3532 2351 3603 ejus
2379 3534 2628 3591 conducti
2651 3545 2813 3590 sunt:
2844 3535 3092 3591 similiter
3116 3536 3281 3590 etiam
3307 3543 3361 3591 et
3384 3544 3504 3605 post
3531 3536 3812 3591 dormitio-

2235 3640 2359 3679 nem
2383 3624 2683 3680 beatissimi
2726 3624 2934 3679 Tarasii
2978 3625 3320 3680 beatissimus
3352 3624 3685 3694 Nicephorus
3714 3642 3811 3694 pa-

2237 3716 2473 3772 triarcha
2515 3717 2769 3789 synodice
2797 3716 2998 3773 electus
3024 3726 3079 3773 et
3104 3726 3450 3773 consecratus
3488 3724 3582 3771 est
3621 3718 3808 3771 archi-

2235 3810 2517 3880 episcopus
2549 3808 3119 3879 Constantinopoleos,
3145 3811 3359 3883 ZSponte
3399 3823 3463 3863 ac
3504 3808 3813 3867 voluntarie

2234 3899 2472 3957 collectis
2498 3898 2781 3971 episcopis,
2823 3901 2915 3971 qui
2948 3901 3220 3956 decretum
3251 3901 3394 3957 illius
3436 3908 3488 3953 et
3515 3912 3813 3966 consecra-

2238 3992 2436 4048 tionem
2466 3991 2741 4046 l‘ecerunt:
2783 3991 2836 4045 in
2878 3989 3069 4047 Photio
3095 4006 3225 4047 vero
3268 3990 3400 4045 nihil
3446 3989 3671 4044 omnino
3702 3992 3810 4046 tale

2237 4082 2530 4149 invenitur,
2555 4097 2621 4138 eo
2644 4083 2786 4153 quod
2813 4091 2867 4139 et
2893 4082 3002 4148 ille,
3032 4083 3245 4139 vivente
3272 4081 3511 4150 legitimo
3550 4080 3810 4165 Ecclesia:

2235 4175 2373 4243 viro,
2404 4174 2728 4246 subrogatus
2754 4175 2844 4241 sit,
2893 4184 2948 4229 et
2971 4174 3333 4245 provcltentcs-
3366 4188 3488 4230 eum
3518 4181 3575 4229 ct
3619 4189 3810 4230 consc-

2237 4274 2457 4320 crautes
2497 4265 2777 4328 violenter,
2818 4273 2874 4321 et
2910 4264 3104 4329 coacti,
3149 4279 3214 4320 ac
3244 4263 3431 4327 inviti,
3481 4270 3648 4333 atque
3692 4264 3812 4318 sine

2235 4359 2509 4429 proposito
2536 4373 2601 4414 ac
2624 4357 2899 4414 voluntate
2928 4358 2981 4412 in
3030 4356 3175 4413 illius
3218 4363 3274 4411 et
3315 4355 3710 4426 promotionem
3753 4365 3835 4408 et-

2236 4448 2696 4503 consecrationem
2722 4462 2787 4503 ex
2813 4447 3154 4516 imperatoris
3178 4445 3504 4515 necessitate
3526 4460 3592 4500 ac
3621 4453 3807 4514 tyran-

2239 4540 2361 4596 nide
2403 4539 2614 4610 impulsi
2640 4548 2847 4596 suntet
2874 4540 3066 4604 secuti,
3110 4548 3165 4596 et
3194 4539 3336 4594 nulla
3366 4537 3809 4609 patriarehalium

556 4642 737 4689 vestra
786 4634 1004 4705 petierit
1071 4643 1126 4689 et
1196 4615 1537 4707 proposuerit
1586 4634 1823 4705 judiecm
1872 4615 2135 4693 ‘beatissi-
2163 4615 2211 4675 D
2238 4630 2442 4685 sedium
2470 4631 2523 4684 in
2556 4630 2857 4686 sacerdotio
2881 4646 3003 4685 eum
3052 4631 3293 4700 recipere
3318 4644 3479 4699 passa
3523 4628 3644 4683 t'uit.
3671 4627 3813 4683 Cum

558 4739 707 4780 mum
779 4740 973 4796 papam
1055 4725 1364 4796 Nicolaum,
1447 4730 1715 4800 quomodo
1779 4746 1873 4787 vos
1900 4773 1916 4799 ,
1979 4741 2132 4787 extra

556 4816 762 4886 positas
808 4817 1064 4873 Ecclesia:
1114 4832 1179 4873 ac
1233 4821 1540 4889 reipublicae
1587 4821 1732 4893 leges
1775 4838 1836 4878 ac
1886 4823 2132 4891 regulas,

558 4919 683 4959 cum
733 4906 1054 4977 redarguere
1100 4920 1165 4962 ac
1205 4906 1451 4977 judicare
1497 4911 1945 4979 prmemnpsistis,
1990 4926 2135 4965 asse-

558 5005 744 5052 rentes
768 5012 872 5053 non
897 4997 1190 5053 secundum
1214 5006 1476 5055 canenem
1504 5001 1697 5070 egisse,
1723 5016 1898 5070 neque
1942 5017 2133 5056 secun-

556 5087 687 5142 dum
707 5085 929 5155 justitite
956 5104 1022 5144 ac
1066 5089 1308 5146 veritatis
1348 5091 1612 5146 rationem
1662 5090 1985 5159 decrevisse,
2018 5108 2137 5162 qua:

594 5177 627 5193 η
650 5178 663 5191 .
726 5178 738 5190 -
775 5194 801 5211 ,ι
832 5187 952 5217 ..ηις
995 5180 1332 5226 ,Ιηηηῗηηιιην
1358 5182 1673 5234 ιιινιεηῖιηῖηῖ
1728 5199 1857 5232 nm",
1902 5184 1954 5230 in
1984 5194 2137 5248 parte

2235 4736 2366 4791 ergo
2395 4720 2679 4775 diversitas
2707 4720 2793 4774 hic
2831 4719 3141 4774 omnimoda
3184 4720 3503 4789 reperiatur,
3534 4716 3813 4787 quomodo

2237 4811 2290 4865 in
2337 4811 2685 4866 dissimilibus
2733 4809 3024 4866 introducis
3067 4807 3587 4865 similitudinemilu
3615 4806 3814 4875 quibus

2235 4902 2378 4956 enim
2405 4912 2490 4957 est
2512 4915 2688 4957 causa:
2715 4900 3020 4965 diversitas,
3048 4896 3464 4955 existimationis
3505 4910 3722 4964 quoque
3753 4904 3812 4949 et

2235 4992 2501 5062 Opinionis
2529 4991 2809 5048 diversitas
2837 4991 2994 5047 debet
3043 4991 3306 5046 accidere.
3361 4986 3626 5054 Quoniam
3675 5002 3809 5042 vero

2245 5082 2451 5137 ratione
2479 5096 2706 5146 morsus,
2741 5081 2922 5138 dixisti
2949 5082 3014 5137 de
3040 5080 3350 5155 beatissimo
3381 5092 3517 5150 papa
3549 5076 3771 5134 Nieolao
3794 5096 3808 5132 :
3834 5112 3839 5115 τ

2244 5174 2397 5232 Ουοά
2432 5174 2479 5228 si
2529 5175 2821 5226 secundum
2860 5189 3121 5228 canoncm
3163 5172 3416 5226 iudicium
3455 5155 3720 5222 “mlum:
3755 5179 3812 5223 et
