4032 6286
243 406 316 469 93
940 410 1497 468 INTERPRETATIO
1537 409 1783 467 SYNODI
1824 409 1931 465 VIII
1971 408 2376 465 GENERALIS.
2416 442 2483 449 —
2519 409 2723 465 ACTIO
2765 409 2846 462 VI.
3424 403 3492 462 9~I

245 515 530 575 Nicolaum
557 520 816 576 canonice
842 521 1125 587 restitisse,
1158 539 1220 579 ac
1247 525 1540 579 secundum
1581 523 1820 593 regulam
1853 529 1900 588 Α
1927 534 2099 579 cutus.
2134 525 2192 580 Si
2225 542 2372 589 vero,
2396 525 2489 580 lite
2517 539 2637 579 cum
2669 523 2890 578 Patdino
2911 523 3147 585 detenta,
3179 521 3509 585 restiterunt,

247 607 502 665 Photium
533 612 874 682 reprobassc,
927 627 1034 666 non
1081 623 1269 668 autem
1303 614 1640 684 acquieveris
1663 628 1826 669 cano-

247 701 373 758 nico
407 701 619 772 iudicio
655 704 860 762 Νίσοιεὶ
883 747 898 772 ,
948 709 1400 777 quemadmodum
1445 709 1716 780 pollicitus
1743 724 1824 775 es,

246 793 698 849 consuetudinem
731 795 786 848 in
831 797 1240 854 subversionem
1272 800 1494 854 canonis
1523 799 1821 868 obiiciens;

246 898 562 954 quanquam
598 884 803 955 liquido
830 887 1028 954 sciens,
1073 891 1198 958 quia
1239 902 1302 944 ea
1350 903 1469 958 qua:
1508 903 1632 944 raro
1670 889 1822 953 tium,

243 974 453 1044 positas
473 974 620 1046 leges
643 991 749 1032 non
768 978 1111 1045 subvertant,
1140 994 1316 1049 neque
1336 979 1681 1049 particularia
1710 981 1826 1034 uui-

244 1063 553 1122 versalibus
571 1075 627 1122 et
649 1067 990 1136 generalibus
1020 1068 1392 1139 principantur
1427 1069 1510 1125 vel
1538 1070 1792 1125 dominan

248 1163 336 1210 tur
360 1173 376 1210 :
407 1162 468 1210 et
491 1157 736 1214 maxime
764 1172 892 1228 eum
919 1157 1151 1228 plurima
1187 1173 1308 1216 esse
1343 1159 1644 1216 differentia
1670 1175 1828 1232 repe-

239 1245 422 1302 riatur
441 1245 498 1302 in
524 1245 736 1314 Photio,
762 1257 818 1305 et
845 1251 1296 1318 prmeedentibus,
1326 1253 1418 1323 qui
1441 1269 1508 1308 ex
1538 1253 1678 1309 laico
1703 1267 1826 1325 pro-

244 1336 387 1393 vceti
422 1347 574 1405 sunt,
601 1339 744 1395 sicut
767 1348 824 1396 et
844 1341 1136 1399 multifarie
1181 1345 1689 1402 demonstravimus.
1723 1344 1827 1401 Ve;

244 1439 364 1479 rum
391 1435 449 1481 et
487 1427 631 1496 quod
657 1427 879 1485 dixisti:
910 1429 1126 1497 Multos,
1169 1430 1536 1488 Romanorum
1591 1434 1823 1489 Ecclesia

239 1515 609 1586 iustificante,
638 1519 924 1590 damnatos
969 1523 1320 1589 arbitramur,
1348 1532 1404 1580 et
1453 1539 1642 1580 rursus
1675 1525 1822 1580 dam-

244 1618 412 1664 nante
448 1607 776 1678 iustificatos
807 1610 1088 1678 habemus,
1121 1611 1318 1668 falsum
1364 1622 1446 1670 est
1478 1623 1532 1670 et
1555 1615 1752 1685 procul
1795 1631 1826 1670 a

240 1701 494 1760 veritate.
1587 1703 1589 1706 ‘

313 1794 562 1866 Denique
632 1796 942 1856 Marcellum
1003 1799 1219 1870 quidem
1275 1801 1824 1859 anathematizantem

1924 605 2140 684 quidem
2162 624 2392 686 propter
2405 631 2647 678 causam,
2673 629 2832 684 quam
2869 611 3001 681 dixi,
3024 614 3388 682 deposuerunt
3401 627 3495 668 au-

1923 714 2032 760 tem
2066 705 2371 773 huiusmodi
2409 704 2832 769 contentionem,
2878 713 2934 758 et
2979 709 3301 772 receperunt
3345 715 3492 767 eum,

1924 797 2124 852 frustm
2150 797 2332 850 dixisti
2358 797 2626 866 receptum
2650 795 2815 850 fuisse
2833 795 3147 850 Flavianum
3169 801 3358 849 contra
3385 791 3496 847 Ro—

1922 888 2138 943 manam
2184 887 2500 943 Ecclesiam.
2539 888 2729 942 Dicere
2771 897 2948 942 autem
2979 885 3200 960 Petrum
3248 881 3493 954 Moggum

1923 979 2262 1033 Alexandria:
2290 978 2592 1047 depositum
2621 993 2758 1042 esse,
2791 976 2918 1047 quin
2947 977 3110 1030 etiam
3153 987 3206 1030 et
3234 973 3492 1030 Acacium

1923 1068 2574 1138 Constantinopolitanum
2603 1109 2618 1134 ,
2657 1083 2996 1138 nequaquam
3047 1082 3174 1122 vero
3227 1065 3498 1136 depositus

1923 1175 2018 1216 eos
2057 1161 2148 1230 qui
2204 1159 2273 1214 ab
2313 1167 2542 1229 utroque
2584 1173 2776 1214 manus
2829 1157 3229 1228 impositionem
3277 1168 3497 1223 accepe-

1925 1263 2068 1318 runt,
2098 1251 2228 1307 nihil
2249 1251 2460 1308 confert
2485 1249 2551 1306 ad
2577 1259 2812 1306 vestram
2845 1249 2932 1305 vel
2961 1247 3136 1304 Photii
3156 1244 3498 1316 iustificatio-

1925 1358 2068 1406 nem,
2095 1357 2161 1398 eo
2185 1341 2326 1412 quod
2371 1341 2529 1398 aliter
2570 1340 2944 1397 ecclesiastica:
2973 1341 3116 1412 leges
3157 1353 3254 1394 eos
3291 1336 3382 1407 qui
3430 1349 3497 1390 ex

1925 1434 2221 1490 haeresihus
2261 1434 2488 1490 redeunt
2516 1433 2796 1503 episcopos
2834 1431 3098 1503 iudicant,
3129 1438 3184 1486 et
3223 1428 3381 1484 aliter
3407 1441 3501 1482 eos

1925 1529 2016 1599 qui
2044 1543 2074 1583 a
2103 1527 2333 1583 mcechis
2356 1535 2411 1583 et
2435 1527 2526 1598 qui
2563 1527 2682 1583 sine
2721 1539 2928 1580 canone
2954 1531 3376 1596 promoventur:
3405 1533 3500 1608 eos

1927 1622 2067 1678 enim
2100 1621 2190 1691 qui
2215 1620 2450 1676 libellum
2479 1619 2626 1685 dant,
2676 1627 2731 1676 et
2754 1620 3030 1690 propriam
3063 1616 3312 1673 lueresim
3369 1629 3499 1670 ana-

1927 1712 2297 1778 thematizant,
2328 1712 2492 1781 recipi
2519 1711 2787 1777 sanciunt,
2813 1708 3263 1779 quemadmodum
3287 1716 3345 1763 et
3371 1712 3500 1759 tunc

1928 1803 2164 1860 Orientis
2188 1803 2426 1874 episcopi
2453 1802 2712 1874 synodum
2742 1799 3094 1865 celebrantes,
3121 1805 3175 1854 et
3201 1793 3352 1852 Felix
3380 1800 3501 1866 post

241 1889 458 1943 omnem
494 1888 764 1956 hmresim,
801 1900 856 1947 et
881 1906 1003 1948 eam
1031 1894 1266 1950 maxime
1303 1909 1466 1972 quam
1513 1895 1713 1952 habere
1744 1897 1822 1952 di-
1855 1893 1892 1952 Β
1925 1892 2257 1964 Simplicium
2286 1907 2424 1964 papa
2454 1892 2728 1948 Romanus
2756 1889 3009 1964 synodice
3036 1891 3254 1945 Petrum
3279 1884 3495 1956 quidem

239 1975 486 2043 eebatur,
507 1976 654 2048 iuste
675 1995 740 2034 ac
782 1981 1106 2052 regulariter
1147 1983 1321 2043 Julius
1347 1997 1481 2056 papa
1522 1987 1817 2052 Romanus,

239 2071 296 2118 et
321 2062 669 2124 Sardieensis
695 2071 931 2141 synodus
969 2071 1195 2144 recepit.
1222 2073 1486 2130 Similiter
1515 2077 1660 2132 enim
1689 2093 1819 2134 eum

241 2153 536 2212 facientem
561 2167 620 2216 et
638 2159 965 2218 Athanasius
1004 2178 1232 2235 magnus
1271 2173 1326 2220 et
1370 2165 1568 2223 Paulus
1607 2168 1822 2225 confes;

238 2261 352 2312 sor,
383 2255 567 2304 turres
591 2257 646 2305 et
675 2251 939 2308 columna:
961 2254 1276 2310 orthodoxa:
1314 2255 1461 2322 fidei,
1491 2264 1546 2312 et
1573 2267 1827 2328 accepta-

240 2347 437 2394 verunt
465 2349 525 2394 et
547 2341 976 2399 comministrum
1023 2345 1345 2402 habuerunt.
1393 2345 1694 2405 Novissime
1729 2365 1823 2404 au-

237 2437 348 2484 tem
375 2430 448 2484 ad
477 2432 754 2502 proprium
766 2435 1028 2490 vomitum
1044 2451 1320 2494 reversum
1347 2448 1402 2494 et
1423 2440 1820 2510 deprehensum

237 2521 580 2589 hreretieum,
609 2523 683 2590 hi,
714 2525 808 2594 qui
841 2525 988 2582 circa
1027 2526 1305 2584 Silvanum
1361 2539 1512 2587 erant
1533 2573 1546 2598 ,
1593 2535 1819 2590 anathe-

235 2610 658 2678 matizaverunt,
690 2615 886 2684 quibus
913 2626 968 2672 et
1009 2615 1260 2674 Liberius
1289 2636 1386 2690 per
1431 2621 1642 2678 litteras
1671 2639 1817 2691 suas,

236 2703 328 2772 qui
348 2713 477 2774 post
497 2703 695 2761 Iulium
737 2705 859 2773 fuit,
903 2709 1195 2765 concordat
1232 2712 1416 2768 dicens
1454 2732 1467 2768 :
1511 2715 1819 2772 Marcellum

235 2794 419 2850 denuo
461 2796 627 2867 impie
659 2797 1131 2881 dogmatizantem.
1187 2802 1301 2859 Hoc
1345 2797 1554 2860 autem'
1591 2822 1698 2863 non
1733 2817 1820 2864 est

235 2887 430 2958 utique
475 2889 784 2959 reprobatio
804 2891 992 2962 iudicii
1027 2891 1172 2960 Julii,
1223 2895 1308 2951 vel
1339 2895 1680 2954 Sardicensis
1725 2914 1817 2970 sy-

233 2979 388 3043 nodi,
413 2979 488 3036 ob
511 2979 708 3036 factam
732 2980 984 3039 Marcello
1013 2986 1212 3044 mentis
1253 2987 1628 3043 mutationem.
1661 2989 1822 3044 Simi-

233 3072 368 3128 liter
384 3073 551 3128 etiam
585 3073 887 3142 Apiarium,
917 3090 1038 3131 eum
1065 3085 1209 3132 esset
1227 3079 1532 3150 presbyter
1556 3079 1820 3138 Ecclesia:

235 3161 557 3234 Synieensis
584 3161 898 3237 [Siccensis]
944 3165 1211 3222 Africana:
1234 3169 1548 3238 pmvincim,
1592 3181 1816 3242 propter

1925 1986 2168 2058 Moggum
2197 1985 2496 2050 damnavit,
2545 1991 2600 2039 et
2621 1982 2944 2040 omnimodis
2970 1980 3240 2036 abdicavit
3264 1996 3277 2034 :
3308 1973 3496 2032 simili-

1925 2086 2008 2132 ter
2033 2075 2198 2132 etiam
2241 2074 2390 2131 Felix
2444 2082 2498 2130 et
2528 2073 2786 2128 Acacium
2833 2070 3133 2143 abrogavit.
3184 2065 3500 2123 Nullatenus

1924 2177 2102 2223 autem
2132 2167 2222 2238 qui
2254 2167 2514 2222 adversus
2542 2181 2634 2222 eos
2657 2165 2725 2222 ab
2762 2173 2993 2236 utroque
3018 2159 3320 2218 consecrati
3350 2166 3496 2223 stmt,

1921 2258 2399 2329 promulgaverunt
2427 2257 2772 2321 sententiam,
2804 2265 3022 2327 prepter
3035 2254 3310 2311 evidentes
3331 2253 3497 2322 leges,

1922 2359 1980 2404 ut
2005 2349 2136 2416 dixi,
2163 2349 2458 2416 Ecclesia;
2487 2357 2543 2404 et
2570 2356 2717 2404 certe
2738 2348 2930 2403 Petrus
2957 2361 3171 2416 parum,
3201 2343 3375 2415 magis
3398 2359 3496 2397 au-

1923 2447 2028 2493 tem
2058 2447 2113 2494 et
2133 2439 2384 2504 Aeacius,
2423 2437 2721 2493 alterantes
2751 2438 2896 2493 circa
2922 2435 3081 2491 fidem
3113 2441 3497 2506 apparuerunt.

1919 2530 2275 2587 Consecratus
2321 2539 2518 2596 autem,
2565 2529 3016 2600 quemadmodum
3052 2527 3274 2583 Photius
3299 2535 3351 2582 et
3382 2542 3499 2591 vos,

1921 2623 2066 2678 nullo
2096 2625 2255 2679 modo
2297 2623 2596 2694 recipiunt,
2647 2621 2806 2678 sicuti
2853 2631 3039 2678 sancta
3079 2630 3134 2676 et
3180 2620 3503 2676 universalis

1923 2715 2161 2784 synodus
2193 2716 2430 2770 secunda
2462 2715 2528 2770 de
2559 2713 2794 2769 Maximo
2829 2713 3055 2784 Cynico,
3098 2719 3151 2766 et
3182 2712 3248 2766 iis
3291 2710 3380 2779 qui
3431 2709 3500 2762 ab

1919 2823 1984 2862 eo
2015 2807 2614 2876 manusimpositionem
2638 2805 2963 2869 habuerunt,
2987 2811 3042 2859 et
3067 2805 3175 2874 egit
3199 2811 3252 2858 et
3269 2803 3497 2858 censuit.

1917 2898 2468 2967 Gregorium-autem,
2495 2897 2586 2966 qui
2615 2897 2948 2956 consecravit
2968 2895 3242 2960 Photium,
3271 2904 3333 2949 ut
3357 2892 3498 2949 dixi-

1917 2989 2024 3053 sti,
2079 3003 2184 3044 non
2256 2997 2510 3058 tanquam
2561 2989 2892 3044 desertorem
2937 2987 3192 3044 Ecclesia:
3248 2985 3497 3058 deposuit

1918 3081 2294 3136 sanctissimus
2319 3081 2624 3152 patriarcha
2655 3080 2913 3152 lgnatius,
2939 3079 3032 3135 sed
3064 3087 3283 3150 propter
3315 3075 3498 3132 crimi-

1918 3171 2065 3228 nales
2095 3186 2307 3228 causas.
2341 3171 2409 3226 Et
2435 3172 2572 3226 bene
2596 3170 2800 3237 dixisti,
2838 3169 2964 3240 quia
2989 3183 3004 3222 :
3039 3167 3164 3224 Sive
3192 3167 3263 3224 sit
3289 3163 3499 3238 deposi—

234 3251 478 3322 aliquam
511 3267 732 3309 causam
777 3257 1079 3326 segregavit
1105 3237 1355 3328 proprius
1388 3237 1672 3331 episcopus
1693 3237 1812 3320 -υτ-
1841 3237 1886 3298 C
1922 3270 2006 3316 tus
2027 3263 2399 3334 Syracusanus
2421 3260 2734 3332 Gregorius,
2763 3237 2964 3314 innoxii
2991 3266 3115 3314 sunt
3134 3237 3492 3328 quiPhotium

234 3344 456 3400 banus:
489 3353 674 3414 postea
732 3359 862 3401 vero
909 3346 1155 3417 deposuit
1209 3349 1534 3407 omnimodis
1576 3355 1818 3424 synodus

232 3448 362 3504 qua:
403 3435 604 3490 ibidem
633 3434 856 3492 collecta
882 3444 1002 3492 est:
1034 3436 1283 3496 Zosimus
1321 3449 1502 3497 autem
1530 3457 1666 3514 papa
1710 3444 1818 3499 Ito-

235 3542 432 3584 manus
460 3537 832 3585 recurrentem
876 3531 944 3585 ad
974 3545 1054 3598 se,
1085 3540 1340 3588 ettsemet
1373 3535 1638 3590 insontem
1670 3537 1820 3592 exhi-

232 3615 478 3682 bentem,
500 3611 838 3686 iustifieavit,
871 3629 925 3675 et
947 3621 1014 3675 ad
1043 3621 1352 3680 Africanam
1380 3627 1643 3697 synodum
1693 3629 1813 3682 mit-

233 3715 361 3762 tens
387 3722 514 3762 eum
543 3709 758 3775 litteris,
794 3718 852 3766 ut
887 3713 1081 3768 iterum
1111 3717 1496 3786 susciperetur,
1527 3720 1634 3789 egit
1656 3721 1818 3776 ratio-

234 3812 362 3853 nem
411 3798 672 3856 reddente
719 3803 926 3874 synodo
970 3819 1068 3874 per
1118 3807 1320 3877 scripta
1372 3807 1650 3866 Bonifacio
1694 3819 1816 3882 post

235 3889 516 3947 Zosimum
556 3908 709 3962 papa:
742 3894 984 3952 Romano
1023 3898 1090 3954 de
1121 3899 1454 3969 depositione
1496 3917 1616 3972 quae
1669 3903 1814 3959 facta

231 3984 396 4039 estin
421 3985 725 4056 Apiarium,
748 3996 805 4042 et
827 3990 892 4044 de
931 3990 1121 4045 iterata
1154 3989 1576 4059 iustificatione:
1609 4004 1658 4051 et
1689 3997 1814 4068 quia

233 4091 380 4131 nunc
406 4075 764 4145 iustificatum
793 4095 917 4135 eum
953 4083 1302 4150 arbitramur,
1337 4085 1700 4154 indicavimus
1720 4105 1815 4144 au-

237 4177 345 4223 tem
372 4183 483 4224 non
513 4171 731 4238 operari
757 4185 879 4226 eum
901 4187 1022 4242 qua:
1056 4183 1182 4229 sunt
1209 4175 1510 4248 presbyteri
1541 4179 1593 4235 in
1631 4180 1814 4236 Eccle-

235 4260 316 4315 sia
341 4259 629 4331 Syuieensi
651 4270 876 4332 propter
903 4263 1154 4318 scandala
1183 4280 1306 4335 qua:
1331 4267 1616 4323 subsecuta
1644 4279 1766 4325 sunt
1795 4289 1810 4325 :

233 4365 394 4418 porro
416 4351 778 4420 accipientem
806 4353 1014 4410 litteras
1043 4357 1514 4414 eommendatitias
1561 4376 1590 4414 a
1634 4362 1808 4427 nobis,

234 4439 286 4494 in
308 4441 565 4496 omnibus
589 4441 993 4500 aliis‘Eeclesiis
1017 4446 1321 4501 sacerdotio
1344 4446 1510 4520 fungi.
1537 4435 1812 4506 Invenitur

237 4531 396 4600 igitur
413 4531 676 4588 Africana
701 4535 940 4605 synodus
967 4537 1212 4606 paruisse
1233 4540 1410 4608 potius
1432 4541 1636 4610 iudicio
1664 4543 1812 4599 Zosi—

234 4623 303 4676 mi
327 4637 483 4694 papa:
510 4623 761 4690 Romani,
813 4640 878 4682 ac
917 4641 1015 4696 per
1039 4628 1141 4683 hoc
1167 4628 1441 4698 propriam
1490 4632 1808 4700 reprobasse

234 4712 582 4776 sententiam,
611 4721 665 4768 et
688 4713 1022 4784 iustificasse
1047 4715 1352 4785 Apiarium,
1384 4733 1510 4781 non,
1538 4727 1598 4773 ut
1630 4721 1806 4777 fassus

233 4814 310 4863 es,
349 4801 620 4858 restitisse
667 4811 794 4859 voto
840 4803 1210 4859 Romanorum
1249 4806 1586 4876 pontificum.
1641 4808 1808 4867 Porro

233 4894 600 4961 patriarcham
623 4895 922 4950 Antiochiae
940 4895 1257 4952 Flavianum
1281 4897 1565 4954 recusabat
1589 4900 1805 4968 quidem

236 4983 597 5041 Romanorum
650 4985 906 5042 Ecclesia
939 4987 1252 5058 suscipere:
1307 4989 1526 5044 interim
1587 5001 1808 5061 propter

233 5080 410 5148 magni
439 5080 718 5135 Eustachii
755 5081 1100 5138 dilectionem
1129 5083 1408 5138 Paulinum
1448 5086 1801 5152 stabilicntes,

233 5169 326 5239 qui
351 5171 606 5241 princeps
631 5181 750 5227 erat
771 5187 959 5228 eorum
983 5174 1074 5242 qui
1101 5183 1322 5244 propter
1349 5175 1698 5232 Eustachium
1729 5193 1807 5233 re-

233 5259 498 5316 sistebant
526 5271 582 5317 et
614 5262 1077 5334 disjungebantur,
1106 5281 1172 5320 ac
1191 5281 1436 5322 seorsum
1475 5268 1803 5339 colligeban-

233 5357 347 5417 ωε,
375 5367 483 5408 non
516 5360 695 5409 tamen
722 5364 777 5408 et
795 5369 966 5424 usque
1009 5356 1065 5410 in
1095 5356 1270 5413 finem
1316 5359 1457 5414 hanc
1501 5359 1806 5414 habuerunt

234 5453 512 5502 mentem-
539 5443 792 5501 Piissimo
817 5447 960 5502 enim
1008 5447 1333 5518 imperatore
1359 5448 1662 5504 Theodosio
1691 5465 1804 5505 me-

233 5533 436 5601 diante,
471 5546 754 5607 acceptum
790 5539 1139 5594 reddiderunt
1182 5556 1309 5595 eum
1343 5549 1400 5594 et
1441 5541 1802 5610 patriarcham

232 5622 542 5681 habuerunt
566 5641 691 5683 eum
707 5628 1009 5685 Antiochiae
1034 5647 1047 5696 ;
1078 5631 1152 5684 ita
1177 5640 1238 5685 ut
1263 5642 1317 5686 et
1361 5632 1413 5685 in
1456 5633 1556 5686 hoc
1583 5633 1806 5687 menda-

235 5716 368 5772 citer
393 5719 620 5789 loquens
641 5721 974 5790 apparueris.
1025 5721 1079 5775 Si
1125 5723 1268 5776 enim
1315 5739 1486 5792 usque
1533 5724 1584 5777 in
1641 5723 1800 5778 ﬁnem

237 5806 558 5886 abiecissent
586 5823 729 5873 eum,
763 5811 898 5871 bene
929 5812 1112 5880 utique
1158 5813 1475 5868 inveniret-is
1526 5813 1690 5867 fuisse
1729 5815 1806 5868 lo-

1916 3361 2296 3425 provexerunt.
2325 3352 2417 3407 Isti
2463 3352 2606 3408 enim
2641 3365 2827 3406 revera
2861 3349 3229 3419 iustificantur
3271 3355 3492 3418 propter

1919 3445 2291 3502 necessitatem
2338 3452 2394 3500 et
2423 3443 2759 3515 tyrannidem
2781 3483 2796 3508 ,
2849 3451 3010 3511 atque
3040 3440 3147 3493 vim
3176 3436 3498 3506 receptionis

1918 3537 2224 3606 utriusque,
2255 3536 2431 3591 Photii
2464 3536 2670 3592 scilicet
2695 3543 2750 3588 et
2773 3531 3016 3602 Gregorii
3043 3549 3057 3598 ;
3091 3529 3383 3588 secundum
3411 3544 3500 3598 pa-

1917 3628 2161 3696 radigma
2187 3626 2333 3696 quod
2368 3626 2458 3680 tibi
2488 3627 2668 3680 datum
2698 3632 2783 3679 est
2802 3623 3028 3693 depositi
3059 3629 3112 3677 et
3135 3619 3282 3690 impii
3326 3617 3495 3689 Euty-

1915 3716 2109 3779 chetis,
2139 3723 2192 3770 et
2219 3715 2582 3786 susceptionis
2627 3731 2690 3770 ac
2712 3713 2998 3770 sacerdotii
3030 3711 3327 3768 functiouis
3354 3709 3496 3763 Ana-

1919 3808 2028 3874 tolii
2051 3808 2371 3878 patriarcha:
2409 3807 2964 3878 Constantinopoleos,
2997 3813 3258 3860 eteorum
3288 3802 3497 3872 episco-

1916 3913 2104 3967 porum
2138 3899 2225 3968 qui
2261 3897 2360 3954 sub
2385 3898 2501 3968 ipso
2529 3909 2706 3962 erant,
2737 3898 2934 3968 quippe
2963 3896 3162 3966 recepti
3201 3904 3257 3950 et
3297 3893 3489 3966 iustifi-

1915 3989 2021 4044 cati
2049 4003 2146 4059 per
2166 3997 2412 4058 quartam
2439 3989 2700 4059 synodum
2728 3987 2894 4042 habiti
2922 3995 3084 4041 sunt:
3117 4001 3220 4040 non
3243 3998 3371 4040 vero
3396 3997 3494 4052 per

1917 4078 1968 4132 id
1990 4086 2044 4132 ct
2069 4077 2292 4132 Photius
2323 4077 2575 4132 innoxius
2602 4077 2820 4143 dicitur,
2862 4084 2918 4131 et
2940 4075 3082 4146 quod
3113 4074 3491 4131 schismatieus

1915 4166 2076 4222 fuerit
2114 4175 2296 4234 antea‘,
2329 4167 2620 4222 multorum
2651 4167 3026 4222 scandalorum
3061 4175 3249 4222 auctor
3275 4165 3498 4220 effectus

1915 4259 2006 4324 sit,
2038 4269 2090 4314 ct
2113 4258 2310 4314 multos
2336 4259 2404 4314 ab
2429 4257 2792 4314 ecclesiastica
2825 4258 3203 4336 communione
3235 4255 3494 4312 recedere

1914 4350 2125 4414 fecerit,
2154 4359 2206 4405 et
2231 4349 2510 4406 ultroneus
2533 4364 2596 4404 ac
2622 4349 2804 4404 volens
2831 4348 3136 4426 consecrari
3168 4363 3197 4402 a
3229 4345 3494 4417 Gregorio

1912 4443 2272 4513 preposuerit,
2304 4441 2447 4496 nulla
2492 4442 2543 4496 in
2577 4441 2677 4495 hoc
2720 4441 3038 4495 necessitate
3073 4439 3366 4508 impulsus;
3401 4437 3493 4490 sed

1916 4544 1968 4588 et
1998 4534 2436 4605 protestationcm
2465 4547 2493 4585 a
2517 4531 2834 4600 quibusdam
2863 4530 3159 4583 electorum
3191 4527 3281 4580 hic
3309 4523 3488 4578 consi-

1918 4625 2168 4680 stentium
2197 4624 2569 4693 CpiSCOpOI‘UIll
2599 4621 2892 4690 accipiens.
2921 4619 2988 4674 Et
3017 4618 3279 4674 Zacharia
3309 4617 3488 4671 dicere

1916 4717 2080 4772 etiam
2101 4716 2275 4768 denuo
2317 4720 2598 4775 tentante,
2648 4711 2976 4765 sanctissimi
3025 4709 3212 4765 vicarii
3264 4708 3494 4764 senioris

1915 4809 2099 4864 Bona:
2145 4807 2395 4860 dixerunt
2430 4803 2496 4858 ad
2536 4803 2767 4857 amicum
2813 4803 3011 4858 Christi
3064 4803 3488 4872 imperatorem:

1914 4901 2052 4958 Ecce
2081 4899 2351 4954 multotics
2378 4895 2680 4951 audivimus
2715 4895 3186 4958 contradictiones,
3213 4901 3267 4948 et
3299 4891 3490 4946 verbo-

1914 5008 2031 5047 rum
2058 5006 2264 5062 pugnas
2286 5006 2495 5058 eorum,
2521 5007 2640 5062 qum
2671 4991 2802 5045 nihil
2833 4989 2936 5043 illis
2974 4992 3219 5056 prosunt,
3251 4999 3315 5039 co
3341 4983 3482 5074 quod

1911 5084 2251 5139 dissonantes
2289 5083 2396 5137 sint
2422 5098 2452 5136 a
2482 5092 2625 5138 recta
2665 5082 2872 5136 ratione
2917 5093 2981 5132 ac
3003 5077 3274 5148 synodieis
3301 5084 3354 5130 et
3399 5077 3508 5130 rc-‘

1910 5153 2186 5244 gularibus
2212 5173 2674 5244 dispositionibus.
2721 5171 2872 5224 Nune
2899 5169 3290 5241 ergo'dicimus
3320 5168 3484 5223 etiam

1911 5279 2101 5321 rursus
2129 5265 2196 5319 ad
2219 5269 2312 5319 eos
2337 5281 2350 5317 :
2386 5262 2559 5318 Sinite
2589 5275 2853 5317 excusare
2884 5260 3260 5315 excusationes
3281 5258 3334 5312 in
3361 5269 3488 5326 pec-

1909 5356 2068 5420 catis,
2097 5363 2152 5409 et
2177 5355 2228 5409 in
2257 5353 2417 5408 verba
2451 5351 2673 5408 malitia:
2698 5345 2990 5414 declinare,
3020 5359 3179 5420 atque
3209 5350 3261 5404 in
3286 5359 3481 5401 vanum

1912 5445 2160 5501 laborare
2211 5440 2384 5513 (Psal.
2430 5441 2572 5512 CXL),
2626 5451 2680 5496 et
2724 5441 2990 5512 procidite
3014 5431 3218 5497 sanetae
3253 5440 3375 5495 huic
3397 5453 3484 5509 sy-

1911 5536 2068 5596 nodo,
2102 5543 2157 5588 et
2185 5532 2464 5589 salvamini
2495 5533 2563 5587 ab
2589 5531 2950 5587 anathematis
2993 5528 3438 5586 condemnatione
3464 5544 3478 5580 :

1909 5627 1990 5681 sin
2024 5635 2225 5689 autem,
2274 5625 2346 5680 ite
2383 5625 2450 5678 ad
2481 5624 2659 5680 lumen
2689 5625 2827 5695 ignis
2875 5624 3072 5688 vestri,
3109 5631 3164 5678 et
3211 5620 3504 5674 flammam

1908 5733 2068 5788 quam
2118 5717 2455 5771 accendistis.
2492 5715 2647 5771 Novit
2687 5718 2830 5772 enim
2861 5715 3038 5772 omnis
3069 5722 3252 5768 sancta
3280 5721 3334 5764 et
3361 5710 3479 5764 uni-

1909 5810 2134 5865 versalis
2185 5809 2436 5878 synodus,
2491 5825 2607 5878 qua:
2657 5811 2825 5877 gratia
2881 5808 2968 5862 Dei
3015 5807 3066 5860 in
3097 5803 3324 5860 ecclesia
3377 5803 3479 5860 hac
