3960 5488
1614 298 1657 345 ,ζ

2527 323 2609 338 ““
2956 331 3101 338 .———-

2550 322 2623 354 Ἶ
2718 362 2746 378 ~
2800 331 3073 395 ’πεδί-Μ

503 401 571 458 95
999 365 1041 385 ”
1154 476 1156 478 τ
1254 365 1305 409 ⁵
1659 408 2021 468 sxasnsn
2061 414 2599 477 BlBLlOTtlECARII
2792 385 2811 398 ”
2860 365 3014 390 ’ππ
3687 419 3756 476 96

503 523 821 588 congregata
851 524 958 586 est,
983 519 1108 599 quia
1132 529 1318 577 sancta
1349 521 1587 577 Romana
1613 523 1854 581 Ecclesia
1881 527 1949 582 ab
1967 543 2071 581 un-
2101 533 2144 590 Α
2174 531 2361 584 cerim.
2392 531 2575 601 Neque
2603 531 2772 598 enim,
2817 540 2875 587 ut
2900 531 3314 588 sacratissimus
3342 524 3658 600 patriarcha
3691 531 3757 588 ad

502 607 710 674 decima
743 609 1056 675 indictione,
1082 612 1325 670 collectis
1349 613 1790 672 Occidentalibus
1810 618 2077 689 episcOpis

502 714 558 781 tn
581 699 814 757 ecclesia
839 703 984 758 beati
1019 703 1185 770 Petri,
1219 706 1309 761 ubi
1346 706 1636 764 virtutibus
1686 708 1876 775 ﬂoret,
1905 719 1960 765 et
1995 727 2080 771 re-

500 792 754 862 quiescit,
802 793 1080 866 obligavit,
1127 805 1182 852 et
1225 798 1706 857 anathematizavit
1753 817 1818 858 ac
1856 803 2081 873 projecit

501 879 753 938 Photiutn
777 900 1146 955 pervaserem,
1175 903 1278 941 una
1307 904 1432 944 cum
1472 891 1725 947 omnibus
1754 893 2078 961 sequacibus

499 973 620 1044 ejus
646 1013 663 1041 ,
709 975 1055 1044 praesulatum
1101 979 1280 1035 adhuc
1324 989 1546 1049 gerente
1596 982 1911 1037 beatissimo
1939 999 2076 1054 papa

501 1063 741 1120 Nicolao.
770 1066 967 1122 lterum
997 1078 1178 1123 autem
1204 1084 1487 1144 successor
1517 1069 1633 1140 ejus
1658 1071 1949 1137 Adrianus,
1998 1074 2078 1128 di-

505 1153 706 1209 vinitus
732 1155 1060 1212 constitutus
1107 1156 1348 1227 pontifex
1387 1159 1779 1225 Romanorum,
1815 1160 1955 1215 sicut
1986 1160 2076 1216 ille

501 1245 744 1301 deﬁnivit
761 1256 922 1318 atque
933 1249 1207 1322 praecepit,
1233 1252 1307 1306 ita
1325 1261 1382 1308 et
1402 1251 1503 1308 iste
1521 1268 1799 1310 successor
1819 1253 1936 1322 ejus
1947 1256 2077 1310 deii-

502 1338 638 1412 nivit
665 1347 720 1396 et
737 1342 1116 1413 promulgavit,
1160 1359 1364 1416 nosque
1405 1344 1650 1415 indignos
1684 1345 1912 1402 famulos
1952 1363 2079 1404 suos

501 1431 700 1486 direxit
729 1433 797 1487 ad
822 1433 964 1490 hanc
995 1435 1105 1490 Deo
1130 1436 1556 1491 conservandam
1584 1437 1793 1504 urbem,
1817 1439 1884 1493 ad
1912 1439 2077 1494 mani-

502 1521 846 1587 festationem
876 1536 932 1584 et
949 1529 1327 1584 certitudinem
1358 1530 1471 1585 veri
1500 1539 1554 1586 et
1573 1531 1703 1602 justi
1725 1530 1913 1601 judicii
1939 1532 2078 1603 ipso-

504 1626 625 1678 rum
652 1615 708 1693 in
735 1628 1026 1690 conspectu
1049 1618 1177 1688 juSti
1211 1621 1420 1691 imperii
1451 1624 1639 1689 vestri,
1668 1633 1723 1678 et
1753 1624 1911 1694 hujus
1954 1639 2078 1679 san-

501 1715 604 1762 cla:
622 1722 688 1764 ac
715 1723 923 1781 magnae
951 1712 1270 1768 universalis
1296 1716 1519 1784 synodi;
1551 1716 1622 1770 ita
1639 1726 1828 1782 utnon
1846 1717 2079 1774 habeant

503 1810 692 1873 vocem
722 1799 1102 1874 repedationis,
1133 1802 1216 1857 vel
1247 1803 1660 1873 appellationis;
1686 1807 1781 1862 sed
1814 1808 2076 1877 quemad-

502 1885 722 1942 modum
737 1885 850 1954 jam
874 1888 1101 1959 judicati
1127 1899 1252 1948 sunt
1277 1901 1332 1947 et
1359 1891 1573 1962 dejecti,
1600 1894 1654 1958 in
1678 1896 1936 1951 sarculum
1962 1912 2078 1951 ma-
2109 1880 2153 1939 Β

502 1982 685 2030 neant.
703 1975 771 2031 Et
796 1976 1050 2034 Ecclesia:
1067 1979 1444 2052 Orientalium,
1466 1983 1641 2054 gratia
1665 1985 1780 2050 Dei,
1799 1986 2078 2042 nobiscum

502 2063 762 2133 sentiunt,
790 2067 1092 2145 stabiliunt,
1122 2069 1459 2127 datnuantet
1499 2074 1962 2131 anathematizant
2008 2076 2082 2132 si-

503 2150 708 2210 militer
734 2171 905 2227 usque
931 2160 982 2214 in
1007 2162 1531 2218 consummationem
1555 2165 1758 2220 saeculi.

513 2233 516 2236 ’
575 2243 642 2299 Et
674 2254 798 2316 post
834 2247 950 2304 haee
989 2251 1288 2306 ascendens
1330 2251 1720 2310 Constantinus
1761 2272 1792 2310 a
1831 2259 2078 2326 secretis,

505 2330 635 2404 legit
657 2334 1084 2395 exhortatorium
1127 2355 1429 2398 sermonem
1471 2343 1837 2416 imperatoris,
1881 2349 1937 2404 in
1985 2365 2078 2406 au-

501 2423 766 2480 dientiam
792 2428 1030 2484 omnium
1062 2449 1078 2485 :
1850 2463 1851 2466 η

515 2503 520 2602 ί
574 2513 754 2573 Multa:
797 2518 1016 2588 quidem
1045 2535 1357 2580 communes
1406 2525 1688 2596 passiones
1737 2537 1904 2598 sunt,
1945 2547 2082 2602 quas

505 2600 934 2679 prmeedentibus
957 2611 1148 2670 diebus
1174 2615 1398 2672 audiens
1421 2627 1479 2674 et
1500 2619 1714 2676 intuens
1748 2636 1780 2676 a
1815 2621 1926 2678 Deo
1957 2600 2078 2694 pro-

506 2705 720 2753 vectum
774 2699 1060 2769 imperium
1116 2710 1361 2760 nostrum
1388 2745 1403 2771 ,
1453 2705 1638 2779 lugere
1665 2723 1731 2764 ac
1773 2711 2083 2769 contristari

504 2803 682 2858 opera:
704 2791 936 2860 pretium
957 2783 1139 2850 duxit.
1179 2795 1352 2874 lliajus
1375 2807 1555 2856 autem
1602 2801 1823 2867 malum.
1857 2813 1913 2860 et
1939 2804 2082 2860 cala-

507 2881 757 2938 mitatum
779 2899 899 2951 arx,
925 2895 1008 2942 est
1044 2887 1297 2946 Ecclesia:
1323 2899 1631 2962 tempestas,
1653 2895 1919 2968 malignus
1940 2897 2085 2969 aspi-

509 2985 637 3026 rans
671 2971 930 3030 adversus
955 2990 1075 3030 eam
1103 2977 1301 3034 diaboli
1329 2981 1508 3047 turbo,
1551 2984 1704 3052 pacis
1724 2985 1994 3055 expulsio,
2026 2998 2084 3044 et

505 3059 712 3116 veteris
739 3060 944 3118 ordinis
967 3063 1268 3134 dissolutio,
1292 3083 1457 3124 ausus
1485 3069 1725 3127 irruendi
1760 3071 1998 3142 junioris
2021 3075 2078 3131 in

506 3146 796 3212 seniorem,
829 3159 886 3206 et
913 3150 1219 3210 inhonorati
1263 3157 1523 3214 adversus
1549 3159 1959 3230 honorabilem,
2010 3179 2077 3220 ac

2177 620 2460 689 proprium
2487 623 2873 691 regrederetur
2898 623 3182 686 thronum,
3217 621 3429 691 imperii
3471 619 3581 676 mei
3623 633 3760 690 opus

2177 710 2260 780 vel
2291 711 2624 781 excogitatio
2651 711 2795 767 facta
2820 721 2923 768 est.
2971 711 3079 767 Sed
3109 711 3335 766 multum
3373 720 3502 765 ante
3528 710 3761 766 sanctis-

2179 800 2351 857 simus
2383 811 2441 856 et
2469 801 2813 860 beatissimus
2834 817 2974 874 papa
3019 802 3306 868 Nicolaus,
3354 818 3478 872 quae
3513 803 3666 858 circa
3697 800 3762 857 il-

2179 893 2288 946 lum
2334 902 2491 949 erant
2535 896 2847 952 certissime
2891 895 3142 962 discens,
3208 894 3463 966 synodice
3517 893 3762 951 decrevit

2180 989 2328 1044 reddi
2359 989 2410 1044 ei
2453 987 2544 1056 jus
2573 992 2776 1060 proprii
2815 993 3016 1058 throni,
3053 1003 3108 1047 et
3156 991 3446 1048 anathema
3488 1007 3615 1048 cum
3646 999 3759 1047 tota

2179 1079 2542 1136 Romanorum
2621 1081 2861 1138 Ecclesia
2935 1084 3306 1153 pronuntiavit
3354 1092 3545 1140 contra
3621 1084 3760 1138 resi-

2177 1180 2382 1228 stentes
2433 1171 2803 1241 hujuscemodi
2843 1175 3062 1232 decreto
3106 1185 3271 1247 atque
3322 1176 3630 1232 sententiae.
3661 1174 3762 1231 llic

2178 1269 2359 1316 autem
2416 1277 2514 1317 nos
2581 1262 2711 1318 olim
2781 1263 3016 1321 scientes
3072 1274 3128 1320 et
3180 1274 3438 1334 paventes
3492 1264 3759 1334 judicium

2178 1353 2545 1408 anathematis
2613 1353 2973 1425 promulgati,
3040 1354 3410 1410 obsecundare
3497 1353 3760 1426 synodico

2171 1442 2377 1513 judicio
2439 1444 2696 1500 Romanae
2756 1445 3010 1502 Ecclesiae
3071 1447 3435 1517 necessarium
3475 1445 3758 1511 duximus,

2178 1546 2234 1591 et
2259 1535 2416 1606 hujus
2455 1538 2534 1592 rei
2576 1537 2750 1608 gratia
2806 1538 3140 1594 reddidimus
3184 1539 3234 1595 ei
3280 1539 3562 1610 proprium
3609 1538 3759 1592 thro-

2178 1641 2328 1680 num.
2359 1624 2554 1681 Verum
2585 1642 2692 1682 non
2731 1627 2892 1684 modo
2941 1627 3219 1694 Romanae,
3260 1629 3356 1684 sed
3379 1637 3435 1684 et
3465 1627 3535 1682 ad
3577 1628 3760 1682 orien-

2181 1724 2287 1771 tem
2342 1715 2510 1772 solem
2553 1718 2783 1774 sitarum
2843 1717 3071 1782 sedium,
3117 1719 3450 1789 providentia
3496 1719 3759 1784 melioris,

2179 1806 2366 1862 vicarii
2389 1816 2770 1878 pervenerunt,
2803 1809 3204 1880 nihildeinceps
3241 1809 3327 1865 vel
3352 1810 3644 1881 impedire,
3680 1809 3762 1865 vel

2181 1898 2478 1966 adversari,
2503 1908 2598 1954 aut
2620 1898 2802 1955 favere
2824 1900 3009 1970 utique
3041 1899 3214 1969 parati
3240 1898 3549 1969 iustissimo
3585 1899 3762 1970 impe-

2180 1992 2263 2048 rio
2305 1999 2492 2049 nostro
2545 1985 2898 2048 consensum.
2957 1990 3124 2061 Cujus
3174 1992 3255 2048 rei
3303 1991 3480 2064 gratia
3526 1992 3581 2047 in
3614 1991 3760 2046 nullo

2180 2081 2438 2154 synodico
2455 2081 2658 2153 judicio
2696 2081 2926 2138 inveniri
2966 2080 3133 2137 voluit
3154 2083 3444 2139 multorum
3469 2080 3759 2152 garrulita-

2182 2181 2264 2228 tes
2295 2171 2560 2238 recidens,
2590 2187 2658 2227 ne
2677 2172 2801 2242 quis
2837 2172 3034 2228 dixerit
3057 2172 3202 2242 quod
3229 2171 3525 2243 imperialis
3547 2185 3758 2236 manus,

2179 2273 2236 2318 et
2283 2261 2466 2334 gladii,
2503 2270 2559 2319 et
2588 2271 2945 2334 protectores,
2999 2277 3065 2319 ac
3089 2263 3395 2319 mundanus
3451 2269 3766 2332 potentatus

2182 2352 2471 2410 concilium
2501 2353 3011 2411 subadulteraverit.
3066 2352 3246 2411 Unum
3277 2352 3453 2410 solum
3487 2353 3652 2408 nobis
3675 2352 3766 2409 de-

2182 2444 2464 2510 siderium,
2495 2456 2552 2500 et
2595 2445 2663 2500 ad
2692 2445 2948 2516 praefatos
2965 2443 3201 2515 iudices,
3225 2454 3513 2517 postquam
3542 2443 3668 2501 illos
3686 2444 3777 2501 vi~

2183 2535 2381 2603 dimus,
2411 2537 2736 2608 supplicatio
2767 2537 2886 2604 fuit,
2919 2553 2989 2594 ne
3030 2553 3355 2610 quemquam
3381 2540 3766 2612 permitterent

2182 2629 2448 2700 deperire,
2473 2627 2559 2684 vel
2577 2627 2646 2685 ab
2672 2628 2913 2686 Ecclesia
2927 2630 3023 2687 Dei
3048 2644 3401 2701 quemquam,
3422 2630 3470 2686 sl
3493 2631 3611 2687 ﬁeri
3637 2645 3765 2701 pos-

2182 2727 2286 2784 set,
2324 2716 2534 2789 projici.
2585 2717 2700 2775 Hoc
2727 2718 2902 2776 solum
2935 2727 3021 2778 est
3046 2728 3292 2777 nostrum
3319 2733 3371 2789 ι,
3423 2719 3471 2776 si
3519 2719 3762 2776 voluerit

2184 2810 2309 2882 quis
2347 2809 2628 2866 nominare
2667 2811 2874 2868 crimen
2904 2828 2920 2866 :
2947 2811 3052 2867 alia
3076 2827 3206 2869 vero
3230 2812 3412 2871 omnia
3439 2811 3762 2878 canonibus,

2183 2913 2240 2959 et
2260 2903 2354 2970 iis,
2379 2903 2576 2974 quibus
2598 2904 2885 2974 imperium
2910 2905 3102 2977 synodi
3125 2905 3391 2962 creditum
3414 2913 3518 2972 est,
3541 2904 3768 2960 tradidi-

2184 3011 2326 3062 mus,
2364 2995 2592 3052 multum
2643 3011 2741 3067 pro
2786 2997 3042 3068 praesenti
3091 2997 3297 3070 judicio
3339 2995 3688 3066 eonjurantes
3712 3004 3768 3050 et

2183 3087 2608 3144 eondemnantes
2634 3088 2688 3156 δ,
2713 3087 2787 3143 nil
2814 3088 2883 3144 ad
2929 3089 3184 3161 gratiam,
3208 3087 3294 3145 vel
3319 3095 3414 3158 per
3438 3088 3624 3144 odium
3669 3087 3764 3142 de-

2187 3179 2538 3246 cernendum,
2585 3180 2821 3236 humane
2851 3190 3033 3237 autem
3062 3181 3236 3253 magis
3273 3181 3420 3238 circa
3447 3195 3542 3236 eos
3563 3179 3658 3250 qui
3680 3193 3768 3234 ce-

505 3235 816 3292 omuimoda
863 3241 1146 3298 subversio
1186 3253 1366 3303 status
1412 3247 1786 3318 ecclesiastici,
1831 3261 1906 3320 et,
1939 3229 2082 3324 apud
2109 3229 2158 3293 C
2187 3229 2437 3327 53;"...
2458 3229 2854 3340 anteaandum;
2879 3286 3018 3344 quos
3039 3229 3384 3342 non'proprie
3411 3229 3648 3335 tantulln.
3673 3268 3766 3324 sed

505 3325 808 3384 exteriores
840 3330 1058 3400 quidem
1093 3333 1148 3387 in
1173 3335 1414 3392 consiliis
1447 3336 1660 3408 justitia
1703 3352 2079 3412 conversante,

507 3415 650 3485 apud
680 3416 979 3476 Ecclesiatn
1023 3421 1286 3491 iujustitia
1331 3426 1653 3485 ﬁducialiter
1697 3446 1882 3504 agens,
1930 3449 2084 3490 amor

507 3506 862 3580 principatus,
891 3528 1148 3598 θοθηιοιχ
1161 3517 1429 3588 privatus,
1459 3528 1623 3590 atque
1655 3521 1855 3579 nullius
1883 3524 2082 3581 severi-

507 3597 634 3682 tatis
656 3612 877 3672 propter
897 3603 1010 3661 htec
1034 3597 1340 3678 reputatio;
1374 3626 1473 3667 nec
1499 3627 1603 3668 non
1628 3622 1683 3669 et
1707 3624 1897 3672 contra
1923 3616 2081 3688 spiri-

507 3680 668 3742 talem
695 3701 904 3760 patrem
929 3695 1106 3752 rabies
1135 3705 1190 3752 et
1218 3699 1445 3756 insania.
1475 3701 1600 3758 Hmc
1629 3712 1885 3777 suntquze
1907 3680 2082 3762 meam

507 3778 824 3836 obtinebant
849 3793 905 3838 et
935 3787 1229 3843 turbabant
1253 3790 1515 3860 animam,
1537 3800 1594 3848 et
1629 3803 1884 3867 tanquam
1907 3800 2080 3855 nubes

508 3883 694 3924 crassa
735 3870 1162 3931 obtcnchrabant
1205 3879 1466 3948 animum,
1497 3898 1561 3938 ac
1587 3885 1773 3941 oculos
1817 3889 2084 3959 cogebant

506 3956 688 4016 fontes
726 3960 859 4017 mihi
900 3963 1086 4037 largiri
1115 3966 1475 4040 lacrymarum
1501 3988 1516 4028 :
1543 3981 1599 4030 et
1637 3956 1974 4033 divinitatem
2025 3980 2080 4034 in

509 4051 770 4108 auxilium
806 4063 862 4110 et
881 4056 1515 4128 solutionemexistentis
1561 4067 1814 4124 mmroris
1860 4069 2080 4126 invoca-

511 4145 656 4214 bam,
693 4157 747 4203 et
770 4164 904 4220 opus
932 4161 1050 4208 erat
1087 4153 1220 4210 mihi
1250 4156 1366 4212 haec
1387 4158 1666 4228 cogitatio,
1709 4160 1754 4216 si
1784 4161 1922 4218 forte
1961 4179 2085 4235 pos-

507 4253 623 4294 sem
657 4240 709 4297 in
736 4242 926 4311 primis
952 4244 1018 4301 de
1039 4246 1403 4305 ecclesiastica
1427 4266 1611 4307 curam
1625 4268 1816 4324 gerere
1841 4257 2079 4314 unitate:

505 4331 648 4402 quod
675 4341 731 4386 et
760 4331 961 4389 factum
991 4345 1093 4403 est,
1123 4347 1177 4392 et
1200 4339 1254 4394 in
1291 4337 1542 4397 ellectum
1573 4343 1786 4401 devenit
1823 4351 2083 4418 quemad-

505 4421 723 4476 modum
763 4431 816 4477 et
843 4438 939 4482 vos
967 4440 1155 4484 omnes
1186 4431 1382 4494 nostis,
1432 4442 1700 4505 quotquot
1746 4437 1816 4492 ad
1863 4452 2081 4495 sacrum

503 4509 608 4566 hoc
630 4514 962 4573 convenistis
989 4517 1293 4591 collegium.
1333 4521 1454 4577 Alia
1494 4525 1639 4580 enim
1670 4525 1904 4597 imperii,
1939 4531 2080 4598 quod

507 4603 608 4661 sub
639 4619 725 4662 me
755 4614 858 4672 est,
900 4606 1195 4677 dimittens,
1228 4612 1295 4667 ad
1336 4613 1390 4669 id
1426 4615 1600 4671 solum
1630 4617 1684 4686 in
1714 4620 1954 4676 exordiis
1982 4635 2077 4676 ac-

504 4697 758 4768 eeleravi,
783 4710 840 4760 et
873 4705 1169 4761 secundum
1199 4709 1484 4782 utriusque
1512 4711 1889 4768 dissidentium
1909 4715 2082 4784 partis

502 4789 850 4861 petitionem,
891 4803 947 4852 et
987 4797 1222 4867 priscam
1272 4801 1693 4859 ecclesiasticam
1733 4806 2077 4863 traditionem

503 4883 862 4969 perspiciendi
888 4903 1069 4955 causa,
1100 4889 1488 4961 etiamjudices
1510 4910 1720 4963 eorum,
1752 4914 1874 4969 quas
1893 4901 1944 4955 in
1981 4902 2080 4960 Ec—

502 4967 669 5024 clesia
704 4968 885 5029 nostra
913 4987 1062 5048 gesta
1091 4989 1238 5046 sunt,
1267 4995 1335 5037 ex
1366 4983 1589 5054 reliquis
1614 4967 2069 5055 patriarchalihus

505 5063 717 5138 thronis
740 5066 951 5138 collegi,
989 5085 1103 5129 rem
1146 5072 1435 5142 perliciens
1477 5079 1861 5150 c00peratione
1902 5083 2077 5139 sancti

505 5155 779 5239 Spiritus:
809 5175 971 5229 quam
995 5163 1148 5220 multi
1175 5166 1390 5236 quidem
1416 5178 1542 5225 ante
1564 5185 1664 5226 nos
1695 5170 2078 5242 imperantium

504 5237 696 5319 videre
719 5251 1182 5324 desideraverunt,
1211 5272 1278 5313 ex
1304 5275 1458 5330 aequo
1484 5271 1666 5318 autem
1702 5279 1891 5322 omnes
1918 5268 2079 5324 mini-

503 5354 595 5394 me
619 5351 893 5392 comem"
922 5352 1086 5396 ευιιιε
1119 5355 1174 5392 αι
1202 5357 1466 5404 quotquot
1489 5352 1762 5410 Dertinent
1809 5355 1875 5402 ad
1901 5355 2077 5410 ρεειε-

2188 3370 2246 3417 et
2268 3363 2629 3419 communiter
2657 3363 2836 3430 hodie,
2877 3362 3134 3420 omnibus
3151 3360 3485 3426 videntibus,
3510 3359 3772 3429 depreca-

2185 3467 2332 3519 mur,
2362 3469 2580 3509 manum
2609 3453 2678 3510 iis
2695 3454 2790 3524 qui
2811 3453 3184 3527 compassione
3201 3468 3340 3525 opus
3357 3451 3561 3507 habent
3587 3449 3768 3522 porri-

2183 3557 2333 3612 gere,
2362 3550 2418 3599 et
2467 3559 2630 3598 unam
2660 3543 2956 3599 Ecclesiam
2985 3541 3371 3599 celebrantium
3419 3539 3771 3596 festivitatem

2183 3633 2464 3702 perﬁcere.
2515 3631 2595 3688 Ita
2640 3633 2835 3690 Patres
2869 3632 3142 3704 spiritales
3167 3643 3222 3690 et
3245 3631 3492 3689 veritatis
3521 3630 3773 3686 defenso-

2186 3737 2294 3788 res,
2337 3723 2430 3793 qui
2466 3723 2708 3798 [ignoratis
2744 3723 3039 3781 secundum
3067 3723 3325 3788 chrisma,
3359 3722 3561 3788 Aaron,
3593 3730 3652 3776 et
3680 3736 3770 3777 se~

2183 3814 2422 3872 cundum
2452 3815 2648 3883 zelum,
2683 3812 3647 3885 Phinees,Aac‘secundumjudicinm,
3674 3813 3771 3869 Sa-

2187 3905 2494 3972 lomonem;
2547 3906 2806 3977 requirite
2833 3919 2987 3965 ovem
3017 3921 3138 3977 qua:
3165 3905 3426 3976 perierat,
3467 3903 3771 3960 convertite

2186 4012 2308 4067 qua:
2335 4007 2632 4065 erraverat,
2665 4012 2827 4070 super
2848 3999 3134 4054 humerum
3167 3996 3335 4053 labile
3355 3995 3684 4060 solitariam,
3714 4004 3772 4050 et

2186 4087 2523 4149 contractam
2564 4091 2957 4163 compassionis
3001 4090 3232 4146 vinculis
3260 4089 3502 4160 alligate;
3535 4087 3776 4159 quaeul-

2186 4191 2369 4237 cerata
2413 4191 2516 4250 est,
2547 4183 2838 4254 emplastro
2867 4182 3345 4252 condescensionis
3388 4190 3609 4247 senate;
3650 4193 3774 4250 qua:

2185 4285 2440 4330 extranea
2460 4284 2516 4330 et
2539 4276 2744 4347 abiecta
2777 4284 2864 4332 est
2887 4289 2918 4330 a
2938 4274 3168 4344 spiritali
3191 4274 3438 4341 mandra,
3474 4271 3772 4342 nonaginta

2185 4381 2375 4422 novem
2419 4367 2610 4422 ovibus
2643 4366 3060 4436 dispensationis
3091 4381 3243 4422 more
3281 4363 3595 4434 coniungite
3629 4377 3646 4417 :
3680 4375 3771 4416 re-

2185 4457 2412 4530 linquite
2438 4457 2756 4513 memoriam
2785 4458 3168 4528 sempiternam
3189 4455 3580 4528 posterioribus
3600 4467 3770 4524 gene-

2189 4551 2491 4606 rationibus
2547 4550 2936 4620 compassionis
3005 4559 3201 4613 vestrae
3257 4550 3324 4604 ad
3407 4546 3774 4603 imitationem

2184 4641 2406 4697 Christi.
2440 4640 2505 4695 Et
2541 4655 2637 4696 vos
2660 4656 2894 4711 quoque,
2935 4642 3028 4712 qui
3073 4641 3354 4698 curatione
3384 4635 3658 4709 indigetis,
3702 4649 3772 4691 ac

2185 4731 2391 4794 medela
2416 4746 2551 4801 opus
2591 4730 2823 4796 habetis,
2872 4731 3107 4800 pretiosa
3133 4732 3376 4788 membra
3409 4728 3636 4793 Christi,
3662 4725 3769 4783 etsi

2183 4821 2368 4876 nescio
2393 4821 2662 4891 quomodo
2712 4835 2745 4875 a
2797 4821 2938 4876 malo
2985 4821 3228 4877 dmmone
3253 4819 3481 4886 detenti,
3511 4834 3544 4874 a
3587 4817 3775 4886 capite

2178 4913 2413 4984 separati
2459 4912 2632 4968 estis:
2677 4909 2805 4966 Vitis
2842 4928 2984 4978 vera,
3035 4927 3155 4982 qua:
3203 4919 3426 4982 propter
3467 4908 3771 4966 contentio-

2186 5013 2308 5055 nem
2339 5001 2722 5071 importunam,
2751 5000 2859 5056 imo
2890 5016 3018 5057 vero
3049 5001 3327 5072 injustam,
3360 5001 3416 5055 in
3447 5000 3767 5056 amaritudi-

2185 5108 2300 5146 nem
2331 5107 2577 5147 conversa
2621 5108 2677 5146 es
2723 5092 2858 5162 (Jer.
2888 5091 2974 5162 tt),
3013 5091 3174 5148 amici
3201 5099 3259 5148 et
3281 5091 3517 5162 proximi
3565 5090 3766 5155 nostri,

2183 5182 2284 5236 etsi
2315 5188 2536 5252 propter
2574 5180 2758 5237 odium
2789 5181 3164 5237 irrationabile
3205 5195 3273 5237 ex
3305 5180 3539 5235 adverso
3571 5194 3772 5249 appro.

2181 5272 2390 5342 piantes
2409 5279 2464 5328 et
2487 5280 2717 5336 stantes,
2740 5285 2804 5326 ac
2822 5270 3089 5327 vanitates
3103 5270 3482 5340 respicientes,
3507 5268 3770 5340 suscipite

2184 5363 2564 5420 τιίιηιοηίιὶιδηῖα
2591 5376 2931 5415 sermonem:
2984 5377 3089 5412 non
3120 5369 3300 5412 autem
3345 5359 3584 5413 (νηπίη-ιε’
3636 5375 3648 5377 -
3682 5359 3730 5382 υτ·
