3960 5584
181 440 248 496 97
928 433 1481 492 INTERPRETATIO
1520 431 1772 488 SYNODI
1815 430 1926 487 \‘Ill
1960 430 2368 488 GENERALIS.
2409 461 2477 470 —
2515 427 2720 486 ACTIO
2759 427 2845 483 Vl.

182 552 436 610 Ecclesia
465 565 599 608 esse
635 549 950 620 disjenctos.
992 549 1294 608 Novissima
1330 552 1464 607 hora
1483 557 1586 614 est,
1613 558 1668 606 et
1682 550 1773 620 ju-
1801 551 1848 611 Α
1877 552 2246 616 obsecrantes,
2295 557 2568 621 rogantes,
2613 557 2671 606 et
2695 563 2860 605 omne
2899 548 3172 620 ingenium
3220 559 3478 606 commo-

184 646 286 701 dex
335 659 460 715 pra:
509 642 720 699 foribus
747 651 850 706 est,
878 643 1106 708 fratres;
1140 657 1210 697 ne
1237 655 1680 713 przeoccupemur
1708 641 1775 696 ab

185 738 306 808 ejus
336 735 602 792 Ecclesia
655 735 1001 805 sequestrati,
1047 743 1104 790 et
1133 735 1287 806 longe
1315 733 1385 788 ab
1414 733 1556 789 illius
1607 732 1778 804 gloria

184 825 572 899 projiciamur.
609 823 756 881 Nihil
797 834 951 896 turpe
988 825 1248 881 ducamus
1272 825 1578 896 passionem
1604 823 1780 878 mani-

183 917 417 980 festare,
444 924 506 972 et
526 916 726 971 vulnus
749 915 1058 982 ostendere,
1087 930 1150 972 ac
1168 915 1345 972 locum
1375 914 1704 986 poenitentia
1717 927 1780 968 ac

185 1006 481 1062 medicina
518 1006 824 1076 requirere,
867 1014 1028 1076 atque
1059 1006 1200 1060 intra
1231 1006 1427 1060 atrium
1456 1004 1778 1060 salvantium

185 1099 327 1164 ﬁeri,
358 1114 434 1154 ne
463 1097 845 1154 confusionem
875 1098 1238 1152 obedientiam
1269 1096 1616 1160 arbitrando,
1649 1111 1781 1150 con-

188 1191 429 1246 fusionis.
445 1200 677 1246 :eteruaa
699 1204 974 1244 sumamus
998 1189 1447 1260 experimentum.
1481 1187 1665 1255 Qualis
1687 1201 1783 1240 au-

186 1289 294 1336 tem
337 1290 398 1336 et
441 1289 534 1335 est
562 1279 833 1344 confusio,
863 1279 1083 1344 fratres,
1116 1279 1398 1349 procidere
1430 1278 1559 1342 Deo,
1613 1286 1670 1331 et
1695 1291 1782 1332 ve-

187 1371 334 1426 niam
358 1379 668 1440 expetere:
699 1370 808 1424 Deo
829 1370 972 1426 enim
997 1370 1305 1440 procidunt,
1329 1369 1418 1439 qui
1447 1367 1702 1423 Ecclesia:
1727 1377 1784 1423 et

185 1459 532 1529 spiritalibus
556 1459 679 1515 istis
696 1459 940 1529 patribus
961 1459 1267 1530 procidunt.
1291 1457 1550 1513 Confusio
1565 1457 1782 1526 quidem

189 1565 384 1604 revera
437 1557 550 1614 est,
596 1559 653 1604 ct
703 1551 972 1604 maximus
999 1548 1196 1618 pudor,
1226 1548 1336 1603 imo
1361 1563 1493 1604 vero
1519 1547 1572 1602 in
1613 1547 1782 1602 Deum

189 1641 499 1705 dimicatio,
532 1641 677 1696 nolle
725 1656 1166 1710 unumquemque
1215 1641 1495 1711 praprium
1537 1638 1782 1695 confiteri

188 1742 504 1802 peceatum,
539 1740 600 1787 et
629 1731 903 1786 humiliari
932 1741 1155 1802 propter
1178 1732 1476 1796 Christum,
1507 1741 1562 1787 et
1585 1731 1782 1787 lucrari

193 1833 249 1879 et
296 1839 358 1879 se
386 1834 444 1880 et
481 1823 708 1880 multos.
738 1822 796 1879 Si
819 1833 999 1879 autem
1025 1824 1248 1879 omnino
1277 1824 1381 1878 hoc
1409 1821 1781 1878 confusionem

1880 651 2071 697 ventes
2105 641 2171 695 ad
2206 640 2476 712 spiritales
2505 649 2687 711 patres
2715 649 2950 703 nostros.
3003 650 3059 697 et
3092 641 3456 711 patriarchas,

1882 740 1941 787 ut
1969 732 2284 803 dispensent
2303 732 2432 803 quid
2459 747 2647 788 eorum
2675 747 2795 802 qua:
2817 732 2999 789 insunt
3026 733 3208 788 animo
3232 741 3456 790 vestro:

1885 826 2093 877 tantum
2125 836 2194 876 ne
2236 830 2441 877 temere
2485 830 2674 876 contra
2703 820 2930 876 salutem
2986 832 3222 879 vestram
3268 825 3472 896 agatis,

1883 925 2058 980 neque
2077 909 2436 980 perditionem
2461 919 2696 965 vestram
2724 910 3158 981 amplectatnini;
3186 927 3293 969 non
3318 913 3464 970 enim

1884 1008 1968 1053 est
1997 1009 2208 1069 tempus
2243 999 2311 1054 ad
2344 999 2714 1069 paenitentiam
2737 1009 2792 1055 et
2822 1002 3184 1072 recrptionem
3215 1005 3466 1074 przesenti

1886 1089 2159 1156 acceptius
2188 1107 2201 1142 :
2236 1089 2326 1157 qui
2369 1103 2601 1157 namque
2627 1089 2784 1144 hodie
2828 1090 2996 1160 ligare
3025 1106 3090 1147 ac
3124 1093 3336 1148 solvere
3364 1093 3466 1148 Ec-

1885 1179 2063 1235 clesia:
2113 1181 2327 1248 negotia
2359 1187 2602 1248 possunt,
2648 1189 2847 1249 prmsto
2871 1191 3017 1235 sunt.
3063 1183 3325 1237 Dimittite
3359 1183 3463 1237 im-

1886 1277 2116 1341 portune
2163 1279 2376 1340 tempus
2401 1270 2705 1340 explorare,
2737 1278 2792 1325 et
2818 1286 2997 1326 rerum
3041 1271 3468 1328 immutationem

1885 1372 2222 1433 exspectare,
2247 1377 2368 1432 qua:
2386 1371 2443 1418 et
2473 1362 2517 1416 si
2543 1362 2634 1416 fiat
2660 1363 2970 1433 aliquando,
2999 1363 3129 1418 nihil
3151 1364 3303 1419 vobis
3324 1378 3457 1420 cou-

1845 1521 1848 1524 g
1886 1456 2044 1511 feret.
2094 1455 2330 1520 Etenim,
2359 1455 2459 1510 etsi
2507 1454 2610 1508 alia
2665 1463 2877 1524 tempus
2925 1454 3309 1521 immutaverit,
3364 1457 3469 1512 hoc

1886 1557 2230 1599 commovere
2283 1559 2388 1598 non
2435 1545 2666 1614 poterit;
2718 1559 2844 1598 nam
2901 1544 2944 1600 si
3003 1546 3145 1601 actio
3179 1545 3342 1602 unius
3366 1547 3472 1604 viri

1887 1635 2054 1690 vestri
2083 1634 2158 1690 nil
2175 1634 2493 1690 rationabile
2516 1635 2742 1699 habens,
2766 1649 2888 1689 cum
2911 1641 3022 1689 tota
3045 1649 3270 1691 erronea
3295 1643 3462 1702 esset,

1889 1733 2098 1782 tantum
2131 1735 2322 1782 trstum
2351 1734 2571 1797 operata
2599 1734 2702 1791 est,
2735 1735 2795 1780 ut
2820 1727 2964 1780 hunc
3018 1725 3106 1779 vix
3144 1741 3207 1781 ac
3252 1724 3468 1782 diﬂicile

1890 1818 2185 1875 dissolvere
2213 1820 2577 1889 quiverimus;
2608 1820 2912 1884 'actionem,
2934 1819 3022 1876 dic
3065 1819 3220 1886 mihi,
3243 1829 3298 1876 et
3321 1817 3468 1889 judi-

191 1915 558 1976 arbitramini,
591 1930 714 1987 ego,
761 1915 846 1970 cui
900 1915 1111 1985 imperii
1143 1914 1479 1985 superposita
1511 1923 1595 1969 est
1621 1928 1781 1969 coro-
1817 1915 1859 1974 Β
1885 1912 2028 1965 cium
2051 1920 2286 1980 quatuor
2309 1911 2752 1981 patriarchalium
2779 1911 2988 1967 sedium
3016 1911 3140 1982 quis
3175 1911 3470 1968 dissolvere

191 2019 282 2068 na,
306 2004 484 2059 forma
522 2006 680 2060 vobis
727 2003 932 2059 alliciar
968 2005 1130 2075 hujus
1170 2005 1388 2075 optima:
1418 2005 1778 2060 humilitatis:

194 2109 314 2165 ego,
344 2094 440 2165 qui
465 2095 775 2165 imperitus,
805 2103 862 2150 et
883 2094 1146 2164 insipiens
1169 2108 1313 2160 sum,
1345 2095 1545 2149 bonum
1568 2094 1782 2148 initium

194 2201 289 2241 ere
310 2195 579 2250 vestrum,
628 2185 722 2255 qui
759 2186 1030 2256 sapientes
1067 2186 1200 2242 estis
1239 2194 1295 2240 et
1323 2185 1455 2241 clari
1502 2185 1733 2241 scicntia
1763 2203 1778 2240 :

195 2279 286 2347 qui
327 2278 382 2333 in
441 2279 680 2348 peccatis
714 2278 985 2334 volutatus
1027 2293 1172 2344 sum,
1210 2279 1421 2348 primus
1446 2278 1600 2334 vobis
1623 2286 1782 2350 typus

197 2368 338 2430 iam,
369 2369 466 2438 qui
513 2368 698 2422 mundi
727 2368 883 2434 estis,
913 2375 968 2423 et
995 2367 1184 2423 virtuti
1223 2383 1442 2438 operam
1469 2369 1612 2423 datis
1640 2383 1655 2422 :
1681 2383 1783 2440 ego

195 2459 407 2529 primus
452 2466 654 2514 memet
705 2473 872 2529 super
898 2459 1266 2530 pavimentum
1299 2459 1544 2531 projicio,
1584 2475 1785 2532 purpu-

195 2563 310 2603 ram
358 2558 420 2604 et
463 2549 713 2605 diadema
743 2550 1158 2620 parvipendens.
1183 2551 1474 2607 Ascendite
1519 2554 1588 2609 ad
1619 2568 1785 2624 genas

196 2656 367 2706 meas,
419 2650 476 2696 et
503 2655 600 2712 per
642 2641 834 2698 oculos
881 2657 1032 2698 meos
1086 2641 1338 2708 incedite,
1381 2659 1483 2699 nec
1524 2645 1784 2716 reputetis

198 2747 454 2803 magnum
482 2731 832 2802 imperatoris
857 2731 1068 2788 calcare
1091 2733 1362 2805 scapulas,
1395 2749 1571 2806 neque
1595 2751 1787 2792 verea-

196 2826 324 2880 mini
355 2826 587 2897 pedibus
614 2835 840 2898 tangere
898 2827 1181 2894 verticem,
1210 2827 1301 2897 qui
1327 2828 1789 2899 superimponitur

195 2929 228 2970 a
245 2917 358 2972 Deo
385 2918 584 2972 donata
615 2933 842 2974 corona.
869 2916 1066 2975 Omnia
1109 2922 1220 2991 pati
1249 2912 1570 2992 promptum
1587 2922 1786 2987 habeo,

197 3017 252 3062 et
271 3009 588 3078 promptius
618 3023 781 3080 agere
807 3024 927 3079 qua:
965 3011 1120 3066 vobis
1149 3012 1367 3083 quidem
1388 3011 1786 3079 confusionem,

195 3097 540 3152 milii-autem
563 3097 794 3169 gloriam
815 3107 872 3154 et
899 3099 1192 3154 maximam
1215 3101 1516 3156 claritatem
1541 3100 1788 3156 conferre

1883 2001 2122 2072 poterit?
2147 2001 2230 2057 Ad
2276 2016 2438 2072 quem
2463 2003 2609 2057 enim
2634 2001 2924 2073 ell‘ugietis,
2975 2002 3299 2059 solutionem
3327 2002 3467 2058 oblia

1883 2092 2115 2163 gamenti
2137 2093 2416 2163 petentes?
2439 2092 2520 2147 Ad
2546 2093 2846 2149 Romanum
2869 2091 3190 2164 praesulem?
3211 2093 3306 2150 sed
3338 2093 3474 2166 fine-_

1887 2193 2048 2241 tenus
2072 2201 2169 2240 vos
2195 2186 2594 2242 condemnavit.
2644 2186 2727 2242 Ad
2755 2185 3191 2242 Antiocbenum?
3217 2187 3311 2243 sed
3339 2201 3469 2243 cou-

1882 2286 2174 2334 sentaneus
2203 2277 2448 2335 Romano
2473 2288 2530 2335 et
2565 2293 2848 2336 consonus
2876 2279 3051 2338 factus
3075 2289 3181 2338 est.
3219 2281 3303 2337 Ad
3335 2281 3468 2338 Ilie-

1883 2372 2352 2444 rosolymitanum,
2389 2373 2474 2429 vel
2525 2373 2991 2430 Alexandrinum?
3042 2374 3136 2430 sed
3161 2385 3218 2432 et
3257 2374 3333 2430 illi
3374 2389 3470 2431 ve-

1886 2471 2016 2518 stra:
2047 2463 2382 2519 damnationi
2412 2471 2825 2521 consenserunt.
2848 2463 2920 2519 At
2939 2463 3041 2520 etsi
3076 2464 3332 2520 thronum
3360 2464 3468 2520 ali-

1882 2552 2104 2624 qua'ndo
2119 2552 2776 2625 Constantinopolitanum
2805 2563 3001 2611 cuncta
3024 2554 3312 2612 destructis
3333 2566 3468 2612 tem-

1883 2661 1986 2717 pus
2011 2646 2167 2702 vobis
2196 2647 2550 2712 commiserit,
2581 2656 2637 2702 et
2671 2662 2768 2717 per
2792 2647 3149 2719 vosmetipsos
3177 2647 3470 2704 convenire

1886 2736 2202 2804 volueritis;
2244 2738 2366 2808 quis
2390 2753 2488 2794 vos
2509 2737 2802 2808 sequetur?
2830 2737 2914 2793 vel
2956 2737 3228 2808 quomodo
3255 2738 3470 2808 aperire

1887 2827 2092 2891 oculos,
2125 2835 2180 2883 et
2225 2828 2470 2898 aspicere
2505 2827 2813 2898 quempiam
2860 2827 3132 2898 poteritis,
3165 2827 3462 2898 impugnati

1887 2919 1956 2974 ab
1974 2919 2222 2974 omnibus
2250 2919 2623 2974 sacerdotibus
2647 2934 2711 2974 ac
2734 2918 3190 2990 patriarchalihus
3207 2919 3428 2975 sedibus
3444 2921 3472 2973 ?

1899 3008 1978 3064 Ne
2005 3024 2155 3079 ergo,
2189 3008 2390 3066 fratres
2413 3050 2428 3074 ,
2453 3009 2551 3080 ipsi
2580 3024 2679 3065 vos
2702 3009 3056 3081 decipientes,
3091 3018 3306 3081 tempus
3333 3011 3479 3067 salu-

1895 3100 1966 3155 tis
1995 3107 2192 3155 vestrze
2219 3099 2460 3171 perdatis
2500 3117 2514 3154 :
2549 3115 2724 3170 neque
2745 3101 2890 3156 enim
2937 3100 3042 3156 tale
3069 3101 3355 3157 invenietis
3377 3102 3477 3157 ali-

195 3187 504 3243 videantur.
555 3187 744 3259 Neque
777 3189 921 3245 enim
947 3190 1003 3244 in
1047 3189 1152 3246 hoc
1202 3206 1392 3246 curam
1427 3205 1557 3263 gero
1603 3191 1790 3262 gloriae
1839 3262 1844 3263 ί
1892 3191 2240 3261 quando;sed
2262 3192 2990 3262 importunascontentiones
3014 3201 3068 3248 et
3085 3193 3478 3251 obstinationes

196 3295 360 3347 nm;
411 3289 647 3346 tantum,
690 3289 752 3334 ut
781 3281 994 3336 videam
1023 3262 1491 3348 communionem,
1523 3283 1783 3338 unitatem
1812 3262 1861 3329 ο
1889 3283 2222 3344 deserentes,
2260 3281 2534 3338 communi
2572 3282 2793 3338 medela:
2840 3284 3131 3354 occurrite,
3155 3293 3209 3339 et
3235 3284 3464 3340 medici-

193 3380 248 3426 et
269 3388 435 3426 unam
479 3372 738 3428 Ecclesiae
784 3371 1162 3441 festivitatem;
1199 3382 1428 3440 tantum,
1481 3389 1550 3430 ne
1594 3374 1788 3430 anima:

193 3461 585 3517 detrimentum
635 3463 833 3534 patiar,
864 3473 919 3518 et
947 3465 1178 3535 gaudeat
1207 3480 1372 3536 super
1398 3479 1485 3521 me
1530 3464 1618 3521 ille
1662 3479 1785 3520 om-

194 3554 344 3606 nium
402 3552 660 3608 inimicus
708 3553 956 3610 diabolus
1008 3555 1280 3626 captivum
1333 3570 1573 3612 sumens.
1629 3556 1786 3624 Quod

195 3643 327 3697 mihi
374 3643 801 3698 desiderandum
863 3654 966 3710 est,
1015 3653 1224 3701 tantum
1253 3647 1367 3717 spei
1419 3662 1552 3703 mea:
1580 3647 1789 3718 lampas

196 3737 472 3807 insperate
522 3752 631 3792 non
671 3737 1067 3809 exstinguatur,
1111 3752 1213 3809 per
1251 3753 1414 3809 quam
1457 3739 1781 3794 festinabant

194 3829 437 3884 omnium
488 3829 750 3885 illustrari
788 3829 974 3884 lmtitia
1026 3830 1188 3886 simul
1240 3839 1295 3885 et
1322 3831 1538 3902 gaudio.
1591 3830 1786 3887 Nescio

197 3919 336 3988 quod
364 3926 492 3972 erat
536 3919 889 3989 satagendum
918 3928 972 3974 et
1002 3919 1360 3986 elliciendum,
1391 3929 1448 3976 et
1487 3936 1593 3976 non
1636 3921 1741 3976 feci
1768 3940 1782 3977 :

198 4007 279 4062 vel
301 4024 446 4078 quos
479 4011 866 4080 proponendos
895 4013 1276 4069 admonitionis
1297 4022 1352 4070 et
1381 4014 1782 4084 deprecationis

197 4115 481 4157 sermones
514 4119 623 4159 non
670 4106 958 4175 pr0posui;
993 4121 1088 4161 vos
1129 4107 1195 4162 de
1237 4113 1434 4162 cmtero
1473 4107 1728 4163 videbitis
1763 4126 1777 4162 :

198 4190 463 4247 innocens
495 4194 642 4248 enim
675 4209 795 4249 sum
827 4209 859 4249 a
903 4197 1206 4266 perditione
1243 4207 1444 4253 vestra.
1471 4197 1528 4254 Si
1555 4215 1684 4254 vero
1713 4199 1781 4254 ad

198 4298 454 4356 magnum
502 4282 559 4341 et
601 4287 932 4342 horrendum
977 4289 1108 4344 illud
1137 4289 1398 4360 judicium
1435 4290 1631 4346 futura:
1679 4290 1786 4347 diei

198 4388 292 4429 vos
341 4375 647 4443 remittitis,
705 4377 863 4448 quasi
906 4392 1005 4449 pro
1039 4379 1194 4434 vobis
1246 4380 1510 4435 rationem
1541 4381 1783 4448 daturos,

199 4465 404 4520 noscite
427 4466 556 4534 quia
582 4467 719 4521 bene
741 4467 864 4522 novi
887 4469 1028 4538 quod
1059 4468 1238 4525 nullus
1257 4470 1650 4541 vobisjnstitize
1673 4488 1788 4528 ser-

199 4566 284 4608 mo
325 4553 444 4610 sive
475 4555 564 4610 hic
593 4555 770 4621 adest,
803 4556 914 4613 sive
944 4558 1054 4612 illic
1082 4558 1280 4625 aderit,
1313 4559 1417 4614 nisi
1447 4568 1706 4630 quantum
1729 4561 1782 4616 in

1890 3389 1976 3429 me
2020 3372 2322 3429 remedium
2359 3374 2577 3439 sumite,
2609 3388 2673 3429 ac
2701 3374 2973 3430 adhaerete
3024 3375 3256 3446 spiritali
3301 3364 3474 3447 capiti

1888 3475 2100 3532 vestro,
2128 3474 2184 3522 et
2213 3465 2468 3523 Ecclesiae
2509 3456 2614 3522 'Dei
2649 3467 3138 3522 communicatores
3185 3475 3390 3534 estote;
3418 3476 3480 3524 ut

1889 3565 1946 3612 et
1986 3558 2218 3612 crimine
2243 3557 2543 3622 exnamini,
2573 3566 2630 3614 et
2662 3557 2831 3613 Deum
2877 3559 3168 3631 propitium
3200 3561 3470 3624 habeatis,

1891 3665 1955 3706 ac
1989 3649 2286 3706 Ecclesiam
2321 3650 2606 3706 laetificetis
2627 3689 2644 3718 ,
2677 3649 3073 3721 imperiumque
3098 3661 3341 3708 nostrum
3375 3668 3470 3707 ex-

1891 3741 2100 3797 sultare
2128 3757 2193 3797 ac
2216 3740 2535 3812 spiritaliter
2553 3732 2902 3797 festiviiatem
2931 3742 3210 3798 celebrare
3239 3741 3471 3807 faciatis,

1891 3839 2054 3902 atque
2111 3830 2501 3902 rempublicam
2545 3833 2856 3888 universam
2901 3835 3099 3904 gaudio
3139 3835 3377 3890 maximo
3410 3851 3475 3890 ac

1893 3921 2128 3993 tripudio
2157 3923 2450 3993 repleatis;
2500 3941 2601 3980 nec
2650 3940 2758 3980 non
2806 3933 2862 3980 et
2902 3926 2953 3980 in
2982 3928 3252 3981 communi
3285 3921 3475 3983 omnes

1890 4013 2273 4068 benedicamus
2293 4015 2500 4083 pariter
2526 4015 2756 4071 Domino
2784 4015 2969 4086 gloria:
2999 4026 3215 4079 nostra,
3240 4026 3291 4072 et
3318 4018 3472 4088 prin-

1890 4102 1994 4171 cipi
2022 4102 2190 4174 pacis,
2227 4111 2284 4159 et
2307 4104 2516 4160 auctori
2564 4105 2811 4176 dispersa
2853 4107 3224 4178 congreganti,
3253 4115 3308 4163 et
3337 4106 3476 4164 bene

1889 4193 2184 4262 coaptanti,
2224 4193 2701 4252 intercessionibus
2734 4204 2938 4253 sancta
2971 4197 3214 4254 Dominae
3257 4199 3351 4254 Dei
3387 4215 3476 4271 ge-

1892 4285 2120 4350 nitricis,
2173 4286 2341 4342 Deum
2383 4287 2684 4344 videntium
2739 4289 3074 4376 angelorum,
3130 4300 3186 4347 et
3227 4292 3474 4350 omnium

1890 4386 2222 4432 sanctorum.
2247 4379 2440 4436 Amen.
2945 4377 2949 4382 “

1964 4468 2028 4522 Ει
2051 4476 2173 4538 post
2195 4467 2481 4526 lectionem
2522 4473 2826 4531 ascendens
2851 4474 3165 4533 Theodorus
3183 4491 3212 4531 a
3243 4479 3474 4533 secretis

1888 4559 2214 4614 vicariorum
2264 4563 2497 4618 senioris
2545 4564 2751 4628 Romze,
2797 4565 2968 4634 legit:
3019 4566 3159 4620 Ecce
3205 4567 3477 4634 quomodo

199 4639 297 4699 hac
313 4643 695 4700 wntroversia
740 4644 1016 4702 inventum
1047 4648 1336 4703 exstiterit.
1365 4649 1564 4704 Verum
1594 4651 1638 4706 si
1668 4651 1783 4705 vul-
1814 4645 1860 4704 1)
1887 4650 2263 4706 sanctissimus
2292 4660 2348 4707 et
2394 4652 2598 4707 Christi
2631 4653 2838 4709 amicus
2865 4655 3180 4724 imperator,
3216 4655 3476 4712 divinitus

200 4734 268 4790 tis
310 4745 368 4790 et
393 4745 523 4792 ante
559 4736 692 4792 illud
719 4736 980 4806 judicium
1012 4741 1360 4796 conscientia:
1403 4752 1597 4798 vestra:
1627 4743 1789 4799 inter-

203 4840 389 4896 rogare
411 4828 684 4898 judicium
710 4867 727 4894 ,
765 4827 983 4886 discetis
1009 4832 1245 4902 amplius
1275 4831 1428 4897 nihil,
1454 4847 1614 4902 quant
1643 4833 1788 4904 quod

205 4915 268 4968 ab
308 4916 540 4986 imperio
589 4925 784 4972 nostro
810 4917 1024 4975 dicitur.
1059 4919 1320 4991 Deponite
1369 4921 1534 4992 igitur
1561 4931 1786 4980 conten-

202 5004 421 5071 tionem,
465 5006 690 5073 fratres,
735 5015 792 5062 ct
820 5011 1077 5066 resumite
1105 5027 1344 5068 amorem
1376 5011 1732 5071 fraternitatis
1760 5031 1775 5069 :

206 5092 371 5165 fugite
421 5096 822 5152 dissensionem
850 5139 868 5165 ,
932 5109 988 5155 et
1041 5103 1305 5157 unitatem
1361 5103 1778 5173 amplectimini;

202 5187 377 5243 odium
423 5190 696 5256 avertite,
739 5199 794 5245 et
841 5192 1177 5249 dilectionem
1231 5194 1287 5248 in
1339 5195 1459 5249 sinu
1509 5200 1780 5271 recipite:

204 5285 338 5333 state
375 5293 498 5334 cum
527 5280 922 5350 probabilibus,
952 5292 1005 5338 ct
1033 5286 1192 5356 capiti
1235 5282 1662 5357 conjungimini;
1695 5303 1782 5344 re-

199 5367 360 5467 ‘cipite
381 5385 479 5440 per
506 5372 828 5441 patientiam
871 5373 1066 5428 divinm
1097 5374 1490 5418 nnmmnninnh
1650 5384 1660 5390 -

196 5461 259 5514 hi
283 5461 411 5506 nihil
481 5463 497 5476 '

1886 4742 1988 4797 sibi
2021 4758 2279 4798 concesso
2301 4743 2549 4814 imperio,
2580 4745 2825 4802 non'vult
2854 4749 3035 4817 perire
3062 4763 3224 4804 unam
3253 4761 3412 4803 ovem
3441 4763 3476 4804 a

1885 4833 2101 4892 Christo
2143 4836 2247 4891 sibi
2297 4837 2350 4892 in
2411 4837 2712 4894 custodiam
2773 4839 3072 4916 creditam,
3139 4837 3475 4896 transferens

1885 4943 2047 4985 omne
2077 4928 2349 4998 exsilium,
2372 4945 2592 4987 omnem
2618 4931 3022 4989 tribulationem
3051 4941 3106 4988 et
3132 4947 3351 4991 omnem
3377 4948 3475 4990 an-.

1885 5021 2116 5092 gustiam
2164 5021 2216 5075 in
2282 5022 2707 5078 admonitionem
2743 5033 2812 5079 ‘et
2861 5038 3111 5094 precem;
3159 5037 3298 5096 quas
3346 5039 3478 5079 san-

1886 5114 2114 5171 ctissimi
2135 5114 2325 5171 vicarii
2352 5125 2407 5172 et
2439 5113 2623 5170 Iideles
2651 5113 2906 5182 Ecclesia
2938 5115 3034 5172 Dei
3071 5125 3299 5189 propter
3334 5114 3479 5170 Pho-

1886 5206 2021 5262 tium
2052 5207 2358 5262 invasorem
2395 5212 2452 5260 et
2477 5213 2788 5275 tyrannum.
2815 5221 2920 5260 non
2948 5209 3308 5280 suscipientes
3328 5220 3477 5265 eum.

1883 5297 2126 5368 perpessi
2172 5306 2344 5352 sunt:
2379 5293 2474 5350 sed
2523 5295 2714 5348 invitat
2742 5309 2837 5350 vos
2891 5305 2953 5352 ut
2988 5315 3150 5356 verus
3175 5306 3365 5370 pastor
3409 5291 3480 5345 ad

3107 5399 3222 5424 aulo
3238 5386 3448 5420 [nihl-nn
3459 5377 3478 5412 ι.
