3960 5644
531 439 596 500 95
1700 443 1738 494 Α
1753 442 1788 493 Ν
1800 441 1969 497 ASTA
1980 441 2057 496 Sll
2101 442 2409 497 BIBHOTII
2421 443 2543 497 ΕΘΛ
2555 444 2639 498 li-ll

3677 407 3774 512 in

532 550 768 606 Thomas
790 550 898 605 Deo
918 549 1280 604 amicissimus
1302 549 1638 617 metropolita
1663 550 1810 620 Tyri,
1843 561 1897 606 et
1922 551 2101 606 llelias
2131 562 2176 614 Α
2205 559 2393 615 strum,
2423 567 2548 609 ecce
2578 565 2765 624 portus
2808 567 2861 611 et
2888 559 3152 614 medicina
3187 579 3197 612 :
3235 563 3376 631 quod
3405 565 3452 619 si
3497 580 3627 631 non,
3681 553 3776 621 ima?

531 641 640 696 Deo
687 638 1096 692 colendissimus
1147 640 1426 708 presbyter
1463 646 1516 691 et
1565 639 1836 707 synccllus
1862 679 1876 705 ,
1915 640 2100 694 vicarii

530 726 882 787 Orientalimn
911 730 1117 784 sciliqu
1145 729 1394 784 dixerunt
1419 746 1431 782 :
1463 729 1646 799 Digna:
1675 729 2020 799 imperatorio
2045 740 2100 785 et

522 822 824 892 iustissimo
867 836 1026 876 sensu
1067 830 1194 875 sunt
1221 821 1635 885 admonitiones,
1666 836 1801 890 quas
1847 820 1976 875 facit
2005 822 2100 876 bo-

525 928 627 986 nus
658 913 952 982 imperator
990 919 1175 966 noster
1213 911 1280 965 ad
1330 909 1468 976 illos,
1521 911 1713 966 deinde
1763 925 1894 966 vero
1928 920 1982 966 et
2029 912 2096 966 ad

522 1018 712 1058 omnes
740 1004 831 1072 qui
880 1012 1001 1073 post
1027 1016 1126 1057 nos
1163 1002 1329 1056 futuri
1363 1011 1506 1056 sunt.
1539 1001 1648 1058 Nos
1675 1013 1856 1058 autem
1898 1004 1964 1057 ad
1994 1005 2096 1059 hoc

519 1093 748 1150 dicimus
780 1111 794 1149 :
822 1093 1134 1149 Hominibus
1181 1093 1389 1165 quidem
1424 1094 1725 1160 suademus,
1769 1093 1878 1148 Deo
1910 1106 2093 1149 autent

518 1188 784 1256 manifesti
809 1202 988 1240 sumus
1013 1185 1098 1256 (II
1124 1185 1246 1239 Cor.
1289 1184 1366 1255 v).
1400 1183 1568 1240 Porro
1595 1199 1942 1240 rcvereamur
1975 1200 2090 1240 cm-

520 1280 626 1334 lum
651 1291 704 1335 et
737 1289 957 1344 terram,
987 1289 1042 1334 et
1079 1278 1342 1333 caniciem
1376 1287 1638 1343 nostram,
1669 1278 1713 1332 si
1743 1279 1870 1347 quid
1899 1286 2092 1346 praeter

516 1372 726 1426 divinas
751 1371 1216 1443 Iegesjndicamus
1241 1371 1324 1423 vel
1361 1369 1665 1434 deﬁnimus,
1707 1370 1848 1438 quod
1887 1380 1940 1424 et
1961 1371 2091 1439 piis-

511 1462 683 1516 simus
729 1462 1023 1531 imperator
1069 1460 1455 1531 nosterdenuo
1499 1459 1852 1514 commonuit.
1891 1460 1960 1514 Et
1989 1475 2090 1514 nos

511 1552 729 1621 quidem
761 1529 1224 1606 siﬁirrationabilia
1257 1529 1551 1602 animantia
1575 1561 1944 1616 pasceremus,
1975 1549 2086 1602 for-

513 1651 896 1705 tasse-coacte,
929 1655 994 1694 ae
1025 1639 1287 1694 violenter
1319 1648 1672 1693 tractaremus
1709 1652 1794 1702 ea,
1828 1637 2086 1693 ducentes

507 1736 670 1791 etiam
696 1749 802 1804 quo
827 1733 1065 1787 nollent:
1097 1731 1352 1800 (ptoniam
1379 1744 1509 1785 vero
1536 1728 1856 1783 rationabile
1883 1728 2086 1783 animal

506 1835 591 1882 est
634 1815 818 1890 homo,
859 1825 1039 1893 potius
1084 1823 1538 1878 admonitionibus
1566 1822 1889 1886 ducendum,
1941 1819 2084 1877 sulli-

2207 644 2414 711 perium
2448 655 2686 700 nostrum
2731 650 2932 717 praebet
2970 651 3121 705 vobis
3152 653 3393 710 inducias
3433 666 3640 726 septem
3663 660 3770 717 die-

2206 747 2343 797 rum,
2382 741 2441 786 ut
2484 734 2528 788 si
2552 735 2766 803 quidem
2805 752 2990 793 curam
3025 742 3297 808 gesseritis
3322 743 3528 800 salutis
3553 755 3770 814 vestra,-

2202 823 2340 878 bcne
2359 834 2414 879 et
2438 825 2639 894 optime
2665 844 2679 881 :
2706 825 2752 881 si
2781 843 2906 882 vero
2929 830 3165 899 minimc,
3190 843 3412 887 ventura
3435 845 3587 890 sexta
3613 837 3770 903 feria,-

2199 910 2252 965 in
2283 921 2466 967 saneta
2497 924 2552 969 et
2579 916 2866 972 universali
2893 921 3100 988 synodo
3125 929 3266 976 state
3297 937 3509 990 ontnes,
3539 934 3595 979 et
3618 927 3771 996 quid-.

2197 1004 2324 1072 quid
2360 1006 2629 1060 deﬁnierit
2659 1017 2847 1064 sancta
2871 1019 2925 1064 et
2953 1010 3274 1067 universalis
3304 1015 3543 1084 synodus
3569 1015 3623 1070 in
3651 1031 3769 1084 vos,

2195 1093 2305 1149 ﬁet.

2267 1184 2331 1238 Et
2369 1194 2489 1254 post
2515 1187 2628 1242 huic
2673 1190 2968 1246 ascendens
3016 1191 3322 1263 Stephanus
3353 1197 3462 1252 Deo
3502 1199 3768 1256 amicissi-

2195 1286 2315 1326 mus
2352 1273 2614 1330 diaconus
2654 1275 3366 1350 Constantinopolitanorum
3413 1285 3671 1342 Ecclesiae
3713 1298 3767 1344 et

2193 1364 2440 1418 notarius
2471 1365 2642 1418 dixit:
2673 1366 2869 1424 Multos
2896 1385 3065 1440 annos
3095 1372 3481 1442 imperatorum
3509 1377 3693 1434 Basilii
3714 1389 3769 1436 et

2197 1453 2563 1511 Constantini!
2598 1457 2912 1527 Magnorum
2941 1462 3325 1532 imperatorum
3357 1477 3414 1521 et
3439 1469 3764 1525 dictatorum

2191 1543 2391 1599 multos
2437 1548 2637 1600 annos!
2675 1547 3110 1606 Orthodoxornm
3150 1554 3538 1624 imperatorum
3566 1554 3767 1614 multas

2187 1637 2389 1690 annos!
2419 1637 2820 1708 Depositorum
2859 1641 3136 1712 iniustitia:
3190 1645 3387 1702 multos
3415 1651 3618 1705 armos!
3660 1650 3772 1704 Ho—

2187 1727 2352 1782 Stium
2383 1730 2650 1785 mendacii
2689 1732 2886 1798 multos
2911 1735 3109 1791 annos!
3141 1735 3472 1794 Amatorem,
3506 1749 3564 1796 et
3589 1740 3769 1798 fauto-

2186 1834 2307 1874 rum
2347 1821 2594 1877 veritatis
2647 1832 2702 1878 et
2745 1823 2971 1892 justitia:
3009 1827 3206 1882 multos
3256 1833 3458 1886 annos!
3506 1833 3770 1889 Eudoxizc

504 1923 711 1978 cienter
735 1921 803 1976 ab
839 1920 1200 1992 imperatoriis
1236 1918 1696 1974 admonitionibus
1734 1914 2082 1972 instruimini.
2117 1909 2162 1970 B
2189 1908 2444 1978 piissimae
2486 1911 2741 1980 Augustae
2765 1914 2961 1972 multos
2983 1929 3154 1973 annos
3175 1919 3193 1972 ε.
3221 1918 3425 1976 Nieolai
3462 1920 3774 1979 beatissimi

507 2017 564 2072 Si
587 2031 717 2087 ergo
742 2015 901 2071 vultis
929 2015 1069 2068 viam
1103 2023 1368 2078 nostram,
1391 2019 1446 2066 et
1471 2011 1694 2076 Christi,
1725 2010 1968 2078 arripite;
1995 2008 2080 2063 sin

502 2119 680 2165 autem
733 2109 872 2164 viam
907 2116 1161 2172 vestram,
1215 2107 1379 2161 abite.
1428 2102 1659 2159 Basilius
1701 2102 1977 2176 piissimus
2023 2109 2078 2156 et

504 2202 712 2257 amicus
749 2200 950 2256 Christi
999 2207 1056 2253 et
1103 2213 1329 2268 magnus
1392 2196 1686 2267 imperator
1733 2194 1908 2249 dixit:
1941 2193 2079 2247 Ecce

501 2290 736 2360 qualiter
781 2299 838 2344 et
875 2287 1088 2359 quoties
1117 2285 1558 2342 admonuerimus
1586 2298 1705 2350 vos,
1733 2293 1788 2338 et
1831 2282 2076 2348 audistis,

501 2395 558 2441 et
586 2384 866 2439 certiﬁcati
903 2381 1056 2446 estis,
1094 2389 1150 2434 et
1179 2394 1281 2434 non
1317 2386 1400 2434 est
1427 2378 1580 2434 vobis
1607 2375 1833 2432 rationis
1874 2387 2076 2430 sermo.

502 2475 560 2530 Si
585 2475 728 2531 enim
775 2472 938 2528 vultis
968 2471 1158 2541 subjici
1208 2467 1666 2523 admonitionibus
1698 2466 1938 2522 omnium
1980 2479 2080 2518 no-

2187 2017 2338 2072 papae
2371 2004 2600 2058 Romani
2643 2014 2843 2061 aeterna
2873 2010 3162 2065 memoria!
3198 2011 3420 2067 Adriani
3473 2015 3766 2071 orthodoxi

2186 2109 2338 2166 papae
2368 2097 2599 2152 Romani
2637 2099 2836 2155 multos
2879 2104 3078 2156 annos!
3120 2101 3308 2174 lgnatii
3355 2107 3645 2164 orthodoxi
3670 2124 3775 2180 pa-‘v

2188 2187 2442 2244 triarchte
2487 2189 3027 2261 Constantinopoleos
3075 2195 3272 2250 multos
3315 2199 3513 2253 annos!
3565 2198 3776 2257 Ortho-

2185 2279 2445 2342 doxorum
2477 2283 2908 2351 patriarcharum
2939 2283 3175 2340 Orientis
3203 2287 3400 2344 multos
3424 2291 3632 2346 annos!
3666 2289 3771 2348 Or—.

2187 2370 2403 2425 thodoxi
2425 2382 2644 2428 senatus
2665 2372 2860 2429 niultos
2873 2388 3043 2430 annos
3072 2376 3084 2428 ε
3112 2374 3329 2432 Sancta}
3355 2387 3410 2433 et
3433 2378 3776 2436 universalis

2187 2463 2376 2531 synodi
2402 2473 2604 2518 acterna
2630 2464 2921 2520 memoria!

515 2585 3682 2618 Mm

1704 2685 2006 2767 ACTIO
2067 2686 2533 2772 SEPTIMA.

566 2893 625 2948 In
656 2892 873 2949 nomine
902 2889 1110 2948 Domini
1170 2898 1226 2946 ct
1280 2890 1632 2947 dominatoris
1659 2889 1902 2946 omnimn
1938 2887 2067 2944 Jesu

494 2985 694 3041 Christi
735 2985 848 3040 veri
891 2985 986 3039 Dei
1026 2992 1082 3039 et
1129 2983 1425 3038 Salvatoris
1460 2983 1656 3050 nostri,
1706 2981 2069 3038 consulatusa
2097 2962 2142 3024 (ἶ
2174 2976 2709 3048 magniﬁcentissimo
2800 2962 3072 3051 patricio,

496 3075 607 3133 Deo
649 3085 1030 3136 coronatorum
1055 3084 1109 3130 et
1137 3075 1702 3145 tranquillissimorum
1727 3075 2069 3130 dominorum

495 3175 830 3232 nostrorum,
859 3165 1042 3222 Basilii
1084 3166 1302 3236 quidem
1347 3179 1490 3220 anno
1520 3164 1698 3230 tertio,
1730 3162 2072 3219 Constantini

494 3271 624 3313 vero
663 3255 756 3312 ﬁlii
786 3256 833 3327 ej
845 3271 908 3312 us
934 3271 1078 3311 anno
1105 3256 1358 3318 secundo,
1392 3264 1772 3324 perpetuorum
1797 3254 2068 3325 Augusto-

495 3365 640 3416 rum,
666 3350 956 3405 indietione
985 3349 1166 3414 tertia,
1194 3358 1386 3417 quarto
1429 3347 1786 3402 Kalendarum
1833 3347 2066 3402 Novem-

495 3441 672 3496 brium
697 3456 710 3493 :
737 3439 1024 3510 propositis
1047 3438 1297 3510 pretiosis
1318 3447 1372 3492 et
1400 3437 1625 3492 viviﬁcis
1649 3437 1826 3506 lignis,
1855 3445 1909 3492 et
1934 3438 2070 3493 inte-

494 3532 716 3587 meratis
727 3531 920 3587 salutis
941 3540 1142 3587 nostrae
1166 3528 1472 3600 Evangeliis
1498 3546 1511 3582 :
1540 3529 1864 3600 prmsidente
1889 3538 2066 3584 autem

492 3621 684 3677 eodem
711 3621 954 3692 piissimo
981 3620 1328 3690 imperatore,
1355 3618 1407 3672 in
1438 3619 1659 3674 dextera
1691 3628 1843 3688 parte
1887 3619 2070 3690 magni

495 3713 730 3770 nominis
756 3713 936 3781 templi
985 3726 1192 3781 magna:
1216 3709 1460 3765 ecclesia:
1491 3726 1504 3763 :
1539 3709 1894 3768 conveniente
1939 3724 2068 3766 vero

495 3812 758 3860 sancta-et
787 3801 1076 3857 universali
1101 3800 1325 3872 synodo,
1349 3800 1453 3856 hoc
1475 3812 1557 3856 est
1578 3803 1782 3857 Donato
1809 3803 1919 3856 Deo
1935 3802 2073 3856 ami—

496 3893 716 3951 cissimo
736 3892 988 3961 episcopo
1015 3891 1197 3956 Ostia),
1223 3900 1278 3945 et
1300 3890 1575 3961 Stephano
1604 3892 1713 3946 Deo
1738 3891 2070 3947 amicissimo

495 3985 748 4056 episcopo
786 3980 969 4053 Nepar,
1014 3991 1070 4037 et
1122 3981 1328 4036 Marino
1364 3981 1815 4036 reverendissimo
1841 3981 2070 4037 diacono

495 4091 696 4139 sanctae
765 4081 1130 4140 Romanorum
1180 4079 1470 4146 Ecclesim,
1536 4079 1714 4136 locum
1767 4079 2113 4154 tenentibus

493 4183 715 4239 Adriani
767 4181 1092 4238 sanctissimi
1125 4195 1276 4251 papa:
1318 4179 1574 4246 Romani,
1605 4190 1660 4236 et
1704 4179 1910 4247 lgnatio
1940 4196 2070 4237 san-

494 4285 738 4341 ctissimo
779 4283 1086 4354 patriarcha
1132 4281 1692 4352 Constantinopoleos,
1745 4290 1800 4338 et
1862 4282 2066 4338 Thema
2098 4304 2147 4363 ι)

495 4385 840 4443 sanctissimo
885 4383 1224 4453 metropolita
1272 4382 1424 4454 Tyri,
1471 4383 1648 4439 locum
1673 4391 1892 4439 tenente
1924 4384 2067 4439 sedis

495 4476 816 4542 Antiochiae,
843 4484 899 4531 et
941 4475 1090 4530 Helia
1121 4477 1230 4531 Deo
1253 4474 1633 4531 colendissimo
1672 4475 1985 4546 presbytero
2014 4486 2067 4530 et

492 4567 751 4638 synccuo,
805 4567 979 4622 locum
1035 4575 1250 4622 tenente
1313 4565 1458 4621 sedis
1499 4565 1992 4636 Hierosolymorum
2050 4581 2064 4620 :

494 4671 693 4731 pnesto
713 4670 895 4717 autem
921 4659 1079 4717 simul
1107 4662 1374 4717 existente
1395 4675 1552 4717 sacro
1581 4670 1792 4728 senatu,
1820 4663 2071 4720 videlicet

494 4752 780 4808 Theodoro
835 4751 1370 4823 magniﬁcentissimo
1421 4752 1650 4824 patricio
1692 4769 1755 4809 ac
1787 4755 2066 4825 magistro,

495 4841 882 4910 Cht’tstophoro
901 4839 1441 4910 magniﬁcentissimo
1461 4841 1687 4910 patricio
1707 4857 1768 4896 ac
1785 4844 2066 4913 magistro,

494 4931 676 4986 Leone
717 4929 1256 5002 magniﬁcentissimo
1291 4931 1636 5000 proconsule
1697 4946 1761 4985 ac
1822 4933 2066 5001 patricio,

496 5031 750 5088 Iiemcrio
794 5030 1328 5102 magniﬁcentissimo
1369 5032 1685 5101 proconsule
1715 5048 1778 5087 ac
1820 5035 2068 5103 patricio,

497 5125 774 5196 Stephano
819 5123 1348 5193 magniﬁcentissimo
1399 5125 1714 5193 proconsule
1744 5135 1798 5180 ct
1849 5125 2075 5180 sacella-

496 5215 598 5276 rio.
621 5214 800 5269 Leone
823 5213 1354 5284 magniﬁcentissimo
1386 5214 1705 5284 proconsule
1734 5229 1798 5270 ac
1819 5216 2071 5285 patricio,

497 5305 706 5361 Marino
758 5303 1292 5375 magniﬁcentissimo
1324 5307 1645 5376 proconsule
1697 5323 1760 5363 ac
1817 5308 2071 5380 patricio,

498 5393 798 5451 Theonhilo
828 5391 1365 5448 magniﬁcentissimo
1397 5397 1715 5444 nrnennsnle
1737 5414 1800 5452 ac
1821 5399 2068 5460 patriciol

2173 2885 2330 2942 nuele
2388 2879 2918 2957 magnilicentisSimo
2999 2894 3229 2964 patricio
3257 2936 3274 2963 ,
3354 2896 3770 2972 Theophylacto

3165 2985 3452 3045 Pctronate
3538 2995 3768 3065 magni-

2177 3069 2526 3125 licentissimo
2594 3071 2856 3142 patricio,
2915 3074 3159 3131 Manuele
3218 3081 3769 3151 magniﬁcentissimo

2170 3157 2402 3224 patricio
2435 3176 2448 3211 :
2480 3159 2881 3218 considentibus
2923 3178 3136 3235 quoque
3173 3176 3228 3224 ct
3267 3169 3376 3225 Deo
3407 3175 3771 3234 amicissimis

2169 3246 2553 3330 metropolitis,
2612 3249 2665 3304 id
2710 3260 2792 3306 est
2823 3252 3018 3322 Basilio
3074 3256 3184 3313 Deo
3213 3261 3541 3320 amicissimo
3571 3269 3767 3323 archi-

2171 3336 2426 3407 episcopo
2477 3338 2697 3408 Ephesi,
2746 3342 3020 3401 Theodulo
3048 3348 3156 3403 Deo
3201 3353 3530 3412 amicissimo
3571 3361 3771 3416 archi-

2169 3426 2424 3497 episcopo
2463 3427 2712 3500 Ancyrzn,
2754 3430 3001 3491 Barna’ba
3051 3439 3160 3494 Deo
3191 3443 3516 3503 amicissimo
3545 3459 3769 3507 metro-

2169 3515 2334 3584 polita
2380 3517 2600 3589 Cyzici,
2655 3520 2954 3592 Nicephoro
3004 3525 3114 3582 Deo
3167 3532 3494 3590 amicissimo
3543 3550 3770 3596 metro—

2169 3608 2334 3676 polita
2361 3609 2570 3674 Nicaeae,
2595 3611 2895 3683 Nicephoro
2927 3616 3034 3672 Deo
3060 3620 3386 3680 amicissimo
3411 3631 3774 3699 metropolita

2167 3700 2423 3766 Amasiae,
2446 3701 2638 3757 Niceta
2657 3704 2767 3760 Deo
2797 3706 3126 3764 amicissimo
3143 3715 3481 3784 metrOpolita
3507 3717 3771 3776 Athena-

2169 3806 2312 3857 rum,
2343 3792 2626 3848 Theodoro
2663 3794 2772 3850 Deo
2803 3796 3131 3855 amicissimo
3173 3805 3512 3874 metropolita
3545 3807 3767 3878 Cariae,

2171 3882 2524 3974 iletrophane
2573 3885 2683 3940 Deo
2720 3888 3047 3952 amicissimo
3100 3897 3436 3965 metropolita
3476 3899 3769 3974 Smyrnae,

2175 3972 2373 4027 Basilio
2402 3973 2730 4031 amicissimo
2764 3980 3106 4050 metropolita
3133 3983 3489 4057 Gangrarum,
3516 3972 3773 4063 Cypria;-

2169 4078 2241 4150 no
2272 4064 2381 4150 Deo
2413 4065 2741 4122 amicissimo
2775 4073 3116 4141 metropolita
3140 4074 3572 4150 Claudiopoleos,
3599 4083 3772 4142 Hila-

2169 4149 2321 4204 rione
2342 4149 2450 4204 Deo
2479 4151 2808 4218 amicissimo
2833 4162 3178 4230 metrOpolita
3209 4149 3473 4234 Corinthi,
3522 4149 3772 4231 Nicolao

2173 4237 2283 4294 Deo
2309 4240 2640 4296 amicissimo
2673 4247 3012 4315 metropolita
3057 4249 3456 4323 Synnadorum,
3487 4257 3781 4321 Michaele

2176 4329 2282 4384 Deo
2324 4331 2654 4387 amicissimo
2703 4337 3044 4406 metropolita
3073 4339 3266 4406 Rhodi,
3299 4343 3588 4417 Euthymio
3640 4351 3777 4410 Deo

2174 4423 2505 4480 amicissimo
2553 4427 2895 4497 metropolita
2937 4429 3176 4499 Catame,
3230 4434 3420 4492 Photio
3472 4439 3586 4496 Deo
3611 4446 3786 4501 ami-.

2174 4514 2392 4569 cissimo
2439 4516 2844 4589 archiepiscopo
2870 4519 3124 4589 Nacoliw,
3161 4524 3438 4596 Stephano
3475 4529 3588 4586 Deo
3615 4537 3780 4590 alni-

2174 4605 2390 4661 cissimo
2412 4608 2818 4680 archiepiscopo
2838 4609 3233 4681 Cypsallorum,
3256 4615 3452 4672 Basilio
3479 4619 3592 4676 Deo
3616 4625 3782 4679 arni-

2173 4695 2393 4751 cissimo
2421 4698 2824 4770 archiepiscopo
2849 4701 3096 4770 Misthiae,
3133 4705 3456 4776 TheOphane
3479 4711 3592 4767 Deo
3614 4716 3782 4770 ami—

2173 4787 2387 4842 cissimo
2415 4788 2820 4859 archiepiscopo
2846 4791 3048 4862 Selges,
3086 4795 3250 4850 Paulo
3274 4798 3383 4853 Deo
3415 4801 3780 4862 amicissimo

2173 4882 2578 4953 archiepiscopo
2617 4883 2878 4955 Apamite,
2907 4885 3115 4942 Joanne
3145 4888 3254 4943 Dee
3299 4892 3630 4950 amicissimo
3665 4914 3778 4953 ar-

2174 4961 2519 5042 chiepiscopo
2565 4972 2670 5038 Cii,
2703 4975 2998 5032 Athanasio
3030 4979 3139 5032 Deo
3174 4981 3504 5048 amicissimo
3536 4985 3784 5054 episco-

2173 5076 2241 5130 po
2294 5061 2601 5132 Magnesiac,
2636 5063 2918 5119 Theodoro
2963 5066 3073 5120 Deo
3122 5068 3451 5126 amicissimo
3492 5072 3785 5145 epiSCOpo

2176 5144 2406 5218 Sinopae,
2433 5149 2728 5205 Eustachio
2767 5153 2876 5206 Deo
2904 5155 3232 5212 amicissimo
3268 5159 3524 5229 episcopo
3553 5144 3776 5219 {Emo-

2174 5238 2295 5302 niae,
2326 5237 2616 5294 Thcoclcto
2641 5240 2746 5294 Deo
2773 5242 3099 5299 amicissimo
3127 5247 3374 5317 episcopo
3407 5247 3788 5311 Lacedaemo-

2174 5329 2298 5395 nise,
2331 5328 2637 5400 NicephOro
2667 5330 2777 5386 Deo
2818 5335 3151 5392 amicissimo
3178 5338 3425 5408 episcopo
3464 5340 3788 5412 Zacynthi,

2180 5417 2465 5470 Euthvmin
2498 5422 2605 5468 Πρω
2634 5422 2962 5468 amicissima
2988 5427 3238 5484 eniscono
3259 5428 3625 5500 Mosynorum,
3659 5434 3794 5494 Ba-

3546 5523 3557 5535 .
3629 5509 3836 5572 ιηῆἧι
