3960 5662
126 450 208 509 l0I
789 448 1346 535 INTERPI‘ETATIO
1383 444 1634 507 SYNODI
1670 446 1781 503 VIII
1818 448 2228 509 GENERALIS.
2265 483 2339 494 —
2369 450 2575 509 ACTIO
2619 450 2718 507 Vll.

3263 440 3371 509 tot

122 570 305 628 Basilio
339 570 452 626 Deo
489 568 821 625 amicissimo
858 569 1112 649 episcopo
1155 567 1373 629 Gratim,
1420 566 1684 621 Damiano
1713 569 1756 629 Α
1787 582 1894 621 non
1934 568 2282 624 convenimus
2308 576 2369 623 ut
2387 567 2716 637 accipiamus
2736 565 2806 622 ab
2832 563 2912 622 eis
2947 566 3374 637 increpatiouem

122 664 221 718 Deo
266 661 598 716 amicissimo
627 660 882 731 episeopo
920 658 1312 729 Miletopoleos,
1361 657 1690 727 Theophane

120 755 219 809 Deo
256 751 592 807 amicissimo
639 752 894 821 episcopo
937 750 1152 818 Trallm,
1178 750 1360 806 Leone
1406 750 1517 805 Deo
1554 750 1691 804 ami-

120 844 323 901 cissimo
349 844 611 917 episcopo
639 843 957 915 Neapolcos,
987 841 1185 914 Ioseph
1214 844 1326 899 Deo
1356 842 1690 899 amicissimo

118 938 352 1007 episcopo
375 936 704 1004 Palicorum,
732 947 787 993 et
819 937 1053 1010 Georgio
1078 937 1186 993 Deo
1212 936 1545 993 amicissimo
1575 937 1690 1007 epi-

117 1042 264 1099 seopo
290 1027 552 1083 Adriante
578 1046 591 1082 :
616 1029 702 1085 his
728 1028 801 1083 ita
840 1027 1308 1093 convenientibus,
1336 1027 1561 1099 jubcute
1591 1027 1685 1080 Ba-

117 1117 222 1173 silio
248 1116 505 1188 piissimo
545 1126 601 1172 et
642 1117 819 1173 amico
846 1116 1048 1172 Christi
1099 1132 1292 1188 magno
1340 1117 1687 1186 imperatore,

116 1212 250 1265 stetit
288 1211 343 1265 in
395 1210 587 1265 medio
631 1209 880 1264 Bahanes
920 1206 1485 1278 magnificentissimus
1523 1207 1689 1276 patri-

114 1304 235 1369 cius,
272 1310 331 1357 et
374 1301 707 1373 praepositus
753 1301 890 1356 dixit
936 1301 1004 1356 ad
1050 1301 1427 1357 sanctissimos
1458 1299 1691 1355 vicarios

114 1391 323 1449 senioris
385 1391 584 1447 Roma:
625 1400 681 1446 et
729 1390 1085 1447 Orientalium
1142 1390 1352 1447 sedium
1397 1409 1409 1443 :
1459 1390 1691 1447 lnduciis

115 1486 286 1541 Photio
324 1484 476 1539 datis
503 1484 621 1553 jam
665 1484 987 1555 completis,
1031 1483 1285 1538 duximus
1332 1497 1455 1537 eum
1504 1497 1691 1537 rursus

112 1580 169 1633 ad
203 1586 448 1632 sanctam
477 1579 623 1632 hanc
654 1585 709 1631 et
749 1576 1110 1633 nniversalem
1140 1577 1424 1647 synodum.
1455 1575 1511 1631 Si
1537 1576 1617 1645 jul
1637 1584 1692 1631 et

115 1682 229 1735 ago
254 1667 528 1722 sanctitas
567 1676 770 1734 vestra,
817 1667 1214 1722 introducatur.
1246 1666 1589 1722 Sanctissimi
1615 1666 1691 1721 vi-

109 1755 227 1813 carii
263 1759 508 1817 senioris
559 1758 745 1815 Roma:
775 1774 839 1814 ac
889 1759 1243 1816 Orientalium
1287 1759 1494 1814 sedium
1534 1758 1688 1814 dixe-

111 1858 256 1902 runt:
285 1848 700 1904 lntroducatur.
734 1848 801 1904 Et
828 1848 1167 1905 introductus
1227 1858 1309 1904 est
1348 1848 1569 1903 Photins
1593 1850 1688 1903 ba-

107 1940 214 1995 culo
238 1941 485 2006 innixus,
511 1949 573 1996 et
598 1956 719 1996 cum
741 1955 806 1996 eo
830 1940 1125 2011 Gregorius
1154 1941 1352 1997 dudum
1383 1940 1680 2012 Syracusa-
1722 1918 1766 1978 Β

113 2047 216 2086 nus.
280 2032 533 2087 Marinus
602 2031 715 2087 Deo
763 2031 1126 2088 amicissimus
1175 2033 1439 2087 diaconus
1490 2042 1690 2087 sancta:

108 2118 469 2177 Romanorum
509 2121 771 2178 Ecclesiae
797 2131 851 2176 et
895 2122 1131 2177 vicarius
1158 2121 1295 2178 dixit
1327 2139 1341 2177 :
1376 2122 1569 2178 Tollite
1595 2124 1690 2178 ba-

105 2210 275 2268 culum
306 2212 371 2267 de
414 2227 586 2267 manu
637 2211 775 2281 ejus,
834 2213 1050 2282 signum
1095 2222 1181 2268 est
1225 2214 1371 2270 enim
1398 2201 1692 2285 'dignitatis

106 2303 405 2371 pastoralis,
436 2302 587 2383 quod
624 2303 713 2359 ltic
758 2304 957 2359 habere
1007 2303 1311 2360 nullatcuu's
1349 2305 1531 2369 debet,
1562 2305 1688 2375 quia

105 2391 249 2462 lupus
271 2402 377 2460 est,
403 2403 462 2449 et
492 2410 599 2449 non
630 2403 835 2465 pastor.
868 2394 957 2460 Et,
983 2409 1049 2450 eo
1074 2395 1274 2471 ablato,
1301 2394 1540 2451 Donatus
1579 2397 1688 2454 Deo

106 2484 462 2543 amicissimus
505 2486 793 2556 episcopus
842 2485 1043 2554 Ostim,
1100 2495 1158 2542 et
1209 2487 1517 2558 Stephanus
1580 2491 1689 2546 Deo

109 2577 471 2639 amicissimus
516 2580 807 2651 episcopus
852 2577 1057 2650 Νομία
1081 2589 1137 2637 ct
1175 2580 1414 2639 Marinus
1440 2599 1690 2641 reveren-

104 2666 350 2723 dissimus
405 2668 673 2725 diaconus
726 2680 928 2725 sancta:
980 2670 1350 2729 Romanorum
1396 2674 1687 2741 Ecclesiae,

105 2757 281 2845 vicarii
342 2759 582 2817 senioris
638 2760 864 2825 Romaa,
925 2760 1304 2820 dixerunt:ln
1364 2768 1687 2836 prmcedcnti

105 2850 307 2906 actione
329 2850 484 2905 venit
506 2852 575 2907 ad
614 2868 714 2908 nos
746 2853 828 2907 vir
847 2854 950 2910 iste
974 2854 1205 2913 forensis
1226 2866 1280 2913 et
1306 2859 1523 2917 curialis
1543 2860 1686 2917 Pho-

105 2940 218 3006 tius,
245 2951 305 2996 et
326 2942 711 3000 admonuimus
742 2944 889 3001 illum
920 2962 1018 3018 per
1053 2950 1407 3020 apostolicam
1450 2954 1688 3009 auctori-

106 3036 257 3087 tatem
287 3031 356 3086 ad
384 3034 767 3096 revertendum
793 3036 847 3090 in
874 3035 1172 3094 Ecclesium
1200 3056 1300 3110 per
1327 3041 1493 3097 libelli
1516 3056 1685 3115 expo-

106 3125 370 3192 sitionem,
404 3135 465 3181 ut
503 3127 832 3200 recipiamus
873 3145 997 3186 eum
1037 3131 1091 3187 in
1111 3133 1553 3188 communionem
1588 3149 1687 3190 sae-

106 3216 315 3275 cularis.
342 3218 683 3290 lnterrogate
709 3219 952 3289 illum,‘si
994 3221 1131 3278 forte
1170 3223 1436 3278 intellexit
1462 3224 1682 3305 bonum,

106 3317 149 3362 et
175 3309 514 3366 conveniens
546 3311 672 3378 sibi,
703 3320 758 3367 et
799 3311 913 3367 vult
956 3311 1135 3369 facere
1172 3313 1432 3371 libellum.
1466 3315 1533 3369 Et
1560 3329 1688 3385 per-
1714 3309 1756 3333 “

106 3414 224 3469 gens
252 3398 511 3456 Bahanes
537 3398 943 3469 famosissimas
970 3403 1233 3474 patricius
1280 3411 1336 3457 et
1369 3404 1687 3473 [II‘EBPUSIIIIS

107 3491 166 3547 ad
201 3490 484 3559 Photium,
512 3490 663 3561 .dixit
712 3491 765 3548 ei
790 3510 803 3547 :
830 3490 1174 3550 Sanctissimi
1218 3493 1406 3549 vicarii
1456 3494 1686 3551 senioris

108 3578 282 3637 Reum
326 3597 395 3638 ac
432 3580 795 3637 Orientalium
833 3583 1045 3640 sedium
1077 3583 1337 3639 mandant
1365 3583 1461 3639 tibi
1489 3601 1504 3638 :
1529 3583 1685 3641 Facis

107 3670 331 3729 libellum
361 3682 568 3730 sanctae
614 3690 680 3730 ac
721 3675 1041 3732 universalis
1070 3674 1282 3747 synodi,
1331 3677 1683 3747 quemadmo-

106 3767 225 3822 «ιω
272 3768 482 3841 exigit?
523 3767 752 3824 Photius
788 3768 965 3825 dixit:
993 3770 1255 3825 Dominus
1302 3759 1683 3840 imperatorem

111 3868 342 3916 nostrum
393 3871 646 3917 saucttun
698 3861 967 3917 custodiat
1015 3862 1070 3917 in
1116 3861 1317 3919 multos
1364 3850 1578 3930 annos,
1630 3872 1686 3919 et

110 3948 409 4022 Gregorius,
446 3960 504 4007 et
546 3966 649 4007 nos
676 3951 925 4008 similiter
961 3968 1199 4009 oramus.
1244 3953 1562 4024 Imperatori
1590 3970 1686 4011 no-

110 4049 211 4096 stro
231 4052 447 4109 sancto,
468 4041 694 4098 vicariis
713 4042 896 4098 autem
927 4044 1191 4099 rationem
1222 4059 1328 4098 non
1353 4044 1676 4115 prcebcmus.

111 4129 340 4207 Bahanes
367 4133 941 4206 magnificentissimus
966 4134 1228 4206 patricius
1268 4143 1325 4192 et
1367 4137 1686 4208 praepositus

114 4224 234 4281 dixit
258 4228 327 4283 ad
354 4225 611 4284 Pltotinm
644 4225 846 4282 :Aliud
889 4226 1090 4299 aliquid
1136 4228 1202 4282 ad
1232 4227 1336 4285 hoc
1375 4244 1481 4284 non
1515 4229 1686 4285 dicis?

114 4317 318 4377 Plautius
365 4321 549 4376 dixit:
582 4321 641 4376 Si
689 4321 968 4377 audissent
1022 4336 1143 4392 quae
1196 4321 1447 4377 diximus.
1486 4322 1685 4380 nudius

116 4413 306 4479 tertius,
333 4429 443 4469 non
473 4413 663 4486 utique
699 4414 840 4469 hanc
876 4413 1360 4487 interrogationem
1392 4417 1687 4487 praetende-

118 4514 249 4572 rent;
280 4506 326 4561 si
352 4520 485 4562 vero
507 4494 880 4561 definitionem
909 4520 1062 4562 suam
1094 4515 1392 4576 posuerunt
1417 4507 1469 4562 in
1507 4508 1683 4579 pumi-

1792 657 1876 712 vel
1905 658 2297 728 paenitentiam,
2332 658 2428 714 sed
2458 658 2561 727 ipsi
2586 673 2615 712 a
2652 657 2808 713 nobis
2836 657 2951 713 haec
2988 658 3186 715 debent
3232 660 3381 716 acci-

1791 762 1940 817 pere.
1968 748 2080 804 Hoc
2106 751 2173 805 ad
2193 749 2563 805 confusionem
2588 748 2844 806 Ecclesiae
2869 750 3086 816 dicunt;
3112 765 3210 806 nos
3241 749 3376 807 nihil

1793 839 1939 895 aliud
1968 839 2366 913 interrogamus
2391 855 2505 907 eos,
2533 841 2638 897 nisi
2684 841 2957 897 voluerint
2990 842 3171 899 facere
3212 841 3380 900 libelli

1791 930 2270 999 satisfactionem;
2315 940 2538 1003 propter
2584 932 2688 987 hoc
2730 932 2874 987 enim
2922 931 3380 1004 interrogavimus

1791 1038 1919 1088 eos;
1959 1023 2091 1078 nihil
2131 1024 2274 1080 aliud
2326 1025 2562 1094 petimus
2592 1037 2619 1067 ι
2652 1041 2751 1081 nos
2786 1041 2853 1081 ex
2900 1025 3026 1082 illis.
3076 1026 3142 1082 Et
3190 1036 3381 1083 sancta

1792 1114 1908 1171 hac
1933 1122 1989 1170 et
2014 1114 2338 1171 universalis
2369 1116 2606 1186 synodus
2648 1117 2719 1170 ita
2751 1116 2880 1172 dicit
2908 1116 3188 1172 nobiscum
3221 1133 3240 1172 τ
3271 1116 3380 1175 Nos

1790 1205 1994 1260 scimus
2020 1206 2145 1274 quia
2178 1219 2206 1258 a
2238 1206 2465 1274 pedibus
2490 1220 2661 1276 usque
2691 1207 2756 1259 ad
2781 1215 2945 1276 caput
2964 1205 3229 1261 vulnerati
3250 1216 3378 1263 sunt

1791 1299 2026 1369 propriis
2065 1298 2367 1367 injustitiis,
2389 1306 2578 1373 etnon
2614 1308 2697 1354 est
2718 1314 2881 1370 super
2919 1299 3038 1355 illos
3076 1300 3382 1371 iutegritas‘,

1791 1398 1849 1443 et
1881 1402 1985 1444 non
2015 1388 2403 1457 respondemus
2440 1388 2543 1444 eis.
2574 1388 2638 1442 Et
2672 1398 2793 1459 post
2832 1389 2935 1444 hoc
2970 1389 3097 1458 legit
3136 1388 3383 1446 Theodo-

1793 1496 1892 1537 rus
1921 1483 2146 1537 devotus
2183 1497 2216 1536 a
2264 1482 2513 1547 secretis,
2542 1490 2602 1537 ut
2635 1496 2701 1537 ex
2746 1496 2977 1553 persona
3024 1481 3381 1539 Orientalium

1792 1574 2003 1628 sedium
2032 1591 2044 1627 :
2082 1572 2160 1626 lta
2187 1572 2366 1641 primo
2391 1572 2612 1642 quidem
2639 1573 2882 1645 ingressu
2925 1582 3047 1639 tuo,
3077 1589 3183 1628 non
3209 1573 3382 1630 solum

1796 1680 1917 1729 nos,
1949 1674 2005 1719 ct
2030 1664 2128 1720 hos
2154 1664 2248 1735 qui
2282 1665 2561 1720 nobiscum
2608 1666 2815 1721 inventi
2862 1674 3008 1732 sunt,
3047 1667 3140 1722 sed
3167 1675 3222 1723 et
3256 1681 3383 1722 san—

1792 1765 1939 1811 ctum
1965 1765 2214 1811 senatum
2243 1757 2584 1827 imperatoris
2623 1770 2961 1828 peccatorem
2996 1759 3382 1828 pronuntiasti,

1797 1863 1904 1903 non
1937 1849 2245 1921 intelligens
2275 1864 2450 1920 neque
2474 1865 2594 1920 qua:
2613 1850 2873 1921 loquaris,
2896 1865 3072 1922 neque
3100 1851 3167 1907 de
3186 1852 3383 1923 quibus

1794 1938 2061 2005 affirmes;
2110 1955 2252 1995 nunc
2293 1950 2473 1996 autem
2510 1942 2911 1998 conclusionem
2963 1958 3144 2014 prava;
3186 1945 3384 2001 mentis

1792 2038 1900 2085 tua:
1925 2032 2243 2099 evomuisti;
2262 2033 2663 2091 admonitiones
2684 2035 3081 2106 imperatorias,
3098 2045 3154 2093 et
3181 2032 3384 2094 sancta:

1792 2136 1857 2178 ac
1908 2123 2234 2180 universalis
2281 2126 2496 2197 synodi,
2525 2141 2644 2197 qum
2669 2126 2981 2184 vociferatm
3010 2138 3137 2186 sunt
3170 2131 3237 2186 ad
3266 2145 3382 2201 pce-

1792 2213 2075 2268 nitentiam
2101 2223 2266 2280 tuam,
2291 2216 2344 2271 in
2373 2227 2619 2274 sanctum
2651 2219 3033 2289 imperatorem
3063 2228 3306 2276 nostrum
3328 2229 3385 2274 ct

1792 2314 2035 2360 sanctam
2069 2321 2132 2361 ac
2172 2306 2533 2365 universalem
2584 2309 2847 2380 synodum
2902 2309 3255 2375 transferens,
3300 2311 3380 2365 uti

1792 2398 2152 2467 nosmetipsos
2174 2399 2534 2456 admonentes
2564 2400 2629 2456 ad
2654 2401 3025 2472 pmuiteutiam
3056 2403 3368 2468 veniamus:

1790 2490 1882 2545 sed
1924 2506 2029 2546 non
2061 2492 2188 2562 quia
2220 2492 2565 2562 vertiginosis
2593 2500 2734 2550 terra
2764 2494 2971 2551 moveri
3002 2494 3239 2561 videtur,
3252 2508 3381 2565 pro-

1789 2589 1913 2650 pter
1945 2581 2047 2636 hoc
2071 2591 2123 2636 et
2147 2591 2434 2641 movetur:
2463 2598 2591 2654 ergo
2614 2592 2668 2639 tu
2690 2585 2904 2654 quidem
2938 2568 3052 2656 ipse
3071 2600 3301 2642 exorsus
3320 2601 3382 2642 es

1791 2670 1955 2725 etiam
1994 2679 2177 2738 antea,
2215 2687 2360 2729 nunc
2389 2688 2519 2729 vero
2564 2673 2897 2730 conclusisti.
2946 2674 3029 2730 Ad
3082 2690 3146 2731 ea
3195 2675 3382 2745 itaque

1790 2773 1911 2829 qua:
1944 2761 2276 2832 interrogata
2317 2772 2443 2817 sunt
2471 2778 2501 2817 a
2530 2771 2715 2818 sancta
2743 2772 2798 2819 et
2838 2763 3128 2819 universali
3172 2765 3381 2836 synodo

1790 2862 1947 2907 acute
1977 2854 2009 2893 ιι
2030 2854 2316 2923 responde.
2344 2853 2400 2910 Si
2429 2870 2559 2927 ergo
2589 2855 2888 2912 accesseris
2933 2870 3068 2911 sano
3112 2870 3277 2912 sensu
3320 2858 3376 2912 in

1790 2944 1985 3014 quibus
2008 2954 2233 3001 vocatus
2260 2960 2340 3012 cs,
2366 2946 2509 3017 quod
2539 2948 2881 3004 commodum
2917 2955 3002 3003 est
3039 2949 3133 3003 tibi
3171 2948 3296 3019 ipsi,
3324 2956 3383 3005 et

1790 3035 1857 3090 iis
1885 3034 1975 3105 qui
2007 3043 2186 3091 tecum
2240 3046 2391 3103 sunt,
2440 3035 2652 3094 facies:
2688 3032 2736 3094 'si
2779 3054 2911 3094 vero
2965 3039 3019 3095 in
3074 3039 3380 3109 huiusmodi
3449 3024 3471 3041 ’

1788 3125 2087 3194 pertinacia
2114 3134 2169 3181 ct
2206 3128 2548 3182 contumacia
2594 3129 2982 3198 permanseris,
3012 3130 3199 3186 audies
3228 3144 3246 3185 :
3274 3128 3380 3184 De-

1789 3216 2043 3273 cliaantes‘
2073 3228 2247 3273 autem
2276 3219 2333 3273 in
2356 3217 2697 3289 obligatioaes
2723 3220 2948 3275 adducet
2974 3221 3236 3277 Dominus
3254 3236 3373 3276 cum

1790 3309 2126 3378 operantibus
2173 3311 2648 3381 iniquitatem,'ct
2690 3313 2779 3383 ﬁet
2830 3328 2936 3385 pax
2988 3330 3146 3382 super
3207 3312 3380 3368 Israel

1791 3398 1965 3471 (Paul.
1996 3403 2202 3472 cxxlv).
2232 3385 2301 3458 isi
2346 3403 2574 3460 Photius
2616 3405 2752 3461 dixit
2789 3422 2911 3462 cum
2961 3407 3081 3463 aliis
3120 3424 3139 3467 ε
3173 3407 3240 3462 Et
3262 3406 3380 3462 lucc

1789 3493 2066 3549 accusatio
2089 3493 2400 3550 abundavit.
2436 3495 2640 3551 Deinde
2663 3497 3032 3569 interrogatus
3051 3507 3135 3554 est
3156 3498 3380 3554 Photiu's

1788 3602 1818 3639 a
1847 3585 2066 3641 Bahaue
2096 3586 2628 3658 magnificentissimo
2665 3590 2899 3661 patricio
2942 3599 2997 3644 ct
3024 3591 3314 3662 prteposito
3357 3604 3374 3646 :

1786 3675 1966 3731 Habes
1990 3677 2119 3746 quid
2143 3677 2425 3733 dicendum
2457 3678 2525 3732 ad
2563 3677 2712 3735 haec?
2764 3680 2829 3736 Et
2876 3681 3103 3740 Photius
3160 3682 3296 3739 dixit
3351 3680 3373 3740 ἐ

1789 3767 1918 3838 ρυτε
1948 3769 2200 3835 diximus,
2226 3770 2364 3827 bene
2387 3771 2764 3839 transivimus;
2823 3774 3085 3830 addamus
3119 3782 3176 3831 et
3222 3775 3327 3831 alia
3359 3792 3374 3831 :

1788 3859 1842 3915 in
1871 3858 2172 3916 calumnias
2197 3876 2294 3917 nos
2314 3861 2847 3934 circumposuerunt,
2875 3864 2948 3920 nil
2995 3866 3101 3922 tale
3141 3867 3379 3924 sentien-

1788 3956 1888 4005 tes.
1923 3948 1991 4003 Et
2022 3958 2148 4020 post
2180 3949 2284 4005 hoc
2308 3950 2538 4023 ingressi
2562 3960 2687 4008 sunt
2712 3953 2953 4025 episcopi
2994 3955 3191 4029 Photii.
3238 3944 3377 4015 San-

1786 4040 2016 4095 ctissimi
2042 4040 2230 4096 vicarii
2261 4040 2491 4099 senioris
2534 4042 2722 4100 Roma:
2759 4044 3051 4103 dixerunt:
3088 4047 3383 4120 inpraece-

1786 4131 1936 4186 denti
1962 4122 2177 4188 actione
2197 4133 2577 4190 admonuimus
2606 4144 2807 4202 cos,‘ut
2838 4136 3042 4195 faciant
3075 4138 3240 4213 libelli
3284 4130 3377 4211 sa}

1788 4222 2151 4280 tisfactioncm
2173 4266 2188 4290 ,
2220 4233 2275 4281 et
2306 4227 2631 4298 recipiamus
2671 4244 2766 4286 eos
2812 4230 2865 4285 in
2915 4228 3377 4300 communionem,

1786 4327 2042 4387 tanquam
2070 4304 2379 4383 saécularcs,
2407 4326 2462 4372 et
2494 4333 2609 4374 non
2638 4319 2909 4377 declinent
2952 4322 3007 4377 in
3051 4304 3377 4379 contrariam

1787 4408 1953 4473 viam,
1977 4408 2399 4480 sicutmagister
2426 4410 2686 4480 ipsorum.
2709 4410 3046 4484 Interrogate
3080 4428 3211 4484 ergo
3257 4413 3379 4469 illos

1786 4499 2082 4572 sigillatim,
2113 4509 2295 4555 utrum
2326 4500 2493 4557 faciat
2515 4503 2637 4573 quis
2674 4517 2737 4558 ex
2770 4504 2901 4573 ipsis
2925 4504 3161 4561 libellum
3189 4523 3205 4561 :
3231 4502 3379 4560 aliud

120 4597 263 4652 tentia
302 4611 428 4664 sua,
459 4596 604 4653 hanc
651 4611 752 4669 per
791 4593 954 4669 opera
999 4598 1395 4655 demonstrent.
1436 4599 1683 4658 Bahancs
1709 4592 2035 4694 l)nolumus
2088 4594 2155 4648 ab
2219 4593 2350 4664 ipsis
2404 4594 2627 4659 audire;
2688 4595 2890 4648 etenim
2950 4592 3379 4652 et'sanctissimi

122 4687 674 4760 magnificentissimus
719 4688 981 4759 patricius
1024 4689 1159 4744 dixit
1186 4708 1200 4744 :
1225 4690 1438 4758 Quam?
1479 4690 1682 4763 Grego-

123 4776 217 4833 rius
233 4779 365 4836 dixit
397 4799 411 4835 :
444 4779 518 4836 Ut
550 4780 651 4851 ipsi
681 4779 1057 4850 prenitcntiam
1086 4790 1267 4850 agant,
1299 4796 1464 4853 snper
1486 4783 1684 4854 quibus

123 4868 457 4941 deliquerunt.
518 4868 776 4927 Baltan'es
812 4871 1378 4942 magnilicentissimus
1423 4873 1684 4943 patricius

123 4965 166 5031 et
185 4961 493 5032 pra-positus
523 4960 661 5015 dixit
700 4958 772 5014 ad
795 4958 1162 5014 sanctissimos
1191 4958 1426 5015 vicarios
1453 4961 1685 5019 senioris

124 5046 286 5106 [totum
310 5066 372 5107 ac
396 5050 761 5108 Orientalium
799 5048 1005 5104 sedium
1036 5068 1048 5103 :
1076 5049 1284 5105 Jubctis
1312 5044 1428 5104 fieri
1460 5067 1685 5124 respon-

125 5154 225 5194 sum
247 5144 309 5197 ad
340 5157 642 5198 sermonem
675 5139 822 5208 ejus,
860 5154 929 5193 an
955 5139 1098 5194 non?
1121 5140 1285 5195 etiam
1312 5153 1441 5195 vere
1472 5142 1681 5213 justum

126 5242 268 5290 estut
289 5228 677 5309 respondeatis.
715 5231 1057 5288 Sanctissimi
1082 5232 1269 5289 vicarii
1315 5232 1547 5294 senioris
1576 5240 1685 5296 Ro-

127 5340 215 5397 m:
251 5328 520 5387 dixerunt:
547 5323 880 5399 Quomodo?
927 5322 1164 5381 Bahanes
1206 5322 1687 5393 magnificentissi-

129 5429 232 5473 mus
266 5424 510 5494 patricius
556 5431 616 5478 et
674 5412 1005 5489 praepositus
1053 5415 1220 5471 dixit:
1254 5413 1364 5470 Pro
1419 5432 1487 5474 eo
1536 5422 1685 5497 quod

127 5507 530 5586 dixemnt;Quia
576 5510 688 5584 ipsi
734 5504 917 5575 magis
948 5521 1079 5562 vana
1128 5504 1454 5580 operamini,
1506 5526 1561 5572 et
1609 5513 1681 5571 ad

122 5603 448 5662 “"‘W‘L'm
517 5621 619 5658 vos
692 5601 1000 5644 I‘m'lﬁn'm-
1076 5596 1419 5644 ςειηριςοςιηιί
1489 5606 1678 5652 νεωνη

1791 4684 2026 4741 Orientis
2056 4687 2262 4750 vicarii,
2296 4695 2458 4757 atque
2486 4701 2605 4754 nos,
2629 4685 2817 4742 eadem
2841 4685 3091 4745 dicimus.
3137 4687 3377 4759 Pergens

1789 4777 1973 4846 itaque
1994 4777 2240 4834 Baltancs
2262 4777 2660 4835 famosissimus
2686 4778 2949 4848 patricius
2975 4789 3031 4836 ct
3058 4764 3381 4851 prmpositu‘s

1790 4865 1925 4922 dixit
1949 4865 2014 4919 ad
2039 4874 2248 4937 partem
2276 4866 2452 4924 Photii
2480 4885 2493 4920 :
2517 4867 2672 4925 Facit
2715 4867 2909 4939 aliquis
2948 4877 3191 4925 vestrum
3236 4866 3384 4925 libel-

1790 4956 1936 5013 lutn?
1966 4942 2213 5028 Episcopi
2241 4958 2418 5017 Photii
2443 4959 2701 5017 dixerunt
2727 4977 2743 5015 :
2774 4959 2949 5014 Absit.
2976 4960 3385 5039 Amphilochius

1792 5056 1845 5105 ct
1872 5048 2164 5105 Zacharias
2188 5049 2365 5108 Photii
2396 5051 2636 5124 CpiSCOpi
2660 5051 2911 5105 dixerunt
2940 5068 2955 5102 :
2987 5050 3214 5119 Qualem
3235 5050 3389 5111 libel-

1789 5139 1898 5197 lum
1928 5138 2108 5197 facere
2140 5140 2447 5214 exigimur?
2477 5141 2601 5198 fidei
2628 5138 2863 5195 nostrm?
2903 5137 2973 5193 Et
3014 5155 3246 5212 pergens
3283 5140 3390 5195 Ba-

1791 5233 1963 5288 hancs
2010 5228 2590 5303 magnificentissimus
2635 5229 2898 5302 patricius
2960 5241 3016 5289 et
3068 5234 3396 5307 pra-positus

1791 5323 1927 5379 dixit
1955 5322 2321 5384 sanctissimis
2355 5323 2575 5380 vicariis
2620 5321 2852 5378 senioris
2891 5320 3080 5378 Romm
3131 5340 3149 5380 :
3206 5318 3397 5395 Cujus-

1791 5414 1934 5469 modi
1986 5414 2225 5471 libellum
2270 5413 2527 5488 expetitis
2556 5415 2625 5471 ab
2653 5411 2791 5469 illis?
2821 5412 3165 5470 Sanctissimi
3206 5409 3397 5471 vicarii

1791 5504 2020 5561 senioris
2053 5504 2243 5560 Romae
2269 5492 2561 5563 dixerunt:
2611 5503 2780 5572 Quem
2830 5518 2860 5557 a
2910 5515 3096 5561 saneta
3149 5505 3397 5561 Romana

1795 5594 2027 5640 RN'IPeiu
2062 5591 2357 5638 dnlnlimnc
2403 5600 2457 5632 ul
2486 5596 2779 5638 mnu-nium:
2808 5594 3061 5636 Dhnlinm
3118 5603 3172 5634 nl
3205 5588 3389 5636 nmniﬂ
