3960 5492
571 402 683 460 103

1750 405 2109 464 ANASTASII
2147 404 2695 463 BIBLIOTHECARII
3713 406 3798 463 ιω

569 520 750 585 cham,
771 527 828 575 et
852 519 1209 591 subjiciantur
1235 519 1336 574 sub
1354 517 1579 590 pedibus
1602 517 1742 587 ejus,
1775 527 1831 572 et
1854 518 1998 589 quod
2023 533 2151 572 san-
2178 524 2226 580 Α
2254 518 2471 586 quando
2494 517 2618 586 quis
2655 533 2686 571 a
2715 529 2802 572 me
2829 517 3074 572 tristatus
3097 515 3178 570 vel
3209 515 3366 572 laesus
3407 514 3588 580 fuerit,
3617 514 3728 572 volo
3751 526 3801 584 ut

569 619 656 664 cta
691 609 929 664 Romana
978 610 1216 666 Ecclesia
1263 609 1511 680 exposuit
1543 625 1642 680 per
1695 611 1877 665 omnia
1927 608 2149 664 faciant.

570 700 910 758 Sanctissimi
945 702 1135 758 vicarii
1164 701 1518 758 Orientalium
1570 701 1778 768 sodium
1825 701 2080 766 dixerunt
2134 714 2149 753 :

569 795 639 850 Et
662 812 761 852 nos
789 796 860 850 ita
892 797 1130 868 sapimus
1151 805 1207 850 et
1233 796 1306 850 ita
1330 795 1595 850 volumus.
1621 795 1686 849 Et
1703 810 1933 864 pergens
1957 794 2152 849 iterum

571 885 821 942 Bahanes
850 887 1416 957 magniﬁcentissimus
1449 887 1713 956 patricius
1746 894 1802 941 et
1831 886 2152 956 praepositus

571 981 638 1034 ad
663 981 941 1051 episcenos
969 981 1321 1047 Photii,dixit
1351 981 1449 1044 eis,
1477 996 1572 1036 ore
1602 981 1839 1058 proprio,
1872 980 2152 1035 sanctissi-

573 1087 785 1126 morum
845 1071 1168 1135 vicariorum
1221 1085 1431 1126 vocem.
1480 1071 1548 1124 Et
1594 1071 1871 1140 respondit
1917 1068 2152 1125 Joannes

572 1163 840 1231 quondam
889 1163 1170 1232 episcopus
1215 1161 1478 1217 Heraclia:
1525 1180 1538 1216 :
1590 1160 1689 1229 Qui
1732 1162 2154 1216 anathematizat

575 1268 844 1308 summum
877 1253 1216 1310 sacerdotem
1244 1253 1424 1313 istum,
1470 1251 1542 1306 sit
1588 1252 1914 1307 anathema!
1951 1251 2155 1306 Zacha-

571 1347 702 1410 rias,
733 1344 823 1415 qui
858 1343 960 1398 fuit
1005 1361 1034 1398 a
1087 1345 1305 1400 Photio
1335 1344 1790 1408 Chalcedonensis
1843 1344 2151 1415 episcopus,

571 1434 749 1490 dixit:
784 1433 890 1489 Nos
917 1434 982 1489 iis
1006 1449 1127 1503 qua:
1155 1443 1341 1488 contra
1373 1433 1686 1507 [al.,extra]
1720 1435 1980 1490 rationem
2009 1434 2154 1490 facta

571 1525 657 1580 vel
689 1533 807 1581 acta
843 1534 936 1578 aut
963 1525 1166 1595 agenda
1188 1535 1334 1591 sunt,
1356 1541 1547 1596 parcre
1569 1541 1744 1596 neque
1770 1526 2151 1597 disposuimus,

574 1629 751 1684 neque
775 1613 1059 1686 volumus:
1089 1622 1142 1680 et
1168 1628 1333 1684 super
1371 1615 1566 1685 quibus
1615 1631 1712 1672 nos
1749 1617 1994 1686 exigitis,
2017 1632 2125 1686 quo

574 1708 719 1763 niam
751 1707 995 1762 novimus
1019 1722 1082 1761 ea
1117 1721 1236 1776 quae
1262 1705 1400 1762 facta
1430 1717 1578 1773 sunt,
1630 1708 1923 1764 secundum
1955 1709 2157 1763 nullum

577 1795 1176 1863 modum~suscipimus.
1209 1794 1543 1861 Euschcmo,
1565 1797 1655 1866 qui
1695 1796 1796 1851 fuit
1833 1796 1973 1866 apud
2013 1795 2156 1851 Pho-

2253 605 2467 661 dicatis.
2493 606 2700 660 Idcirco
2740 615 2869 660 sunt
2893 605 2981 660 hic
3011 604 3337 660 sanctissimi
3363 603 3550 659 vicarii
3578 604 3793 660 omnium

2253 696 2484 761 sedium,
2513 705 2574 751 ut
2610 695 2869 766 quidquid
2909 695 3115 752 habetis
3157 695 3211 750 in
3253 695 3681 766 justiticationem
3719 709 3800 752 ve-

2251 795 2419 840 stram
2443 785 2759 858 loquamini.
2789 786 2964 840 Photii
3009 785 3244 857 episcOpi
3289 785 3580 840 dixerunt:
3609 784 3800 841 Scimus

2258 875 2544 946 imperium
2599 877 2994 932 sanctissimum
3051 875 3189 946 ejus,
3228 875 3354 946 quia
3405 867 3670 931 neminem
3705 877 3802 930 vult

2254 969 2597 1034 contristari;
2651 968 2778 1038 quid
2807 968 3053 1022 volumus
3079 968 3292 1023 dicere?
3336 966 3380 1021 si
3425 965 3713 1020 dixerimus
3732 967 3807 1034 ju-

2254 1057 2432 1112 stitias
2463 1067 2693 1123 nostras,
2723 1073 2827 1111 non
2876 1059 3024 1111 lient.
3068 1056 3317 1112 Bahanes
3365 1055 3808 1126 magniﬁcentissi—

2255 1161 2376 1200 mus
2399 1146 2661 1216 patricius
2689 1155 2742 1202 et
2773 1147 3090 1216 praepositus
3111 1145 3248 1200 dixit
3279 1164 3292 1199 :
3323 1145 3549 1214 Propter
3595 1143 3806 1214 impera-

2257 1243 2428 1290 torem
2459 1244 2705 1290 nostrum
2744 1244 3008 1298 sanctum,
3062 1233 3196 1289 nihil
3240 1222 3635 1304 prohibemini;
3679 1232 3809 1302 jubet

2256 1325 2399 1382 enim
2424 1334 2478 1380 et
2498 1325 2627 1392 vult,
2650 1333 2704 1378 et
2733 1325 3024 1395 acquiescit
3054 1333 3114 1380 ut
3136 1317 3460 1394 loquamini;
3482 1322 3578 1378 sed
3595 1321 3811 1378 videntes

2251 1415 2464 1487 judices
2497 1418 2738 1473 convicia
2769 1426 2967 1482 vestra,
2987 1431 3087 1472 nec
3107 1415 3296 1470 audire
3319 1430 3414 1470 vos
3432 1413 3638 1468 volunt.
3654 1402 3810 1466 Photii

2257 1509 2492 1579 episcopi
2516 1508 2794 1564 dixerunt:
2820 1507 2886 1564 Et
2910 1507 3229 1578 nosjudices
3249 1521 3343 1561 eos
3363 1520 3467 1560 non
3489 1503 3809 1583 suscipimus.

2258 1600 2506 1656 Bahanes
2531 1599 2922 1655 famosissimas
2950 1597 3210 1669 patricius
3235 1606 3288 1653 et
3313 1594 3635 1667 praepositus
3660 1589 3811 1650 dixit:

2257 1692 2327 1747 Et
2357 1691 2529 1760 rejicit
2554 1690 2735 1764 regula
2755 1691 3100 1762 patriarchia,
3124 1698 3179 1745 et
3223 1685 3668 1743 irrationabiliter
3692 1684 3814 1754 judi-

2260 1781 2428 1836 cant?
2455 1780 2858 1852 Amphilochius
2886 1796 2916 1834 a
2943 1779 3133 1835 Photio
3149 1776 3329 1849 Cyzici
3357 1776 3644 1847 episcopus
3663 1773 3812 1830 dixit:

575 1886 710 1941 tium
742 1884 999 1940 Caesarea:
1029 1884 1380 1956 Cappadociae
1406 1865 1708 1957 ερῙεοοίρυε,
1739 1865 1879 1942 dixit
1907 1905 1920 1942 ε
1952 1887 2063 1957 Ego
2089 1887 2155 1943 iis
2183 1886 2229 1946 Β
2256 1872 2798 1928 irrationabilissime.
2843 1870 3091 1927 Bahanes
3137 1867 3530 1925 famosissimus
3572 1865 3816 1939 patricius

575 1989 698 2044 quae
729 1989 826 2045 per
845 1975 1107 2029 rationem
1129 1989 1234 2030 non
1263 1984 1388 2030 sunt
1410 1983 1550 2040 acta,
1581 1983 1636 2031 et
1662 1976 1752 2052 qui
1792 1991 1899 2032 non
1937 1985 2157 2033 sectan-

575 2074 668 2122 tur
695 2053 929 2121 canones
973 2074 1283 2120 sanctorum
1325 2065 1712 2136 apostolorum,
1744 2075 1800 2122 et
1843 2075 2155 2122 sanctarum

576 2171 645 2213 ac
667 2156 1050 2213 universalium
1082 2159 1433 2230 synodorum,
1465 2174 1570 2214 non
1617 2167 1826 2214 tantum
1866 2160 1911 2214 si
1959 2159 2158 2216 Roma-

583 2265 689 2306 nus
713 2250 794 2306 vel
825 2251 1346 2323 Hierosolymitanus
1389 2252 1480 2320 sit,
1517 2252 1611 2310 sed
1645 2261 1702 2309 ct
1745 2253 1790 2310 si
1830 2254 2053 2327 angelus
2091 2256 2159 2312 de

576 2343 718 2400 coelo
756 2344 956 2411 veniat,
987 2354 1043 2402 et
1088 2361 1194 2402 non
1244 2346 1530 2403 conveniat
1572 2363 1706 2404 sano
1757 2351 1945 2416 verbo,
1985 2364 2160 2422 neque

577 2451 763 2507 pareo,
781 2453 954 2509 neque
979 2455 1192 2510 sequor.
1219 2440 1556 2497 Sanctissimi
1587 2443 1772 2498 vicarii
1805 2442 2158 2498 Orientalium

577 2527 785 2582 sedium
816 2528 1108 2584 dixerunt:
1136 2528 1404 2597 Quoniam
1441 2531 1769 2598 nescierunt,
1795 2547 1968 2602 neque
1997 2533 2159 2588 intel-

579 2618 848 2686 lexerunt,
885 2621 937 2678 in
973 2622 1212 2678 tenebris
1250 2621 1528 2677 ambulant
1555 2621 1729 2695 (Psal.
1752 2624 1958 2695 Lxxxt).
1986 2623 2165 2680 Baha-

578 2726 678 2767 nes
707 2711 1277 2783 magniﬁcentissimis
1300 2713 1559 2783 patricius
1584 2729 1647 2769 ac
1669 2714 1987 2786 praipositus
2027 2714 2162 2770 dixit

579 2802 648 2856 ad
673 2802 1049 2858 sanctissimos
1088 2803 1320 2858 vicarius
1362 2803 1592 2863 senioris
1631 2803 1816 2858 Romae
1860 2817 1878 2858 :
1930 2801 2163 2859 Sanctus

583 2889 879 2961 imperator
905 2898 1090 2947 noster
1125 2891 1238 2945 vult
1281 2889 1461 2947 facere
1508 2891 1886 2947 allocutionem
1931 2891 2001 2947 ad
2045 2891 2164 2948 illos

476 2997 496 3012 ο
578 2995 678 3052 per
699 2996 785 3036 me
814 2981 1093 3049 indignum
1123 2997 1338 3037 servum
1363 2997 1541 3038 suum.
1582 2981 1924 3038 Sanetissimi
1973 2981 2162 3040 vicarii

580 3071 814 3128 senioris
870 3072 1056 3128 Romae
1103 3073 1356 3130 dixerunt
1408 3093 1422 3129 :
1475 3073 1631 3129 Sicut
1675 3073 1828 3143 jubet
1881 3075 2162 3146 imperium

581 3163 770 3234 ipsius.
805 3163 1051 3220 Bahanes
1072 3163 1636 3236 magniﬁcentissimus
1660 3164 1918 3234 patricius
1945 3173 2001 3219 et
2027 3178 2167 3234 prte-

2255 1973 2309 2020 et
2335 1964 2655 2034 praepositus
2677 1961 2812 2018 dixit
2839 1981 2852 2017 :
2880 1962 2948 2036 Et
2987 1971 3142 2016 extra
3171 1974 3388 2022 sensum
3427 1958 3628 2030 regula:
3652 1971 3714 2014 ac
3736 1971 3818 2028 pa-

2256 2054 2618 2110 triarcharum
2651 2069 2871 2110 suorum
2902 2051 3182 2124 judicant?
3211 2050 3390 2107 Photii
3419 2050 3660 2121 episcopi
3685 2049 3818 2104 dixe—

2257 2156 2421 2202 runt:
2459 2146 2648 2200 Extra.
2699 2143 2946 2202 Bahanes
2973 2141 3536 2216 magniﬁcentissimus
3579 2139 3818 2212 patricius

2225 2291 2234 2294 _
2257 2248 2313 2293 et
2333 2237 2648 2307 praepositus
2674 2234 2810 2290 dixit
2835 2251 2848 2289 :
2878 2232 2942 2289 Et
2971 2234 3045 2290 ite
3069 2231 3135 2288 ad
3167 2230 3519 2300 patriarchia,
3553 2237 3614 2286 et
3635 2227 3822 2285 certin-

2261 2327 2478 2384 camini.
2507 2325 2738 2382 Basilius
2769 2323 3044 2396 piissimus
3081 2332 3138 2380 et
3181 2323 3388 2378 amicus
3421 2319 3632 2376 Christi
3665 2317 3820 2374 dixit:

2261 2420 2539 2492 Quotquot
2564 2419 2742 2476 dicitis
2767 2434 2864 2490 per
2903 2405 3106 2484 omnia,
3137 2416 3279 2488 quod
3308 2429 3339 2470 a
3364 2414 3716 2487 patriarcbiis
3737 2427 3820 2467 ve-

2259 2509 2440 2566 nerint
2483 2508 2730 2564 homines
2776 2507 2869 2563 isti
2897 2522 3019 2562 cum
3046 2505 3500 2560 commendatitiis
3545 2503 3758 2568 litteris,
3779 2508 3826 2558 et

2260 2616 2367 2656 non
2387 2600 2595 2656 habetis
2622 2599 2858 2670 aliquam
2880 2582 3315 2666 ambiguitatem;
3343 2593 3604 2664 suscipite
3628 2591 3760 2656 illos,
3778 2599 3827 2646 et

2260 2707 2381 2763 qum
2403 2690 2717 2761 judicantnr
2746 2689 2816 2745 ab
2856 2687 2988 2760 ipsis
3021 2705 3035 2743 :
3068 2695 3332 2759 quotquot
3355 2695 3534 2743 autem
3579 2684 3825 2742 dubitatis

2261 2781 2480 2847 adhoc,
2511 2789 2564 2837 et
2589 2779 2936 2852 nonjhabetis
2967 2793 3062 2835 eos
3091 2777 3289 2849 justas,
3337 2791 3514 2849 neque
3543 2774 3826 2852 secundum

2262 2873 2485 2928 verbum
2516 2849 2946 2943 patriarcharum
2984 2847 3204 2924 suorum
3236 2847 3492 2938 agentes;
3524 2865 3604 2921 ite
3626 2847 3827 2928 ad'eos,

2265 2971 2320 3019 et
2357 2963 2552 3019 discite
2598 2961 2823 3027 abillis,
2866 2969 2922 3015 et
2949 2958 3198 3016 adducite
3234 2957 3396 3013 etiam
3441 2955 3509 3012 ad
3556 2971 3662 3012 nos
3688 2973 3705 3012 :
3732 2955 3830 3010 imo

2262 3071 2414 3122 vero,
2450 3070 2557 3126 quo
2598 3053 2719 3125 plus
2759 3061 2966 3110 certum
2996 3051 3217 3117 existat,
3249 3058 3307 3107 et
3352 3047 3703 3120 disponemus
3746 3048 3829 3103 ita.

2264 3145 2440 3201 Photii
2483 3143 2723 3216 episcopi
2767 3143 3057 3204 dixerunt:
3092 3140 3201 3198 Nos
3237 3139 3501 3212 judicium
3550 3153 3664 3196 non
3698 3137 3832 3192 vide-

582 3227 792 3326 positus
839 3255 975 3310 dixit
1013 3256 1080 3310 ad
1115 3227 1483 3336 Photiumhet
1528 3256 1594 3311 ad
1650 3227 1931 3327 episcOpos
1974 3227 2094 3325 ejus
2145 3269 2162 3310 :

2266 3253 2410 3303 mus,
2458 3250 2635 3307 neque
2672 3233 2874 3291 factum
2915 3232 3217 3292 audivimus
3243 3248 3260 3286 :
3285 3238 3342 3286 et
3359 3229 3634 3300 quomodo
3675 3227 3831 3336 habe-

584 3345 892 3402 llortatorie
936 3361 1034 3402 vos
1073 3345 1364 3417 alloquitur
1407 3347 1702 3418 imperator
1735 3367 1748 3401 :
1780 3347 2054 3410 Homines,
2087 3345 2168 3402 di-

583 3436 713 3502 cite,
737 3437 878 3492 unde
904 3435 1070 3491 estis?
1099 3435 1167 3491 de
1203 3435 1343 3492 coelo
1365 3435 1535 3491 estis?
1577 3436 1644 3492 de
1693 3437 1889 3507 abysso
1917 3435 2070 3501 estis,
2097 3450 2167 3491 an

591 3526 658 3584 de
682 3536 846 3591 terra,
875 3526 928 3582 in
952 3541 1056 3597 qua
1089 3542 1188 3582 nos
1215 3527 1494 3598 degimns?
1528 3536 1584 3584 et
1604 3527 1870 3584 ostendite
1891 3528 1993 3584 hac
2011 3527 2167 3594 hora,

577 3609 712 3689 quia
757 3619 872 3675 sive
911 3618 1134 3676 hmresis
1181 3627 1324 3674 mota
1372 3627 1478 3685 est,
1519 3619 1635 3675 sive
1669 3617 1906 3695 schisma
1949 3617 2171 3673 emersit

586 3709 644 3764 in
689 3707 928 3778 qualibet
964 3719 1137 3778 parte,
1182 3716 1240 3764 et
1283 3709 1454 3764 sensit
1500 3709 1695 3781 aliquis
1739 3718 1893 3764 extra
1939 3716 2172 3780 quatuor

586 3799 940 3870 patriarchia,
970 3807 1025 3853 et
1076 3799 1316 3855 salvatus
1354 3799 1473 3854 est?
1525 3809 1582 3853 et
1637 3799 1796 3856 audio
1844 3816 1960 3856 vos.
2003 3797 2172 3855 Hodie

589 3897 821 3956 quatuor
843 3881 1194 3957 patriarchia,
1229 3887 1339 3943 imo
1385 3901 1515 3943 vero
1561 3889 1818 3958 quinque,
1853 3888 2174 3944 condemna-

590 3979 740 4050 tione
767 3979 1132 4034 condemnant
1156 3965 1280 4045 vos:
1325 3979 1454 4050 quid
1481 3979 1633 4036 vobis
1663 3981 1876 4036 videtur
1916 3980 1982 4034 ad
2023 3980 2175 4035 hzec?

569 4052 678 4124 est
702 4068 794 4139 qui
841 4067 1060 4138 adjuvet
1103 4069 1234 4124 vos?
1278 4069 1460 4128 dicite.
1517 4068 1761 4140 Episcopi
1809 4067 1983 4125 Photii
2027 4067 2176 4124 dixe-

578 4145 724 4213 ~mut
747 4172 764 4212 :
791 4158 1037 4214 Canones
1064 4168 1372 4223 sanctorum
1398 4160 1761 4231 apostolorum
1786 4168 1841 4215 et
1865 4169 2172 4217 sanctorum

593 4249 968 4305 conciliorum.
1017 4245 1269 4307 Bahanes
1310 4251 1875 4321 magniﬁcentissimus
1916 4249 2176 4320 patricius

593 4350 649 4397 et
675 4341 992 4412 prmpositus
1014 4342 1168 4408 dixit,
1188 4343 1372 4414 jussus
1401 4359 1431 4398 a
1460 4343 1658 4399 Basilio
1685 4343 1859 4398 amico
1884 4341 2086 4398 Christi
2117 4350 2173 4396 et

597 4447 798 4502 magno
826 4433 1170 4505 imperatore,
1200 4435 1268 4488 ad
1298 4425 1578 4505 epiScopos
1610 4433 1786 4489 Photii
1823 4451 1835 4486 :
1870 4432 2041 4488 Dicite
2078 4433 2170 4502 qui

593 4539 767 4580 canon
795 4538 892 4580 vos
913 4524 1154 4596 adjuvet,
1167 4533 1222 4581 et
1245 4525 1333 4580 ubi
1363 4524 1603 4594 posuerit
1625 4510 1882 4579 Dominus
1904 4538 2168 4589 canones;

2266 3341 2388 3388 mus
2417 3327 2570 3399 sequi
2598 3327 2742 3398 quod
2775 3341 2874 3382 nos
2894 3339 3000 3380 non
3028 3321 3294 3379 vidimus?
3318 3320 3570 3377 Bahanes
3595 3316 3833 3391 magniﬁ-

2267 3419 2610 3478 centissimus
2635 3416 2895 3490 patricius
2921 3423 2978 3471 et
3009 3414 3328 3486 praepositus
3359 3412 3546 3483 jussus
3574 3411 3646 3466 ab
3678 3411 3836 3480 impe-

2269 3519 2450 3566 ratore
2490 3507 2670 3563 dixit:
2705 3504 2939 3561 Sanctus
2980 3503 3275 3574 imperator
3310 3509 3496 3556 noster
3540 3499 3679 3556 dicit
3719 3495 3833 3552 :Ne

2269 3600 2485 3666 dicatis,
2534 3598 2752 3663 fratres,
2802 3596 2946 3668 quod
2992 3593 3154 3649 velim
3193 3604 3290 3647 vos
3333 3591 3546 3646 mittere
3596 3588 3745 3654 illuc,
3783 3593 3838 3642 ut

2269 3703 2458 3766 pereat
2481 3692 2604 3764 quis
2634 3699 2872 3746 vestrum
2901 3707 2914 3742 :
2946 3686 3100 3743 testis
3126 3693 3210 3742 est
3235 3684 3376 3741 Deus
3401 3681 3662 3754 quoniam
3688 3695 3836 3752 quem

2270 3788 2471 3843 misero
2518 3785 2631 3851 illo,
2681 3784 2737 3840 in
2781 3789 3072 3852 conspectu
3101 3779 3267 3838 totius
3303 3786 3521 3835 senatus
3546 3785 3608 3832 et
3651 3783 3839 3832 sanctae

2271 3877 2458 3950 synodi
2503 3873 2642 3939 dico,
2677 3875 2872 3930 iterum
2898 3871 3151 3928 reducam
3200 3885 3321 3926 eum
3349 3869 3476 3926 huc.
3517 3867 3702 3924 Photii
3732 3866 3838 3937 epi-

2273 3968 2423 4040 scopi
2464 3967 2717 4023 dixerunt
2748 3983 2761 4019 :
2796 3960 2894 4019 llic
2931 3961 3312 4018 examinentur
3339 3959 3576 4030 negotia.
3610 3958 3841 4014 Donatus

2273 4069 2329 4117 et
2357 4059 2663 4128 Stephanus
2691 4063 2747 4111 et
2787 4050 3027 4109 Marinus
3051 4047 3376 4107 sanctissimi
3402 4047 3592 4105 vicarii
3621 4046 3842 4104 senioris

2274 4151 2458 4208 Roma:
2477 4149 2730 4206 dixerunt
2760 4165 2774 4202 :
2801 4143 2940 4202 Ecce
2964 4142 3168 4200 audivit
3192 4152 3303 4199 tota
3331 4151 3519 4198 sancta
3550 4151 3610 4198 et
3637 4142 3842 4197 univer-

2274 4244 2401 4301 salis
2426 4242 2662 4315 synodus
2694 4255 2815 4312 qua:
2839 4239 2908 4296 ab
2949 4237 3233 4294 undecima
3263 4231 3556 4293 indictione
3595 4231 3842 4291 beatissie

2274 4352 2394 4394 mus
2421 4350 2557 4406 papa
2583 4332 2835 4388 Nicolaus
2861 4326 3124 4398 judicavit
3151 4342 3273 4384 cum
3303 4326 3553 4382 omnibus
3581 4323 3842 4381 Occiden-

2275 4427 2474 4485 talibus
2494 4421 2810 4497 praesulibus
2832 4420 2898 4476 de
2924 4415 3118 4475 Photio
3146 4427 3396 4489 tyranno,
3428 4425 3482 4472 et
3519 4415 3762 4477 moecho,
3787 4425 3844 4466 ac

2277 4524 2528 4578 invasere
2572 4511 3181 4583 Constantinopolitante
3209 4509 3483 4574 Ecclesia,
3509 4515 3563 4563 et
3589 4506 3658 4561 de
3682 4503 3846 4560 omni-

595 4617 652 4674 in
683 4613 939 4672 Ecclesiis
966 4592 1100 4683 suis,
1125 4632 1193 4672 an
1220 4617 1272 4672 in
1300 4592 1480 4687 aliquo
1507 4615 1612 4671 alio
1641 4616 1786 4680 loco;
1835 4622 1892 4670 et
1934 4613 2025 4670 ubi
2071 4613 2174 4668 Ec-
2202 4592 2248 4650 Ῐ)
2277 4614 2375 4668 bus
2397 4607 2717 4681 sequacibus
2739 4604 2879 4675 ejus,
2903 4602 3200 4660 secundum
3227 4599 3574 4671 apostolicam
3602 4606 3662 4653 et
3689 4610 3846 4672 eanec

593 4705 772 4764 desire
800 4707 910 4763 sint
945 4707 1124 4774 hodie,
1151 4716 1206 4762 et
1253 4708 1342 4763 ubi
1384 4707 1702 4778 praedicetur
1757 4702 2103 4776 Evangelium
2154 4719 2168 4757 :

596 4811 681 4857 est
705 4801 845 4857 alius
868 4799 1018 4856 locus
1046 4810 1242 4870 praeter
1267 4815 1426 4869 quem
1480 4806 1664 4854 tenent
1706 4795 2030 4853 sanctissimi
2085 4795 2172 4850 isti

597 4892 824 4948 vicarii?
848 4891 1034 4947 dicite.
1081 4889 1255 4945 Photii
1290 4889 1526 4960 episcopi
1565 4875 1860 4944 dixerunt:
1889 4887 2032 4942 Deus
2081 4901 2176 4940 cu-

601 4983 802 5041 stodiat
853 4980 1248 5038 sanctissimum
1297 4980 1580 5048 imperium
1629 4987 1914 5044 vestrum;
1951 4976 2173 5032 verbum

601 5074 894 5149 petivimus
928 5073 1284 5144 impunitatis,
1315 5081 1374 5126 ut
1398 5072 1702 5126 diceremus
1728 5069 1938 5141 negetia
1988 5077 2172 5122 nostra

604 5178 728 5220 cum
755 5162 967 5229 ﬁducia,
996 5172 1050 5217 et
1077 5177 1182 5217 non
1214 5161 1536 5230 accepimus.
1581 5158 1824 5227 Qualiter
1851 5172 1981 5230 ergo
2012 5157 2177 5213 habe-

604 5268 728 5313 mus
764 5252 946 5323 loqui?
985 5253 1232 5307 Bahanes
1253 5249 1818 5322 magnificentissimos
1844 5247 2103 5320 patricius
2125 5257 2180 5303 ct

603 5348 924 5422 praepositus
951 5347 1083 5401 dixit
1119 5363 1133 5400 :
1173 5345 1405 5402 Sanctus
1428 5345 1720 5415 imperator
1761 5351 1947 5398 noster
1989 5339 2177 5396 admo-

607 5436 787 5484 ηρηίῖε
825 5434 1018 5492 θσραω
1060 5434 1127 5486 ad
1157 5428 1253 5484 VOS
1283 5432 1412 5482 tiil‘il
1449 5452 1462 5478 ε
1497 5429 1692 5486 lilinuc
1718 5431 1859 5484 Deus
1889 5431 2006 5480 ideo
2035 5429 2183 5476 andi-

2275 4701 2453 4761 nieam
2503 4699 2881 4758 auctoritatem
2927 4705 2985 4752 et
3029 4695 3374 4759 sententiam,
3428 4705 3590 4763 quam
3629 4687 3847 4761 protulit

2276 4807 2382 4852 tam
2438 4801 2626 4851 contra
2674 4789 2922 4846 eumdem
2967 4785 3244 4850 Photium,
3291 4798 3454 4855 quam
3501 4795 3596 4837 eos
3643 4779 3738 4850 qui
3786 4790 3846 4830 ex

2275 4895 2428 4956 parte
2460 4882 2628 4953 ipsius
2657 4888 2830 4940 erant,
2858 4877 3001 4932 hunc
3026 4873 3274 4930 videlicet
3300 4872 3586 4936 damnans,
3618 4883 3688 4925 eo
3712 4867 3849 4940 quod

2278 4974 2535 5032 invaserit
2573 4967 3217 5038 Constantinopolitanam
3247 4962 3565 5025 Ecclesiam,
3611 4968 3670 5015 et
3713 4956 3850 5026 reje:

2276 5066 2414 5122 ccrit
2442 5079 2506 5120 ac
2533 5065 2802 5133 deponere
2841 5073 3006 5115 ausus
3043 5055 3208 5112 fuerit
3236 5062 3395 5125 atque
3424 5050 3851 5107 anathematiza~

2275 5155 2415 5210 verit
2439 5153 2703 5225 lgnatium
2745 5146 3141 5206 sanctissimum
3171 5141 3553 5215 patriarcham.
3592 5140 3852 5196 Volumus

2276 5260 2407 5317 ergo
2445 5245 2781 5313 interrogare
2824 5246 2878 5294 et
2925 5240 2991 5293 de
3020 5236 3143 5301 hoc,
3177 5231 3368 5304 utquid
3409 5228 3523 5301 ipse
3577 5229 3849 5300 repulsus,

2278 5345 2335 5391 et
2362 5331 2592 5395 vinctus,
2615 5349 2680 5388 ac
2708 5327 3214 5391 anathematizatus,
3245 5333 3405 5396 atque
3433 5321 3712 5378 smeularis
3741 5323 3852 5376 exi-

2280 5437 2446 5480 stens.
2472 5423 2873 5480 nrmsumnserit
2905 5419 3066 5472 etiam
3095 5427 3284 5472 contra
3317 5427 3522 5476 magnae
3556 5427 3622 5467 ae
3664 5414 3850 5467 primm
