4032 6286
150 492 243 548 105

811 483 1366 544 INTERPRETATIO
1403 481 1658 545 SYNODI
1693 483 1805 543 VIII
1839 479 2246 568 CENERALIS.
2288 515 2354 526 —-
2389 473 2594 544 ACTIO
2637 483 2747 543 VII.

3302 479 3407 548 106

148 605 546 674 imperatorem,
583 615 747 672 quam
792 599 858 655 ad
912 599 1312 656 sanctissimum
1356 597 1727 670 patriarcharn
1755 603 1800 664 Α
1830 601 2012 657 minici
2044 602 2156 673 agri
2189 603 2395 659 strenui
2426 611 2482 660 et
2511 603 2739 660 solertes
2768 619 2890 661 esse
2919 603 3187 672 cultores,
3219 614 3276 662 et
3296 607 3408 678 spi-

149 693 430 764 lgnatiam.
468 690 823 760 Imploramus
866 698 926 745 ut
969 689 1222 760 legantur
1249 689 1482 759 primum
1511 688 1727 758 quidem

149 783 442 840 beatissimi
489 799 644 855 papae
689 782 892 838 Nicolai
925 789 1077 854 gesta
1127 789 1184 837 et
1225 788 1369 847 acta,
1413 780 1602 851 sicque
1645 781 1734 836 de-

149 896 315 947 mum,
368 896 491 952 quae
528 896 560 937 a
609 879 952 937 sanctissimo
1005 894 1144 950 papa
1189 879 1431 935 Adriano
1473 879 1731 951 synodice

149 968 417 1026 celebrata
444 979 570 1026 sont
594 979 703 1026 tam
731 971 796 1027 de
820 967 1194 1039 hujuscemodi
1229 969 1453 1025 infando
1475 970 1730 1026 concilia-

151 1057 296 1124 bulo,
323 1060 468 1130 quod
513 1061 582 1116 ab
607 1075 674 1117 eo
704 1061 905 1117 factum
942 1067 1050 1128 est,
1081 1075 1242 1132 quam
1267 1060 1334 1118 de
1377 1061 1567 1116 iterata
1605 1076 1731 1117 sen-

91 1213 96 1218 ,
151 1151 333 1216 tentia,
363 1166 483 1220 quas
509 1150 635 1206 data
663 1160 748 1208 est
775 1159 965 1208 contra
999 1166 1122 1207 eum
1156 1166 1186 1206 a
1221 1151 1566 1207 sanctissimo
1593 1166 1732 1222 papa

147 1242 388 1298 Adriano
431 1253 488 1298 et
535 1251 722 1299 saneta
770 1243 976 1316 synodo
998 1258 1118 1314 quae
1163 1242 1232 1298 ab
1263 1242 1380 1312 ipso
1409 1250 1493 1298 est
1535 1257 1734 1298 convo-

148 1342 288 1388 cata.
317 1333 386 1389 Et
414 1343 536 1404 post
563 1336 666 1390 hoc
687 1334 872 1406 jussus
910 1343 994 1391 est
1025 1331 1336 1405 Stephanus
1361 1333 1472 1388 Deo
1520 1333 1734 1390 amicis-

148 1426 317 1482 simus
341 1427 604 1483 diaconus
637 1436 692 1483 et
720 1427 996 1492 notarius;
1027 1435 1084 1482 et
1127 1425 1428 1482 ascendens
1459 1425 1588 1496 legit
1615 1425 1732 1497 epi-

150 1519 339 1574 stolam
370 1534 530 1589 quam
583 1518 728 1574 misit
771 1518 1149 1574 sanctissimus
1195 1533 1330 1590 papa
1361 1503 1617 1573 Nicolaus
1664 1517 1734 1573 ad

147 1609 348 1666 clerum
373 1607 1049 1680 Constantinopolitanum.

153 1761 171 1796 ι
195 1741 458 1799 Nicotaus
484 1744 779 1814 episcopus,
812 1760 990 1798 servus
1027 1760 1290 1799 servorum
1335 1743 1454 1809 Dei,
1495 1761 1734 1800 reveren-

215 1815 450 1870 dissimis
475 1815 732 1886 fratribus
760 1816 952 1869 nostris
977 1815 1405 1886 archiepiscopis,
1432 1816 1736 1886 metrOpoli-

213 1887 306 1950 εἰς,
339 1895 388 1940 et
413 1886 667 1956 episcopis
694 1884 1286 1956 Constantinopolitante
1302 1884 1429 1956 sedi
1454 1884 1732 1955 subjacen-

1833 689 2118 747 ritualibus
2145 691 2210 747 ad
2238 692 2612 764 purgationem
2645 692 2813 764 ipsius
2863 693 3160 758 ctelestium
3202 709 3409 764 przece-

1831 792 2069 854 ptorum,
2088 783 2163 838 uti
2187 783 2477 855 ligonibus,
2493 793 2704 856 Oportet
2727 794 2786 839 ut
2809 785 2853 840 si
2877 800 3012 856 quas
3034 785 3086 840 in
3109 800 3174 841 eo
3197 785 3410 856 spinas,

1832 876 2004 947 siqua
2028 877 2338 948 germinare
2359 892 2624 934 venenosa
2654 878 3036 950 conspicimus,
3077 878 3193 950 pari
3227 878 3415 937 laboro

1831 967 2182 1038 unanimique
2203 967 2318 1023 zelo
2340 968 2455 1024 hac
2481 968 2741 1024 radicitus
2769 968 3074 1039 exstirpare
3105 968 3410 1036 studentes,

1832 1060 2156 1131 arripiamus
2181 1061 2448 1117 examinis
2476 1070 2712 1116 rastrum
2733 1102 2748 1128 ,
2775 1069 2830 1117 et
2854 1059 3044 1116 falcem
3068 1059 3257 1130 judicii
3283 1073 3418 1117 con-

1831 1151 1982 1206 cordi
1995 1151 2292 1207 certamine
2315 1150 2777 1222 proferamus,ne,
2802 1166 3007 1222 qua-so,
3023 1151 3076 1205 in
3103 1166 3202 1206 nos
3223 1165 3419 1222 expro-

1832 1244 2044 1299 brantis
2073 1244 2265 1301 all‘ectu
2293 1244 2506 1300 dicatur
2533 1263 2548 1299 :
2592 1243 2779 1300 Messis
2810 1244 3018 1316 quidem
3050 1243 3255 1310 multa;
3291 1259 3417 1315 ope-

1834 1336 1967 1389 rarii
1999 1345 2172 1390 autent
2203 1335 2358 1407 pauci
2393 1337 2411 1406 (
2436 1335 2628 1390 Matth.
2655 1351 2711 1390 ιχ
2732 1335 2774 1408 ).
2800 1335 3174 1391 Consonanter
3209 1342 3412 1402 autem,

1833 1428 2137 1484 charissimi
2158 1470 2172 1495 ,
2208 1429 2515 1486 laboremus
2536 1470 2551 1496 ,
2579 1438 2635 1486 et
2657 1430 2712 1485 in
2743 1445 2871 1502 agro
2903 1429 3179 1485 Dominico
3211 1427 3418 1502 jugiter

1834 1521 2048 1590 quidem
2068 1563 2083 1587 ,
2113 1521 2206 1578 sed
2235 1537 2380 1578 nunc
2401 1521 2740 1594 potissimum
2766 1537 3077 1594 operemus,
3101 1521 3314 1592 quando
3341 1521 3424 1577 vi-

1834 1611 2030 1669 delicet
2053 1613 2106 1668 in
2132 1612 2372 1670 Ecclesia
2395 1655 2409 1681 ,
2438 1630 2558 1685 quae
2583 1615 2920 1685 apertissime
2951 1613 3261 1670 Dominicus
3291 1628 3424 1684 ager

1834 1701 2153 1773 appellatur,
2183 1712 2404 1759 auctore
2427 1702 2622 1760 Photio
2650 1718 2786 1759 nova
2813 1703 3164 1775 praesumptio
3190 1711 3244 1758 et
3267 1703 3422 1760 inau-

1834 1792 1947 1848 dita
1978 1801 2063 1850 est
2090 1802 2209 1849 orta
2249 1795 2546 1850 temeritas.
2579 1793 2856 1865 Siquidem
2887 1795 2977 1850 hic
3006 1793 3263 1859 Photius,
3294 1809 3419 1851 cum

1836 1887 2012 1944 adhuc
2039 1887 2342 1944 mundanus
2369 1889 2620 1944 minister
2643 1897 2820 1955 esset,
2843 1888 3128 1961 genuinam
3159 1887 3424 1958 quodam-

211 1953 579 2049 ξίξξξξεηιξίεζίζῗ
613 1956 860 2049 τέ’ξξπζῗζξῖ
889 1953 1168 2011 “mrum”
1195 1955 1335 2012 είθνο
1360 1953 1736 2013 δοηδιάηίίω-
1766 1982 1812 2042 Β
1846 1977 2005 2033 modo
2033 1991 2248 2048 semper
2277 1977 2536 2034 invidiam
2572 1953 2831 2034 adversus
2844 1953 3086 2032 “fratrem
3133 1953 3190 2033 et
3241 1974 3420 2049 coepi'

209 2025 571 2099 politanorum
608 2025 878 2081 Ecclesite.

219 2159 243 2193 ‹
271 2139 349 2196 Ea
403 2154 524 2210 quae
588 2154 759 2210 nuper
814 2140 957 2212 apud
1013 2138 1532 2212 Constantinopolim
1588 2149 1738 2212 gesta

147 2239 363 2288 suntm.
389 2249 407 2283 ι
440 2229 660 2303 Reliqua
683 2229 796 2285 vide
821 2231 956 2286 inter
987 2231 1234 2302 epistolas
1272 2229 1488 2287 Nicolai
1504 2247 1655 2303 papa:
1680 2230 1734 2298 1,

150 2322 474 2396 Patrologia:
499 2333 637 2379 torno
665 2322 922 2391 CXXVI,
951 2323 1050 2378 col.
1081 2323 1243 2381 l067.
1731 2315 1738 2320 ’

212 2417 288 2475 Et
336 2425 463 2489 post
521 2417 930 2488 completionem
994 2417 1400 2488 pramominataa
1455 2416 1734 2490 epistolae,

149 2508 454 2564 ascendens
484 2506 798 2565 Theodorus
828 2508 1052 2564 devotus
1077 2523 1107 2562 a
1133 2507 1358 2564 secretis
1379 2506 1509 2578 legit
1540 2508 1738 2579 episto-

149 2598 285 2668 lam,
316 2615 439 2672 qua:
466 2600 641 2656 delata
671 2609 756 2657 est
783 2617 882 2673 per
912 2600 1310 2672 Tlieognostum
1339 2601 1734 2659 reverendissi-

151 2706 300 2746 mum
338 2692 637 2748 exarchum
673 2693 740 2747 ad
787 2693 1044 2749 Basilium
1089 2693 1394 2764 piissimum
1443 2693 1737 2765 imperato-

151 2793 269 2840 rem
296 2825 311 2849 ,
348 2800 470 2855 qua:
503 2794 560 2841 et
596 2784 758 2843 missa
796 2785 974 2844 fuerat
1011 2788 1080 2844 ab
1121 2788 1358 2844 Adriano
1397 2788 1737 2846 sanctissimo

148 2891 290 2946 papa
327 2874 597 2934 Romano.

155 3005 174 3040 ι
208 2989 488 3064 Adrianus
517 2991 814 3064 episcopus,
846 3007 1022 3064 servus
1059 3008 1326 3048 servorum
1356 2991 1481 3064 Dei!
1511 2989 1739 3064 dilectis-

215 3061 358 3135 simo
385 3061 497 3130 ﬁlio
525 3060 576 3116 et
614 3060 1064 3118 Christianissimo
1098 3063 1401 3135 imperatori
1435 3061 1639 3118 Basilio
1660 3101 1676 3130 ,
1705 3079 1738 3117 a

217 3131 332 3187 Deo
359 3141 593 3202 protecta
611 3172 627 3199 ,
658 3149 861 3204 semper
885 3135 1142 3205 Augusto.

233 3263 256 3296 ι
290 3243 596 3312 Quoniam,
635 3243 1076 3316 tranquillissime
1123 3245 1509 3317 imperator...
1545 3261 1564 3296 ι
1602 3241 1741 3298 Reli-

1839 2084 2060 2140 scopum
2084 2079 2324 2125 nostrum
2345 2069 2607 2142 lgnatium
2638 2069 3292 2140 Constantinopolitanum
3319 2082 3424 2140 pa-

1837 2158 2129 2236 triarcharp
2169 2160 2221 2215 in
2251 2169 2471 2231 pectore
2497 2168 2752 2232 gestans;
2785 2167 2840 2216 et
2865 2159 2933 2215 ad
2959 2159 3278 2230 praesulatus
3305 2156 3423 2216 cul-

1837 2266 1961 2306 men
2010 2265 2114 2305 non
2163 2250 2458 2322 gradatim,
2510 2249 2594 2304 vel
2644 2249 2844 2306 sensim
2892 2249 3288 2317 conscendere,
3326 2246 3427 2306 sed

1835 2342 2202 2416 pnecipitibus
2219 2358 2285 2400 eo
2301 2343 2592 2412 superstite
2612 2342 2861 2414 passibus
2878 2341 3148 2398 transilire
3161 2340 3422 2414 gestiens.

1837 2439 2182 2510 semetipsum
2211 2439 2280 2495 ab
2307 2439 2546 2510 ejusdem
2577 2438 2872 2495 beatissimi
2901 2437 3150 2508 praesulis
3173 2451 3424 2493 commu-

1837 2531 1998 2587 nione
2024 2529 2156 2587 fecit
2182 2540 2498 2586 extraneum
2525 2549 2537 2586 :
2573 2539 2627 2586 et
2652 2546 2750 2602 per
2775 2531 2879 2587 hoc
2904 2531 2973 2586 ab
2997 2529 3290 2586 universali
3319 2529 3426 2586 Ec-

1836 2623 2156 2694 clesia,quaa
2177 2623 2275 2694 ipsi
2297 2622 2610 2680 beatissimo
2626 2623 2950 2695 patriarcha:
2970 2621 3425 2686 communicabat,

1839 2731 1896 2772 se
1923 2716 2155 2772 reddidit
2184 2731 2408 2786 prorsus
2436 2725 2712 2772 extorrem
2732 2755 2750 2782 ,
2781 2723 2945 2784 atque
2984 2714 3127 2770 inter
3162 2712 3429 2769 schisma-

1840 2808 1976 2864 ticos
2009 2805 2196 2877 procul
2235 2805 2397 2862 dubio
2433 2805 2790 2872 constitutus,
2823 2811 3014 2861 contra
3053 2817 3238 2859 sacros
3295 2817 3428 2874 apo-

1840 2898 2061 2954 stolicos
2090 2911 2327 2953 canones
2365 2895 2713 2952 saecularibus
2747 2908 2878 2952 usus
2913 2894 3273 2966 potestatibus
3294 2933 3311 2960 ,
3334 2905 3430 2972 ec-

1841 2990 2060 3046 clesiam
2098 2987 2750 3061 Constantinopolitanam
2797 2987 3078 3060 tyrannica
3119 2995 3176 3044 et
3216 2982 3428 3042 adulte-

1842 3084 1962 3141 rina
1991 3084 2302 3141 temeritate
2336 3083 2579 3156 pervasit
2616 3083 2866 3147 tandem,
2897 3080 3152 3137 videlicet
3185 3079 3431 3136 indebita

1848 3179 2159 3250 usurpando
2179 3219 2194 3243 ,
2223 3178 2372 3234 foras
2407 3177 2738 3245 ostendens,
2769 3177 2910 3248 quod
2943 3175 3087 3232 intus
3106 3216 3122 3242 ,
3153 3173 3431 3246 prohibita

1842 3269 2272 3341 concupiscendo
2300 3309 2316 3335 ,
2363 3267 2544 3324 cordis
2591 3276 2750 3324 antro
2792 3265 3052 3338 gerebat,
3095 3273 3152 3321 et
3199 3263 3426 3320 simula-

160 3351 258 3404 qua
313 3334 431 3388 ride
484 3335 622 3390 inter
674 3335 920 3407 epistolas
977 3336 1201 3393 Adriani
1252 3336 1316 3392 11
1342 3377 1358 3404 ,
1419 3317 1740 3408 Patrologia:

1844 3317 2267 3341 -v..--,.----._-
2300 3317 2316 3335 ,
2368 3317 2543 3324 ---η
2592 3317 2746 3324 _--__-
2792 3317 3052 3338 unum,
3105 3317 3149 3321 --

1849 3363 2011 3420 tionis
2043 3362 2310 3418 velamine
2345 3360 2696 3433 contegebat,
2727 3358 2803 3415 nil
2841 3355 2960 3415 esse
2997 3355 3241 3429 profecto
3272 3353 3432 3411 intel-

151 3435 286 3481 tsato
324 3424 577 3482 CXXII.

221 3517 436 3573 Deinde
475 3526 599 3590 post
635 3516 778 3575 hanc
810 3518 941 3592 legit
988 3519 1326 3592 Nicephorus
1373 3528 1600 3576 oevotus
1647 3531 1746 3573 no-

154 3609 330 3666 tarius
388 3609 710 3681 epistolam,
765 3607 929 3682 quam
981 3611 1130 3666 misit
1177 3610 1320 3666 idem
1372 3607 1747 3666 sanctissimus

159 3699 436 3756 Adrianus
478 3715 574 3770 per
605 3699 718 3770 jam
772 3702 974 3756 dictum
1026 3700 1538 3757 reverendissimum
1585 3712 1747 3754 exar-

155 3791 320 3848 chum
349 3792 416 3848 ad
445 3792 710 3864 Ignatium
739 3794 1140 3851 sanctissimum
1165 3793 1560 3865 patriarcham.

161 3940 181 3976 ι
215 3925 493 3980 Adrianus
517 3925 816 3996 episcopus,
851 3941 1026 3981 servus
1055 3941 1321 3981 servorum
1352 3924 1484 3992 Dei,
1514 3926 1743 3980 honora-

224 3996 487 4051 bilissimo
515 3996 672 4068 fratri
700 4007 749 4050 et
781 3996 1139 4068 consacerdoti
1166 4007 1347 4052 nostro
1377 3996 1588 4068 Ignatio
1615 4013 1742 4052 san-

225 4067 461 4121 ctissimo
487 4065 804 4138 patriarcha
831 4065 1433 4138 Constantinopolitano.

232 4198 256 4233 ι
289 4179 635 4238 Convenerat
661 4180 1008 4237 sanctitatem
1036 4188 1214 4248 tuam,
1235 4221 1250 4237 .
1270 4220 1286 4237 .
1310 4201 1329 4236 ι
1362 4181 1586 4242 Reliqua
1633 4182 1748 4238 vide

150 4267 244 4325 ubi
271 4287 456 4340 supra.

229 4360 437 4433 Sicque
489 4361 630 4419 lecta
682 4373 766 4420 est
800 4363 1026 4436 epistola
1062 4377 1094 4418 a
1129 4363 1310 4422 Leone
1357 4365 1748 4439 gloriosissimo

153 4456 600 4528 protospathario
628 4465 686 4514 et
712 4473 744 4512 a
772 4458 1001 4516 secretis
1020 4498 1037 4527 ,
1065 4474 1184 4530 qua;
1215 4460 1381 4516 missa
1410 4468 1497 4518 est
1536 4461 1604 4516 ad
1644 4460 1746 4515 Ba-

153 4546 341 4602 siliam
377 4547 687 4618 piissimum
733 4558 790 4606 et
835 4551 1070 4607 amicum
1115 4549 1316 4607 Christi
1365 4552 1746 4623 imperatorem

153 4640 226 4694 ab
265 4639 506 4697 Adriano
543 4656 682 4714 papa
711 4643 954 4699 Romano
980 4658 1079 4714 per
1114 4642 1384 4699 Donatum
1422 4652 1480 4700 et
1515 4643 1745 4714 Stepha-

1847 3455 1939 3527 ligi
1986 3454 2122 3510 dans
2169 3469 2388 3510 causam
2430 3449 2708 3508 scissionis
2747 3464 2777 3504 a
2820 3446 3132 3520 patriarcha
3175 3460 3302 3510 suo,
3342 3442 3432 3499 vel

1848 3546 2078 3603 desertae
2125 3543 2524 3602 communionis
2567 3557 2598 3596 a
2651 3547 2761 3596 tota
2807 3539 3092 3605 Ecclesiae,
3127 3536 3230 3592 nisi
3260 3535 3433 3606 pessi-

1848 3653 1966 3694 mos
1996 3635 2269 3692 anhelitus
2297 3632 2567 3689 ambiendi
2599 3629 2947 3703 pontilicatus
2985 3627 3216 3694 infulas,
3247 3635 3303 3682 et
3337 3641 3434 3682 su-

1847 3726 2114 3783 blimioris
2137 3723 2413 3781 obtinendi
2441 3720 2720 3794 dignitatis
2747 3729 2804 3776 et
2829 3718 3116 3792 potestatis
3141 3717 3424 3784 habenas;

1848 3819 2044 3891 quibus
2085 3817 2344 3875 nimirum
2389 3815 2644 3886 deinceps
2693 3813 2928 3879 abusus,
2971 3819 3028 3868 et
3063 3817 3284 3882 repente
3321 3822 3435 3865 non

1847 3919 2026 3968 mente
2052 3909 2149 3967 sed
2178 3908 2368 3966 habitu
2398 3915 2641 3963 mutatus
2661 3947 2677 3972 ,
2704 3905 2895 3962 exsilia
2924 3912 2980 3959 et
3004 3901 3214 3959 diversa
3241 3899 3436 3957 discri-

1847 4005 1993 4062 mina
2012 4046 2027 4073 ,
2053 4007 2148 4062 sed
2172 4011 2228 4059 et
2252 4010 2457 4059 mortes
2483 4001 2538 4057 in
2563 3998 2763 4056 Christi
2790 3996 3102 4055 sacerdotes
3127 4002 3182 4052 et
3204 4001 3436 4051 cteteros

1850 4097 2065 4164 fideles,
2095 4105 2174 4153 tot
2203 4110 2266 4151 ac
2295 4103 2476 4151 tantas
2500 4092 2714 4160 intulit,
2742 4101 2802 4147 ut
2823 4086 3146 4147 Diocletiani
3169 4087 3432 4145 saevitiam

1847 4187 2051 4244 imitari
2099 4202 2200 4259 per
2247 4185 2432 4242 omnia
2465 4184 2766 4241 videretur.
2802 4181 3034 4253 Propter
3068 4195 3187 4252 quae
3224 4177 3310 4234 vel
3346 4177 3434 4234 his

1848 4279 2046 4337 similia
2095 4286 2300 4334 sanctae
2345 4274 2621 4332 memoria:
2667 4275 2921 4331 decessor
2973 4288 3128 4330 meus
3178 4268 3435 4327 Nicolaus

1849 4371 2010 4442 hujus
2041 4367 2354 4440 apostolica:
2381 4367 2525 4423 sedis
2551 4366 2780 4422 antistes
2797 4407 2812 4433 ,
2842 4365 3079 4420 fraterna
3104 4362 3281 4420 victus
3303 4361 3436 4416 cha-

1848 4464 2041 4527 ritate,
2067 4459 2244 4532 primo
2281 4458 2497 4529 quidem
2527 4473 2635 4513 non
2665 4457 2838 4512 solum
2866 4470 2964 4525 per
2994 4455 3217 4517 missos,
3251 4451 3344 4507 sed
3381 4455 3439 4504 et

1847 4569 1944 4625 per
1971 4553 2180 4608 litteras
2208 4551 2358 4605 illum
2383 4547 2578 4602 merito
2602 4545 3038 4616 reprehendens,
3065 4545 3438 4611 competenter

1849 4643 2161 4708 admonuit,
2197 4648 2252 4696 et
2286 4638 2434 4696 nullo
2471 4652 2532 4694 se
2564 4645 2723 4707 pacto
2760 4635 2815 4689 in
2851 4632 2968 4704 ejus
3011 4647 3170 4703 posse
3217 4641 3437 4702 promo-

153 4743 293 4784 num
327 4741 384 4785 et
418 4729 691 4786 Marinum
730 4731 1236 4788 honorabilissimos
1271 4731 1585 4803 vicarios.‘(
1615 4730 1746 4786 Herc
1777 4741 1824 4801 Ι)
1855 4735 2002 4790 tione
2029 4733 2272 4805 praebere
2297 4744 2654 4795 consensum,
2681 4727 2898 4798 scriptis
2926 4723 3134 4781 idoneis
3157 4719 3433 4805 patefecit.

151 4821 362 4890 scripta
391 4831 470 4876 est
499 4822 556 4876 in
583 4822 754 4892 prima
784 4822 1009 4877 actione.
1041 4820 1062 4894 )
1090 4820 1292 4878 Deinde
1319 4821 1618 4878 ascendens
1643 4820 1746 4875 Da-

150 4910 376 4967 mianus
405 4912 894 4968 reverendissimus
923 4911 1105 4982 regius
1134 4912 1366 4968 clericus
1393 4921 1449 4970 et
1477 4913 1747 4982 interpres

151 4999 294 5074 legit
337 5002 625 5075 epistolam
672 5019 794 5074 quae
831 5003 902 5059 ad
933 5003 1334 5060 sanctissimum
1382 5004 1748 5075 patriarcham

151 5091 430 5165 Ignatium
487 5095 557 5152 ab
591 5094 834 5152 Adriano
871 5095 1216 5152 sanctissimo
1249 5111 1386 5167 papa
1420 5096 1586 5152 missa
1611 5105 1705 5153 aest
1731 5135 1746 5162 ,

151 5200 393 5257 qumque
446 5187 611 5243 allata
662 5196 748 5244 est
782 5203 880 5259 per
910 5188 1022 5260 jam
1061 5188 1234 5246 dictos
1272 5187 1750 5245 reverendissimos

149 5279 420 5338 vicarios.
463 5280 576 5352 (Et
615 5281 727 5337 litec
762 5281 1068 5354 prwscripta
1096 5290 1170 5336 est
1201 5283 1257 5336 in
1292 5281 1449 5336 tertia
1485 5279 1751 5353 actione.)

149 5370 227 5425 Et
257 5381 386 5442 post
424 5371 556 5445 legit
589 5372 828 5428 Thomas
865 5372 1351 5428 reverendissimus
1386 5371 1753 5429 subdiaconus

155 5467 323 5531 gesta
351 5461 544 5532 synodi
577 5476 698 5531 quae
730 5460 875 5519 facta
914 5469 998 5519 est
1034 5459 1104 5518 ab
1132 5461 1373 5519 Adriano
1409 5462 1752 5520 sanctissimo

151 5552 538 5610 Romanorum
567 5569 727 5626 papa.

149 5663 433 5719 Allocutio
471 5666 886 5739 paperdriani
922 5667 992 5721 ad
1031 5667 1310 5723 concilium
1346 5669 1487 5739 quod
1520 5671 1753 5724 convenit

230 5745 427 5789 contra
474 5734 736 5808 ‘Photium
761 5778 776 5804 ,
831 5737 963 5808 lecta
1001 5755 1092 5808 per
1120 5734 1382 5794 Joannem
1419 5741 1754 5796 archidiaco-

229 5821 371 5858 rsum
398 5815 595 5862 sancta:
627 5806 880 5862 Romana:
911 5806 1182 5864 Ecclesia.

227 5915 382 5980 Cum
413 5919 734 5986 debeamus,
759 5936 792 5976 ο
823 5921 1018 5980 fratres
1045 5931 1100 5979 et
1130 5923 1222 5980 ﬁlii
1255 5923 1587 5984 dilectissimi
1606 5964 1622 5992 ,
1652 5925 1758 5987 D0-

103 6037 156 6088 ι,
303 6076 324 6086 ,
615 6013 891 6080 Panos.
938 6015 1226 6094 CXXIX.

1579 6058 1589 6065 ι

1549 6070 1635 6089 -.οὖσι
1689 6081 1698 6086 μ

1855 4827 2056 4883 Deinde
2093 4841 2223 4881 vero
2262 4825 2481 4880 intuens
2519 4820 2654 4877 nihil
2691 4836 2750 4878 se
2787 4818 3084 4890 prolicere,
3125 4796 3243 4873 sed.
3258 4813 3435 4886 magis

1855 4932 1921 4974 ac
1953 4916 2126 4988 magis
2153 4915 2219 4971 ad
2257 4914 2516 4970 ulteriora
2546 4909 2663 4980 ejus
2691 4909 2906 4966 extendi
2938 4906 3272 4980 tyrannidem
3292 4945 3308 4972 ,
3339 4919 3438 4959 au-

1853 5009 2105 5065 ctoritate
2179 5006 2340 5062 simul
2383 5005 2564 5060 divina
2609 5013 2666 5058 et
2707 5001 2999 5082 apostolica
3045 4999 3242 5065 fretus,
3290 4997 3438 5054 sedis

1855 5098 2190 5170 apostolicm,
2215 5097 2302 5152 cui
2328 5097 2680 5167 praesidebat,
2704 5094 3019 5166 pontificum
3048 5108 3250 5149 morem
3274 5105 3434 5148 secu-

1857 5198 1972 5254 tus,
2007 5189 2061 5242 in
2094 5197 2341 5258 promptu
2374 5188 2568 5242 habens
2610 5186 2904 5243 secundum
2938 5185 3287 5256 Apostolum,
3324 5200 3438 5240 ont-

1856 5297 1970 5335 nem
2001 5281 2182 5335 ulcisci
2209 5296 2422 5351 prorsus
2449 5279 2854 5333 inobedicntimn
2886 5277 2983 5350 (11
3007 5278 3130 5333 Cor.
3153 5278 3220 5350 ι)
3246 5292 3262 5343 ;
3291 5277 3438 5333 hunc

1855 5372 1923 5429 ad
1962 5373 2297 5429 erectionem
2329 5373 2397 5428 ab
2434 5375 2510 5427 eo
2537 5371 2826 5436 elisorum,
2868 5381 2925 5428 et
2960 5369 3437 5427 innumerabilium

1855 5465 2197 5538 refrigerium
2244 5462 2599 5529 aﬂlictoru‘m,
2636 5461 2870 5535 regulari
2914 5461 3219 5529 sententia,
3265 5460 3434 5531 quia,

1857 5560 2000 5616 sicut
2035 5559 2134 5630 ipsi
2170 5557 2378 5624 nostis,
2413 5556 2688 5626 corrigere
2722 5571 2827 5611 non
2866 5555 3080 5627 potuit,
3119 5552 3438 5622 deponendo

1857 5652 2180 5723 prostravit,
2213 5659 2267 5708 et
2293 5648 2802 5705 anathematizando
2833 5649 2901 5702 ab
2929 5648 3140 5710 ordine,
3167 5659 3326 5714 quem
3356 5643 3436 5697 la-

1861 5745 2031 5801 tronis
2059 5760 2207 5799 more
2239 5743 2462 5799 sortitus
2493 5742 2700 5807 fuerat,
2740 5739 3114 5810 sequestravit.
3156 5735 3321 5806 Cujus
3357 5735 3436 5792 rei

1861 5837 2032 5909 gratia
2057 5836 2196 5891 idem
2222 5835 2444 5895 Pllotius
2475 5833 2856 5898 inﬂammatus,
2879 5847 2984 5886 non
3015 5831 3185 5887 solum
3215 5846 3321 5885 non
3355 5839 3438 5885 est

1861 5943 2114 5990 reversus
2149 5927 2214 5984 ad
2251 5927 2640 6001 percutientem
2682 5940 2772 5993 se,
2823 5922 3077 5978 nimirum
3122 5921 3212 5993 qui
3251 5920 3438 5980 durior

3005 6012 3043 6082 lt
