3960 5378
585 518 688 581 Hi

1729 511 2090 576 ANASTASII
2121 501 2666 573 BIBLIOTHECARII

3752 459 3855 526 lli

588 637 685 694 His
714 652 845 710 ergo
875 636 950 696 ita
977 650 1038 694 se
1065 633 1403 702 habentibus,
1430 632 1678 704 exempla
1722 632 1986 703 majorum
2017 644 2164 702 quae-
2190 632 2238 692 A
2267 625 2564 683 caelestium
2596 638 2700 678 non
2727 617 2925 692 poterit
2948 631 3068 675 esse
3106 628 3412 710 regnorum.
3472 607 3605 710 i‘ibi,
3646 606 3840 710 inquit,

589 741 800 796 rantur,
829 737 884 786 et
903 730 1196 788 secundum
1217 727 1332 784 haec
1361 735 1711 783 temeratores
1735 723 2016 782 sententire
2040 737 2166 794 pro-

588 819 848 876 ferantur.

591 969 868 1043 Suggestio
898 968 1200 1043 conciliind
1231 985 1492 1043 summum
1518 967 1836 1043 pontiﬁcem,
1878 982 1996 1043 qua:
2033 964 2167 1022 lecta

732 1051 806 1096 est
829 1057 923 1112 per
950 1041 1286 1096 Benedictum
1309 1039 1571 1095 notarium
1598 1050 1645 1094 et
1668 1039 2023 1094 scriniarium.

536 1198 548 1252 λ
658 1172 759 1243 Qui
806 1174 946 1231 hanc
985 1173 1344 1230 temeritatem
1393 1188 1502 1230 non
1536 1181 1780 1228 extrema
1825 1169 2170 1226 damnatione

589 1267 802 1340 dignam
826 1266 1120 1333 existimat,
1144 1281 1246 1322 nec
1271 1265 1621 1337 Evangelium
1646 1264 1794 1336 legit,
1818 1278 1919 1318 nec
1943 1263 2171 1334 Aposto-

539 1385 541 1388 ⁴
587 1361 698 1416 lum
724 1376 948 1431 prorsus
969 1359 1194 1427 audivit,
1219 1359 1272 1414 in
1303 1374 1534 1429 quorum
1564 1356 1781 1427 quidem
1801 1371 1932 1421 uno,
1955 1354 2172 1409 dicente

589 1455 842 1523 Domino,
865 1455 1101 1526 legitur:
1133 1451 1256 1507 Non
1275 1461 1349 1507 est
1371 1449 1658 1522 discipulus
1680 1466 1838 1520 supra
1864 1447 2173 1518 magistrum

538 1536 555 1625 ξ
594 1545 748 1613 (Luc.
779 1545 878 1618 vi);
910 1545 964 1600 in
987 1543 1156 1600 altero
1178 1551 1359 1597 autem
1388 1557 1518 1597 sane
1544 1540 1875 1612 praecipitur,
1909 1547 1970 1592 ut
1991 1536 2173 1594 omnia

591 1641 887 1697 secundum
910 1639 1154 1695 ordinem
1191 1638 1324 1693 fiant
1346 1637 1399 1710 (1
1419 1636 1542 1692 Cor.
1572 1635 1708 1706 xw).
1742 1632 2020 1702 Quomodo
2045 1645 2174 1704 ergo

592 1741 953 1790 temeratores
999 1731 1088 1787 isti
1135 1745 1242 1786 non
1291 1737 1416 1786 sunt
1463 1728 1591 1783 facti
1645 1742 1806 1798 super
1835 1725 2172 1797 magistrum,

591 1825 805 1894 quando
843 1822 1102 1878 adversus
1130 1820 1479 1892 apostolicam
1516 1815 1730 1880 sedem,
1789 1833 1910 1887 qua:
1949 1825 2174 1871 caetera-

2263 715 2398 770 dabo
2435 714 2600 769 claves
2625 712 2768 784 regni
2789 710 3036 766 cartorum
3060 706 3275 780 (Matth.
3297 703 3440 776 xVI);
3482 702 3533 758 in
3556 699 3702 770 quod
3728 695 3846 752 nul-

2265 808 2349 866 lus
2369 808 2570 878 absque
2591 807 2764 880 gratia
2779 803 3031 875 janitoris
3053 800 3395 868 intrabit;°et
3417 811 3604 853 rursus
3628 813 3642 849 :
3676 792 3849 849 Nemo

2264 914 2498 971 unquam
2523 897 2816 970 apostolico
2841 893 3080 962 culmini,
3113 893 3180 949 de
3204 891 3378 962 Cujus,
3411 889 3607 961 inquit,
3643 885 3853 957 judicio

2268 1003 2373 1044 non
2403 989 2530 1044 licet
2550 988 2852 1053 retractari,
2895 1001 3091 1042 manus
3127 985 3313 1040 obvias
3358 983 3614 1038 audacter
3636 978 3851 1043 intulit;

2267 1095 2427 1136 nemo
2450 1080 2502 1135 in
2530 1081 2633 1136 hoc
2673 1078 2886 1136 rebellis
2909 1077 3139 1144 exstitit,
3184 1075 3288 1131 nisi
3318 1072 3454 1147 [qui]
3485 1071 3645 1144 quasi
3684 1071 3756 1127 de
3797 1083 3858 1125 se

2269 1170 2439 1226 voluit
2456 1170 2710 1240 judicari.
2735 1169 3118 1226 Verumtamen
3157 1181 3276 1234 nos,
3297 1165 3513 1222 domine
3540 1161 3859 1220 beatissime

2273 1278 2412 1334 papa
2444 1271 2498 1320 et
2520 1262 2810 1334 apostolico
2839 1278 3049 1319 summe
3073 1260 3269 1332 prmsul
3296 1267 3350 1315 et
3370 1256 3637 1329 pontifex,
3666 1270 3863 1313 omnes

2271 1371 2370 1425 pro
2419 1355 2504 1411 his
2558 1370 2834 1427 rogamus,
2880 1369 3069 1411 omnes
3115 1352 3442 1409 unanimiter
3483 1352 3861 1417 obsecramus,

2273 1449 2497 1507 subveni
2519 1449 2753 1516 miseris,
2785 1449 2931 1522 erige
2954 1449 3158 1520 lapsos,
3183 1456 3239 1503 et
3263 1445 3713 1518 resipiscentibus
3734 1459 3866 1500 con-

2273 1544 2404 1602 cede
2430 1543 2645 1602 veniam
2675 1552 2732 1599 et
2759 1543 3197 1609 miserationem;
3225 1556 3387 1614 quam
3419 1555 3525 1596 non
3555 1547 3865 1602 merentur,

2275 1634 2469 1689 adhibe
2501 1633 2844 1698 medicinam,
2877 1641 3143 1704 quatenus
3163 1631 3366 1689 erroris
3391 1639 3641 1697 auctore,
3672 1629 3867 1684 Photio

2273 1725 2524 1783 videlicet
2551 1733 2849 1797 amputato,
2881 1724 3065 1780 caeteri
3089 1724 3234 1781 sedis
3283 1723 3592 1796 apostolica:
3622 1721 3779 1778 circa
3809 1735 3867 1775 se

2274 1820 2455 1893 patula
2490 1819 2766 1891 reperiant
2797 1833 2947 1874 more
2988 1817 3148 1875 solito
3171 1818 3380 1874 viscera
3404 1817 3659 1890 pietatis;
3695 1815 3774 1871 ita
3811 1821 3869 1869 ut

592 1932 714 1972 rum
744 1930 956 1986 quoque
985 1914 1189 1970 sedium
1221 1911 1479 1982 magistra
1506 1919 1608 1974 est,
1655 1909 1820 1964 etiam
1849 1923 1912 1964 os
1952 1905 2178 1978 injurias
2213 1983 2241 1986 μ
2279 1912 2324 1967 si
2369 1927 2476 1983 qua
2526 1919 2672 1968 recte
2719 1919 2864 1966 mota
2893 1911 2966 1966 sit
3005 1909 3314 1981 apostolica:
3363 1909 3509 1966 sedis
3537 1907 3867 1972 auctoritas,

592 2020 848 2061 evomens
870 1983 1167 2075 aperuisse
1213 2000 1546 2071 probantur?
1573 1997 1853 2066 Quomodo
1878 1996 2176 2052 secundum

2285 2004 2436 2061 velse
2451 2004 2886 2075 recognoverint,
2903 2004 2987 2060 vel
3012 2004 3054 2059 si
3085 2004 3152 2060 ad
3172 2003 3554 2060 satisfactionis
3575 2001 3872 2074 plenitudi-

593 2097 838 2152 ordinem
887 2094 1102 2160 omnia,
1141 2092 1298 2164 juxta
1349 2089 1500 2144 Pauli
1547 2087 1781 2152 monita,
1833 2085 1976 2142 facta
2030 2093 2174 2151 sunt,

592 2187 809 2256 quando
838 2185 1054 2255 quidem
1084 2181 1273 2239 ordine
1298 2187 1650 2251 praepostero,
1690 2177 1866 2248 primo
1893 2177 1958 2232 de
1987 2191 2178 2233 secun-

598 2277 683 2332 dis
706 2291 751 2342 ιι,
786 2285 840 2332 et
871 2278 937 2332 de
966 2274 1203 2331 antelato
1229 2272 1560 2344 posteriores
1582 2271 1781 2342 quique
1803 2268 2043 2324 convicia
2086 2282 2178 2338 po-

595 2367 702 2423 tius
733 2381 894 2437 quam
920 2364 1124 2437 judicia
1173 2360 1541 2433 composuisse
1573 2356 1900 2413 narrantur?
1930 2356 1998 2411 Et
2042 2370 2179 2426 pra:-

597 2466 744 2513 terea
779 2456 1043 2512 sententia
1075 2453 1359 2525 regularis,
1392 2466 1512 2522 quae
1555 2450 1628 2504 ita
1655 2447 1824 2504 sensit
1850 2461 1947 2518 per
1970 2444 2180 2501 Africa-

597 2565 726 2604 num
751 2547 1061 2613 concilium,
1089 2546 1272 2601 dicens
1293 2544 1321 2585 ιι
1353 2558 1368 2598 :
1398 2541 1776 2613 Unusquisque
1801 2548 2048 2596 nostrum
2090 2553 2182 2594 or-

599 2641 779 2696 dinem
810 2638 911 2694 sibi
934 2637 1210 2692 decretum
1245 2650 1272 2689 a
1319 2632 1431 2689 Deo
1459 2639 1740 2704 agnoscat,
1769 2638 1826 2686 et
1850 2629 2180 2702 posteriores

602 2730 966 2787 anterioribus
1006 2729 1284 2794 deferant,
1334 2741 1436 2783 nec
1485 2725 1567 2782 eis
1617 2722 1934 2780 inconsultis
1980 2721 2182 2794 aliquid

602 2837 764 2896 agere
788 2830 1137 2894 praesumant.

671 2915 843 2982 Quam
895 2910 1136 2983 profecto
1187 2909 1427 2983 regulam
1475 2915 1661 2965 sancta
1712 2907 1870 2964 tertia
1913 2903 2183 2979 generalis

603 3007 843 3078 synodus
870 3018 1104 3074 sequens
1121 3002 1520 3057 Antiochenum
1541 2984 1817 3055 damnavit
1838 2996 2099 3053 Joannem
2117 3005 2141 3036 ο
2162 3011 2178 3063 ;

603 3100 744 3169 quod
764 3096 1084 3168 jampridem
1109 3094 1374 3164 sapientia
1401 3101 1582 3148 vestra
1618 3091 1896 3157 meminit;
1926 3089 2183 3162 quoniam

602 3194 860 3249 adversus
883 3189 1110 3260 potioris
1137 3187 1301 3253 sedis,
1349 3185 1402 3241 id
1426 3193 1509 3240 est
1538 3183 1938 3249 Alexandrinae,
1967 3178 2185 3252 pontiﬁ-

601 3301 741 3352 cem,
765 3284 939 3354 primu
965 3281 1091 3338 sede
1113 3295 1218 3336 non
1240 3279 1626 3341 consentiente,
1651 3291 1816 3332 ausus
1839 3286 1918 3331 est
1939 3273 2183 3346 proferre

2278 2111 2401 2152 nem
2427 2103 2832 2161 concurrentes,
2849 2096 3029 2151 omnia
3053 2111 3174 2166 quae
3188 2095 3254 2150 ab
3280 2095 3364 2150 his
3393 2093 3535 2150 male
3564 2103 3700 2150 sunt
3721 2101 3871 2164 gesta

2277 2189 2399 2244 viva
2425 2203 2554 2245 voce
2574 2197 2628 2244 et
2652 2189 2906 2260 praesenti
2925 2187 3321 2258 subscriptione
3341 2187 3753 2251 damnaverint,
3769 2203 3872 2242 non

2279 2281 2349 2336 sit
2375 2295 2504 2352 erga
2545 2295 2639 2338 eos
2675 2279 2985 2337 inﬂexibilis
3029 2278 3326 2345 miseratio,
3359 2280 3454 2336 sed
3503 2280 3578 2335 sit
3625 2280 3872 2336 humana

2281 2381 2443 2429 tanta:
2476 2373 2618 2430 sedis
2647 2388 2745 2444 per
2770 2372 2952 2430 omnia
2984 2372 3305 2428 moderatio.
3353 2371 3594 2442 Denique
3617 2370 3877 2442 quamvis

2278 2461 2512 2523 Joannes
2555 2465 2926 2521 Antiochenus
2957 2471 3122 2535 atque
3174 2461 3468 2520 Dioscorus
3493 2462 3636 2517 labia
3686 2469 3878 2516 contra

2278 2555 2504 2626 petieris
2527 2555 2671 2611 sedis
2692 2554 2946 2627 praesules
2975 2553 3307 2626 aperuerint,
3349 2567 3412 2608 ac
3440 2567 3540 2623 per
3567 2551 3677 2606 hoc
3716 2547 3881 2605 ambo

2281 2644 2606 2700 sententiam
2628 2643 2990 2700 damnationis
3011 2642 3297 2710 subierint,
3324 2657 3431 2698 uno
3454 2650 3633 2697 tamen
3654 2640 3878 2705 horum,

2279 2733 2487 2791 Joanne
2511 2735 2721 2792 scilicet
2747 2735 2982 2792 humane
3009 2745 3248 2808 recepto,
3280 2734 3416 2790 alter
3443 2733 3878 2796 damnationem,

2282 2844 2446 2900 quam
2475 2829 2642 2887 semel
2669 2830 2887 2897 meruit,
2919 2844 3025 2886 non
3051 2829 3262 2896 evasit;
3311 2845 3410 2884 cur
3435 2829 3559 2894 hoc,
3591 2827 3700 2882 nisi
3743 2828 3875 2897 quia

2284 2921 2372 2978 ille
2394 2937 2525 2979 sane
2552 2921 2802 2993 resipuit,
2841 2921 2944 2976 iste
2980 2921 3169 2978 insane
3203 2918 3475 2992 desipuit?
3506 2918 3596 2975 ille
3617 2927 3748 2990 post
3782 2917 3881 2973 ali-

2284 3022 2548 3084 quantum
2581 3011 2841 3084 temporis
2868 3010 3073 3082 corrigi
3097 3009 3341 3067 consulte
3368 3008 3586 3079 delegit,
3633 3009 3745 3064 iste
3791 3008 3879 3062 in-

2285 3113 2563 3160 correctus
2609 3103 2665 3158 in
2713 3101 2877 3158 linem
2903 3101 3171 3159 obstinate
3217 3099 3554 3174 permansit?
3605 3099 3675 3154 Et
3704 3109 3881 3164 certe,

2284 3207 2344 3252 ut
2365 3197 2475 3252 Leo
2503 3196 2748 3268 egregius
2773 3194 3080 3267 apostolica:
3114 3195 3258 3251 sedis
3279 3193 3516 3266 pontifex
3545 3193 3806 3248 meminit
3833 3204 3881 3256 ε,

2289 3291 2546 3348 Dominus
2571 3299 2757 3346 noster
2784 3304 2948 3345 verus
2976 3296 3032 3344 et
3072 3288 3246 3344 bonus
3270 3294 3474 3358 pastor,
3501 3285 3592 3355 qui
3633 3284 3882 3340 animam

602 3376 950 3432 sententiam.
1004 3374 1206 3442 Quarta
1260 3370 1454 3426 deinde
1505 3385 1701 3441 magna
1754 3381 1810 3424 et
1864 3365 2184 3423 universalis

2289 3397 2442 3437 suam
2472 3380 2655 3453 posuit
2699 3395 2798 3451 pro
2832 3379 3024 3434 ovibus
3071 3377 3205 3443 suis,
3255 3384 3310 3432 et
3348 3375 3442 3447 qui
3480 3374 3631 3432 venit
3663 3375 3885 3430 animas

603 3467 840 3540 synodus
866 3465 894 3505 ἀ
920 3465 1054 3521 adeo
1085 3465 1223 3518 hanc
1253 3460 1611 3517 temeritatem
1642 3467 1918 3515 exsecrata
1969 3465 2073 3526 est,
2130 3465 2189 3512 ut

608 3561 924 3614 Dioscorum
975 3552 1394 3611 Alexandrinum
1434 3551 1550 3606 sine
1597 3548 1938 3605 restitutione
1969 3547 2190 3602 damna-

606 3648 765 3704 verit.
797 3646 1226 3714 Prussumpserat
1246 3641 1388 3697 enim
1412 3648 1468 3696 et
1488 3639 1600 3710 ipse
1627 3646 1817 3694 contra
1839 3635 2026 3707 prima:
2045 3636 2191 3691 sedis

605 3732 982 3810 privilegium,
1034 3743 1330 3802 contraque
1380 3731 1490 3800 jam
1543 3735 1897 3783 memoratam
1951 3724 2189 3797 regulam

607 3844 794 3900 agens,
817 3843 938 3881 cum
967 3834 1111 3881 esset
1130 3823 1416 3896 posterior,
1438 3836 1497 3876 se
1522 3819 1775 3876 anteriori
1810 3815 2094 3888 praeferre;
2137 3823 2191 3870 et

607 3922 856 3980 ordinem
886 3918 993 3974 sibi
1026 3934 1057 3972 a
1088 3919 1199 3972 Deo
1229 3917 1502 3970 decretum
1533 3929 1641 3970 non
1663 3924 2084 3982 recognoscens,
2127 3909 2208 3987 de,

609 4015 752 4071 sedis
779 4011 1015 4084 praelata:
1040 4008 1294 4080 pontiﬁce
1321 4020 1538 4078 magno,
1564 4003 1813 4059 videlicet
1838 4016 1972 4073 papa
1989 4001 2190 4066 Leone,

609 4114 814 4161 temere
833 4103 1077 4175 judicare
1107 4119 1120 4155 :
1160 4116 1285 4156 cum
1308 4097 1560 4154 videlicet
1585 4110 1685 4151 nec
1712 4109 1998 4166 personam
2031 4106 2195 4163 syno-

611 4199 738 4256 dum
767 4196 1096 4254 convocandi
1117 4193 1383 4257 habuerit,
1415 4200 1474 4246 ut
1500 4187 1808 4260 apostolicae
1833 4186 1975 4243 sedis
2003 4184 2194 4241 vicarii

613 4289 666 4343 in
689 4288 876 4343 eadem
899 4285 1104 4359 synodo
1129 4290 1496 4356 protestantur
1520 4295 1534 4334 :
1563 4279 1761 4351 quippe
1781 4277 1870 4347 qui
1899 4276 2192 4332 secundum

612 4379 895 4452 prmlatum
927 4393 1213 4443 canonem,
1254 4391 1377 4431 cum
1408 4381 1552 4430 esset
1579 4371 1866 4443 posterior,
1893 4367 2195 4424 inconsulto

616 4471 875 4528 anteriori
923 4486 1086 4543 agere
1137 4468 1335 4539 aliquid
1377 4479 1706 4539 praesumere
1758 4477 1863 4518 non
1915 4460 2192 4528 debuerit;

615 4575 817 4637 quanto
844 4564 1022 4619 minus
1050 4559 1353 4634 generalem
1387 4558 1507 4614 sine
1550 4555 1668 4625 ipso
1690 4552 1954 4626 synodum
1999 4565 2195 4608 convo-

612 4674 762 4725 care,
793 4666 906 4724 aut,
941 4656 1084 4727 quod
1122 4651 1488 4710 detestabilius
1514 4656 1619 4715 est,
1659 4647 1918 4702 adversus
1943 4644 2194 4700 eumdem

614 4749 938 4808 sententiam
965 4745 1260 4818 quamlibet
1299 4739 1674 4814 promulgare?
1714 4737 2022 4794 Secundum
2053 4735 2193 4790 hanc

613 4841 879 4914 regulam,
903 4847 958 4895 et
981 4838 1080 4893 ista
1097 4835 1452 4906 probabilium
1472 4832 1694 4886 Patrum
1716 4828 1982 4899 exempla,
2006 4841 2194 4882 omnes

615 4933 710 5003 qui
736 4931 822 4988 vel
843 4946 905 4986 os
934 4927 1169 5001 aperire,
1198 4925 1285 4979 vel
1306 4938 1496 4978 manus
1527 4920 1818 4978 extendere
1856 4919 1912 4973 in
1957 4917 2049 4972 illo
2097 4933 2195 4972 ne-

617 5023 781 5078 fando
801 5029 1067 5078 conventu
1097 5017 1356 5072 adversus
1377 5013 1522 5070 sedis
1546 5010 1851 5082 apostolicae
1879 5007 2196 5080 dignitatem

618 5124 824 5162 temere
857 5108 1316 5166 nraesumnserint.
1353 5105 1495 5156 nulla
1530 5101 1770 5152 nminem
1811 5101 2019 5154 ratione
2045 5108 2194 5150 ηοιρ.

2290 3474 2567 3529 hominum
2603 3471 2835 3536 salvare,
2878 3485 2984 3526 non
3012 3468 3256 3540 perdere,
3289 3467 3590 3523 imitatores
3621 3481 3726 3522 nos
3770 3465 3890 3520 vult

2291 3579 2411 3619 esse
2439 3562 2671 3633 pietatis,
2710 3570 2769 3616 ut
2806 3567 3095 3631 peccantes
3133 3559 3348 3628 quidem
3373 3556 3582 3627 justitia
3603 3565 3885 3620 coerceat,

2291 3669 2584 3711 conversos
2635 3661 2815 3708 autem
2865 3651 3240 3708 misericordia
3275 3666 3382 3708 non
3434 3650 3701 3722 repellat;
3753 3658 3888 3706 tunc

2290 3745 2434 3801 enim
2465 3745 2678 3800 demum
2725 3741 3156 3799 fructuosissime
3202 3741 3335 3797 ﬁdes
3381 3756 3510 3797 vera
3549 3739 3890 3808 defenditur,

2291 3838 2507 3909 quando
2532 3837 2696 3894 etiam
2725 3852 2756 3892 a
2784 3834 3144 3893 sectatoribus
3178 3835 3290 3891 suis
3315 3835 3498 3906 opinio
3543 3832 3684 3890 falsa
3725 3834 3887 3890 dam-

2294 3941 2472 3986 natur.

2366 4021 2534 4093 Hujus
2581 4019 2748 4091 igitur
2791 4017 2919 4074 almi
2961 4019 3211 4090 beatique
3259 4014 3532 4088 pontiﬁcis
3575 4015 3887 4072 doctrinam

2294 4112 2450 4168 beata
2480 4121 2659 4167 vestra
2697 4109 2995 4182 paternitas
3028 4110 3131 4166 hoc
3155 4109 3297 4165 circa
3330 4108 3429 4164 hos
3453 4105 3652 4178 poterit
3672 4104 3890 4174 justum

2296 4205 2551 4274 piumque
2577 4211 2762 4259 tenere
2809 4200 3091 4266 libramen,
3140 4209 3200 4254 ut
3243 4197 3450 4254 scilicet
3473 4197 3790 4268 pertinaces
3835 4208 3892 4253 et

2295 4296 2599 4352 obstinatos
2631 4293 2842 4366 justitia
2868 4292 3214 4364 comprimat,
3242 4289 3621 4361 resipiscentes
3640 4304 3779 4345 vero
3806 4299 3892 4344 at-

2296 4402 2401 4457 que
2451 4386 2766 4443 obedientes
2805 4381 3181 4440 misericordia
3231 4396 3338 4437 non
3389 4377 3633 4450 repellat.
3681 4377 3890 4435 Verum

2297 4477 2425 4549 quia
2453 4475 2787 4547 quotidianis
2814 4473 3070 4555 Ecclesia:
3093 4470 3322 4543 negotiis
3347 4469 3677 4542 apostolatus
3700 4478 3892 4527 vester

2298 4571 2605 4642 impeditus,
2635 4566 2841 4639 requiei
2865 4565 3032 4622 ferias
3059 4563 3235 4620 nullas
3259 4563 3440 4630 habet,
3475 4563 3542 4619 de
3569 4561 3658 4618 his
3699 4563 3887 4619 omni-

2299 4663 2398 4720 bus
2450 4662 2594 4734 quod
2631 4661 2733 4716 sibi
2768 4659 2932 4716 fuerit
2974 4657 3230 4714 divinitus
3273 4655 3590 4727 inspiratun.
3642 4656 3888 4721 tndem,

2298 4755 2344 4812 si
2399 4754 2606 4826 placet,
2662 4760 2885 4819 statuat,
2932 4759 2988 4807 et
3037 4748 3646 4820 Constantinopolitanis
3692 4748 3892 4822 legatis

2299 4847 2674 4920 praesentibus,
2691 4843 2974 4901 manifesta
2989 4841 3416 4914 promulgationc
3435 4841 3710 4904 decernat,
3731 4839 3892 4896 nobis

2301 4940 2695 5010 subsequenter
2731 4937 2841 4993 voti
2867 4935 3039 4991 nostri
3082 4923 3405 4990 consensum
3451 4930 3601 4989 vocis
3652 4939 3710 4988 et
3753 4930 3884 4986 sub-

2303 5029 2614 5101 scriptionis
2647 5027 2846 5084 indicio
2875 5033 3140 5097 patenter,
3173 5031 3232 5079 ut
3259 5019 3530 5087 convenit,
3558 5020 3890 5076 ostensuris.

2307 5125 2348 5144 "
2392 5125 2423 5142 "
2494 5140 2498 5141 ν
2654 5123 2687 5138 ’⁸
2788 5123 2802 5136 ‘
3259 5129 3302 5134 λ
3375 5114 3419 5126 ’⁸
3535 5113 3780 5169 meriens
3824 5126 3894 5168 os
