3960 5852
115 469 187 534 415
670 468 1231 538 INTERPRETATIO
1269 476 1522 538 SYNODI
1567 477 1674 538 VIII
1713 478 2128 541 GENBRALIS.
2167 510 2239 526 —-
2274 480 2480 542 ACTIO
2517 478 2626 541 VII.

3194 479 3302 546 ut

111 597 358 663 rongregato
379 587 576 661 penitus
595 589 944 646 abolendo.——
962 591 1386 650 Conciliabulum
1411 593 1617 648 vanita-
1649 601 1696 659 Α
1722 594 1852 661 rint,
1883 604 1939 651 et
1965 595 2032 650 ad
2061 594 2341 652 reverendi
2379 595 2706 667 patriarchas
2732 593 2924 670 Iguatii
2967 598 3304 656 communio-

112 687 163 740 tis
181 701 204 738 a
227 682 409 748 Photio,
435 692 488 736 et
512 681 674 751 hujus
701 685 929 750 fautore,
953 683 1213 742 Michaele
1239 685 1512 756 videlicet,
1539 695 1619 760 ty-

113 777 285 833 rannice
311 777 615 846 imperante,
658 775 1120 850 Constantinopoli
1162 796 1333 852 nuper
1362 781 1619 838 adversus

111 867 354 940 apostolica:
380 868 521 924 sedis
559 870 921 926 reverentiam
943 881 998 926 et
1025 872 1366 945 privilegium
1392 889 1623 946 congre-

109 975 264 1037 gatum,
291 973 460 1036 utpote
503 966 751 1022 veritatis
781 966 1079 1033 inimicum,
1110 976 1164 1023 et
1200 969 1347 1024 omni
1381 969 1620 1025 falsitate

111 1057 333 1129 repletum,
363 1058 484 1128 quin
521 1067 580 1114 et
606 1058 710 1114 sibi
741 1061 1189 1116 consentientium
1222 1062 1430 1118 animas
1453 1063 1624 1118 inter-

109 1150 267 1213 ﬁciens,
295 1148 559 1218 Ephesino
585 1147 873 1205 latrocinio
899 1151 1316 1221 comparandum
1349 1150 1465 1208 fore
1505 1159 1618 1208 sta-

108 1241 278 1305 luimus,
304 1248 353 1296 et
397 1239 566 1310 ipsius
615 1241 946 1297 exsecranda
992 1251 1166 1314 gesta,
1213 1243 1622 1316 quibuscunque

108 1336 346 1390 habeantur
379 1335 746 1390 monumentis
773 1335 992 1398 inserta,
1039 1336 1232 1391 summi
1266 1334 1466 1406 judicis
1510 1337 1620 1394 Do-

105 1426 199 1482 ιιιὶηὶ
220 1425 366 1481 nostri
403 1423 532 1481 Jesu
579 1425 776 1482 Christi
798 1435 1215 1498 sanctorumque
1254 1428 1618 1498 apostolorum

111 1518 351 1588 principum
377 1516 518 1572 Petri
567 1525 621 1572 et
663 1516 833 1584 Pauli,
883 1526 1186 1589 nostraeque
1232 1519 1622 1576 mediocritatis

103 1609 380 1674 auctoritate,
403 1609 624 1680 penitus
646 1608 905 1666 abolenda
931 1610 1302 1678 decernimus;
1338 1612 1410 1667 ita
1435 1620 1494 1668 ut
1513 1614 1620 1685 igni

102 1703 284 1758 voranda
313 1706 612 1768 tradantur,
641 1712 698 1759 et
745 1704 1088 1760 anathemate
1128 1715 1387 1776 perpetuo
1410 1707 1620 1778 percel-

102 1793 251 1850 lantur.
289 1794 543 1851 Similiter
577 1795 648 1851 de
697 1796 908 1852 caeteris
950 1797 1256 1868 scripturis,
1305 1815 1446 1870 quae,
1490 1800 1623 1858 viris

97 1885 177 1959 jam
197 1889 455 1946 nominatis
521 1889 857 1954 auctoribus,
904 1899 1092 1946 contra
1139 1893 1382 1947 eamdem
1436 1892 1617 1950 sedem

1719 702 1842 743 nem
1870 688 2263 760 repedaverint,
2294 696 2456 760 atque
2481 687 2624 744 idem
2644 689 3060 747 conciliabulum
3082 689 3304 749 anathe-

1719 781 2120 849 matizaverint,
2152 790 2314 854 atque
2358 790 2707 839 monumenta
2737 781 2883 840 illius
2911 783 2995 840 vel
3031 786 3307 856 exempla-

1719 874 1800 930 ria
1862 873 2079 930 inventa
2145 874 2544 942 cremaverint,
2608 874 2851 933 ecclesia:
2922 877 3305 935 communione

1722 964 2002 1033 fruantur;
2063 964 2196 1022 alias
2251 973 2432 1021 autem
2484 980 2552 1022 ne
2600 965 2702 1022 hac
2750 966 2896 1039 digni
2940 967 3302 1038 reperiantur.

1722 1056 1867 1115 Sane
1926 1057 2092 1113 tilium
2128 1065 2373 1114 nostrum
2419 1057 2697 1124 Basilium,
2727 1058 3209 1116 clementissimum
3249 1067 3308 1118 et

1720 1149 2234 1206 orthodoxissimum
2266 1150 2670 1222 imperatorem,
2701 1150 2826 1222 quia
2856 1159 2912 1206 et
2936 1149 3080 1206 illius
3106 1165 3307 1207 nomen

1722 1243 1777 1300 in
1807 1243 2047 1314 ejusdem
2092 1244 2304 1316 profani
2345 1245 2685 1302 conciliabuli
2715 1246 2901 1318 gestis,
2935 1255 2996 1302 ut
3043 1247 3213 1318 ipsius
3248 1254 3307 1304 et

1722 1339 2052 1396 sanctissimi
2093 1339 2282 1411 lgnatii
2333 1337 2659 1410 patriarcha:
2705 1338 3003 1411 legatorum
3041 1337 3306 1395 relatione

1723 1431 2033 1500 didicimus,
2074 1431 2212 1487 falso
2241 1431 2532 1503 ascriptum
2560 1438 2664 1496 est,
2697 1438 2752 1485 et
2793 1431 2848 1486 in
2895 1431 3146 1486 omnibus
3179 1442 3306 1486 eum
3335 1415 3348 1521 ξ

1722 1523 2029 1595 apostolica:
2055 1523 2198 1580 sedis
2221 1523 2666 1580 constitutionum
2689 1521 3156 1595 diligentissimum
3179 1537 3309 1580 con-
3338 1529 3355 1556 ⁴

1723 1623 2054 1674 servatorem
2099 1632 2218 1674 esse
2263 1617 2643 1690 cognovimus;
2682 1632 2790 1673 non
2828 1616 3004 1674 solum
3055 1615 3134 1672 ab
3158 1616 3307 1673 omni

1723 1711 1946 1767 sinistra
1973 1711 2238 1766 sententia
2259 1719 2576 1767 extraneum
2610 1710 2904 1776 reddimus,
2928 1725 3117 1767 verum
3141 1710 3307 1766 etiam

1724 1802 1865 1859 inter
1898 1801 2289 1859 catholicorum
2318 1812 2375 1860 et
2397 1803 2610 1875 piorum
2633 1803 2999 1876 Augustorum
3024 1817 3310 1859 numerum

1723 1901 1779 1949 et
1806 1909 1948 1950 nunc
1980 1894 2292 1966 recipimus,
2315 1901 2390 1961 et,
2422 1894 2567 1952 sisic
2589 1894 3025 1968 perseveraverit
3044 1894 3099 1950 in
3123 1893 3312 1962 tinem,

103 1991 289 2052 tempore
311 1984 518 2039 diverso
541 1992 673 2040 sunt
699 1983 878 2051 editae,
919 1985 1213 2056 gerendum
1243 1985 1418 2042 modis
1443 1986 1619 2042 omni-
1649 1963 1695 2024 Β
1725 1963 2424 2055 recipiendum—statuimus.

99 2071 168 2128 bus
185 2073 450 2130 definimus.

148 2162 248 2218 Car.
273 2163 332 2218 ll.
362 2164 437 2219 De
460 2166 833 2222 conventiculis
877 2177 1059 2222 contra
1091 2167 1358 2239 Ignatium
1385 2170 1619 2240 patriar—

99 2255 209 2309 tlmnt
232 2255 440 2311 collectis
469 2257 721 2314 similiter
745 2258 1108 2314 abolendis.—
1125 2258 1247 2316 Pari
1268 2261 1430 2315 etiam
1461 2261 1622 2316 modo

99 2345 516 2403 deconrenticulis
546 2349 620 2404 ab
657 2349 861 2406 eisdem
912 2351 1062 2416 viris,
1103 2349 1364 2408 Michacle
1415 2353 1624 2409 scilicet

100 2437 355 2507 imperante,
385 2456 479 2496 seu
512 2441 712 2498 Photio
738 2441 1332 2516 Constantinopolitano
1354 2445 1617 2511 invasore,

98 2526 155 2582 bis
174 2531 403 2586 adversus
430 2530 668 2588 fratrem
694 2541 749 2588 et
777 2535 1150 2606 coepiscOpum
1179 2544 1425 2592 nostrum
1461 2538 1619 2610 lgna-

97 2620 191 2675 tium
227 2622 432 2680 factiose
477 2625 753 2691 collectis,
798 2625 1182 2694 deliberamus,
1227 2629 1344 2701 haec
1374 2631 1624 2688 videlicet

96 2719 290 2784 tanquam
309 2717 662 2787 parricidalia
701 2719 1013 2776 medullitus
1037 2732 1402 2779 exsecrantes.

144 2807 243 2863 CAP.
270 2810 346 2866 lli.
402 2811 482 2866 De
531 2810 731 2868 Photio
765 2814 1000 2870 invasore
1037 2816 1221 2872 iterato
1258 2818 1528 2874 damnato.
1554 2849 1626 2862 —-

96 2899 306 2971 Photium,
329 2905 440 2978 qui,
475 2906 614 2963 licet
659 2909 730 2963 sit
772 2924 802 2965 a
845 2911 1129 2969 decessore
1175 2929 1297 2969 meo
1319 2926 1372 2970 et
1408 2931 1438 2970 a
1469 2916 1624 2973 nobis

95 3008 160 3062 pro
180 2997 468 3055 criminibus
497 3009 636 3057 ante
662 3004 890 3072 patratis
923 3003 1048 3075 jure
1073 3007 1361 3064 damnatus
1404 3017 1456 3064 et
1487 3025 1622 3065 ana-

95 3085 428 3156 thematizatus,
451 3109 606 3150 nunc
635 3100 813 3149 tamen
842 3096 969 3166 quia
1002 3100 1394 3157 recentioribus
1435 3116 1625 3158 exces-

97 3177 198 3233 sibus
219 3181 412 3250 priores
441 3183 767 3254 iniquitates
794 3185 948 3242 valde
966 3189 1323 3256 transcendit,
1345 3201 1399 3246 et
1423 3206 1627 3262 ponens

96 3269 131 3325 in
149 3274 258 3329 casio
279 3291 337 3332 os
357 3276 811 3333 suum-adversus
830 3284 1136 3338 veneranda
1161 3283 1303 3338 sedis
1321 3283 1626 3354 apostolicae

94 3363 304 3438 privilegia
329 3384 466 3426 nova
503 3367 820 3428 temeritate
858 3372 1118 3442 prorupit,
1153 3375 1279 3428 dum
1305 3373 1512 3430 scilicet
1530 3390 1622 3429 or-

93 3454 290 3516 dinationi
329 3478 609 3534 supernae,
662 3465 715 3522 in
771 3466 915 3522 beati
954 3464 1098 3521 Petri
1145 3466 1373 3537 apostoli
1416 3466 1620 3538 princi-

91 3559 180 3615 patu
203 3552 476 3624 dispositae,
530 3556 797 3614 resistere
839 3557 1063 3613 minime
1117 3555 1444 3621 formidavit,
1477 3565 1533 3612 et
1569 3558 1622 3614 in

93 3641 287 3702 cathedra
319 3665 425 3706 non
455 3652 741 3718 sanitatis,
774 3650 870 3708 sed
900 3651 1226 3722 pestilentiae
1255 3653 1469 3718 sedens,
1494 3668 1626 3708 cou-

93 3741 274 3807 negavit
293 3743 680 3801 conventicula
717 3745 804 3800 de.
829 3744 1198 3817 sanguinibus,
1235 3761 1357 3802 cum
1379 3745 1629 3803 videlicet

95 3824 164 3880 tibi
203 3828 481 3888 faventium
532 3835 935 3904 simpliciorum
989 3835 1198 3892 animas
1237 3835 1526 3902 interfecit,
1574 3844 1630 3892 et

93 3923 229 3985 utpote
250 3923 495 3981 inventor
524 3925 822 3993 mendacii,
847 3936 903 3983 et
928 3927 1225 3985 fabricator
1249 3944 1627 4001 perversorum

94 4004 358 4082 dogmatum,
399 4033 511 4075 non
564 4019 674 4075 nisi
729 4019 982 4077 falsitatis
1029 4021 1322 4094 prrestigia,
1349 4030 1404 4078 et
1452 4025 1628 4081 omnis

93 4106 297 4164 mendacii
323 4110 586 4184 ﬁgmenta
613 4111 774 4168 solito
798 4128 952 4169 more
995 4115 1286 4186 congessit,
1317 4124 1481 4187 atque
1517 4126 1626 4172 tam

93 4203 232 4253 contra
256 4201 600 4260 decessorem
642 4219 824 4261 meum
869 4213 1071 4260 sanctae
1110 4206 1501 4263 recordationis
1538 4223 1630 4280 pa-

93 4294 180 4350 Ρθω
203 4285 488 4361 Nicolaum,
513 4309 684 4364 quam
709 4295 872 4350 etiam
896 4304 1084 4351 contra
1106 4312 1224 4363 nos,
1250 4311 1314 4352 ac
1341 4313 1436 4368 per
1458 4297 1626 4366 illum,

95 4369 133 4426 in
150 4383 465 4447 apostolicum
499 4384 724 4442 culmen
756 4402 858 4443 nec
892 4387 1076 4459 iniqua
1107 4376 1318 4459 garrire
1340 4390 1496 4447 fauce
1524 4400 1630 4447 tre-

94 4464 266 4537 pidavit,
292 4490 388 4532 nec
416 4492 624 4532 manus
646 4477 857 4544 obvias,
883 4479 1022 4548 quod
1051 4494 1210 4534 neruo
1239 4495 1475 4550 unquam
1499 4497 1631 4554 prac-

97 4565 286 4631 Sumpsit,
315 4570 581 4625 audacter
628 4569 920 4626 extendere
951 4570 1280 4638 formidavit,
1323 4573 1631 4644 apostolica:

97 4657 372 4718 auctoritatis
414 4676 660 4718 censura
699 4663 894 4718 iterato
940 4663 1278 4731 damnamus,
1313 4672 1367 4720 et
1400 4681 1498 4736 pro
1544 4666 1629 4723 his

98 4748 346 4812 specialiter
393 4755 772 4810 anathematis
823 4756 1050 4812 nexibus
1096 4756 1439 4824 innodamus,
1487 4758 1630 4816 hunc

97 4836 256 4897 scilicet
281 4859 399 4900 cum
425 4845 719 4910 Dioscoro,
749 4843 899 4913 cujus
925 4846 978 4902 in
1009 4847 1111 4903 hoc
1141 4848 1383 4903 imitator
1402 4850 1628 4917 exstitit,

98 4928 244 4984 merito
275 4935 570 5004 sociantes,
625 4943 679 4991 et
723 4945 926 4992 sanctae
967 4954 1173 5010 magna:
1197 4939 1623 4999 Cbalcedonensi

97 5021 272 5090 synodo,
299 5025 350 5081 in
397 5036 508 5082 tam
556 5026 872 5098 pernicioso
900 5030 1168 5097 puniendo
1217 5042 1631 5104 praesumptore,

99 5117 168 5174 per
187 5114 345 5170 omnia
365 5115 796 5173 concordantes.
828 5113 968 5174 Sane
995 5119 1041 5175 si
1069 5119 1187 5176 viva
1220 5135 1374 5185 voce,
1404 5137 1468 5178 ac
1505 5140 1631 5196 pro-

98 5200 184 5266 prio
215 5207 426 5278 scripto,
463 5208 634 5264 nobis
678 5207 737 5262 in
783 5209 1048 5278 omnibus,
1095 5228 1215 5284 qua:
1244 5219 1356 5266 tam
1386 5229 1484 5284 per
1529 5232 1631 5278 nos

99 5301 330 5366 qumper
370 5299 725 5355 decessorem
769 5311 942 5353 meum
975 5310 1171 5359 statuta
1232 5310 1356 5357 sunt
1400 5306 1624 5366 obedire

99 5388 406 5457 Spoponderit,
432 5399 489 5446 et
518 5387 775 5462 praedicti
805 5391 1008 5458 profani
1043 5391 1406 5462 conciliabuli,
1445 5397 1512 5452 ad
1545 5414 1632 5457 sa-

101 5471 402 5562 tisfactionem
452 5481 804 5555 paenitentiae
833 5494 1025 5554 motus,
1075 5500 1228 5562 gesta
1265 5486 1626 5561 damnaverit,

101 5555 218 5622 laica
237 5573 629 5628 communionis
655 5571 707 5628 ei
729 5572 953 5642 gratiam
977 5555 1394 5651 non'negamus.

153 5656 354 5721 CAPJV.
393 5665 473 5722 De
495 5664 942 5722 consentientibus
973 5673 1224 5740 prwdicto
1259 5669 1630 5742 conciliabula,

99 5754 134 5799 et
150 5751 201 5805 de
222 5753 532 5825 inperatoris
557 5757 760 5814 Basilii
781 5758 1028 5818 mirandis
1037 5760 1346 5836 praeconiis.
1371 5791 1444 5804 -—-
1466 5765 1541 5822 De
1565 5767 1632 5824 iis

1791 2075 1920 2132 Car.
1956 2075 2023 2132 γ.
2076 2075 2152 2132 De
2203 2077 2267 2132 iis
2314 2077 2404 2149 qui
2456 2086 2719 2149 gestorum
2766 2065 2911 2131 illius
2975 2071 3312 2131 conciliabuli

1721 2166 1914 2237 scripta
1945 2182 2049 2221 non
2072 2167 2297 2236 produnt
2333 2166 2424 2222 sed
2458 2166 2767 2235 defendunt.
2796 2197 2866 2207 —
2887 2165 3029 2238 Ergo
3071 2163 3311 2235 quandiu

1723 2267 1846 2328 post
1869 2258 2115 2313 notitiam
2144 2257 2302 2328 hujus
2324 2259 2635 2331 apostolica:
2656 2257 2957 2315 sanctionis
2979 2256 3081 2312 sibi
3105 2255 3313 2328 perlata

1724 2358 2074 2404 monumenta
2124 2349 2210 2404 vel
2249 2350 2580 2422 exemplaria
2607 2359 2884 2422 gestorum
2932 2349 3101 2420 ipsius
3149 2363 3310 2404 exse-

1723 2443 1911 2499 crandi
1941 2443 2281 2500 conciliabuli
2319 2457 2486 2516 penes
2515 2459 2575 2500 se
2615 2443 2902 2515 quisquam
2933 2442 3178 2498 retinens
3222 2456 3316 2498 ce-

1724 2533 1916 2589 laverit
1962 2533 2043 2590 vel
2077 2533 2397 2602 defenderit,
2431 2543 2488 2592 et
2544 2550 2652 2591 non
2697 2534 2878 2608 potius
2919 2532 3312 2606 propalaverit,

1723 2622 1807 2678 vel
1849 2622 1959 2695 igni
1998 2623 2301 2690 tradiderit,
2353 2625 2540 2680 tandiu
2587 2625 2933 2682 anathemate
2984 2624 3314 2681 constrictus

1723 2716 2118 2772 communionis
2164 2716 2366 2772 Christi
2417 2732 2643 2773 munere
2688 2725 2905 2784 careat;
2952 2717 3218 2787 quinimo,
3260 2716 3308 2771 si

1727 2806 1962 2862 clericus
1989 2815 2093 2874 est,
2123 2807 2214 2877 qui
2251 2807 2593 2878 postmodum
2633 2807 2749 2863 haec
2788 2806 2872 2862 vel
2898 2807 3078 2863 celare
3106 2807 3190 2862 vel
3221 2808 3314 2862 de--

1723 2897 1948 2955 fendere
1999 2899 2284 2955 convictus
2328 2898 2525 2966 fuerit,
2577 2899 2803 2972 gradum
2853 2915 2968 2971 quo
3007 2900 3315 2972 potiebatur

1725 2993 1979 3049 amittat:
2009 2993 2264 3049 similiter
2310 3001 2366 3050 et
2408 2992 2475 3049 de
2510 2992 2602 3048 illo
2647 2992 2936 3049 statuimus
2957 2994 3049 3065 qui
3080 2993 3197 3049 haec
3224 3008 3315 3050 oc-

1724 3093 1930 3148 cultare
1955 3101 2193 3164 putatur,
2224 3102 2279 3148 et
2308 3091 2423 3164 ipse
2454 3091 2579 3163 hinc
2607 3090 2883 3162 impetitus
2923 3105 3023 3146 nec
3071 3105 3298 3162 respon-

1726 3186 1879 3252 dere,
1903 3199 2004 3241 nec
2069 3184 2303 3240 decretis
2352 3181 2662 3255 apostolicae
2711 3181 2857 3238 sedis
2909 3181 2962 3237 iu
3011 3181 3116 3236 hac
3160 3191 3313 3250 parte

1728 3292 1924 3349 parere
1955 3275 2314 3341 consenserit,
2345 3291 2466 3346 quae
2497 3291 2604 3331 non
2631 3273 2806 3331 solum
2839 3273 2906 3330 de
2933 3272 3326 3329 Constantium

1728 3369 2003 3442 politanis,
2045 3367 2140 3424 sed
2179 3376 2236 3425 et
2259 3367 2664 3432 Alexandrinis,
2703 3365 3081 3433 Antiochenis,
3125 3364 3315 3420 Hiero-

1728 3460 2092 3534 solymitanis,
2143 3469 2306 3530 atque
2365 3459 2432 3515 de
2491 3457 2745 3514 omnibus
2797 3456 3020 3513 omnino
3068 3454 3317 3512 fidelibus

1728 3549 2023 3624 apostolica
2054 3551 2340 3607 sanctione
2365 3548 2726 3605 decernimus.

2140 3679 2467 3753 Subscriptio
2491 3696 2642 3751 papa:
2672 3679 2916 3736 Adriani.

1797 3817 2069 3875 Adrianus
2091 3816 2398 3888 episcopus,
2427 3825 2782 3884 servus,etc.,
2812 3815 3092 3872 catholica:
3113 3825 3168 3873 et
3187 3830 3318 3887 apo-

1729 3912 1934 3970 stolicae
1970 3912 2229 3966 Romana:
2274 3908 2551 3976 Ecclesiae,
2577 3907 2665 3964 his
2711 3909 2992 3965 sententiis
3037 3908 3240 3964 nostris
3287 3923 3318 3964 a

1728 4005 1887 4060 nobis
1913 4002 2288 4074 promulgatis,
2319 4001 2464 4057 sicut
2489 4000 2737 4060 superius
2763 4000 2982 4072 legitur,
3007 4016 3166 4056 manu
3195 4015 3319 4072 pro-

1729 4096 1848 4167 pria
1878 4095 2195 4167 subscripsi.

1799 4187 2033 4244 Joannes
2079 4185 2517 4257 archiepiscopus
2557 4183 2742 4255 Perga:
2789 4182 3135 4256 Pamphylius,
3191 4198 3320 4255 apo.

1731 4280 2014 4336 crisiarius
2041 4278 2368 4334 sanctissimi
2411 4277 2602 4350 Iguatii
2646 4275 2973 4347 patriarchae
3011 4276 3320 4332 Constanti-

1733 4371 2012 4443 nopoleos,
2039 4371 2213 4426 locum
2235 4378 2291 4425 et
2316 4383 2610 4441 personam
2638 4368 2754 4440 ejus
2789 4368 3052 4433 retinens,
3082 4378 3136 4422 et
3158 4369 3324 4425 latius

1732 4473 1934 4522 sancta:
1955 4463 2146 4537 synodi
2172 4478 2291 4534 quae
2316 4461 2562 4533 suh.ipso
2582 4467 2684 4525 est,
2714 4459 3008 4530 propositis
3034 4459 3321 4514 sententiis

1733 4557 2052 4627 conscripsi,
2077 4563 2134 4610 et
2157 4553 2452 4624 subscripsi
2478 4549 2907 4621 manu.propria.

1802 4651 2037 4707 Joannes
2062 4656 2264 4705 sanctas
2282 4644 2548 4701 Fanensis
2573 4642 2826 4699 Ecclesiae
2845 4641 3154 4712 episcopus,
3198 4656 3324 4697 sen-

1737 4741 1918 4798 tentiis
1945 4740 2030 4797 his
2053 4754 2172 4812 quae
2194 4753 2224 4793 a
2251 4736 2406 4794 nobis
2424 4734 2778 4808 promulgata:
2800 4740 2966 4800 sunt,”
2983 4734 3124 4791 sicut
3161 4746 3323 4802 supe-

1740 4838 1851 4894 rius
1880 4837 2094 4910 legitur,
2122 4831 2399 4899 consensi,
2429 4838 2484 4888 et
2509 4847 2669 4886 manu
2696 4831 2915 4904 propria
2945 4828 3264 4899 subscripsi.

1810 4930 2051 4988 Joannes
2090 4928 2379 5002 episcopus
2403 4933 2602 4981 sanctae
2622 4923 3188 4989 Forosemproniensis
3220 4921 3324 4978 Ec-

1739 5023 1916 5080 clesize
1945 5023 2202 5079 similiter
2222 5017 2541 5088 subscripsi.

1811 5114 2130 5172 Dominicus
2169 5112 2457 5182 episcopus
2490 5116 2691 5164 sancta:
2740 5105 3104 5178 Eugubiensis
3143 5105 3332 5163 Eccle-

1737 5211 1831 5268 siae
1861 5206 2111 5268 similiter
2138 5200 2463 5272 subscripsi.

1807 5298 2086 5358 Gerardus
2111 5294 2402 5369 episcOpus
2429 5299 2632 5347 sancta:
2669 5288 2942 5349 Lucarum
2983 5289 3238 5353 Ecclesiae
3261 5288 3338 5346 si-

1737 5391 1943 5452 militer
1965 5387 2284 5458 subscripsi.

1810 5487 2007 5546 Petrus
2031 5490 2323 5562 epiSCOpus
2356 5486 2561 5537 sancta:
2587 5478 2847 5537 Gavensis
2876 5479 3144 5540 Ecclesiae
3184 5471 3340 5532 simi-

1737 5581 1863 5637 liter
1884 5575 2207 5651 subscripsi.

1807 5667 2050 5727 Joannes
2077 5648 2367 5740 episcopus
2395 5669 2599 5718 sancta:
2623 5660 2953 5718 Falaritanae
2983 5652 3242 5719 Ecclesiae
3266 5648 3342 5707 sl-

1734 5758 1942 5819 militer
1971 5753 2291 5823 subscripsi.
