  <div class='ocr_page' id='page_1' title='image "/cluster/home/n/w/nwhite01/storage/ocr_20150623/129/hvd.32044015471709/065.png"; bbox 0 0 4032 6286; ppageno 0'>
   <div class='ocr_carea' id='block_1_1' title="bbox 543 413 650 475">
    <p class='ocr_par' dir='ltr' id='par_1_1' title="bbox 543 413 650 475">
     <span class='ocr_line' id='line_1_1' title="bbox 543 413 650 475; baseline -0.019 0"><span class='ocrx_word' id='word_1_1' title='bbox 543 413 650 475; x_wconf 80' lang='lat'><strong>“9</strong></span> 
     </span>
    </p>
   </div>
   <div class='ocr_carea' id='block_1_2' title="bbox 1709 425 2655 488">
    <p class='ocr_par' dir='ltr' id='par_1_2' title="bbox 1709 425 2655 488">
     <span class='ocr_line' id='line_1_2' title="bbox 1709 425 2655 488; baseline 0.005 -5"><span class='ocrx_word' id='word_1_2' title='bbox 1709 425 2072 485; x_wconf 74' lang='lat' dir='ltr'><strong>ANASTASII</strong></span> <span class='ocrx_word' id='word_1_3' title='bbox 2109 427 2655 488; x_wconf 82' lang='lat' dir='ltr'><strong>BlBLlOTHECABll</strong></span> 
     </span>
    </p>
   </div>
   <div class='ocr_carea' id='block_1_3' title="bbox 3703 430 3808 488">
    <p class='ocr_par' dir='ltr' id='par_1_3' title="bbox 3703 430 3808 488">
     <span class='ocr_line' id='line_1_3' title="bbox 3703 430 3808 488; baseline 0.01 -1"><span class='ocrx_word' id='word_1_4' title='bbox 3703 430 3808 488; x_wconf 62' lang='lat'><strong>£20</strong></span> 
     </span>
    </p>
   </div>
   <div class='ocr_carea' id='block_1_4' title="bbox 541 531 3769 615">
    <p class='ocr_par' dir='ltr' id='par_1_4' title="bbox 541 531 3769 615">
     <span class='ocr_line' id='line_1_4' title="bbox 541 531 3769 615; baseline 0.002 -26"><span class='ocrx_word' id='word_1_5' title='bbox 541 531 682 591; x_wconf 79' lang='lat' dir='ltr'><strong>Novi</strong></span> <span class='ocrx_word' id='word_1_6' title='bbox 731 532 1018 590; x_wconf 80' lang='lat' dir='ltr'><strong>Athanasii</strong></span> <span class='ocrx_word' id='word_1_7' title='bbox 1079 536 1275 593; x_wconf 84' lang='lat' dir='ltr'><strong>mullos</strong></span> <span class='ocrx_word' id='word_1_8' title='bbox 1330 540 1540 596; x_wconf 83' lang='lat' dir='ltr'><strong>annos!</strong></span> <span class='ocrx_word' id='word_1_9' title='bbox 1605 537 1741 597; x_wconf 86' lang='lat' dir='ltr'><strong>Novi</strong></span> <span class='ocrx_word' id='word_1_10' title='bbox 1793 541 2121 599; x_wconf 77' lang='lat' dir='ltr'><strong>confessoris</strong></span> <span class='ocrx_word' id='word_1_11' title='bbox 2148 553 2200 608; x_wconf 77' lang='grc' dir='ltr'><strong>Α</strong></span> <span class='ocrx_word' id='word_1_12' title='bbox 2269 541 2460 599; x_wconf 77' lang='lat' dir='ltr'><strong>Versus</strong></span> <span class='ocrx_word' id='word_1_13' title='bbox 2510 543 2721 600; x_wconf 79' lang='lat' dir='ltr'><strong>iambici</strong></span> <span class='ocrx_word' id='word_1_14' title='bbox 2777 543 2918 615; x_wconf 82' lang='lat' dir='ltr'><strong>apud</strong></span> <span class='ocrx_word' id='word_1_15' title='bbox 2972 542 3182 599; x_wconf 74' lang='grc' dir='ltr'><strong>ϐνατοε</strong></span> <span class='ocrx_word' id='word_1_16' title='bbox 3232 559 3326 614; x_wconf 83' lang='lat' dir='ltr'><strong>pro</strong></span> <span class='ocrx_word' id='word_1_17' title='bbox 3390 542 3769 597; x_wconf 79' lang='lat' dir='ltr'><strong>accmmalione</strong></span> 
     </span>
    </p>
   </div>
   <div class='ocr_carea' id='block_1_5' title="bbox 539 622 2116 690">
    <p class='ocr_par' dir='ltr' id='par_1_5' title="bbox 539 622 2116 690">
     <span class='ocr_line' id='line_1_5' title="bbox 539 622 2116 690; baseline 0.006 -11"><span class='ocrx_word' id='word_1_18' title='bbox 539 622 694 681; x_wconf 83' lang='lat' dir='ltr'><strong>Pauli</strong></span> <span class='ocrx_word' id='word_1_19' title='bbox 722 625 918 681; x_wconf 89' lang='lat' dir='ltr'><strong>multos</strong></span> <span class='ocrx_word' id='word_1_20' title='bbox 963 630 1167 683; x_wconf 87' lang='lat' dir='ltr'><strong>annos!</strong></span> <span class='ocrx_word' id='word_1_21' title='bbox 1223 628 1354 684; x_wconf 84' lang='lat' dir='ltr'><strong>Novi</strong></span> <span class='ocrx_word' id='word_1_22' title='bbox 1400 629 1640 685; x_wconf 81' lang='lat' dir='ltr'><strong>Flaviani</strong></span> <span class='ocrx_word' id='word_1_23' title='bbox 1671 631 1868 688; x_wconf 92' lang='lat' dir='ltr'><strong>multos</strong></span> <span class='ocrx_word' id='word_1_24' title='bbox 1915 635 2116 690; x_wconf 89' lang='lat' dir='ltr'><strong>annos!</strong></span> 
     </span>
    </p>
   </div>
   <div class='ocr_carea' id='block_1_6' title="bbox 538 715 2123 781">
    <p class='ocr_par' dir='ltr' id='par_1_6' title="bbox 538 715 2123 781">
     <span class='ocr_line' id='line_1_6' title="bbox 538 715 2123 781; baseline 0.003 -7"><span class='ocrx_word' id='word_1_25' title='bbox 538 715 679 774; x_wconf 84' lang='lat' dir='ltr'><strong>Novi</strong></span> <span class='ocrx_word' id='word_1_26' title='bbox 735 717 972 774; x_wconf 75' lang='lat' dir='ltr'><strong>Anatolii</strong></span> <span class='ocrx_word' id='word_1_27' title='bbox 1023 720 1221 777; x_wconf 91' lang='lat' dir='ltr'><strong>multos</strong></span> <span class='ocrx_word' id='word_1_28' title='bbox 1269 723 1479 778; x_wconf 90' lang='lat' dir='ltr'><strong>annos!</strong></span> <span class='ocrx_word' id='word_1_29' title='bbox 1541 722 2023 781; x_wconf 88' lang='lat' dir='ltr'><strong>Sanctissimorum</strong></span> <span class='ocrx_word' id='word_1_30' title='bbox 2067 733 2123 781; x_wconf 88' lang='lat' dir='ltr'><strong>et</strong></span> 
     </span>
    </p>
   </div>
   <div class='ocr_carea' id='block_1_7' title="bbox 539 809 2125 883">
    <p class='ocr_par' dir='ltr' id='par_1_7' title="bbox 539 809 2125 883">
     <span class='ocr_line' id='line_1_7' title="bbox 539 809 2125 883; baseline 0.006 -19"><span class='ocrx_word' id='word_1_31' title='bbox 539 809 969 867; x_wconf 83' lang='lat' dir='ltr'><strong>orthodoxorum</strong></span> <span class='ocrx_word' id='word_1_32' title='bbox 1006 813 1440 883; x_wconf 88' lang='lat' dir='ltr'><strong>patriarcharum</strong></span> <span class='ocrx_word' id='word_1_33' title='bbox 1483 813 1722 872; x_wconf 78' lang='lat' dir='ltr'><strong>Orientis</strong></span> <span class='ocrx_word' id='word_1_34' title='bbox 1763 825 1963 872; x_wconf 66' lang='lat' dir='ltr'><strong>aeterna</strong></span> <span class='ocrx_word' id='word_1_35' title='bbox 2012 832 2125 873; x_wconf 91' lang='lat' dir='ltr'><strong>me-</strong></span> 
     </span>
    </p>
   </div>
   <div class='ocr_carea' id='block_1_8' title="bbox 541 902 2122 976">
    <p class='ocr_par' dir='ltr' id='par_1_8' title="bbox 541 902 2122 976">
     <span class='ocr_line' id='line_1_8' title="bbox 541 902 2122 976; baseline 0.006 -20"><span class='ocrx_word' id='word_1_36' title='bbox 541 902 762 959; x_wconf 84' lang='lat' dir='ltr'><strong>moria!</strong></span> <span class='ocrx_word' id='word_1_37' title='bbox 806 903 1004 960; x_wconf 93' lang='lat' dir='ltr'><strong>Donati</strong></span> <span class='ocrx_word' id='word_1_38' title='bbox 1043 913 1098 962; x_wconf 87' lang='lat' dir='ltr'><strong>et</strong></span> <span class='ocrx_word' id='word_1_39' title='bbox 1130 905 1390 976; x_wconf 85' lang='lat' dir='ltr'><strong>Stephani</strong></span> <span class='ocrx_word' id='word_1_40' title='bbox 1419 919 1474 964; x_wconf 87' lang='lat' dir='ltr'><strong>et</strong></span> <span class='ocrx_word' id='word_1_41' title='bbox 1515 909 1713 965; x_wconf 87' lang='lat' dir='ltr'><strong>Marini</strong></span> <span class='ocrx_word' id='word_1_42' title='bbox 1743 910 2122 966; x_wconf 87' lang='lat' dir='ltr'><strong>sanctissimo-</strong></span> 
     </span>
    </p>
   </div>
   <div class='ocr_carea' id='block_1_9' title="bbox 539 995 2117 1055">
    <p class='ocr_par' dir='ltr' id='par_1_9' title="bbox 539 995 2117 1055">
     <span class='ocr_line' id='line_1_9' title="bbox 539 995 2117 1055; baseline 0.003 -6"><span class='ocrx_word' id='word_1_43' title='bbox 539 1006 666 1049; x_wconf 81' lang='lat' dir='ltr'><strong>rum</strong></span> <span class='ocrx_word' id='word_1_44' title='bbox 717 995 1046 1051; x_wconf 82' lang='lat' dir='ltr'><strong>vicariorum</strong></span> <span class='ocrx_word' id='word_1_45' title='bbox 1105 996 1339 1053; x_wconf 89' lang='lat' dir='ltr'><strong>senioris</strong></span> <span class='ocrx_word' id='word_1_46' title='bbox 1392 998 1578 1054; x_wconf 55' lang='lat' dir='ltr'><strong>Romae</strong></span> <span class='ocrx_word' id='word_1_47' title='bbox 1647 999 1848 1055; x_wconf 92' lang='lat' dir='ltr'><strong>multos</strong></span> <span class='ocrx_word' id='word_1_48' title='bbox 1908 998 2117 1055; x_wconf 83' lang='lat' dir='ltr'><strong>annos!</strong></span> 
     </span>
    </p>
   </div>
   <div class='ocr_carea' id='block_1_10' title="bbox 542 1083 2129 1162">
    <p class='ocr_par' dir='ltr' id='par_1_10' title="bbox 542 1083 2129 1162">
     <span class='ocr_line' id='line_1_10' title="bbox 542 1083 2129 1162; baseline 0.004 -22"><span class='ocrx_word' id='word_1_49' title='bbox 542 1083 766 1141; x_wconf 74' lang='lat' dir='ltr'><strong>Thoma:</strong></span> <span class='ocrx_word' id='word_1_50' title='bbox 798 1088 1126 1144; x_wconf 84' lang='lat' dir='ltr'><strong>sanctissimi</strong></span> <span class='ocrx_word' id='word_1_51' title='bbox 1169 1089 1526 1160; x_wconf 84' lang='lat' dir='ltr'><strong>metropolitae</strong></span> <span class='ocrx_word' id='word_1_52' title='bbox 1547 1090 1673 1162; x_wconf 88' lang='lat' dir='ltr'><strong>Tyri</strong></span> <span class='ocrx_word' id='word_1_53' title='bbox 1703 1099 1760 1146; x_wconf 90' lang='lat' dir='ltr'><strong>ct</strong></span> <span class='ocrx_word' id='word_1_54' title='bbox 1789 1090 1979 1146; x_wconf 89' lang='lat' dir='ltr'><strong>vicarii</strong></span> <span class='ocrx_word' id='word_1_55' title='bbox 2010 1092 2129 1146; x_wconf 89' lang='lat' dir='ltr'><strong>An-</strong></span> 
     </span>
    </p>
   </div>
   <div class='ocr_carea' id='block_1_11' title="bbox 545 1178 2130 1256">
    <p class='ocr_par' dir='ltr' id='par_1_11' title="bbox 545 1178 2130 1256">
     <span class='ocr_line' id='line_1_11' title="bbox 545 1178 2130 1256; baseline 0.005 -24"><span class='ocrx_word' id='word_1_56' title='bbox 545 1178 761 1235; x_wconf 77' lang='lat' dir='ltr'><strong>tiochia:</strong></span> <span class='ocrx_word' id='word_1_57' title='bbox 787 1181 986 1238; x_wconf 89' lang='lat' dir='ltr'><strong>multos</strong></span> <span class='ocrx_word' id='word_1_58' title='bbox 1014 1183 1217 1238; x_wconf 85' lang='lat' dir='ltr'><strong>annos!</strong></span> <span class='ocrx_word' id='word_1_59' title='bbox 1254 1182 1418 1240; x_wconf 84' lang='lat' dir='ltr'><strong>Heliae</strong></span> <span class='ocrx_word' id='word_1_60' title='bbox 1461 1183 1792 1240; x_wconf 88' lang='lat' dir='ltr'><strong>sanctissimi</strong></span> <span class='ocrx_word' id='word_1_61' title='bbox 1821 1185 2046 1256; x_wconf 91' lang='lat' dir='ltr'><strong>syncelli</strong></span> <span class='ocrx_word' id='word_1_62' title='bbox 2073 1195 2130 1242; x_wconf 89' lang='lat' dir='ltr'><strong>et</strong></span> 
     </span>
    </p>
   </div>
   <div class='ocr_carea' id='block_1_12' title="bbox 540 1269 2130 1345">
    <p class='ocr_par' dir='ltr' id='par_1_12' title="bbox 540 1269 2130 1345">
     <span class='ocr_line' id='line_1_12' title="bbox 540 1269 2130 1345; baseline 0.004 -20"><span class='ocrx_word' id='word_1_63' title='bbox 540 1269 734 1326; x_wconf 88' lang='lat' dir='ltr'><strong>vicarii</strong></span> <span class='ocrx_word' id='word_1_64' title='bbox 784 1271 1288 1345; x_wconf 85' lang='lat' dir='ltr'><strong>Hierosolymorum</strong></span> <span class='ocrx_word' id='word_1_65' title='bbox 1340 1273 1541 1331; x_wconf 92' lang='lat' dir='ltr'><strong>multos</strong></span> <span class='ocrx_word' id='word_1_66' title='bbox 1565 1275 1769 1330; x_wconf 84' lang='lat' dir='ltr'><strong>annos!</strong></span> <span class='ocrx_word' id='word_1_67' title='bbox 1823 1274 1978 1330; x_wconf 89' lang='lat' dir='ltr'><strong>Sacri</strong></span> <span class='ocrx_word' id='word_1_68' title='bbox 2033 1275 2130 1331; x_wconf 82' lang='lat' dir='ltr'><strong>Se-</strong></span> 
     </span>
    </p>
   </div>
   <div class='ocr_carea' id='block_1_13' title="bbox 541 1365 2128 1442">
    <p class='ocr_par' dir='ltr' id='par_1_13' title="bbox 541 1365 2128 1442">
     <span class='ocr_line' id='line_1_13' title="bbox 541 1365 2128 1442; baseline 0.004 -24"><span class='ocrx_word' id='word_1_69' title='bbox 541 1371 706 1421; x_wconf 85' lang='lat' dir='ltr'><strong>natus</strong></span> <span class='ocrx_word' id='word_1_70' title='bbox 748 1365 946 1422; x_wconf 90' lang='lat' dir='ltr'><strong>multos</strong></span> <span class='ocrx_word' id='word_1_71' title='bbox 988 1368 1188 1422; x_wconf 89' lang='lat' dir='ltr'><strong>annos!</strong></span> <span class='ocrx_word' id='word_1_72' title='bbox 1237 1365 1447 1424; x_wconf 65' lang='lat' dir='ltr'><strong>Sancte</strong></span> <span class='ocrx_word' id='word_1_73' title='bbox 1471 1384 1534 1424; x_wconf 90' lang='lat' dir='ltr'><strong>ac</strong></span> <span class='ocrx_word' id='word_1_74' title='bbox 1579 1369 1898 1425; x_wconf 79' lang='lat' dir='ltr'><strong>universalis</strong></span> <span class='ocrx_word' id='word_1_75' title='bbox 1937 1368 2128 1442; x_wconf 85' lang='lat' dir='ltr'><strong>synodi</strong></span> 
     </span>
    </p>
   </div>
   <div class='ocr_carea' id='block_1_14' title="bbox 541 1456 2124 1530">
    <p class='ocr_par' dir='ltr' id='par_1_14' title="bbox 541 1456 2124 1530">
     <span class='ocr_line' id='line_1_14' title="bbox 541 1456 2124 1530; baseline 0.004 -21"><span class='ocrx_word' id='word_1_76' title='bbox 541 1461 742 1510; x_wconf 69' lang='lat' dir='ltr'><strong>aeterna</strong></span> <span class='ocrx_word' id='word_1_77' title='bbox 765 1456 1054 1513; x_wconf 87' lang='lat' dir='ltr'><strong>memoria!</strong></span> <span class='ocrx_word' id='word_1_78' title='bbox 1087 1456 1280 1514; x_wconf 90' lang='lat' dir='ltr'><strong>Multos</strong></span> <span class='ocrx_word' id='word_1_79' title='bbox 1302 1473 1472 1514; x_wconf 88' lang='lat' dir='ltr'><strong>annos</strong></span> <span class='ocrx_word' id='word_1_80' title='bbox 1492 1457 1902 1530; x_wconf 84' lang='lat' dir='ltr'><strong>imperatorum,</strong></span> <span class='ocrx_word' id='word_1_81' title='bbox 1929 1458 2124 1515; x_wconf 92' lang='lat' dir='ltr'><strong>multos</strong></span> 
     </span>
    </p>
   </div>
   <div class='ocr_carea' id='block_1_15' title="bbox 543 1549 753 1603">
    <p class='ocr_par' dir='ltr' id='par_1_15' title="bbox 543 1549 753 1603">
     <span class='ocr_line' id='line_1_15' title="bbox 543 1549 753 1603; baseline 0.014 -3"><span class='ocrx_word' id='word_1_82' title='bbox 543 1549 753 1603; x_wconf 84' lang='lat' dir='ltr'><strong>annos!</strong></span> 
     </span>
    </p>
   </div>
   <div class='ocr_carea' id='block_1_16' title="bbox 2905 615 3131 670">
    <p class='ocr_par' dir='ltr' id='par_1_16' title="bbox 2905 615 3131 670">
     <span class='ocr_line' id='line_1_16' title="bbox 2905 615 3131 670; baseline -0.009 0"><span class='ocrx_word' id='word_1_83' title='bbox 2905 615 3131 670; x_wconf 80' lang='lat' dir='ltr'><strong>concilii.</strong></span> 
     </span>
    </p>
   </div>
   <div class='ocr_carea' id='block_1_17' title="bbox 2367 705 3611 778">
    <p class='ocr_par' dir='ltr' id='par_1_17' title="bbox 2367 705 3611 778">
     <span class='ocr_line' id='line_1_17' title="bbox 2367 705 3611 778; baseline -0.002 -17"><span class='ocrx_word' id='word_1_84' title='bbox 2367 705 2590 764; x_wconf 89' lang='lat' dir='ltr'><strong>Photius</strong></span> <span class='ocrx_word' id='word_1_85' title='bbox 2619 707 2710 778; x_wconf 90' lang='lat' dir='ltr'><strong>qui</strong></span> <span class='ocrx_word' id='word_1_86' title='bbox 2738 707 2946 778; x_wconf 80' lang='lat' dir='ltr'><strong>pridem</strong></span> <span class='ocrx_word' id='word_1_87' title='bbox 2970 706 3382 778; x_wconf 89' lang='lat' dir='ltr'><strong>insuperabilcm</strong></span> <span class='ocrx_word' id='word_1_88' title='bbox 3405 715 3611 776; x_wconf 85' lang='lat' dir='ltr'><strong>petram</strong></span> 
     </span>
    </p>
   </div>
   <div class='ocr_carea' id='block_1_18' title="bbox 2368 794 3664 868">
    <p class='ocr_par' dir='ltr' id='par_1_18' title="bbox 2368 794 3664 868">
     <span class='ocr_line' id='line_1_18' title="bbox 2368 794 3664 868; baseline -0.002 -18"><span class='ocrx_word' id='word_1_89' title='bbox 2368 794 2672 852; x_wconf 88' lang='lat' dir='ltr'><strong>Fraudibus</strong></span> <span class='ocrx_word' id='word_1_90' title='bbox 2692 796 2943 868; x_wconf 84' lang='lat' dir='ltr'><strong>malignis</strong></span> <span class='ocrx_word' id='word_1_91' title='bbox 2969 795 3310 851; x_wconf 83' lang='lat' dir='ltr'><strong>conturbavit</strong></span> <span class='ocrx_word' id='word_1_92' title='bbox 3334 794 3664 865; x_wconf 81' lang='lat' dir='ltr'><strong>insipienter,</strong></span> 
     </span>
    </p>
   </div>
   <div class='ocr_carea' id='block_1_19' title="bbox 2368 883 3357 943">
    <p class='ocr_par' dir='ltr' id='par_1_19' title="bbox 2368 883 3357 943">
     <span class='ocr_line' id='line_1_19' title="bbox 2368 883 3357 943; baseline -0.002 -1"><span class='ocrx_word' id='word_1_93' title='bbox 2368 885 2594 942; x_wconf 91' lang='lat' dir='ltr'><strong>Pellitur</strong></span> <span class='ocrx_word' id='word_1_94' title='bbox 2620 903 2763 943; x_wconf 92' lang='lat' dir='ltr'><strong>nunc</strong></span> <span class='ocrx_word' id='word_1_95' title='bbox 2795 896 2856 942; x_wconf 89' lang='lat' dir='ltr'><strong>ut</strong></span> <span class='ocrx_word' id='word_1_96' title='bbox 2879 886 3216 942; x_wconf 89' lang='lat' dir='ltr'><strong>atrocissima</strong></span> <span class='ocrx_word' id='word_1_97' title='bbox 3242 883 3357 940; x_wconf 78' lang='lat' dir='ltr'><strong>fera</strong></span> 
     </span>
    </p>
   </div>
   <div class='ocr_carea' id='block_1_20' title="bbox 2367 975 3597 1054">
    <p class='ocr_par' dir='ltr' id='par_1_20' title="bbox 2367 975 3597 1054">
     <span class='ocr_line' id='line_1_20' title="bbox 2367 975 3597 1054; baseline -0.003 -20"><span class='ocrx_word' id='word_1_98' title='bbox 2367 978 2409 1034; x_wconf 89' lang='lat' dir='ltr'><strong>A</strong></span> <span class='ocrx_word' id='word_1_99' title='bbox 2437 979 2670 1036; x_wconf 85' lang='lat' dir='ltr'><strong>thalamo</strong></span> <span class='ocrx_word' id='word_1_100' title='bbox 2690 987 2859 1045; x_wconf 87' lang='lat' dir='ltr'><strong>casto,</strong></span> <span class='ocrx_word' id='word_1_101' title='bbox 2883 988 2936 1034; x_wconf 87' lang='lat' dir='ltr'><strong>et</strong></span> <span class='ocrx_word' id='word_1_102' title='bbox 2956 976 3345 1054; x_wconf 79' lang='lat' dir='ltr'><strong>venerabilibus</strong></span> <span class='ocrx_word' id='word_1_103' title='bbox 3367 975 3597 1045; x_wconf 88' lang='lat' dir='ltr'><strong>templis,</strong></span> 
     </span>
    </p>
   </div>
   <div class='ocr_carea' id='block_1_21' title="bbox 2373 1067 3590 1141">
    <p class='ocr_par' dir='ltr' id='par_1_21' title="bbox 2373 1067 3590 1141">
     <span class='ocr_line' id='line_1_21' title="bbox 2373 1067 3590 1141; baseline -0.002 -16"><span class='ocrx_word' id='word_1_104' title='bbox 2373 1069 2591 1126; x_wconf 76' lang='lat' dir='ltr'><strong>Satana:</strong></span> <span class='ocrx_word' id='word_1_105' title='bbox 2614 1073 2871 1141; x_wconf 87' lang='lat' dir='ltr'><strong>pessimo,</strong></span> <span class='ocrx_word' id='word_1_106' title='bbox 2902 1068 3328 1137; x_wconf 88' lang='lat' dir='ltr'><strong>miserrimisquc</strong></span> <span class='ocrx_word' id='word_1_107' title='bbox 3357 1067 3590 1122; x_wconf 85' lang='lat' dir='ltr'><strong>tenebris</strong></span> 
     </span>
    </p>
   </div>
   <div class='ocr_carea' id='block_1_22' title="bbox 2367 1159 3359 1234">
    <p class='ocr_par' dir='ltr' id='par_1_22' title="bbox 2367 1159 3359 1234">
     <span class='ocr_line' id='line_1_22' title="bbox 2367 1159 3359 1234; baseline -0.004 -16"><span class='ocrx_word' id='word_1_108' title='bbox 2367 1162 2513 1218; x_wconf 88' lang='lat' dir='ltr'><strong>Bene</strong></span> <span class='ocrx_word' id='word_1_109' title='bbox 2539 1163 2870 1234; x_wconf 71' lang='lat' dir='ltr'><strong>praemissus,</strong></span> <span class='ocrx_word' id='word_1_110' title='bbox 2900 1169 2952 1216; x_wconf 91' lang='lat' dir='ltr'><strong>et</strong></span> <span class='ocrx_word' id='word_1_111' title='bbox 2983 1175 3174 1231; x_wconf 87' lang='lat' dir='ltr'><strong>passus</strong></span> <span class='ocrx_word' id='word_1_112' title='bbox 3201 1159 3359 1228; x_wconf 83' lang='lat' dir='ltr'><strong>digne</strong></span> 
     </span>
    </p>
   </div>
   <div class='ocr_carea' id='block_1_23' title="bbox 2369 1249 3709 1328">
    <p class='ocr_par' dir='ltr' id='par_1_23' title="bbox 2369 1249 3709 1328">
     <span class='ocr_line' id='line_1_23' title="bbox 2369 1249 3709 1328; baseline -0.003 -17"><span class='ocrx_word' id='word_1_113' title='bbox 2369 1256 2414 1311; x_wconf 90' lang='lat' dir='ltr'><strong>A</strong></span> <span class='ocrx_word' id='word_1_114' title='bbox 2432 1255 2705 1328; x_wconf 86' lang='lat' dir='ltr'><strong>judicihus</strong></span> <span class='ocrx_word' id='word_1_115' title='bbox 2733 1264 2880 1312; x_wconf 90' lang='lat' dir='ltr'><strong>recte</strong></span> <span class='ocrx_word' id='word_1_116' title='bbox 2906 1253 3264 1310; x_wconf 89' lang='lat' dir='ltr'><strong>sentientibus</strong></span> <span class='ocrx_word' id='word_1_117' title='bbox 3292 1259 3455 1322; x_wconf 88' lang='lat' dir='ltr'><strong>atque</strong></span> <span class='ocrx_word' id='word_1_118' title='bbox 3483 1249 3709 1318; x_wconf 89' lang='lat' dir='ltr'><strong>sanctis,</strong></span> 
     </span>
    </p>
   </div>
   <div class='ocr_carea' id='block_1_24' title="bbox 2372 1344 3289 1411">
    <p class='ocr_par' dir='ltr' id='par_1_24' title="bbox 2372 1344 3289 1411">
     <span class='ocr_line' id='line_1_24' title="bbox 2372 1344 3289 1411; baseline -0.002 -9"><span class='ocrx_word' id='word_1_119' title='bbox 2372 1347 2702 1403; x_wconf 69' lang='lat' dir='ltr'><strong>Beatissimo</strong></span> <span class='ocrx_word' id='word_1_120' title='bbox 2727 1346 2976 1402; x_wconf 89' lang='lat' dir='ltr'><strong>videlicet</strong></span> <span class='ocrx_word' id='word_1_121' title='bbox 3003 1344 3244 1411; x_wconf 87' lang='lat' dir='ltr'><strong>Nicolao,</strong></span> <span class='ocrx_word' id='word_1_122' title='bbox 3286 1386 3289 1388; x_wconf 91' lang='grc'><strong>-</strong></span> 
     </span>
    </p>
   </div>
   <div class='ocr_carea' id='block_1_25' title="bbox 2371 1438 3386 1512">
    <p class='ocr_par' dir='ltr' id='par_1_25' title="bbox 2371 1438 3386 1512">
     <span class='ocr_line' id='line_1_25' title="bbox 2371 1438 3386 1512; baseline -0.005 -15"><span class='ocrx_word' id='word_1_123' title='bbox 2371 1443 2719 1512; x_wconf 87' lang='lat' dir='ltr'><strong>Adrianoqne</strong></span> <span class='ocrx_word' id='word_1_124' title='bbox 2748 1441 2928 1496; x_wconf 90' lang='lat' dir='ltr'><strong>divino</strong></span> <span class='ocrx_word' id='word_1_125' title='bbox 2953 1454 3090 1511; x_wconf 90' lang='lat' dir='ltr'><strong>papa</strong></span> <span class='ocrx_word' id='word_1_126' title='bbox 3123 1438 3386 1505; x_wconf 84' lang='lat' dir='ltr'><strong>Romano,</strong></span> 
     </span>
    </p>
   </div>
   <div class='ocr_carea' id='block_1_26' title="bbox 2370 1534 3220 1608">
    <p class='ocr_par' dir='ltr' id='par_1_26' title="bbox 2370 1534 3220 1608">
     <span class='ocr_line' id='line_1_26' title="bbox 2370 1534 3220 1608; baseline -0.005 -16"><span class='ocrx_word' id='word_1_127' title='bbox 2370 1535 2438 1592; x_wconf 86' lang='lat' dir='ltr'><strong>Et</strong></span> <span class='ocrx_word' id='word_1_128' title='bbox 2465 1535 2669 1608; x_wconf 87' lang='lat' dir='ltr'><strong>lgnatio</strong></span> <span class='ocrx_word' id='word_1_129' title='bbox 2695 1534 3013 1606; x_wconf 90' lang='lat' dir='ltr'><strong>martyrium</strong></span> <span class='ocrx_word' id='word_1_130' title='bbox 3043 1547 3220 1604; x_wconf 88' lang='lat' dir='ltr'><strong>passo,</strong></span> 
     </span>
    </p>
   </div>
   <div class='ocr_carea' id='block_1_27' title="bbox 2373 1621 3392 1697">
    <p class='ocr_par' dir='ltr' id='par_1_27' title="bbox 2373 1621 3392 1697">
     <span class='ocr_line' id='line_1_27' title="bbox 2373 1621 3392 1697; baseline -0.005 -14"><span class='ocrx_word' id='word_1_131' title='bbox 2373 1627 2441 1684; x_wconf 87' lang='lat' dir='ltr'><strong>Et</strong></span> <span class='ocrx_word' id='word_1_132' title='bbox 2471 1627 2642 1683; x_wconf 89' lang='lat' dir='ltr'><strong>tribus</strong></span> <span class='ocrx_word' id='word_1_133' title='bbox 2668 1626 2892 1697; x_wconf 85' lang='lat' dir='ltr'><strong>reliquis</strong></span> <span class='ocrx_word' id='word_1_134' title='bbox 2922 1625 3139 1682; x_wconf 87' lang='lat' dir='ltr'><strong>sedibus</strong></span> <span class='ocrx_word' id='word_1_135' title='bbox 3167 1621 3392 1679; x_wconf 88' lang='lat' dir='ltr'><strong>orientis</strong></span> 
     </span>
    </p>
   </div>
   <div class='ocr_carea' id='block_1_28' title="bbox 2370 1713 3334 1790">
    <p class='ocr_par' dir='ltr' id='par_1_28' title="bbox 2370 1713 3334 1790">
     <span class='ocr_line' id='line_1_28' title="bbox 2370 1713 3334 1790; baseline -0.007 -14"><span class='ocrx_word' id='word_1_136' title='bbox 2370 1718 2698 1785; x_wconf 80' lang='lat' dir='ltr'><strong>Orthodoxis</strong></span> <span class='ocrx_word' id='word_1_137' title='bbox 2725 1727 2782 1775; x_wconf 90' lang='lat' dir='ltr'><strong>et</strong></span> <span class='ocrx_word' id='word_1_138' title='bbox 2801 1717 3132 1790; x_wconf 90' lang='lat' dir='ltr'><strong>sapientibus</strong></span> <span class='ocrx_word' id='word_1_139' title='bbox 3159 1713 3334 1770; x_wconf 88' lang='lat' dir='ltr'><strong>valde.</strong></span> 
     </span>
    </p>
   </div>
   <div class='ocr_carea' id='block_1_29' title="bbox 541 1855 3819 1886">
    <p class='ocr_par' dir='ltr' id='par_1_29' title="bbox 541 1855 3819 1886">
     <span class='ocr_line' id='line_1_29' title="bbox 541 1855 3819 1886; baseline 0.002 -7"><span class='ocrx_word' id='word_1_140' title='bbox 541 1855 3819 1886; x_wconf 49' lang='grc' dir='ltr'>Μ</span> 
     </span>
    </p>
   </div>
   <div class='ocr_carea' id='block_1_30' title="bbox 1782 2008 2589 2097">
    <p class='ocr_par' dir='ltr' id='par_1_30' title="bbox 1782 2008 2589 2097">
     <span class='ocr_line' id='line_1_30' title="bbox 1782 2008 2589 2097; baseline -0.004 0"><span class='ocrx_word' id='word_1_141' title='bbox 1782 2015 2090 2097; x_wconf 86' lang='lat' dir='ltr'><strong>ACTIO</strong></span> <span class='ocrx_word' id='word_1_142' title='bbox 2145 2008 2589 2096; x_wconf 81' lang='lat' dir='ltr'><strong>OCTAVA.</strong></span> 
     </span>
    </p>
   </div>
   <div class='ocr_carea' id='block_1_31' title="bbox 543 2306 3820 2380">
    <p class='ocr_par' dir='ltr' id='par_1_31' title="bbox 543 2306 3820 2380">
     <span class='ocr_line' id='line_1_31' title="bbox 543 2306 3820 2380; baseline 0 -11"><span class='ocrx_word' id='word_1_143' title='bbox 543 2345 554 2356; x_wconf 68' lang='grc' dir='ltr'><em>ι</em></span> <span class='ocrx_word' id='word_1_144' title='bbox 608 2311 668 2369; x_wconf 84' lang='grc' dir='ltr'><strong>1η</strong></span> <span class='ocrx_word' id='word_1_145' title='bbox 703 2311 920 2370; x_wconf 90' lang='lat' dir='ltr'><strong>nomine</strong></span> <span class='ocrx_word' id='word_1_146' title='bbox 963 2311 1177 2370; x_wconf 90' lang='lat' dir='ltr'><strong>Domini</strong></span> <span class='ocrx_word' id='word_1_147' title='bbox 1216 2320 1271 2368; x_wconf 93' lang='lat' dir='ltr'><strong>et</strong></span> <span class='ocrx_word' id='word_1_148' title='bbox 1303 2309 1671 2369; x_wconf 88' lang='lat' dir='ltr'><strong>Dominatoris</strong></span> <span class='ocrx_word' id='word_1_149' title='bbox 1707 2311 1948 2368; x_wconf 91' lang='lat' dir='ltr'><strong>omnium</strong></span> <span class='ocrx_word' id='word_1_150' title='bbox 1987 2308 2114 2366; x_wconf 85' lang='lat' dir='ltr'><strong>Jesu</strong></span> <span class='ocrx_word' id='word_1_151' title='bbox 2145 2315 2191 2376; x_wconf 81' lang='grc' dir='ltr'><strong>Β</strong></span> <span class='ocrx_word' id='word_1_152' title='bbox 2219 2309 2559 2380; x_wconf 90' lang='lat' dir='ltr'><strong>metropolita</strong></span> <span class='ocrx_word' id='word_1_153' title='bbox 2585 2307 2838 2375; x_wconf 73' lang='lat' dir='ltr'><strong>Amasiae,</strong></span> <span class='ocrx_word' id='word_1_154' title='bbox 2883 2306 3069 2366; x_wconf 87' lang='lat' dir='ltr'><strong>Niceta</strong></span> <span class='ocrx_word' id='word_1_155' title='bbox 3091 2309 3202 2367; x_wconf 90' lang='lat' dir='ltr'><strong>Deo</strong></span> <span class='ocrx_word' id='word_1_156' title='bbox 3242 2309 3572 2366; x_wconf 87' lang='lat' dir='ltr'><strong>amicissimo</strong></span> <span class='ocrx_word' id='word_1_157' title='bbox 3605 2320 3820 2373; x_wconf 75' lang='lat' dir='ltr'><strong>metro-</strong></span> 
     </span>
    </p>
   </div>
   <div class='ocr_carea' id='block_1_32' title="bbox 537 2403 2126 2476">
    <p class='ocr_par' dir='ltr' id='par_1_32' title="bbox 537 2403 2126 2476">
     <span class='ocr_line' id='line_1_32' title="bbox 537 2403 2126 2476; baseline -0.003 -12"><span class='ocrx_word' id='word_1_158' title='bbox 537 2403 745 2464; x_wconf 86' lang='lat' dir='ltr'><strong>Christi</strong></span> <span class='ocrx_word' id='word_1_159' title='bbox 785 2406 900 2462; x_wconf 90' lang='lat' dir='ltr'><strong>veri</strong></span> <span class='ocrx_word' id='word_1_160' title='bbox 946 2405 1041 2462; x_wconf 91' lang='lat' dir='ltr'><strong>Dei</strong></span> <span class='ocrx_word' id='word_1_161' title='bbox 1065 2415 1120 2462; x_wconf 91' lang='lat' dir='ltr'><strong>et</strong></span> <span class='ocrx_word' id='word_1_162' title='bbox 1159 2405 1458 2462; x_wconf 88' lang='lat' dir='ltr'><strong>Salvatoris</strong></span> <span class='ocrx_word' id='word_1_163' title='bbox 1487 2405 1678 2472; x_wconf 88' lang='lat' dir='ltr'><strong>nostri,</strong></span> <span class='ocrx_word' id='word_1_164' title='bbox 1713 2405 1926 2476; x_wconf 90' lang='lat' dir='ltr'><strong>imperii</strong></span> <span class='ocrx_word' id='word_1_165' title='bbox 1955 2419 1986 2459; x_wconf 89' lang='lat' dir='ltr'><strong>a</strong></span> <span class='ocrx_word' id='word_1_166' title='bbox 2015 2404 2126 2460; x_wconf 91' lang='lat' dir='ltr'><strong>Deo</strong></span> 
     </span>
    </p>
   </div>
   <div class='ocr_carea' id='block_1_33' title="bbox 537 2496 2125 2568">
    <p class='ocr_par' dir='ltr' id='par_1_33' title="bbox 537 2496 2125 2568">
     <span class='ocr_line' id='line_1_33' title="bbox 537 2496 2125 2568; baseline -0.002 -13"><span class='ocrx_word' id='word_1_167' title='bbox 537 2507 919 2555; x_wconf 89' lang='lat' dir='ltr'><strong>coronatorum</strong></span> <span class='ocrx_word' id='word_1_168' title='bbox 955 2507 1010 2555; x_wconf 92' lang='lat' dir='ltr'><strong>et</strong></span> <span class='ocrx_word' id='word_1_169' title='bbox 1047 2496 1614 2568; x_wconf 87' lang='lat' dir='ltr'><strong>tranquillissimorum</strong></span> <span class='ocrx_word' id='word_1_170' title='bbox 1641 2496 1979 2553; x_wconf 90' lang='lat' dir='ltr'><strong>dominorum</strong></span> <span class='ocrx_word' id='word_1_171' title='bbox 2027 2513 2125 2552; x_wconf 83' lang='lat' dir='ltr'><strong>no-</strong></span> 
     </span>
    </p>
   </div>
   <div class='ocr_carea' id='block_1_34' title="bbox 537 2590 2125 2663">
    <p class='ocr_par' dir='ltr' id='par_1_34' title="bbox 537 2590 2125 2663">
     <span class='ocr_line' id='line_1_34' title="bbox 537 2590 2125 2663; baseline -0.003 -14"><span class='ocrx_word' id='word_1_172' title='bbox 537 2601 801 2660; x_wconf 83' lang='lat' dir='ltr'><strong>strorum,</strong></span> <span class='ocrx_word' id='word_1_173' title='bbox 859 2590 1044 2648; x_wconf 86' lang='lat' dir='ltr'><strong>Basilii</strong></span> <span class='ocrx_word' id='word_1_174' title='bbox 1095 2593 1313 2663; x_wconf 86' lang='lat' dir='ltr'><strong>quidem</strong></span> <span class='ocrx_word' id='word_1_175' title='bbox 1363 2607 1505 2649; x_wconf 88' lang='lat' dir='ltr'><strong>anno</strong></span> <span class='ocrx_word' id='word_1_176' title='bbox 1550 2591 1730 2659; x_wconf 87' lang='lat' dir='ltr'><strong>tertio,</strong></span> <span class='ocrx_word' id='word_1_177' title='bbox 1787 2590 2125 2648; x_wconf 86' lang='lat' dir='ltr'><strong>Constantini</strong></span> 
     </span>
    </p>
   </div>
   <div class='ocr_carea' id='block_1_35' title="bbox 537 2683 2127 2755">
    <p class='ocr_par' dir='ltr' id='par_1_35' title="bbox 537 2683 2127 2755">
     <span class='ocr_line' id='line_1_35' title="bbox 537 2683 2127 2755; baseline -0.003 -14"><span class='ocrx_word' id='word_1_178' title='bbox 537 2699 671 2741; x_wconf 88' lang='lat' dir='ltr'><strong>vero</strong></span> <span class='ocrx_word' id='word_1_179' title='bbox 707 2683 803 2739; x_wconf 89' lang='lat' dir='ltr'><strong>ﬁlii</strong></span> <span class='ocrx_word' id='word_1_180' title='bbox 833 2683 950 2755; x_wconf 85' lang='lat' dir='ltr'><strong>ejus</strong></span> <span class='ocrx_word' id='word_1_181' title='bbox 979 2698 1122 2740; x_wconf 90' lang='lat' dir='ltr'><strong>anno</strong></span> <span class='ocrx_word' id='word_1_182' title='bbox 1156 2684 1412 2751; x_wconf 88' lang='lat' dir='ltr'><strong>secundo,</strong></span> <span class='ocrx_word' id='word_1_183' title='bbox 1441 2693 1826 2755; x_wconf 90' lang='lat' dir='ltr'><strong>perpetuorum</strong></span> <span class='ocrx_word' id='word_1_184' title='bbox 1859 2683 2127 2755; x_wconf 84' lang='lat' dir='ltr'><strong>Augusto-</strong></span> 
     </span>
    </p>
   </div>
   <div class='ocr_carea' id='block_1_36' title="bbox 538 2775 2128 2846">
    <p class='ocr_par' dir='ltr' id='par_1_36' title="bbox 538 2775 2128 2846">
     <span class='ocr_line' id='line_1_36' title="bbox 538 2775 2128 2846; baseline -0.003 -12"><span class='ocrx_word' id='word_1_185' title='bbox 538 2794 678 2842; x_wconf 88' lang='lat' dir='ltr'><strong>rum,</strong></span> <span class='ocrx_word' id='word_1_186' title='bbox 715 2777 1012 2833; x_wconf 88' lang='lat' dir='ltr'><strong>indictione</strong></span> <span class='ocrx_word' id='word_1_187' title='bbox 1037 2778 1214 2837; x_wconf 91' lang='lat' dir='ltr'><strong>tertia.</strong></span> <span class='ocrx_word' id='word_1_188' title='bbox 1245 2775 1414 2832; x_wconf 88' lang='lat' dir='ltr'><strong>Nonis</strong></span> <span class='ocrx_word' id='word_1_189' title='bbox 1444 2775 1838 2832; x_wconf 84' lang='lat' dir='ltr'><strong>Novembribus</strong></span> <span class='ocrx_word' id='word_1_190' title='bbox 1877 2793 1891 2830; x_wconf 92' lang='lat'><strong>:</strong></span> <span class='ocrx_word' id='word_1_191' title='bbox 1930 2789 2128 2846; x_wconf 86' lang='lat' dir='ltr'><strong>propo-</strong></span> 
     </span>
    </p>
   </div>
   <div class='ocr_carea' id='block_1_37' title="bbox 536 2867 2127 2941">
    <p class='ocr_par' dir='ltr' id='par_1_37' title="bbox 536 2867 2127 2941">
     <span class='ocr_line' id='line_1_37' title="bbox 536 2867 2127 2941; baseline -0.003 -15"><span class='ocrx_word' id='word_1_192' title='bbox 536 2870 660 2926; x_wconf 84' lang='lat' dir='ltr'><strong>sitis</strong></span> <span class='ocrx_word' id='word_1_193' title='bbox 686 2870 937 2940; x_wconf 90' lang='lat' dir='ltr'><strong>pretiosis</strong></span> <span class='ocrx_word' id='word_1_194' title='bbox 956 2877 1011 2924; x_wconf 86' lang='lat' dir='ltr'><strong>et</strong></span> <span class='ocrx_word' id='word_1_195' title='bbox 1030 2869 1257 2925; x_wconf 89' lang='lat' dir='ltr'><strong>viviﬁcis</strong></span> <span class='ocrx_word' id='word_1_196' title='bbox 1285 2868 1462 2941; x_wconf 87' lang='lat' dir='ltr'><strong>lignis,</strong></span> <span class='ocrx_word' id='word_1_197' title='bbox 1491 2877 1548 2925; x_wconf 93' lang='lat' dir='ltr'><strong>et</strong></span> <span class='ocrx_word' id='word_1_198' title='bbox 1572 2869 1910 2926; x_wconf 88' lang='lat' dir='ltr'><strong>intemeratis</strong></span> <span class='ocrx_word' id='word_1_199' title='bbox 1936 2867 2127 2924; x_wconf 89' lang='lat' dir='ltr'><strong>salutis</strong></span> 
     </span>
    </p>
   </div>
   <div class='ocr_carea' id='block_1_38' title="bbox 536 2960 2126 3032">
    <p class='ocr_par' dir='ltr' id='par_1_38' title="bbox 536 2960 2126 3032">
     <span class='ocr_line' id='line_1_38' title="bbox 536 2960 2126 3032; baseline -0.002 -14"><span class='ocrx_word' id='word_1_200' title='bbox 536 2970 738 3018; x_wconf 69' lang='lat' dir='ltr'><strong>nostra:</strong></span> <span class='ocrx_word' id='word_1_201' title='bbox 759 2961 1094 3032; x_wconf 80' lang='lat' dir='ltr'><strong>Evangeliis;</strong></span> <span class='ocrx_word' id='word_1_202' title='bbox 1121 2960 1445 3031; x_wconf 72' lang='lat' dir='ltr'><strong>przesidente</strong></span> <span class='ocrx_word' id='word_1_203' title='bbox 1467 2972 1646 3018; x_wconf 86' lang='lat' dir='ltr'><strong>autem</strong></span> <span class='ocrx_word' id='word_1_204' title='bbox 1669 2962 1859 3018; x_wconf 90' lang='lat' dir='ltr'><strong>eodem</strong></span> <span class='ocrx_word' id='word_1_205' title='bbox 1882 2961 2126 3032; x_wconf 85' lang='lat' dir='ltr'><strong>piissimo</strong></span> 
     </span>
    </p>
   </div>
   <div class='ocr_carea' id='block_1_39' title="bbox 539 3051 2124 3125">
    <p class='ocr_par' dir='ltr' id='par_1_39' title="bbox 539 3051 2124 3125">
     <span class='ocr_line' id='line_1_39' title="bbox 539 3051 2124 3125; baseline 0.001 -18"><span class='ocrx_word' id='word_1_206' title='bbox 539 3061 596 3108; x_wconf 90' lang='lat' dir='ltr'><strong>et</strong></span> <span class='ocrx_word' id='word_1_207' title='bbox 630 3052 808 3108; x_wconf 91' lang='lat' dir='ltr'><strong>amico</strong></span> <span class='ocrx_word' id='word_1_208' title='bbox 838 3051 1040 3108; x_wconf 88' lang='lat' dir='ltr'><strong>Christi</strong></span> <span class='ocrx_word' id='word_1_209' title='bbox 1071 3052 1269 3108; x_wconf 89' lang='lat' dir='ltr'><strong>Basilio</strong></span> <span class='ocrx_word' id='word_1_210' title='bbox 1289 3053 1344 3107; x_wconf 91' lang='lat' dir='ltr'><strong>in</strong></span> <span class='ocrx_word' id='word_1_211' title='bbox 1375 3053 1596 3108; x_wconf 83' lang='lat' dir='ltr'><strong>dextera</strong></span> <span class='ocrx_word' id='word_1_212' title='bbox 1626 3063 1782 3124; x_wconf 89' lang='lat' dir='ltr'><strong>parte</strong></span> <span class='ocrx_word' id='word_1_213' title='bbox 1817 3053 2000 3125; x_wconf 89' lang='lat' dir='ltr'><strong>magni</strong></span> <span class='ocrx_word' id='word_1_214' title='bbox 2025 3067 2124 3108; x_wconf 90' lang='lat' dir='ltr'><strong>no-</strong></span> 
     </span>
    </p>
   </div>
   <div class='ocr_carea' id='block_1_40' title="bbox 537 3142 2125 3215">
    <p class='ocr_par' dir='ltr' id='par_1_40' title="bbox 537 3142 2125 3215">
     <span class='ocr_line' id='line_1_40' title="bbox 537 3142 2125 3215; baseline 0 -16"><span class='ocrx_word' id='word_1_215' title='bbox 537 3143 704 3200; x_wconf 91' lang='lat' dir='ltr'><strong>minis</strong></span> <span class='ocrx_word' id='word_1_216' title='bbox 733 3143 914 3215; x_wconf 85' lang='lat' dir='ltr'><strong>templi</strong></span> <span class='ocrx_word' id='word_1_217' title='bbox 963 3158 1172 3214; x_wconf 69' lang='lat' dir='ltr'><strong>magnae</strong></span> <span class='ocrx_word' id='word_1_218' title='bbox 1199 3142 1460 3210; x_wconf 64' lang='lat' dir='ltr'><strong>ecclesiae,</strong></span> <span class='ocrx_word' id='word_1_219' title='bbox 1505 3151 1561 3200; x_wconf 89' lang='lat' dir='ltr'><strong>et</strong></span> <span class='ocrx_word' id='word_1_220' title='bbox 1589 3154 1777 3200; x_wconf 88' lang='lat' dir='ltr'><strong>sancta</strong></span> <span class='ocrx_word' id='word_1_221' title='bbox 1809 3153 1864 3200; x_wconf 86' lang='lat' dir='ltr'><strong>et</strong></span> <span class='ocrx_word' id='word_1_222' title='bbox 1904 3145 2125 3200; x_wconf 86' lang='lat' dir='ltr'><strong>univer-</strong></span> 
     </span>
    </p>
   </div>
   <div class='ocr_carea' id='block_1_41' title="bbox 539 3234 2126 3308">
    <p class='ocr_par' dir='ltr' id='par_1_41' title="bbox 539 3234 2126 3308">
     <span class='ocr_line' id='line_1_41' title="bbox 539 3234 2126 3308; baseline -0.002 -16"><span class='ocrx_word' id='word_1_223' title='bbox 539 3234 638 3292; x_wconf 86' lang='lat' dir='ltr'><strong>sali</strong></span> <span class='ocrx_word' id='word_1_224' title='bbox 667 3236 892 3308; x_wconf 88' lang='lat' dir='ltr'><strong>synodo,</strong></span> <span class='ocrx_word' id='word_1_225' title='bbox 942 3235 996 3290; x_wconf 82' lang='lat' dir='ltr'><strong>id</strong></span> <span class='ocrx_word' id='word_1_226' title='bbox 1041 3243 1145 3301; x_wconf 87' lang='lat' dir='ltr'><strong>est,</strong></span> <span class='ocrx_word' id='word_1_227' title='bbox 1199 3235 1407 3290; x_wconf 89' lang='lat' dir='ltr'><strong>Donato</strong></span> <span class='ocrx_word' id='word_1_228' title='bbox 1454 3235 1567 3290; x_wconf 88' lang='lat' dir='ltr'><strong>Deo</strong></span> <span class='ocrx_word' id='word_1_229' title='bbox 1606 3235 1826 3292; x_wconf 89' lang='lat' dir='ltr'><strong>amabili</strong></span> <span class='ocrx_word' id='word_1_230' title='bbox 1873 3235 2126 3306; x_wconf 90' lang='lat' dir='ltr'><strong>episcopo</strong></span> 
     </span>
    </p>
   </div>
   <div class='ocr_carea' id='block_1_42' title="bbox 539 3325 2127 3398">
    <p class='ocr_par' dir='ltr' id='par_1_42' title="bbox 539 3325 2127 3398">
     <span class='ocr_line' id='line_1_42' title="bbox 539 3325 2127 3398; baseline -0.001 -14"><span class='ocrx_word' id='word_1_231' title='bbox 539 3325 796 3392; x_wconf 87' lang='lat' dir='ltr'><strong>Ostiensi,</strong></span> <span class='ocrx_word' id='word_1_232' title='bbox 843 3335 897 3382; x_wconf 88' lang='lat' dir='ltr'><strong>et</strong></span> <span class='ocrx_word' id='word_1_233' title='bbox 943 3325 1221 3397; x_wconf 90' lang='lat' dir='ltr'><strong>Stephano</strong></span> <span class='ocrx_word' id='word_1_234' title='bbox 1265 3327 1376 3382; x_wconf 88' lang='lat' dir='ltr'><strong>Deo</strong></span> <span class='ocrx_word' id='word_1_235' title='bbox 1419 3327 1637 3383; x_wconf 91' lang='lat' dir='ltr'><strong>amabili</strong></span> <span class='ocrx_word' id='word_1_236' title='bbox 1667 3327 1920 3398; x_wconf 90' lang='lat' dir='ltr'><strong>episcopo</strong></span> <span class='ocrx_word' id='word_1_237' title='bbox 1957 3327 2127 3398; x_wconf 81' lang='lat' dir='ltr'><strong>Nepe-</strong></span> 
     </span>
    </p>
   </div>
   <div class='ocr_carea' id='block_1_43' title="bbox 537 3417 2126 3489">
    <p class='ocr_par' dir='ltr' id='par_1_43' title="bbox 537 3417 2126 3489">
     <span class='ocr_line' id='line_1_43' title="bbox 537 3417 2126 3489; baseline 0 -14"><span class='ocrx_word' id='word_1_238' title='bbox 537 3421 682 3487; x_wconf 88' lang='lat' dir='ltr'><strong>sino,</strong></span> <span class='ocrx_word' id='word_1_239' title='bbox 721 3427 884 3489; x_wconf 84' lang='lat' dir='ltr'><strong>atque</strong></span> <span class='ocrx_word' id='word_1_240' title='bbox 930 3417 1140 3473; x_wconf 84' lang='lat' dir='ltr'><strong>Marino</strong></span> <span class='ocrx_word' id='word_1_241' title='bbox 1176 3419 1628 3475; x_wconf 87' lang='lat' dir='ltr'><strong>reverendissimo</strong></span> <span class='ocrx_word' id='word_1_242' title='bbox 1661 3420 1890 3476; x_wconf 88' lang='lat' dir='ltr'><strong>diacono</strong></span> <span class='ocrx_word' id='word_1_243' title='bbox 1925 3427 2126 3475; x_wconf 64' lang='lat' dir='ltr'><strong>sanctae</strong></span> 
     </span>
    </p>
   </div>
   <div class='ocr_carea' id='block_1_44' title="bbox 537 3509 2128 3576">
    <p class='ocr_par' dir='ltr' id='par_1_44' title="bbox 537 3509 2128 3576">
     <span class='ocr_line' id='line_1_44' title="bbox 537 3509 2128 3576; baseline 0 -10"><span class='ocrx_word' id='word_1_244' title='bbox 537 3509 798 3566; x_wconf 76' lang='lat' dir='ltr'><strong>Bomanze</strong></span> <span class='ocrx_word' id='word_1_245' title='bbox 816 3509 1091 3576; x_wconf 57' lang='lat' dir='ltr'><strong>Ecclesiae,</strong></span> <span class='ocrx_word' id='word_1_246' title='bbox 1117 3509 1295 3566; x_wconf 92' lang='lat' dir='ltr'><strong>locum</strong></span> <span class='ocrx_word' id='word_1_247' title='bbox 1322 3511 1627 3566; x_wconf 81' lang='lat' dir='ltr'><strong>tenentibus</strong></span> <span class='ocrx_word' id='word_1_248' title='bbox 1648 3511 1870 3566; x_wconf 85' lang='lat' dir='ltr'><strong>Adriani</strong></span> <span class='ocrx_word' id='word_1_249' title='bbox 1897 3511 2128 3567; x_wconf 86' lang='lat' dir='ltr'><strong>sanctis-</strong></span> 
     </span>
    </p>
   </div>
   <div class='ocr_carea' id='block_1_45' title="bbox 536 3601 2124 3676">
    <p class='ocr_par' dir='ltr' id='par_1_45' title="bbox 536 3601 2124 3676">
     <span class='ocr_line' id='line_1_45' title="bbox 536 3601 2124 3676; baseline 0.001 -18"><span class='ocrx_word' id='word_1_250' title='bbox 536 3602 658 3658; x_wconf 89' lang='lat' dir='ltr'><strong>simi</strong></span> <span class='ocrx_word' id='word_1_251' title='bbox 687 3618 836 3674; x_wconf 76' lang='lat' dir='ltr'><strong>papze</strong></span> <span class='ocrx_word' id='word_1_252' title='bbox 863 3601 1114 3668; x_wconf 77' lang='lat' dir='ltr'><strong>Romani,</strong></span> <span class='ocrx_word' id='word_1_253' title='bbox 1143 3611 1200 3657; x_wconf 92' lang='lat' dir='ltr'><strong>et</strong></span> <span class='ocrx_word' id='word_1_254' title='bbox 1220 3603 1426 3674; x_wconf 87' lang='lat' dir='ltr'><strong>lgnatio</strong></span> <span class='ocrx_word' id='word_1_255' title='bbox 1447 3605 1791 3660; x_wconf 91' lang='lat' dir='ltr'><strong>sanctissimo</strong></span> <span class='ocrx_word' id='word_1_256' title='bbox 1817 3604 2124 3676; x_wconf 87' lang='lat' dir='ltr'><strong>patriarcha</strong></span> 
     </span>
    </p>
   </div>
   <div class='ocr_carea' id='block_1_46' title="bbox 2225 2400 3813 2472">
    <p class='ocr_par' dir='ltr' id='par_1_46' title="bbox 2225 2400 3813 2472">
     <span class='ocr_line' id='line_1_46' title="bbox 2225 2400 3813 2472; baseline 0.004 -17"><span class='ocrx_word' id='word_1_257' title='bbox 2225 2400 2391 2472; x_wconf 87' lang='lat' dir='ltr'><strong>polita</strong></span> <span class='ocrx_word' id='word_1_258' title='bbox 2419 2400 2777 2467; x_wconf 88' lang='lat' dir='ltr'><strong>Athenarum,</strong></span> <span class='ocrx_word' id='word_1_259' title='bbox 2805 2400 3088 2457; x_wconf 89' lang='lat' dir='ltr'><strong>Theodoro</strong></span> <span class='ocrx_word' id='word_1_260' title='bbox 3109 2401 3219 2458; x_wconf 89' lang='lat' dir='ltr'><strong>Deo</strong></span> <span class='ocrx_word' id='word_1_261' title='bbox 3249 2401 3582 2459; x_wconf 89' lang='lat' dir='ltr'><strong>amicissimo</strong></span> <span class='ocrx_word' id='word_1_262' title='bbox 3600 2413 3813 2461; x_wconf 81' lang='lat' dir='ltr'><strong>metro-</strong></span> 
     </span>
    </p>
   </div>
   <div class='ocr_carea' id='block_1_47' title="bbox 2226 2492 3818 2570">
    <p class='ocr_par' dir='ltr' id='par_1_47' title="bbox 2226 2492 3818 2570">
     <span class='ocr_line' id='line_1_47' title="bbox 2226 2492 3818 2570; baseline 0.004 -22"><span class='ocrx_word' id='word_1_263' title='bbox 2226 2493 2393 2564; x_wconf 89' lang='lat' dir='ltr'><strong>polita</strong></span> <span class='ocrx_word' id='word_1_264' title='bbox 2425 2492 2616 2559; x_wconf 64' lang='lat' dir='ltr'><strong>Cariae,</strong></span> <span class='ocrx_word' id='word_1_265' title='bbox 2657 2493 3007 2565; x_wconf 82' lang='lat' dir='ltr'><strong>Metrophane</strong></span> <span class='ocrx_word' id='word_1_266' title='bbox 3028 2495 3141 2550; x_wconf 91' lang='lat' dir='ltr'><strong>Deo</strong></span> <span class='ocrx_word' id='word_1_267' title='bbox 3171 2495 3501 2552; x_wconf 90' lang='lat' dir='ltr'><strong>amicissimo</strong></span> <span class='ocrx_word' id='word_1_268' title='bbox 3530 2506 3818 2570; x_wconf 84' lang='lat' dir='ltr'><strong>metropo-</strong></span> 
     </span>
    </p>
   </div>
   <div class='ocr_carea' id='block_1_48' title="bbox 2226 2583 3826 2656">
    <p class='ocr_par' dir='ltr' id='par_1_48' title="bbox 2226 2583 3826 2656">
     <span class='ocr_line' id='line_1_48' title="bbox 2226 2583 3826 2656; baseline 0.004 -17"><span class='ocrx_word' id='word_1_269' title='bbox 2226 2583 2320 2639; x_wconf 88' lang='lat' dir='ltr'><strong>lita</strong></span> <span class='ocrx_word' id='word_1_270' title='bbox 2350 2583 2852 2656; x_wconf 86' lang='lat' dir='ltr'><strong>Smyrnadensium,</strong></span> <span class='ocrx_word' id='word_1_271' title='bbox 2887 2585 3087 2642; x_wconf 88' lang='lat' dir='ltr'><strong>Basilio</strong></span> <span class='ocrx_word' id='word_1_272' title='bbox 3113 2587 3223 2642; x_wconf 89' lang='lat' dir='ltr'><strong>Deo</strong></span> <span class='ocrx_word' id='word_1_273' title='bbox 3253 2587 3582 2643; x_wconf 89' lang='lat' dir='ltr'><strong>amicissimo</strong></span> <span class='ocrx_word' id='word_1_274' title='bbox 3610 2598 3826 2647; x_wconf 87' lang='lat' dir='ltr'><strong>metro-</strong></span> 
     </span>
    </p>
   </div>
   <div class='ocr_carea' id='block_1_49' title="bbox 2225 2677 3827 2751">
    <p class='ocr_par' dir='ltr' id='par_1_49' title="bbox 2225 2677 3827 2751">
     <span class='ocr_line' id='line_1_49' title="bbox 2225 2677 3827 2751; baseline 0.004 -17"><span class='ocrx_word' id='word_1_275' title='bbox 2225 2677 2391 2749; x_wconf 86' lang='lat' dir='ltr'><strong>polita</strong></span> <span class='ocrx_word' id='word_1_276' title='bbox 2457 2679 2776 2745; x_wconf 69' lang='lat' dir='ltr'><strong>Antiochiae,</strong></span> <span class='ocrx_word' id='word_1_277' title='bbox 2841 2678 3240 2751; x_wconf 86' lang='lat' dir='ltr'><strong>Theophylacto</strong></span> <span class='ocrx_word' id='word_1_278' title='bbox 3305 2681 3416 2736; x_wconf 91' lang='lat' dir='ltr'><strong>Deo</strong></span> <span class='ocrx_word' id='word_1_279' title='bbox 3487 2682 3827 2741; x_wconf 88' lang='lat' dir='ltr'><strong>amicissimo</strong></span> 
     </span>
    </p>
   </div>
   <div class='ocr_carea' id='block_1_50' title="bbox 2227 2769 3826 2841">
    <p class='ocr_par' dir='ltr' id='par_1_50' title="bbox 2227 2769 3826 2841">
     <span class='ocr_line' id='line_1_50' title="bbox 2227 2769 3826 2841; baseline 0.003 -15"><span class='ocrx_word' id='word_1_280' title='bbox 2227 2770 2572 2841; x_wconf 88' lang='lat' dir='ltr'><strong>metropolita</strong></span> <span class='ocrx_word' id='word_1_281' title='bbox 2597 2769 3086 2837; x_wconf 89' lang='lat' dir='ltr'><strong>lconii,Theodoro</strong></span> <span class='ocrx_word' id='word_1_282' title='bbox 3123 2770 3234 2828; x_wconf 87' lang='lat' dir='ltr'><strong>Deo</strong></span> <span class='ocrx_word' id='word_1_283' title='bbox 3259 2772 3586 2828; x_wconf 91' lang='lat' dir='ltr'><strong>amicissimo</strong></span> <span class='ocrx_word' id='word_1_284' title='bbox 3639 2774 3826 2831; x_wconf 79' lang='lat' dir='ltr'><strong>archi-</strong></span> 
     </span>
    </p>
   </div>
   <div class='ocr_carea' id='block_1_51' title="bbox 2228 2862 3825 2936">
    <p class='ocr_par' dir='ltr' id='par_1_51' title="bbox 2228 2862 3825 2936">
     <span class='ocr_line' id='line_1_51' title="bbox 2228 2862 3825 2936; baseline 0.004 -18"><span class='ocrx_word' id='word_1_285' title='bbox 2228 2863 2480 2934; x_wconf 88' lang='lat' dir='ltr'><strong>episcopo</strong></span> <span class='ocrx_word' id='word_1_286' title='bbox 2506 2862 3090 2929; x_wconf 84' lang='lat' dir='ltr'><strong>Thessalonicensium,</strong></span> <span class='ocrx_word' id='word_1_287' title='bbox 3119 2862 3324 2936; x_wconf 83' lang='lat' dir='ltr'><strong>lgnatio</strong></span> <span class='ocrx_word' id='word_1_288' title='bbox 3354 2865 3463 2919; x_wconf 89' lang='lat' dir='ltr'><strong>Deo</strong></span> <span class='ocrx_word' id='word_1_289' title='bbox 3483 2865 3825 2924; x_wconf 79' lang='lat' dir='ltr'><strong>amicissimo</strong></span> 
     </span>
    </p>
   </div>
   <div class='ocr_carea' id='block_1_52' title="bbox 2227 2956 3825 3029">
    <p class='ocr_par' dir='ltr' id='par_1_52' title="bbox 2227 2956 3825 3029">
     <span class='ocr_line' id='line_1_52' title="bbox 2227 2956 3825 3029; baseline 0.002 -15"><span class='ocrx_word' id='word_1_290' title='bbox 2227 2957 2567 3029; x_wconf 87' lang='lat' dir='ltr'><strong>metropolita</strong></span> <span class='ocrx_word' id='word_1_291' title='bbox 2623 2957 2992 3029; x_wconf 85' lang='lat' dir='ltr'><strong>Hierapoleos,</strong></span> <span class='ocrx_word' id='word_1_292' title='bbox 3021 2956 3296 3014; x_wconf 86' lang='lat' dir='ltr'><strong>Hilarione</strong></span> <span class='ocrx_word' id='word_1_293' title='bbox 3338 2957 3450 3014; x_wconf 91' lang='lat' dir='ltr'><strong>Deo</strong></span> <span class='ocrx_word' id='word_1_294' title='bbox 3484 2959 3825 3017; x_wconf 84' lang='lat' dir='ltr'><strong>amicissimo</strong></span> 
     </span>
    </p>
   </div>
   <div class='ocr_carea' id='block_1_53' title="bbox 2226 3050 3822 3124">
    <p class='ocr_par' dir='ltr' id='par_1_53' title="bbox 2226 3050 3822 3124">
     <span class='ocr_line' id='line_1_53' title="bbox 2226 3050 3822 3124; baseline 0.004 -18"><span class='ocrx_word' id='word_1_295' title='bbox 2226 3051 2568 3122; x_wconf 89' lang='lat' dir='ltr'><strong>metropolita</strong></span> <span class='ocrx_word' id='word_1_296' title='bbox 2629 3050 2916 3119; x_wconf 88' lang='lat' dir='ltr'><strong>Corinthi,</strong></span> <span class='ocrx_word' id='word_1_297' title='bbox 2976 3051 3267 3124; x_wconf 87' lang='lat' dir='ltr'><strong>Euthymio</strong></span> <span class='ocrx_word' id='word_1_298' title='bbox 3323 3052 3432 3109; x_wconf 90' lang='lat' dir='ltr'><strong>Deo</strong></span> <span class='ocrx_word' id='word_1_299' title='bbox 3477 3053 3822 3112; x_wconf 89' lang='lat' dir='ltr'><strong>amicissimo</strong></span> 
     </span>
    </p>
   </div>
   <div class='ocr_carea' id='block_1_54' title="bbox 2227 3140 3824 3214">
    <p class='ocr_par' dir='ltr' id='par_1_54' title="bbox 2227 3140 3824 3214">
     <span class='ocr_line' id='line_1_54' title="bbox 2227 3140 3824 3214; baseline 0.004 -18"><span class='ocrx_word' id='word_1_300' title='bbox 2227 3140 2632 3213; x_wconf 85' lang='lat' dir='ltr'><strong>archiepiscopo</strong></span> <span class='ocrx_word' id='word_1_301' title='bbox 2652 3141 2890 3209; x_wconf 67' lang='lat' dir='ltr'><strong>Catenae,</strong></span> <span class='ocrx_word' id='word_1_302' title='bbox 2919 3140 3184 3214; x_wconf 81' lang='lat' dir='ltr'><strong>Gregorio</strong></span> <span class='ocrx_word' id='word_1_303' title='bbox 3207 3143 3316 3200; x_wconf 91' lang='lat' dir='ltr'><strong>Deo</strong></span> <span class='ocrx_word' id='word_1_304' title='bbox 3338 3145 3670 3202; x_wconf 87' lang='lat' dir='ltr'><strong>amicissimo</strong></span> <span class='ocrx_word' id='word_1_305' title='bbox 3699 3161 3824 3203; x_wconf 63' lang='lat' dir='ltr'><strong>men</strong></span> 
     </span>
    </p>
   </div>
   <div class='ocr_carea' id='block_1_55' title="bbox 2231 3233 3824 3312">
    <p class='ocr_par' dir='ltr' id='par_1_55' title="bbox 2231 3233 3824 3312">
     <span class='ocr_line' id='line_1_55' title="bbox 2231 3233 3824 3312; baseline 0.006 -25"><span class='ocrx_word' id='word_1_306' title='bbox 2231 3233 2483 3304; x_wconf 91' lang='lat' dir='ltr'><strong>tropolita</strong></span> <span class='ocrx_word' id='word_1_307' title='bbox 2544 3233 2720 3304; x_wconf 89' lang='lat' dir='ltr'><strong>lperii,</strong></span> <span class='ocrx_word' id='word_1_308' title='bbox 2770 3235 2963 3292; x_wconf 89' lang='lat' dir='ltr'><strong>Photio</strong></span> <span class='ocrx_word' id='word_1_309' title='bbox 3006 3235 3117 3292; x_wconf 88' lang='lat' dir='ltr'><strong>Deo</strong></span> <span class='ocrx_word' id='word_1_310' title='bbox 3172 3237 3503 3294; x_wconf 88' lang='lat' dir='ltr'><strong>amicissimo</strong></span> <span class='ocrx_word' id='word_1_311' title='bbox 3547 3239 3824 3312; x_wconf 84' lang='lat' dir='ltr'><strong>archiepi-</strong></span> 
     </span>
    </p>
   </div>
   <div class='ocr_carea' id='block_1_56' title="bbox 2227 3326 3824 3406">
    <p class='ocr_par' dir='ltr' id='par_1_56' title="bbox 2227 3326 3824 3406">
     <span class='ocr_line' id='line_1_56' title="bbox 2227 3326 3824 3406; baseline 0.004 -22"><span class='ocrx_word' id='word_1_312' title='bbox 2227 3341 2392 3399; x_wconf 84' lang='lat' dir='ltr'><strong>scopo</strong></span> <span class='ocrx_word' id='word_1_313' title='bbox 2419 3326 2674 3394; x_wconf 73' lang='lat' dir='ltr'><strong>Nacolize,</strong></span> <span class='ocrx_word' id='word_1_314' title='bbox 2707 3328 2984 3400; x_wconf 89' lang='lat' dir='ltr'><strong>Stephano</strong></span> <span class='ocrx_word' id='word_1_315' title='bbox 3033 3331 3143 3386; x_wconf 90' lang='lat' dir='ltr'><strong>Deo</strong></span> <span class='ocrx_word' id='word_1_316' title='bbox 3174 3329 3502 3388; x_wconf 90' lang='lat' dir='ltr'><strong>amicissimo</strong></span> <span class='ocrx_word' id='word_1_317' title='bbox 3549 3332 3824 3406; x_wconf 89' lang='lat' dir='ltr'><strong>archiepi-</strong></span> 
     </span>
    </p>
   </div>
   <div class='ocr_carea' id='block_1_57' title="bbox 2227 3417 3822 3490">
    <p class='ocr_par' dir='ltr' id='par_1_57' title="bbox 2227 3417 3822 3490">
     <span class='ocr_line' id='line_1_57' title="bbox 2227 3417 3822 3490; baseline 0.004 -16"><span class='ocrx_word' id='word_1_318' title='bbox 2227 3431 2389 3488; x_wconf 89' lang='lat' dir='ltr'><strong>scopo</strong></span> <span class='ocrx_word' id='word_1_319' title='bbox 2439 3417 2806 3490; x_wconf 84' lang='lat' dir='ltr'><strong>Cypsallorum</strong></span> <span class='ocrx_word' id='word_1_320' title='bbox 2834 3459 2851 3486; x_wconf 94' lang='lat'><strong>,</strong></span> <span class='ocrx_word' id='word_1_321' title='bbox 2918 3418 3118 3475; x_wconf 85' lang='lat' dir='ltr'><strong>Basilio</strong></span> <span class='ocrx_word' id='word_1_322' title='bbox 3175 3421 3285 3476; x_wconf 90' lang='lat' dir='ltr'><strong>Deo</strong></span> <span class='ocrx_word' id='word_1_323' title='bbox 3340 3421 3669 3480; x_wconf 85' lang='lat' dir='ltr'><strong>amicissimo</strong></span> <span class='ocrx_word' id='word_1_324' title='bbox 3725 3438 3822 3481; x_wconf 81' lang='lat' dir='ltr'><strong>ar-</strong></span> 
     </span>
    </p>
   </div>
   <div class='ocr_carea' id='block_1_58' title="bbox 2228 3508 3821 3582">
    <p class='ocr_par' dir='ltr' id='par_1_58' title="bbox 2228 3508 3821 3582">
     <span class='ocr_line' id='line_1_58' title="bbox 2228 3508 3821 3582; baseline 0.005 -17"><span class='ocrx_word' id='word_1_325' title='bbox 2228 3508 2570 3580; x_wconf 89' lang='lat' dir='ltr'><strong>chiepiscopo</strong></span> <span class='ocrx_word' id='word_1_326' title='bbox 2621 3509 2884 3577; x_wconf 66' lang='lat' dir='ltr'><strong>Misthiae,</strong></span> <span class='ocrx_word' id='word_1_327' title='bbox 2939 3511 3267 3582; x_wconf 84' lang='lat' dir='ltr'><strong>Theophane</strong></span> <span class='ocrx_word' id='word_1_328' title='bbox 3314 3513 3426 3569; x_wconf 90' lang='lat' dir='ltr'><strong>Deo</strong></span> <span class='ocrx_word' id='word_1_329' title='bbox 3480 3515 3821 3573; x_wconf 84' lang='lat' dir='ltr'><strong>amicissimo</strong></span> 
     </span>
    </p>
   </div>
   <div class='ocr_carea' id='block_1_59' title="bbox 2229 3602 3824 3676">
    <p class='ocr_par' dir='ltr' id='par_1_59' title="bbox 2229 3602 3824 3676">
     <span class='ocr_line' id='line_1_59' title="bbox 2229 3602 3824 3676; baseline 0.007 -19"><span class='ocrx_word' id='word_1_330' title='bbox 2229 3602 2638 3674; x_wconf 85' lang='lat' dir='ltr'><strong>archiepiscopo</strong></span> <span class='ocrx_word' id='word_1_331' title='bbox 2671 3603 2865 3676; x_wconf 71' lang='lat' dir='ltr'><strong>Selgae,</strong></span> <span class='ocrx_word' id='word_1_332' title='bbox 2898 3603 3066 3660; x_wconf 85' lang='lat' dir='ltr'><strong>Paulo</strong></span> <span class='ocrx_word' id='word_1_333' title='bbox 3099 3605 3212 3661; x_wconf 93' lang='lat' dir='ltr'><strong>Deo</strong></span> <span class='ocrx_word' id='word_1_334' title='bbox 3251 3607 3584 3666; x_wconf 86' lang='lat' dir='ltr'><strong>amicissimo</strong></span> <span class='ocrx_word' id='word_1_335' title='bbox 3633 3610 3824 3667; x_wconf 86' lang='lat' dir='ltr'><strong>archi-</strong></span> 
     </span>
    </p>
   </div>
   <div class='ocr_carea' id='block_1_60' title="bbox 537 3692 3825 3774">
    <p class='ocr_par' dir='ltr' id='par_1_60' title="bbox 537 3692 3825 3774">
     <span class='ocr_line' id='line_1_60' title="bbox 537 3692 3825 3774; baseline 0.002 -24"><span class='ocrx_word' id='word_1_336' title='bbox 537 3693 1100 3764; x_wconf 84' lang='lat' dir='ltr'><strong>Constantinopoleos,</strong></span> <span class='ocrx_word' id='word_1_337' title='bbox 1131 3703 1188 3750; x_wconf 93' lang='lat' dir='ltr'><strong>et</strong></span> <span class='ocrx_word' id='word_1_338' title='bbox 1227 3692 1436 3751; x_wconf 89' lang='lat' dir='ltr'><strong>Thoma</strong></span> <span class='ocrx_word' id='word_1_339' title='bbox 1464 3697 1807 3752; x_wconf 89' lang='lat' dir='ltr'><strong>sanctissimo</strong></span> <span class='ocrx_word' id='word_1_340' title='bbox 1853 3706 2123 3768; x_wconf 87' lang='lat' dir='ltr'><strong>metr0po-</strong></span> <span class='ocrx_word' id='word_1_341' title='bbox 2150 3709 2196 3774; x_wconf 72' lang='grc' dir='ltr'><strong>ρ</strong></span> <span class='ocrx_word' id='word_1_342' title='bbox 2227 3693 2479 3764; x_wconf 92' lang='lat' dir='ltr'><strong>episcopo</strong></span> <span class='ocrx_word' id='word_1_343' title='bbox 2521 3693 2782 3764; x_wconf 79' lang='lat' dir='ltr'><strong>Apamiae,</strong></span> <span class='ocrx_word' id='word_1_344' title='bbox 2811 3694 3019 3752; x_wconf 89' lang='lat' dir='ltr'><strong>Joanne</strong></span> <span class='ocrx_word' id='word_1_345' title='bbox 3047 3695 3158 3752; x_wconf 91' lang='lat' dir='ltr'><strong>Deo</strong></span> <span class='ocrx_word' id='word_1_346' title='bbox 3195 3697 3526 3756; x_wconf 87' lang='lat' dir='ltr'><strong>amicissimo</strong></span> <span class='ocrx_word' id='word_1_347' title='bbox 3548 3701 3825 3773; x_wconf 89' lang='lat' dir='ltr'><strong>archiepi-</strong></span> 
     </span>
    </p>
   </div>
   <div class='ocr_carea' id='block_1_61' title="bbox 536 3782 2126 3855">
    <p class='ocr_par' dir='ltr' id='par_1_61' title="bbox 536 3782 2126 3855">
     <span class='ocr_line' id='line_1_61' title="bbox 536 3782 2126 3855; baseline 0.003 -16"><span class='ocrx_word' id='word_1_348' title='bbox 536 3782 633 3839; x_wconf 91' lang='lat' dir='ltr'><strong>lita</strong></span> <span class='ocrx_word' id='word_1_349' title='bbox 660 3783 807 3855; x_wconf 89' lang='lat' dir='ltr'><strong>Tyri,</strong></span> <span class='ocrx_word' id='word_1_350' title='bbox 836 3782 1014 3838; x_wconf 90' lang='lat' dir='ltr'><strong>locum</strong></span> <span class='ocrx_word' id='word_1_351' title='bbox 1053 3791 1273 3840; x_wconf 91' lang='lat' dir='ltr'><strong>tenente</strong></span> <span class='ocrx_word' id='word_1_352' title='bbox 1303 3785 1484 3842; x_wconf 88' lang='lat' dir='ltr'><strong>throni</strong></span> <span class='ocrx_word' id='word_1_353' title='bbox 1523 3787 1850 3854; x_wconf 66' lang='lat' dir='ltr'><strong>Antiochiae,</strong></span> <span class='ocrx_word' id='word_1_354' title='bbox 1881 3798 1936 3844; x_wconf 92' lang='lat' dir='ltr'><strong>et</strong></span> <span class='ocrx_word' id='word_1_355' title='bbox 1971 3787 2126 3844; x_wconf 81' lang='lat' dir='ltr'><strong>Helia</strong></span> 
     </span>
    </p>
   </div>
   <div class='ocr_carea' id='block_1_62' title="bbox 537 3873 2127 3948">
    <p class='ocr_par' dir='ltr' id='par_1_62' title="bbox 537 3873 2127 3948">
     <span class='ocr_line' id='line_1_62' title="bbox 537 3873 2127 3948; baseline 0.001 -16"><span class='ocrx_word' id='word_1_356' title='bbox 537 3875 652 3932; x_wconf 91' lang='lat' dir='ltr'><strong>Deo</strong></span> <span class='ocrx_word' id='word_1_357' title='bbox 687 3873 1018 3930; x_wconf 85' lang='lat' dir='ltr'><strong>amicissimo</strong></span> <span class='ocrx_word' id='word_1_358' title='bbox 1059 3874 1380 3946; x_wconf 87' lang='lat' dir='ltr'><strong>presbytero</strong></span> <span class='ocrx_word' id='word_1_359' title='bbox 1427 3884 1483 3932; x_wconf 91' lang='lat' dir='ltr'><strong>et</strong></span> <span class='ocrx_word' id='word_1_360' title='bbox 1511 3877 1776 3948; x_wconf 86' lang='lat' dir='ltr'><strong>syncello,</strong></span> <span class='ocrx_word' id='word_1_361' title='bbox 1822 3877 2001 3934; x_wconf 91' lang='lat' dir='ltr'><strong>locum</strong></span> <span class='ocrx_word' id='word_1_362' title='bbox 2043 3886 2127 3934; x_wconf 89' lang='lat' dir='ltr'><strong>te-</strong></span> 
     </span>
    </p>
   </div>
   <div class='ocr_carea' id='block_1_63' title="bbox 535 3965 2126 4040">
    <p class='ocr_par' dir='ltr' id='par_1_63' title="bbox 535 3965 2126 4040">
     <span class='ocr_line' id='line_1_63' title="bbox 535 3965 2126 4040; baseline 0.001 -17"><span class='ocrx_word' id='word_1_363' title='bbox 535 3976 701 4023; x_wconf 91' lang='lat' dir='ltr'><strong>nente</strong></span> <span class='ocrx_word' id='word_1_364' title='bbox 715 3965 892 4021; x_wconf 89' lang='lat' dir='ltr'><strong>throni</strong></span> <span class='ocrx_word' id='word_1_365' title='bbox 906 3965 1402 4039; x_wconf 80' lang='lat' dir='ltr'><strong>Hierosolymorum</strong></span> <span class='ocrx_word' id='word_1_366' title='bbox 1424 3984 1438 4022; x_wconf 88' lang='lat'><strong>:</strong></span> <span class='ocrx_word' id='word_1_367' title='bbox 1455 3977 1723 4039; x_wconf 57' lang='lat' dir='ltr'><strong>praesente</strong></span> <span class='ocrx_word' id='word_1_368' title='bbox 1736 3982 1952 4040; x_wconf 86' lang='lat' dir='ltr'><strong>quoque</strong></span> <span class='ocrx_word' id='word_1_369' title='bbox 1965 3969 2126 4024; x_wconf 88' lang='lat' dir='ltr'><strong>simul</strong></span> 
     </span>
    </p>
   </div>
   <div class='ocr_carea' id='block_1_64' title="bbox 535 4055 2125 4130">
    <p class='ocr_par' dir='ltr' id='par_1_64' title="bbox 535 4055 2125 4130">
     <span class='ocr_line' id='line_1_64' title="bbox 535 4055 2125 4130; baseline 0 -14"><span class='ocrx_word' id='word_1_370' title='bbox 535 4069 592 4116; x_wconf 86' lang='lat' dir='ltr'><strong>et</strong></span> <span class='ocrx_word' id='word_1_371' title='bbox 616 4074 772 4115; x_wconf 91' lang='lat' dir='ltr'><strong>sacro</strong></span> <span class='ocrx_word' id='word_1_372' title='bbox 797 4066 1012 4125; x_wconf 89' lang='lat' dir='ltr'><strong>senatu,</strong></span> <span class='ocrx_word' id='word_1_373' title='bbox 1042 4058 1145 4114; x_wconf 91' lang='lat' dir='ltr'><strong>hoc</strong></span> <span class='ocrx_word' id='word_1_374' title='bbox 1169 4067 1255 4114; x_wconf 92' lang='lat' dir='ltr'><strong>est</strong></span> <span class='ocrx_word' id='word_1_375' title='bbox 1283 4055 1568 4114; x_wconf 86' lang='lat' dir='ltr'><strong>Theodoro</strong></span> <span class='ocrx_word' id='word_1_376' title='bbox 1593 4058 2125 4130; x_wconf 88' lang='lat' dir='ltr'><strong>magniﬁcentissimo</strong></span> 
     </span>
    </p>
   </div>
   <div class='ocr_carea' id='block_1_65' title="bbox 536 4148 2126 4223">
    <p class='ocr_par' dir='ltr' id='par_1_65' title="bbox 536 4148 2126 4223">
     <span class='ocr_line' id='line_1_65' title="bbox 536 4148 2126 4223; baseline 0.001 -18"><span class='ocrx_word' id='word_1_377' title='bbox 536 4151 767 4223; x_wconf 87' lang='lat' dir='ltr'><strong>patricio</strong></span> <span class='ocrx_word' id='word_1_378' title='bbox 791 4160 847 4205; x_wconf 90' lang='lat' dir='ltr'><strong>et</strong></span> <span class='ocrx_word' id='word_1_379' title='bbox 872 4148 1564 4220; x_wconf 34' lang='lat' dir='ltr'><strong>magistro,,Christophoro</strong></span> <span class='ocrx_word' id='word_1_380' title='bbox 1593 4149 2126 4221; x_wconf 87' lang='lat' dir='ltr'><strong>magniﬁcentissimo</strong></span> 
     </span>
    </p>
   </div>
   <div class='ocr_carea' id='block_1_66' title="bbox 533 4246 2124 4319">
    <p class='ocr_par' dir='ltr' id='par_1_66' title="bbox 533 4246 2124 4319">
     <span class='ocr_line' id='line_1_66' title="bbox 533 4246 2124 4319; baseline 0.003 -19"><span class='ocrx_word' id='word_1_381' title='bbox 533 4246 768 4317; x_wconf 87' lang='lat' dir='ltr'><strong>patricio</strong></span> <span class='ocrx_word' id='word_1_382' title='bbox 799 4253 856 4302; x_wconf 91' lang='lat' dir='ltr'><strong>et</strong></span> <span class='ocrx_word' id='word_1_383' title='bbox 882 4246 1167 4318; x_wconf 87' lang='lat' dir='ltr'><strong>magistro,</strong></span> <span class='ocrx_word' id='word_1_384' title='bbox 1221 4246 1402 4302; x_wconf 86' lang='lat' dir='ltr'><strong>Leone</strong></span> <span class='ocrx_word' id='word_1_385' title='bbox 1431 4247 1968 4317; x_wconf 87' lang='lat' dir='ltr'><strong>magniﬁcentissimo</strong></span> <span class='ocrx_word' id='word_1_386' title='bbox 1993 4263 2124 4319; x_wconf 88' lang='lat' dir='ltr'><strong>pro-</strong></span> 
     </span>
    </p>
   </div>
   <div class='ocr_carea' id='block_1_67' title="bbox 536 4336 2124 4408">
    <p class='ocr_par' dir='ltr' id='par_1_67' title="bbox 536 4336 2124 4408">
     <span class='ocr_line' id='line_1_67' title="bbox 536 4336 2124 4408; baseline 0.002 -15"><span class='ocrx_word' id='word_1_387' title='bbox 536 4337 757 4393; x_wconf 89' lang='lat' dir='ltr'><strong>consule</strong></span> <span class='ocrx_word' id='word_1_388' title='bbox 819 4353 885 4393; x_wconf 90' lang='lat' dir='ltr'><strong>ac</strong></span> <span class='ocrx_word' id='word_1_389' title='bbox 949 4337 1216 4408; x_wconf 79' lang='lat' dir='ltr'><strong>patricio,</strong></span> <span class='ocrx_word' id='word_1_390' title='bbox 1277 4336 1527 4394; x_wconf 85' lang='lat' dir='ltr'><strong>Hemerio</strong></span> <span class='ocrx_word' id='word_1_391' title='bbox 1593 4337 2124 4408; x_wconf 88' lang='lat' dir='ltr'><strong>magniﬁcentissimo</strong></span> 
     </span>
    </p>
   </div>
   <div class='ocr_carea' id='block_1_68' title="bbox 530 4427 2123 4503">
    <p class='ocr_par' dir='ltr' id='par_1_68' title="bbox 530 4427 2123 4503">
     <span class='ocr_line' id='line_1_68' title="bbox 530 4427 2123 4503; baseline 0.001 -18"><span class='ocrx_word' id='word_1_392' title='bbox 530 4428 855 4503; x_wconf 86' lang='lat' dir='ltr'><strong>proconsule</strong></span> <span class='ocrx_word' id='word_1_393' title='bbox 882 4444 946 4484; x_wconf 92' lang='lat' dir='ltr'><strong>ac</strong></span> <span class='ocrx_word' id='word_1_394' title='bbox 970 4429 1232 4500; x_wconf 88' lang='lat' dir='ltr'><strong>patricio,</strong></span> <span class='ocrx_word' id='word_1_395' title='bbox 1283 4427 1559 4499; x_wconf 89' lang='lat' dir='ltr'><strong>Stephano</strong></span> <span class='ocrx_word' id='word_1_396' title='bbox 1587 4429 2123 4502; x_wconf 87' lang='lat' dir='ltr'><strong>magniﬁcentissimo</strong></span> 
     </span>
    </p>
   </div>
   <div class='ocr_carea' id='block_1_69' title="bbox 529 4521 2124 4596">
    <p class='ocr_par' dir='ltr' id='par_1_69' title="bbox 529 4521 2124 4596">
     <span class='ocr_line' id='line_1_69' title="bbox 529 4521 2124 4596; baseline 0.001 -18"><span class='ocrx_word' id='word_1_397' title='bbox 529 4523 763 4596; x_wconf 88' lang='lat' dir='ltr'><strong>patricio</strong></span> <span class='ocrx_word' id='word_1_398' title='bbox 832 4537 895 4578; x_wconf 93' lang='lat' dir='ltr'><strong>ac</strong></span> <span class='ocrx_word' id='word_1_399' title='bbox 956 4522 1277 4590; x_wconf 88' lang='lat' dir='ltr'><strong>sacellario,</strong></span> <span class='ocrx_word' id='word_1_400' title='bbox 1336 4521 1520 4579; x_wconf 89' lang='lat' dir='ltr'><strong>Leone</strong></span> <span class='ocrx_word' id='word_1_401' title='bbox 1589 4522 2124 4594; x_wconf 81' lang='lat' dir='ltr'><strong>magniﬁcentissimo</strong></span> 
     </span>
    </p>
   </div>
   <div class='ocr_carea' id='block_1_70' title="bbox 529 4611 2122 4686">
    <p class='ocr_par' dir='ltr' id='par_1_70' title="bbox 529 4611 2122 4686">
     <span class='ocr_line' id='line_1_70' title="bbox 529 4611 2122 4686; baseline 0.002 -18"><span class='ocrx_word' id='word_1_402' title='bbox 529 4611 854 4686; x_wconf 88' lang='lat' dir='ltr'><strong>proconsule</strong></span> <span class='ocrx_word' id='word_1_403' title='bbox 899 4621 954 4669; x_wconf 90' lang='lat' dir='ltr'><strong>et</strong></span> <span class='ocrx_word' id='word_1_404' title='bbox 1002 4613 1275 4685; x_wconf 86' lang='lat' dir='ltr'><strong>patricio,</strong></span> <span class='ocrx_word' id='word_1_405' title='bbox 1330 4612 1539 4670; x_wconf 90' lang='lat' dir='ltr'><strong>Marino</strong></span> <span class='ocrx_word' id='word_1_406' title='bbox 1586 4614 2122 4686; x_wconf 89' lang='lat' dir='ltr'><strong>magniﬁcentissimo</strong></span> 
     </span>
    </p>
   </div>
   <div class='ocr_carea' id='block_1_71' title="bbox 529 4705 2124 4778">
    <p class='ocr_par' dir='ltr' id='par_1_71' title="bbox 529 4705 2124 4778">
     <span class='ocr_line' id='line_1_71' title="bbox 529 4705 2124 4778; baseline 0.001 -16"><span class='ocrx_word' id='word_1_407' title='bbox 529 4705 852 4778; x_wconf 86' lang='lat' dir='ltr'><strong>proconsule</strong></span> <span class='ocrx_word' id='word_1_408' title='bbox 881 4712 936 4761; x_wconf 87' lang='lat' dir='ltr'><strong>et</strong></span> <span class='ocrx_word' id='word_1_409' title='bbox 965 4706 1220 4776; x_wconf 89' lang='lat' dir='ltr'><strong>patricio,</strong></span> <span class='ocrx_word' id='word_1_410' title='bbox 1251 4705 1551 4777; x_wconf 90' lang='lat' dir='ltr'><strong>Theophilo</strong></span> <span class='ocrx_word' id='word_1_411' title='bbox 1589 4707 2124 4778; x_wconf 87' lang='lat' dir='ltr'><strong>magniﬁcentissimo</strong></span> 
     </span>
    </p>
   </div>
   <div class='ocr_carea' id='block_1_72' title="bbox 526 4794 2122 4869">
    <p class='ocr_par' dir='ltr' id='par_1_72' title="bbox 526 4794 2122 4869">
     <span class='ocr_line' id='line_1_72' title="bbox 526 4794 2122 4869; baseline 0.002 -17"><span class='ocrx_word' id='word_1_412' title='bbox 526 4795 853 4869; x_wconf 90' lang='lat' dir='ltr'><strong>proconsule</strong></span> <span class='ocrx_word' id='word_1_413' title='bbox 894 4803 951 4850; x_wconf 88' lang='lat' dir='ltr'><strong>et</strong></span> <span class='ocrx_word' id='word_1_414' title='bbox 998 4795 1261 4865; x_wconf 88' lang='lat' dir='ltr'><strong>patricio,</strong></span> <span class='ocrx_word' id='word_1_415' title='bbox 1305 4794 1528 4852; x_wconf 89' lang='lat' dir='ltr'><strong>Tarasio</strong></span> <span class='ocrx_word' id='word_1_416' title='bbox 1583 4797 2122 4869; x_wconf 89' lang='lat' dir='ltr'><strong>magniﬁcentissimo</strong></span> 
     </span>
    </p>
   </div>
   <div class='ocr_carea' id='block_1_73' title="bbox 530 4880 2122 4962">
    <p class='ocr_par' dir='ltr' id='par_1_73' title="bbox 530 4880 2122 4962">
     <span class='ocr_line' id='line_1_73' title="bbox 530 4880 2122 4962; baseline 0.002 -19"><span class='ocrx_word' id='word_1_417' title='bbox 530 4886 856 4958; x_wconf 86' lang='lat' dir='ltr'><strong>proconsule</strong></span> <span class='ocrx_word' id='word_1_418' title='bbox 883 4880 1211 4957; x_wconf 80' lang='lat' dir='ltr'><strong>et&#39;patricio,</strong></span> <span class='ocrx_word' id='word_1_419' title='bbox 1255 4884 1422 4942; x_wconf 89' lang='lat' dir='ltr'><strong>Paulo</strong></span> <span class='ocrx_word' id='word_1_420' title='bbox 1460 4889 1996 4960; x_wconf 86' lang='lat' dir='ltr'><strong>magniﬁcentissimo</strong></span> <span class='ocrx_word' id='word_1_421' title='bbox 2023 4907 2122 4962; x_wconf 90' lang='lat' dir='ltr'><strong>pa-</strong></span> 
     </span>
    </p>
   </div>
   <div class='ocr_carea' id='block_1_74' title="bbox 535 4978 2124 5054">
    <p class='ocr_par' dir='ltr' id='par_1_74' title="bbox 535 4978 2124 5054">
     <span class='ocr_line' id='line_1_74' title="bbox 535 4978 2124 5054; baseline 0.003 -18"><span class='ocrx_word' id='word_1_422' title='bbox 535 4979 696 5036; x_wconf 82' lang='lat' dir='ltr'><strong>tricio</strong></span> <span class='ocrx_word' id='word_1_423' title='bbox 720 4989 773 5036; x_wconf 90' lang='lat' dir='ltr'><strong>et</strong></span> <span class='ocrx_word' id='word_1_424' title='bbox 802 4980 1060 5052; x_wconf 89' lang='lat' dir='ltr'><strong>eparcho,</strong></span> <span class='ocrx_word' id='word_1_425' title='bbox 1095 4978 1349 5035; x_wconf 90' lang='lat' dir='ltr'><strong>Barbatio</strong></span> <span class='ocrx_word' id='word_1_426' title='bbox 1385 4980 1920 5053; x_wconf 89' lang='lat' dir='ltr'><strong>magniﬁcentissimo</strong></span> <span class='ocrx_word' id='word_1_427' title='bbox 1955 4985 2124 5054; x_wconf 90' lang='lat' dir='ltr'><strong>patri-</strong></span> 
     </span>
    </p>
   </div>
   <div class='ocr_carea' id='block_1_75' title="bbox 2226 3781 3821 3863">
    <p class='ocr_par' dir='ltr' id='par_1_75' title="bbox 2226 3781 3821 3863">
     <span class='ocr_line' id='line_1_75' title="bbox 2226 3781 3821 3863; baseline 0.006 -25"><span class='ocrx_word' id='word_1_428' title='bbox 2226 3797 2390 3854; x_wconf 78' lang='lat' dir='ltr'><strong>scOpo</strong></span> <span class='ocrx_word' id='word_1_429' title='bbox 2412 3781 2571 3849; x_wconf 89' lang='lat' dir='ltr'><strong>Potii,</strong></span> <span class='ocrx_word' id='word_1_430' title='bbox 2600 3782 2900 3840; x_wconf 85' lang='lat' dir='ltr'><strong>Athanasio</strong></span> <span class='ocrx_word' id='word_1_431' title='bbox 2925 3784 3380 3842; x_wconf 88' lang='lat' dir='ltr'><strong>Deoamicissimo</strong></span> <span class='ocrx_word' id='word_1_432' title='bbox 3403 3789 3821 3863; x_wconf 84' lang='lat' dir='ltr'><strong>archiepiscopo</strong></span> 
     </span>
    </p>
   </div>
   <div class='ocr_carea' id='block_1_76' title="bbox 2225 3869 3822 3949">
    <p class='ocr_par' dir='ltr' id='par_1_76' title="bbox 2225 3869 3822 3949">
     <span class='ocr_line' id='line_1_76' title="bbox 2225 3869 3822 3949; baseline 0.008 -23"><span class='ocrx_word' id='word_1_433' title='bbox 2225 3869 2532 3943; x_wconf 67' lang='lat' dir='ltr'><strong>Magnesiae,</strong></span> <span class='ocrx_word' id='word_1_434' title='bbox 2559 3871 2844 3928; x_wconf 90' lang='lat' dir='ltr'><strong>Theodoro</strong></span> <span class='ocrx_word' id='word_1_435' title='bbox 2869 3874 2979 3930; x_wconf 91' lang='lat' dir='ltr'><strong>Deo</strong></span> <span class='ocrx_word' id='word_1_436' title='bbox 3005 3874 3337 3932; x_wconf 89' lang='lat' dir='ltr'><strong>amicissimo</strong></span> <span class='ocrx_word' id='word_1_437' title='bbox 3373 3878 3626 3949; x_wconf 90' lang='lat' dir='ltr'><strong>episcopo</strong></span> <span class='ocrx_word' id='word_1_438' title='bbox 3653 3878 3822 3938; x_wconf 90' lang='lat' dir='ltr'><strong>Sino-</strong></span> 
     </span>
    </p>
   </div>
   <div class='ocr_carea' id='block_1_77' title="bbox 2223 3961 3816 4040">
    <p class='ocr_par' dir='ltr' id='par_1_77' title="bbox 2223 3961 3816 4040">
     <span class='ocr_line' id='line_1_77' title="bbox 2223 3961 3816 4040; baseline 0.008 -25"><span class='ocrx_word' id='word_1_439' title='bbox 2223 3976 2326 4033; x_wconf 65' lang='grc' dir='ltr'><strong>με,</strong></span> <span class='ocrx_word' id='word_1_440' title='bbox 2359 3961 2645 4018; x_wconf 88' lang='lat' dir='ltr'><strong>Eustachio</strong></span> <span class='ocrx_word' id='word_1_441' title='bbox 2693 3963 2806 4019; x_wconf 91' lang='lat' dir='ltr'><strong>Deo</strong></span> <span class='ocrx_word' id='word_1_442' title='bbox 2844 3965 3173 4022; x_wconf 91' lang='lat' dir='ltr'><strong>amicissimo</strong></span> <span class='ocrx_word' id='word_1_443' title='bbox 3223 3967 3475 4039; x_wconf 84' lang='lat' dir='ltr'><strong>episcopo</strong></span> <span class='ocrx_word' id='word_1_444' title='bbox 3519 3969 3816 4040; x_wconf 63' lang='lat' dir='ltr'><strong>Emonie,</strong></span> 
     </span>
    </p>
   </div>
   <div class='ocr_carea' id='block_1_78' title="bbox 2226 4051 3817 4132">
    <p class='ocr_par' dir='ltr' id='par_1_78' title="bbox 2226 4051 3817 4132">
     <span class='ocr_line' id='line_1_78' title="bbox 2226 4051 3817 4132; baseline 0.009 -26"><span class='ocrx_word' id='word_1_445' title='bbox 2226 4051 2516 4110; x_wconf 90' lang='lat' dir='ltr'><strong>Theocleto</strong></span> <span class='ocrx_word' id='word_1_446' title='bbox 2561 4055 2670 4110; x_wconf 90' lang='lat' dir='ltr'><strong>Deo</strong></span> <span class='ocrx_word' id='word_1_447' title='bbox 2710 4056 3039 4112; x_wconf 91' lang='lat' dir='ltr'><strong>amicissimo</strong></span> <span class='ocrx_word' id='word_1_448' title='bbox 3067 4058 3320 4128; x_wconf 89' lang='lat' dir='ltr'><strong>episcopo</strong></span> <span class='ocrx_word' id='word_1_449' title='bbox 3363 4059 3817 4132; x_wconf 55' lang='lat' dir='ltr'><strong>Lacedaemonias,</strong></span> 
     </span>
    </p>
   </div>
   <div class='ocr_carea' id='block_1_79' title="bbox 2225 4147 3817 4225">
    <p class='ocr_par' dir='ltr' id='par_1_79' title="bbox 2225 4147 3817 4225">
     <span class='ocr_line' id='line_1_79' title="bbox 2225 4147 3817 4225; baseline 0.006 -21"><span class='ocrx_word' id='word_1_450' title='bbox 2225 4147 2526 4219; x_wconf 87' lang='lat' dir='ltr'><strong>Nicephoro</strong></span> <span class='ocrx_word' id='word_1_451' title='bbox 2573 4147 2684 4204; x_wconf 90' lang='lat' dir='ltr'><strong>Deo</strong></span> <span class='ocrx_word' id='word_1_452' title='bbox 2728 4149 3054 4206; x_wconf 90' lang='lat' dir='ltr'><strong>amicissimo</strong></span> <span class='ocrx_word' id='word_1_453' title='bbox 3081 4151 3332 4222; x_wconf 88' lang='lat' dir='ltr'><strong>episcopo</strong></span> <span class='ocrx_word' id='word_1_454' title='bbox 3363 4153 3672 4225; x_wconf 88' lang='lat' dir='ltr'><strong>lliacynthi,</strong></span> <span class='ocrx_word' id='word_1_455' title='bbox 3704 4159 3817 4213; x_wconf 84' lang='lat' dir='ltr'><strong>Eu-</strong></span> 
     </span>
    </p>
   </div>
   <div class='ocr_carea' id='block_1_80' title="bbox 2226 4236 3818 4315">
    <p class='ocr_par' dir='ltr' id='par_1_80' title="bbox 2226 4236 3818 4315">
     <span class='ocr_line' id='line_1_80' title="bbox 2226 4236 3818 4315; baseline 0.006 -21"><span class='ocrx_word' id='word_1_456' title='bbox 2226 4236 2430 4310; x_wconf 89' lang='lat' dir='ltr'><strong>thymio</strong></span> <span class='ocrx_word' id='word_1_457' title='bbox 2457 4237 2565 4294; x_wconf 92' lang='lat' dir='ltr'><strong>Deo</strong></span> <span class='ocrx_word' id='word_1_458' title='bbox 2610 4237 2940 4296; x_wconf 91' lang='lat' dir='ltr'><strong>amicissimo</strong></span> <span class='ocrx_word' id='word_1_459' title='bbox 2994 4241 3250 4312; x_wconf 89' lang='lat' dir='ltr'><strong>episcopo</strong></span> <span class='ocrx_word' id='word_1_460' title='bbox 3275 4242 3676 4315; x_wconf 83' lang='lat' dir='ltr'><strong>Mosbynorum,</strong></span> <span class='ocrx_word' id='word_1_461' title='bbox 3707 4248 3818 4304; x_wconf 89' lang='lat' dir='ltr'><strong>Ba-</strong></span> 
     </span>
    </p>
   </div>
   <div class='ocr_carea' id='block_1_81' title="bbox 2224 4329 3819 4410">
    <p class='ocr_par' dir='ltr' id='par_1_81' title="bbox 2224 4329 3819 4410">
     <span class='ocr_line' id='line_1_81' title="bbox 2224 4329 3819 4410; baseline 0.006 -23"><span class='ocrx_word' id='word_1_462' title='bbox 2224 4329 2347 4387; x_wconf 91' lang='lat' dir='ltr'><strong>silio</strong></span> <span class='ocrx_word' id='word_1_463' title='bbox 2378 4331 2486 4386; x_wconf 89' lang='lat' dir='ltr'><strong>Deo</strong></span> <span class='ocrx_word' id='word_1_464' title='bbox 2531 4330 2862 4387; x_wconf 88' lang='lat' dir='ltr'><strong>amicissimo</strong></span> <span class='ocrx_word' id='word_1_465' title='bbox 2907 4332 3160 4404; x_wconf 88' lang='lat' dir='ltr'><strong>episcopo</strong></span> <span class='ocrx_word' id='word_1_466' title='bbox 3185 4334 3386 4407; x_wconf 81' lang='lat' dir='ltr'><strong>Pyrgii,</strong></span> <span class='ocrx_word' id='word_1_467' title='bbox 3415 4335 3648 4410; x_wconf 86' lang='lat' dir='ltr'><strong>Georgio</strong></span> <span class='ocrx_word' id='word_1_468' title='bbox 3701 4340 3819 4397; x_wconf 89' lang='lat' dir='ltr'><strong>Deo</strong></span> 
     </span>
    </p>
   </div>
   <div class='ocr_carea' id='block_1_82' title="bbox 2225 4425 3820 4499">
    <p class='ocr_par' dir='ltr' id='par_1_82' title="bbox 2225 4425 3820 4499">
     <span class='ocr_line' id='line_1_82' title="bbox 2225 4425 3820 4499; baseline 0.007 -19"><span class='ocrx_word' id='word_1_469' title='bbox 2225 4425 2552 4482; x_wconf 88' lang='lat' dir='ltr'><strong>amicissimo</strong></span> <span class='ocrx_word' id='word_1_470' title='bbox 2597 4425 2849 4497; x_wconf 89' lang='lat' dir='ltr'><strong>episcopo</strong></span> <span class='ocrx_word' id='word_1_471' title='bbox 2893 4425 3058 4499; x_wconf 83' lang='lat' dir='ltr'><strong>Hylii,</strong></span> <span class='ocrx_word' id='word_1_472' title='bbox 3111 4427 3272 4484; x_wconf 80' lang='lat' dir='ltr'><strong>Petro</strong></span> <span class='ocrx_word' id='word_1_473' title='bbox 3333 4429 3443 4486; x_wconf 87' lang='lat' dir='ltr'><strong>Deo</strong></span> <span class='ocrx_word' id='word_1_474' title='bbox 3478 4430 3820 4491; x_wconf 88' lang='lat' dir='ltr'><strong>amicissimo</strong></span> 
     </span>
    </p>
   </div>
   <div class='ocr_carea' id='block_1_83' title="bbox 2225 4517 3819 4597">
    <p class='ocr_par' dir='ltr' id='par_1_83' title="bbox 2225 4517 3819 4597">
     <span class='ocr_line' id='line_1_83' title="bbox 2225 4517 3819 4597; baseline 0.006 -24"><span class='ocrx_word' id='word_1_475' title='bbox 2225 4531 2479 4588; x_wconf 78' lang='lat' dir='ltr'><strong>episcopo</strong></span> <span class='ocrx_word' id='word_1_476' title='bbox 2508 4517 2754 4585; x_wconf 90' lang='lat' dir='ltr'><strong>Troadis,</strong></span> <span class='ocrx_word' id='word_1_477' title='bbox 2806 4518 2985 4576; x_wconf 90' lang='lat' dir='ltr'><strong>Leone</strong></span> <span class='ocrx_word' id='word_1_478' title='bbox 3029 4519 3139 4576; x_wconf 92' lang='lat' dir='ltr'><strong>Deo</strong></span> <span class='ocrx_word' id='word_1_479' title='bbox 3180 4521 3511 4578; x_wconf 90' lang='lat' dir='ltr'><strong>amicissimo</strong></span> <span class='ocrx_word' id='word_1_480' title='bbox 3553 4524 3819 4597; x_wconf 89' lang='lat' dir='ltr'><strong>episcopo</strong></span> 
     </span>
    </p>
   </div>
   <div class='ocr_carea' id='block_1_84' title="bbox 2227 4608 3813 4685">
    <p class='ocr_par' dir='ltr' id='par_1_84' title="bbox 2227 4608 3813 4685">
     <span class='ocr_line' id='line_1_84' title="bbox 2227 4608 3813 4685; baseline 0.004 -21"><span class='ocrx_word' id='word_1_481' title='bbox 2227 4608 2571 4680; x_wconf 72' lang='lat' dir='ltr'><strong>Daphnusiae,</strong></span> <span class='ocrx_word' id='word_1_482' title='bbox 2599 4608 2784 4666; x_wconf 79' lang='lat' dir='ltr'><strong>Niceta</strong></span> <span class='ocrx_word' id='word_1_483' title='bbox 2813 4609 2923 4666; x_wconf 92' lang='lat' dir='ltr'><strong>Deo</strong></span> <span class='ocrx_word' id='word_1_484' title='bbox 2953 4611 3282 4668; x_wconf 89' lang='lat' dir='ltr'><strong>amicissimo</strong></span> <span class='ocrx_word' id='word_1_485' title='bbox 3309 4613 3560 4685; x_wconf 88' lang='lat' dir='ltr'><strong>episcopo</strong></span> <span class='ocrx_word' id='word_1_486' title='bbox 3580 4613 3813 4683; x_wconf 70' lang='lat' dir='ltr'><strong>Photiaz,</strong></span> 
     </span>
    </p>
   </div>
   <div class='ocr_carea' id='block_1_85' title="bbox 2226 4699 3818 4775">
    <p class='ocr_par' dir='ltr' id='par_1_85' title="bbox 2226 4699 3818 4775">
     <span class='ocr_line' id='line_1_85' title="bbox 2226 4699 3818 4775; baseline 0.006 -19"><span class='ocrx_word' id='word_1_487' title='bbox 2226 4699 2423 4757; x_wconf 90' lang='lat' dir='ltr'><strong>Basilio</strong></span> <span class='ocrx_word' id='word_1_488' title='bbox 2455 4701 2563 4757; x_wconf 90' lang='lat' dir='ltr'><strong>Deo</strong></span> <span class='ocrx_word' id='word_1_489' title='bbox 2605 4701 2935 4759; x_wconf 87' lang='lat' dir='ltr'><strong>amicissimo</strong></span> <span class='ocrx_word' id='word_1_490' title='bbox 2987 4704 3238 4775; x_wconf 87' lang='lat' dir='ltr'><strong>episcopo</strong></span> <span class='ocrx_word' id='word_1_491' title='bbox 3279 4704 3496 4772; x_wconf 83' lang='lat' dir='ltr'><strong>Gratiae,</strong></span> <span class='ocrx_word' id='word_1_492' title='bbox 3547 4705 3818 4765; x_wconf 88' lang='lat' dir='ltr'><strong>Damiano</strong></span> 
     </span>
    </p>
   </div>
   <div class='ocr_carea' id='block_1_86' title="bbox 2226 4791 3816 4869">
    <p class='ocr_par' dir='ltr' id='par_1_86' title="bbox 2226 4791 3816 4869">
     <span class='ocr_line' id='line_1_86' title="bbox 2226 4791 3816 4869; baseline 0.006 -22"><span class='ocrx_word' id='word_1_493' title='bbox 2226 4791 2336 4848; x_wconf 91' lang='lat' dir='ltr'><strong>Deo</strong></span> <span class='ocrx_word' id='word_1_494' title='bbox 2379 4793 2706 4850; x_wconf 91' lang='lat' dir='ltr'><strong>amicissimo</strong></span> <span class='ocrx_word' id='word_1_495' title='bbox 2749 4795 3002 4866; x_wconf 88' lang='lat' dir='ltr'><strong>episcopo</strong></span> <span class='ocrx_word' id='word_1_496' title='bbox 3042 4795 3426 4868; x_wconf 83' lang='lat' dir='ltr'><strong>Melitepoleos,</strong></span> <span class='ocrx_word' id='word_1_497' title='bbox 3481 4798 3816 4869; x_wconf 86' lang='lat' dir='ltr'><strong>Theophane</strong></span> 
     </span>
    </p>
   </div>
   <div class='ocr_carea' id='block_1_87' title="bbox 2229 4887 3817 4965">
    <p class='ocr_par' dir='ltr' id='par_1_87' title="bbox 2229 4887 3817 4965">
     <span class='ocr_line' id='line_1_87' title="bbox 2229 4887 3817 4965; baseline 0.004 -21"><span class='ocrx_word' id='word_1_498' title='bbox 2229 4887 2338 4944; x_wconf 90' lang='lat' dir='ltr'><strong>Deo</strong></span> <span class='ocrx_word' id='word_1_499' title='bbox 2383 4889 2715 4946; x_wconf 89' lang='lat' dir='ltr'><strong>amicissimo</strong></span> <span class='ocrx_word' id='word_1_500' title='bbox 2764 4892 3018 4965; x_wconf 84' lang='lat' dir='ltr'><strong>episcOpo</strong></span> <span class='ocrx_word' id='word_1_501' title='bbox 3065 4892 3277 4960; x_wconf 69' lang='lat' dir='ltr'><strong>Trallae,</strong></span> <span class='ocrx_word' id='word_1_502' title='bbox 3330 4893 3646 4951; x_wconf 87' lang='lat' dir='ltr'><strong>LeoneDeo</strong></span> <span class='ocrx_word' id='word_1_503' title='bbox 3673 4895 3817 4951; x_wconf 83' lang='lat' dir='ltr'><strong>ami-</strong></span> 
     </span>
    </p>
   </div>
   <div class='ocr_carea' id='block_1_88' title="bbox 2227 4980 3815 5055">
    <p class='ocr_par' dir='ltr' id='par_1_88' title="bbox 2227 4980 3815 5055">
     <span class='ocr_line' id='line_1_88' title="bbox 2227 4980 3815 5055; baseline 0.005 -19"><span class='ocrx_word' id='word_1_504' title='bbox 2227 4980 2444 5036; x_wconf 87' lang='lat' dir='ltr'><strong>cissimo</strong></span> <span class='ocrx_word' id='word_1_505' title='bbox 2471 4982 2724 5053; x_wconf 87' lang='lat' dir='ltr'><strong>episcopo</strong></span> <span class='ocrx_word' id='word_1_506' title='bbox 2752 4981 3067 5055; x_wconf 84' lang='lat' dir='ltr'><strong>Neapoleos,</strong></span> <span class='ocrx_word' id='word_1_507' title='bbox 3088 4983 3287 5054; x_wconf 86' lang='lat' dir='ltr'><strong>Joseph</strong></span> <span class='ocrx_word' id='word_1_508' title='bbox 3337 4984 3448 5041; x_wconf 91' lang='lat' dir='ltr'><strong>Deo</strong></span> <span class='ocrx_word' id='word_1_509' title='bbox 3475 4985 3815 5044; x_wconf 89' lang='lat' dir='ltr'><strong>amicissimo</strong></span> 
     </span>
    </p>
   </div>
   <div class='ocr_carea' id='block_1_89' title="bbox 533 5070 3814 5149">
    <p class='ocr_par' dir='ltr' id='par_1_89' title="bbox 533 5070 3814 5149">
     <span class='ocr_line' id='line_1_89' title="bbox 533 5070 3814 5149; baseline 0.004 -22"><span class='ocrx_word' id='word_1_510' title='bbox 533 5070 643 5139; x_wconf 89' lang='lat' dir='ltr'><strong>cio,</strong></span> <span class='ocrx_word' id='word_1_511' title='bbox 670 5071 857 5128; x_wconf 81' lang='lat' dir='ltr'><strong>Leone</strong></span> <span class='ocrx_word' id='word_1_512' title='bbox 888 5071 1422 5146; x_wconf 87' lang='lat' dir='ltr'><strong>magniﬁcentissimo</strong></span> <span class='ocrx_word' id='word_1_513' title='bbox 1461 5073 1690 5144; x_wconf 88' lang='lat' dir='ltr'><strong>patricio</strong></span> <span class='ocrx_word' id='word_1_514' title='bbox 1730 5085 1786 5130; x_wconf 92' lang='lat' dir='ltr'><strong>et</strong></span> <span class='ocrx_word' id='word_1_515' title='bbox 1820 5076 2116 5135; x_wconf 85' lang='lat' dir='ltr'><strong>domestico</strong></span> <span class='ocrx_word' id='word_1_516' title='bbox 2139 5081 2193 5142; x_wconf 83' lang='grc' dir='ltr'><strong>Ι)</strong></span> <span class='ocrx_word' id='word_1_517' title='bbox 2218 5073 2470 5144; x_wconf 79' lang='lat' dir='ltr'><strong>episcopo</strong></span> <span class='ocrx_word' id='word_1_518' title='bbox 2545 5074 2844 5131; x_wconf 71' lang='lat' dir='ltr'><strong>PaLBorum</strong></span> <span class='ocrx_word' id='word_1_519' title='bbox 2910 5087 2967 5133; x_wconf 81' lang='lat' dir='ltr'><strong>et</strong></span> <span class='ocrx_word' id='word_1_520' title='bbox 3023 5076 3255 5149; x_wconf 78' lang='lat' dir='ltr'><strong>Georgio</strong></span> <span class='ocrx_word' id='word_1_521' title='bbox 3309 5077 3419 5134; x_wconf 83' lang='lat' dir='ltr'><strong>Deo</strong></span> <span class='ocrx_word' id='word_1_522' title='bbox 3473 5078 3814 5136; x_wconf 81' lang='lat' dir='ltr'><strong>amicissimo</strong></span> 
     </span>
    </p>
   </div>
   <div class='ocr_carea' id='block_1_90' title="bbox 535 5162 2118 5239">
    <p class='ocr_par' dir='ltr' id='par_1_90' title="bbox 535 5162 2118 5239">
     <span class='ocr_line' id='line_1_90' title="bbox 535 5162 2118 5239; baseline 0.006 -22"><span class='ocrx_word' id='word_1_523' title='bbox 535 5163 956 5229; x_wconf 80' lang='lat' dir='ltr'><strong>excubitorum,</strong></span> <span class='ocrx_word' id='word_1_524' title='bbox 1029 5162 1274 5220; x_wconf 79' lang='lat' dir='ltr'><strong>Manuele</strong></span> <span class='ocrx_word' id='word_1_525' title='bbox 1337 5165 1878 5238; x_wconf 89' lang='lat' dir='ltr'><strong>magniﬁcentissimo</strong></span> <span class='ocrx_word' id='word_1_526' title='bbox 1944 5170 2118 5239; x_wconf 90' lang='lat' dir='ltr'><strong>patri-</strong></span> 
     </span>
    </p>
   </div>
   <div class='ocr_carea' id='block_1_91' title="bbox 535 5255 2116 5333">
    <p class='ocr_par' dir='ltr' id='par_1_91' title="bbox 535 5255 2116 5333">
     <span class='ocr_line' id='line_1_91' title="bbox 535 5255 2116 5333; baseline 0.006 -21"><span class='ocrx_word' id='word_1_527' title='bbox 535 5255 624 5312; x_wconf 89' lang='lat' dir='ltr'><strong>cio</strong></span> <span class='ocrx_word' id='word_1_528' title='bbox 657 5296 676 5323; x_wconf 92' lang='lat'><strong>,</strong></span> <span class='ocrx_word' id='word_1_529' title='bbox 758 5256 1150 5327; x_wconf 86' lang='lat' dir='ltr'><strong>Thcophilacto</strong></span> <span class='ocrx_word' id='word_1_530' title='bbox 1227 5257 1766 5330; x_wconf 86' lang='lat' dir='ltr'><strong>magniﬁcentissimo</strong></span> <span class='ocrx_word' id='word_1_531' title='bbox 1833 5263 2066 5333; x_wconf 90' lang='lat' dir='ltr'><strong>patricio</strong></span> <span class='ocrx_word' id='word_1_532' title='bbox 2099 5305 2116 5332; x_wconf 92' lang='lat'><strong>,</strong></span> 
     </span>
    </p>
   </div>
   <div class='ocr_carea' id='block_1_92' title="bbox 529 5343 2120 5425">
    <p class='ocr_par' dir='ltr' id='par_1_92' title="bbox 529 5343 2120 5425">
     <span class='ocr_line' id='line_1_92' title="bbox 529 5343 2120 5425; baseline 0.006 -22"><span class='ocrx_word' id='word_1_533' title='bbox 529 5343 825 5403; x_wconf 82' lang='lat' dir='ltr'><strong>Petronate</strong></span> <span class='ocrx_word' id='word_1_534' title='bbox 909 5348 1444 5420; x_wconf 87' lang='lat' dir='ltr'><strong>magniﬁcentissimo</strong></span> <span class='ocrx_word' id='word_1_535' title='bbox 1519 5353 1791 5425; x_wconf 89' lang='lat' dir='ltr'><strong>patricio,</strong></span> <span class='ocrx_word' id='word_1_536' title='bbox 1827 5343 1832 5348; x_wconf 26' lang='grc' dir='ltr'><em>θ</em></span> <span class='ocrx_word' id='word_1_537' title='bbox 1875 5355 2120 5414; x_wconf 82' lang='lat' dir='ltr'><strong>Manuele</strong></span> 
     </span>
    </p>
   </div>
   <div class='ocr_carea' id='block_1_93' title="bbox 531 5438 2120 5512">
    <p class='ocr_par' dir='ltr' id='par_1_93' title="bbox 531 5438 2120 5512">
     <span class='ocr_line' id='line_1_93' title="bbox 531 5438 2120 5512; baseline 0.008 -18"><span class='ocrx_word' id='word_1_538' title='bbox 531 5438 1074 5510; x_wconf 87' lang='lat' dir='ltr'><strong>magniﬁcentissimo</strong></span> <span class='ocrx_word' id='word_1_539' title='bbox 1117 5442 1385 5512; x_wconf 88' lang='lat' dir='ltr'><strong>patricio:</strong></span> <span class='ocrx_word' id='word_1_540' title='bbox 1443 5444 1541 5501; x_wconf 86' lang='lat' dir='ltr'><strong>sed</strong></span> <span class='ocrx_word' id='word_1_541' title='bbox 1597 5453 1655 5502; x_wconf 87' lang='lat' dir='ltr'><strong>et</strong></span> <span class='ocrx_word' id='word_1_542' title='bbox 1713 5447 2120 5506; x_wconf 87' lang='lat' dir='ltr'><strong>considentibus</strong></span> 
     </span>
    </p>
   </div>
   <div class='ocr_carea' id='block_1_94' title="bbox 531 5531 2119 5607">
    <p class='ocr_par' dir='ltr' id='par_1_94' title="bbox 531 5531 2119 5607">
     <span class='ocr_line' id='line_1_94' title="bbox 531 5531 2119 5607; baseline 0.006 -18"><span class='ocrx_word' id='word_1_543' title='bbox 531 5531 646 5589; x_wconf 87' lang='lat' dir='ltr'><strong>Deo</strong></span> <span class='ocrx_word' id='word_1_544' title='bbox 701 5531 1106 5589; x_wconf 88' lang='lat' dir='ltr'><strong>amabilissimis</strong></span> <span class='ocrx_word' id='word_1_545' title='bbox 1150 5533 1536 5606; x_wconf 88' lang='lat' dir='ltr'><strong>metropolitis;</strong></span> <span class='ocrx_word' id='word_1_546' title='bbox 1577 5537 1666 5593; x_wconf 85' lang='lat' dir='ltr'><strong>aio</strong></span> <span class='ocrx_word' id='word_1_547' title='bbox 1689 5547 1891 5607; x_wconf 91' lang='lat' dir='ltr'><strong>autem,</strong></span> <span class='ocrx_word' id='word_1_548' title='bbox 1921 5539 2119 5598; x_wconf 88' lang='lat' dir='ltr'><strong>Basilio</strong></span> 
     </span>
    </p>
   </div>
   <div class='ocr_carea' id='block_1_95' title="bbox 529 5623 2119 5701">
    <p class='ocr_par' dir='ltr' id='par_1_95' title="bbox 529 5623 2119 5701">
     <span class='ocr_line' id='line_1_95' title="bbox 529 5623 2119 5701; baseline 0.004 -19"><span class='ocrx_word' id='word_1_549' title='bbox 529 5623 645 5682; x_wconf 88' lang='lat' dir='ltr'><strong>Deo</strong></span> <span class='ocrx_word' id='word_1_550' title='bbox 669 5623 1061 5682; x_wconf 86' lang='lat' dir='ltr'><strong>amabilissimo</strong></span> <span class='ocrx_word' id='word_1_551' title='bbox 1079 5627 1423 5698; x_wconf 83' lang='lat' dir='ltr'><strong>metropolita</strong></span> <span class='ocrx_word' id='word_1_552' title='bbox 1457 5628 1678 5701; x_wconf 86' lang='lat' dir='ltr'><strong>Ephesi,</strong></span> <span class='ocrx_word' id='word_1_553' title='bbox 1708 5629 1984 5688; x_wconf 90' lang='lat' dir='ltr'><strong>Theodulo</strong></span> <span class='ocrx_word' id='word_1_554' title='bbox 2007 5633 2119 5689; x_wconf 86' lang='lat' dir='ltr'><strong>Deo</strong></span> 
     </span>
    </p>
   </div>
   <div class='ocr_carea' id='block_1_96' title="bbox 531 5715 2116 5792">
    <p class='ocr_par' dir='ltr' id='par_1_96' title="bbox 531 5715 2116 5792">
     <span class='ocr_line' id='line_1_96' title="bbox 531 5715 2116 5792; baseline 0.009 -24"><span class='ocrx_word' id='word_1_555' title='bbox 531 5715 864 5772; x_wconf 78' lang='lat' dir='ltr'><strong>amicissimo</strong></span> <span class='ocrx_word' id='word_1_556' title='bbox 905 5715 1241 5788; x_wconf 88' lang='lat' dir='ltr'><strong>metropolita</strong></span> <span class='ocrx_word' id='word_1_557' title='bbox 1268 5717 1517 5792; x_wconf 62' lang='lat' dir='ltr'><strong>Ancyra,</strong></span> <span class='ocrx_word' id='word_1_558' title='bbox 1561 5720 1804 5778; x_wconf 88' lang='lat' dir='ltr'><strong>Barnaha</strong></span> <span class='ocrx_word' id='word_1_559' title='bbox 1832 5723 1944 5782; x_wconf 91' lang='lat' dir='ltr'><strong>Deo</strong></span> <span class='ocrx_word' id='word_1_560' title='bbox 1977 5727 2116 5782; x_wconf 88' lang='lat' dir='ltr'><strong>ami-</strong></span> 
     </span>
    </p>
   </div>
   <div class='ocr_carea' id='block_1_97' title="bbox 531 5803 2118 5882">
    <p class='ocr_par' dir='ltr' id='par_1_97' title="bbox 531 5803 2118 5882">
     <span class='ocr_line' id='line_1_97' title="bbox 531 5803 2118 5882; baseline 0.009 -24"><span class='ocrx_word' id='word_1_561' title='bbox 531 5803 754 5861; x_wconf 85' lang='lat' dir='ltr'><strong>cissimo</strong></span> <span class='ocrx_word' id='word_1_562' title='bbox 784 5807 1124 5879; x_wconf 88' lang='lat' dir='ltr'><strong>metropolita</strong></span> <span class='ocrx_word' id='word_1_563' title='bbox 1155 5807 1358 5881; x_wconf 80' lang='lat' dir='ltr'><strong>Cyzici,</strong></span> <span class='ocrx_word' id='word_1_564' title='bbox 1383 5809 1688 5882; x_wconf 85' lang='lat' dir='ltr'><strong>Nicephoro</strong></span> <span class='ocrx_word' id='word_1_565' title='bbox 1715 5811 1826 5870; x_wconf 90' lang='lat' dir='ltr'><strong>Deo</strong></span> <span class='ocrx_word' id='word_1_566' title='bbox 1850 5815 2118 5872; x_wconf 89' lang='lat' dir='ltr'><strong>amicissi-</strong></span> 
     </span>
    </p>
   </div>
   <div class='ocr_carea' id='block_1_98' title="bbox 532 5897 2116 5974">
    <p class='ocr_par' dir='ltr' id='par_1_98' title="bbox 532 5897 2116 5974">
     <span class='ocr_line' id='line_1_98' title="bbox 532 5897 2116 5974; baseline 0.009 -26"><span class='ocrx_word' id='word_1_567' title='bbox 532 5907 624 5950; x_wconf 88' lang='lat' dir='ltr'><strong>mo</strong></span> <span class='ocrx_word' id='word_1_568' title='bbox 656 5897 992 5970; x_wconf 86' lang='lat' dir='ltr'><strong>metropolita</strong></span> <span class='ocrx_word' id='word_1_569' title='bbox 1046 5898 1262 5968; x_wconf 62' lang='lat' dir='ltr'><strong>Nicazcc,</strong></span> <span class='ocrx_word' id='word_1_570' title='bbox 1299 5899 1602 5974; x_wconf 82' lang='lat' dir='ltr'><strong>Nicephoro</strong></span> <span class='ocrx_word' id='word_1_571' title='bbox 1648 5903 1759 5960; x_wconf 89' lang='lat' dir='ltr'><strong>Deo</strong></span> <span class='ocrx_word' id='word_1_572' title='bbox 1789 5907 2116 5963; x_wconf 87' lang='lat' dir='ltr'><strong>amicissimo</strong></span> 
     </span>
    </p>
   </div>
   <div class='ocr_carea' id='block_1_99' title="bbox 2222 5165 3813 5240">
    <p class='ocr_par' dir='ltr' id='par_1_99' title="bbox 2222 5165 3813 5240">
     <span class='ocr_line' id='line_1_99' title="bbox 2222 5165 3813 5240; baseline 0.006 -20"><span class='ocrx_word' id='word_1_573' title='bbox 2222 5178 2475 5236; x_wconf 82' lang='lat' dir='ltr'><strong>episcopo</strong></span> <span class='ocrx_word' id='word_1_574' title='bbox 2521 5165 2791 5222; x_wconf 66' lang='lat' dir='ltr'><strong>Adranize.</strong></span> <span class='ocrx_word' id='word_1_575' title='bbox 2822 5166 2916 5224; x_wconf 82' lang='lat' dir='ltr'><strong>His</strong></span> <span class='ocrx_word' id='word_1_576' title='bbox 2962 5168 3036 5222; x_wconf 88' lang='lat' dir='ltr'><strong>ita</strong></span> <span class='ocrx_word' id='word_1_577' title='bbox 3080 5169 3544 5236; x_wconf 84' lang='lat' dir='ltr'><strong>convenientibus,</strong></span> <span class='ocrx_word' id='word_1_578' title='bbox 3580 5170 3813 5240; x_wconf 74' lang='lat' dir='ltr'><strong>iubente</strong></span> 
     </span>
    </p>
   </div>
   <div class='ocr_carea' id='block_1_100' title="bbox 2221 5257 3810 5334">
    <p class='ocr_par' dir='ltr' id='par_1_100' title="bbox 2221 5257 3810 5334">
     <span class='ocr_line' id='line_1_100' title="bbox 2221 5257 3810 5334; baseline 0.004 -20"><span class='ocrx_word' id='word_1_579' title='bbox 2221 5257 2419 5314; x_wconf 89' lang='lat' dir='ltr'><strong>Basilio</strong></span> <span class='ocrx_word' id='word_1_580' title='bbox 2446 5258 2649 5316; x_wconf 88' lang='lat' dir='ltr'><strong>Christi</strong></span> <span class='ocrx_word' id='word_1_581' title='bbox 2689 5261 2864 5317; x_wconf 88' lang='lat' dir='ltr'><strong>amico</strong></span> <span class='ocrx_word' id='word_1_582' title='bbox 2893 5269 2950 5317; x_wconf 88' lang='lat' dir='ltr'><strong>et</strong></span> <span class='ocrx_word' id='word_1_583' title='bbox 2971 5277 3166 5334; x_wconf 90' lang='lat' dir='ltr'><strong>magno</strong></span> <span class='ocrx_word' id='word_1_584' title='bbox 3191 5263 3538 5333; x_wconf 89' lang='lat' dir='ltr'><strong>imperatore,</strong></span> <span class='ocrx_word' id='word_1_585' title='bbox 3567 5273 3722 5321; x_wconf 84' lang='lat' dir='ltr'><strong>stans</strong></span> <span class='ocrx_word' id='word_1_586' title='bbox 3746 5266 3810 5321; x_wconf 86' lang='lat' dir='ltr'><strong>in</strong></span> 
     </span>
    </p>
   </div>
   <div class='ocr_carea' id='block_1_101' title="bbox 2223 5351 3809 5426">
    <p class='ocr_par' dir='ltr' id='par_1_101' title="bbox 2223 5351 3809 5426">
     <span class='ocr_line' id='line_1_101' title="bbox 2223 5351 3809 5426; baseline 0.004 -20"><span class='ocrx_word' id='word_1_587' title='bbox 2223 5351 2403 5408; x_wconf 89' lang='lat' dir='ltr'><strong>medio</strong></span> <span class='ocrx_word' id='word_1_588' title='bbox 2427 5351 2676 5409; x_wconf 89' lang='lat' dir='ltr'><strong>Bahanes</strong></span> <span class='ocrx_word' id='word_1_589' title='bbox 2712 5352 3280 5424; x_wconf 88' lang='lat' dir='ltr'><strong>magniﬁcentissimus</strong></span> <span class='ocrx_word' id='word_1_590' title='bbox 3306 5355 3565 5424; x_wconf 89' lang='lat' dir='ltr'><strong>patricius</strong></span> <span class='ocrx_word' id='word_1_591' title='bbox 3583 5364 3640 5410; x_wconf 92' lang='lat' dir='ltr'><strong>et</strong></span> <span class='ocrx_word' id='word_1_592' title='bbox 3662 5369 3809 5426; x_wconf 72' lang='lat' dir='ltr'><strong>prte-</strong></span> 
     </span>
    </p>
   </div>
   <div class='ocr_carea' id='block_1_102' title="bbox 2221 5443 3812 5516">
    <p class='ocr_par' dir='ltr' id='par_1_102' title="bbox 2221 5443 3812 5516">
     <span class='ocr_line' id='line_1_102' title="bbox 2221 5443 3812 5516; baseline 0.003 -18"><span class='ocrx_word' id='word_1_593' title='bbox 2221 5443 2430 5516; x_wconf 88' lang='lat' dir='ltr'><strong>positus</strong></span> <span class='ocrx_word' id='word_1_594' title='bbox 2453 5443 2627 5500; x_wconf 82' lang='lat' dir='ltr'><strong>dixit:</strong></span> <span class='ocrx_word' id='word_1_595' title='bbox 2674 5443 2904 5514; x_wconf 87' lang='lat' dir='ltr'><strong>Propter</strong></span> <span class='ocrx_word' id='word_1_596' title='bbox 2953 5443 3178 5500; x_wconf 86' lang='lat' dir='ltr'><strong>multam</strong></span> <span class='ocrx_word' id='word_1_597' title='bbox 3206 5445 3499 5501; x_wconf 88' lang='lat' dir='ltr'><strong>versutiam</strong></span> <span class='ocrx_word' id='word_1_598' title='bbox 3547 5453 3605 5500; x_wconf 89' lang='lat' dir='ltr'><strong>et</strong></span> <span class='ocrx_word' id='word_1_599' title='bbox 3648 5444 3812 5502; x_wconf 84' lang='lat' dir='ltr'><strong>mali-</strong></span> 
     </span>
    </p>
   </div>
   <div class='ocr_carea' id='block_1_103' title="bbox 2222 5538 3810 5609">
    <p class='ocr_par' dir='ltr' id='par_1_103' title="bbox 2222 5538 3810 5609">
     <span class='ocr_line' id='line_1_103' title="bbox 2222 5538 3810 5609; baseline 0.001 -16"><span class='ocrx_word' id='word_1_600' title='bbox 2222 5538 2373 5605; x_wconf 88' lang='lat' dir='ltr'><strong>tiam,</strong></span> <span class='ocrx_word' id='word_1_601' title='bbox 2423 5538 2854 5609; x_wconf 66' lang='lat' dir='ltr'><strong>praecedentibus</strong></span> <span class='ocrx_word' id='word_1_602' title='bbox 2909 5539 3242 5609; x_wconf 87' lang='lat' dir='ltr'><strong>temporibus</strong></span> <span class='ocrx_word' id='word_1_603' title='bbox 3270 5539 3590 5609; x_wconf 89' lang='lat' dir='ltr'><strong>subscripsit</strong></span> <span class='ocrx_word' id='word_1_604' title='bbox 3621 5555 3810 5596; x_wconf 85' lang='lat' dir='ltr'><strong>sacer—</strong></span> 
     </span>
    </p>
   </div>
   <div class='ocr_carea' id='block_1_104' title="bbox 2219 5629 3807 5699">
    <p class='ocr_par' dir='ltr' id='par_1_104' title="bbox 2219 5629 3807 5699">
     <span class='ocr_line' id='line_1_104' title="bbox 2219 5629 3807 5699; baseline -0.003 -13"><span class='ocrx_word' id='word_1_605' title='bbox 2219 5630 2422 5686; x_wconf 92' lang='lat' dir='ltr'><strong>dotium</strong></span> <span class='ocrx_word' id='word_1_606' title='bbox 2453 5638 2507 5686; x_wconf 91' lang='lat' dir='ltr'><strong>et</strong></span> <span class='ocrx_word' id='word_1_607' title='bbox 2537 5638 2756 5686; x_wconf 90' lang='lat' dir='ltr'><strong>senatus</strong></span> <span class='ocrx_word' id='word_1_608' title='bbox 2784 5637 2832 5685; x_wconf 90' lang='lat' dir='ltr'><strong>et</strong></span> <span class='ocrx_word' id='word_1_609' title='bbox 2865 5638 2977 5685; x_wconf 91' lang='lat' dir='ltr'><strong>tota</strong></span> <span class='ocrx_word' id='word_1_610' title='bbox 3029 5629 3217 5686; x_wconf 88' lang='lat' dir='ltr'><strong>civitas</strong></span> <span class='ocrx_word' id='word_1_611' title='bbox 3262 5629 3314 5685; x_wconf 91' lang='lat' dir='ltr'><strong>in</strong></span> <span class='ocrx_word' id='word_1_612' title='bbox 3337 5631 3514 5685; x_wconf 88' lang='lat' dir='ltr'><strong>causis</strong></span> <span class='ocrx_word' id='word_1_613' title='bbox 3565 5629 3807 5699; x_wconf 86' lang='lat' dir='ltr'><strong>injustis,</strong></span> 
     </span>
    </p>
   </div>
   <div class='ocr_carea' id='block_1_105' title="bbox 2219 5725 3810 5798">
    <p class='ocr_par' dir='ltr' id='par_1_105' title="bbox 2219 5725 3810 5798">
     <span class='ocr_line' id='line_1_105' title="bbox 2219 5725 3810 5798; baseline 0.001 -18"><span class='ocrx_word' id='word_1_614' title='bbox 2219 5741 2353 5798; x_wconf 88' lang='lat' dir='ltr'><strong>quas</strong></span> <span class='ocrx_word' id='word_1_615' title='bbox 2392 5725 2717 5782; x_wconf 91' lang='lat' dir='ltr'><strong>noluerunt:</strong></span> <span class='ocrx_word' id='word_1_616' title='bbox 2763 5725 2923 5782; x_wconf 91' lang='lat' dir='ltr'><strong>hodie</strong></span> <span class='ocrx_word' id='word_1_617' title='bbox 2974 5735 3154 5783; x_wconf 90' lang='lat' dir='ltr'><strong>autem</strong></span> <span class='ocrx_word' id='word_1_618' title='bbox 3183 5727 3295 5782; x_wconf 91' lang='lat' dir='ltr'><strong>vult</strong></span> <span class='ocrx_word' id='word_1_619' title='bbox 3320 5727 3578 5782; x_wconf 91' lang='lat' dir='ltr'><strong>divinitus</strong></span> <span class='ocrx_word' id='word_1_620' title='bbox 3606 5729 3810 5796; x_wconf 84' lang='lat' dir='ltr'><strong>guber-</strong></span> 
     </span>
    </p>
   </div>
   <div class='ocr_carea' id='block_1_106' title="bbox 2218 5819 3803 5888">
    <p class='ocr_par' dir='ltr' id='par_1_106' title="bbox 2218 5819 3803 5888">
     <span class='ocr_line' id='line_1_106' title="bbox 2218 5819 3803 5888; baseline 0.001 -15"><span class='ocrx_word' id='word_1_621' title='bbox 2218 5826 2404 5874; x_wconf 90' lang='lat' dir='ltr'><strong>natum</strong></span> <span class='ocrx_word' id='word_1_622' title='bbox 2435 5819 2718 5888; x_wconf 82' lang='lat' dir='ltr'><strong>iinperium</strong></span> <span class='ocrx_word' id='word_1_623' title='bbox 2749 5829 3018 5886; x_wconf 91' lang='lat' dir='ltr'><strong>nostrum,</strong></span> <span class='ocrx_word' id='word_1_624' title='bbox 3052 5820 3264 5875; x_wconf 87' lang='lat' dir='ltr'><strong>intuens</strong></span> <span class='ocrx_word' id='word_1_625' title='bbox 3287 5820 3803 5876; x_wconf 55' lang='lat' dir='ltr'><strong>in&#39;misericordiant</strong></span> 
     </span>
    </p>
   </div>
   <div class='ocr_carea' id='block_1_107' title="bbox 2222 5907 3806 5982">
    <p class='ocr_par' dir='ltr' id='par_1_107' title="bbox 2222 5907 3806 5982">
     <span class='ocr_line' id='line_1_107' title="bbox 2222 5907 3806 5982; baseline 0.003 -19"><span class='ocrx_word' id='word_1_626' title='bbox 2222 5907 2313 5966; x_wconf 87' lang='lat' dir='ltr'><strong>Dei</strong></span> <span class='ocrx_word' id='word_1_627' title='bbox 2345 5908 2712 5980; x_wconf 81' lang='lat' dir='ltr'><strong>benignissimi</strong></span> <span class='ocrx_word' id='word_1_628' title='bbox 2751 5917 2807 5967; x_wconf 90' lang='lat' dir='ltr'><strong>et</strong></span> <span class='ocrx_word' id='word_1_629' title='bbox 2846 5911 3370 5982; x_wconf 75' lang='lat' dir='ltr'><strong>cornpationtissinii,</strong></span> <span class='ocrx_word' id='word_1_630' title='bbox 3419 5910 3673 5970; x_wconf 85' lang='lat' dir='ltr'><strong>manibus</strong></span> <span class='ocrx_word' id='word_1_631' title='bbox 3711 5924 3806 5968; x_wconf 78' lang='lat' dir='ltr'><strong>ve-</strong></span> 
     </span>
    </p>
   </div>
  </div>
