4032 6286
309 395 405 460 {il

305 517 436 574 atris
457 531 555 576 eas
584 518 817 592 incendi,
869 535 924 584 et
965 543 1148 601 sperat
1205 537 1256 592 in
1289 541 1692 602 miserationem
1744 549 1860 618 ejus

305 701 450 756 omni
489 702 693 761 homini
715 707 1018 780 ignorantia
1051 715 1182 783 haec,
1221 727 1330 776 tam
1360 739 1392 779 a
1417 736 1604 783 sancta
1625 733 1888 790 catholica

301 789 563 863 Ecclesia,
622 815 782 870 quam
831 818 862 859 a
918 821 1074 864 sacro
1117 823 1330 882 senatu,
1387 826 1442 873 et
1503 828 1615 878 tota
1673 825 1890 884 civitate

299 897 510 956 nostra,
538 891 698 948 simul
727 903 783 952 et
810 901 1020 958 caeteris
1047 907 1376 978 regionibus.

370 979 511 1049 Quid
543 999 673 1058 ergo
724 991 935 1050 videtur
986 1001 1260 1058 sanctitati
1311 1009 1544 1064 vestrae?
1579 1011 1756 1084 placet
1783 1014 1886 1072 hoc

298 1070 450 1178 Deo,
529 1086 586 1133 et
636 1080 822 1140 vobis?
872 1087 1113 1150 Donatus
1161 1098 1534 1159 sanctissimus
1579 1070 1884 1178 .cpiscopus

296 1163 585 1237 Ostiensis,
617 1182 671 1228 et
717 1174 1022 1249 Stephanus
1053 1189 1428 1249 sanctissimus
1469 1163 1754 1270 episcopus
1783 1163 1883 1258 ᾖε-

291 1259 536 1328 pesinus,
566 1272 622 1318 et
647 1263 884 1326 Marinus
914 1271 1023 1330 Deo
1051 1278 1413 1340 amicissimus
1452 1286 1731 1357 diaconus,
1761 1307 1884 1348 san-

291 1351 527 1410 ctissiini
574 1359 761 1417 vicarii
789 1365 1021 1425 senioris
1047 1369 1232 1429 Roma:
1261 1376 1511 1435 dixerunt
1536 1399 1550 1436 :
1585 1381 1729 1440 Deus
1753 1401 1882 1442 eon-

288 1456 474 1502 servet
498 1447 698 1508 Christi
723 1456 1113 1518 amicissimum
1154 1465 1532 1539 imperatorem
1565 1489 1662 1544 per
1681 1477 1880 1536 multos

286 1550 486 1630 annos,
521 1543 613 1611 qui
644 1545 911 1614 gubernat
935 1551 1234 1613 Ecclesiam
1267 1560 1422 1630 ejus;
1452 1543 1600 1621 dedit
1639 1568 1782 1624 enim
1827 1570 1876 1626 ei

283 1623 432 1684 Deus
463 1632 912 1700 gubernationem
953 1646 1118 1704 totius
1143 1623 1349 1720 mundi,
1383 1623 1438 1710 et
1481 1657 1758 1715 exaudivit
1784 1677 1878 1718 vo-

459 1731 516 1825 et
570 1726 1003 1798 deprecationem
1053 1741 1313 1812 spiritalis
1362 1747 1535 1817 patris
1591 1751 1676 1806 sui
1722 1767 1876 1825 papa:

277 1807 511 1904 Adriani
562 1831 665 1888 per
709 1822 991 1892 epistolam
1043 1807 1208 1900 quam
1254 1807 1402 1892 misit
1449 1836 1556 1904 ille,
1607 1852 1664 1897 et

276 1901 545 1977 adimplet
566 1910 893 1972 desiderium
915 1917 1191 1991 Ecclesiae,
1217 1927 1361 1984 sicut
1382 1901 1650 1990 nuntiavit
1675 1935 1746 1992 ei.
1772 1901 1876 1992 Cu-

273 1995 480 2053 stodiat
495 1999 638 2056 Deus
650 2003 932 2076 imperium
945 2009 1062 2080 ejus
1079 2015 1261 2074 multis
1274 2020 1432 2078 annis
1446 2023 1514 2078 ad
1543 2027 1870 2085 mundanam

271 2093 783 2170 gubernationem;
863 2105 990 2177 quia
1040 2108 1246 2183 dirupit
1297 2115 1516 2172 vincula
1595 2120 1872 2192 chirogra-

271 2186 513 2256 phorum
539 2207 660 2263 qua:
714 2196 783 2252 ab
812 2198 1047 2258 inimicis
1078 2203 1174 2261 Dei
1207 2209 1474 2279 exquisita
1509 2222 1635 2268 sunt
1681 2186 1868 2272 contra

269 2291 492 2337 omnem
519 2283 836 2345 Ecclesiam.
890 2292 1138 2354 Bahanes
1177 2300 1747 2372 magniﬁcentissimus
1775 2323 1871 2378 pa-

269 2373 469 2432 tricius
530 2387 588 2434 et
646 2386 967 2456 praepositus
1027 2390 1165 2447 dixit
1213 2408 1228 2449 :
1278 2394 1514 2454 Sanctus
1573 2373 1870 2471 impera-tor

268 2476 464 2526 noster
494 2469 608 2528 Deo
632 2476 991 2537 amicabiliter
1015 2481 1171 2552 jubet
1207 2485 1389 2544 dicere
1432 2489 1500 2544 ad
1532 2505 1628 2546 vos
1652 2469 1868 2562 episco-

267 2573 372 2630 pos
393 2562 486 2631 qui
510 2563 718 2622 fecistis
745 2567 945 2641 injusta
966 2573 1359 2649 chirographa:
1385 2579 1516 2648 Quis
1541 2582 1865 2652 inﬁrmatur,

265 2662 313 2706 et
344 2670 442 2724 ego
481 2672 586 2712 non
613 2659 896 2729 inﬁrmor?
942 2663 1028 2738 (ΙΙ
1070 2665 1192 2724 Cor.
1236 2675 1299 2737 ι.)
1351 2671 1602 2746 Languor
1629 2684 1684 2732 et
1711 2677 1869 2734 dolor

265 2753 454 2800 vester
482 2761 638 2804 meus
667 2758 780 2819 est;
813 2761 870 2809 et
893 2754 1015 2812 ideo
1042 2759 1326 2816 consilium
1366 2763 1434 2819 do
1474 2772 1534 2820 ut
1576 2781 1696 2837 quae
1725 2769 1866 2824 male

266 2849 298 2892 a
323 2838 483 2894 vobis
504 2849 562 2896 et
587 2841 638 2897 vi
664 2852 786 2900 acta
826 2856 974 2912 sunt,
1019 2849 1377 2909 incendantur
1401 2866 1458 2912 et
1497 2861 1867 2919 exterminen-

266 2936 380 2996 tur,
422 2947 533 2989 non
575 2934 748 2992 solum
797 2940 1147 3011 sensibiliter,
1199 2946 1295 3003 sed
1343 2950 1680 3020 providentia
1733 2955 1860 3022 Dei,

264 3021 433 3078 etiam
464 3023 894 3115 intelligibiliter.
946 3032 1058 3090 Deo
1094 3037 1408 3096 amicissimi
1437 3041 1676 3115 episcopi
1705 3021 1861 3103 dixe;

264 3122 396 3169 runt
426 3131 442 3168 :
483 3114 659 3174 Hodie
692 3121 993 3192 completur
1025 3126 1128 3183 sub
1155 3143 1187 3184 a
1217 3127 1330 3186 Deo
1356 3114 1656 3191 muniendo
1685 3136 1860 3208 impe-

264 3213 454 3264 ratore
498 3216 686 3266 nostro
729 3211 926 3270 divinae
970 3217 1254 3289 scripturae
1302 3235 1513 3291 sermo,
1563 3225 1656 3296 qui
1685 3227 1858 3284 dicit:

985 413 1542 489 INTERPRETATIO
1579 431 1829 494 SYNODI
1868 439 1982 498 Vill
2019 440 2430 510 GENEBALIS.
2474 486 2544 497 ——
2581 455 2786 518 ACTIO
2824 462 2956 521 Vill.

3479 471 3580 532 122

413 556 555 620 ῖνασ
584 556 817 615 "ww-us,
869 556 924 584 ει
965 556 1148 601 aperi“
1205 556 1256 592 ιη
1289 556 1692 602 Ιηιδθιτιιίοηθιη
1744 556 1882 618 eius.
1914 557 1962 618 Α
1990 556 2186 629 ignem,
2219 573 2274 620 et
2300 578 2540 625 cremata
2569 582 2716 641 sunt,
2748 585 2803 631 et
2832 579 3045 636 redacta
3072 580 3125 637 in
3152 582 3399 642 nihilum.
3424 585 3578 644 Basi-

413 625 466 644 In
522 623 734 644 nnnnlno
788 620 1056 644 Ann-2..-.--
1112 636 1222 644 ω--.
1511 635 1525 644 ι
1586 638 1598 644 -

306 615 360 663 et
411 615 467 664 in
520 623 737 671 sanctas
786 620 1059 679 orationes
1112 636 1338 697 vestras,
1384 635 1527 702 quod
1584 615 1892 708 ignoscatur

1993 651 2096 709 lius
2131 658 2337 716 amicus
2381 662 2580 721 Christi
2624 677 2678 724 et
2713 686 2938 743 magnus
2989 676 3281 748 imperator
3323 681 3458 737 dixit
3504 684 3574 738 ad

1991 749 2362 809 sanctissimos
2383 755 2615 816 vicarios
2635 763 2867 821 senioris
2889 766 3073 824 Romae
3097 784 3112 824 :
3137 770 3368 842 Imperio
3389 783 3574 831 nostro

1983 838 2226 910 jubente,
2276 847 2616 909 adduxerunt
2661 855 2822 913 falsos
2861 860 3114 930 vicarius,
3165 838 3301 935 quos
3346 867 3574 926 Photius

1985 935 2208 1001 protulit
2234 949 2426 996 contra
2457 943 2826 1004 beatissimum
2854 967 3049 1022 papam
3095 954 3403 1024 Nicolaum;
3441 960 3570 1030 quid

1987 1039 2116 1096 ergo
2146 1029 2360 1086 videtur
2385 1036 2656 1094 sanctitati
2703 1050 2899 1098 vestra:
2929 1045 2994 1098 de
3041 1046 3180 1102 illis?
3231 1029 3570 1108 Sanctissimi

1983 1119 2172 1177 vicarii
2214 1125 2444 1182 senioris
2483 1128 2668 1187 Roma:
2695 1134 2947 1191 dixerunt
2988 1154 3001 1191 :
3042 1137 3418 1208 lngrediantur
3442 1158 3571 1199 san-

1984 1215 2126 1264 ctam
2154 1219 2208 1268 et
2228 1214 2586 1274 universalem
2617 1223 2898 1294 synodum.
2923 1226 2988 1282 Et
3014 1226 3339 1285 intrantibus
3356 1233 3455 1299 eis,
3486 1233 3568 1288 in-

1983 1305 2281 1375 terrogavit
2326 1305 2574 1368 Bahanes
2616 1315 3176 1383 magniﬁcentissimus
3213 1323 3470 1392 patricius
3510 1334 3566 1380 et

1980 1396 2300 1465 praepositus
2347 1398 2565 1458 Petrum
2623 1407 2948 1464 monachum
2995 1428 3008 1464 :
3059 1411 3184 1468 Haec
3233 1413 3387 1484 jubet
3439 1431 3566 1471 san-

1979 1495 2099 1543 ctus
2154 1487 2450 1560 imperator
2504 1504 2716 1565 noster,
2771 1507 2826 1555 et
2883 1509 2990 1557 tota
3048 1513 3236 1559 sancta
3291 1507 3560 1578 synodus,

1978 1579 2298 1654 interrogari
2343 1594 2415 1652 te,
2447 1586 2550 1656 Qui
2595 1604 2656 1647 es
2697 1599 2753 1647 et
2797 1594 2942 1650 unde
2977 1596 3168 1652 venis?
3214 1607 3267 1653 et
3305 1600 3433 1670 quid
3480 1599 3562 1654 di-

1977 1677 2093 1734 cis?
2137 1688 2194 1736 et
2235 1683 2378 1752 quod
2403 1693 2485 1740 est
2525 1701 2662 1756 opus
2705 1696 2852 1744 tuum
2887 1691 3030 1761 quod
3067 1693 3264 1764 egisti?
3310 1695 3563 1751 inventus

1975 1783 2034 1826 es
2059 1771 2114 1828 in
2139 1773 2368 1830 concilio
2402 1777 2544 1847 quod
2569 1776 2699 1834 fecit
2723 1779 2947 1837 Photius
2971 1792 3161 1838 contra
3189 1783 3556 1840 beatissimum

1973 1878 2167 1935 papam
2204 1863 2509 1936 Nicolaum,
2551 1879 2646 1926 aut
2683 1873 2876 1930 dedisti
2918 1874 3156 1931 libellum
3185 1876 3564 1932 contra‘enm?

1903 1941 1951 2002 Β
1977 1953 2174 2040 Petrus
2214 1958 2396 2016 dixit:
2429 1961 2614 2033 Neque
2669 1979 2907 2035 praesens
2952 1965 3060 2022 illic
3103 1967 3356 2024 inventus
3403 1981 3556 2033 sum,

1972 2065 2148 2122 neque
2189 2052 2329 2110 hanc
2374 2057 2826 2128 conscriptionem
2862 2060 3020 2126 novi;
3069 2060 3268 2116 etenim
3316 2059 3558 2129 nunquid

1969 2154 2070 2213 ego
2094 2142 2241 2202 solus
2271 2145 2463 2204 Petrus
2487 2163 2606 2204 sum
2637 2149 2693 2204 in
2727 2149 2867 2206 hanc
2895 2151 3087 2207 urbem
3114 2166 3144 2206 a
3171 2151 3341 2207 Roma
3369 2165 3556 2206 ascen-

1970 2234 2138 2294 dens?
2179 2237 2282 2295 Alii
2320 2241 2456 2296 dena
2485 2241 2650 2299 millia
2677 2243 3036 2300 ascenderunt
3077 2243 3254 2312 Petri;
3284 2254 3559 2301 verumta-

1968 2343 2094 2384 men
2119 2329 2328 2402 legatur
2357 2333 2460 2389 iste
2498 2333 2713 2392 libellus
2739 2350 2892 2392 meus
2929 2352 3088 2408 quem
3116 2337 3331 2403 defero,
3367 2345 3424 2392 et
3466 2337 3554 2392 hic

1967 2422 2256 2482 manifesta
2282 2425 2446 2482 faciet
2467 2443 2588 2499 qua:
2619 2443 2739 2485 mea
2767 2437 2913 2486 sunt.
2958 2430 3024 2485 Et
3050 2430 3320 2501 accipiens
3351 2428 3556 2500 Grego-

1965 2514 2081 2573 rius
2102 2515 2326 2575 devotus
2349 2519 2594 2576 notarius
2620 2519 2925 2577 divinorum
2957 2531 3291 2578 secretorum
3317 2520 3479 2592 legit:

2216 2655 2446 2712 Libellus
2474 2657 2826 2730 apologaticus
2856 2656 3005 2714 Petri
3033 2659 3296 2714 monachi.

2035 2764 2300 2834 Quoniam
2344 2767 2692 2839 exiguitatem
2743 2775 2988 2824 nostram
3037 2767 3254 2837 quidam
3305 2773 3547 2822 vestrum

1963 2856 2166 2926 opinati
2193 2865 2320 2913 sunt
2364 2858 2624 2915 adversus
2651 2867 2895 2914 sanctam
2922 2858 3220 2914 Romanam
3247 2857 3546 2913 Ecclesiam

1964 2950 2200 3008 libellum
2234 2951 2467 3018 dedisse,
2512 2960 2794 3024 propterea
2839 2952 2966 3024 quia
3014 2951 3217 3007 mentio
3264 2957 3449 3006 nostra
3492 2949 3550 3006 in

1963 3041 2235 3116 divulgata
2291 3043 2688 3115 conscriptione
2759 3044 3168 3111 continebatur,
3235 3042 3396 3114 hujus
3469 3041 3550 3099 rei

1963 3135 2136 3208 gratia
2211 3135 2631 3208 imperatoribus
2693 3137 2962 3194 rationem
3024 3135 3334 3192 redditurus
3392 3134 3548 3224 veni,

1967 3226 2064 3284 sed
2114 3235 2172 3283 et
2214 3227 2270 3283 in
2320 3236 2615 3299 conspectu
2664 3237 2860 3285 vestra:
2914 3227 3232 3284 reverentiae
3283 3241 3428 3298 saepe
3475 3225 3552 3281 in-

263 3296 507 3356 Dissolvi:
539 3319 742 3360 omnem
782 3305 1166 3380 colligationem
1207 3311 1524 3385 iniquitatis,
1569 3327 1618 3374 et
1660 3319 1859 3392 obliga-
1889 3318 1936 3382 C
1967 3327 2252 3375 nocentem
2298 3296 2580 3386 exhibens,
2636 3335 2826 3377 rursus
2855 3327 2912 3378 et
2952 3335 3096 3377 nunc
3137 3319 3204 3375 de
3241 3319 3430 3375 eadem
3467 3317 3551 3372 in-

262 3391 433 3448 tiones
458 3392 803 3451 violenterum
825 3407 1214 3471 contractarum,
1238 3413 1290 3460 et
1319 3405 1477 3462 evelle
1502 3425 1708 3466 omnem
1729 3391 1861 3467 scri-

258 3488 478 3552 pturam
501 3481 754 3552 injustam
781 3485 916 3558 (Isa.
945 3497 1054 3561 ιν).
1083 3491 1188 3549 Pro
1207 3495 1404 3566 quibus
1431 3496 1522 3554 det
1549 3499 1693 3558 Deus
1717 3518 1860 3559 mer-

262 3575 454 3631 cedem
508 3575 824 3657 animarum
861 3591 1167 3640 nostrarum
1213 3596 1269 3643 et
1315 3604 1606 3662 corporum
1654 3593 1859 3653 Christi

263 3665 448 3723 amico
475 3666 812 3740 imperatori,
859 3680 916 3728 et
952 3665 1240 3732 conservet
1287 3677 1577 3750 imperium
1623 3683 1739 3756 ejus
1761 3701 1860 3757 per

263 3759 439 3816 multa
481 3773 751 3817 annorum
779 3764 1066 3832 curricula,
1095 3767 1302 3826 donans
1340 3770 1391 3826 ei
1430 3773 1594 3829 etiam
1639 3775 1860 3834 caeleste

265 3853 583 3925 imperium.
609 3855 676 3912 Et
691 3857 916 3928 jubente
934 3859 1135 3918 Basilio
1151 3863 1355 3922 Christi
1377 3867 1554 3924 amico
1580 3875 1637 3926 et
1659 3885 1858 3944 magno

266 3944 624 4018 imperatore,
659 3951 893 4021 positum
919 3961 1002 4010 est
1028 3955 1084 4010 in
1111 3957 1290 4013 medio
1317 3959 1507 4031 synodi
1527 3975 1622 4018 vas
1647 3977 1855 4019 aeneum

265 4040 334 4096 ad
357 4040 418 4096 id
449 4049 655 4112 aptum,
683 4043 899 4114 plenum
922 4046 1067 4118 igne,
1091 4055 1148 4104 et
1167 4048 1330 4105 delati
1355 4059 1483 4107 sunt
1508 4052 1562 4108 in
1585 4055 1857 4128 marsupio

265 4147 296 4188 a
323 4132 734 4206 Tbeophylacto
781 4139 1231 4197 reverendissimo
1267 4141 1496 4201 diacono
1536 4153 1593 4200 et
1619 4144 1859 4203 referen-

266 4225 422 4280 dario
449 4236 475 4265 α
507 4239 695 4282 omnes
726 4229 854 4285 tomi
879 4229 1360 4304 chirographorum
1389 4235 1483 4306 qui
1511 4238 1688 4294 exacti
1733 4247 1858 4296 sunt

265 4331 298 4372 ι
323 4317 548 4387 Pbotio,
576 4319 646 4376 ab
671 4321 818 4377 omni
847 4332 1062 4382 sacrato
1088 4327 1354 4399 catalogo,
1401 4337 1458 4385 et
1477 4329 1670 4388 ordine
1695 4331 1858 4389 cleri-

265 4423 479 4478 corum,
542 4419 653 4468 tam
704 4429 912 4488 magna;
959 4416 1232 4486 Ecclesiae,
1289 4436 1451 4492 quam
1498 4438 1686 4481 earum
1736 4441 1858 4498 qua:

267 4500 401 4559 foris
426 4512 557 4560 sunt
586 4521 602 4560 :
638 4520 910 4579 quamque
937 4509 1100 4566 etiam
1142 4526 1174 4566 a
1212 4512 1454 4585 magnis,
1483 4523 1540 4572 et
1567 4517 1772 4588 parvis,
1802 4527 1858 4574 et

265 4594 523 4652 omnibus
549 4597 838 4654 senatoriae
861 4599 1158 4670 dignitatis,
1184 4609 1238 4658 et
1265 4605 1474 4661 cunctis
1491 4605 1632 4674 aliis,
1663 4617 1771 4663 tam
1789 4607 1855 4664 il-

1964 3419 2272 3483 terrogatus
2299 3429 2490 3482 causa,
2523 3413 2769 3471 eamdem
2799 3415 2972 3487 ipsam
2995 3428 3157 3484 quam
3201 3420 3329 3468 tunc
3355 3411 3550 3468 immu-

1963 3504 2200 3560 tabiliter
2229 3505 2447 3575 profero
2489 3519 2678 3561 vocem
2705 3524 2719 3560 :
2751 3506 2896 3576 quod
2929 3519 3105 3574 neque
3133 3502 3370 3559 libellum
3400 3500 3546 3568 dedi,

1959 3606 2136 3664 neque
2161 3594 2533 3665 imperialibus
2573 3595 2847 3651 auditibus
2893 3592 3198 3649 molestiam
3227 3590 3406 3658 intuli,
3448 3588 3547 3647 sed

1959 3701 2135 3757 neque
2164 3688 2369 3759 synodo
2405 3695 2766 3760 congregatis,
2789 3687 2836 3744 si
2861 3695 3043 3744 tamen
3080 3693 3402 3757 congregata
3437 3690 3545 3751 est,

1957 3789 2158 3850 praesto
2208 3787 2455 3850 repertus
2507 3795 2658 3846 sum;
2694 3789 2751 3836 et
2791 3779 3036 3851 profecto
3079 3776 3480 3834 conﬁtebuntur
3508 3773 3546 3829 ii

1959 3871 2051 3942 qui
2098 3885 2293 3927 nomen
2325 3887 2504 3928 meum
2554 3873 2904 3929 inseruerunt
2955 3868 3263 3940 huiusmodi
3307 3866 3542 3937 scriptis.

1959 3963 2085 4020 Haec
2112 3973 2196 4021 est
2229 3965 2496 4022 ﬁducialis
2541 3966 2843 4024 satisfactio
2894 3981 3013 4022 mea
3063 3965 3132 4020 ad
3187 3977 3281 4018 eos
3320 3961 3414 4032 qui
3458 3972 3546 4016 me

1959 4055 2294 4127 dijudieant,
2347 4067 2402 4114 et
2447 4058 2588 4115 hanc
2641 4059 2782 4115 dabo
2829 4057 3002 4114 multa
3051 4053 3378 4113 conﬁdentia
3420 4063 3544 4108 cum

1957 4148 2158 4204 munda
2198 4150 2553 4217 conscientia,
2585 4150 3015 4220 quotiescunque
3058 4147 3425 4218 interrogatus
3451 4157 3546 4199 ex-

1959 4239 2179 4306 stitere;
2217 4241 2314 4297 sed
2354 4250 2550 4298 vestrae
2589 4242 2807 4298 virtutis
2849 4241 3153 4297 claritatem
3208 4239 3436 4294 obsecro
3483 4242 3545 4291 ut

1957 4328 2152 4390 saltem
2203 4331 2400 4388 amodo
2469 4331 2754 4388 dimittatis
2810 4347 2897 4388 me
2952 4329 3180 4386 multum
3239 4327 3540 4398 fatigatum,

1957 4421 2211 4492 precibus
2241 4422 2394 4479 vobis
2425 4422 2639 4491 oblatis,
2683 4437 2933 4479 remeare
2960 4421 3026 4476 ad
3060 4418 3426 4490 apostolorum
3456 4431 3544 4471 ve-

1959 4513 2148 4584 stigia;
2177 4517 2376 4570 etenim
2417 4514 2531 4584 jam
2575 4530 2767 4584 usque,
2818 4529 2966 4579 reor,
2993 4511 3170 4583 placet
3209 4505 3544 4579 sapientibus

1958 4606 2277 4677 proceribus
2323 4607 2514 4663 matris
2541 4615 2738 4662 vestrae
2777 4601 3248 4675 deprecationibus
3277 4597 3541 4654 inclinem

265 4681 530 4742 lnstribus
552 4703 715 4758 quam
739 4689 1077 4761 ignobilibus,
1100 4701 1262 4765 atque
1289 4695 1356 4753 iis
1375 4698 1466 4768 qui
1494 4697 1547 4754 in
1570 4699 1717 4755 omni
1738 4707 1856 4757 arte
1881 4687 1933 4748 D
1957 4697 2221 4764 auditum,
2253 4707 2313 4752 ut
2359 4712 2456 4769 per
2491 4697 2834 4754 occasionem
2863 4694 3148 4761 redeundi.
3200 4691 3443 4750 amab“
3481 4688 3539 4746 in

267 4791 333 4835 sc
359 4777 649 4850 disciplina
679 4789 734 4837 et
761 4781 975 4839 diverso
1015 4785 1194 4842 studio
1233 4801 1356 4844 esse
1400 4789 1739 4857 videbantur,
1765 4807 1857 4849 us-

265 4885 372 4944 que
399 4873 472 4928 ad
499 4871 779 4944 pellarios,
825 4883 882 4931 et
924 4875 1102 4947 pisces
1127 4880 1442 4950 vendentes,
1490 4890 1546 4938 et
1573 4881 1852 4956 lignarios,

265 4971 322 5019 et
346 4978 479 5020 acus
503 4963 763 5023 facientes
787 4985 802 5022 :
827 4967 1049 5041 insuper
1070 4979 1124 5026 et
1149 4970 1269 5028 libri
1293 4973 1386 5044 qui
1410 4973 1536 5031 ficte
1557 4976 1852 5050 conscripti

265 5065 392 5116 sunt
419 5066 613 5115 contra
638 5059 1011 5119 beatissimum
1042 5063 1320 5122 Nicolaum
1346 5083 1563 5139 papam,
1590 5078 1646 5126 et
1671 5079 1852 5142 gesto-

267 5163 385 5206 rum
410 5149 704 5211 relationes
729 5169 796 5211 ac
823 5157 1060 5230 synodos
1089 5175 1210 5231 qua:
1233 5171 1421 5218 contra
1447 5163 1851 5222 sanctissimum

264 5244 635 5314 patriambam
675 5246 940 5318 lgnatium
966 5249 1124 5308 factae
1160 5262 1284 5310 sunt
1313 5271 1345 5312 a
1372 5255 1584 5314 Pbotio.
1616 5257 1686 5315 Et
1709 5261 1854 5316 acci-

265 5332 418 5405 piens
440 5333 710 5408 Georgius
738 5343 1220 5403 reverendissimus
1242 5349 1717 5422 orphanotmphus
1741 5352 1855 5409 sin-

267 5423 417 5495 gulos
435 5424 649 5484 libellos
669 5435 726 5486 et
747 5437 924 5488 tomos
947 5435 1136 5490 tribuit
1158 5436 1470 5496 hominibus
1493 5448 1852 5514 utrorumque

265 5514 736 5575 “notissimorum
763 5519 1109 5591 vicariorum,
1156 5527 1248 5598 qui
1295 5528 1560 5587 miserunt
1583 5531 1765 5590 omnia
1792 5533 1850 5590 in

335 5681 363 5714 ι
388 5670 709 5760 Patriarcha
760 5676 1379 5765 Constantinopolitanus
1425 5685 1849 5765 referendarium

269 5747 576 5867 tempiam
605 5763 819 5821 semper
839 5749 1019 5816 habet,
1042 5747 1131 5825 qui
1154 5751 1269 5823 ejus
1293 5756 1603 5828 imperatori
1633 5775 1848 5817 omnem

337 5819 548 5867 nuntiat
573 5820 926 5867 voluntatem-
958 5825 1046 5867 nni
1075 5825 1276 5867 mlilnm
1314 5826 1368 5867 in
1406 5828 1608 5867 nolnlin
1633 5845 1848 5867 namnam

337 5819 548 5902 nuntiat
573 5819 928 5902 voluntatem,
958 5819 1387 5902 qui'atlitum_in'
1406 5828 1608 5898 palatio
1633 5845 1850 5902 semper

269 5879 432 5962 habet
477 5891 548 5949 ad
601 5879 944 5954 referendum
976 5879 1851 5974 impastae"t;daéei.'.1§.ié"§iiii

1952 4801 2018 4844 ea
2041 4787 2069 4828 ι)
2102 4798 2462 4860 cooperentur
2491 4789 2686 4844 animae
2731 4803 2866 4845 mea:
2893 4787 3148 4844 salutem.

2022 4879 2092 4936 Et
2135 4891 2260 4953 post
2307 4881 2628 4951 lectionem,
2679 4881 3008 4940 sanctissimi
3055 4878 3245 4937 vicarii
3309 4874 3541 4932 senioris

1952 4969 2138 5027 Romie
2165 4972 2422 5028 dixerunt
2453 4990 2464 5028 :
2495 4973 2636 5031 Ecce
2659 4987 2760 5045 per
2793 4973 3034 5030 libellum
3074 4969 3379 5028 audivimus
3409 4964 3538 5037 quid

1958 5064 2158 5120 dixerit
2188 5065 2319 5133 iste;
2355 5066 2445 5122 alii
2495 5083 2624 5124 vero
2653 5067 2744 5138 qui
2787 5068 2896 5123 illic
2942 5075 3089 5123 stant
3135 5063 3268 5136 quid
3316 5057 3536 5118 dicunt?

1957 5155 2208 5213 Bahanes
2249 5157 2819 5226 magnificentissimus
2846 5156 3110 5230 patricius
3134 5164 3190 5213 et
3220 5151 3541 5226 praepositus

1959 5247 2096 5304 dixit
2139 5249 2205 5304 ad
2247 5249 2510 5307 Basilium
2540 5250 2736 5306 falsum
2774 5249 3039 5306 vicarium
3073 5267 3087 5304 :
3116 5247 3414 5318 Imperator
3437 5256 3537 5298 no-

1959 5350 2071 5398 ster
2119 5351 2361 5409 sanctus,
2415 5360 2538 5398 cum
2589 5343 2949 5400 sanctissimis
2998 5341 3236 5407 vicariis,
3283 5346 3340 5395 et
3383 5348 3539 5393 sacro

1959 5443 2172 5501 senatu,
2199 5445 2257 5491 et
2290 5445 2481 5492 sancta
2509 5436 2742 5510 synodo,
2777 5433 2933 5507 jubet
2971 5435 3320 5504 interrogare
3355 5423 3539 5530 .te..1n

1955 5524 2093 5586 falso
2121 5528 2260 5587 libro
2281 5531 2430 5604 jacet
2464 5546 2662 5588 nomen
2688 5540 2858 5600 tuum,
2893 5531 2980 5588 die
3025 5543 3155 5602 ergo
3198 5533 3288 5592 tu;
3339 5518 3537 5578 dedisti

1957 5695 2281 5784 patriarcha:
2307 5711 2370 5751 ac
2397 5693 2654 5784 lEcelesiie
2690 5693 3004 5784 necessaria
3007 5731 3038 5784 ,_
3042 5701 3341 5784 Aper-“quem
3370 5683 3536 5742 etiam

1959 5765 2253 5882 imperator
2273 5767 2414 5838 quod
2443 5766 2617 5838 placet
2645 5765 2966 5840 patriarcha:
2989 5765 3326 5818 transmittit.

2089 5839 2252 5882 Fnrln
2287 5855 2348 5882 an
2373 5854 2510 5882 mam-

2085 5839 2252 5899 Forte
2287 5855 2348 5894 ea
2373 5854 2510 5911 quae.

3998 4185 3999 4220 ι

3997 4763 3999 4808 4
