3960 5508
411 494 509 561 127
1493 449 1502 456 ι
1536 495 1897 556 ANASTASII
1934 497 2380 556 BIBLIOTIIECA
2391 496 2477 555 Rll
3550 494 3652 562 128

410 631 520 672 non
558 614 640 671 vis
692 613 1036 678 inhonorare,
1080 614 1174 668 sed
1210 611 1596 668 honorabiliter
1628 610 1908 682 suscepisti
1948 626 1977 664 a
2013 614 2056 673 Α
2082 611 2148 665 de
2183 612 2353 666 sacris
2398 619 2453 666 et
2502 611 2807 666 revereudis
2857 610 3172 680 imaginibus
3223 609 3433 667 Domini
3487 613 3655 667 nostri

411 722 572 761 manu
613 720 731 761 mea
770 706 859 775 qui
890 721 1007 760 sum
1049 705 1394 774 praepositus;
1425 704 1694 772 quomodo
1733 703 1822 758 Dei
1853 703 1983 757 viri-
2081 701 2205 757 Jesu
2235 701 2452 764 Christi,
2485 702 2704 773 ejusque
2732 717 2942 772 semper
2971 701 3203 772 Virginis
3231 702 3408 758 Marize
3437 702 3660 774 genitri-

411 798 518 854 lem
549 799 836 868 imaginem
872 797 1080 853 Domini
1117 797 1289 853 nostri
1324 797 1452 853 Jesu
1493 795 1717 859 Christi,
1753 805 1807 850 et
1852 810 1980 850 san-

2085 793 2186 856 eis,
2215 792 2561 862 omniumque
2592 802 2921 860 sanctorum,
2965 794 3053 864 qui
3083 793 3191 847 Deo
3236 794 3301 846 ah
3346 792 3479 847 Abel
3513 791 3659 860 justo

410 887 666 943 ctissimae
712 887 902 942 matris
931 886 1063 957 ejus,
1099 903 1218 958 quae
1247 888 1463 958 proprie
1493 901 1557 942 ac
1589 887 1852 941 veraciter
1899 894 1985 941 est
2083 885 2348 956 placuisse
2371 887 2675 952 creduntur,
2703 901 2820 956 qua:
2843 885 3079 942 Ecclesia
3107 894 3292 941 sancta
3322 885 3374 939 in
3406 885 3659 939 universo

408 977 505 1033 Dei
535 977 804 1043 Genitrix,
833 985 886 1032 et
924 979 1162 1032 omnium
1195 987 1528 1042 sanctorum,
1577 977 1711 1031 dicis
1759 977 1986 1030 inhono-

411 1070 577 1126 rare?
625 1071 718 1124 Dic
747 1070 898 1124 nobis
923 1087 936 1122 :
961 1061 1257 1124 lnltonoras
1275 1070 1394 1133 has,
1420 1085 1485 1122 an
1513 1068 1782 1123 honor-as?
1811 1068 1986 1122 Theo-

412 1165 576 1218 dorus
627 1161 760 1215 dixit
807 1178 820 1215 :
868 1158 1066 1214 Omnes
1103 1160 1318 1230 quidem
1366 1160 1610 1214 homines
1654 1159 1991 1214 Christianos

413 1254 568 1310 subdi
603 1262 812 1324 oportet
840 1253 940 1308 sub
967 1260 1156 1308 sancto
1179 1261 1232 1308 et
1257 1251 1402 1321 justo
1449 1251 1673 1320 imperio
1726 1260 1836 1314 tuo,
1874 1251 1991 1321 plus

411 1353 591 1400 autem
615 1343 864 1399 omnibus
894 1359 979 1396 me
1005 1342 1316 1412 indignum;
1353 1341 1474 1410 quia
1513 1351 1568 1397 et
1606 1357 1670 1395 ex
1716 1339 1887 1395 morte
1931 1340 1992 1395 li-

408 1434 610 1493 berasti
640 1449 744 1501 me,
773 1442 828 1489 ct
857 1434 926 1490 ab
951 1434 1154 1490 exsiliis
1203 1431 1411 1502 injustis
1447 1432 1691 1502 eripuisti
1740 1447 1847 1498 me,
1879 1443 1932 1488 et
1961 1449 1992 1489 a

413 1528 718 1599 captivitate
748 1535 804 1582 et
829 1526 970 1582 fame
1010 1537 1065 1581 et
1105 1526 1268 1580 exitio
1297 1524 1578 1594 adjnvisti;
1608 1534 1660 1580 et
1692 1525 1816 1594 quia
1853 1527 1992 1580 mul-

415 1634 527 1681 tum
581 1622 749 1679 debeo
793 1635 890 1692 pro
932 1628 1116 1676 sancto
1174 1618 1398 1689 imperio
1455 1628 1546 1674 tuo
1600 1635 1760 1688 super
1807 1633 1996 1674 omnes

413 1715 748 1772 Christianos
793 1726 952 1768 orare
999 1729 1011 1764 :
1063 1710 1156 1765 sed
1204 1719 1257 1766 et
1307 1710 1482 1781 capilli
1531 1710 1722 1779 capitis
1780 1708 1886 1763 mei
1941 1716 1996 1763 et

410 1807 594 1865 barbte
629 1823 818 1864 omnes
851 1807 896 1861 si
929 1804 1126 1860 fuerint
1154 1819 1270 1870 ora,
1299 1813 1353 1858 et
1377 1805 1723 1858 cxoravcrint
1747 1817 1842 1872 pro
1872 1817 1997 1857 san-

413 1909 500 1954 cto
531 1899 752 1971 imperio
790 1905 903 1963 tuo,
945 1911 1052 1952 non
1081 1894 1342 1951 suﬂicient
1375 1913 1388 1950 :
1417 1895 1537 1950 talis
1565 1906 1644 1950 cst
1689 1897 1740 1949 in
1790 1910 1875 1949 me
1906 1895 1997 1949 be-

2087 979 2218 1035 orhe
2237 977 2427 1033 diffusa
2456 979 2750 1049 antiquitus
2780 979 3006 1048 accepit,
3035 993 3259 1049 quaeque
3289 977 3430 1032 sedis
3453 985 3664 1048 aposto-

2090 1070 2205 1126 licrc
2229 1072 2482 1142 prtesules
2508 1087 2605 1142 pro
2633 1072 2713 1127 eis
2735 1072 3106 1137 decreverunt,
3137 1087 3201 1126 ac
3228 1079 3532 1126 statuerunt
3559 1069 3661 1126 illi-

2090 1163 2214 1218 bata
2248 1163 2554 1234 persistere,
2588 1172 2748 1233 atque
2787 1163 3106 1219 intemerata
3135 1177 3372 1217 manere.
3421 1161 3665 1232 Quapro-

2093 1266 2212 1326 pter
2234 1256 2494 1311 Joannem
2523 1255 2792 1328 quondam
2837 1253 3484 1325 Constantinopolitanum
3532 1255 3668 1308 anti-

2093 1348 2293 1410 stitem,
2325 1356 2376 1402 et
2406 1362 2663 1417 sequaces
2688 1347 2872 1418 ipsius,
2905 1347 2994 1418 qui
3022 1361 3114 1402 eas
3148 1346 3468 1418 frangendas
3510 1355 3668 1415 atque

2096 1438 2380 1494 calcandas
2407 1453 2530 1493 esse
2568 1453 2663 1494 ore
2708 1437 2913 1507 polluto
2948 1447 3276 1503 asseverant,
3323 1437 3563 1508 quandiu
3607 1437 3670 1492 de

2096 1530 2182 1584 his
2211 1529 2484 1584 nobiscum
2518 1544 2621 1583 non
2653 1529 2936 1594 senserint,
2962 1536 3015 1584 et
3030 1530 3180 1600 juxta
3203 1539 3509 1584 sanctorum
3543 1543 3669 1598 pon-

2099 1620 2297 1676 tiﬁcum
2341 1619 2706 1676 Romanorum
2755 1621 2991 1686 decreta,
3030 1629 3084 1675 et
3114 1620 3339 1675 aliorum
3372 1617 3668 1674 catholico-

2097 1728 2214 1768 rum
2242 1712 2461 1766 Patrum
2507 1711 2748 1766 instituta
2783 1725 2888 1765 non
2928 1709 3232 1779 sapuerint;
3277 1707 3548 1764 sancimus
3582 1722 3673 1762 eos

2098 1817 2128 1856 a
2155 1801 2368 1858 Christo
2411 1809 2465 1854 et
2510 1801 2578 1856 ab
2605 1800 2842 1856 Ecclesia
2877 1800 3138 1857 catholica
3181 1809 3344 1872 atque
3381 1798 3672 1870 apostolica

2098 1907 2217 1946 esse
2246 1891 2550 1946 anathema.

413 1992 652 2064 nignitas
682 2000 791 2057 tua,
825 1991 1111 2060 imperator
1141 1989 1285 2059 juste
1318 1998 1372 2044 et
1421 1988 1593 2044 amice
1619 1987 1836 2042 Christi.
1885 1985 1994 2040 Nu-
2027 1977 2073 2036 B
2170 1984 2236 2038 Et
2282 1992 2403 2054 post
2446 1981 2854 2054 complctionem
2912 1981 3157 2039 lectionis
3198 1980 3358 2053 hujus
3384 2023 3399 2048 ,
3449 1981 3675 2038 Basilius

416 2081 610 2136 misma
654 2080 784 2135 mihi
835 2079 1029 2135 misisti
1084 2078 1292 2148 imperii
1341 2077 1436 2143 tui,
1488 2085 1545 2132 et
1591 2078 1798 2146 suscepi
1843 2076 1990 2143 illud,

415 2171 594 2228 sciens
621 2172 762 2243 quod
792 2180 939 2226 tuum
970 2171 1130 2226 fuerit
1161 2190 1173 2226 :
1211 2172 1383 2242 exigis
1422 2179 1481 2224 ut
1513 2177 1569 2226 et
1596 2169 1795 2224 Christi
1819 2168 1992 2224 susci-

417 2260 562 2333 piam
611 2269 795 2317 notam
841 2269 895 2316 et
929 2259 1177 2326 formam,
1217 2260 1262 2315 si
1302 2267 1385 2322 est
1423 2260 1525 2315 hoc
1561 2258 1756 2313 Christi
1798 2273 1996 2328 praece-

417 2363 587 2425 ptum,
617 2362 673 2408 et
703 2351 918 2408 Christo
942 2352 1221 2423 placabile,
1262 2350 1599 2421 deprecabile
1621 2351 1692 2406 sit
1715 2350 1994 2421 imperium

417 2451 566 2500 tuum
594 2452 860 2508 sanctum,
887 2451 943 2497 et
973 2443 1062 2497 det
1094 2441 1397 2508 dilationes,
1440 2450 1496 2497 et
1543 2442 1632 2497 det
1667 2449 1879 2511 tempus
1909 2441 1994 2495 in-

417 2535 717 2598 duciarum.
741 2542 796 2590 et
821 2534 911 2588 det
940 2532 1237 2588 inﬁrmitati
1264 2541 1461 2588 nostrae
1493 2532 1726 2602 spatium
1759 2549 1773 2585 :
1801 2540 1853 2586 et
1877 2541 1998 2602 post

419 2625 535 2680 haec
593 2625 806 2696 quando
859 2621 1085 2694 jusserit
1143 2639 1173 2677 a
1225 2623 1334 2677 Deo
1383 2625 1660 2679 decretum
1714 2621 1994 2693 imperium

419 2726 590 2785 tuum,
637 2719 683 2774 si
726 2727 1002 2775 ostensum
1031 2718 1194 2772 fuerit
1227 2718 1368 2788 quod
1399 2719 1470 2772 sit
1497 2718 1597 2772 hoc
1627 2716 1824 2772 Christi
1862 2731 1999 2786 prae-

417 2817 651 2878 ceptum,
681 2807 871 2863 faciam
899 2806 1422 2879 quidquidjusseris.
1473 2807 1717 2862 Bahaues
1755 2806 2000 2878 magniﬂ~

419 2904 758 2959 centissimus
786 2904 1040 2974 patricius
1072 2913 1128 2959 et
1157 2905 1472 2974 prtepositus
1499 2904 1634 2960 dixit
1661 2923 1672 2959 :
1706 2905 2001 2975 Imperator

418 3003 605 3050 noster
625 3004 842 3051 sanctus
877 3011 983 3051 non
1009 3010 1103 3050 vos
1128 2995 1350 3051 adduxit
1387 2996 1454 3052 ad
1496 2996 1635 3053 hanc
1667 3007 1908 3053 sanctam
1945 3007 1999 3053 et

419 3085 777 3141 universalem
805 3085 1067 3158 synodum
1095 3085 1162 3142 ad
1191 3085 1590 3158 disputandum,
1619 3088 1714 3144 sed
1747 3087 1814 3143 ad
1853 3103 2001 3144 com-

421 3178 766 3233 monendum.

441 3321 444 3326 .
492 3269 628 3326 Nam
658 3271 842 3342 utique
870 3271 1056 3336 nostis,
1085 3273 1209 3344 quia
1236 3271 1432 3327 Paulus
1460 3269 1661 3326 Christi
1703 3285 1764 3326 os
1798 3269 2000 3340 liquido

2097 2076 2371 2148 piissimus
2396 2084 2452 2130 et
2477 2090 2702 2144 magnus
2742 2075 3033 2145 imperator
3053 2075 3188 2131 dixit
3212 2075 3278 2131 ad
3307 2074 3674 2132 sanctissimos

2096 2171 2329 2226 vicarios
2373 2169 2599 2225 senioris
2642 2169 2847 2235 Romae,
2889 2178 2944 2225 et
2984 2170 3391 2226 occidentalium
3419 2171 3671 2226 scdium:

2099 2260 2236 2316 Sunt
2268 2261 2356 2317 hic
2391 2270 2444 2317 et
2481 2262 2567 2316 alii
2609 2261 2824 2332 quidam
2865 2262 3109 2318 Crithino
3138 2263 3567 2329 concordantes;
3599 2265 3677 2318 in-

2100 2359 2262 2416 trent,
2298 2352 2343 2406 si
2372 2351 2582 2408 videtur
2614 2354 2883 2409 sanctitati
2907 2363 3102 2410 vestrae
3126 2355 3180 2410 in
3207 2356 3438 2410 medium
3465 2356 3675 2426 synodi,

2097 2453 2153 2499 et
2192 2444 2607 2514 interrogentur,
2635 2445 2680 2500 si
2720 2444 2857 2520 forte
2879 2446 3046 2502 velint
3071 2447 3351 2518 paenitere,
3401 2463 3466 2503 ac
3508 2447 3672 2517 proti-

2099 2535 2200 2590 teri
2223 2535 2574 2590 orthodoxam
2604 2535 2783 2592 ﬁdem.
2837 2535 3015 2592 Helias
3039 2537 3148 2593 Deo
3181 2538 3537 2594 amicissimus
3560 2554 3680 2608 prc-

2100 2624 2284 2696 sbyter
2305 2633 2359 2681 et
2379 2625 2645 2697 syncellus
2672 2635 2726 2681 et
2751 2627 2983 2682 vicarius
3016 2627 3159 2684 sedis
3185 2628 3675 2702 Hierosolymorum

2101 2717 2236 2772 dixit
2259 2735 2273 2772 :
2301 2717 2402 2786 Qui
2424 2717 2688 2774 diuturnum
2706 2729 2867 2774 secta:
2889 2719 3217 2787 deserviunt,
3245 2719 3458 2776 ditlicile
3482 2721 3679 2776 habent

2101 2806 2254 2862 evelli
2296 2823 2326 2861 a
2368 2805 2506 2862 mala
2535 2823 2638 2876 qua
2674 2817 2921 2864 tenentur
2947 2810 3230 2882 opinione;
3281 2812 3480 2867 etenim
3521 2826 3585 2867 ac
3634 2812 3678 2866 si

2102 2898 2419 2969 quibusdam
2477 2897 2668 2955 ferreis
2713 2900 3081 2970 compedibus,
3119 2901 3398 2958 diabolicis
3443 2903 3678 2958 circnm-

2101 2991 2442 3048 ventionibus
2463 2993 2626 3062 capti,
2653 2993 2978 3048 obcaecatam
3011 2993 3210 3048 habent
3233 2994 3505 3065 prepriam
3535 3009 3679 3049 men-

2103 3091 2232 3146 tem,
2275 3090 2332 3138 et
2369 3083 2642 3152 suspicere
2685 3083 2750 3138 ad
2790 3081 2963 3138 lucem
3003 3084 3247 3139 veritatis
3281 3100 3385 3140 non
3434 3093 3678 3154 possunt.

2103 3171 2272 3243 Hujus
2311 3173 2390 3228 rei
2434 3174 2604 3244 gratia
2638 3180 2694 3229 et
2737 3174 3022 3230 haereticus
3066 3175 3167 3231 iste
3211 3174 3543 3242 Theodorus,
3592 3177 3681 3246 qui

2103 3273 2328 3320 vocatur
2355 3263 2650 3329 Crithinus,
2683 3279 3013 3336 quacunque
3048 3266 3276 3322 audierit
3301 3268 3365 3322 ad
3395 3269 3476 3323 sui
3510 3269 3683 3338 prole-

423 3368 606 3416 monet
637 3341 849 3417 omnem
875 3341 1185 3419 hmreticum
1209 3365 1276 3419 ab
1305 3377 1409 3417 una
1439 3369 1494 3417 et
1539 3360 1772 3416 secunda
1813 3361 2001 3416 admo-
2030 3341 2074 3404 Ο
2104 3366 2250 3412 ctmu
2281 3365 2444 3426 atque
2472 3358 2721 3423 salutem,
2745 3375 2850 3413 non
2879 3360 3123 3430 suscipit,
3155 3367 3350 3415 terram
3382 3360 3681 3416 infructuo-

424 3453 626 3509 nitione
652 3453 888 3509 devitare
917 3454 969 3526 (Ι
995 3454 1127 3510 Tim.
1160 3457 1246 3526 ιιι)
1274 3469 1288 3508 :
1314 3463 1368 3509 tu
1401 3462 1579 3509 autem
1616 3467 1900 3508 senescens
1947 3452 2001 3506 in

425 3543 628 3599 malitia
657 3552 770 3612 tua,
797 3542 1054 3600 et‘sciens
1083 3561 1204 3601 cum
1238 3545 1383 3601 omni
1407 3543 1729 3598 certitudine
1756 3542 2002 3598 tenebras

426 3635 480 3690 in
508 3636 698 3706 quibus
721 3652 800 3703 es,
831 3637 884 3692 in
913 3640 1113 3692 lumine
1148 3638 1284 3708 ignis
1312 3637 1386 3691 tui
1421 3635 1736 3697 ambulabis,
1779 3634 2003 3690 audiens

418 3741 488 3783 ex
520 3728 818 3799 quadriﬁdo
851 3736 1115 3785 terrarum
1139 3730 1285 3793 urbe,
1308 3728 1454 3798 justo
1477 3728 1694 3784 decreto
1721 3743 2000 3784 sacrorum

423 3833 712 3886 canonum,
735 3821 1092 3877 anathematis
1127 3821 1522 3877 damnationem
1553 3837 1568 3875 :
1598 3835 1704 3890 quo
1744 3821 1887 3876 enim
1921 3820 2005 3875 i‘u-

425 3909 581 3980 gies?
609 3910 692 3964 vel
734 3925 841 3982 quo
871 3911 1014 3968 ibis?
1052 3911 1237 3967 Posuit
1269 3912 1407 3967 Deus
1437 3911 1731 3968 Ecclesiam
1760 3929 1914 3981 suam
1946 3914 2003 3969 in

427 4000 665 4070 quinque
707 4002 1071 4072 patriarcltiis,
1104 4013 1158 4058 et
1185 4003 1422 4059 deﬁnivit
1450 4004 1504 4059 in
1531 4003 1831 4076 Evangeliis
1869 4005 2001 4072 suis,

425 4097 487 4144 ut
528 4105 801 4160 nunquam
844 4091 1132 4162 aliquando
1179 4093 1390 4164 penitus
1432 4092 1708 4160 decidant,
1754 4108 1820 4150 eo
1861 4095 2002 4166 quod

425 4179 602 4249 capita
648 4179 900 4237 Ecclesia:
945 4183 1089 4238 sint.
1116 4183 1315 4239 etenim
1345 4183 1469 4238 illud
1493 4184 1633 4254 quod
1663 4185 1861 4240 dicitur
1889 4203 1904 4240 :
1935 4185 2003 4240 Et

424 4280 588 4340 porta:
633 4271 790 4341 inferi
835 4289 938 4328 non
975 4274 1324 4343 praevalebunt
1359 4276 1604 4330 adversus
1628 4293 1742 4331 eam
1789 4276 2000 4349 (Matth.

425 4362 573 4434 xvr);
608 4363 709 4421 hoc
733 4365 1032 4433 denuntiat,
1061 4370 1274 4437 quando
1303 4368 1408 4424 duo
1437 4368 1746 4436 ceciderint,
1781 4379 2006 4426 currunt

427 4455 496 4510 ad
528 4455 658 4522 tria;
685 4471 806 4512 cum
839 4458 936 4512 tria
977 4459 1284 4526 ceciderint,
1327 4468 1551 4515 currunt
1597 4462 1662 4514 ad
1711 4461 1845 4527 duo;
1883 4476 2003 4516 cum

425 4563 556 4606 vero
580 4561 812 4621 quatuor
846 4551 983 4608 forte
1012 4553 1322 4619 ceciderint,
1355 4570 1540 4621 unum,
1565 4555 1706 4624 quod
1728 4564 2005 4626 permanet

427 4639 480 4694 in
506 4641 744 4697 omnium
779 4643 953 4713 capite
980 4642 1193 4699 Christo
1224 4644 1337 4700 Deo
1384 4655 1586 4711 nostro,
1635 4656 1850 4703 revocat
1899 4648 2002 4703 ite-

426 4744 544 4784 rum
586 4730 848 4801 reliquum
895 4747 1089 4803 corpus
1134 4733 1387 4790 Ecclesiae
1419 4753 1432 4789 :
1470 4751 1612 4792 nunc
1662 4748 1840 4792 autem
1889 4747 2001 4793 toto

428 4825 690 4874 terrarum
718 4822 848 4878 orbe
872 4822 1252 4887 concordante,
1297 4839 1403 4878 non
1450 4825 1613 4882 habes
1639 4829 2002 4884 excusationis

429 4910 644 4966 modum
692 4913 1139 4981 quemadmodum
1185 4913 1311 4967 olim
1362 4911 1561 4969 factum
1598 4924 1699 4971 est.
1750 4916 2001 4974 Reversis

427 5012 558 5053 vero
585 4998 1126 5067 magnificentissimis
1157 5000 1448 5070 judicibus,
1486 5002 1640 5058 lectae
1682 5014 1806 5060 sunt.
1842 5021 2001 5062 voces

430 5086 717 5154 Theodori,
743 5089 832 5160 qui
860 5090 1055 5145 dicitur
1081 5089 1374 5156 Crithinus,
1409 5091 1463 5146 in
1494 5093 1761 5149 audientia
1789 5096 2001 5166 synodi,

426 5199 560 5240 voce
597 5183 819 5252 majori;
848 5191 903 5238 et
925 5185 1175 5240 dixerunt
1198 5186 1523 5243 sanctissimi
1560 5188 1748 5245 vicarii
1775 5190 2004 5246 senioris

428 5275 634 5342 Romaz,
667 5285 722 5331 et
751 5275 1091 5332 orientalium
1115 5279 1321 5334 sedium
1353 5297 1366 5334 :
1398 5279 1634 5350 Legatur
1677 5283 2004 5339 sanctissimi

429 5364 630 5420 Nicolai
669 5380 817 5414 nam».
843 5365 1132 5418 capitulum
1161 5369 1224 5408 ιιρ
1254 5368 1494 5406 smne.”
1646 5371 1687 5382 ς-

2105 3462 2219 3502 sam
2249 3446 2466 3503 imitans
2501 3457 2558 3503 et
2586 3448 2877 3518 spinosam.
2935 3449 3001 3505 Ut
3047 3459 3226 3505 autem
3277 3450 3438 3519 jussit
3495 3467 3525 3506 a
3579 3452 3684 3507 Deo

2105 3542 2312 3598 munita
2339 3552 2578 3614 potestas
2610 3544 2815 3614 imperii
2847 3544 2946 3611 tui,
2974 3545 3020 3599 si
3041 3545 3147 3600 sint
3174 3545 3261 3599 alii
3285 3545 3482 3616 aliqui,
3509 3545 3688 3617 ingre-

2105 3638 2337 3693 diantur.
2392 3638 2457 3692 Et
2501 3637 2758 3708 ingressis
2800 3637 2985 3693 Niceta
3027 3637 3244 3704 clerico,
3289 3646 3346 3693 et
3387 3637 3686 3709 Theophilo

2103 3730 2368 3798 smculari,
2395 3739 2449 3788 et
2473 3729 2801 3802 Theophane
2844 3731 3152 3799 tabellione,
3179 3731 3510 3788 sanctissimi
3541 3733 3687 3788 vica-

2103 3822 2171 3878 rii
2213 3823 2443 3878 senioris
2471 3823 2656 3878 Romae
2681 3823 2938 3878 dixerunt
2957 3823 3023 3879 ad
3045 3839 3138 3880 eos
3160 3843 3173 3880 :
3196 3825 3682 3882 Anathematizatis

2103 3912 2560 3970 Iconomachicam
2585 3913 2878 3968 hzeresim?
2905 3915 3228 3984 profitemini
3259 3925 3458 3972 sanctae
3494 3919 3687 3974 catho-

2103 4004 2220 4059 licae
2247 4012 2302 4059 et
2331 4002 2639 4073 apostolicae
2676 4003 2931 4060 Ecclesia:
2961 4005 3316 4062 orthodoxam
3353 4008 3532 4074 ﬁdem,
3567 4024 3687 4080 qua:

2105 4095 2302 4151 tradita
2337 4103 2420 4151 est
2456 4093 2510 4149 in
2551 4093 2699 4148 orbis
2743 4103 3004 4150 terrarum
3049 4095 3247 4152 ﬁnibus
3293 4113 3323 4152 a
3373 4096 3591 4153 Christo
3635 4108 3691 4155 et

2105 4184 2362 4258 apostolis
2385 4192 2438 4240 et
2461 4185 2711 4241 omnibus
2747 4185 3108 4242 sanctissimis
3153 4187 3464 4244 doctoribus
3507 4189 3689 4246 Eccle-

2103 4276 2240 4332 sire?
2283 4274 2494 4331 Nicetas
2538 4275 2786 4340 clericus,
2830 4283 2886 4330 et
2932 4274 3261 4347 Theophilus
3290 4278 3585 4346 saecularis,
3635 4289 3690 4335 et

2105 4368 2461 4437 Theophanes
2503 4367 2718 4424 tabellio
2755 4367 3279 4442 dixerunt:Decepti
3307 4372 3505 4430 fuimus
3529 4383 3688 4441 antea

2105 4459 2387 4516 malitiosis
2412 4457 2750 4516 sermonibus
2774 4458 3061 4528 impiorum
3097 4461 3398 4528 hominum,
3445 4471 3500 4517 et
3549 4463 3690 4518 male

2106 4554 2446 4624 sapiebamus
2477 4569 2492 4607 :
2525 4566 2668 4607 nunc
2692 4560 2871 4607 autem
2898 4560 3100 4608 sanctae
3132 4561 3188 4609 et
3227 4554 3546 4610 universalis
3591 4556 3690 4610 hu-

2031 4695 2081 4756 Β
2102 4643 2190 4716 jus
2234 4643 2420 4717 synodi
2450 4644 2796 4699 concordiam
2836 4652 2892 4700 et
2931 4645 3383 4715 conspirationem
3424 4647 3684 4715 videntes,

2108 4736 2542 4810 parvipendimus
2569 4736 3044 4792 lconomachorum
3077 4737 3347 4806 haeresim,
3382 4747 3436 4794 et
3465 4741 3687 4796 anathe-

2108 4831 2428 4885 matizamus
2449 4843 2667 4884 omnem
2694 4828 2782 4898 qui
2808 4843 2912 4884 non
2937 4829 3127 4885 adorat
3145 4837 3358 4886 sanctas
3390 4837 3444 4886 et
3468 4846 3687 4886 venera-

2109 4919 2243 4975 biles
2279 4920 2561 4990 imagines.
2614 4918 2682 4974 Et
2727 4934 2953 4992 surgens
3007 4921 3372 4993 unusquisque
3416 4922 3686 4994 sigillatim

2109 5028 2271 5082 super
2307 5012 2542 5068 tribunal
2579 5011 2874 5080 excelsum,
2918 5015 3393 5071 anatltematizavit
3441 5017 3684 5072 hzeresim

2110 5103 2607 5170 iconomachorum,
2655 5113 2710 5160 et
2739 5105 3003 5176 primores
3042 5106 3180 5176 ejus,
3231 5117 3286 5162 et
3331 5109 3685 5180 patriarchas,

2112 5195 2446 5250 Theodotum
2474 5195 2743 5260 videlicet,
2771 5196 3080 5264 Antonium,
3111 5196 3396 5265 Joannem,
3432 5209 3484 5256 et
3512 5201 3687 5255 Theo-

2111 5287 2301 5342 dorum
2327 5286 2660 5340 nominatum
2688 5284 3012 5341 Crithinum.
3064 5288 3264 5338 Deinde
3299 5292 3566 5344 advocans
3589 5289 3690 5344 Ba-
