4032 6286
343 392 446 458 129
1034 391 1584 460 INTERPRETATIO
1621 397 1872 462 SYNODI
1911 398 2020 462 Vill
2057 395 2461 464 GENERALls.
2499 435 2572 450 —
2607 397 2807 464 ACTlO
2842 398 2931 462 IK.
3496 400 3601 468 130

341 516 599 574 cisslmus
637 514 916 588 presbyter
948 524 1003 572 et
1031 517 1298 588 syncellus
1334 519 1555 575 orientis
1590 519 1767 575 throni
1796 519 1920 574 Hie-
1949 522 1996 582 Α
2025 518 2318 587 Crithinus,
2352 521 2671 577 anathema!
2715 521 2784 576 iis
2828 519 2918 591 qui
2964 518 3140 576 adhuc
3178 513 3342 576 dubio
3378 520 3596 592 quidem

339 605 732 678 rosolymorum
753 605 923 661 dixit:
951 605 1141 678 Magno
1171 608 1432 664 beneﬂcio
1459 608 1649 680 dignos
1675 624 1767 664 eos
1795 607 1925 666 fecit
2027 619 2152 667 sunt
2188 626 2377 668 sensu:
2409 613 2664 668 insensati
2697 627 2826 666 vero
2851 619 2976 666 sunt
3003 611 3383 682 ambiguitate,
3413 619 3469 666 et
3494 611 3596 666 ob-

338 697 666 755 interventio
702 698 874 755 sancti
920 699 1128 770 imperii
1175 699 1251 754 tui
1282 701 1459 767 hodie,
1509 700 1709 756 Christi
1749 701 1922 758 amice

337 789 577 856 domine,
604 799 659 845 et
684 788 970 861 plurimum
1002 789 1284 846 laetiﬁcasli
1327 805 1442 858 nos,
1486 790 1594 846 imo
1620 789 1918 855 Christum,

335 882 430 953 qui
471 883 567 938 tibi
609 883 826 938 donavit
861 882 1166 955 imperium,
1216 884 1307 954 qui
1350 893 1406 939 et
1448 895 1728 941 conservet
1769 893 1820 940 te
1865 885 1918 940 in

334 973 455 1030 zelo
483 974 702 1045 pietatis
727 990 870 1030 nunc
901 984 958 1030 et
987 975 1040 1030 in
1069 974 1284 1031 szccula.
1345 975 1679 1032 Sanctissimi
1729 975 1919 1030 vicarii

333 1061 568 1118 senioris
592 1062 775 1118 Romae
807 1063 1057 1119 dixerunt
1089 1082 1102 1118 :
1131 1063 1406 1136 Sapientia
1454 1063 1736 1121 inetl‘abilis
1763 1064 1923 1121 Chri-

331 1162 453 1209 stus
482 1154 624 1209 Deus
654 1161 837 1209 noster
859 1154 1074 1209 ordinat
1102 1156 1360 1210 mundum
1389 1170 1594 1222 revera,
1633 1155 1758 1226 quia
1782 1164 1838 1210 et
1866 1163 1918 1211 te

329 1243 638 1313 piissimum
694 1251 750 1300 et
794 1242 1068 1299 dominum
1121 1245 1502 1316 imperatorem
1551 1246 1796 1316 provexit
1849 1246 1918 1302 ad

328 1334 726 1390 correctionem
757 1336 998 1390 omnium
1026 1335 1116 1406 qui
1145 1344 1483 1403 erraverunt,
1525 1346 1579 1393 et
1618 1339 1916 1394 custodiam

327 1433 389 1482 et
425 1425 888 1482 conservationem
923 1441 1108 1482 eorum
1140 1428 1228 1497 qui
1258 1437 1404 1484 recta
1432 1428 1676 1499 sapiunt;
1707 1439 1761 1486 et
1787 1444 1916 1501 gau-

327 1519 427 1574 det
460 1518 516 1574 in
556 1527 608 1575 te
644 1527 829 1574 sancta
864 1518 1104 1574 Romana
1143 1518 1413 1595 Ecclesia,
1467 1520 1770 1592 hujusmodi
1827 1537 1917 1578 ze-

325 1605 445 1663 lum
482 1615 632 1663 tuum
667 1623 767 1680 pro
800 1608 999 1679 pietate
1031 1610 1368 1680 conspiciens
1409 1627 1421 1663 :
1459 1625 1603 1668 nunc
1634 1626 1762 1683 ergo
1791 1627 1912 1667 eum

326 1696 425 1768 qui
462 1697 632 1754 noluit
668 1697 999 1771 intelligere,
1040 1707 1099 1753 ut
1143 1699 1278 1755 bene
1311 1708 1530 1770 ageret,
1582 1716 1755 1772 neque
1801 1717 1917 1771 pce-

324 1791 508 1848 nitere
539 1831 555 1857 ,
599 1800 656 1848 et
709 1792 984 1848 discedere
1037 1792 1107 1848 ab
1153 1791 1426 1864 impietate
1475 1794 1690 1864 prapria
1741 1794 1917 1851 'l‘heo-

2023 702 2157 758 sessi
2188 703 2404 773 quidem
2431 717 2460 757 a
2489 702 2728 758 tenebris
2757 701 3048 772 impietatis
3075 716 3206 767 suae,
3251 701 3598 774 suspicantur

2022 811 2052 850 a
2079 794 2394 866 quibusdam
2421 795 2672 864 consequi
2701 795 3084 860 reversionem,
3132 795 3448 849 anathema!
3493 794 3598 850 La-

2021 885 2186 952 ludio,
2219 885 2406 951 Leoni,
2437 895 2490 942 et
2519 887 2761 956 quisquis
2791 886 2915 942 hinc
2938 885 3188 941 similiter
3215 886 3373 955 sapit,
3405 894 3512 940 tam
3539 885 3596 942 in

2020 979 2307 1049 episcopis,
2349 987 2402 1034 et
2427 978 2781 1049 presbyteris,
2815 992 2879 1032 ac
2910 977 3188 1032 monachis
3232 991 3392 1046 quam
3424 975 3476 1030 in
3528 974 3599 1033 iis

2021 1070 2111 1141 qui
2174 1071 2655 1140 quomodocunque
2713 1068 2909 1122 attonsi
2961 1067 3312 1130 consistunt,
3373 1064 3602 1121 anathe-

2020 1160 2138 1214 ma!
2167 1157 2356 1214 Photio
2380 1157 2570 1215 curiali
2592 1169 2643 1213 et
2667 1157 2902 1213 invasori
2922 1155 3237 1210 anathema!
3268 1152 3464 1209 Photio
3489 1167 3593 1209 sa-

2017 1251 2185 1308 culari
2215 1259 2271 1307 et
2305 1249 2508 1306 forensi
2557 1250 2881 1305 anathema!
2920 1247 3108 1302 Photio
3137 1248 3402 1318 neophyto
3422 1255 3478 1302 et
3513 1255 3595 1318 ty-

2017 1359 2188 1399 ranno
2241 1342 2566 1398 anathema!
2619 1340 2813 1396 Photio
2861 1339 3205 1397 schismatico
3240 1346 3295 1394 et
3340 1339 3594 1395 damnato

2016 1435 2335 1491 anathema!
2390 1433 2584 1489 Photio
2628 1433 2842 1489 moecho
2869 1439 2924 1486 et
2949 1429 3230 1502 parricidae
3275 1427 3590 1485 anathema!

2014 1524 2350 1581 Fabricatori
2396 1523 2800 1580 mendaciorum
2831 1521 3148 1576 anathema!
3179 1520 3445 1576 lnventori
3470 1535 3594 1590 per-

2013 1631 2293 1672 versorum
2321 1616 2630 1687 daglnatum
2658 1613 2976 1669 anathema!
3007 1610 3198 1666 Photio
3246 1626 3382 1667 novo
3424 1610 3592 1666 Maxi-

2015 1719 2104 1760 mo
2155 1703 2356 1776 Cynico
2401 1703 2721 1759 anathema!
2774 1701 2922 1758 Novo
2968 1701 3225 1757 Dioscoro
3271 1700 3586 1756 anathema!

2015 1794 2276 1867 Gregorio
2324 1796 2517 1852 dudem
2568 1793 2821 1866 episcopo
2874 1793 3216 1865 Syracusano
3270 1790 3587 1848 anathema!

321 1883 523 1940 dorum
574 1882 863 1950 videlicet,
917 1883 1009 1954 qui
1069 1883 1376 1938 nominatur
1422 1884 1738 1951 Crithinus,
1785 1901 1913 1942 ana-
1943 1881 1989 1940 Β
2017 1892 2296 1963 Eulampio
2327 1891 2574 1964 deposito
2619 1891 2934 1946 anathema!
2981 1889 3244 1946 Omnibus
3273 1887 3590 1960 sequacibus

322 1977 648 2034 thematizet
665 1987 850 2033 sancta
869 1977 987 2033 hate
1011 1984 1066 2033 et
1088 1977 1406 2034 universalis
1429 1979 1691 2050 synodus,
1720 1989 1907 2035 etom-

321 2084 428 2126 nes
459 2077 850 2126 consentaneos
877 2067 1016 2138 ejus,
1045 2077 1156 2123 tam
1203 2069 1294 2139 qui
1325 2084 1469 2124 nunc
1510 2069 1688 2125 adhuc
1716 2085 1906 2140 super-

319 2171 477 2229 sunt,
509 2177 668 2234 qnam
698 2164 788 2233 qui
812 2163 866 2219 in
907 2162 1096 2218 eodem
1122 2177 1285 2220 sensu
1307 2171 1361 2220 et
1390 2165 1642 2235 opinione
1683 2167 1790 2221 vita
1815 2183 1910 2222 ex-

319 2259 632 2308 cesserunt.
663 2252 730 2308 Et
755 2253 1051 2309 ascendens
1079 2251 1388 2324 Stephanus
1416 2254 1522 2310 Deo
1547 2255 1908 2314 amicissimus

321 2345 592 2401 diaconus
614 2353 670 2400 et
703 2347 966 2414 notarius,
995 2347 1476 2403 anathematizavit
1498 2349 1571 2404 ita
1603 2365 1619 2406 :
1647 2349 1908 2406 Omnibus

317 2435 598 2492 hmreticis
634 2435 950 2492 anathema!
1008 2435 1274 2504 Concilio,
1333 2437 1476 2507 quod
1511 2438 1686 2494 adhuc
1723 2438 1909 2496 tremit

314 2533 516 2580 contra
561 2523 897 2581 venerabiles
930 2525 1211 2597 imagines,
1239 2527 1558 2583 anathema!
1591 2528 1660 2583 Et
1690 2529 1780 2600 qui
1823 2546 1911 2586 re-

314 2612 460 2683 cipit
505 2613 696 2684 impias
737 2614 1010 2672 hereseos
1035 2616 1275 2688 ipsorum
1301 2617 1652 2684 ratiunculas,
1682 2621 1907 2676 anathe-

314 2708 447 2761 ma!
492 2706 562 2762 lis
607 2708 698 2778 qui
727 2717 951 2764 sumunt
979 2709 1173 2765 divinae
1221 2708 1516 2780 Scriptura:
1571 2711 1738 2776 dicta,
1786 2728 1906 2782 qua:

313 2806 454 2852 sunt
507 2797 770 2855 adversus
811 2799 956 2855 idola
1002 2808 1194 2855 contra
1235 2799 1570 2856 venerandas
1610 2801 1902 2873 imagines,

315 2889 648 2946 anathema!
686 2889 756 2946 lis
798 2890 890 2961 qui
927 2905 1034 2947 non
1061 2891 1456 2964 amplectuntur
1484 2903 1702 2949 sanctas
1727 2903 1782 2949 et
1811 2910 1904 2951 ve-

313 2981 592 3038 nerandas
613 2981 894 3055 imagines,
923 2982 1238 3040 anathema!
1266 2984 1336 3041 lis
1377 2984 1470 3055 qui
1503 2995 1698 3044 vocant
1722 3002 1904 3043 sacras

313 3074 512 3131 iconas
549 3075 709 3144 idola,
741 3077 1054 3135 anathema!
1105 3077 1176 3134 lis
1217 3077 1310 3148 qui
1346 3078 1532 3135 dicunt
1555 3079 1681 3150 quia
1727 3089 1787 3135 ut
1833 3081 1904 3138 ad

313 3167 466 3223 Deos
491 3167 784 3224 Christiani
821 3170 888 3225 ad
911 3170 1174 3242 imagines
1193 3181 1563 3239 accesserunt,
1587 3173 1895 3229 anathema!

2011 1989 2068 2038 et
2098 1981 2393 2038 fautoribus
2425 1979 2540 2050 ejus
2565 1980 2881 2036 anathema!
2909 1979 3102 2035 Multos
3136 1996 3309 2036 annos
3352 1981 3586 2049 impera-

2015 2084 2190 2130 torum
2239 2072 2448 2139 Basilii,
2495 2071 2856 2136 Constantini,
2899 2080 2952 2127 ct
2999 2071 3242 2127 Leonis!l
3280 2071 3590 2142 Magnorum

2009 2163 2310 2234 principum
2342 2172 2397 2218 et
2425 2162 2811 2233 imperatorum
2841 2160 3039 2217 multos
3064 2162 3266 2217 annos!
3320 2160 3590 2216 Orthodo-

2010 2268 2204 2309 xorum
2245 2253 2633 2324 imperatorum
2659 2252 2858 2309 multos
2889 2253 3093 2308 annos!
3124 2251 3454 2324 Erigentium
3491 2265 3587 2308 ec-

2007 2345 2198 2402 clesias
2245 2343 2441 2400 multos
2491 2346 2692 2400 annos!
2725 2343 3102 2401 Liberatorum
3151 2343 3582 2400 Christianorum

2007 2435 2207 2492 multos
2228 2437 2428 2492 annos!
2461 2435 2610 2492 Novo
2635 2435 2987 2492 Constantino
3014 2435 3213 2492 multos
3239 2437 3438 2491 annos!
3471 2434 3585 2491 No-

2005 2541 2074 2584 vo
2100 2527 2404 2585 Theodosio
2429 2529 2628 2585 multos
2663 2529 2862 2584 annos!
2895 2527 3044 2582 Novo
3071 2526 3342 2582 Marciano
3387 2525 3584 2582 multos

2006 2619 2209 2674 annos!
2239 2619 2496 2675 Eudoxia:
2525 2619 2779 2690 piissimae
2828 2619 3084 2688 Augusta:
3132 2617 3330 2672 multos
3381 2617 3581 2672 annos!

2005 2710 2168 2768 Nova:
2214 2711 2398 2769 Judith
2447 2713 2644 2768 multos
2690 2713 2887 2768 annos!
2920 2709 3081 2768 Nova:
3127 2710 3342 2766 Helena:
3389 2710 3586 2766 multos

2005 2805 2204 2859 annos!
2235 2803 2395 2859 Nova:
2427 2800 2728 2859 Pulclieriae
2755 2801 2950 2858 multos
2979 2801 3185 2856 annos!
3217 2799 3419 2855 Nicolai
3451 2800 3582 2854 bea-

2007 2891 2200 2949 tissimi
2247 2907 2397 2964 papa:
2432 2891 2662 2948 Romani
2692 2900 2893 2948 aeterna
2933 2889 3225 2948 memoria!
3269 2889 3401 2945 Novi
3451 2889 3580 2945 Phi-

2005 2997 2135 3038 nees
2157 2991 2356 3038 aeterna
2377 2983 2672 3038 memoria!
2702 2981 2836 3038 Novi
2857 2981 3043 3038 Daniel
3064 2981 3259 3036 multos
3282 2995 3452 3036 annos
3469 2981 3481 3036 !
3501 2979 3583 3036 ln-

2007 3078 2350 3149 teremptoris
2375 3076 2496 3132 novi
2529 3077 2764 3132 Simonis
2808 3076 3006 3133 multos
3029 3076 3230 3133 annos!
3274 3074 3583 3133 Percuticn-

2008 3169 2076 3225 tis
2121 3185 2318 3224 novum
2370 3168 2614 3225 fallacem
2652 3167 2920 3224 Ananiam
2965 3167 3164 3224 multos
3210 3169 3408 3224 annos!
3446 3167 3581 3222 Novi

311 3259 392 3315 lis
448 3259 543 3341 qui
590 3263 991 3319 communicant
1032 3264 1287 3332 scienter,
1338 3266 1653 3322 anathema!
1701 3267 1772 3323 lis
1805 3267 1898 3338 qui
1925 3265 1970 3329 C
2001 3258 2277 3316 leestini
2309 3258 2506 3316 multos
2535 3260 2734 3316 annos!
2783 3259 2916 3315 Novi
2956 3258 3170 3315 Martini
3209 3267 3409 3315 mterna
3467 3275 3582 3316 me-

313 3352 694 3408 conviciantur
716 3361 770 3410 et
799 3354 1121 3411 inhonorant
1150 3357 1488 3413 venerabiles
1533 3357 1743 3422 iconas,
1769 3373 1900 3414 ana-

315 3441 538 3498 thema!
564 3441 634 3500 Iis
661 3446 756 3517 qui
792 3446 996 3514 dicunt,
1017 3449 1160 3519 quod
1194 3457 1390 3518 praeter
1413 3447 1687 3506 Christum
1713 3449 1897 3506 Domi-

311 3556 449 3596 num
477 3549 725 3598 nostrum
763 3539 1184 3612 aliusquispiam
1215 3557 1314 3599 nos
1348 3541 1597 3598 liberavit
1621 3544 1689 3600 ab
1717 3544 1896 3614 idolis,

313 3632 634 3690 anathema!
672 3631 742 3689 lis
776 3632 868 3703 qui
900 3633 1096 3690 audent
1144 3633 1327 3690 dicere
1358 3635 1681 3692 catholicam
1711 3637 1897 3694 Eccle-

311 3724 454 3780 siam
505 3722 648 3780 idola
686 3723 974 3796 aliquando
1019 3726 1345 3796 suscepisse,
1394 3727 1716 3783 anathema!
1753 3729 1899 3784 Ana-

312 3817 517 3885 stasio,
557 3817 914 3874 Constantino
940 3859 954 3886 ,
991 3826 1049 3875 et
1091 3817 1326 3888 Nicetm,
1367 3820 1460 3890 qui
1498 3821 1597 3876 sub
1643 3821 1897 3879 lsauricis

312 3907 646 3980 praefuerunt
666 3909 981 3976 hacresibus,
1009 3918 1067 3965 ut
1088 3910 1408 3982 inepiscopis
1437 3912 1745 3978 insacratis,
1769 3930 1898 3968 ana-

318 4001 535 4056 thema!
563 4001 871 4068 Theodoro,
905 4001 1162 4067 Antonio,
1190 4009 1244 4058 et
1271 4000 1484 4068 Joanni,
1514 4004 1603 4074 qui
1640 4003 1739 4058 sibi
1767 4003 1896 4060 invi-

312 4105 432 4145 cem
475 4089 742 4146 malorum
770 4091 1010 4147 omnium
1051 4092 1374 4148 exstiterunt
1418 4093 1812 4163 conciliatores,
1840 4103 1897 4151 et

313 4178 453 4235 alter
477 4179 831 4253 alteriusZsibi
854 4182 1118 4252 impietati
1147 4193 1543 4253 successerunt,
1567 4187 1888 4242 anathema!

312 4268 480 4327 Paulo
505 4271 598 4342 qui
636 4272 690 4327 in
726 4271 944 4328 Saulum
972 4288 1264 4332 conversus
1287 4285 1394 4341 est,
1421 4283 1478 4330 et
1498 4275 1780 4334 Theodoro
1799 4277 1892 4349 qui

313 4359 598 4416 dicebatur
615 4360 795 4418 Castae
807 4373 864 4418 et
885 4361 1158 4434 Stephano
1184 4364 1415 4433 Molatae,
1429 4375 1484 4422 et
1506 4367 1590 4422 his
1604 4368 1887 4436 similibus,

312 4453 628 4510 anathema!
655 4454 960 4522 Theodoro,
1001 4457 1093 4528 qui
1149 4474 1273 4514 cum
1313 4459 1431 4516 sine
1476 4460 1686 4518 ratione
1712 4461 1892 4518 consi-

314 4553 440 4612 stat,
482 4545 631 4618 loqui
676 4562 735 4603 se
787 4549 1179 4606 rationabiliter
1230 4551 1406 4624 ﬁngit,
1444 4552 1536 4624 qui
1575 4562 1630 4608 et
1664 4562 1888 4610 vocatur

2002 3353 2200 3409 moria!
2233 3351 2457 3408 Adriani
2486 3352 2814 3409 sanctissimi
2849 3368 2999 3423 papa:
3021 3351 3251 3407 Romani
3273 3352 3470 3408 multos
3485 3369 3584 3408 an-

2000 3445 2130 3501 nos!
2185 3445 2376 3516 lgnatii
2410 3445 2737 3501 sanctissimi
2768 3443 3090 3514 patriarcha:
3117 3442 3574 3514 Constantinopo-

1995 3531 2110 3590 leos
2163 3533 2361 3590 multos
2403 3535 2607 3590 annos!
2653 3532 2787 3590 Novi
2835 3531 3111 3588 Athanasii
3147 3531 3343 3589 multos
3370 3533 3574 3590 annos!

1995 3620 2133 3678 Novi
2157 3622 2484 3679 confessoris
2499 3622 2648 3678 Pauli
2687 3622 2886 3679 multos
2929 3624 3129 3678 annos!
3172 3621 3305 3679 Novi
3334 3623 3576 3679 Flaviani

1999 3717 2200 3775 multos
2227 3718 2426 3772 annos!
2455 3715 2588 3774 Novi
2614 3717 2848 3773 Anatolii
2876 3716 3075 3773 multos
3089 3717 3288 3774 annos!
3324 3716 3568 3774 Sanctis-

1997 3810 2259 3866 simorum
2309 3818 2364 3865 et
2409 3808 2835 3865 orthodoxorum
2876 3809 3306 3879 patriarcharum
3351 3809 3576 3866 orientis

1999 3901 2195 3957 multos
2221 3902 2422 3956 annos!
2455 3900 2645 3956 Donati
2665 3909 2721 3954 et
2750 3899 3032 3970 Stephani,
3059 3899 3314 3955 etMarini
3343 3900 3576 3956 sanctis-

1995 3993 2257 4049 simorum
2284 3993 2607 4049 vicariorum
2655 3992 2882 4048 senioris
2932 3991 3138 4059 Romae,
3190 3990 3410 4046 Thomas
3449 4007 3575 4048 san-

1994 4084 2598 4155 ctissimimetropolitae
2626 4083 2752 4157 Tyri
2780 4092 2834 4138 et
2853 4084 3037 4140 vicarii
3093 4083 3393 4140 Antiochia:
3433 4084 3572 4140 mul-

1996 4185 2080 4232 tos
2117 4175 2318 4232 annos!
2342 4173 2510 4232 Helia:
2546 4175 2872 4232 sanctissimi
2905 4175 3122 4248 syncelli
3146 4185 3201 4233 et
3225 4175 3412 4231 vicarii
3446 4176 3576 4231 llic-

1995 4271 2384 4346 rosolymorum
2429 4271 2624 4328 multos
2670 4273 2870 4329 annos!
2905 4271 3058 4328 Sacri
3107 4280 3328 4328 senatus
3374 4271 3574 4326 multos

1993 4365 2193 4421 annos!
2230 4364 2442 4420 Sancta:
2473 4379 2536 4419 ac
2559 4364 2880 4420 universalis
2901 4362 3096 4434 synodi
3122 4373 3326 4420 aeterna
3363 4377 3571 4418 memo-

1992 4459 2103 4515 ria!
2143 4458 2339 4518 Multos
2375 4475 2546 4518 annos
2573 4460 2960 4531 imperatorum
2994 4469 3324 4528 nostrorum,
3370 4459 3583 4531 multos,

1992 4566 2162 4608 annos
2181 4553 2196 4606 !

382 4663 577 4746 auNam
640 4681 766 4746 eum
800 4667 924 4746 hinc
953 4677 1207 4746 ageretur
1233 4670 1395 4739 actio,
1426 4671 1480 4728 in
1514 4672 1644 4744 ipsis
1663 4672 2027 4746 Theophaniis
2051 4682 2341 4732 coronatus
2369 4681 2454 4732 est
2493 4673 2549 4730 in
2587 4673 2962 4746 imperatorem
2989 4674 3090 4732 iste
3110 4673 3220 4732 Leo
3251 4673 3397 4730 {ilius
3433 4689 3464 4730 a
3493 4673 3574 4730 vi.

314 4737 476 4792 cat-iis
494 4745 549 4792 et
578 4737 882 4808 patriarcha
902 4737 1130 4811 lgn'atio.

324 4905 1730 4932 Μ

2911 4909 3564 4936 m

1621 5039 1922 5158 ACTIO
1978 5080 2286 5159 NONA.

382 5277 438 5338 In
467 5282 686 5338 nomine
735 5279 947 5337 Domini
974 5288 1030 5338 et
1073 5281 1426 5340 dominatoris
1470 5287 1712 5343 omnium
1757 5286 1884 5344 Jesu
1911 5291 2114 5352 Dstra':
2159 5282 2503 5354 Evangeliis:
2556 5283 2608 5338 in
2655 5282 2863 5341 dextris
2918 5286 3160 5358 partibus
3218 5283 3566 5344 famosissimi

315 5372 509 5430 Christi
535 5372 650 5428 veri
683 5373 778 5429 Dei
801 5381 856 5429 et
903 5373 1197 5431 Salvatoris
1228 5378 1439 5445 nostri,
1480 5378 1688 5450 imperii
1715 5395 1745 5434 a
1777 5381 1888 5437 Deo

316 5475 688 5522 coronatorum
719 5475 774 5522 et
807 5467 1369 5539 trauquillissimorum
1405 5471 1743 5528 dominorum
1791 5488 1888 5528 no-

317 5568 568 5626 strorum,
599 5559 780 5616 Basilii
829 5561 1043 5631 quidem
1071 5577 1136 5618 ac
1174 5563 1510 5620 Constantini
1538 5580 1680 5619 anno
1705 5565 1884 5631 tertio,

317 5647 504 5706 Leonis
523 5665 656 5706 vero
678 5665 821 5706 anno
846 5653 1041 5722 primo,
1077 5661 1455 5724 perpetuorum
1497 5655 1884 5726 Augustorum,

318 5739 602 5798 indictione
636 5743 811 5809 tertia,
854 5742 1027 5812 pridie
1055 5743 1180 5800 ldus
1222 5745 1501 5800 Februarii
1535 5759 1550 5799 :
1599 5745 1887 5816 propositis

317 5835 564 5907 pretiosis
588 5845 645 5892 et
665 5833 892 5894 viviticis
913 5835 1092 5912 lignis,
1120 5845 1176 5894 et
1212 5837 1544 5896 intemeratis
1571 5837 1762 5895 salutis
1792 5851 1886 5898 n0-

1997 5375 2181 5446 templi
2223 5383 2425 5430 sanctm
2470 5389 2532 5429 ac
2578 5375 2754 5445 magni
2781 5377 3016 5434 nominis
3062 5378 3321 5448 Sophim:
3367 5389 3568 5433 conve-

1994 5467 2267 5523 nientibus
2317 5475 2496 5520 autem
2545 5465 2754 5522 Donato
2800 5467 2912 5523 Deo
2942 5468 3272 5523 amicissimo
3315 5478 3570 5535 episcopo

1993 5556 2176 5622 Ostiae,
2204 5565 2259 5611 et
2298 5553 2572 5626 Stephano
2597 5555 2708 5614 Deo
2738 5559 3070 5615 amicissimo
3091 5559 3342 5628 episcopo
3382 5552 3565 5625 Nepa,

1993 5669 2055 5709 ac
2085 5652 2290 5707 Marino
2319 5651 2426 5708 Deo
2457 5653 2788 5710 amicissimo
2813 5655 3040 5710 diacono
3069 5660 3268 5708 sancta:
3309 5650 3566 5705 Romana:

1990 5745 2286 5812 Ecclesia,
2335 5744 2510 5802 locum
2556 5746 2923 5803 obtinentibus
2968 5743 3192 5800 Adriani
3239 5739 3568 5799 sanctissimi

1951 5827 1956 5836 ’
1992 5852 2142 5910 papa:
2166 5836 2420 5908 Romani,
2447 5845 2501 5894 et
2537 5837 2740 5912 lgnalio
2781 5835 3124 5894 sanctissimo
3161 5832 3568 5908 archiepiscopo

3897 5731 3912 5740 ο
