  <div class='ocr_page' id='page_1' title='image "/cluster/home/n/w/nwhite01/storage/ocr_20150623/129/hvd.32044015471709/071.png"; bbox 0 0 3960 5588; ppageno 0'>
   <div class='ocr_carea' id='block_1_1' title="bbox 448 437 550 508">
    <p class='ocr_par' dir='ltr' id='par_1_1' title="bbox 448 437 550 508">
     <span class='ocr_line' id='line_1_1' title="bbox 448 437 550 508; baseline 0 -8"><span class='ocrx_word' id='word_1_1' title='bbox 448 437 550 508; x_wconf 71' lang='grc' dir='ltr'><strong>ιω</strong></span> 
     </span>
    </p>
   </div>
   <div class='ocr_carea' id='block_1_2' title="bbox 1068 427 2051 513">
    <p class='ocr_par' dir='ltr' id='par_1_2' title="bbox 1068 430 2051 513">
     <span class='ocr_line' id='line_1_2' title="bbox 1068 430 2051 513; baseline 0.003 -7"><span class='ocrx_word' id='word_1_2' title='bbox 1068 511 1071 513; x_wconf 96' lang='lat'><em>_</em></span> <span class='ocrx_word' id='word_1_3' title='bbox 1126 431 1690 510; x_wconf 58' lang='lat' dir='ltr'><strong>temerat-mue</strong></span> <span class='ocrx_word' id='word_1_4' title='bbox 1721 430 1974 510; x_wconf 59' lang='lat' dir='ltr'><strong>smel.</strong></span> <span class='ocrx_word' id='word_1_5' title='bbox 2009 431 2051 490; x_wconf 71' lang='grc' dir='ltr'><strong>ν</strong></span> 
     </span>
    </p>
   </div>
   <div class='ocr_carea' id='block_1_3' title="bbox 2155 427 3030 513">
    <p class='ocr_par' dir='ltr' id='par_1_3' title="bbox 2155 427 3030 511">
     <span class='ocr_line' id='line_1_3' title="bbox 2155 427 3030 511; baseline -0.007 -21"><span class='ocrx_word' id='word_1_6' title='bbox 2155 432 2566 511; x_wconf 68' lang='lat' dir='ltr'><strong>cenemus.</strong></span> <span class='ocrx_word' id='word_1_7' title='bbox 2596 461 2663 474; x_wconf 90' lang='grc'><strong><em>-</em></strong></span> <span class='ocrx_word' id='word_1_8' title='bbox 2698 429 2906 494; x_wconf 73' lang='lat' dir='ltr'><strong>aeno</strong></span> <span class='ocrx_word' id='word_1_9' title='bbox 2939 427 3030 490; x_wconf 68' lang='grc' dir='ltr'><strong>ιχ.</strong></span> 
     </span>
    </p>
   </div>
   <div class='ocr_carea' id='block_1_4' title="bbox 3621 428 3722 492">
    <p class='ocr_par' dir='ltr' id='par_1_4' title="bbox 3621 428 3722 492">
     <span class='ocr_line' id='line_1_4' title="bbox 3621 428 3722 492; baseline 0.05 -5"><span class='ocrx_word' id='word_1_10' title='bbox 3621 428 3722 492; x_wconf 58' lang='lat'><strong>533</strong></span> 
     </span>
    </p>
   </div>
   <div class='ocr_carea' id='block_1_5' title="bbox 449 540 3720 630">
    <p class='ocr_par' dir='ltr' id='par_1_5' title="bbox 449 540 3720 630">
     <span class='ocr_line' id='line_1_5' title="bbox 449 540 3720 630; baseline -0.006 -12"><span class='ocrx_word' id='word_1_11' title='bbox 449 554 662 626; x_wconf 58' lang='grc' dir='ltr'><strong>εἰρηκει,</strong></span> <span class='ocrx_word' id='word_1_12' title='bbox 700 549 795 622; x_wconf 78' lang='lat' dir='ltr'><strong>qui</strong></span> <span class='ocrx_word' id='word_1_13' title='bbox 833 564 929 620; x_wconf 74' lang='grc' dir='ltr'><strong>μοι’</strong></span> <span class='ocrx_word' id='word_1_14' title='bbox 957 547 1294 615; x_wconf 73' lang='grc' dir='ltr'><strong>οοαιεῑοηρηι</strong></span> <span class='ocrx_word' id='word_1_15' title='bbox 1333 545 1622 620; x_wconf 59' lang='lat' dir='ltr'><strong>quarundam</strong></span> <span class='ocrx_word' id='word_1_16' title='bbox 1662 544 2037 620; x_wconf 63' lang='lat' dir='ltr'><strong>disncttsaulcr</strong></span> <span class='ocrx_word' id='word_1_17' title='bbox 2143 547 2349 624; x_wconf 76' lang='lat' dir='ltr'><strong>mordia</strong></span> <span class='ocrx_word' id='word_1_18' title='bbox 2396 546 2540 622; x_wconf 60' lang='lat' dir='ltr'><strong>eius,</strong></span> <span class='ocrx_word' id='word_1_19' title='bbox 2589 545 2672 618; x_wconf 85' lang='lat' dir='ltr'><strong>vel</strong></span> <span class='ocrx_word' id='word_1_20' title='bbox 2719 545 2892 612; x_wconf 74' lang='lat' dir='ltr'><strong>Inedia</strong></span> <span class='ocrx_word' id='word_1_21' title='bbox 2916 585 2930 610; x_wconf 93' lang='lat'><strong>,</strong></span> <span class='ocrx_word' id='word_1_22' title='bbox 2991 552 3086 610; x_wconf 74' lang='lat' dir='ltr'><strong>aut</strong></span> <span class='ocrx_word' id='word_1_23' title='bbox 3143 541 3470 610; x_wconf 80' lang='lat' dir='ltr'><strong>novissima,</strong></span> <span class='ocrx_word' id='word_1_24' title='bbox 3517 540 3609 614; x_wconf 81' lang='lat' dir='ltr'><strong>vel</strong></span> <span class='ocrx_word' id='word_1_25' title='bbox 3658 543 3720 610; x_wconf 72' lang='lat' dir='ltr'><strong>[i-</strong></span> 
     </span>
    </p>
   </div>
   <div class='ocr_carea' id='block_1_6' title="bbox 447 634 2032 718">
    <p class='ocr_par' dir='ltr' id='par_1_6' title="bbox 447 634 2032 718">
     <span class='ocr_line' id='line_1_6' title="bbox 447 634 2032 718; baseline -0.011 -12"><span class='ocrx_word' id='word_1_26' title='bbox 447 644 797 718; x_wconf 67' lang='lat' dir='ltr'><strong>uiguitatem</strong></span> <span class='ocrx_word' id='word_1_27' title='bbox 847 650 1087 696; x_wconf 84' lang='lat' dir='ltr'><strong>nostram</strong></span> <span class='ocrx_word' id='word_1_28' title='bbox 1135 640 1380 711; x_wconf 79' lang='lat' dir='ltr'><strong>dignatus</strong></span> <span class='ocrx_word' id='word_1_29' title='bbox 1437 646 1522 694; x_wconf 81' lang='lat' dir='ltr'><strong>est</strong></span> <span class='ocrx_word' id='word_1_30' title='bbox 1575 634 1866 710; x_wconf 77' lang='lat' dir='ltr'><strong>adjuvare,</strong></span> <span class='ocrx_word' id='word_1_31' title='bbox 1926 651 2032 704; x_wconf 88' lang='lat' dir='ltr'><strong>quo</strong></span> 
     </span>
    </p>
   </div>
   <div class='ocr_carea' id='block_1_7' title="bbox 447 727 2032 802">
    <p class='ocr_par' dir='ltr' id='par_1_7' title="bbox 447 727 2032 802">
     <span class='ocr_line' id='line_1_7' title="bbox 447 727 2032 802; baseline -0.008 -10"><span class='ocrx_word' id='word_1_32' title='bbox 447 753 628 800; x_wconf 70' lang='lat' dir='ltr'><strong>meum</strong></span> <span class='ocrx_word' id='word_1_33' title='bbox 659 734 938 800; x_wconf 68' lang='lat' dir='ltr'><strong>dominum</strong></span> <span class='ocrx_word' id='word_1_34' title='bbox 960 748 1026 788; x_wconf 93' lang='lat' dir='ltr'><strong>ac</strong></span> <span class='ocrx_word' id='word_1_35' title='bbox 1050 731 1440 802; x_wconf 72' lang='lat' dir='ltr'><strong>dominatorem</strong></span> <span class='ocrx_word' id='word_1_36' title='bbox 1461 729 1824 801; x_wconf 77' lang='lat' dir='ltr'><strong>orthodoxum</strong></span> <span class='ocrx_word' id='word_1_37' title='bbox 1860 727 2032 796; x_wconf 79' lang='lat' dir='ltr'><strong>impe-</strong></span> 
     </span>
    </p>
   </div>
   <div class='ocr_carea' id='block_1_8' title="bbox 446 818 2032 896">
    <p class='ocr_par' dir='ltr' id='par_1_8' title="bbox 446 818 2032 896">
     <span class='ocr_line' id='line_1_8' title="bbox 446 818 2032 896; baseline -0.008 -11"><span class='ocrx_word' id='word_1_38' title='bbox 446 837 688 885; x_wconf 79' lang='lat' dir='ltr'><strong>ratorem</strong></span> <span class='ocrx_word' id='word_1_39' title='bbox 724 825 923 896; x_wconf 79' lang='lat' dir='ltr'><strong>alloqui</strong></span> <span class='ocrx_word' id='word_1_40' title='bbox 958 833 1013 878; x_wconf 86' lang='lat' dir='ltr'><strong>et</strong></span> <span class='ocrx_word' id='word_1_41' title='bbox 1038 837 1264 892; x_wconf 75' lang='lat' dir='ltr'><strong>exorare</strong></span> <span class='ocrx_word' id='word_1_42' title='bbox 1290 823 1627 880; x_wconf 79' lang='lat' dir='ltr'><strong>meruissem.</strong></span> <span class='ocrx_word' id='word_1_43' title='bbox 1659 820 1869 876; x_wconf 85' lang='lat' dir='ltr'><strong>Etenim</strong></span> <span class='ocrx_word' id='word_1_44' title='bbox 1903 818 2032 892; x_wconf 84' lang='lat' dir='ltr'><strong>mihi</strong></span> 
     </span>
    </p>
   </div>
   <div class='ocr_carea' id='block_1_9' title="bbox 448 911 2034 991">
    <p class='ocr_par' dir='ltr' id='par_1_9' title="bbox 448 911 2034 991">
     <span class='ocr_line' id='line_1_9' title="bbox 448 911 2034 991; baseline -0.006 -15"><span class='ocrx_word' id='word_1_45' title='bbox 448 935 656 991; x_wconf 71' lang='lat' dir='ltr'><strong>magna:</strong></span> <span class='ocrx_word' id='word_1_46' title='bbox 687 918 892 974; x_wconf 72' lang='lat' dir='ltr'><strong>delicia:</strong></span> <span class='ocrx_word' id='word_1_47' title='bbox 921 917 1024 972; x_wconf 85' lang='lat' dir='ltr'><strong>hoc</strong></span> <span class='ocrx_word' id='word_1_48' title='bbox 1056 915 1333 986; x_wconf 86' lang='lat' dir='ltr'><strong>apparuit,</strong></span> <span class='ocrx_word' id='word_1_49' title='bbox 1361 915 1600 979; x_wconf 81' lang='lat' dir='ltr'><strong>sanitas,</strong></span> <span class='ocrx_word' id='word_1_50' title='bbox 1640 922 1696 969; x_wconf 90' lang='lat' dir='ltr'><strong>et</strong></span> <span class='ocrx_word' id='word_1_51' title='bbox 1732 911 2034 988; x_wconf 76' lang='lat' dir='ltr'><strong>profectus,</strong></span> 
     </span>
    </p>
   </div>
   <div class='ocr_carea' id='block_1_10' title="bbox 447 1001 2037 1082">
    <p class='ocr_par' dir='ltr' id='par_1_10' title="bbox 447 1001 2037 1082">
     <span class='ocr_line' id='line_1_10' title="bbox 447 1001 2037 1082; baseline -0.007 -17"><span class='ocrx_word' id='word_1_52' title='bbox 447 1020 502 1066; x_wconf 85' lang='lat' dir='ltr'><strong>et</strong></span> <span class='ocrx_word' id='word_1_53' title='bbox 531 1025 725 1082; x_wconf 73' lang='lat' dir='ltr'><strong>magna</strong></span> <span class='ocrx_word' id='word_1_54' title='bbox 753 1008 928 1080; x_wconf 74' lang='lat' dir='ltr'><strong>gratia</strong></span> <span class='ocrx_word' id='word_1_55' title='bbox 967 1007 1222 1062; x_wconf 88' lang='lat' dir='ltr'><strong>divinitus</strong></span> <span class='ocrx_word' id='word_1_56' title='bbox 1252 1014 1410 1060; x_wconf 83' lang='lat' dir='ltr'><strong>orta:</strong></span> <span class='ocrx_word' id='word_1_57' title='bbox 1453 1004 1656 1062; x_wconf 77' lang='lat' dir='ltr'><strong>arbiter</strong></span> <span class='ocrx_word' id='word_1_58' title='bbox 1686 1003 1834 1059; x_wconf 89' lang='lat' dir='ltr'><strong>enim</strong></span> <span class='ocrx_word' id='word_1_59' title='bbox 1869 1001 2037 1063; x_wconf 64' lang='lat' dir='ltr'><strong>Palm-</strong></span> 
     </span>
    </p>
   </div>
   <div class='ocr_carea' id='block_1_11' title="bbox 445 1093 2034 1170">
    <p class='ocr_par' dir='ltr' id='par_1_11' title="bbox 445 1093 2034 1170">
     <span class='ocr_line' id='line_1_11' title="bbox 445 1093 2034 1170; baseline -0.006 -12"><span class='ocrx_word' id='word_1_60' title='bbox 445 1103 711 1162; x_wconf 75' lang='lat' dir='ltr'><strong>stinot&#39;um</strong></span> <span class='ocrx_word' id='word_1_61' title='bbox 749 1099 1013 1170; x_wconf 73' lang='lat' dir='ltr'><strong>regionis,</strong></span> <span class='ocrx_word' id='word_1_62' title='bbox 1053 1107 1107 1156; x_wconf 91' lang='lat' dir='ltr'><strong>ct</strong></span> <span class='ocrx_word' id='word_1_63' title='bbox 1155 1097 1500 1166; x_wconf 72' lang='lat' dir='ltr'><strong>Tiberiadem</strong></span> <span class='ocrx_word' id='word_1_64' title='bbox 1535 1111 1602 1154; x_wconf 91' lang='lat' dir='ltr'><strong>ac</strong></span> <span class='ocrx_word' id='word_1_65' title='bbox 1643 1095 1849 1167; x_wconf 76' lang='lat' dir='ltr'><strong>Tyrum</strong></span> <span class='ocrx_word' id='word_1_66' title='bbox 1894 1093 2034 1150; x_wconf 88' lang='lat' dir='ltr'><strong>obti-</strong></span> 
     </span>
    </p>
   </div>
   <div class='ocr_carea' id='block_1_12' title="bbox 448 1187 2039 1264">
    <p class='ocr_par' dir='ltr' id='par_1_12' title="bbox 448 1187 2039 1264">
     <span class='ocr_line' id='line_1_12' title="bbox 448 1187 2039 1264; baseline -0.004 -13"><span class='ocrx_word' id='word_1_67' title='bbox 448 1209 616 1261; x_wconf 73' lang='lat' dir='ltr'><strong>nens,</strong></span> <span class='ocrx_word' id='word_1_68' title='bbox 643 1203 702 1251; x_wconf 84' lang='lat' dir='ltr'><strong>et</strong></span> <span class='ocrx_word' id='word_1_69' title='bbox 745 1195 941 1252; x_wconf 80' lang='lat' dir='ltr'><strong>horum</strong></span> <span class='ocrx_word' id='word_1_70' title='bbox 979 1191 1328 1264; x_wconf 66' lang='lat' dir='ltr'><strong>praesulatum</strong></span> <span class='ocrx_word' id='word_1_71' title='bbox 1365 1191 1628 1260; x_wconf 78' lang='lat' dir='ltr'><strong>creditum</strong></span> <span class='ocrx_word' id='word_1_72' title='bbox 1677 1190 1918 1255; x_wconf 78' lang='lat' dir='ltr'><strong>habens,</strong></span> <span class='ocrx_word' id='word_1_73' title='bbox 1954 1187 2039 1260; x_wconf 85' lang='lat' dir='ltr'><strong>bis</strong></span> 
     </span>
    </p>
   </div>
   <div class='ocr_carea' id='block_1_13' title="bbox 449 1283 2042 1360">
    <p class='ocr_par' dir='ltr' id='par_1_13' title="bbox 449 1283 2042 1360">
     <span class='ocr_line' id='line_1_13' title="bbox 449 1283 2042 1360; baseline -0.004 -18"><span class='ocrx_word' id='word_1_74' title='bbox 449 1288 637 1344; x_wconf 83' lang='lat' dir='ltr'><strong>diebus</strong></span> <span class='ocrx_word' id='word_1_75' title='bbox 679 1289 901 1360; x_wconf 82' lang='lat' dir='ltr'><strong>mittens</strong></span> <span class='ocrx_word' id='word_1_76' title='bbox 943 1287 1016 1343; x_wconf 82' lang='lat' dir='ltr'><strong>ad</strong></span> <span class='ocrx_word' id='word_1_77' title='bbox 1059 1302 1192 1351; x_wconf 90' lang='lat' dir='ltr'><strong>nos,</strong></span> <span class='ocrx_word' id='word_1_78' title='bbox 1244 1285 1511 1349; x_wconf 75' lang='lat' dir='ltr'><strong>nuntiavit</strong></span> <span class='ocrx_word' id='word_1_79' title='bbox 1547 1283 1940 1344; x_wconf 81' lang='lat' dir='ltr'><strong>dominicorum</strong></span> <span class='ocrx_word' id='word_1_80' title='bbox 1985 1289 2042 1342; x_wconf 83' lang='lat' dir='ltr'><strong>et</strong></span> 
     </span>
    </p>
   </div>
   <div class='ocr_carea' id='block_1_14' title="bbox 447 1379 2040 1454">
    <p class='ocr_par' dir='ltr' id='par_1_14' title="bbox 447 1379 2040 1454">
     <span class='ocr_line' id='line_1_14' title="bbox 447 1379 2040 1454; baseline -0.004 -16"><span class='ocrx_word' id='word_1_81' title='bbox 447 1383 913 1439; x_wconf 80' lang='lat' dir='ltr'><strong>nobilissimorum</strong></span> <span class='ocrx_word' id='word_1_82' title='bbox 948 1383 1166 1454; x_wconf 76' lang='lat' dir='ltr'><strong>apicum</strong></span> <span class='ocrx_word' id='word_1_83' title='bbox 1200 1381 1270 1440; x_wconf 79' lang='lat' dir='ltr'><strong>ad</strong></span> <span class='ocrx_word' id='word_1_84' title='bbox 1306 1396 1368 1442; x_wconf 84' lang='lat' dir='ltr'><strong>se.</strong></span> <span class='ocrx_word' id='word_1_85' title='bbox 1405 1381 1796 1438; x_wconf 89' lang='lat' dir='ltr'><strong>destinatorum</strong></span> <span class='ocrx_word' id='word_1_86' title='bbox 1837 1379 2040 1447; x_wconf 64' lang='lat' dir='ltr'><strong>adven,-</strong></span> 
     </span>
    </p>
   </div>
   <div class='ocr_carea' id='block_1_15' title="bbox 449 1473 2041 1548">
    <p class='ocr_par' dir='ltr' id='par_1_15' title="bbox 449 1473 2041 1548">
     <span class='ocr_line' id='line_1_15' title="bbox 449 1473 2041 1548; baseline -0.003 -18"><span class='ocrx_word' id='word_1_87' title='bbox 449 1483 584 1541; x_wconf 77' lang='lat' dir='ltr'><strong>tum,</strong></span> <span class='ocrx_word' id='word_1_88' title='bbox 609 1476 912 1548; x_wconf 74' lang='lat' dir='ltr'><strong>jubentium</strong></span> <span class='ocrx_word' id='word_1_89' title='bbox 932 1516 948 1542; x_wconf 94' lang='lat'><strong>,</strong></span> <span class='ocrx_word' id='word_1_90' title='bbox 987 1491 1095 1546; x_wconf 90' lang='lat' dir='ltr'><strong>quo</strong></span> <span class='ocrx_word' id='word_1_91' title='bbox 1124 1475 1230 1532; x_wconf 88' lang='lat' dir='ltr'><strong>sibi</strong></span> <span class='ocrx_word' id='word_1_92' title='bbox 1255 1474 1564 1546; x_wconf 74' lang='lat' dir='ltr'><strong>quempiam</strong></span> <span class='ocrx_word' id='word_1_93' title='bbox 1591 1490 1620 1530; x_wconf 89' lang='lat' dir='ltr'><strong>a</strong></span> <span class='ocrx_word' id='word_1_94' title='bbox 1647 1474 1778 1537; x_wconf 84' lang='lat' dir='ltr'><strong>sede</strong></span> <span class='ocrx_word' id='word_1_95' title='bbox 1808 1473 2041 1538; x_wconf 57' lang='lat' dir='ltr'><strong>Alexan-</strong></span> 
     </span>
    </p>
   </div>
   <div class='ocr_carea' id='block_1_16' title="bbox 448 1565 2039 1638">
    <p class='ocr_par' dir='ltr' id='par_1_16' title="bbox 448 1565 2039 1638">
     <span class='ocr_line' id='line_1_16' title="bbox 448 1565 2039 1638; baseline -0.003 -16"><span class='ocrx_word' id='word_1_96' title='bbox 448 1565 607 1622; x_wconf 83' lang='lat' dir='ltr'><strong>drina</strong></span> <span class='ocrx_word' id='word_1_97' title='bbox 632 1567 700 1623; x_wconf 86' lang='lat' dir='ltr'><strong>ad</strong></span> <span class='ocrx_word' id='word_1_98' title='bbox 732 1567 958 1638; x_wconf 85' lang='lat' dir='ltr'><strong>imperia</strong></span> <span class='ocrx_word' id='word_1_99' title='bbox 987 1566 1359 1638; x_wconf 77' lang='lat' dir='ltr'><strong>dirigeremus,</strong></span> <span class='ocrx_word' id='word_1_100' title='bbox 1391 1581 1498 1622; x_wconf 86' lang='lat' dir='ltr'><strong>una</strong></span> <span class='ocrx_word' id='word_1_101' title='bbox 1532 1581 1653 1624; x_wconf 88' lang='lat' dir='ltr'><strong>cum</strong></span> <span class='ocrx_word' id='word_1_102' title='bbox 1681 1565 1926 1635; x_wconf 83' lang='lat' dir='ltr'><strong>pausillis</strong></span> <span class='ocrx_word' id='word_1_103' title='bbox 1949 1565 2039 1626; x_wconf 71' lang='lat' dir='ltr'><strong>lit-</strong></span> 
     </span>
    </p>
   </div>
   <div class='ocr_carea' id='block_1_17' title="bbox 451 1657 2040 1732">
    <p class='ocr_par' dir='ltr' id='par_1_17' title="bbox 451 1657 2040 1732">
     <span class='ocr_line' id='line_1_17' title="bbox 451 1657 2040 1732; baseline -0.004 -16"><span class='ocrx_word' id='word_1_104' title='bbox 451 1660 582 1717; x_wconf 81' lang='lat' dir='ltr'><strong>teris</strong></span> <span class='ocrx_word' id='word_1_105' title='bbox 607 1661 806 1717; x_wconf 86' lang='lat' dir='ltr'><strong>nostris</strong></span> <span class='ocrx_word' id='word_1_106' title='bbox 824 1675 984 1732; x_wconf 83' lang='lat' dir='ltr'><strong>super</strong></span> <span class='ocrx_word' id='word_1_107' title='bbox 1006 1659 1360 1725; x_wconf 80' lang='lat' dir='ltr'><strong>dissensione,</strong></span> <span class='ocrx_word' id='word_1_108' title='bbox 1384 1673 1506 1728; x_wconf 65' lang='lat' dir='ltr'><strong>quae</strong></span> <span class='ocrx_word' id='word_1_109' title='bbox 1527 1657 1670 1716; x_wconf 74' lang='lat' dir='ltr'><strong>facta</strong></span> <span class='ocrx_word' id='word_1_110' title='bbox 1699 1666 1787 1717; x_wconf 83' lang='lat' dir='ltr'><strong>est</strong></span> <span class='ocrx_word' id='word_1_111' title='bbox 1811 1657 2040 1719; x_wconf 81' lang='lat' dir='ltr'><strong>duorum</strong></span> 
     </span>
    </p>
   </div>
   <div class='ocr_carea' id='block_1_18' title="bbox 450 1748 2042 1824">
    <p class='ocr_par' dir='ltr' id='par_1_18' title="bbox 450 1748 2042 1824">
     <span class='ocr_line' id='line_1_18' title="bbox 450 1748 2042 1824; baseline 0 -17"><span class='ocrx_word' id='word_1_112' title='bbox 450 1752 882 1824; x_wconf 82' lang='lat' dir='ltr'><strong>patriarcharum</strong></span> <span class='ocrx_word' id='word_1_113' title='bbox 914 1765 1078 1808; x_wconf 85' lang='lat' dir='ltr'><strong>causa</strong></span> <span class='ocrx_word' id='word_1_114' title='bbox 1119 1765 1288 1821; x_wconf 84' lang='lat' dir='ltr'><strong>penes</strong></span> <span class='ocrx_word' id='word_1_115' title='bbox 1327 1751 1534 1822; x_wconf 78' lang='lat' dir='ltr'><strong>regiam</strong></span> <span class='ocrx_word' id='word_1_116' title='bbox 1561 1750 1784 1815; x_wconf 78' lang='lat' dir='ltr'><strong>urbem;</strong></span> <span class='ocrx_word' id='word_1_117' title='bbox 1817 1757 1875 1808; x_wconf 86' lang='lat' dir='ltr'><strong>et</strong></span> <span class='ocrx_word' id='word_1_118' title='bbox 1899 1748 2042 1818; x_wconf 79' lang='lat' dir='ltr'><strong>quod</strong></span> 
     </span>
    </p>
   </div>
   <div class='ocr_carea' id='block_1_19' title="bbox 452 1838 2044 1915">
    <p class='ocr_par' dir='ltr' id='par_1_19' title="bbox 452 1838 2044 1915">
     <span class='ocr_line' id='line_1_19' title="bbox 452 1838 2044 1915; baseline -0.004 -16"><span class='ocrx_word' id='word_1_119' title='bbox 452 1860 483 1899; x_wconf 91' lang='lat' dir='ltr'><strong>a</strong></span> <span class='ocrx_word' id='word_1_120' title='bbox 522 1845 634 1900; x_wconf 87' lang='lat' dir='ltr'><strong>Deo</strong></span> <span class='ocrx_word' id='word_1_121' title='bbox 662 1853 950 1915; x_wconf 88' lang='lat' dir='ltr'><strong>provectus</strong></span> <span class='ocrx_word' id='word_1_122' title='bbox 977 1852 1035 1900; x_wconf 89' lang='lat' dir='ltr'><strong>et</strong></span> <span class='ocrx_word' id='word_1_123' title='bbox 1067 1843 1475 1914; x_wconf 81' lang='lat' dir='ltr'><strong>opinatissimus</strong></span> <span class='ocrx_word' id='word_1_124' title='bbox 1506 1842 1801 1912; x_wconf 81' lang='lat' dir='ltr'><strong>imperator</strong></span> <span class='ocrx_word' id='word_1_125' title='bbox 1826 1838 2044 1896; x_wconf 80' lang='lat' dir='ltr'><strong>anhelet</strong></span> 
     </span>
    </p>
   </div>
   <div class='ocr_carea' id='block_1_20' title="bbox 2139 637 3722 714">
    <p class='ocr_par' dir='ltr' id='par_1_20' title="bbox 2139 637 3722 714">
     <span class='ocr_line' id='line_1_20' title="bbox 2139 637 3722 714; baseline -0.001 -21"><span class='ocrx_word' id='word_1_126' title='bbox 2139 641 2277 704; x_wconf 74' lang='lat' dir='ltr'><strong>nulla</strong></span> <span class='ocrx_word' id='word_1_127' title='bbox 2351 651 2741 712; x_wconf 76' lang='lat' dir='ltr'><strong>cognoscantur</strong></span> <span class='ocrx_word' id='word_1_128' title='bbox 2794 659 2810 695; x_wconf 71' lang='grc' dir='ltr'><strong>ι</strong></span> <span class='ocrx_word' id='word_1_129' title='bbox 2875 638 3080 714; x_wconf 59' lang='grc' dir='ltr'><strong>οιειιίιῃ</strong></span> <span class='ocrx_word' id='word_1_130' title='bbox 3127 638 3342 710; x_wconf 79' lang='lat' dir='ltr'><strong>quidam</strong></span> <span class='ocrx_word' id='word_1_131' title='bbox 3418 637 3722 708; x_wconf 79' lang='lat' dir='ltr'><strong>sapientum</strong></span> 
     </span>
    </p>
   </div>
   <div class='ocr_carea' id='block_1_21' title="bbox 2139 727 3722 806">
    <p class='ocr_par' dir='ltr' id='par_1_21' title="bbox 2139 727 3722 806">
     <span class='ocr_line' id='line_1_21' title="bbox 2139 727 3722 806; baseline -0.001 -19"><span class='ocrx_word' id='word_1_132' title='bbox 2139 731 2316 804; x_wconf 82' lang='lat' dir='ltr'><strong>iambo</strong></span> <span class='ocrx_word' id='word_1_133' title='bbox 2388 731 2724 802; x_wconf 84' lang='lat' dir='ltr'><strong>loquentium</strong></span> <span class='ocrx_word' id='word_1_134' title='bbox 2784 731 3031 804; x_wconf 66' lang='lat' dir='ltr'><strong>prmdixit</strong></span> <span class='ocrx_word' id='word_1_135' title='bbox 3073 727 3121 804; x_wconf 56' lang='lat' dir='ltr'><strong>t&#39;</strong></span> <span class='ocrx_word' id='word_1_136' title='bbox 3359 730 3512 806; x_wconf 57' lang='lat' dir='ltr'><strong>enini</strong></span> <span class='ocrx_word' id='word_1_137' title='bbox 3561 729 3722 800; x_wconf 65' lang='lat' dir='ltr'><strong>inde!</strong></span> 
     </span>
    </p>
   </div>
   <div class='ocr_carea' id='block_1_22' title="bbox 2138 803 3720 897">
    <p class='ocr_par' dir='ltr' id='par_1_22' title="bbox 2138 803 3720 897">
     <span class='ocr_line' id='line_1_22' title="bbox 2138 803 3720 897; baseline 0 -19"><span class='ocrx_word' id='word_1_138' title='bbox 2138 823 2460 894; x_wconf 73' lang='lat' dir='ltr'><strong>peregrinus</strong></span> <span class='ocrx_word' id='word_1_139' title='bbox 2528 803 2858 895; x_wconf 84' lang='lat' dir='ltr'><strong>quemquam</strong></span> <span class='ocrx_word' id='word_1_140' title='bbox 2935 803 3116 897; x_wconf 74' lang='lat' dir='ltr'><strong>solum</strong></span> <span class='ocrx_word' id='word_1_141' title='bbox 3173 803 3416 891; x_wconf 82' lang='lat' dir='ltr'><strong>usquam</strong></span> <span class='ocrx_word' id='word_1_142' title='bbox 3488 803 3720 885; x_wconf 63' lang='lat' dir='ltr'><strong>audivit,</strong></span> 
     </span>
    </p>
   </div>
   <div class='ocr_carea' id='block_1_23' title="bbox 2141 909 3725 984">
    <p class='ocr_par' dir='ltr' id='par_1_23' title="bbox 2141 909 3725 984">
     <span class='ocr_line' id='line_1_23' title="bbox 2141 909 3725 984; baseline -0.001 -14"><span class='ocrx_word' id='word_1_143' title='bbox 2141 915 2366 970; x_wconf 90' lang='lat' dir='ltr'><strong>minimc</strong></span> <span class='ocrx_word' id='word_1_144' title='bbox 2427 922 2679 976; x_wconf 69' lang='lat' dir='ltr'><strong>accusata</strong></span> <span class='ocrx_word' id='word_1_145' title='bbox 2736 922 3036 984; x_wconf 68' lang='lat' dir='ltr'><strong>pn&#39;esentc,</strong></span> <span class='ocrx_word' id='word_1_146' title='bbox 3095 911 3180 972; x_wconf 80' lang='lat' dir='ltr'><strong>vel</strong></span> <span class='ocrx_word' id='word_1_147' title='bbox 3243 910 3511 982; x_wconf 72' lang='lat' dir='ltr'><strong>judicavit</strong></span> <span class='ocrx_word' id='word_1_148' title='bbox 3563 909 3725 983; x_wconf 82' lang='lat' dir='ltr'><strong>proti-</strong></span> 
     </span>
    </p>
   </div>
   <div class='ocr_carea' id='block_1_24' title="bbox 2140 1002 3724 1074">
    <p class='ocr_par' dir='ltr' id='par_1_24' title="bbox 2140 1002 3724 1074">
     <span class='ocr_line' id='line_1_24' title="bbox 2140 1002 3724 1074; baseline 0 -10"><span class='ocrx_word' id='word_1_149' title='bbox 2140 1022 2274 1074; x_wconf 81' lang='lat' dir='ltr'><strong>nus,</strong></span> <span class='ocrx_word' id='word_1_150' title='bbox 2322 1007 2426 1063; x_wconf 92' lang='lat' dir='ltr'><strong>hoc</strong></span> <span class='ocrx_word' id='word_1_151' title='bbox 2469 1006 2700 1062; x_wconf 80' lang='lat' dir='ltr'><strong>audito?</strong></span> <span class='ocrx_word' id='word_1_152' title='bbox 2745 1004 2804 1060; x_wconf 92' lang='lat' dir='ltr'><strong>Si</strong></span> <span class='ocrx_word' id='word_1_153' title='bbox 2844 1006 2990 1062; x_wconf 87' lang='lat' dir='ltr'><strong>enim</strong></span> <span class='ocrx_word' id='word_1_154' title='bbox 3020 1019 3085 1062; x_wconf 84' lang='lat' dir='ltr'><strong>ex</strong></span> <span class='ocrx_word' id='word_1_155' title='bbox 3127 1019 3236 1062; x_wconf 88' lang='lat' dir='ltr'><strong>uno</strong></span> <span class='ocrx_word' id='word_1_156' title='bbox 3279 1003 3384 1071; x_wconf 88' lang='lat' dir='ltr'><strong>sibi</strong></span> <span class='ocrx_word' id='word_1_157' title='bbox 3428 1002 3724 1064; x_wconf 73' lang='lat' dir='ltr'><strong>adversan-</strong></span> 
     </span>
    </p>
   </div>
   <div class='ocr_carea' id='block_1_25' title="bbox 2142 1085 3778 1172">
    <p class='ocr_par' dir='ltr' id='par_1_25' title="bbox 2142 1085 3778 1172">
     <span class='ocr_line' id='line_1_25' title="bbox 2142 1085 3778 1172; baseline -0.005 -16"><span class='ocrx_word' id='word_1_158' title='bbox 2142 1102 2276 1168; x_wconf 79' lang='lat' dir='ltr'><strong>tium</strong></span> <span class='ocrx_word' id='word_1_159' title='bbox 2321 1099 2539 1169; x_wconf 87' lang='lat' dir='ltr'><strong>audire,</strong></span> <span class='ocrx_word' id='word_1_160' title='bbox 2572 1114 2796 1172; x_wconf 83' lang='lat' dir='ltr'><strong>pravum</strong></span> <span class='ocrx_word' id='word_1_161' title='bbox 2843 1106 2900 1154; x_wconf 89' lang='lat' dir='ltr'><strong>ct</strong></span> <span class='ocrx_word' id='word_1_162' title='bbox 2945 1097 3098 1152; x_wconf 84' lang='lat' dir='ltr'><strong>nel&#39;as</strong></span> <span class='ocrx_word' id='word_1_163' title='bbox 3139 1095 3341 1156; x_wconf 80' lang='lat' dir='ltr'><strong>veritas</strong></span> <span class='ocrx_word' id='word_1_164' title='bbox 3373 1095 3646 1166; x_wconf 57' lang='lat' dir='ltr'><strong>aestimat,</strong></span> <span class='ocrx_word' id='word_1_165' title='bbox 3671 1100 3727 1160; x_wconf 83' lang='lat' dir='ltr'><strong>et</strong></span> <span class='ocrx_word' id='word_1_166' title='bbox 3767 1085 3778 1108; x_wconf 79' lang='grc'><em>¹</em></span> 
     </span>
    </p>
   </div>
   <div class='ocr_carea' id='block_1_26' title="bbox 2142 1185 3725 1260">
    <p class='ocr_par' dir='ltr' id='par_1_26' title="bbox 2142 1185 3725 1260">
     <span class='ocr_line' id='line_1_26' title="bbox 2142 1185 3725 1260; baseline -0.008 -10"><span class='ocrx_word' id='word_1_167' title='bbox 2142 1196 2248 1250; x_wconf 83' lang='lat' dir='ltr'><strong>hoc</strong></span> <span class='ocrx_word' id='word_1_168' title='bbox 2273 1202 2332 1258; x_wconf 89' lang='lat' dir='ltr'><strong>ut</strong></span> <span class='ocrx_word' id='word_1_169' title='bbox 2359 1191 2720 1248; x_wconf 84' lang='lat' dir='ltr'><strong>abominabile</strong></span> <span class='ocrx_word' id='word_1_170' title='bbox 2768 1206 2874 1245; x_wconf 89' lang='lat' dir='ltr'><strong>non</strong></span> <span class='ocrx_word' id='word_1_171' title='bbox 2924 1187 3182 1253; x_wconf 85' lang='lat' dir='ltr'><strong>admittit,</strong></span> <span class='ocrx_word' id='word_1_172' title='bbox 3209 1196 3412 1258; x_wconf 84' lang='lat' dir='ltr'><strong>quanto</strong></span> <span class='ocrx_word' id='word_1_173' title='bbox 3445 1185 3625 1259; x_wconf 77' lang='lat' dir='ltr'><strong>magis</strong></span> <span class='ocrx_word' id='word_1_174' title='bbox 3659 1185 3725 1260; x_wconf 83' lang='lat' dir='ltr'><strong>ab</strong></span> 
     </span>
    </p>
   </div>
   <div class='ocr_carea' id='block_1_27' title="bbox 2143 1279 3724 1356">
    <p class='ocr_par' dir='ltr' id='par_1_27' title="bbox 2143 1279 3724 1356">
     <span class='ocr_line' id='line_1_27' title="bbox 2143 1279 3724 1356; baseline -0.008 -10"><span class='ocrx_word' id='word_1_175' title='bbox 2143 1291 2338 1346; x_wconf 81' lang='lat' dir='ltr'><strong>horum</strong></span> <span class='ocrx_word' id='word_1_176' title='bbox 2385 1287 2641 1344; x_wconf 79' lang='lat' dir='ltr'><strong>nemine?</strong></span> <span class='ocrx_word' id='word_1_177' title='bbox 2678 1285 2774 1356; x_wconf 89' lang='lat' dir='ltr'><strong>qui</strong></span> <span class='ocrx_word' id='word_1_178' title='bbox 2818 1283 2961 1342; x_wconf 85' lang='lat' dir='ltr'><strong>enim</strong></span> <span class='ocrx_word' id='word_1_179' title='bbox 2999 1282 3244 1352; x_wconf 71' lang='lat' dir='ltr'><strong>iudicant</strong></span> <span class='ocrx_word' id='word_1_180' title='bbox 3283 1297 3404 1352; x_wconf 64' lang='lat' dir='ltr'><strong>quae</strong></span> <span class='ocrx_word' id='word_1_181' title='bbox 3442 1279 3724 1350; x_wconf 76' lang='lat' dir='ltr'><strong>nesciunt,</strong></span> 
     </span>
    </p>
   </div>
   <div class='ocr_carea' id='block_1_28' title="bbox 2143 1369 3726 1455">
    <p class='ocr_par' dir='ltr' id='par_1_28' title="bbox 2143 1369 3726 1455">
     <span class='ocr_line' id='line_1_28' title="bbox 2143 1369 3726 1455; baseline -0.009 -17"><span class='ocrx_word' id='word_1_182' title='bbox 2143 1391 2388 1455; x_wconf 84' lang='lat' dir='ltr'><strong>paratam</strong></span> <span class='ocrx_word' id='word_1_183' title='bbox 2445 1378 2884 1450; x_wconf 75' lang='lat' dir='ltr'><strong>redargutiouem</strong></span> <span class='ocrx_word' id='word_1_184' title='bbox 2935 1376 2988 1430; x_wconf 88' lang='lat' dir='ltr'><strong>in</strong></span> <span class='ocrx_word' id='word_1_185' title='bbox 3037 1373 3374 1444; x_wconf 81' lang='lat' dir='ltr'><strong>carminibus</strong></span> <span class='ocrx_word' id='word_1_186' title='bbox 3428 1369 3726 1436; x_wconf 78' lang='lat' dir='ltr'><strong>beatissimi</strong></span> 
     </span>
    </p>
   </div>
   <div class='ocr_carea' id='block_1_29' title="bbox 2143 1463 3725 1545">
    <p class='ocr_par' dir='ltr' id='par_1_29' title="bbox 2143 1463 3725 1545">
     <span class='ocr_line' id='line_1_29' title="bbox 2143 1463 3725 1545; baseline -0.007 -14"><span class='ocrx_word' id='word_1_187' title='bbox 2143 1472 2390 1545; x_wconf 79' lang='lat' dir='ltr'><strong>Gregorii</strong></span> <span class='ocrx_word' id='word_1_188' title='bbox 2423 1471 2718 1544; x_wconf 85' lang='lat' dir='ltr'><strong>reperiunt,</strong></span> <span class='ocrx_word' id='word_1_189' title='bbox 2752 1478 2806 1526; x_wconf 91' lang='lat' dir='ltr'><strong>et</strong></span> <span class='ocrx_word' id='word_1_190' title='bbox 2835 1477 3024 1540; x_wconf 81' lang='lat' dir='ltr'><strong>aperte</strong></span> <span class='ocrx_word' id='word_1_191' title='bbox 3066 1467 3266 1522; x_wconf 84' lang='lat' dir='ltr'><strong>dicitur</strong></span> <span class='ocrx_word' id='word_1_192' title='bbox 3296 1466 3411 1534; x_wconf 82' lang='lat' dir='ltr'><strong>eis,</strong></span> <span class='ocrx_word' id='word_1_193' title='bbox 3445 1463 3596 1535; x_wconf 65' lang='lat' dir='ltr'><strong>quod</strong></span> <span class='ocrx_word' id='word_1_194' title='bbox 3633 1479 3725 1520; x_wconf 78' lang='lat' dir='ltr'><strong>ca-</strong></span> 
     </span>
    </p>
   </div>
   <div class='ocr_carea' id='block_1_30' title="bbox 2144 1552 3726 1636">
    <p class='ocr_par' dir='ltr' id='par_1_30' title="bbox 2144 1552 3726 1636">
     <span class='ocr_line' id='line_1_30' title="bbox 2144 1552 3726 1636; baseline -0.008 -16"><span class='ocrx_word' id='word_1_195' title='bbox 2144 1565 2250 1636; x_wconf 77' lang='lat' dir='ltr'><strong>ligo</strong></span> <span class='ocrx_word' id='word_1_196' title='bbox 2278 1565 2350 1622; x_wconf 90' lang='lat' dir='ltr'><strong>sit</strong></span> <span class='ocrx_word' id='word_1_197' title='bbox 2375 1578 2495 1634; x_wconf 69' lang='lat' dir='ltr'><strong>quae</strong></span> <span class='ocrx_word' id='word_1_198' title='bbox 2534 1561 2844 1631; x_wconf 88' lang='lat' dir='ltr'><strong>loquuntur.</strong></span> <span class='ocrx_word' id='word_1_199' title='bbox 2877 1560 3022 1616; x_wconf 86' lang='lat' dir='ltr'><strong>Bene</strong></span> <span class='ocrx_word' id='word_1_200' title='bbox 3050 1567 3235 1626; x_wconf 75' lang='lat' dir='ltr'><strong>autem</strong></span> <span class='ocrx_word' id='word_1_201' title='bbox 3266 1557 3512 1622; x_wconf 75' lang='lat' dir='ltr'><strong>novimus</strong></span> <span class='ocrx_word' id='word_1_202' title='bbox 3533 1594 3550 1621; x_wconf 93' lang='lat'><strong>,</strong></span> <span class='ocrx_word' id='word_1_203' title='bbox 3583 1552 3726 1624; x_wconf 84' lang='lat' dir='ltr'><strong>quod</strong></span> 
     </span>
    </p>
   </div>
   <div class='ocr_carea' id='block_1_31' title="bbox 2145 1648 3724 1730">
    <p class='ocr_par' dir='ltr' id='par_1_31' title="bbox 2145 1648 3724 1730">
     <span class='ocr_line' id='line_1_31' title="bbox 2145 1648 3724 1730; baseline -0.01 -16"><span class='ocrx_word' id='word_1_204' title='bbox 2145 1658 2287 1730; x_wconf 88' lang='lat' dir='ltr'><strong>apud</strong></span> <span class='ocrx_word' id='word_1_205' title='bbox 2316 1673 2410 1716; x_wconf 90' lang='lat' dir='ltr'><strong>vos</strong></span> <span class='ocrx_word' id='word_1_206' title='bbox 2443 1655 2575 1722; x_wconf 78' lang='lat' dir='ltr'><strong>sint,</strong></span> <span class='ocrx_word' id='word_1_207' title='bbox 2600 1655 2834 1718; x_wconf 80' lang='lat' dir='ltr'><strong>dictator</strong></span> <span class='ocrx_word' id='word_1_208' title='bbox 2863 1661 2918 1712; x_wconf 81' lang='lat' dir='ltr'><strong>et</strong></span> <span class='ocrx_word' id='word_1_209' title='bbox 2939 1668 2971 1710; x_wconf 86' lang='lat' dir='ltr'><strong>a</strong></span> <span class='ocrx_word' id='word_1_210' title='bbox 2996 1653 3108 1712; x_wconf 75' lang='lat' dir='ltr'><strong>Deo</strong></span> <span class='ocrx_word' id='word_1_211' title='bbox 3133 1648 3387 1716; x_wconf 76' lang='lat' dir='ltr'><strong>salvande</strong></span> <span class='ocrx_word' id='word_1_212' title='bbox 3411 1648 3724 1718; x_wconf 71' lang='lat' dir='ltr'><strong>imperator,</strong></span> 
     </span>
    </p>
   </div>
   <div class='ocr_carea' id='block_1_32' title="bbox 2147 1736 3731 1819">
    <p class='ocr_par' dir='ltr' id='par_1_32' title="bbox 2147 1736 3731 1819">
     <span class='ocr_line' id='line_1_32' title="bbox 2147 1736 3731 1819; baseline -0.01 -14"><span class='ocrx_word' id='word_1_213' title='bbox 2147 1748 2346 1808; x_wconf 88' lang='lat' dir='ltr'><strong>summi</strong></span> <span class='ocrx_word' id='word_1_214' title='bbox 2371 1756 2618 1819; x_wconf 87' lang='lat' dir='ltr'><strong>pastores</strong></span> <span class='ocrx_word' id='word_1_215' title='bbox 2637 1785 2651 1812; x_wconf 96' lang='lat'><strong>,</strong></span> <span class='ocrx_word' id='word_1_216' title='bbox 2683 1742 2961 1816; x_wconf 81' lang='lat' dir='ltr'><strong>praesules,</strong></span> <span class='ocrx_word' id='word_1_217' title='bbox 2998 1758 3062 1812; x_wconf 81' lang='lat' dir='ltr'><strong>ac</strong></span> <span class='ocrx_word' id='word_1_218' title='bbox 3089 1740 3312 1806; x_wconf 80' lang='lat' dir='ltr'><strong>abbates</strong></span> <span class='ocrx_word' id='word_1_219' title='bbox 3331 1778 3346 1806; x_wconf 95' lang='lat'><strong>,</strong></span> <span class='ocrx_word' id='word_1_220' title='bbox 3384 1736 3570 1807; x_wconf 84' lang='lat' dir='ltr'><strong>clerici</strong></span> <span class='ocrx_word' id='word_1_221' title='bbox 3603 1750 3731 1806; x_wconf 84' lang='lat' dir='ltr'><strong>quo-</strong></span> 
     </span>
    </p>
   </div>
   <div class='ocr_carea' id='block_1_33' title="bbox 2147 1827 3732 1913">
    <p class='ocr_par' dir='ltr' id='par_1_33' title="bbox 2147 1827 3732 1913">
     <span class='ocr_line' id='line_1_33' title="bbox 2147 1827 3732 1913; baseline -0.012 -13"><span class='ocrx_word' id='word_1_222' title='bbox 2147 1857 2276 1913; x_wconf 89' lang='lat' dir='ltr'><strong>que,</strong></span> <span class='ocrx_word' id='word_1_223' title='bbox 2300 1849 2354 1898; x_wconf 91' lang='lat' dir='ltr'><strong>et</strong></span> <span class='ocrx_word' id='word_1_224' title='bbox 2383 1855 2582 1912; x_wconf 75' lang='lat' dir='ltr'><strong>azyges</strong></span> <span class='ocrx_word' id='word_1_225' title='bbox 2605 1839 2656 1905; x_wconf 69' lang='lat' dir='ltr'><strong>b,</strong></span> <span class='ocrx_word' id='word_1_226' title='bbox 2683 1837 2780 1909; x_wconf 85' lang='lat' dir='ltr'><strong>qui</strong></span> <span class='ocrx_word' id='word_1_227' title='bbox 2801 1836 2950 1893; x_wconf 88' lang='lat' dir='ltr'><strong>omni</strong></span> <span class='ocrx_word' id='word_1_228' title='bbox 2977 1833 3237 1906; x_wconf 85' lang='lat' dir='ltr'><strong>sapientia</strong></span> <span class='ocrx_word' id='word_1_229' title='bbox 3266 1848 3330 1888; x_wconf 89' lang='lat' dir='ltr'><strong>ac</strong></span> <span class='ocrx_word' id='word_1_230' title='bbox 3363 1829 3622 1900; x_wconf 82' lang='lat' dir='ltr'><strong>scientia,</strong></span> <span class='ocrx_word' id='word_1_231' title='bbox 3651 1827 3732 1882; x_wconf 82' lang='lat' dir='ltr'><strong>in-</strong></span> 
     </span>
    </p>
   </div>
   <div class='ocr_carea' id='block_1_34' title="bbox 453 1918 3730 2008">
    <p class='ocr_par' dir='ltr' id='par_1_34' title="bbox 453 1918 3730 2008">
     <span class='ocr_line' id='line_1_34' title="bbox 453 1918 3730 2008; baseline -0.009 -3"><span class='ocrx_word' id='word_1_232' title='bbox 453 1938 526 1994; x_wconf 75' lang='lat' dir='ltr'><strong>ab</strong></span> <span class='ocrx_word' id='word_1_233' title='bbox 551 1948 868 1996; x_wconf 72' lang='lat' dir='ltr'><strong>exterarum</strong></span> <span class='ocrx_word' id='word_1_234' title='bbox 895 1953 989 1994; x_wconf 84' lang='lat' dir='ltr'><strong>ore</strong></span> <span class='ocrx_word' id='word_1_235' title='bbox 1017 1938 1208 1994; x_wconf 81' lang='lat' dir='ltr'><strong>audire</strong></span> <span class='ocrx_word' id='word_1_236' title='bbox 1224 1978 1240 2004; x_wconf 87' lang='grc'><em>,</em></span> <span class='ocrx_word' id='word_1_237' title='bbox 1265 1937 1500 2008; x_wconf 70' lang='lat' dir='ltr'><strong>qmlitcr</strong></span> <span class='ocrx_word' id='word_1_238' title='bbox 1529 1935 1728 1997; x_wconf 78' lang='lat' dir='ltr'><strong>veritas</strong></span> <span class='ocrx_word' id='word_1_239' title='bbox 1749 1935 1964 2006; x_wconf 73' lang='lat' dir='ltr'><strong>exigat,</strong></span> <span class='ocrx_word' id='word_1_240' title='bbox 1989 1941 2044 1996; x_wconf 78' lang='lat' dir='ltr'><strong>et</strong></span> <span class='ocrx_word' id='word_1_241' title='bbox 2069 1918 2118 1980; x_wconf 85' lang='grc' dir='ltr'>Β</span> <span class='ocrx_word' id='word_1_242' title='bbox 2150 1936 2362 1993; x_wconf 88' lang='lat' dir='ltr'><strong>tellectu</strong></span> <span class='ocrx_word' id='word_1_243' title='bbox 2383 1935 2627 1990; x_wconf 88' lang='lat' dir='ltr'><strong>etiamet</strong></span> <span class='ocrx_word' id='word_1_244' title='bbox 2645 1930 2975 1988; x_wconf 76' lang='lat' dir='ltr'><strong>discretione</strong></span> <span class='ocrx_word' id='word_1_245' title='bbox 2999 1937 3160 2006; x_wconf 77' lang='lat' dir='ltr'><strong>atque</strong></span> <span class='ocrx_word' id='word_1_246' title='bbox 3182 1924 3469 1997; x_wconf 71' lang='lat' dir='ltr'><strong>prtuleutia</strong></span> <span class='ocrx_word' id='word_1_247' title='bbox 3493 1921 3730 1978; x_wconf 80' lang='lat' dir='ltr'><strong>decorati</strong></span> 
     </span>
    </p>
   </div>
   <div class='ocr_carea' id='block_1_35' title="bbox 453 2033 2044 2108">
    <p class='ocr_par' dir='ltr' id='par_1_35' title="bbox 453 2033 2044 2108">
     <span class='ocr_line' id='line_1_35' title="bbox 453 2033 2044 2108; baseline -0.001 -16"><span class='ocrx_word' id='word_1_248' title='bbox 453 2051 575 2108; x_wconf 68' lang='lat' dir='ltr'><strong>qua:</strong></span> <span class='ocrx_word' id='word_1_249' title='bbox 611 2037 682 2092; x_wconf 85' lang='lat' dir='ltr'><strong>sit</strong></span> <span class='ocrx_word' id='word_1_250' title='bbox 708 2037 773 2092; x_wconf 89' lang='lat' dir='ltr'><strong>de</strong></span> <span class='ocrx_word' id='word_1_251' title='bbox 800 2035 884 2091; x_wconf 90' lang='lat' dir='ltr'><strong>his</strong></span> <span class='ocrx_word' id='word_1_252' title='bbox 920 2044 1068 2092; x_wconf 89' lang='lat' dir='ltr'><strong>certa</strong></span> <span class='ocrx_word' id='word_1_253' title='bbox 1109 2043 1165 2091; x_wconf 92' lang='lat' dir='ltr'><strong>et</strong></span> <span class='ocrx_word' id='word_1_254' title='bbox 1199 2034 1352 2091; x_wconf 85' lang='lat' dir='ltr'><strong>tlrma</strong></span> <span class='ocrx_word' id='word_1_255' title='bbox 1381 2033 1619 2105; x_wconf 78' lang='lat' dir='ltr'><strong>cognitio</strong></span> <span class='ocrx_word' id='word_1_256' title='bbox 1640 2074 1654 2100; x_wconf 98' lang='lat'><strong>,</strong></span> <span class='ocrx_word' id='word_1_257' title='bbox 1687 2049 1810 2104; x_wconf 63' lang='lat' dir='ltr'><strong>quae</strong></span> <span class='ocrx_word' id='word_1_258' title='bbox 1835 2034 1914 2090; x_wconf 90' lang='lat' dir='ltr'><strong>sic</strong></span> <span class='ocrx_word' id='word_1_259' title='bbox 1946 2048 2044 2090; x_wconf 86' lang='lat' dir='ltr'><strong>nos</strong></span> 
     </span>
    </p>
   </div>
   <div class='ocr_carea' id='block_1_36' title="bbox 453 2126 2044 2197">
    <p class='ocr_par' dir='ltr' id='par_1_36' title="bbox 453 2126 2044 2197">
     <span class='ocr_line' id='line_1_36' title="bbox 453 2126 2044 2197; baseline -0.001 -14"><span class='ocrx_word' id='word_1_260' title='bbox 453 2127 624 2183; x_wconf 87' lang='lat' dir='ltr'><strong>movit</strong></span> <span class='ocrx_word' id='word_1_261' title='bbox 660 2128 727 2183; x_wconf 88' lang='lat' dir='ltr'><strong>ad</strong></span> <span class='ocrx_word' id='word_1_262' title='bbox 771 2127 824 2182; x_wconf 88' lang='lat' dir='ltr'><strong>id</strong></span> <span class='ocrx_word' id='word_1_263' title='bbox 862 2127 1008 2197; x_wconf 88' lang='lat' dir='ltr'><strong>quod</strong></span> <span class='ocrx_word' id='word_1_264' title='bbox 1041 2135 1204 2182; x_wconf 88' lang='lat' dir='ltr'><strong>antea</strong></span> <span class='ocrx_word' id='word_1_265' title='bbox 1239 2126 1718 2192; x_wconf 83' lang='lat' dir='ltr'><strong>desiderabamus,</strong></span> <span class='ocrx_word' id='word_1_266' title='bbox 1758 2135 1813 2182; x_wconf 89' lang='lat' dir='ltr'><strong>et</strong></span> <span class='ocrx_word' id='word_1_267' title='bbox 1849 2141 1950 2196; x_wconf 85' lang='lat' dir='ltr'><strong>pro</strong></span> <span class='ocrx_word' id='word_1_268' title='bbox 1978 2141 2044 2182; x_wconf 88' lang='lat' dir='ltr'><strong>eo</strong></span> 
     </span>
    </p>
   </div>
   <div class='ocr_carea' id='block_1_37' title="bbox 455 2218 2046 2291">
    <p class='ocr_par' dir='ltr' id='par_1_37' title="bbox 455 2218 2046 2291">
     <span class='ocr_line' id='line_1_37' title="bbox 455 2218 2046 2291; baseline 0 -17"><span class='ocrx_word' id='word_1_269' title='bbox 455 2222 598 2291; x_wconf 89' lang='lat' dir='ltr'><strong>quod</strong></span> <span class='ocrx_word' id='word_1_270' title='bbox 625 2219 740 2275; x_wconf 86' lang='lat' dir='ltr'><strong>tieri</strong></span> <span class='ocrx_word' id='word_1_271' title='bbox 772 2219 932 2274; x_wconf 85' lang='lat' dir='ltr'><strong>citius</strong></span> <span class='ocrx_word' id='word_1_272' title='bbox 961 2234 1242 2290; x_wconf 79' lang='lat' dir='ltr'><strong>speramus</strong></span> <span class='ocrx_word' id='word_1_273' title='bbox 1276 2227 1495 2290; x_wconf 85' lang='lat' dir='ltr'><strong>propter</strong></span> <span class='ocrx_word' id='word_1_274' title='bbox 1523 2219 1623 2272; x_wconf 90' lang='lat' dir='ltr'><strong>viri</strong></span> <span class='ocrx_word' id='word_1_275' title='bbox 1655 2218 1952 2290; x_wconf 69' lang='lat' dir='ltr'><strong>justitiam,</strong></span> <span class='ocrx_word' id='word_1_276' title='bbox 1990 2227 2046 2280; x_wconf 87' lang='lat' dir='ltr'><strong>et</strong></span> 
     </span>
    </p>
   </div>
   <div class='ocr_carea' id='block_1_38' title="bbox 457 2307 2046 2381">
    <p class='ocr_par' dir='ltr' id='par_1_38' title="bbox 457 2307 2046 2381">
     <span class='ocr_line' id='line_1_38' title="bbox 457 2307 2046 2381; baseline -0.001 -15"><span class='ocrx_word' id='word_1_277' title='bbox 457 2327 644 2368; x_wconf 87' lang='lat' dir='ltr'><strong>amore</strong></span> <span class='ocrx_word' id='word_1_278' title='bbox 670 2310 973 2367; x_wconf 75' lang='lat' dir='ltr'><strong>dilectionis</strong></span> <span class='ocrx_word' id='word_1_279' title='bbox 1010 2321 1236 2381; x_wconf 88' lang='lat' dir='ltr'><strong>pavente</strong></span> <span class='ocrx_word' id='word_1_280' title='bbox 1263 2318 1588 2381; x_wconf 87' lang='lat' dir='ltr'><strong>potest-atem</strong></span> <span class='ocrx_word' id='word_1_281' title='bbox 1605 2349 1620 2374; x_wconf 97' lang='lat'><strong>,</strong></span> <span class='ocrx_word' id='word_1_282' title='bbox 1658 2325 1780 2379; x_wconf 65' lang='lat' dir='ltr'><strong>qua:</strong></span> <span class='ocrx_word' id='word_1_283' title='bbox 1804 2309 1860 2364; x_wconf 87' lang='lat' dir='ltr'><strong>in</strong></span> <span class='ocrx_word' id='word_1_284' title='bbox 1888 2307 2046 2364; x_wconf 82' lang='lat' dir='ltr'><strong>nobis</strong></span> 
     </span>
    </p>
   </div>
   <div class='ocr_carea' id='block_1_39' title="bbox 457 2401 2046 2478">
    <p class='ocr_par' dir='ltr' id='par_1_39' title="bbox 457 2401 2046 2478">
     <span class='ocr_line' id='line_1_39' title="bbox 457 2401 2046 2478; baseline -0.003 -17"><span class='ocrx_word' id='word_1_285' title='bbox 457 2413 792 2476; x_wconf 89' lang='lat' dir='ltr'><strong>potentatum</strong></span> <span class='ocrx_word' id='word_1_286' title='bbox 828 2406 1007 2478; x_wconf 82' lang='lat' dir='ltr'><strong>gerit,</strong></span> <span class='ocrx_word' id='word_1_287' title='bbox 1050 2405 1357 2477; x_wconf 81' lang='lat' dir='ltr'><strong>quempiam</strong></span> <span class='ocrx_word' id='word_1_288' title='bbox 1395 2419 1613 2466; x_wconf 87' lang='lat' dir='ltr'><strong>eorum,</strong></span> <span class='ocrx_word' id='word_1_289' title='bbox 1657 2403 1749 2472; x_wconf 87' lang='lat' dir='ltr'><strong>qui</strong></span> <span class='ocrx_word' id='word_1_290' title='bbox 1781 2401 1925 2472; x_wconf 83' lang='lat' dir='ltr'><strong>apud</strong></span> <span class='ocrx_word' id='word_1_291' title='bbox 1950 2415 2046 2456; x_wconf 89' lang='lat' dir='ltr'><strong>nos</strong></span> 
     </span>
    </p>
   </div>
   <div class='ocr_carea' id='block_1_40' title="bbox 456 2494 2048 2568">
    <p class='ocr_par' dir='ltr' id='par_1_40' title="bbox 456 2494 2048 2568">
     <span class='ocr_line' id='line_1_40' title="bbox 456 2494 2048 2568; baseline -0.001 -17"><span class='ocrx_word' id='word_1_292' title='bbox 456 2495 646 2553; x_wconf 85' lang='lat' dir='ltr'><strong>scdulo</strong></span> <span class='ocrx_word' id='word_1_293' title='bbox 675 2505 1026 2568; x_wconf 88' lang='lat' dir='ltr'><strong>permanent,</strong></span> <span class='ocrx_word' id='word_1_294' title='bbox 1067 2497 1314 2562; x_wconf 89' lang='lat' dir='ltr'><strong>mittere;</strong></span> <span class='ocrx_word' id='word_1_295' title='bbox 1363 2495 1612 2551; x_wconf 89' lang='lat' dir='ltr'><strong>misimus</strong></span> <span class='ocrx_word' id='word_1_296' title='bbox 1650 2494 1698 2550; x_wconf 91' lang='lat' dir='ltr'><strong>ei</strong></span> <span class='ocrx_word' id='word_1_297' title='bbox 1728 2502 1916 2550; x_wconf 88' lang='lat' dir='ltr'><strong>contra</strong></span> <span class='ocrx_word' id='word_1_298' title='bbox 1948 2508 2048 2564; x_wconf 92' lang='lat' dir='ltr'><strong>pro</strong></span> 
     </span>
    </p>
   </div>
   <div class='ocr_carea' id='block_1_41' title="bbox 456 2587 2047 2660">
    <p class='ocr_par' dir='ltr' id='par_1_41' title="bbox 456 2587 2047 2660">
     <span class='ocr_line' id='line_1_41' title="bbox 456 2587 2047 2660; baseline -0.002 -16"><span class='ocrx_word' id='word_1_299' title='bbox 456 2590 646 2656; x_wconf 89' lang='lat' dir='ltr'><strong>nobis,</strong></span> <span class='ocrx_word' id='word_1_300' title='bbox 696 2590 1034 2660; x_wconf 85' lang='lat' dir='ltr'><strong>requirentes</strong></span> <span class='ocrx_word' id='word_1_301' title='bbox 1080 2589 1360 2645; x_wconf 81' lang='lat' dir='ltr'><strong>hominem</strong></span> <span class='ocrx_word' id='word_1_302' title='bbox 1412 2587 1540 2643; x_wconf 88' lang='lat' dir='ltr'><strong>olim</strong></span> <span class='ocrx_word' id='word_1_303' title='bbox 1587 2596 1869 2652; x_wconf 85' lang='lat' dir='ltr'><strong>nostrum,</strong></span> <span class='ocrx_word' id='word_1_304' title='bbox 1913 2595 1968 2641; x_wconf 92' lang='lat' dir='ltr'><strong>ct</strong></span> <span class='ocrx_word' id='word_1_305' title='bbox 2015 2601 2047 2641; x_wconf 88' lang='lat' dir='ltr'><strong>a</strong></span> 
     </span>
    </p>
   </div>
   <div class='ocr_carea' id='block_1_42' title="bbox 457 2677 2049 2745">
    <p class='ocr_par' dir='ltr' id='par_1_42' title="bbox 457 2677 2049 2745">
     <span class='ocr_line' id='line_1_42' title="bbox 457 2677 2049 2745; baseline -0.003 -8"><span class='ocrx_word' id='word_1_306' title='bbox 457 2681 642 2738; x_wconf 85' lang='lat' dir='ltr'><strong>multis</strong></span> <span class='ocrx_word' id='word_1_307' title='bbox 669 2681 826 2738; x_wconf 89' lang='lat' dir='ltr'><strong>annis</strong></span> <span class='ocrx_word' id='word_1_308' title='bbox 855 2681 909 2738; x_wconf 86' lang='lat' dir='ltr'><strong>in</strong></span> <span class='ocrx_word' id='word_1_309' title='bbox 939 2697 1037 2738; x_wconf 88' lang='lat' dir='ltr'><strong>sua</strong></span> <span class='ocrx_word' id='word_1_310' title='bbox 1061 2681 1337 2737; x_wconf 85' lang='lat' dir='ltr'><strong>voluntate</strong></span> <span class='ocrx_word' id='word_1_311' title='bbox 1361 2679 1693 2736; x_wconf 75' lang='lat' dir='ltr'><strong>habitantem</strong></span> <span class='ocrx_word' id='word_1_312' title='bbox 1719 2719 1734 2745; x_wconf 93' lang='lat'><strong>,</strong></span> <span class='ocrx_word' id='word_1_313' title='bbox 1765 2677 2049 2734; x_wconf 83' lang='lat' dir='ltr'><strong>venerabi-</strong></span> 
     </span>
    </p>
   </div>
   <div class='ocr_carea' id='block_1_43' title="bbox 456 2771 2048 2842">
    <p class='ocr_par' dir='ltr' id='par_1_43' title="bbox 456 2771 2048 2842">
     <span class='ocr_line' id='line_1_43' title="bbox 456 2771 2048 2842; baseline -0.001 -13"><span class='ocrx_word' id='word_1_314' title='bbox 456 2773 561 2832; x_wconf 88' lang='lat' dir='ltr'><strong>lem</strong></span> <span class='ocrx_word' id='word_1_315' title='bbox 601 2777 955 2842; x_wconf 88' lang='lat' dir='ltr'><strong>existentem,</strong></span> <span class='ocrx_word' id='word_1_316' title='bbox 1000 2781 1056 2831; x_wconf 87' lang='lat' dir='ltr'><strong>et</strong></span> <span class='ocrx_word' id='word_1_317' title='bbox 1090 2773 1446 2830; x_wconf 86' lang='lat' dir='ltr'><strong>monasticam</strong></span> <span class='ocrx_word' id='word_1_318' title='bbox 1478 2771 1942 2830; x_wconf 80' lang='lat' dir='ltr'><strong>conversationem</strong></span> <span class='ocrx_word' id='word_1_319' title='bbox 1981 2785 2048 2828; x_wconf 86' lang='lat' dir='ltr'><strong>ex</strong></span> 
     </span>
    </p>
   </div>
   <div class='ocr_carea' id='block_1_44' title="bbox 459 2864 2049 2937">
    <p class='ocr_par' dir='ltr' id='par_1_44' title="bbox 459 2864 2049 2937">
     <span class='ocr_line' id='line_1_44' title="bbox 459 2864 2049 2937; baseline -0.001 -15"><span class='ocrx_word' id='word_1_320' title='bbox 459 2866 713 2924; x_wconf 87' lang='lat' dir='ltr'><strong>mollibus</strong></span> <span class='ocrx_word' id='word_1_321' title='bbox 769 2866 984 2937; x_wconf 81' lang='lat' dir='ltr'><strong>ungulis</strong></span> <span class='ocrx_word' id='word_1_322' title='bbox 1039 2865 1372 2923; x_wconf 88' lang='lat' dir='ltr'><strong>excolentem</strong></span> <span class='ocrx_word' id='word_1_323' title='bbox 1431 2867 1789 2932; x_wconf 87' lang='lat' dir='ltr'><strong>monachum,</strong></span> <span class='ocrx_word' id='word_1_324' title='bbox 1849 2864 2049 2936; x_wconf 67' lang='lat' dir='ltr'><strong>Ioseph</strong></span> 
     </span>
    </p>
   </div>
   <div class='ocr_carea' id='block_1_45' title="bbox 461 2948 2049 3030">
    <p class='ocr_par' dir='ltr' id='par_1_45' title="bbox 461 2948 2049 3030">
     <span class='ocr_line' id='line_1_45' title="bbox 461 2948 2049 3030; baseline -0.002 -16"><span class='ocrx_word' id='word_1_325' title='bbox 461 2959 715 3024; x_wconf 88' lang='lat' dir='ltr'><strong>nomine;</strong></span> <span class='ocrx_word' id='word_1_326' title='bbox 751 2960 894 3030; x_wconf 87' lang='lat' dir='ltr'><strong>quod</strong></span> <span class='ocrx_word' id='word_1_327' title='bbox 917 2967 972 3014; x_wconf 90' lang='lat' dir='ltr'><strong>et</strong></span> <span class='ocrx_word' id='word_1_328' title='bbox 1010 2957 1174 3014; x_wconf 75' lang='lat' dir='ltr'><strong>fecit:</strong></span> <span class='ocrx_word' id='word_1_329' title='bbox 1217 2973 1338 3014; x_wconf 92' lang='lat' dir='ltr'><strong>cum</strong></span> <span class='ocrx_word' id='word_1_330' title='bbox 1366 2973 1473 3029; x_wconf 90' lang='lat' dir='ltr'><strong>quo</strong></span> <span class='ocrx_word' id='word_1_331' title='bbox 1509 2957 1673 3014; x_wconf 84' lang='lat' dir='ltr'><strong>etiam</strong></span> <span class='ocrx_word' id='word_1_332' title='bbox 1709 2959 1853 3014; x_wconf 87' lang='lat' dir='ltr'><strong>hunc</strong></span> <span class='ocrx_word' id='word_1_333' title='bbox 1889 2948 2049 3012; x_wconf 86' lang='lat' dir='ltr'><strong>vilem</strong></span> 
     </span>
    </p>
   </div>
   <div class='ocr_carea' id='block_1_46' title="bbox 462 3049 2054 3120">
    <p class='ocr_par' dir='ltr' id='par_1_46' title="bbox 462 3049 2054 3120">
     <span class='ocr_line' id='line_1_46' title="bbox 462 3049 2054 3120; baseline -0.002 -14"><span class='ocrx_word' id='word_1_334' title='bbox 462 3049 768 3106; x_wconf 85' lang='lat' dir='ltr'><strong>codicillum</strong></span> <span class='ocrx_word' id='word_1_335' title='bbox 819 3049 1219 3105; x_wconf 87' lang='lat' dir='ltr'><strong>transmisimus</strong></span> <span class='ocrx_word' id='word_1_336' title='bbox 1273 3049 1549 3120; x_wconf 82' lang='lat' dir='ltr'><strong>indignum</strong></span> <span class='ocrx_word' id='word_1_337' title='bbox 1600 3049 1950 3114; x_wconf 77' lang='lat' dir='ltr'><strong>existentem,</strong></span> <span class='ocrx_word' id='word_1_338' title='bbox 1996 3057 2054 3103; x_wconf 87' lang='lat' dir='ltr'><strong>et</strong></span> 
     </span>
    </p>
   </div>
   <div class='ocr_carea' id='block_1_47' title="bbox 464 3139 2050 3220">
    <p class='ocr_par' dir='ltr' id='par_1_47' title="bbox 464 3139 2050 3220">
     <span class='ocr_line' id='line_1_47' title="bbox 464 3139 2050 3220; baseline -0.002 -24"><span class='ocrx_word' id='word_1_339' title='bbox 464 3140 822 3220; x_wconf 81' lang='lat' dir='ltr'><strong>imperatoriae</strong></span> <span class='ocrx_word' id='word_1_340' title='bbox 846 3139 1159 3195; x_wconf 79' lang='lat' dir='ltr'><strong>allocutioni</strong></span> <span class='ocrx_word' id='word_1_341' title='bbox 1193 3139 1656 3194; x_wconf 85' lang='lat' dir='ltr'><strong>lnconvenientcm</strong></span> <span class='ocrx_word' id='word_1_342' title='bbox 1683 3157 1694 3192; x_wconf 89' lang='lat'><strong>:</strong></span> <span class='ocrx_word' id='word_1_343' title='bbox 1738 3140 1846 3195; x_wconf 86' lang='lat' dir='ltr'><strong>hoc</strong></span> <span class='ocrx_word' id='word_1_344' title='bbox 1871 3147 2050 3194; x_wconf 88' lang='lat' dir='ltr'><strong>autem</strong></span> 
     </span>
    </p>
   </div>
   <div class='ocr_carea' id='block_1_48' title="bbox 465 3229 2051 3302">
    <p class='ocr_par' dir='ltr' id='par_1_48' title="bbox 465 3229 2051 3302">
     <span class='ocr_line' id='line_1_48' title="bbox 465 3229 2051 3302; baseline -0.003 -14"><span class='ocrx_word' id='word_1_345' title='bbox 465 3233 710 3289; x_wconf 83' lang='lat' dir='ltr'><strong>volenter</strong></span> <span class='ocrx_word' id='word_1_346' title='bbox 741 3231 997 3296; x_wconf 80' lang='lat' dir='ltr'><strong>fecimus,</strong></span> <span class='ocrx_word' id='word_1_347' title='bbox 1039 3230 1282 3302; x_wconf 90' lang='lat' dir='ltr'><strong>quinimo</strong></span> <span class='ocrx_word' id='word_1_348' title='bbox 1324 3229 1658 3287; x_wconf 73' lang='lat' dir='ltr'><strong>confidenter</strong></span> <span class='ocrx_word' id='word_1_349' title='bbox 1700 3229 2051 3302; x_wconf 62' lang='lat' dir='ltr'><strong>prtesumpsi-</strong></span> 
     </span>
    </p>
   </div>
   <div class='ocr_carea' id='block_1_49' title="bbox 2149 2023 3733 2096">
    <p class='ocr_par' dir='ltr' id='par_1_49' title="bbox 2149 2023 3733 2096">
     <span class='ocr_line' id='line_1_49' title="bbox 2149 2023 3733 2096; baseline -0.011 -10"><span class='ocrx_word' id='word_1_350' title='bbox 2149 2027 2452 2086; x_wconf 88' lang='lat' dir='ltr'><strong>consistunt</strong></span> <span class='ocrx_word' id='word_1_351' title='bbox 2477 2067 2491 2092; x_wconf 96' lang='lat'><strong>,</strong></span> <span class='ocrx_word' id='word_1_352' title='bbox 2515 2039 2748 2096; x_wconf 88' lang='lat' dir='ltr'><strong>quorum</strong></span> <span class='ocrx_word' id='word_1_353' title='bbox 2786 2023 3041 2094; x_wconf 82' lang='lat' dir='ltr'><strong>princeps</strong></span> <span class='ocrx_word' id='word_1_354' title='bbox 3079 2035 3144 2075; x_wconf 90' lang='lat' dir='ltr'><strong>ac</strong></span> <span class='ocrx_word' id='word_1_355' title='bbox 3174 2033 3376 2089; x_wconf 79' lang='lat' dir='ltr'><strong>praeses</strong></span> <span class='ocrx_word' id='word_1_356' title='bbox 3408 2024 3466 2086; x_wconf 84' lang='lat' dir='ltr'><strong>et</strong></span> <span class='ocrx_word' id='word_1_357' title='bbox 3491 2029 3733 2076; x_wconf 81' lang='lat' dir='ltr'><strong>summus</strong></span> 
     </span>
    </p>
   </div>
   <div class='ocr_carea' id='block_1_50' title="bbox 2148 2107 3732 2181">
    <p class='ocr_par' dir='ltr' id='par_1_50' title="bbox 2148 2107 3732 2181">
     <span class='ocr_line' id='line_1_50' title="bbox 2148 2107 3732 2181; baseline -0.01 -2"><span class='ocrx_word' id='word_1_358' title='bbox 2148 2123 2337 2179; x_wconf 89' lang='lat' dir='ltr'><strong>doctor</strong></span> <span class='ocrx_word' id='word_1_359' title='bbox 2364 2129 2420 2176; x_wconf 92' lang='lat' dir='ltr'><strong>tu</strong></span> <span class='ocrx_word' id='word_1_360' title='bbox 2453 2117 2778 2174; x_wconf 87' lang='lat' dir='ltr'><strong>constitutus</strong></span> <span class='ocrx_word' id='word_1_361' title='bbox 2805 2131 2885 2181; x_wconf 89' lang='lat' dir='ltr'><strong>es,</strong></span> <span class='ocrx_word' id='word_1_362' title='bbox 2917 2123 3107 2172; x_wconf 80' lang='lat' dir='ltr'><strong>sancte</strong></span> <span class='ocrx_word' id='word_1_363' title='bbox 3136 2127 3200 2169; x_wconf 89' lang='lat' dir='ltr'><strong>ac</strong></span> <span class='ocrx_word' id='word_1_364' title='bbox 3225 2109 3530 2176; x_wconf 73' lang='lat' dir='ltr'><strong>orthodoxe</strong></span> <span class='ocrx_word' id='word_1_365' title='bbox 3562 2107 3732 2176; x_wconf 85' lang='lat' dir='ltr'><strong>impe-</strong></span> 
     </span>
    </p>
   </div>
   <div class='ocr_carea' id='block_1_51' title="bbox 2149 2201 3736 2284">
    <p class='ocr_par' dir='ltr' id='par_1_51' title="bbox 2149 2201 3736 2284">
     <span class='ocr_line' id='line_1_51' title="bbox 2149 2201 3736 2284; baseline -0.011 -14"><span class='ocrx_word' id='word_1_366' title='bbox 2149 2225 2318 2281; x_wconf 90' lang='lat' dir='ltr'><strong>rator,</strong></span> <span class='ocrx_word' id='word_1_367' title='bbox 2347 2213 2438 2284; x_wconf 91' lang='lat' dir='ltr'><strong>qui</strong></span> <span class='ocrx_word' id='word_1_368' title='bbox 2469 2226 2658 2268; x_wconf 87' lang='lat' dir='ltr'><strong>omnes</strong></span> <span class='ocrx_word' id='word_1_369' title='bbox 2685 2209 2908 2280; x_wconf 82' lang='lat' dir='ltr'><strong>propius</strong></span> <span class='ocrx_word' id='word_1_370' title='bbox 2935 2207 3229 2272; x_wconf 77' lang='lat' dir='ltr'><strong>existentes</strong></span> <span class='ocrx_word' id='word_1_371' title='bbox 3249 2242 3264 2269; x_wconf 96' lang='lat'><strong>,</strong></span> <span class='ocrx_word' id='word_1_372' title='bbox 3308 2201 3451 2272; x_wconf 84' lang='lat' dir='ltr'><strong>quod</strong></span> <span class='ocrx_word' id='word_1_373' title='bbox 3480 2206 3736 2272; x_wconf 76' lang='lat' dir='ltr'><strong>opportu-</strong></span> 
     </span>
    </p>
   </div>
   <div class='ocr_carea' id='block_1_52' title="bbox 2149 2293 3736 2374">
    <p class='ocr_par' dir='ltr' id='par_1_52' title="bbox 2149 2293 3736 2374">
     <span class='ocr_line' id='line_1_52' title="bbox 2149 2293 3736 2374; baseline -0.013 -10"><span class='ocrx_word' id='word_1_374' title='bbox 2149 2325 2276 2364; x_wconf 87' lang='lat' dir='ltr'><strong>num</strong></span> <span class='ocrx_word' id='word_1_375' title='bbox 2307 2315 2410 2374; x_wconf 91' lang='lat' dir='ltr'><strong>est,</strong></span> <span class='ocrx_word' id='word_1_376' title='bbox 2443 2304 2616 2369; x_wconf 87' lang='lat' dir='ltr'><strong>scitis,</strong></span> <span class='ocrx_word' id='word_1_377' title='bbox 2645 2303 2864 2372; x_wconf 85' lang='lat' dir='ltr'><strong>etquod</strong></span> <span class='ocrx_word' id='word_1_378' title='bbox 2894 2300 3005 2357; x_wconf 82' lang='lat' dir='ltr'><strong>Deo</strong></span> <span class='ocrx_word' id='word_1_379' title='bbox 3037 2297 3110 2354; x_wconf 90' lang='lat' dir='ltr'><strong>sit</strong></span> <span class='ocrx_word' id='word_1_380' title='bbox 3151 2303 3453 2365; x_wconf 82' lang='lat' dir='ltr'><strong>acceptum,</strong></span> <span class='ocrx_word' id='word_1_381' title='bbox 3481 2293 3620 2360; x_wconf 82' lang='lat' dir='ltr'><strong>bene</strong></span> <span class='ocrx_word' id='word_1_382' title='bbox 3647 2304 3736 2346; x_wconf 89' lang='lat' dir='ltr'><strong>co-</strong></span> 
     </span>
    </p>
   </div>
   <div class='ocr_carea' id='block_1_53' title="bbox 2149 2378 3735 2474">
    <p class='ocr_par' dir='ltr' id='par_1_53' title="bbox 2149 2378 3735 2474">
     <span class='ocr_line' id='line_1_53' title="bbox 2149 2378 3735 2474; baseline -0.013 -20"><span class='ocrx_word' id='word_1_383' title='bbox 2149 2399 2429 2474; x_wconf 77' lang='lat' dir='ltr'><strong>gnoscitis.</strong></span> <span class='ocrx_word' id='word_1_384' title='bbox 2457 2397 2570 2453; x_wconf 71' lang='lat' dir='ltr'><strong>Vos</strong></span> <span class='ocrx_word' id='word_1_385' title='bbox 2593 2395 2736 2454; x_wconf 74' lang='lat' dir='ltr'><strong>enim</strong></span> <span class='ocrx_word' id='word_1_386' title='bbox 2764 2393 2897 2450; x_wconf 88' lang='lat' dir='ltr'><strong>estis</strong></span> <span class='ocrx_word' id='word_1_387' title='bbox 2923 2391 3096 2458; x_wconf 70' lang='lat' dir='ltr'><strong>radix,</strong></span> <span class='ocrx_word' id='word_1_388' title='bbox 3130 2405 3197 2444; x_wconf 88' lang='lat' dir='ltr'><strong>ex</strong></span> <span class='ocrx_word' id='word_1_389' title='bbox 3224 2403 3329 2458; x_wconf 89' lang='lat' dir='ltr'><strong>qua</strong></span> <span class='ocrx_word' id='word_1_390' title='bbox 3371 2385 3526 2458; x_wconf 63' lang='lat' dir='ltr'><strong>Hert.</strong></span> <span class='ocrx_word' id='word_1_391' title='bbox 3551 2378 3735 2454; x_wconf 73' lang='lat' dir='ltr'><strong>rami.]</strong></span> 
     </span>
    </p>
   </div>
   <div class='ocr_carea' id='block_1_54' title="bbox 2147 2481 3738 2563">
    <p class='ocr_par' dir='ltr' id='par_1_54' title="bbox 2147 2481 3738 2563">
     <span class='ocr_line' id='line_1_54' title="bbox 2147 2481 3738 2563; baseline -0.01 -17"><span class='ocrx_word' id='word_1_392' title='bbox 2147 2492 2254 2563; x_wconf 80' lang='lat' dir='ltr'><strong>jam</strong></span> <span class='ocrx_word' id='word_1_393' title='bbox 2287 2500 2342 2548; x_wconf 92' lang='lat' dir='ltr'><strong>et</strong></span> <span class='ocrx_word' id='word_1_394' title='bbox 2388 2487 2812 2546; x_wconf 85' lang='lat' dir='ltr'><strong>immortalitatis</strong></span> <span class='ocrx_word' id='word_1_395' title='bbox 2848 2481 3200 2552; x_wconf 74' lang='lat' dir='ltr'><strong>intelligib&#39;tlls</strong></span> <span class='ocrx_word' id='word_1_396' title='bbox 3238 2493 3506 2544; x_wconf 82' lang='lat' dir='ltr'><strong>oceanus,</strong></span> <span class='ocrx_word' id='word_1_397' title='bbox 3537 2491 3606 2532; x_wconf 72' lang='lat' dir='ltr'><strong>ex</strong></span> <span class='ocrx_word' id='word_1_398' title='bbox 3634 2489 3738 2544; x_wconf 86' lang='lat' dir='ltr'><strong>quo</strong></span> 
     </span>
    </p>
   </div>
   <div class='ocr_carea' id='block_1_55' title="bbox 2150 2570 3738 2650">
    <p class='ocr_par' dir='ltr' id='par_1_55' title="bbox 2150 2570 3738 2650">
     <span class='ocr_line' id='line_1_55' title="bbox 2150 2570 3738 2650; baseline -0.014 -8"><span class='ocrx_word' id='word_1_399' title='bbox 2150 2587 2328 2643; x_wconf 84' lang='lat' dir='ltr'><strong>cuncti</strong></span> <span class='ocrx_word' id='word_1_400' title='bbox 2380 2583 2586 2647; x_wconf 81' lang='lat' dir='ltr'><strong>fontes,</strong></span> <span class='ocrx_word' id='word_1_401' title='bbox 2639 2594 2906 2650; x_wconf 86' lang='lat' dir='ltr'><strong>omneque</strong></span> <span class='ocrx_word' id='word_1_402' title='bbox 2947 2591 3133 2642; x_wconf 84' lang='lat' dir='ltr'><strong>mare,</strong></span> <span class='ocrx_word' id='word_1_403' title='bbox 3177 2572 3422 2632; x_wconf 74' lang='lat' dir='ltr'><strong>universi</strong></span> <span class='ocrx_word' id='word_1_404' title='bbox 3469 2570 3646 2635; x_wconf 83' lang='lat' dir='ltr'><strong>lacus,</strong></span> <span class='ocrx_word' id='word_1_405' title='bbox 3686 2575 3738 2622; x_wconf 91' lang='lat' dir='ltr'><strong>et</strong></span> 
     </span>
    </p>
   </div>
   <div class='ocr_carea' id='block_1_56' title="bbox 2149 2662 3740 2748">
    <p class='ocr_par' dir='ltr' id='par_1_56' title="bbox 2149 2662 3740 2748">
     <span class='ocr_line' id='line_1_56' title="bbox 2149 2662 3740 2748; baseline -0.012 -14"><span class='ocrx_word' id='word_1_406' title='bbox 2149 2678 2347 2734; x_wconf 80' lang='lat' dir='ltr'><strong>ﬂuenta</strong></span> <span class='ocrx_word' id='word_1_407' title='bbox 2373 2675 2562 2748; x_wconf 87' lang='lat' dir='ltr'><strong>procul</strong></span> <span class='ocrx_word' id='word_1_408' title='bbox 2589 2681 2873 2738; x_wconf 84' lang='lat' dir='ltr'><strong>emanant,</strong></span> <span class='ocrx_word' id='word_1_409' title='bbox 2916 2679 2976 2738; x_wconf 85' lang='lat' dir='ltr'><strong>ut</strong></span> <span class='ocrx_word' id='word_1_410' title='bbox 3001 2668 3242 2726; x_wconf 78' lang='lat' dir='ltr'><strong>exterior</strong></span> <span class='ocrx_word' id='word_1_411' title='bbox 3277 2673 3440 2736; x_wconf 81' lang='lat' dir='ltr'><strong>poeta</strong></span> <span class='ocrx_word' id='word_1_412' title='bbox 3471 2662 3740 2722; x_wconf 79' lang='lat' dir='ltr'><strong>Homerus</strong></span> 
     </span>
    </p>
   </div>
   <div class='ocr_carea' id='block_1_57' title="bbox 2152 2754 3738 2837">
    <p class='ocr_par' dir='ltr' id='par_1_57' title="bbox 2152 2754 3738 2837">
     <span class='ocr_line' id='line_1_57' title="bbox 2152 2754 3738 2837; baseline -0.013 -8"><span class='ocrx_word' id='word_1_413' title='bbox 2152 2772 2364 2830; x_wconf 77' lang='lat' dir='ltr'><strong>atlatur.</strong></span> <span class='ocrx_word' id='word_1_414' title='bbox 2394 2770 2500 2837; x_wconf 78' lang='lat' dir='ltr'><strong>lla,</strong></span> <span class='ocrx_word' id='word_1_415' title='bbox 2547 2767 2762 2825; x_wconf 85' lang='lat' dir='ltr'><strong>domine</strong></span> <span class='ocrx_word' id='word_1_416' title='bbox 2810 2765 3107 2836; x_wconf 81' lang='lat' dir='ltr'><strong>imperator</strong></span> <span class='ocrx_word' id='word_1_417' title='bbox 3130 2759 3461 2831; x_wconf 59' lang='lat' dir='ltr'><strong>iustissime,</strong></span> <span class='ocrx_word' id='word_1_418' title='bbox 3493 2754 3738 2818; x_wconf 77' lang='lat' dir='ltr'><strong>invenie-</strong></span> 
     </span>
    </p>
   </div>
   <div class='ocr_carea' id='block_1_58' title="bbox 2152 2851 3742 2937">
    <p class='ocr_par' dir='ltr' id='par_1_58' title="bbox 2152 2851 3742 2937">
     <span class='ocr_line' id='line_1_58' title="bbox 2152 2851 3742 2937; baseline -0.013 -13"><span class='ocrx_word' id='word_1_419' title='bbox 2152 2884 2271 2924; x_wconf 87' lang='lat' dir='ltr'><strong>mus</strong></span> <span class='ocrx_word' id='word_1_420' title='bbox 2295 2867 2346 2922; x_wconf 90' lang='lat' dir='ltr'><strong>in</strong></span> <span class='ocrx_word' id='word_1_421' title='bbox 2374 2863 2696 2937; x_wconf 84' lang='lat' dir='ltr'><strong>quibusdam</strong></span> <span class='ocrx_word' id='word_1_422' title='bbox 2743 2869 2987 2917; x_wconf 80' lang='lat' dir='ltr'><strong>veterum</strong></span> <span class='ocrx_word' id='word_1_423' title='bbox 3017 2855 3278 2920; x_wconf 81' lang='lat' dir='ltr'><strong>historiis,</strong></span> <span class='ocrx_word' id='word_1_424' title='bbox 3316 2852 3464 2924; x_wconf 81' lang='lat' dir='ltr'><strong>quod</strong></span> <span class='ocrx_word' id='word_1_425' title='bbox 3501 2851 3616 2909; x_wconf 88' lang='lat' dir='ltr'><strong>duo.</strong></span> <span class='ocrx_word' id='word_1_426' title='bbox 3649 2864 3742 2920; x_wconf 85' lang='lat' dir='ltr'><strong>pa-</strong></span> 
     </span>
    </p>
   </div>
   <div class='ocr_carea' id='block_1_59' title="bbox 2153 2944 3741 3032">
    <p class='ocr_par' dir='ltr' id='par_1_59' title="bbox 2153 2944 3741 3032">
     <span class='ocr_line' id='line_1_59' title="bbox 2153 2944 3741 3032; baseline -0.013 -14"><span class='ocrx_word' id='word_1_427' title='bbox 2153 2961 2403 3018; x_wconf 71' lang='lat' dir='ltr'><strong>triarchas</strong></span> <span class='ocrx_word' id='word_1_428' title='bbox 2436 2958 2710 3032; x_wconf 86' lang='lat' dir='ltr'><strong>quondam</strong></span> <span class='ocrx_word' id='word_1_429' title='bbox 2733 2955 2786 3010; x_wconf 81' lang='lat' dir='ltr'><strong>in</strong></span> <span class='ocrx_word' id='word_1_430' title='bbox 2817 2952 3026 3010; x_wconf 78' lang='lat' dir='ltr'><strong>Christi</strong></span> <span class='ocrx_word' id='word_1_431' title='bbox 3060 2950 3158 3007; x_wconf 85' lang='lat' dir='ltr'><strong>Dei</strong></span> <span class='ocrx_word' id='word_1_432' title='bbox 3185 2949 3354 3014; x_wconf 76' lang='lat' dir='ltr'><strong>nostri</strong></span> <span class='ocrx_word' id='word_1_433' title='bbox 3385 2955 3576 3003; x_wconf 87' lang='lat' dir='ltr'><strong>sancta</strong></span> <span class='ocrx_word' id='word_1_434' title='bbox 3607 2944 3741 3000; x_wconf 84' lang='lat' dir='ltr'><strong>civi-</strong></span> 
     </span>
    </p>
   </div>
   <div class='ocr_carea' id='block_1_60' title="bbox 2156 3039 3741 3116">
    <p class='ocr_par' dir='ltr' id='par_1_60' title="bbox 2156 3039 3741 3116">
     <span class='ocr_line' id='line_1_60' title="bbox 2156 3039 3741 3116; baseline -0.013 -4"><span class='ocrx_word' id='word_1_435' title='bbox 2156 3065 2264 3112; x_wconf 90' lang='lat' dir='ltr'><strong>tatc</strong></span> <span class='ocrx_word' id='word_1_436' title='bbox 2295 3054 2420 3110; x_wconf 82' lang='lat' dir='ltr'><strong>facti</strong></span> <span class='ocrx_word' id='word_1_437' title='bbox 2448 3053 2685 3116; x_wconf 78' lang='lat' dir='ltr'><strong>fuerunt,</strong></span> <span class='ocrx_word' id='word_1_438' title='bbox 2709 3049 2805 3106; x_wconf 89' lang='lat' dir='ltr'><strong>sed</strong></span> <span class='ocrx_word' id='word_1_439' title='bbox 2829 3051 2930 3105; x_wconf 86' lang='lat' dir='ltr'><strong>hoc</strong></span> <span class='ocrx_word' id='word_1_440' title='bbox 2951 3048 3130 3103; x_wconf 85' lang='lat' dir='ltr'><strong>modo.</strong></span> <span class='ocrx_word' id='word_1_441' title='bbox 3150 3045 3292 3100; x_wconf 73' lang='lat' dir='ltr'><strong>Dicit</strong></span> <span class='ocrx_word' id='word_1_442' title='bbox 3316 3043 3480 3114; x_wconf 77' lang='lat' dir='ltr'><strong>igitur</strong></span> <span class='ocrx_word' id='word_1_443' title='bbox 3503 3039 3741 3095; x_wconf 76' lang='lat' dir='ltr'><strong>Alexan-</strong></span> 
     </span>
    </p>
   </div>
   <div class='ocr_carea' id='block_1_61' title="bbox 2153 3136 3745 3209">
    <p class='ocr_par' dir='ltr' id='par_1_61' title="bbox 2153 3136 3745 3209">
     <span class='ocr_line' id='line_1_61' title="bbox 2153 3136 3745 3209; baseline -0.011 -5"><span class='ocrx_word' id='word_1_444' title='bbox 2153 3149 2250 3204; x_wconf 83' lang='lat' dir='ltr'><strong>der</strong></span> <span class='ocrx_word' id='word_1_445' title='bbox 2280 3146 2576 3202; x_wconf 87' lang='lat' dir='ltr'><strong>monachus</strong></span> <span class='ocrx_word' id='word_1_446' title='bbox 2604 3145 2660 3199; x_wconf 87' lang='lat' dir='ltr'><strong>in</strong></span> <span class='ocrx_word' id='word_1_447' title='bbox 2681 3141 2926 3199; x_wconf 86' lang='lat' dir='ltr'><strong>historiis</strong></span> <span class='ocrx_word' id='word_1_448' title='bbox 2952 3141 3096 3204; x_wconf 88' lang='lat' dir='ltr'><strong>suis,</strong></span> <span class='ocrx_word' id='word_1_449' title='bbox 3135 3138 3263 3209; x_wconf 82' lang='lat' dir='ltr'><strong>quia</strong></span> <span class='ocrx_word' id='word_1_450' title='bbox 3313 3136 3628 3206; x_wconf 71' lang='lat' dir='ltr'><strong>trigesimus</strong></span> <span class='ocrx_word' id='word_1_451' title='bbox 3654 3147 3745 3204; x_wconf 84' lang='lat' dir='ltr'><strong>pa-</strong></span> 
     </span>
    </p>
   </div>
   <div class='ocr_carea' id='block_1_62' title="bbox 2160 3224 3742 3306">
    <p class='ocr_par' dir='ltr' id='par_1_62' title="bbox 2160 3224 3742 3306">
     <span class='ocr_line' id='line_1_62' title="bbox 2160 3224 3742 3306; baseline -0.01 -12"><span class='ocrx_word' id='word_1_452' title='bbox 2160 3239 2397 3294; x_wconf 87' lang='lat' dir='ltr'><strong>triarcha</strong></span> <span class='ocrx_word' id='word_1_453' title='bbox 2427 3235 2809 3306; x_wconf 79' lang='lat' dir='ltr'><strong>Hierosolymis</strong></span> <span class='ocrx_word' id='word_1_454' title='bbox 2835 3243 2957 3305; x_wconf 84' lang='lat' dir='ltr'><strong>post</strong></span> <span class='ocrx_word' id='word_1_455' title='bbox 2977 3231 3265 3304; x_wconf 74' lang='lat' dir='ltr'><strong>gloriosam</strong></span> <span class='ocrx_word' id='word_1_456' title='bbox 3289 3238 3346 3285; x_wconf 83' lang='lat' dir='ltr'><strong>et</strong></span> <span class='ocrx_word' id='word_1_457' title='bbox 3363 3224 3742 3284; x_wconf 79' lang='lat' dir='ltr'><strong>celebrandam</strong></span> 
     </span>
    </p>
   </div>
   <div class='ocr_carea' id='block_1_63' title="bbox 466 3300 2051 3393">
    <p class='ocr_par' dir='ltr' id='par_1_63' title="bbox 466 3300 2051 3393">
     <span class='ocr_line' id='line_1_63' title="bbox 466 3300 2051 3393; baseline -0.003 -13"><span class='ocrx_word' id='word_1_458' title='bbox 466 3339 619 3388; x_wconf 89' lang='lat' dir='ltr'><strong>mus,</strong></span> <span class='ocrx_word' id='word_1_459' title='bbox 673 3339 778 3379; x_wconf 91' lang='lat' dir='ltr'><strong>non</strong></span> <span class='ocrx_word' id='word_1_460' title='bbox 825 3331 1078 3393; x_wconf 89' lang='lat' dir='ltr'><strong>tauquam</strong></span> <span class='ocrx_word' id='word_1_461' title='bbox 1131 3321 1378 3393; x_wconf 90' lang='lat' dir='ltr'><strong>nosipsos</strong></span> <span class='ocrx_word' id='word_1_462' title='bbox 1427 3300 1716 3387; x_wconf 62' lang='lat' dir='ltr'><strong>odientes,</strong></span> <span class='ocrx_word' id='word_1_463' title='bbox 1743 3321 1916 3386; x_wconf 79' lang='lat' dir='ltr'><strong>absit,</strong></span> <span class='ocrx_word' id='word_1_464' title='bbox 1957 3319 2051 3376; x_wconf 90' lang='lat' dir='ltr'><strong>sed</strong></span> 
     </span>
    </p>
   </div>
   <div class='ocr_carea' id='block_1_64' title="bbox 2155 3300 3742 3393">
    <p class='ocr_par' dir='ltr' id='par_1_64' title="bbox 2160 3300 3742 3386">
     <span class='ocr_line' id='line_1_64' title="bbox 2160 3300 3742 3386; baseline -0.009 0"><span class='ocrx_word' id='word_1_465' title='bbox 2160 3329 2369 3386; x_wconf 70' lang='lat' dir='ltr'><strong>Donnini</strong></span> <span class='ocrx_word' id='word_1_466' title='bbox 2399 3328 2576 3385; x_wconf 82' lang='lat' dir='ltr'><strong>nostri</strong></span> <span class='ocrx_word' id='word_1_467' title='bbox 2600 3300 2728 3382; x_wconf 63' lang='lat' dir='ltr'><strong>Jesu</strong></span> <span class='ocrx_word' id='word_1_468' title='bbox 2768 3300 3002 3381; x_wconf 35' lang='lat' dir='ltr'><strong>Christi-</strong></span> <span class='ocrx_word' id='word_1_469' title='bbox 3020 3325 3092 3379; x_wconf 86' lang='lat' dir='ltr'><strong>ad</strong></span> <span class='ocrx_word' id='word_1_470' title='bbox 3117 3322 3285 3378; x_wconf 68' lang='lat' dir='ltr'><strong>cados</strong></span> <span class='ocrx_word' id='word_1_471' title='bbox 3323 3319 3706 3382; x_wconf 83' lang='lat' dir='ltr'><strong>ascensionem</strong></span> <span class='ocrx_word' id='word_1_472' title='bbox 3725 3354 3742 3384; x_wconf 96' lang='lat'><strong>,</strong></span> 
     </span>
    </p>
   </div>
   <div class='ocr_carea' id='block_1_65' title="bbox 466 3411 2054 3486">
    <p class='ocr_par' dir='ltr' id='par_1_65' title="bbox 466 3411 2054 3486">
     <span class='ocr_line' id='line_1_65' title="bbox 466 3411 2054 3486; baseline -0.006 -12"><span class='ocrx_word' id='word_1_473' title='bbox 466 3425 680 3474; x_wconf 86' lang='lat' dir='ltr'><strong>nosmet</strong></span> <span class='ocrx_word' id='word_1_474' title='bbox 708 3414 1044 3486; x_wconf 86' lang='lat' dir='ltr'><strong>dejicientes,</strong></span> <span class='ocrx_word' id='word_1_475' title='bbox 1071 3413 1420 3486; x_wconf 73' lang='lat' dir='ltr'><strong>exiguitatem</strong></span> <span class='ocrx_word' id='word_1_476' title='bbox 1453 3422 1695 3470; x_wconf 90' lang='lat' dir='ltr'><strong>nostram</strong></span> <span class='ocrx_word' id='word_1_477' title='bbox 1723 3412 1790 3466; x_wconf 92' lang='lat' dir='ltr'><strong>ad</strong></span> <span class='ocrx_word' id='word_1_478' title='bbox 1810 3411 2054 3466; x_wconf 84' lang='lat' dir='ltr'><strong>eminen-</strong></span> 
     </span>
    </p>
   </div>
   <div class='ocr_carea' id='block_1_66' title="bbox 467 3500 2054 3580">
    <p class='ocr_par' dir='ltr' id='par_1_66' title="bbox 467 3500 2054 3580">
     <span class='ocr_line' id='line_1_66' title="bbox 467 3500 2054 3580; baseline -0.006 -15"><span class='ocrx_word' id='word_1_479' title='bbox 467 3518 576 3566; x_wconf 92' lang='lat' dir='ltr'><strong>tem</strong></span> <span class='ocrx_word' id='word_1_480' title='bbox 599 3518 655 3565; x_wconf 92' lang='lat' dir='ltr'><strong>et</strong></span> <span class='ocrx_word' id='word_1_481' title='bbox 675 3508 1066 3580; x_wconf 88' lang='lat' dir='ltr'><strong>principantem</strong></span> <span class='ocrx_word' id='word_1_482' title='bbox 1087 3548 1101 3576; x_wconf 91' lang='lat'><strong>,</strong></span> <span class='ocrx_word' id='word_1_483' title='bbox 1135 3505 1199 3562; x_wconf 89' lang='lat' dir='ltr'><strong>ac</strong></span> <span class='ocrx_word' id='word_1_484' title='bbox 1227 3505 1479 3562; x_wconf 85' lang='lat' dir='ltr'><strong>omnibus</strong></span> <span class='ocrx_word' id='word_1_485' title='bbox 1506 3504 1855 3576; x_wconf 76' lang='lat' dir='ltr'><strong>dignitatibus</strong></span> <span class='ocrx_word' id='word_1_486' title='bbox 1889 3500 2054 3558; x_wconf 84' lang='lat' dir='ltr'><strong>subli-</strong></span> 
     </span>
    </p>
   </div>
   <div class='ocr_carea' id='block_1_67' title="bbox 468 3593 2057 3676">
    <p class='ocr_par' dir='ltr' id='par_1_67' title="bbox 468 3593 2057 3676">
     <span class='ocr_line' id='line_1_67' title="bbox 468 3593 2057 3676; baseline -0.003 -20"><span class='ocrx_word' id='word_1_487' title='bbox 468 3602 694 3659; x_wconf 89' lang='lat' dir='ltr'><strong>miorem</strong></span> <span class='ocrx_word' id='word_1_488' title='bbox 741 3599 1059 3676; x_wconf 77' lang='lat' dir='ltr'><strong>dignitatem</strong></span> <span class='ocrx_word' id='word_1_489' title='bbox 1110 3597 1378 3654; x_wconf 76' lang='lat' dir='ltr'><strong>veraciter</strong></span> <span class='ocrx_word' id='word_1_490' title='bbox 1426 3605 1822 3668; x_wconf 88' lang='lat' dir='ltr'><strong>comparantes.</strong></span> <span class='ocrx_word' id='word_1_491' title='bbox 1871 3593 2057 3664; x_wconf 86' lang='lat' dir='ltr'><strong>Neque</strong></span> 
     </span>
    </p>
   </div>
   <div class='ocr_carea' id='block_1_68' title="bbox 469 3675 2057 3767">
    <p class='ocr_par' dir='ltr' id='par_1_68' title="bbox 469 3675 2057 3767">
     <span class='ocr_line' id='line_1_68' title="bbox 469 3675 2057 3767; baseline -0.005 -17"><span class='ocrx_word' id='word_1_492' title='bbox 469 3694 615 3750; x_wconf 88' lang='lat' dir='ltr'><strong>enim</strong></span> <span class='ocrx_word' id='word_1_493' title='bbox 665 3693 769 3767; x_wconf 84' lang='lat' dir='ltr'><strong>hoc</strong></span> <span class='ocrx_word' id='word_1_494' title='bbox 805 3675 986 3748; x_wconf 84' lang='lat' dir='ltr'><strong>animo</strong></span> <span class='ocrx_word' id='word_1_495' title='bbox 1035 3705 1196 3764; x_wconf 83' lang='lat' dir='ltr'><strong>agere</strong></span> <span class='ocrx_word' id='word_1_496' title='bbox 1237 3699 1579 3762; x_wconf 88' lang='lat' dir='ltr'><strong>poteramus,</strong></span> <span class='ocrx_word' id='word_1_497' title='bbox 1626 3689 1728 3745; x_wconf 88' lang='lat' dir='ltr'><strong>nisi</strong></span> <span class='ocrx_word' id='word_1_498' title='bbox 1773 3675 2057 3744; x_wconf 73' lang='lat' dir='ltr'><strong>manifeSto</strong></span> 
     </span>
    </p>
   </div>
   <div class='ocr_carea' id='block_1_69' title="bbox 470 3778 2056 3863">
    <p class='ocr_par' dir='ltr' id='par_1_69' title="bbox 470 3778 2056 3863">
     <span class='ocr_line' id='line_1_69' title="bbox 470 3778 2056 3863; baseline -0.006 -21"><span class='ocrx_word' id='word_1_499' title='bbox 470 3784 909 3863; x_wconf 82' lang='lat' dir='ltr'><strong>cognovissemus</strong></span> <span class='ocrx_word' id='word_1_500' title='bbox 937 3783 990 3838; x_wconf 90' lang='lat' dir='ltr'><strong>in</strong></span> <span class='ocrx_word' id='word_1_501' title='bbox 1019 3793 1101 3848; x_wconf 90' lang='lat' dir='ltr'><strong>te,</strong></span> <span class='ocrx_word' id='word_1_502' title='bbox 1129 3783 1238 3838; x_wconf 89' lang='lat' dir='ltr'><strong>Deo</strong></span> <span class='ocrx_word' id='word_1_503' title='bbox 1264 3781 1570 3854; x_wconf 78' lang='lat' dir='ltr'><strong>gratissime</strong></span> <span class='ocrx_word' id='word_1_504' title='bbox 1600 3778 1924 3850; x_wconf 88' lang='lat' dir='ltr'><strong>imperator,</strong></span> <span class='ocrx_word' id='word_1_505' title='bbox 1955 3780 2056 3834; x_wconf 83' lang='lat' dir='ltr'><strong>ha-</strong></span> 
     </span>
    </p>
   </div>
   <div class='ocr_carea' id='block_1_70' title="bbox 470 3868 2057 3935">
    <p class='ocr_par' dir='ltr' id='par_1_70' title="bbox 470 3868 2057 3935">
     <span class='ocr_line' id='line_1_70' title="bbox 470 3868 2057 3935; baseline -0.007 0"><span class='ocrx_word' id='word_1_506' title='bbox 470 3879 645 3935; x_wconf 90' lang='lat' dir='ltr'><strong>bitare</strong></span> <span class='ocrx_word' id='word_1_507' title='bbox 671 3875 998 3931; x_wconf 86' lang='lat' dir='ltr'><strong>imitatorem</strong></span> <span class='ocrx_word' id='word_1_508' title='bbox 1030 3874 1230 3930; x_wconf 83' lang='lat' dir='ltr'><strong>Christi</strong></span> <span class='ocrx_word' id='word_1_509' title='bbox 1271 3883 1326 3929; x_wconf 91' lang='lat' dir='ltr'><strong>et</strong></span> <span class='ocrx_word' id='word_1_510' title='bbox 1375 3871 1894 3930; x_wconf 89' lang='lat' dir='ltr'><strong>condescendibilem</strong></span> <span class='ocrx_word' id='word_1_511' title='bbox 1933 3868 2057 3926; x_wconf 74' lang='lat' dir='ltr'><strong>allo-</strong></span> 
     </span>
    </p>
   </div>
   <div class='ocr_carea' id='block_1_71' title="bbox 477 3965 2061 4042">
    <p class='ocr_par' dir='ltr' id='par_1_71' title="bbox 477 3965 2061 4042">
     <span class='ocr_line' id='line_1_71' title="bbox 477 3965 2061 4042; baseline -0.007 -12"><span class='ocrx_word' id='word_1_512' title='bbox 477 3981 655 4039; x_wconf 89' lang='lat' dir='ltr'><strong>ctum,</strong></span> <span class='ocrx_word' id='word_1_513' title='bbox 687 3973 777 4042; x_wconf 89' lang='lat' dir='ltr'><strong>qui</strong></span> <span class='ocrx_word' id='word_1_514' title='bbox 821 3969 1090 4042; x_wconf 88' lang='lat' dir='ltr'><strong>quondam</strong></span> <span class='ocrx_word' id='word_1_515' title='bbox 1130 3968 1304 4023; x_wconf 65' lang='lat' dir='ltr'><strong>viduae</strong></span> <span class='ocrx_word' id='word_1_516' title='bbox 1346 3965 1451 4022; x_wconf 90' lang='lat' dir='ltr'><strong>duo</strong></span> <span class='ocrx_word' id='word_1_517' title='bbox 1476 3965 1682 4021; x_wconf 89' lang='lat' dir='ltr'><strong>minuta</strong></span> <span class='ocrx_word' id='word_1_518' title='bbox 1725 3965 1958 4040; x_wconf 80' lang='lat' dir='ltr'><strong>recepit,</strong></span> <span class='ocrx_word' id='word_1_519' title='bbox 2004 3970 2061 4019; x_wconf 87' lang='lat' dir='ltr'><strong>et</strong></span> 
     </span>
    </p>
   </div>
   <div class='ocr_carea' id='block_1_72' title="bbox 473 4057 2058 4136">
    <p class='ocr_par' dir='ltr' id='par_1_72' title="bbox 473 4057 2058 4136">
     <span class='ocr_line' id='line_1_72' title="bbox 473 4057 2058 4136; baseline -0.006 -15"><span class='ocrx_word' id='word_1_520' title='bbox 473 4065 590 4122; x_wconf 81' lang='lat' dir='ltr'><strong>haec</strong></span> <span class='ocrx_word' id='word_1_521' title='bbox 614 4061 860 4136; x_wconf 89' lang='lat' dir='ltr'><strong>pluribus</strong></span> <span class='ocrx_word' id='word_1_522' title='bbox 882 4060 1195 4118; x_wconf 88' lang='lat' dir='ltr'><strong>muneribus</strong></span> <span class='ocrx_word' id='word_1_523' title='bbox 1218 4059 1470 4131; x_wconf 82' lang='lat' dir='ltr'><strong>praetulit.</strong></span> <span class='ocrx_word' id='word_1_524' title='bbox 1500 4059 1713 4114; x_wconf 89' lang='lat' dir='ltr'><strong>Etenim</strong></span> <span class='ocrx_word' id='word_1_525' title='bbox 1745 4057 1817 4112; x_wconf 80' lang='lat' dir='ltr'><strong>ait</strong></span> <span class='ocrx_word' id='word_1_526' title='bbox 1840 4057 2058 4126; x_wconf 86' lang='lat' dir='ltr'><strong>quidam</strong></span> 
     </span>
    </p>
   </div>
   <div class='ocr_carea' id='block_1_73' title="bbox 470 4149 2061 4232">
    <p class='ocr_par' dir='ltr' id='par_1_73' title="bbox 470 4149 2061 4232">
     <span class='ocr_line' id='line_1_73' title="bbox 470 4149 2061 4232; baseline -0.004 -19"><span class='ocrx_word' id='word_1_527' title='bbox 470 4167 792 4232; x_wconf 87' lang='lat' dir='ltr'><strong>poetarum:</strong></span> <span class='ocrx_word' id='word_1_528' title='bbox 825 4155 991 4211; x_wconf 78' lang='lat' dir='ltr'><strong>Abest</strong></span> <span class='ocrx_word' id='word_1_529' title='bbox 1021 4153 1110 4210; x_wconf 89' lang='lat' dir='ltr'><strong>ille</strong></span> <span class='ocrx_word' id='word_1_530' title='bbox 1148 4165 1174 4194; x_wconf 72' lang='grc' dir='ltr'>α</span> <span class='ocrx_word' id='word_1_531' title='bbox 1214 4151 1306 4224; x_wconf 91' lang='lat' dir='ltr'><strong>qui</strong></span> <span class='ocrx_word' id='word_1_532' title='bbox 1345 4151 1689 4224; x_wconf 87' lang='lat' dir='ltr'><strong>compedibus</strong></span> <span class='ocrx_word' id='word_1_533' title='bbox 1733 4149 2061 4206; x_wconf 82' lang='lat' dir='ltr'><strong>constrictus</strong></span> 
     </span>
    </p>
   </div>
   <div class='ocr_carea' id='block_1_74' title="bbox 475 4241 2062 4316">
    <p class='ocr_par' dir='ltr' id='par_1_74' title="bbox 475 4241 2062 4316">
     <span class='ocr_line' id='line_1_74' title="bbox 475 4241 2062 4316; baseline -0.005 -11"><span class='ocrx_word' id='word_1_534' title='bbox 475 4241 600 4305; x_wconf 81' lang='lat' dir='ltr'><strong>salit</strong></span> <span class='ocrx_word' id='word_1_535' title='bbox 637 4250 704 4306; x_wconf 89' lang='lat' dir='ltr'><strong>ad</strong></span> <span class='ocrx_word' id='word_1_536' title='bbox 753 4249 1044 4313; x_wconf 91' lang='lat' dir='ltr'><strong>terminos,</strong></span> <span class='ocrx_word' id='word_1_537' title='bbox 1078 4245 1274 4316; x_wconf 90' lang='lat' dir='ltr'><strong>equitis</strong></span> <span class='ocrx_word' id='word_1_538' title='bbox 1301 4259 1485 4310; x_wconf 89' lang='lat' dir='ltr'><strong>more,</strong></span> <span class='ocrx_word' id='word_1_539' title='bbox 1525 4257 1904 4313; x_wconf 90' lang='lat' dir='ltr'><strong>summumque</strong></span> <span class='ocrx_word' id='word_1_540' title='bbox 1942 4242 2062 4298; x_wconf 83' lang='lat' dir='ltr'><strong>dili-</strong></span> 
     </span>
    </p>
   </div>
   <div class='ocr_carea' id='block_1_75' title="bbox 475 4336 2063 4414">
    <p class='ocr_par' dir='ltr' id='par_1_75' title="bbox 475 4336 2063 4414">
     <span class='ocr_line' id='line_1_75' title="bbox 475 4336 2063 4414; baseline -0.003 -16"><span class='ocrx_word' id='word_1_541' title='bbox 475 4358 637 4414; x_wconf 77' lang='lat' dir='ltr'><strong>gens,</strong></span> <span class='ocrx_word' id='word_1_542' title='bbox 686 4343 776 4397; x_wconf 92' lang='lat' dir='ltr'><strong>vix</strong></span> <span class='ocrx_word' id='word_1_543' title='bbox 825 4339 1030 4410; x_wconf 74' lang='lat' dir='ltr'><strong>reiicit,</strong></span> <span class='ocrx_word' id='word_1_544' title='bbox 1089 4340 1348 4395; x_wconf 88' lang='lat' dir='ltr'><strong>audacter</strong></span> <span class='ocrx_word' id='word_1_545' title='bbox 1393 4336 1668 4394; x_wconf 87' lang='lat' dir='ltr'><strong>cxsiliens.</strong></span> <span class='ocrx_word' id='word_1_546' title='bbox 1726 4336 1803 4392; x_wconf 82' lang='lat' dir='ltr'><strong>De</strong></span> <span class='ocrx_word' id='word_1_547' title='bbox 1856 4337 2063 4394; x_wconf 86' lang='lat' dir='ltr'><strong>duobus</strong></span> 
     </span>
    </p>
   </div>
   <div class='ocr_carea' id='block_1_76' title="bbox 476 4431 2064 4506">
    <p class='ocr_par' dir='ltr' id='par_1_76' title="bbox 476 4431 2064 4506">
     <span class='ocr_line' id='line_1_76' title="bbox 476 4431 2064 4506; baseline -0.002 -16"><span class='ocrx_word' id='word_1_548' title='bbox 476 4444 657 4492; x_wconf 88' lang='lat' dir='ltr'><strong>autem</strong></span> <span class='ocrx_word' id='word_1_549' title='bbox 688 4434 1012 4506; x_wconf 89' lang='lat' dir='ltr'><strong>patriarchis</strong></span> <span class='ocrx_word' id='word_1_550' title='bbox 1032 4473 1046 4500; x_wconf 96' lang='lat'><strong>,</strong></span> <span class='ocrx_word' id='word_1_551' title='bbox 1077 4431 1292 4488; x_wconf 88' lang='lat' dir='ltr'><strong>domine</strong></span> <span class='ocrx_word' id='word_1_552' title='bbox 1314 4431 1592 4504; x_wconf 81' lang='lat' dir='ltr'><strong>princeps,</strong></span> <span class='ocrx_word' id='word_1_553' title='bbox 1628 4438 1682 4485; x_wconf 91' lang='lat' dir='ltr'><strong>et</strong></span> <span class='ocrx_word' id='word_1_554' title='bbox 1710 4431 2003 4503; x_wconf 87' lang='lat' dir='ltr'><strong>imperator</strong></span> <span class='ocrx_word' id='word_1_555' title='bbox 2031 4446 2064 4487; x_wconf 87' lang='lat' dir='ltr'><strong>a</strong></span> 
     </span>
    </p>
   </div>
   <div class='ocr_carea' id='block_1_77' title="bbox 478 4525 2059 4599">
    <p class='ocr_par' dir='ltr' id='par_1_77' title="bbox 478 4525 2059 4599">
     <span class='ocr_line' id='line_1_77' title="bbox 478 4525 2059 4599; baseline -0.003 -13"><span class='ocrx_word' id='word_1_556' title='bbox 478 4529 590 4586; x_wconf 88' lang='lat' dir='ltr'><strong>Deo</strong></span> <span class='ocrx_word' id='word_1_557' title='bbox 667 4527 977 4599; x_wconf 82' lang='lat' dir='ltr'><strong>dirigende,</strong></span> <span class='ocrx_word' id='word_1_558' title='bbox 1053 4527 1106 4582; x_wconf 90' lang='lat' dir='ltr'><strong>in</strong></span> <span class='ocrx_word' id='word_1_559' title='bbox 1189 4541 1296 4581; x_wconf 88' lang='lat' dir='ltr'><strong>una</strong></span> <span class='ocrx_word' id='word_1_560' title='bbox 1368 4525 1527 4591; x_wconf 86' lang='lat' dir='ltr'><strong>sede,</strong></span> <span class='ocrx_word' id='word_1_561' title='bbox 1598 4539 1706 4580; x_wconf 91' lang='lat' dir='ltr'><strong>uno</strong></span> <span class='ocrx_word' id='word_1_562' title='bbox 1788 4531 2059 4595; x_wconf 86' lang='lat' dir='ltr'><strong>tempore,</strong></span> 
     </span>
    </p>
   </div>
   <div class='ocr_carea' id='block_1_78' title="bbox 478 4615 2064 4690">
    <p class='ocr_par' dir='ltr' id='par_1_78' title="bbox 478 4615 2064 4690">
     <span class='ocr_line' id='line_1_78' title="bbox 478 4615 2064 4690; baseline -0.006 -10"><span class='ocrx_word' id='word_1_563' title='bbox 478 4623 618 4680; x_wconf 88' lang='lat' dir='ltr'><strong>bene</strong></span> <span class='ocrx_word' id='word_1_564' title='bbox 667 4623 816 4678; x_wconf 84' lang='lat' dir='ltr'><strong>novit</strong></span> <span class='ocrx_word' id='word_1_565' title='bbox 861 4638 893 4675; x_wconf 92' lang='lat' dir='ltr'><strong>a</strong></span> <span class='ocrx_word' id='word_1_566' title='bbox 937 4621 1046 4676; x_wconf 89' lang='lat' dir='ltr'><strong>Deo</strong></span> <span class='ocrx_word' id='word_1_567' title='bbox 1092 4627 1346 4690; x_wconf 87' lang='lat' dir='ltr'><strong>provecta</strong></span> <span class='ocrx_word' id='word_1_568' title='bbox 1392 4617 1564 4688; x_wconf 89' lang='lat' dir='ltr'><strong>pietas</strong></span> <span class='ocrx_word' id='word_1_569' title='bbox 1605 4626 1728 4683; x_wconf 88' lang='lat' dir='ltr'><strong>tua,</strong></span> <span class='ocrx_word' id='word_1_570' title='bbox 1777 4615 1918 4686; x_wconf 90' lang='lat' dir='ltr'><strong>quod</strong></span> <span class='ocrx_word' id='word_1_571' title='bbox 1965 4616 2064 4670; x_wconf 83' lang='lat' dir='ltr'><strong>im-</strong></span> 
     </span>
    </p>
   </div>
   <div class='ocr_carea' id='block_1_79' title="bbox 454 4709 2064 4788">
    <p class='ocr_par' dir='ltr' id='par_1_79' title="bbox 454 4709 2064 4788">
     <span class='ocr_line' id='line_1_79' title="bbox 454 4709 2064 4788; baseline -0.006 -15"><span class='ocrx_word' id='word_1_572' title='bbox 454 4715 738 4788; x_wconf 79' lang='lat' dir='ltr'><strong>possibile</strong></span> <span class='ocrx_word' id='word_1_573' title='bbox 798 4715 871 4772; x_wconf 84' lang='lat' dir='ltr'><strong>sit</strong></span> <span class='ocrx_word' id='word_1_574' title='bbox 936 4714 1193 4780; x_wconf 85' lang='lat' dir='ltr'><strong>mittere,</strong></span> <span class='ocrx_word' id='word_1_575' title='bbox 1272 4721 1330 4774; x_wconf 80' lang='lat' dir='ltr'><strong>et</strong></span> <span class='ocrx_word' id='word_1_576' title='bbox 1381 4710 1762 4782; x_wconf 73' lang='lat' dir='ltr'><strong>corporalibus</strong></span> <span class='ocrx_word' id='word_1_577' title='bbox 1820 4709 2064 4777; x_wconf 71' lang='lat' dir='ltr'><strong>terminis</strong></span> 
     </span>
    </p>
   </div>
   <div class='ocr_carea' id='block_1_80' title="bbox 480 4801 2062 4876">
    <p class='ocr_par' dir='ltr' id='par_1_80' title="bbox 480 4801 2062 4876">
     <span class='ocr_line' id='line_1_80' title="bbox 480 4801 2062 4876; baseline -0.006 -11"><span class='ocrx_word' id='word_1_578' title='bbox 480 4817 780 4876; x_wconf 90' lang='lat' dir='ltr'><strong>remotum,</strong></span> <span class='ocrx_word' id='word_1_579' title='bbox 833 4808 1143 4865; x_wconf 85' lang='lat' dir='ltr'><strong>discernere</strong></span> <span class='ocrx_word' id='word_1_580' title='bbox 1207 4813 1418 4860; x_wconf 89' lang='lat' dir='ltr'><strong>tantum</strong></span> <span class='ocrx_word' id='word_1_581' title='bbox 1475 4819 1540 4860; x_wconf 91' lang='lat' dir='ltr'><strong>ac</strong></span> <span class='ocrx_word' id='word_1_582' title='bbox 1597 4803 1701 4858; x_wconf 89' lang='lat' dir='ltr'><strong>tale</strong></span> <span class='ocrx_word' id='word_1_583' title='bbox 1750 4801 2062 4872; x_wconf 73' lang='lat' dir='ltr'><strong>negotium,</strong></span> 
     </span>
    </p>
   </div>
   <div class='ocr_carea' id='block_1_81' title="bbox 481 4894 2059 4972">
    <p class='ocr_par' dir='ltr' id='par_1_81' title="bbox 481 4894 2059 4972">
     <span class='ocr_line' id='line_1_81' title="bbox 481 4894 2059 4972; baseline -0.01 -12"><span class='ocrx_word' id='word_1_584' title='bbox 481 4920 605 4960; x_wconf 90' lang='lat' dir='ltr'><strong>cum</strong></span> <span class='ocrx_word' id='word_1_585' title='bbox 671 4903 903 4971; x_wconf 82' lang='lat' dir='ltr'><strong>invisum</strong></span> <span class='ocrx_word' id='word_1_586' title='bbox 961 4901 1036 4967; x_wconf 85' lang='lat' dir='ltr'><strong>sit</strong></span> <span class='ocrx_word' id='word_1_587' title='bbox 1092 4907 1154 4968; x_wconf 86' lang='lat' dir='ltr'><strong>et</strong></span> <span class='ocrx_word' id='word_1_588' title='bbox 1202 4907 1464 4970; x_wconf 66' lang='lat' dir='ltr'><strong>tanquam</strong></span> <span class='ocrx_word' id='word_1_589' title='bbox 1511 4894 1753 4970; x_wconf 79' lang='lat' dir='ltr'><strong>clanculo</strong></span> <span class='ocrx_word' id='word_1_590' title='bbox 1817 4904 2059 4972; x_wconf 74' lang='lat' dir='ltr'><strong>gestum,</strong></span> 
     </span>
    </p>
   </div>
   <div class='ocr_carea' id='block_1_82' title="bbox 484 4984 2065 5068">
    <p class='ocr_par' dir='ltr' id='par_1_82' title="bbox 484 4984 2065 5068">
     <span class='ocr_line' id='line_1_82' title="bbox 484 4984 2065 5068; baseline -0.009 -16"><span class='ocrx_word' id='word_1_591' title='bbox 484 4997 643 5066; x_wconf 88' lang='lat' dir='ltr'><strong>idque</strong></span> <span class='ocrx_word' id='word_1_592' title='bbox 693 5009 1033 5068; x_wconf 87' lang='lat' dir='ltr'><strong>nequaquam</strong></span> <span class='ocrx_word' id='word_1_593' title='bbox 1086 4991 1288 5049; x_wconf 88' lang='lat' dir='ltr'><strong>sciatur</strong></span> <span class='ocrx_word' id='word_1_594' title='bbox 1337 5005 1368 5044; x_wconf 90' lang='lat' dir='ltr'><strong>a</strong></span> <span class='ocrx_word' id='word_1_595' title='bbox 1423 4989 1614 5054; x_wconf 90' lang='lat' dir='ltr'><strong>nobis,</strong></span> <span class='ocrx_word' id='word_1_596' title='bbox 1664 4986 1758 5042; x_wconf 89' lang='lat' dir='ltr'><strong>sed</strong></span> <span class='ocrx_word' id='word_1_597' title='bbox 1808 5000 1909 5040; x_wconf 91' lang='lat' dir='ltr'><strong>nec</strong></span> <span class='ocrx_word' id='word_1_598' title='bbox 1956 4984 2065 5054; x_wconf 87' lang='lat' dir='ltr'><strong>pri-</strong></span> 
     </span>
    </p>
   </div>
   <div class='ocr_carea' id='block_1_83' title="bbox 555 5120 2067 5198">
    <p class='ocr_par' dir='ltr' id='par_1_83' title="bbox 555 5120 2067 5198">
     <span class='ocr_line' id='line_1_83' title="bbox 555 5120 2067 5198; baseline -0.007 -14"><span class='ocrx_word' id='word_1_599' title='bbox 555 5143 582 5172; x_wconf 78' lang='grc' dir='ltr'>ι</span> <span class='ocrx_word' id='word_1_600' title='bbox 617 5131 792 5198; x_wconf 81' lang='lat' dir='ltr'><strong>Abest,</strong></span> <span class='ocrx_word' id='word_1_601' title='bbox 823 5131 932 5186; x_wconf 82' lang='lat' dir='ltr'><strong>ille.</strong></span> <span class='ocrx_word' id='word_1_602' title='bbox 969 5131 1033 5186; x_wconf 84' lang='lat' dir='ltr'><strong>Hi</strong></span> <span class='ocrx_word' id='word_1_603' title='bbox 1061 5142 1250 5183; x_wconf 88' lang='lat' dir='ltr'><strong>versus</strong></span> <span class='ocrx_word' id='word_1_604' title='bbox 1278 5133 1402 5180; x_wconf 89' lang='lat' dir='ltr'><strong>sunt</strong></span> <span class='ocrx_word' id='word_1_605' title='bbox 1431 5120 2067 5198; x_wconf 28' lang='lat' dir='ltr'><strong>apudAGrtecosquortttn</strong></span> 
     </span>
    </p>
   </div>
   <div class='ocr_carea' id='block_1_84' title="bbox 487 5189 2064 5272">
    <p class='ocr_par' dir='ltr' id='par_1_84' title="bbox 487 5189 2064 5272">
     <span class='ocr_line' id='line_1_84' title="bbox 487 5189 2064 5272; baseline -0.008 -16"><span class='ocrx_word' id='word_1_606' title='bbox 487 5212 748 5272; x_wconf 88' lang='lat' dir='ltr'><strong>quantum</strong></span> <span class='ocrx_word' id='word_1_607' title='bbox 779 5189 853 5259; x_wconf 78' lang='lat' dir='ltr'><strong>ex</strong></span> <span class='ocrx_word' id='word_1_608' title='bbox 890 5199 1293 5258; x_wconf 86' lang='lat' dir='ltr'><strong>circumstantia</strong></span> <span class='ocrx_word' id='word_1_609' title='bbox 1333 5189 1597 5264; x_wconf 76' lang='lat' dir='ltr'><strong>superiori</strong></span> <span class='ocrx_word' id='word_1_610' title='bbox 1623 5193 1792 5272; x_wconf 73' lang='lat' dir='ltr'><strong>datur</strong></span> <span class='ocrx_word' id='word_1_611' title='bbox 1823 5189 2064 5272; x_wconf 68' lang='lat' dir='ltr'><strong>intelligi,</strong></span> 
     </span>
    </p>
   </div>
   <div class='ocr_carea' id='block_1_85' title="bbox 487 5262 2070 5338">
    <p class='ocr_par' dir='ltr' id='par_1_85' title="bbox 487 5262 2070 5338">
     <span class='ocr_line' id='line_1_85' title="bbox 487 5262 2070 5338; baseline -0.011 -8"><span class='ocrx_word' id='word_1_612' title='bbox 487 5262 592 5330; x_wconf 66' lang='lat' dir='ltr'><strong>iste</strong></span> <span class='ocrx_word' id='word_1_613' title='bbox 609 5283 694 5330; x_wconf 89' lang='lat' dir='ltr'><strong>est</strong></span> <span class='ocrx_word' id='word_1_614' title='bbox 711 5289 904 5334; x_wconf 88' lang='lat' dir='ltr'><strong>sensus</strong></span> <span class='ocrx_word' id='word_1_615' title='bbox 925 5288 1133 5335; x_wconf 90' lang='lat' dir='ltr'><strong>eorum,</strong></span> <span class='ocrx_word' id='word_1_616' title='bbox 1155 5283 1219 5321; x_wconf 84' lang='lat' dir='ltr'><strong>ex</strong></span> <span class='ocrx_word' id='word_1_617' title='bbox 1243 5262 1477 5338; x_wconf 77' lang='lat' dir='ltr'><strong>persona</strong></span> <span class='ocrx_word' id='word_1_618' title='bbox 1501 5262 2070 5338; x_wconf 66' lang='lat' dir='ltr'><strong>patriarcliai__Alexan-</strong></span> 
     </span>
    </p>
   </div>
   <div class='ocr_carea' id='block_1_86' title="bbox 489 5332 2066 5404">
    <p class='ocr_par' dir='ltr' id='par_1_86' title="bbox 489 5332 2066 5404">
     <span class='ocr_line' id='line_1_86' title="bbox 489 5332 2066 5404; baseline -0.01 -5"><span class='ocrx_word' id='word_1_619' title='bbox 489 5345 628 5399; x_wconf 82' lang='lat' dir='ltr'><strong>drini</strong></span> <span class='ocrx_word' id='word_1_620' title='bbox 673 5332 812 5399; x_wconf 87' lang='lat' dir='ltr'><strong>inter</strong></span> <span class='ocrx_word' id='word_1_621' title='bbox 839 5332 1144 5397; x_wconf 84' lang='lat' dir='ltr'><strong>Saracenos</strong></span> <span class='ocrx_word' id='word_1_622' title='bbox 1178 5332 1460 5392; x_wconf 80' lang='lat' dir='ltr'><strong>constituti</strong></span> <span class='ocrx_word' id='word_1_623' title='bbox 1489 5332 1730 5404; x_wconf 87' lang='lat' dir='ltr'><strong>prolatus</strong></span> <span class='ocrx_word' id='word_1_624' title='bbox 1750 5373 1764 5398; x_wconf 97' lang='lat'><strong>,</strong></span> <span class='ocrx_word' id='word_1_625' title='bbox 1796 5332 1956 5399; x_wconf 82' lang='lat' dir='ltr'><strong>dicit,</strong></span> <span class='ocrx_word' id='word_1_626' title='bbox 1989 5338 2066 5394; x_wconf 84' lang='lat' dir='ltr'><strong>ut,</strong></span> 
     </span>
    </p>
   </div>
   <div class='ocr_carea' id='block_1_87' title="bbox 489 5405 2068 5485">
    <p class='ocr_par' dir='ltr' id='par_1_87' title="bbox 489 5405 2068 5485">
     <span class='ocr_line' id='line_1_87' title="bbox 489 5405 2068 5485; baseline -0.011 -14"><span class='ocrx_word' id='word_1_627' title='bbox 489 5416 690 5485; x_wconf 84' lang='lat' dir='ltr'><strong>inquit,</strong></span> <span class='ocrx_word' id='word_1_628' title='bbox 741 5416 864 5480; x_wconf 88' lang='lat' dir='ltr'><strong>ille,</strong></span> <span class='ocrx_word' id='word_1_629' title='bbox 899 5413 989 5482; x_wconf 86' lang='lat' dir='ltr'><strong>qui</strong></span> <span class='ocrx_word' id='word_1_630' title='bbox 1025 5407 1372 5485; x_wconf 76' lang='lat' dir='ltr'><strong>compedibus</strong></span> <span class='ocrx_word' id='word_1_631' title='bbox 1413 5405 1740 5485; x_wconf 79' lang='lat' dir='ltr'><strong>constrictus</strong></span> <span class='ocrx_word' id='word_1_632' title='bbox 1775 5411 2068 5485; x_wconf 60' lang='grc' dir='ltr'><strong>υιουιιιμξε,</strong></span> 
     </span>
    </p>
   </div>
   <div class='ocr_carea' id='block_1_88' title="bbox 559 5470 2070 5588">
    <p class='ocr_par' dir='ltr' id='par_1_88' title="bbox 559 5470 2070 5588">
     <span class='ocr_line' id='line_1_88' title="bbox 559 5470 2070 5588; baseline 0.04 -103"><span class='ocrx_word' id='word_1_633' title='bbox 559 5470 579 5504; x_wconf 75' lang='lat'><strong>_.</strong></span> <span class='ocrx_word' id='word_1_634' title='bbox 679 5470 702 5501; x_wconf 70' lang='grc' dir='ltr'><em>ι,</em></span> <span class='ocrx_word' id='word_1_635' title='bbox 813 5470 947 5508; x_wconf 35' lang='grc' dir='ltr'><strong>θῖν’.</strong></span> <span class='ocrx_word' id='word_1_636' title='bbox 987 5483 1100 5514; x_wconf 49' lang='grc' dir='ltr'>καις·</span> <span class='ocrx_word' id='word_1_637' title='bbox 1149 5470 1198 5520; x_wconf 58' lang='lat' dir='ltr'><strong>BI</strong></span> <span class='ocrx_word' id='word_1_638' title='bbox 1229 5492 1391 5531; x_wconf 80' lang='lat' dir='ltr'><strong>suora</strong></span> <span class='ocrx_word' id='word_1_639' title='bbox 1415 5476 1556 5559; x_wconf 69' lang='lat' dir='ltr'><strong>vires</strong></span> <span class='ocrx_word' id='word_1_640' title='bbox 1587 5475 1745 5555; x_wconf 69' lang='lat' dir='ltr'><strong>repit,</strong></span> <span class='ocrx_word' id='word_1_641' title='bbox 1774 5489 1938 5542; x_wconf 71' lang='grc' dir='ltr'><strong>ραυθε</strong></span> <span class='ocrx_word' id='word_1_642' title='bbox 1959 5470 2070 5588; x_wconf 59' lang='lat' dir='ltr'><strong>dir&quot;</strong></span> 
     </span>
     <span class='ocr_line' id='line_1_89' title="bbox 1736 5544 2070 5588; baseline 0.006 -2"><span class='ocrx_word' id='word_1_643' title='bbox 1736 5562 1747 5574; x_wconf 76' lang='grc' dir='ltr'><strong>ι</strong></span> <span class='ocrx_word' id='word_1_644' title='bbox 1777 5544 2001 5588; x_wconf 71' lang='grc' dir='ltr'><strong>οιιῖιιιὶιίη</strong></span> <span class='ocrx_word' id='word_1_645' title='bbox 2025 5557 2070 5588; x_wconf 75' lang='lat' dir='ltr'><strong>m</strong></span> 
     </span>
    </p>
   </div>
   <div class='ocr_carea' id='block_1_89' title="bbox 1479 5544 2070 5588">
    <p class='ocr_par' dir='ltr' id='par_1_89' title="bbox 1479 5544 2070 5588">
     <span class='ocr_line' id='line_1_90' title="bbox 1479 5544 2070 5588; baseline -0.003 2"><span class='ocrx_word' id='word_1_646' title='bbox 1479 5547 1508 5559; x_wconf 88' lang='grc'>”</span> <span class='ocrx_word' id='word_1_647' title='bbox 1599 5544 1661 5555; x_wconf 16' lang='grc' dir='ltr'><strong>’ἡ</strong></span> <span class='ocrx_word' id='word_1_648' title='bbox 1736 5544 2070 5588; x_wconf 68' lang='grc' dir='ltr'><strong>ὀιιῖιιιὶιίοιιὩ</strong></span> 
     </span>
    </p>
   </div>
   <div class='ocr_carea' id='block_1_90' title="bbox 2091 4676 2142 4736">
    <p class='ocr_par' dir='ltr' id='par_1_90' title="bbox 2091 4676 2142 4736">
     <span class='ocr_line' id='line_1_91' title="bbox 2091 4676 2142 4736; baseline 0 0"><span class='ocrx_word' id='word_1_649' title='bbox 2091 4676 2142 4736; x_wconf 91' lang='lat' dir='ltr'>D</span> 
     </span>
    </p>
   </div>
   <div class='ocr_carea' id='block_1_91' title="bbox 2157 3411 3746 3488">
    <p class='ocr_par' dir='ltr' id='par_1_91' title="bbox 2157 3411 3746 3488">
     <span class='ocr_line' id='line_1_92' title="bbox 2157 3411 3746 3488; baseline -0.009 -10"><span class='ocrx_word' id='word_1_650' title='bbox 2157 3423 2440 3478; x_wconf 79' lang='lat' dir='ltr'><strong>Narcissus</strong></span> <span class='ocrx_word' id='word_1_651' title='bbox 2462 3421 2787 3484; x_wconf 81' lang='lat' dir='ltr'><strong>vocabatur,</strong></span> <span class='ocrx_word' id='word_1_652' title='bbox 2823 3417 3112 3488; x_wconf 78' lang='lat' dir='ltr'><strong>apostolica</strong></span> <span class='ocrx_word' id='word_1_653' title='bbox 3141 3415 3312 3487; x_wconf 80' lang='lat' dir='ltr'><strong>gratia</strong></span> <span class='ocrx_word' id='word_1_654' title='bbox 3341 3411 3658 3484; x_wconf 88' lang='lat' dir='ltr'><strong>splendens,</strong></span> <span class='ocrx_word' id='word_1_655' title='bbox 3691 3417 3746 3464; x_wconf 90' lang='lat' dir='ltr'><strong>et</strong></span> 
     </span>
    </p>
   </div>
   <div class='ocr_carea' id='block_1_92' title="bbox 2155 3507 3746 3590">
    <p class='ocr_par' dir='ltr' id='par_1_92' title="bbox 2155 3507 3746 3590">
     <span class='ocr_line' id='line_1_93' title="bbox 2155 3507 3746 3590; baseline -0.009 -17"><span class='ocrx_word' id='word_1_656' title='bbox 2155 3515 2321 3590; x_wconf 86' lang='lat' dir='ltr'><strong>quicti</strong></span> <span class='ocrx_word' id='word_1_657' title='bbox 2370 3514 2624 3580; x_wconf 88' lang='lat' dir='ltr'><strong>studens,</strong></span> <span class='ocrx_word' id='word_1_658' title='bbox 2670 3527 2951 3569; x_wconf 87' lang='lat' dir='ltr'><strong>sacrorum</strong></span> <span class='ocrx_word' id='word_1_659' title='bbox 2999 3508 3292 3581; x_wconf 70' lang='lat' dir='ltr'><strong>pratsulatu</strong></span> <span class='ocrx_word' id='word_1_660' title='bbox 3342 3507 3572 3571; x_wconf 85' lang='lat' dir='ltr'><strong>relicto,</strong></span> <span class='ocrx_word' id='word_1_661' title='bbox 3603 3517 3746 3559; x_wconf 85' lang='lat' dir='ltr'><strong>anno</strong></span> 
     </span>
    </p>
   </div>
   <div class='ocr_carea' id='block_1_93' title="bbox 2157 3597 3748 3677">
    <p class='ocr_par' dir='ltr' id='par_1_93' title="bbox 2157 3597 3748 3677">
     <span class='ocr_line' id='line_1_94' title="bbox 2157 3597 3748 3677; baseline -0.008 -12"><span class='ocrx_word' id='word_1_662' title='bbox 2157 3608 2474 3665; x_wconf 85' lang='lat' dir='ltr'><strong>duodecimo</strong></span> <span class='ocrx_word' id='word_1_663' title='bbox 2503 3607 2586 3663; x_wconf 90' lang='lat' dir='ltr'><strong>sui</strong></span> <span class='ocrx_word' id='word_1_664' title='bbox 2616 3605 3018 3677; x_wconf 79' lang='lat' dir='ltr'><strong>patriarchatus</strong></span> <span class='ocrx_word' id='word_1_665' title='bbox 3058 3602 3125 3658; x_wconf 88' lang='lat' dir='ltr'><strong>ad</strong></span> <span class='ocrx_word' id='word_1_666' title='bbox 3148 3600 3265 3656; x_wconf 86' lang='lat' dir='ltr'><strong>loca</strong></span> <span class='ocrx_word' id='word_1_667' title='bbox 3309 3597 3554 3669; x_wconf 72' lang='lat' dir='ltr'><strong>confugit</strong></span> <span class='ocrx_word' id='word_1_668' title='bbox 3598 3597 3748 3652; x_wconf 83' lang='lat' dir='ltr'><strong>inco-</strong></span> 
     </span>
    </p>
   </div>
   <div class='ocr_carea' id='block_1_94' title="bbox 2158 3689 3749 3775">
    <p class='ocr_par' dir='ltr' id='par_1_94' title="bbox 2158 3689 3749 3775">
     <span class='ocr_line' id='line_1_95' title="bbox 2158 3689 3749 3775; baseline -0.008 -19"><span class='ocrx_word' id='word_1_669' title='bbox 2158 3703 2306 3775; x_wconf 85' lang='lat' dir='ltr'><strong>gnita</strong></span> <span class='ocrx_word' id='word_1_670' title='bbox 2332 3715 2347 3755; x_wconf 91' lang='lat'><strong>:</strong></span> <span class='ocrx_word' id='word_1_671' title='bbox 2388 3701 2480 3757; x_wconf 90' lang='lat' dir='ltr'><strong>sed</strong></span> <span class='ocrx_word' id='word_1_672' title='bbox 2508 3698 2734 3771; x_wconf 81' lang='lat' dir='ltr'><strong>quaesito</strong></span> <span class='ocrx_word' id='word_1_673' title='bbox 2757 3712 2787 3752; x_wconf 89' lang='lat' dir='ltr'><strong>a</strong></span> <span class='ocrx_word' id='word_1_674' title='bbox 2813 3696 3030 3768; x_wconf 87' lang='lat' dir='ltr'><strong>populo,</strong></span> <span class='ocrx_word' id='word_1_675' title='bbox 3057 3705 3116 3750; x_wconf 88' lang='lat' dir='ltr'><strong>et</strong></span> <span class='ocrx_word' id='word_1_676' title='bbox 3140 3701 3428 3764; x_wconf 89' lang='lat' dir='ltr'><strong>potestate,</strong></span> <span class='ocrx_word' id='word_1_677' title='bbox 3451 3705 3517 3745; x_wconf 88' lang='lat' dir='ltr'><strong>ac</strong></span> <span class='ocrx_word' id='word_1_678' title='bbox 3536 3689 3749 3760; x_wconf 86' lang='lat' dir='ltr'><strong>episeo-</strong></span> 
     </span>
    </p>
   </div>
   <div class='ocr_carea' id='block_1_95' title="bbox 2157 3784 3747 3865">
    <p class='ocr_par' dir='ltr' id='par_1_95' title="bbox 2157 3784 3747 3865">
     <span class='ocr_line' id='line_1_96' title="bbox 2157 3784 3747 3865; baseline -0.008 -18"><span class='ocrx_word' id='word_1_679' title='bbox 2157 3794 2241 3865; x_wconf 87' lang='lat' dir='ltr'><strong>pis</strong></span> <span class='ocrx_word' id='word_1_680' title='bbox 2264 3791 2586 3864; x_wconf 68' lang='lat' dir='ltr'><strong>provinciae,</strong></span> <span class='ocrx_word' id='word_1_681' title='bbox 2612 3806 2717 3847; x_wconf 87' lang='lat' dir='ltr'><strong>nec</strong></span> <span class='ocrx_word' id='word_1_682' title='bbox 2762 3797 2941 3844; x_wconf 89' lang='lat' dir='ltr'><strong>tamen</strong></span> <span class='ocrx_word' id='word_1_683' title='bbox 2981 3787 3216 3852; x_wconf 86' lang='lat' dir='ltr'><strong>invento,</strong></span> <span class='ocrx_word' id='word_1_684' title='bbox 3247 3799 3346 3856; x_wconf 85' lang='lat' dir='ltr'><strong>pro</strong></span> <span class='ocrx_word' id='word_1_685' title='bbox 3395 3784 3514 3854; x_wconf 86' lang='lat' dir='ltr'><strong>ipso</strong></span> <span class='ocrx_word' id='word_1_686' title='bbox 3548 3797 3747 3853; x_wconf 85' lang='lat' dir='ltr'><strong>prove-</strong></span> 
     </span>
    </p>
   </div>
   <div class='ocr_carea' id='block_1_96' title="bbox 2160 3872 3748 3954">
    <p class='ocr_par' dir='ltr' id='par_1_96' title="bbox 2160 3872 3748 3954">
     <span class='ocr_line' id='line_1_97' title="bbox 2160 3872 3748 3954; baseline -0.008 -15"><span class='ocrx_word' id='word_1_687' title='bbox 2160 3885 2308 3940; x_wconf 86' lang='lat' dir='ltr'><strong>hitur</strong></span> <span class='ocrx_word' id='word_1_688' title='bbox 2335 3881 2472 3938; x_wconf 91' lang='lat' dir='ltr'><strong>alius</strong></span> <span class='ocrx_word' id='word_1_689' title='bbox 2507 3881 2840 3954; x_wconf 77' lang='lat' dir='ltr'><strong>patriarcha,</strong></span> <span class='ocrx_word' id='word_1_690' title='bbox 2869 3879 2961 3949; x_wconf 87' lang='lat' dir='ltr'><strong>qui</strong></span> <span class='ocrx_word' id='word_1_691' title='bbox 2987 3878 3285 3934; x_wconf 82' lang='lat' dir='ltr'><strong>vocabatur</strong></span> <span class='ocrx_word' id='word_1_692' title='bbox 3307 3874 3473 3940; x_wconf 81' lang='lat' dir='ltr'><strong>Dius,</strong></span> <span class='ocrx_word' id='word_1_693' title='bbox 3502 3872 3600 3943; x_wconf 89' lang='lat' dir='ltr'><strong>qui</strong></span> <span class='ocrx_word' id='word_1_694' title='bbox 3625 3879 3748 3928; x_wconf 90' lang='lat' dir='ltr'><strong>octo</strong></span> 
     </span>
    </p>
   </div>
   <div class='ocr_carea' id='block_1_97' title="bbox 2161 3967 3750 4042">
    <p class='ocr_par' dir='ltr' id='par_1_97' title="bbox 2161 3967 3750 4042">
     <span class='ocr_line' id='line_1_98' title="bbox 2161 3967 3750 4042; baseline -0.008 -9"><span class='ocrx_word' id='word_1_695' title='bbox 2161 3978 2318 4033; x_wconf 89' lang='lat' dir='ltr'><strong>annis</strong></span> <span class='ocrx_word' id='word_1_696' title='bbox 2352 3977 2574 4042; x_wconf 89' lang='lat' dir='ltr'><strong>vivens,</strong></span> <span class='ocrx_word' id='word_1_697' title='bbox 2626 3975 2680 4031; x_wconf 95' lang='lat' dir='ltr'><strong>in</strong></span> <span class='ocrx_word' id='word_1_698' title='bbox 2711 3974 2929 4031; x_wconf 86' lang='lat' dir='ltr'><strong>Christo</strong></span> <span class='ocrx_word' id='word_1_699' title='bbox 2966 3971 3250 4031; x_wconf 71' lang='lat' dir='ltr'><strong>defunctus</strong></span> <span class='ocrx_word' id='word_1_700' title='bbox 3279 3979 3382 4027; x_wconf 89' lang='lat' dir='ltr'><strong>est.</strong></span> <span class='ocrx_word' id='word_1_701' title='bbox 3428 3967 3560 4024; x_wconf 83' lang='lat' dir='ltr'><strong>Post</strong></span> <span class='ocrx_word' id='word_1_702' title='bbox 3605 3967 3750 4032; x_wconf 63' lang='lat' dir='ltr'><strong>hunc</strong></span> 
     </span>
    </p>
   </div>
   <div class='ocr_carea' id='block_1_98' title="bbox 2159 4056 3751 4132">
    <p class='ocr_par' dir='ltr' id='par_1_98' title="bbox 2159 4056 3751 4132">
     <span class='ocr_line' id='line_1_99' title="bbox 2159 4056 3751 4132; baseline -0.009 -6"><span class='ocrx_word' id='word_1_703' title='bbox 2159 4067 2466 4126; x_wconf 83' lang='lat' dir='ltr'><strong>Germanus</strong></span> <span class='ocrx_word' id='word_1_704' title='bbox 2493 4065 2653 4122; x_wconf 90' lang='lat' dir='ltr'><strong>annis</strong></span> <span class='ocrx_word' id='word_1_705' title='bbox 2685 4065 2888 4132; x_wconf 90' lang='lat' dir='ltr'><strong>tribus;</strong></span> <span class='ocrx_word' id='word_1_706' title='bbox 2920 4064 3048 4120; x_wconf 89' lang='lat' dir='ltr'><strong>huic</strong></span> <span class='ocrx_word' id='word_1_707' title='bbox 3072 4077 3202 4118; x_wconf 84' lang='lat' dir='ltr'><strong>vero</strong></span> <span class='ocrx_word' id='word_1_708' title='bbox 3231 4061 3464 4117; x_wconf 86' lang='lat' dir='ltr'><strong>Gordius</strong></span> <span class='ocrx_word' id='word_1_709' title='bbox 3507 4056 3751 4114; x_wconf 79' lang='lat' dir='ltr'><strong>succedit</strong></span> 
     </span>
    </p>
   </div>
   <div class='ocr_carea' id='block_1_99' title="bbox 2161 4149 3752 4232">
    <p class='ocr_par' dir='ltr' id='par_1_99' title="bbox 2161 4149 3752 4232">
     <span class='ocr_line' id='line_1_100' title="bbox 2161 4149 3752 4232; baseline -0.006 -19"><span class='ocrx_word' id='word_1_710' title='bbox 2161 4169 2394 4232; x_wconf 84' lang='lat' dir='ltr'><strong>quatuor</strong></span> <span class='ocrx_word' id='word_1_711' title='bbox 2419 4158 2596 4225; x_wconf 87' lang='lat' dir='ltr'><strong>annis,</strong></span> <span class='ocrx_word' id='word_1_712' title='bbox 2639 4167 2749 4214; x_wconf 91' lang='lat' dir='ltr'><strong>tum</strong></span> <span class='ocrx_word' id='word_1_713' title='bbox 2781 4171 2911 4214; x_wconf 91' lang='lat' dir='ltr'><strong>ecce</strong></span> <span class='ocrx_word' id='word_1_714' title='bbox 2937 4165 3195 4225; x_wconf 87' lang='lat' dir='ltr'><strong>tanquam</strong></span> <span class='ocrx_word' id='word_1_715' title='bbox 3221 4167 3288 4209; x_wconf 90' lang='lat' dir='ltr'><strong>cx</strong></span> <span class='ocrx_word' id='word_1_716' title='bbox 3315 4152 3512 4208; x_wconf 83' lang='lat' dir='ltr'><strong>abditis</strong></span> <span class='ocrx_word' id='word_1_717' title='bbox 3537 4149 3752 4205; x_wconf 84' lang='lat' dir='ltr'><strong>Narcis-</strong></span> 
     </span>
    </p>
   </div>
   <div class='ocr_carea' id='block_1_100' title="bbox 2162 4244 3750 4326">
    <p class='ocr_par' dir='ltr' id='par_1_100' title="bbox 2162 4244 3750 4326">
     <span class='ocr_line' id='line_1_101' title="bbox 2162 4244 3750 4326; baseline -0.008 -15"><span class='ocrx_word' id='word_1_718' title='bbox 2162 4271 2255 4312; x_wconf 91' lang='lat' dir='ltr'><strong>sus</strong></span> <span class='ocrx_word' id='word_1_719' title='bbox 2277 4270 2465 4310; x_wconf 90' lang='lat' dir='ltr'><strong>rursus</strong></span> <span class='ocrx_word' id='word_1_720' title='bbox 2487 4261 2731 4326; x_wconf 87' lang='lat' dir='ltr'><strong>apparet,</strong></span> <span class='ocrx_word' id='word_1_721' title='bbox 2749 4259 2805 4308; x_wconf 86' lang='lat' dir='ltr'><strong>et</strong></span> <span class='ocrx_word' id='word_1_722' title='bbox 2833 4257 3098 4308; x_wconf 87' lang='lat' dir='ltr'><strong>eratcum</strong></span> <span class='ocrx_word' id='word_1_723' title='bbox 3124 4255 3444 4305; x_wconf 88' lang='lat' dir='ltr'><strong>consecrato</strong></span> <span class='ocrx_word' id='word_1_724' title='bbox 3470 4245 3676 4302; x_wconf 87' lang='lat' dir='ltr'><strong>Gordio</strong></span> <span class='ocrx_word' id='word_1_725' title='bbox 3696 4244 3750 4298; x_wconf 90' lang='lat' dir='ltr'><strong>in</strong></span> 
     </span>
    </p>
   </div>
   <div class='ocr_carea' id='block_1_101' title="bbox 2164 4335 3749 4408">
    <p class='ocr_par' dir='ltr' id='par_1_101' title="bbox 2164 4335 3749 4408">
     <span class='ocr_line' id='line_1_102' title="bbox 2164 4335 3749 4408; baseline -0.009 -6"><span class='ocrx_word' id='word_1_726' title='bbox 2164 4349 2218 4403; x_wconf 84' lang='lat' dir='ltr'><strong>in</strong></span> <span class='ocrx_word' id='word_1_727' title='bbox 2249 4363 2355 4402; x_wconf 91' lang='lat' dir='ltr'><strong>uno</strong></span> <span class='ocrx_word' id='word_1_728' title='bbox 2377 4361 2540 4402; x_wconf 88' lang='lat' dir='ltr'><strong>sensu</strong></span> <span class='ocrx_word' id='word_1_729' title='bbox 2580 4353 2635 4400; x_wconf 91' lang='lat' dir='ltr'><strong>et</strong></span> <span class='ocrx_word' id='word_1_730' title='bbox 2663 4342 3038 4400; x_wconf 89' lang='lat' dir='ltr'><strong>consonantia.</strong></span> <span class='ocrx_word' id='word_1_731' title='bbox 3066 4339 3268 4397; x_wconf 84' lang='lat' dir='ltr'><strong>Gordio</strong></span> <span class='ocrx_word' id='word_1_732' title='bbox 3310 4352 3461 4404; x_wconf 83' lang='lat' dir='ltr'><strong>vero,</strong></span> <span class='ocrx_word' id='word_1_733' title='bbox 3491 4335 3590 4408; x_wconf 83' lang='lat' dir='ltr'><strong>qui</strong></span> <span class='ocrx_word' id='word_1_734' title='bbox 3627 4349 3749 4390; x_wconf 88' lang='lat' dir='ltr'><strong>cum</strong></span> 
     </span>
    </p>
   </div>
   <div class='ocr_carea' id='block_1_102' title="bbox 2163 4432 3751 4510">
    <p class='ocr_par' dir='ltr' id='par_1_102' title="bbox 2163 4432 3751 4510">
     <span class='ocr_line' id='line_1_103' title="bbox 2163 4432 3751 4510; baseline -0.011 -10"><span class='ocrx_word' id='word_1_735' title='bbox 2163 4460 2230 4500; x_wconf 90' lang='lat' dir='ltr'><strong>eo</strong></span> <span class='ocrx_word' id='word_1_736' title='bbox 2258 4451 2396 4510; x_wconf 89' lang='lat' dir='ltr'><strong>erat,</strong></span> <span class='ocrx_word' id='word_1_737' title='bbox 2434 4440 2720 4504; x_wconf 84' lang='lat' dir='ltr'><strong>defuncto,</strong></span> <span class='ocrx_word' id='word_1_738' title='bbox 2758 4447 2814 4496; x_wconf 92' lang='lat' dir='ltr'><strong>et</strong></span> <span class='ocrx_word' id='word_1_739' title='bbox 2836 4437 3089 4493; x_wconf 83' lang='lat' dir='ltr'><strong>Narcisso</strong></span> <span class='ocrx_word' id='word_1_740' title='bbox 3124 4449 3287 4504; x_wconf 90' lang='lat' dir='ltr'><strong>supra</strong></span> <span class='ocrx_word' id='word_1_741' title='bbox 3324 4432 3542 4488; x_wconf 89' lang='lat' dir='ltr'><strong>modum</strong></span> <span class='ocrx_word' id='word_1_742' title='bbox 3591 4443 3751 4485; x_wconf 78' lang='lat' dir='ltr'><strong>sene-</strong></span> 
     </span>
    </p>
   </div>
   <div class='ocr_carea' id='block_1_103' title="bbox 2164 4524 3752 4605">
    <p class='ocr_par' dir='ltr' id='par_1_103' title="bbox 2164 4524 3752 4605">
     <span class='ocr_line' id='line_1_104' title="bbox 2164 4524 3752 4605; baseline -0.013 -12"><span class='ocrx_word' id='word_1_743' title='bbox 2164 4543 2351 4593; x_wconf 89' lang='lat' dir='ltr'><strong>sccnte</strong></span> <span class='ocrx_word' id='word_1_744' title='bbox 2405 4533 2692 4605; x_wconf 84' lang='lat' dir='ltr'><strong>(siquidem</strong></span> <span class='ocrx_word' id='word_1_745' title='bbox 2737 4537 2857 4585; x_wconf 89' lang='lat' dir='ltr'><strong>erat</strong></span> <span class='ocrx_word' id='word_1_746' title='bbox 2895 4528 3050 4600; x_wconf 88' lang='lat' dir='ltr'><strong>quasi</strong></span> <span class='ocrx_word' id='word_1_747' title='bbox 3101 4524 3377 4594; x_wconf 81' lang='lat' dir='ltr'><strong>sexdecim</strong></span> <span class='ocrx_word' id='word_1_748' title='bbox 3422 4529 3478 4576; x_wconf 88' lang='lat' dir='ltr'><strong>et</strong></span> <span class='ocrx_word' id='word_1_749' title='bbox 3533 4530 3752 4576; x_wconf 88' lang='lat' dir='ltr'><strong>centum</strong></span> 
     </span>
    </p>
   </div>
   <div class='ocr_carea' id='block_1_104' title="bbox 2169 4611 3750 4698">
    <p class='ocr_par' dir='ltr' id='par_1_104' title="bbox 2169 4611 3750 4698">
     <span class='ocr_line' id='line_1_105' title="bbox 2169 4611 3750 4698; baseline -0.013 -14"><span class='ocrx_word' id='word_1_750' title='bbox 2169 4626 2456 4698; x_wconf 91' lang='lat' dir='ltr'><strong>annorum)</strong></span> <span class='ocrx_word' id='word_1_751' title='bbox 2481 4623 2846 4680; x_wconf 78' lang='lat' dir='ltr'><strong>Alexandrum</strong></span> <span class='ocrx_word' id='word_1_752' title='bbox 2875 4619 3162 4690; x_wconf 85' lang='lat' dir='ltr'><strong>quemdam</strong></span> <span class='ocrx_word' id='word_1_753' title='bbox 3190 4616 3524 4687; x_wconf 85' lang='lat' dir='ltr'><strong>episcopum,</strong></span> <span class='ocrx_word' id='word_1_754' title='bbox 3557 4613 3627 4668; x_wconf 82' lang='lat' dir='ltr'><strong>ab</strong></span> <span class='ocrx_word' id='word_1_755' title='bbox 3649 4611 3750 4666; x_wconf 87' lang='lat' dir='ltr'><strong>alia</strong></span> 
     </span>
    </p>
   </div>
   <div class='ocr_carea' id='block_1_105' title="bbox 2168 4704 3751 4793">
    <p class='ocr_par' dir='ltr' id='par_1_105' title="bbox 2168 4704 3751 4793">
     <span class='ocr_line' id='line_1_106' title="bbox 2168 4704 3751 4793; baseline -0.013 -16"><span class='ocrx_word' id='word_1_756' title='bbox 2168 4723 2388 4793; x_wconf 78' lang='lat' dir='ltr'><strong>regione</strong></span> <span class='ocrx_word' id='word_1_757' title='bbox 2425 4716 2758 4776; x_wconf 87' lang='lat' dir='ltr'><strong>adorationis</strong></span> <span class='ocrx_word' id='word_1_758' title='bbox 2785 4713 2960 4786; x_wconf 72' lang='lat' dir='ltr'><strong>gratia</strong></span> <span class='ocrx_word' id='word_1_759' title='bbox 2988 4711 3289 4782; x_wconf 70' lang='lat' dir='ltr'><strong>profectum</strong></span> <span class='ocrx_word' id='word_1_760' title='bbox 3319 4707 3384 4764; x_wconf 88' lang='lat' dir='ltr'><strong>ad</strong></span> <span class='ocrx_word' id='word_1_761' title='bbox 3422 4704 3751 4770; x_wconf 78' lang='lat' dir='ltr'><strong>venerabilia</strong></span> 
     </span>
    </p>
   </div>
   <div class='ocr_carea' id='block_1_106' title="bbox 2169 4798 3785 4884">
    <p class='ocr_par' dir='ltr' id='par_1_106' title="bbox 2169 4798 3785 4884">
     <span class='ocr_line' id='line_1_107' title="bbox 2169 4798 3785 4884; baseline -0.011 -15"><span class='ocrx_word' id='word_1_762' title='bbox 2169 4815 2306 4881; x_wconf 90' lang='lat' dir='ltr'><strong>loca,</strong></span> <span class='ocrx_word' id='word_1_763' title='bbox 2335 4829 2430 4884; x_wconf 91' lang='lat' dir='ltr'><strong>per</strong></span> <span class='ocrx_word' id='word_1_764' title='bbox 2453 4811 2690 4868; x_wconf 88' lang='lat' dir='ltr'><strong>divinam</strong></span> <span class='ocrx_word' id='word_1_765' title='bbox 2723 4806 3105 4864; x_wconf 84' lang='lat' dir='ltr'><strong>revelationem</strong></span> <span class='ocrx_word' id='word_1_766' title='bbox 3128 4801 3412 4874; x_wconf 63' lang='lat' dir='ltr'><strong>praesulem</strong></span> <span class='ocrx_word' id='word_1_767' title='bbox 3445 4798 3752 4871; x_wconf 82' lang='lat' dir='ltr'><strong>Hierosoly-</strong></span> <span class='ocrx_word' id='word_1_768' title='bbox 3778 4873 3785 4884; x_wconf 19' lang='grc' dir='ltr'><strong>,ι</strong></span> 
     </span>
    </p>
   </div>
   <div class='ocr_carea' id='block_1_107' title="bbox 2170 4881 3783 4977">
    <p class='ocr_par' dir='ltr' id='par_1_107' title="bbox 2170 4881 3783 4977">
     <span class='ocr_line' id='line_1_108' title="bbox 2170 4881 3783 4977; baseline -0.005 -1"><span class='ocrx_word' id='word_1_769' title='bbox 2170 4924 2388 4974; x_wconf 71' lang='lat' dir='ltr'><strong>morum.</strong></span> <span class='ocrx_word' id='word_1_770' title='bbox 2409 4905 2770 4977; x_wconf 61' lang='lat' dir='ltr'><strong>censimum.</strong></span> <span class='ocrx_word' id='word_1_771' title='bbox 2797 4916 2932 4976; x_wconf 57' lang='lat' dir='ltr'><strong>sane</strong></span> <span class='ocrx_word' id='word_1_772' title='bbox 2969 4898 3220 4975; x_wconf 55' lang='lat' dir='ltr'><strong>Narcissi</strong></span> <span class='ocrx_word' id='word_1_773' title='bbox 3255 4895 3482 4974; x_wconf 62' lang='lat' dir='ltr'><strong>multum</strong></span> <span class='ocrx_word' id='word_1_774' title='bbox 3513 4909 3639 4948; x_wconf 77' lang='lat' dir='ltr'><strong>eum</strong></span> <span class='ocrx_word' id='word_1_775' title='bbox 3667 4881 3783 4949; x_wconf 48' lang='grc' dir='ltr'><strong>τοί</strong></span> 
     </span>
    </p>
   </div>
   <div class='ocr_carea' id='block_1_108' title="bbox 2171 4985 3752 5073">
    <p class='ocr_par' dir='ltr' id='par_1_108' title="bbox 2171 4985 3752 5073">
     <span class='ocr_line' id='line_1_109' title="bbox 2171 4985 3752 5073; baseline -0.01 -16"><span class='ocrx_word' id='word_1_776' title='bbox 2171 5012 2360 5073; x_wconf 77' lang='lat' dir='ltr'><strong>gantc,</strong></span> <span class='ocrx_word' id='word_1_777' title='bbox 2411 5001 2502 5071; x_wconf 90' lang='lat' dir='ltr'><strong>qui</strong></span> <span class='ocrx_word' id='word_1_778' title='bbox 2538 5007 2594 5054; x_wconf 89' lang='lat' dir='ltr'><strong>et</strong></span> <span class='ocrx_word' id='word_1_779' title='bbox 2642 4996 2905 5068; x_wconf 85' lang='lat' dir='ltr'><strong>martyrio</strong></span> <span class='ocrx_word' id='word_1_780' title='bbox 2952 5003 3140 5064; x_wconf 87' lang='lat' dir='ltr'><strong>postea</strong></span> <span class='ocrx_word' id='word_1_781' title='bbox 3183 4997 3611 5047; x_wconf 88' lang='lat' dir='ltr'><strong>consummatur.</strong></span> <span class='ocrx_word' id='word_1_782' title='bbox 3643 4985 3752 5042; x_wconf 88' lang='lat' dir='ltr'><strong>lloc</strong></span> 
     </span>
    </p>
   </div>
   <div class='ocr_carea' id='block_1_109' title="bbox 2171 5122 3748 5217">
    <p class='ocr_par' dir='ltr' id='par_1_109' title="bbox 2171 5122 3748 5217">
     <span class='ocr_line' id='line_1_110' title="bbox 2171 5122 3748 5217; baseline -0.014 -22"><span class='ocrx_word' id='word_1_783' title='bbox 2171 5137 2630 5217; x_wconf 39' lang='lat' dir='ltr'><strong>eqttouimpositus.</strong></span> <span class='ocrx_word' id='word_1_784' title='bbox 2648 5133 2832 5217; x_wconf 72' lang='lat' dir='ltr'><strong>fugere</strong></span> <span class='ocrx_word' id='word_1_785' title='bbox 2850 5173 2864 5200; x_wconf 92' lang='lat'><strong>,</strong></span> <span class='ocrx_word' id='word_1_786' title='bbox 2895 5128 3189 5217; x_wconf 77' lang='lat' dir='ltr'><strong>secundum</strong></span> <span class='ocrx_word' id='word_1_787' title='bbox 3212 5122 3748 5217; x_wconf 34' lang='lat' dir='ltr'><strong>poetm‘paradiglma,</strong></span> 
     </span>
    </p>
   </div>
   <div class='ocr_carea' id='block_1_110' title="bbox 2173 5193 3750 5277">
    <p class='ocr_par' dir='ltr' id='par_1_110' title="bbox 2173 5193 3750 5277">
     <span class='ocr_line' id='line_1_111' title="bbox 2173 5193 3750 5277; baseline -0.013 -10"><span class='ocrx_word' id='word_1_788' title='bbox 2173 5193 2518 5277; x_wconf 56' lang='lat' dir='ltr'><strong>Evaditirati</strong></span> <span class='ocrx_word' id='word_1_789' title='bbox 2551 5193 2810 5277; x_wconf 66' lang='lat' dir='ltr'><strong>principis</strong></span> <span class='ocrx_word' id='word_1_790' title='bbox 2852 5193 3235 5273; x_wconf 62' lang='lat' dir='ltr'><strong>potentatumf</strong></span> <span class='ocrx_word' id='word_1_791' title='bbox 3271 5199 3342 5277; x_wconf 76' lang='lat' dir='ltr'><strong>ita</strong></span> <span class='ocrx_word' id='word_1_792' title='bbox 3387 5193 3586 5277; x_wconf 53' lang='lat' dir='ltr'><strong>etnnos</strong></span> <span class='ocrx_word' id='word_1_793' title='bbox 3629 5193 3750 5277; x_wconf 69' lang='lat' dir='ltr'><strong>licet</strong></span> 
     </span>
    </p>
   </div>
   <div class='ocr_carea' id='block_1_111' title="bbox 2171 5263 3751 5354">
    <p class='ocr_par' dir='ltr' id='par_1_111' title="bbox 2171 5263 3751 5354">
     <span class='ocr_line' id='line_1_112' title="bbox 2171 5263 3751 5354; baseline -0.014 -16"><span class='ocrx_word' id='word_1_794' title='bbox 2171 5263 2674 5354; x_wconf 31' lang='lat' dir='ltr'><strong>ligati—visentium</strong></span> <span class='ocrx_word' id='word_1_795' title='bbox 2704 5263 2904 5354; x_wconf 64' lang='lat' dir='ltr'><strong>simus,</strong></span> <span class='ocrx_word' id='word_1_796' title='bbox 2930 5269 3419 5354; x_wconf 76' lang='lat' dir='ltr'><strong>attamenverbum</strong></span> <span class='ocrx_word' id='word_1_797' title='bbox 3454 5264 3545 5318; x_wconf 90' lang='lat' dir='ltr'><strong>Dei</strong></span> <span class='ocrx_word' id='word_1_798' title='bbox 3563 5306 3594 5345; x_wconf 31' lang='lat' dir='ltr'><strong>,O</strong></span> <span class='ocrx_word' id='word_1_799' title='bbox 3611 5263 3751 5354; x_wconf 60' lang='lat' dir='ltr'><strong>quod</strong></span> 
     </span>
    </p>
   </div>
   <div class='ocr_carea' id='block_1_112' title="bbox 2174 5333 3752 5423">
    <p class='ocr_par' dir='ltr' id='par_1_112' title="bbox 2174 5333 3752 5423">
     <span class='ocr_line' id='line_1_113' title="bbox 2174 5333 3752 5423; baseline -0.016 -12"><span class='ocrx_word' id='word_1_800' title='bbox 2174 5333 2690 5423; x_wconf 32' lang='lat' dir='ltr'><strong>liga—cst‘alligatuni</strong></span> <span class='ocrx_word' id='word_1_801' title='bbox 2709 5387 2724 5413; x_wconf 95' lang='lat'><strong>,</strong></span> <span class='ocrx_word' id='word_1_802' title='bbox 2756 5333 2948 5423; x_wconf 80' lang='lat' dir='ltr'><strong>saltem</strong></span> <span class='ocrx_word' id='word_1_803' title='bbox 2977 5342 3067 5396; x_wconf 85' lang='lat' dir='ltr'><strong>vix</strong></span> <span class='ocrx_word' id='word_1_804' title='bbox 3097 5333 3752 5423; x_wconf 49' lang='lat' dir='ltr'><strong>superoquumepistolje</strong></span> 
     </span>
    </p>
   </div>
   <div class='ocr_carea' id='block_1_113' title="bbox 2172 5409 3752 5492">
    <p class='ocr_par' dir='ltr' id='par_1_113' title="bbox 2172 5409 3752 5492">
     <span class='ocr_line' id='line_1_114' title="bbox 2172 5409 3752 5492; baseline -0.016 -10"><span class='ocrx_word' id='word_1_805' title='bbox 2172 5409 2371 5482; x_wconf 74' lang='lat' dir='ltr'><strong>nostra:</strong></span> <span class='ocrx_word' id='word_1_806' title='bbox 2400 5409 2737 5492; x_wconf 57' lang='lat' dir='ltr'><strong>impatientes</strong></span> <span class='ocrx_word' id='word_1_807' title='bbox 2762 5414 3080 5478; x_wconf 83' lang='lat' dir='ltr'><strong>direximus,</strong></span> <span class='ocrx_word' id='word_1_808' title='bbox 3103 5410 3248 5492; x_wconf 73' lang='lat' dir='ltr'><strong>quod</strong></span> <span class='ocrx_word' id='word_1_809' title='bbox 3275 5409 3347 5464; x_wconf 88' lang='lat' dir='ltr'><strong>ita</strong></span> <span class='ocrx_word' id='word_1_810' title='bbox 3373 5409 3752 5492; x_wconf 34' lang='lat' dir='ltr'><strong>suscipettan:</strong></span> 
     </span>
    </p>
   </div>
   <div class='ocr_carea' id='block_1_114' title="bbox 2173 5476 3753 5574">
    <p class='ocr_par' dir='ltr' id='par_1_114' title="bbox 2173 5476 3753 5574">
     <span class='ocr_line' id='line_1_115' title="bbox 2173 5476 3753 5574; baseline -0.016 -22"><span class='ocrx_word' id='word_1_811' title='bbox 2173 5476 2418 5574; x_wconf 43' lang='lat' dir='ltr'><strong>agniti</strong></span> <span class='ocrx_word' id='word_1_812' title='bbox 2443 5476 2613 5574; x_wconf 30' lang='lat' dir='ltr'><strong>‘s&#39;oluti</strong></span> <span class='ocrx_word' id='word_1_813' title='bbox 2638 5502 2881 5554; x_wconf 83' lang='lat' dir='ltr'><strong>essemus</strong></span> <span class='ocrx_word' id='word_1_814' title='bbox 2900 5528 2924 5574; x_wconf 41' lang='lat'><strong>,.</strong></span> <span class='ocrx_word' id='word_1_815' title='bbox 2963 5500 3028 5540; x_wconf 89' lang='lat' dir='ltr'><strong>ac</strong></span> <span class='ocrx_word' id='word_1_816' title='bbox 3202 5481 3330 5572; x_wconf 42' lang='lat' dir='ltr'><strong>hoc.</strong></span> <span class='ocrx_word' id='word_1_817' title='bbox 3352 5476 3573 5569; x_wconf 54' lang='lat' dir='ltr'><strong>majora</strong></span> <span class='ocrx_word' id='word_1_818' title='bbox 3603 5476 3753 5562; x_wconf 72' lang='lat' dir='ltr'><strong>Vobis</strong></span> 
     </span>
    </p>
   </div>
  </div>
