4032 6286
297 343 402 401 155

1435 332 1793 392 ANASTASII
1829 307 2386 393 BlBLlOTllECARll

3461 336 3566 420 Ψ

296 459 456 516 almae
496 451 1036 524 Constantinopoleos
1062 466 1216 507 nova:
1261 451 1444 506 Roma:
1474 470 1487 505 :
1515 461 1571 507 et
1609 450 1886 508 sanetissi-
1915 457 1962 516 Α
1992 452 2130 508 simo
2155 453 2404 524 episcopo
2437 451 2753 522 Neapoleos,
2787 451 3059 509 Marciano
3088 455 3197 511 Deo
3235 456 3568 517 amicissimo

291 550 405 608 mis
429 547 536 604 loci
577 544 946 606 senatoribus
968 543 1198 604 orientis
1221 581 1237 608 ,
1263 543 1518 602 videlicet
1543 541 1739 612 loseph
1775 542 1884 600 Deo

298 637 632 702 amicissimo
690 635 1076 700 archidiaceuo.
1135 633 1624 698 Alexandrinorum
1677 647 1884 702 mansa

296 733 567 796 civitatis,
616 730 792 790 locum
842 737 1064 788 tenente
1102 727 1382 790 Hiciaelis
1429 727 1759 788 sanctissimi
1787 741 1885 796 pa-

298 825 556 888 triarcha
581 823 942 889 Alexandriam,
974 833 1030 880 et
1065 823 1272 884 'l‘boma
1295 823 1637 884 sanctissimo
1679 833 1882 878 metro-

297 919 468 990 polita
496 917 573 988 Ty
583 919 649 983 ri,
682 917 872 980 locum
889 927 1106 974 tenente
1131 917 1275 976 sedis
1304 917 1630 984 Antiochiae,
1653 933 1719 974 eo
1743 917 1885 988 quod

301 1016 522 1072 t‘iduata
543 1021 696 1069 esset
723 1011 914 1069 eadem
948 1011 1194 1072 Ecclesia
1216 1051 1232 1076 ,
1269 1019 1325 1068 et
1370 1010 1523 1066 Helia
1567 1011 1678 1068 Deo
1708 1011 1889 1068 colen-

299 1108 528 1164 ὧςείωο
575 1108 894 1178 presbytero
939 1115 995 1161 et
1048 1105 1330 1176 syncello,
1378 1105 1557 1161 locum
1611 1105 1889 1161 obtinente

303 1199 597 1272 Τηίωεῆ
648 1198 832 1256 throni
878 1197 1374 1268 Hierosolymormn
1434 1196 1824 1267 archiepiscopi
1870 1213 1886 1253 :

301 1299 569 1362 prasente
585 1305 806 1362 quoque
827 1305 988 1346 sacro
1007 1297 1222 1360 senatu,
1252 1288 1484 1358 dicimus
1504 1295 1684 1346 autem
1714 1287 1891 1360 Theo-

302 1385 439 1440 doro
471 1381 1008 1454 magniﬁcentissimo
1026 1380 1256 1451 patricio
1279 1389 1332 1435 et
1349 1379 1628 1452 magistro,
1652 1379 1890 1434 Christo-

304 1477 480 1546 μοι-υ
497 1474 818 1546 magniﬁcas
827 1473 1034 1540 tissime
1059 1472 1288 1542 patricio
1307 1482 1364 1527 et
1377 1473 1658 1542 magistro,
1674 1471 1890 1526 Bahanc

307 1569 850 1642 magniﬁcentissimo
895 1567 1130 1639 patricio
1171 1581 1238 1622 ac
1281 1566 1592 1638 praeposito,
1637 1564 1890 1620 ilemerio

307 1663 848 1736 magniﬁcentissimo
899 1660 1222 1733 proconsule
1274 1676 1338 1716 ac
1389 1661 1622 1732 patricio
1642 1700 1657 1726 ,
1720 1659 1889 1716 Paulo

305 1755 850 1826 magniﬁcentissimo
888 1753 1118 1826 patricio
1165 1763 1220 1810 et
1253 1752 1510 1823 prmlecto
1534 1791 1549 1818 ,
1603 1750 1887 1807 Theodoro

1985 545 2240 615 episcopo
2277 544 2626 615 Nicopoleos.
2668 545 2942 602 Marciano
2966 547 3076 602 Deo
3103 549 3430 605 amicissimo
3452 551 3568 622 epi-

1987 654 2150 708 scopo
2184 636 2512 706 Thebarum,
2544 637 2807 711 Gregorio
2830 641 2939 695 [leo
2960 641 3287 697 amicissimo
3313 643 3567 714 episcopo

1986 731 2236 795 Mesinm,
2268 731 2476 787 Joanne
2503 733 2611 786 Deo
2647 733 2977 788 amicissimo
3007 733 3258 804 episcopo
3281 732 3570 791 Poleosno—

1987 825 2114 890 mii,
2171 825 2456 886 Theodoro
2505 825 2614 883 Deo
2654 828 2986 884 amicissimo
3039 829 3292 900 cpi-scopo
3348 829 3569 901 Eurippi

1989 915 2110 990 [ul.,
2155 917 2430 991 Eusippi],
2473 918 2774 990 Nicephoro
2808 920 2919 976 Deo
2955 920 3284 976 amicissimo
3318 922 3571 993 episcdpo

1987 1010 2260 1078 Crotona},
2310 1011 2680 1068 Nieoiao-Deo
2716 1012 3047 1068 amicissimo
3096 1013 3348 1084 episcopo
3390 1013 3565 1078 Nusaa‘,

1989 1104 2344 1160 Constantino
2371 1104 2481 1160 Deo
2503 1103 2832 1161 amicissimo
2861 1106 3114 1176 episcopo
3138 1105 3302 1178 Synai
3320 1149 3334 1173 ,
3366 1107 3570 1179 Grego-

1989 1195 2070 1250 rio
2095 1195 2206 1251 Deo
2241 1196 2571 1252 amicissimo
2605 1196 2856 1268 episeopo
2894 1197 3200 1268 Tripoleos,
3244 1198 3424 1255 Leone
3465 1202 3576 1258 Deo.

1977 1289 2322 1346 amicissimo
2371 1292 2625 1362 episcopo
2671 1291 3023 1364 Dapbnusiae,
3069 1295 3423 1352 Constantino
3464 1296 3572 1352 Deo

1990 1381 2325 1442 amicissimo
2359 1383 2611 1453 episeopo
2648 1373 3164 1441 Ouumcriccnsium
3191 1385 3312 1460 [al.,
3343 1387 3575 1443 Etmme-

1989 1473 2324 1547 ricensium],
2364 1474 2562 1532 Basilio
2597 1477 2710 1532 Deo
2747 1478 3075 1535 amicissimo
3115 1480 3365 1552 episcopo
3402 1483 3576 1539 Adra—

1989 1567 2064 1621 nii
2097 1564 2216 1639 Eat,
2250 1567 2563 1642 Eldriauii},
2595 1570 2926 1642 Theophane
2961 1573 3070 1630 Deo
3099 1574 3427 1631 amicissimo
3466 1575 3576 1648 epi-

1989 1673 2153 1730 seopo
2217 1660 2452 1728 Axanm,
2507 1651 2714 1719 Joanne
2775 1663 2883 1720 Deo
2938 1666 3266 1723 amicissimo
3322 1669 3574 1738 episcopo

1990 1753 2262 1825 Tampsii,
2296 1754 2594 1825 Ricephoro
2624 1755 2734 1812 Βοο
2761 1756 3090 1814 amicissimo
3116 1759 3370 1832 episcopo
3397 1758 3571 1831 Aspo-

305 1847 842 1920 magniﬁcentissimo
885 1847 1146 1918 patricio,
1177 1845 1429 1901 Barbatio
1465 1844 1884 1916 magniﬁcentis-
1989 1861 2099 1914 me,
2133 1845 2368 1902 Macario
2405 1848 2514 1903 Deo
2547 1847 2876 1905 amicissimo
2913 1851 3164 1922 episcopo
3202 1849 3574 1908 Elizomeuen-

303 1945 441 1999 sime
470 1943 730 2015 patricio,
761 1940 1010 1997 Ianuele
1052 1940 1586 2013 magniﬁcentissimo
1628 1939 1885 2010 patricio,

311 2030 716 2109 Theophylacto
746 2034 1284 2106 magniﬁcentissimo
1307 2033 1536 2114 patricio
1558 2072 1572 2098 ,
1599 2031 1890 2087 Petronate

303 2127 841 2202 magniﬁcentissimo
867 2126 1100 2196 patricio
1125 2165 1141 2189 ,
1181 2123 1430 2179 Manneia
1469 2122 1890 2193 magniﬁcentis-

303 2221 441 2277 simo
466 2220 726 2292 patricio:
751 2219 878 2289 quin
911 2217 1153 2273 etiamet
1183 2216 1592 2276 considentibus
1623 2215 1734 2282 Deo
1755 2214 1890 2269 am’r

304 2314 540 2369 cissimis
567 2310 925 2381 metropolitis
948 2349 963 2375 ,
1009 2308 1207 2364 Basilio
1238 2307 1444 2364 scilicet
1481 2309 1590 2363 Deo
1617 2306 1884 2362 amabilis-

303 2407 441 2480 simo
467 2395 874 2480 archiepiscopo
893 2401 1114 2478 Ephesi,
1129 2401 1406 2476 Theodulo
1428 2401 1537 2472 Deo
1561 2401 1890 2458 amicissimo

304 2498 649 2569 metropolita
673 2481 924 2570 Aueiae,
949 2489 1252 2568 Nicephoro
1277 2495 1386 2562 Deo
1417 2495 1750 2566 amicissimo
1779 2510 1889 2562 tne-

304 2591 556 2660 tropolita
583 2589 798 2655 Niemae,
823 2589 1024 2644 Basilio
1041 2579 1165 2644 'Deo
1193 2587 1523 2643 amicissimo
1549 2586 1889 2657 metropolita

303 2675 698 2746 Chaicedonis,
753 2682 958 2739 Basilio
1002 2683 1111 2739 Deo
1167 2681 1499 2737 amicissimo
1546 2681 1890 2760 metmpolita

303 2776 723 2850 Gangrensium,
749 2775 1036 2833 Theodoro
1059 2775 1170 2832 Deo
1195 2776 1524 2832 amicissimo
1550 2769 1890 2845 metropolita

304 2866 727 2936 Thessalonicae,
761 2867 980 2924 Nicolao
1018 2867 1128 2924 Deo
1173 2867 1504 2923 amicissimo
1547 2866 1891 2946 metropolita

303 2959 763 3033 Bynnadensium,
783 2959 1188 3031 Theophylacto
1212 2959 1322 3014 Deo
1336 2957 1666 3013 amicissimo
1692 2967 1894 3012 metro-

303 3054 467 3125 polita
517 3053 714 3118 lconii,
767 3043 973 3123 [gnatio
1017 3051 1130 3106 Deo
1173 3049 1503 3105 atuicissimo
1550 3049 1893 3119 metropolita

306 3147 692 3220 Hierapoleos,
721 3146 980 3203 Ilichacle
1021 3145 1134 3202 Deo
1177 3143 1508 3200 amicissimo
1552 3143 1893 3214 metropolita

1991 1937 2124 1992 tium
2174 1936 2294 2010 ιρι,
2350 1937 2718 2011 Elysomane},
2773 1939 3032 1998 Michacle
3090 1942 3199 1998 Deo
3247 1943 3576 2001 amicissimo

1987 2031 2238 2103 episcopo
2276 2031 2708 2104 Cercyrensium,
2755 2034 3058 2106 Nicephoro
3103 2037 3211 2093 Deo
3249 2037 3578 2094 amicissimo

1988 2123 2238 2195 episcopo
2265 2113 2774 2197 Zacynthi,'.ieseph
2819 2128 2930 2183 Deo
2967 2129 3295 2185 amicissimo
3324 2130 3576 2201 episcopo

1988 2217 2296 2284 Aventium,
2333 2217 2700 2290 Theagnoseov
2725 2218 2848 2291 [al.,
2887 2205 3252 2296 Theognosto]
3289 2222 3401 2278 Deo
3438 2211 3577 2278 ami-

1990 2309 2210 2366 cissimo
2245 2310 2499 2381 episcopo
2541 2311 2825 2378 Parnassi,
2868 2311 3079 2369 Meletio
3106 2313 3216 2369 Deo
3252 2313 3580 2370 amicissimo

1991 2403 2244 2473 episcopo
2267 2401 2546 2470 Hcraclim,
2574 2393 2946 2476 Asapbio‘Deo
2970 2406 3300 2464 amicissimo
3327 2406 3579 2480 episcopo

1975 2493 2248 2565 Erythiae,
2278 2487 2634 2552 Cdnstantino
2665 2499 2774 2553 Deo
2801 2497 3129 2557 amicissimo
3157 2501 3410 2575 episcopo
3436 2501 3577 2556 Pru-

1992 2587 2188 2654 siadis,
2216 2587 2410 2645 Cosma
2457 2590 2570 2646 Deo
2599 2591 2926 2649 amicissimo
2954 2592 3206 2666 episcopo
3233 2593 3574 2664 Adrianopo-

1992 2678 2125 2748 leos,
2155 2688 2211 2739 et
2237 2681 2444 2754 lgnatio
2481 2685 2590 2739 Deo
2631 2683 2960 2762 amicissimo
2993 2687 3244 2756 episcopo
3288 2683 3530 2758 Timonis
3561 2705 3576 2744 :

1983 2771 2080 2828 his
2114 2772 2186 2828 ita
2213 2773 2676 2841 convenientibus,
2703 2767 2946 2831 Bahanes
2978 2774 3369 2858 famosissimas
3408 2777 3578 2852 patri-

1992 2863 2114 2921 cius
2135 2873 2191 2920 et
2215 2867 2538 2937 prmpositus
2563 2881 2629 2922 ex
2654 2879 2882 2937 persona
2909 2867 3050 2924 sacri
3087 2877 3308 2925 senatus
3335 2869 3401 2925 ad
3421 2870 3576 2925 'vica-

1981 2956 2107 3016 .rios
2153 2958 2385 3014 senioris
2425 2957 2611 3014 Romae
2663 2968 2718 3014 et
2767 2959 3111 3016 orientalium
3156 2950 3362 3018 scdium
3403 2960 3576 3017 dixit:

1994 3046 2207 3116 Nostis,
2238 3058 2420 3119 patres
2445 3051 2550 3106 mei
2587 3051 2946 3130 sanctissimi,
2989 3053 3113 3128 quia
3153 3051 3206 3109 in
3231 3053 3583 3125 praecedenti-

1995 3143 2100 3197 bus
2149 3141 2452 3199 actionibus
2499 3143 2870 3200 ecclesiastica
2922 3143 3202 3216 dispositio
3245 3139 3389 3202 l'acta
3431 3155 3512 3221 est
3548 3162 3580 3202 a

306 3239 421 3297 llud
471 3241 625 3314 (fort.
674 3237 1032 3312 Hadramiti},
1085 3238 1359 3294 Bilarione
1401 3237 1512 3293 Deo
1558 3237 1891 3293 amicissimo
1994 3233 2152 3289 vobis
2179 3231 2540 3290 sanctissimis
2571 3235 2674 3291 loci
2715 3236 3084 3292 servatoribus
3112 3235 3342 3310 senioris
3371 3233 3576 3306 ﬂuxum,

307 3331 654 3403 metropolita
695 3330 972 3396 Corinthi,
1017 3327 1368 3399 Metrophanes
1415 3329 1525 3384 Deo
1564 3319 1893 3384 amicissimo

305 3422 651 3492 metropolita
680 3421 948 3493 Smyrnae,
979 3419 1238 3476 Ilichaele
1268 3421 1380 3476 Deo
1410 3419 1738 3476 amicissimo
1781 3431 1895 3475 me-

309 3515 563 3586 tropolita
591 3515 768 3586 Byzirc
785 3555 800 3581 ,
820 3515 1180 3586 Entbymiano
1203 3513 1316 3570 Deo
1341 3515 1671 3571 amicissimo
1694 3523 1894 3571 metro-

306 3609 477 3680 polita
504 3607 959 3663 Euehartensium
984 3647 1000 3675 ,
1028 3605 1238 3663 Joanne
1286 3608 1400 3663 Deo
1441 3607 1772 3664 amicissimo
1807 3619 1895 3662 ar-

306 3703 654 3774 chiepiscopo
687 3700 1148 3773 Pompeiopoleos,
1179 3700 1511 3772 Theophane
1543 3701 1654 3756 Deo
1681 3699 1897 3756 amicis-

309 3796 448 3852 simo
471 3796 880 3867 archiepiscopo
906 3793 1099 3866 Selgae,
1124 3792 1401 3865 Stephano
1428 3793 1539 3849 Deo
1562 3791 1893 3850 amicissimo

308 3886 716 3956 archiepiscopo
772 3877 1142 3957 Cypsallorum
1169 3921 1184 3951 ,
1251 3882 1458 3941 Joanne
1513 3883 1624 3940 Deo
1679 3885 1893 3940 amicis-

311 3974 446 4036 simo
512 3978 922 4048 archiepiscopo
977 3977 1101 4044 Eii,
1153 3976 1346 4034 Photio
1405 3976 1516 4033 Deo
1564 3977 1894 4034 amicissimo

311 4071 719 4142 archiepiscopo
766 4069 1019 4137 Nicoliae,
1084 4069 1204 4126 lcoo
1261 4069 1372 4126 Deo
1427 4070 1755 4126 amicissimo
1801 4085 1893 4124 ar-

309 4167 653 4238 chiepiscopo
709 4165 1072 4237 Motbymnae,
1135 4165 1333 4221 Basilio
1397 4165 1506 4222 Deo
1563 4166 1893 4223 amicissimo

311 4259 720 4329 archiepiscopo
792 4257 1010 4322 Bussii,
1085 4255 1346 4328 Gregorio
1406 4257 1516 4314 Deo
1563 4257 1892 4315 amicissimo

313 4352 722 4422 archiepiscopo
747 4349 925 4417 Parii,
949 4348 1115 4404 Paulo
1141 4349 1252 4407 Deo
1276 4349 1606 4406 amicissimo
1631 4350 1896 4420 archiepi-

1997 3343 2060 3386 ac
2085 3329 2426 3384 orientalium
2456 3329 2661 3387 sedium
2685 3371 2700 3396 ,
2739 3330 3035 3408 secundum
3079 3333 3486 3404 congruentiam
3526 3339 3582 3386 et

1993 3421 2240 3478 ordinem
2281 3423 2598 3498 synodieum
2620 3437 2635 3477 :
2677 3438 2818 3478 nunc
2840 3429 2968 3478 vero
2992 3423 3316 3494 patriarchae
3343 3423 3580 3478 Alexan-

1995 3512 2125 3570 driae
2151 3515 2298 3570 venit
2326 3515 2581 3582 vicarius,
2617 3523 2672 3570 et
2706 3512 2808 3570 hoc
2845 3511 3032 3586 procul
3063 3515 3224 3570 duhio
3252 3514 3347 3570 Dei
3382 3529 3582 3586 coope-

1994 3607 2207 3663 ratione
2234 3617 2290 3663 et
2310 3608 2585 3664 voluntate
2611 3606 2813 3665 factum
2836 3617 2936 3666 est.
2967 3607 3106 3677 Quid
3133 3623 3260 3682 ergo
3284 3609 3352 3665 de
3379 3617 3578 3666 caetero

1993 3701 2209 3757 videtur
2245 3700 2519 3757 sanctitati
2555 3702 2785 3758 vestrm?
2811 3700 3150 3776 sanctissimi
3184 3701 3370 3757 vicarii
3402 3701 3580 3756 senio-

1993 3796 2071 3852 t'is
2099 3795 2282 3854 Romae
2310 3796 2590 3852 dixerunt:
2623 3794 2690 3851 Et
2719 3810 2818 3853 nos
2854 3795 3070 3866 quidem
3096 3795 3328 3850 vidimus
3357 3808 3503 3862 eum,
3528 3803 3582 3850 et

1995 3887 2157 3943 locuti
2183 3903 2370 3966 surnus
2402 3888 2476 3954 ei,
2511 3896 2567 3944 et
2607 3875 2704 3958 per
2752 3903 3057 3966 sermonem
3089 3886 3207 3959 ejus
3252 3875 3579 3954 satisfactio-

1996 3995 2118 4035 nem
2159 3967 2496 4052 'aicsepimus.
2535 3965 2920 4050 verumtamen
2947 3979 3100 4053 juxta
3141 3972 3416 4060 can‘oinica‘
3441 3995 3580 4062 pne:

1996 4081 2152 4143 cepta
2182 4069 2388 4144 legatur
2414 4072 2852 4142 commendatitia
2879 4070 2995 4143 ejus
3023 4073 3248 4150 epistola
3278 4072 3329 4144 in
3361 4065 3582 4144 audien-

1993 4164 2126 4220 tiam
2157 4165 2428 4236 omniunt,
2477 4166 2531 4221 in
2570 4165 2672 4223 hac
2703 4175 2890 4222 sancta
2931 4175 2986 4222 et
3019 4155 3306 4240 universali
3346 4163 3580 4240 synodo,

1994 4265 2049 4313 ct
2082 4255 2156 4311 ita
2185 4265 2604 4332 committeretur
2641 4255 2891 4326 omnibus
2931 4256 3082 4312 nobis
3107 4239 3321 4312 vicariis
3354 4239 3583 4334 patriar-

1989 4347 2230 4405 chalium
2278 4349 2504 4404 sodium.
2547 4345 2659 4404 Deo
2711 4347 3023 4404 amicissimi
3061 4345 3340 4432 episcopi,
3377 4355 3434 4402 ot
3468 4353 3580 4420 tota

311 4461 475 4518 scopo
497 4443 975 4516 Apamiae,Basilio
1004 4445 1115 4499 Deo
1136 4443 1462 4500 amicissimo
1491 4443 1894 4516 archiepiscopo
1947 4442 1962 4454 ‘
1991 4447 2179 4496 sancta
2209 4439 2445 4514 synodus
2475 4438 2612 4495 dixit
2638 4455 2650 4494 :
2693 4437 2900 4495 Bonum
2937 4447 2988 4494 et
3011 4437 3217 4507 justum
3237 4447 3357 4505 est,
3381 4444 3436 4492 et
3462 4437 3582 4518 ideo

310 4537 517 4610 Pyrgii,
542 4537 772 4592 Arsenio
798 4536 908 4591 Deo
937 4535 1266 4591 amicissimo
1297 4537 1700 4607 archiepiscopo
1727 4536 1896 4593 Aure-
1991 4531 2206 4589 cunctis
2246 4532 2464 4602 placet:
2509 4539 2564 4587 et
2607 4531 2711 4586 hoc
2755 4531 3035 4586 manifeste
3082 4529 3289 4584 habetis
3327 4543 3357 4582 a
3395 4541 3584 4610 conse-

312 4631 570 4701 liopoleus
593 4668 608 4694 ,
635 4628 865 4699 Georgio
907 4629 1017 4684 Deo
1055 4629 1382 4685 amicissimo
1415 4629 1666 4700 episcopo
1695 4638 1893 4686 sancta:
1919 4635 1972 4697 ῃ
1997 4623 2217 4694 quentia
2254 4621 2618 4678 ecclesiastica
2663 4630 2718 4679 et
2750 4620 3028 4693 synodica.
3055 4619 3122 4694 Et
3150 4629 3266 4692 post
3307 4621 3410 4676 hoc
3436 4617 3583 4674 acci-

312 4721 572 4794 (Syriacae,
615 4719 904 4776 Eustachio
937 4719 1049 4774 Deo
1076 4719 1406 4780 amicissimo
1433 4720 1685 4789 episc0po
1709 4719 1898 4774 Αῖιιιο-
2001 4716 2153 4787 piens
2180 4713 2472 4784 Gregorius
2499 4712 2723 4770 devotus
2749 4713 2990 4776 notarius
3018 4713 3323 4769 divinorum
3355 4719 3584 4780 secreta-

313 4811 434 4878 niae,
459 4809 818 4866 Constantino
861 4810 970 4864 Deo
1008 4809 1338 4865 amicissimo
1371 4810 1624 4880 episcopo
1665 4808 1892 4877 'l‘ralhe,
2003 4807 2206 4864 riorum
2233 4847 2248 4874 ,
2294 4807 2422 4879 legit
2460 4805 2740 4877 epistolam
2784 4805 3106 4877 patriarchzc
3142 4801 3476 4860 Alexandriae
3515 4801 3583 4856 ad

313 4903 587 4960 Germano
609 4901 718 4958 Deo
731 4903 1062 4957 amicissimo
1085 4903 1338 4974 episeopo
1361 4901 1514 4968 Citri,
1542 4901 1894 4959 Constantino
1997 4900 2301 4972 piissimum
2340 4899 2719 4972 imperatorem
2747 4900 2985 4956 missam.
3305 4909 3308 4912 ‘

317 4995 426 5052 Deo
482 4995 813 5051 amicissimo
873 4996 1125 5066 episcopo
1172 4995 1628 5068 Augustopolcus,
1674 4995 1894 5053 Nicolao

313 5088 426 5146 Deo
452 5089 786 5144 amicissimo
821 5089 1073 5160 episcopo
1108 5089 1374 5156 Documii,
1417 5088 1580 5144 Petro
1615 5089 1724 5146 Deo
1763 5089 1902 5146 arui-

309 5167 537 5238 cissimo
565 5183 816 5254 episcopo
846 5183 1240 5253 Melitopoleos,
1289 5183 1485 5255 Joscph
1533 5185 1642 5240 Deo
1690 5184 1903 5240 amicis-

315 5274 456 5332 simo
496 5275 744 5346 episcopo
783 5275 984 5342 Lerisc,
1028 5275 1254 5332 Tarasio
1293 5276 1404 5332 Deo
1432 5279 1762 5332 amicissimo
1791 5278 1903 5347 cpi-

313 5355 482 5439 chpo
537 5367 748 5434 Cinea,
797 5368 1072 5440 Stephano
1116 5370 1226 5426 Deo
1272 5370 1600 5426 amicissimo
1651 5371 1902 5442 episcopo

2006 5033 2256 5112 Ρέξξ-είηηει
2279 5046 2327 5112 et
2355 5037 2866 5112 magniﬁcentissime
2889 5034 3192 5112 ίυιιξεταξφηέ
3209 5033 3392 5112 διέθεονέ
3425 5033 3580 5112 καρὶς

2077 5107 2167 5178 lio,
2203 5103 2463 5178 Angusto;
2492 5103 2877 5178 (riuum/uitali,
2903 5103 3174 5178 etC/tristi
3203 5105 3310 5166 Deo
3339 5105 3584 5178 pgcabili

2077 5161 2311 5249 {curuli}:
2332 5161 2579 5232 'Michacl
2623 5161 2822 5232 iitulih's
2853 5161 3036 5232 scrinia.
3063 5161 3350 5246 puerorum.
3367 5161 3584 5232 lie-inim

2075 5250 2176 5304 mei
2201 5249 2608 5304 Alexandrinus.
3075 5257 3080 5264 '

2075 5367 2155 5424 Ab
2193 5367 2319 5424 olim
2362 5369 2576 5440 quidem
2615 5367 2854 5424 scribere
2891 5368 2957 5440 ad
2995 5367 3254 5440 divinitus
3303 5363 3479 5442 actam
3530 5376 3585 5438 et

311 5457 834 5516 Gordoserbensium
855 5501 868 5526 ,
891 5459 1137 5538 Philippo
1161 5461 1271 5517 Deo
1293 5462 1623 5518 amicissimo
1647 5463 1901 5534 episcopo

319 5547 524 5618 Tabie,
559 5551 761 5624 lgnatio
783 5551 894 5608 Deo
917 5553 1251 5610 amicissimo
1276 5555 1526 5626 episeopo
1553 5555 1898 5625 .lttliOpobos,

315 5640 676 5699 Constantino
714 5644 824 5702 Deo
861 5647 1189 5704 amicissimo
1217 5648 1470 5719 episcopo
1506 5647 1587 5702 Tii
1609 5689 1623 5714 ,
1665 5648 1902 5704 Sisinnio

325 5735 432 5792 Deo
468 5738 797 5796 amicissimo
837 5740 1085 5812 episcopo
1115 5740 1508 5813 Bitinopolcus,
1547 5739 1904 5812 Xenophonte

324 5829 435 5887 Deo
457 5831 785 5891 amicissimo
811 5836 1060 5908 episcopo
1083 5835 1324 5912 Mylassi,
1350 5835 1528 5904 Leone
1553 5837 1662 5894 Deo
1689 5838 1904 5895 amicis-

2005 5462 2226 5517 maximi
2256 5462 2466 5526 decoris
2486 5461 2806 5538 dictaturam
2844 5473 3017 5538 tuam,
3045 5465 3246 5535 optime
3269 5464 3580 5538 imperator,

2003 5554 2324 5628 gestientes,
2355 5553 2422 5609 ab
2447 5553 2667 5610 alterius
2702 5555 2874 5628 tribus
2915 5555 3197 5612 formidine
3229 5551 3437 5630 inhibiti

2005 5647 2208 5706 Stitissc
2233 5649 2616 5722 dignoscimut‘.
2649 5649 2800 5722 Nunc
2822 5666 2950 5706 vero
2965 5650 3194 5724 jussi,et
3213 5648 3352 5720 quod
3375 5645 3583 5724 deside-

2005 5743 2280 5808 rabamus,
2315 5752 2368 5818 et
2394 5740 2536 5820 quod
2569 5743 2939 5819 metuebamus
2955 5721 2988 5818 ,_'
3002 5741 3225 5820 impigre
3241 5721 3580 5818 peregimus,

2007 5835 2302 5918 immortali
2329 5845 2385 5914 et
2419 5819 2782 5918 superccclcsti
2807 5835 2920 5907 regi
2948 5821 3190 5918 copiosas
3208 5842 3388 5920 grates
3403 5849 3567 5906 repcn
