3960 5844
401 409 502 476 158

1578 434 1941 498 ANASTASll
1976 433 2522 498 BlBLlOTHECARll

3567 430 3664 491 136

403 572 539 618 vero
570 556 740 614 solum
785 554 1042 614 historice
1086 555 1352 623 novimus,
1392 563 1446 612 et
1477 554 1543 612 de
1579 555 1664 611 his
1700 555 1857 612 nobis
1886 555 1988 610 hu—
2014 559 2064 620 Α
2093 555 2262 613 nioris
2289 555 2474 611 Romae
2505 570 2569 611 ac
2596 553 2939 610 orientalium
2978 550 3225 610 sedium?
3271 549 3473 623 Ioseph
3517 565 3668 608 reve-

408 652 625 710 mtlibus
671 652 776 706 tuis
808 649 1022 706 famulis
1066 649 1308 706 sufliciat.
1345 646 1722 720 Supplicamus
1767 656 1986 712 autent.

411 755 471 797 ut
516 743 729 799 inutiles
775 743 945 806 servi,
999 749 1054 797 et
1094 743 1441 797 obsecramus
1474 748 1552 805 te,
1601 739 1989 810 benignissime

412 843 736 904 imperator,
783 841 844 887 ut
873 847 986 898 eos,
1033 830 1125 902 qui
1171 829 1236 884 ad
1285 828 1538 884 divinitus
1588 827 1988 898 gubernandum

413 926 798 982 sublimitatem
848 933 992 979 tuam
1035 937 1102 978 ex
1151 921 1482 977 nostratibus
1525 919 1780 975 destinati
1823 929 1988 986 sunt,

411 1018 688 1074 beneficiis
728 1017 988 1083 cumules,
1020 1031 1124 1070 non
1174 1015 1345 1071 solum
1397 1021 1576 1069 autem
1631 1012 1784 1079 illos,
1817 1014 1908 1069 sed
1939 1022 1994 1070 et

419 1125 606 1167 omnes
633 1111 850 1166 omnino
869 1111 959 1180 qui
989 1109 1189 1166 Christi
1216 1108 1434 1165 nomine
1455 1117 1762 1175 censentur,
1787 1117 1841 1164 et
1863 1123 1986 1165 cum

371 1205 491 1307 ‘eis
527 1219 624 1275 pro
665 1204 850 1260 eadem
883 1202 1251 1274 redemptione
1280 1201 1548 1273 legatione
1577 1199 1891 1273 funguntur,
1921 1201 1990 1256 ad

408 1294 741 1365 eripiendum
774 1293 1023 1350 videlicet
1045 1309 1075 1348 a
1106 1293 1412 1364 suspicione
1436 1291 1538 1348 hos
1556 1291 1647 1363 qui
1669 1293 1818 1348 missi
1843 1299 1988 1358 sunt,

407 1394 459 1440 et
487 1400 584 1441 nos
608 1383 700 1455 qui
729 1383 1001 1451 misimus,
1030 1392 1089 1438 ut
1117 1383 1297 1439 cuncti
1320 1397 1488 1454 penes
1519 1397 1708 1438 omnes
1735 1383 1827 1453 qui
1850 1383 1990 1453 apud

408 1463 506 1532 no‘s
555 1485 680 1532 sunt
721 1475 918 1531 bonam
966 1475 1200 1541 faciem,
1233 1482 1287 1529 et
1316 1473 1574 1544 temporis
1605 1473 1992 1544 redemptionis

407 1569 641 1623 fructum
668 1582 954 1638 capessere
980 1567 1257 1622 valeamus
1287 1583 1300 1620 :
1331 1575 1596 1636 quatenus
1618 1565 1810 1620 divina:
1839 1564 1993 1620 boni-

406 1660 533 1716 tatis
560 1672 613 1716 et
641 1658 841 1715 Christi
879 1667 1085 1713 amator
1126 1657 1313 1712 mundi
1356 1656 1691 1727 principatus
1728 1664 1850 1712 tuus
1891 1670 1991 1726 pro

407 1768 503 1810 suo
538 1760 662 1808 voto
693 1766 757 1806 ac
786 1749 938 1806 libito
974 1748 1163 1819 jubeat
1204 1757 1260 1804 et
1292 1757 1437 1820 agat,
1476 1747 1864 1804 omnitenentis
1893 1745 1987 1801 Dei

406 1843 607 1900 auxilio
632 1845 854 1911 ductus,
885 1858 948 1899 ac
974 1841 1245 1899 continuis
1274 1852 1329 1897 et
1357 1841 1788 1897 indeficientibus
1829 1839 1988 1896 bonis

406 1937 857 2004 accumulaudus,
895 1946 950 1993 et
989 1945 1112 2008 post
1140 1937 1306 1992 vitam
1350 1936 1639 2008 plurimam
1668 1936 1987 2007 etcopiosoo
2020 1923 2066 1984 Β

407 2048 526 2086 rum
551 2045 814 2086 annorttm
839 2029 1108 2085 curricula
1132 2029 1426 2084 immortali
1449 2029 1676 2098 imperio
1705 2028 1986 2097 fruiturus,

408 2122 878 2194 deprecationibus
922 2120 1285 2184 immaculata:
1317 2121 1415 2178 Dei
1459 2120 1740 2192 genitricis
1785 2121 1989 2188 Mariae,

406 2215 680 2287 Marcique
709 2215 971 2272 mirabilis
1011 2215 1274 2286 apostoli,
1306 2213 1650 2286 evangelistze
1686 2229 1752 2269 ac
1787 2223 1992 2286 marty-

407 2309 504 2373 ris,
539 2307 699 2363 simul
735 2318 791 2364 et
817 2309 1166 2379 prmceptoris
1194 2308 1390 2375 nostri,
1421 2316 1476 2363 et
1504 2307 1744 2363 omnium
1776 2316 1990 2364 sancto-
2041 2357 2044 2359 λ

406 2415 526 2455 rum
553 2399 801 2455 mandata
846 2400 939 2456 Dei
969 2399 1380 2471 perficientium.
1405 2399 1596 2456 Amen.

477 2486 924 2544 Commendatitia
953 2505 1081 2561 ergo
1123 2490 1347 2560 epistola
1388 2490 1524 2546 lecta
1549 2531 1565 2558 ,
1607 2493 1845 2550 Donatus
1879 2493 1992 2551 Deo

407 2581 767 2637 amicissimus
791 2583 1074 2653 episcopus
1096 2582 1279 2652 Ostite,
1307 2594 1362 2640 et
1391 2584 1696 2657 Stephanus
1722 2587 1832 2643 Deo
1858 2587 1993 2643 ami-

405 2675 656 2731 cissimus
685 2678 967 2747 episcopus
1002 2675 1189 2748 Nepae,
1221 2694 1284 2734 ac
1323 2677 1564 2736 Marinus
1603 2681 1992 2738 reverendissi-

405 2783 525 2822 mus
553 2768 809 2824 diaconus
839 2779 1040 2825 sancta:
1080 2769 1338 2827 Romana:
1365 2772 1647 2842 Ecclesiae,
1681 2775 1932 2831 dixerunt
1972 2788 1988 2829 :

406 2858 545 2914 Ecce
573 2858 747 2914 defert
771 2859 862 2914 hic
889 2859 1394 2919 honorabilissimus
1418 2864 1500 2919 vir
1525 2866 1992 2924 commendatitias

405 2948 634 3016 litteras,
675 2965 810 3021 quas
851 2967 882 3004 a
928 2953 1237 3022 patriarcha
1286 2970 1385 3010 suo
1431 2955 1691 3013 Michaele
1738 2959 1989 3030 accepit:

406 3039 692 3095 didicimus
719 3042 838 3110 quis
867 3043 974 3108 sit,
1016 3052 1070 3098 et
1109 3045 1250 3099 unde
1287 3046 1529 3111 venerit,
1569 3057 1625 3102 et
1670 3049 1994 3119 suscipimus

406 3144 532 3184 eum
561 3138 621 3185 ut
643 3132 910 3188 veraciter
932 3131 1034 3188 loci
1066 3143 1397 3190 servatorem
1426 3135 1801 3193 Alexandrina:
1827 3137 1990 3193 sedis.

406 3223 602 3279 Dicant
647 3239 776 3294 ergo
819 3226 887 3280 ad
932 3227 1035 3283 hoc
1081 3234 1135 3283 et
1176 3229 1501 3284 sanctissimi
1543 3229 1643 3286 loci
1689 3240 1994 3289 servatores

406 3315 750 3371 orientalium
779 3318 985 3372 sedium
1007 3359 1022 3384 ,
1052 3327 1106 3374 et
1135 3334 1289 3375 sacra
1320 3321 1589 3392 synodus,
1615 3332 1670 3378 et
1704 3323 1813 3379 Deo
1839 3339 1989 3379 ama-

405 3407 541 3463 biles
571 3408 838 3479 episcopi,
872 3410 999 3479 quid
1032 3411 1134 3465 sibi
1163 3411 1410 3467 videatur
1437 3429 1600 3484 super
1625 3415 1749 3482 hoc,
1777 3422 1832 3470 et
1860 3429 1994 3486 quo-

408 3497 568 3552 modo
599 3498 967 3554 certilicentur
993 3501 1046 3554 in
1074 3500 1320 3570 epistola.
1357 3501 1559 3558 Sancta
1587 3512 1642 3559 et
1675 3504 1995 3562 universalis

408 3591 644 3659 synodus
675 3589 809 3645 dixit
843 3608 855 3644 :
889 3590 1134 3648 Perfecte
1169 3593 1374 3648 creduli
1402 3593 1532 3650 facti
1565 3611 1773 3657 sumus,
1803 3603 1858 3651 et
1879 3611 1996 3652 cer-

410 3679 596 3734 tiﬁcati
625 3696 814 3736 sumus
841 3696 1030 3738 onmes
1055 3698 1123 3739 ex
1149 3683 1375 3755 epistola
1402 3701 1520 3757 quae
1552 3685 1712 3741 modo
1750 3687 1886 3743 lecta
1913 3693 1995 3743 est

409 3781 592 3822 coram
617 3767 789 3834 nobis,
813 3769 937 3837 quia
965 3785 1070 3826 non
1097 3775 1277 3839 fictus,
1304 3775 1398 3828 sed
1421 3774 1737 3830 verissimus
1758 3775 1994 3832 vicarius

408 3868 494 3914 est
537 3860 714 3914 throni
762 3861 1134 3930 Alexandriae;
1177 3874 1399 3936 propter
1427 3867 1570 3937 quod
1610 3876 1665 3924 et
1707 3869 1996 3940 recipimus

408 3963 532 4002 eum
553 3988 568 4013 ,
607 3958 662 4002 et
691 3947 1051 4019 glorificamus
1090 3953 1257 4008 Deum
1288 3955 1692 4021 universorum,
1725 3957 1816 4026 qui
1853 3960 1995 4028 quod

408 4036 595 4094 deerat
639 4039 931 4095 universali
981 4045 1188 4112 synodo
1234 4043 1531 4114 supplevit,
1584 4055 1638 4102 et
1684 4062 1804 4102 eam
1851 4065 1995 4106 nunc

409 4129 860 4200 perfectissimam
911 4133 1319 4190 demonstravit.
1370 4137 1887 4209 Magnificentissimi
1941 4153 1997 4200 et

410 4222 784 4294 gloriosissimi
822 4227 1094 4299 principes
1119 4230 1371 4286 dixerunt
1404 4233 1472 4287 ad
1502 4231 1701 4305 Joseph
1742 4249 1994 4292 reveren-

409 4317 688 4374 dissimqu
720 4320 1002 4377 diaconum
1031 4331 1086 4378 et
1115 4323 1218 4380 loci
1247 4335 1582 4383 servatorem
1608 4327 1948 4388 Alexandria:
1975 4349 1990 4387 :

407 4407 699 4479 Habemus,
725 4413 903 4482 Pater,
936 4431 1237 4474 sermonem
1269 4420 1336 4474 ad
1364 4422 1705 4478 sanctitatem
1735 4433 1880 4482 tuam
1910 4425 1992 4482 lo—

407 4503 627 4574 quendi.
682 4504 1000 4578 Priusquam
1059 4510 1167 4566 huc
1215 4513 1522 4582 perveniret
1572 4517 1832 4574 sanctitas
1880 4527 1991 4586 tua,

2094 651 2446 706 rendissimus
2488 649 2901 704 archidiaconus
2949 657 3005 704 et
3050 647 3288 703 vicarius
3329 646 3670 702 Alexandria:

2094 742 2228 798 dixit
2252 759 2266 796 :
2295 741 2608 812 Complacet
2638 739 2767 795 mihi
2805 740 2860 795 in
2889 739 3036 795 omni
3064 739 3431 796 ecclesiastica
3459 738 3674 795 actione

2093 845 2146 891 ct
2176 835 2524 906 dispositione
2557 833 3024 890 sanctissimorum
3069 832 3171 888 loci
3217 841 3557 888 servatorum
3584 845 3673 887 se-

2093 930 2262 985 nioris
2288 929 2496 996 Romae,
2526 943 2590 984 ac
2612 927 2953 982 orientalium
2981 926 3211 993 sedium,
3243 933 3296 981 et
3317 925 3461 995 quod
3489 929 3676 980 saneto

2095 1037 2158 1076 ac
2187 1021 2327 1092 iuste
2355 1021 2761 1091 disposuerint:
2795 1028 2851 1074 ct
2879 1034 3009 1075 ecce
3033 1033 3143 1090 prae
3181 1018 3434 1073 manibus
3459 1015 3515 1071 in
3541 1014 3678 1073 scri-

2093 1111 2200 1182 ptis
2227 1127 2446 1166 sensum
2477 1126 2678 1176 mcum,
2727 1119 2783 1166 et
2819 1110 2863 1166 si
2896 1109 3098 1181 jubetis
3125 1108 3336 1179 legatur
3363 1122 3553 1163 coram
3575 1106 3678 1164 hac

2077 1218 2246 1258 sacra
2275 1204 2511 1275 synodo;
2543 1203 2595 1259 in
2622 1203 2856 1260 residuis
2879 1218 3034 1272 vero,
3058 1209 3220 1273 prout
3248 1215 3554 1274 cognovero
3578 1213 3678 1272 per

2095 1297 2324 1369 gratiam
2354 1295 2578 1362 Christi,
2607 1295 2751 1366 quod
2791 1295 2996 1367 justum
3043 1303 3098 1349 et
3125 1302 3375 1350 sanctum
3406 1292 3591 1358 fuerit,
3622 1298 3678 1348 et

2095 1388 2272 1443 dicam
2314 1395 2372 1442 et
2412 1401 2589 1457 agam.
2639 1384 2979 1442 Sanctissimi
3005 1383 3194 1441 vicarii
3233 1383 3464 1440 senioris
3493 1382 3678 1439 Romae

2094 1478 2347 1534 dixerunt
2373 1496 2385 1532 :
2421 1478 2560 1534 Ecce
2586 1477 2891 1533 audivimus
2914 1491 2979 1532 ea
3005 1491 3126 1547 qua:
3151 1475 3354 1542 dixisti,
3382 1481 3437 1530 et
3465 1473 3680 1545 placent

2095 1571 2248 1628 nobis
2293 1571 2494 1636 omnia,
2545 1580 2602 1626 et
2644 1570 2764 1625 ideo
2811 1569 3056 1624 volumus
3095 1575 3157 1622 ut
3203 1566 3261 1622 in
3307 1565 3490 1622 medio
3525 1565 3679 1621 istius

2094 1669 2295 1718 sancta:
2328 1660 2649 1716 universalis
2687 1659 2875 1732 synodi
2919 1659 3129 1730 legatur
3170 1656 3353 1728 opinio
3386 1669 3550 1727 quam
3586 1655 3681 1710 ha-

2094 1757 2208 1812 bes.
2247 1755 2318 1812 Et
2356 1763 2480 1826 post
2520 1754 2625 1810 hoc
2673 1767 2902 1825 surgens
2932 1750 3146 1822 .Joseph
3197 1747 3679 1806 reverendissimus

2095 1846 2507 1902 archidiaconus
2553 1852 2610 1899 et
2657 1843 2762 1898 loci
2811 1850 3058 1898 servator
3091 1839 3456 1905 Alexandriae,
3499 1838 3681 1908 posuit

2093 1953 2312 1996 sensum
2339 1953 2496 1994 suum
2523 1937 2783 2008 scriptum
2815 1935 2957 1991 inter
2981 1934 3217 2006 pretiosa
3247 1932 3410 2005 ligna,
3452 1940 3509 1988 et
3535 1931 3675 1986 inte-

2092 2042 2298 2088 merata
2346 2031 2636 2104 Evangelia
2669 2049 2682 2086 :
2723 2029 2910 2100 sicque
2951 2030 3166 2085 demum
3205 2027 3390 2098 jussus
3440 2026 3676 2084 Thomas

2093 2125 2572 2181 reverendissimus
2616 2123 2875 2180 diaconus
2927 2129 2984 2178 et
3033 2121 3262 2178 devotus
3314 2119 3581 2188 notarius,
3623 2119 3680 2176 in

2093 2218 2270 2274 medio
2298 2219 2486 2291 synodi
2516 2216 2686 2284 sta'ns,
2719 2217 2888 2288 legit:

2090 2376 2282 2448 Joseplt
2306 2378 2588 2432 monachus
2615 2387 2661 2432 et
2683 2375 3083 2448 archidiaconus
3105 2375 3416 2448 acrnicarius
3445 2371 3680 2448 Hic/rae:

2162 2445 2226 2503 lis
2255 2449 2570 2503 sanctissimi
2607 2447 2923 2518 patriarcha:
2951 2447 3287 2502 Alexandria:
3313 2446 3426 2502 haec
3452 2447 3580 2501 dicit
3611 2445 3680 2500 ad

2163 2530 2399 2575 sanctam
2424 2530 2471 2574 et
2505 2517 2847 2576 uniuersalem
2883 2520 3140 2591 synodum
3169 2532 3187 2570 :

2167 2667 2320 2724 Nunc
2363 2668 2584 2740 dignum
2631 2677 2714 2725 est
2759 2668 2939 2725 dicere
2984 2683 3108 2725 cum
3155 2667 3419 2740 propheta
3462 2665 3677 2724 David:

2101 2757 2435 2816 Voluntatem
2471 2761 2764 2816 timentium
2788 2777 2842 2816 se
2880 2760 3036 2830 faciet
3070 2759 3346 2825 Dominus,
3391 2769 3440 2815 et
3486 2759 3682 2815 oratio-

2097 2868 2211 2906 nem
2232 2868 2412 2907 eorum
2433 2853 2695 2920 exaudiet,
2721 2862 2770 2908 et
2794 2851 2963 2908 salvos
2989 2852 3144 2922 faciet
3165 2869 3251 2908 eos
3273 2850 3447 2924 (Psal.
3472 2852 3678 2922 cxuv).

2094 2945 2228 3001 Nam
2255 2946 2381 3016 quia
2420 2963 2519 3018 per
2562 2947 2743 3002 omnia
2792 2945 3260 3002 mansuetissimus
3300 2953 3356 3002 et
3403 2945 3682 3016 piissimus

2097 3038 2392 3110 imperator
2421 3049 2607 3096 noster
2633 3039 2864 3095 Basilius
2895 3039 3302 3095 fundamentum
3351 3047 3408 3095 et
3443 3038 3679 3109 crepidi-

2096 3146 2219 3187 nem
2273 3132 2325 3186 in
2383 3132 2561 3186 anima
2611 3147 2707 3187 sua
2759 3132 3005 3187 timorem
3067 3131 3159 3186 Dei
3220 3129 3432 3201 posuit,
3480 3135 3680 3184 cuncta

2097 3238 2227 3280 vero
2246 3225 2422 3281 studia
2453 3240 2548 3281 sua
2565 3226 2859 3282 secundum
2882 3225 3026 3280 hunc
3049 3223 3266 3280 modum
3289 3223 3575 3293 produxit;
3604 3220 3683 3277 id-

2096 3318 2243 3376 circo
2290 3317 2432 3372 oculi
2470 3316 2696 3373 Domini
2725 3324 3118 3389 consequenter
3145 3331 3311 3387 super
3340 3332 3464 3372 eum
3507 3315 3679 3385 respi-

2096 3412 2266 3476 ciunt,
2300 3410 2592 3467 secundum
2619 3410 2769 3466 illum
2798 3411 2889 3481 qui
2917 3411 3054 3466 dixit
3083 3428 3096 3465 :
3131 3409 3268 3465 Ecce
3299 3409 3438 3464 oculi
3468 3407 3680 3463 Domini

2093 3519 2248 3573 super
2278 3503 2514 3559 timentes
2541 3519 2683 3569 eum,
2708 3511 2757 3557 et
2785 3504 2840 3557 in
2869 3519 2956 3556 eos
3000 3503 3091 3574 qui
3124 3512 3334 3573 sperant
3377 3502 3432 3556 in
3475 3500 3683 3556 miseri-

2095 3597 2277 3651 cordia
2323 3597 2438 3668 ejus
2485 3595 2660 3668 (Psal.
2703 3595 2876 3667 xxxn)
2907 3614 2920 3650 :
2955 3596 3083 3652 hinc
3131 3596 3295 3652 etiam
3342 3595 3679 3651 voluntatem

2095 3705 2249 3746 suam
2277 3688 2577 3758 piissimam
2605 3696 2662 3743 et
2703 3685 3061 3755 iustissimam
3091 3687 3158 3742 ad
3185 3686 3537 3742 stabilitatem
3566 3699 3680 3742 sua:

2095 3779 2241 3844 fidei,
2269 3787 2326 3834 et
2348 3778 2626 3834 catholicae
2651 3776 2904 3834 Ecclesia:
2925 3786 3308 3834 ornamentum
3334 3776 3571 3848 dirigere
3593 3778 3682 3833 de-

2093 3870 2358 3934 liberavit,
2409 3877 2464 3925 et
2507 3867 2746 3941 perfecte
2791 3869 2846 3923 in
2899 3869 3311 3940 completionem
3361 3883 3678 3939 prosperam

2095 3959 2383 4016 destinavit
2408 3977 2421 4013 :
2456 3974 2519 4016 ea
2544 3959 2689 4015 enim
2713 3975 2834 4030 quae
2861 3959 3188 4015 videbantur
3221 3958 3530 4016 hominibus
3560 3975 3680 4016 esse

2093 4050 2447 4122 impossibilia
2483 4058 2540 4108 et
2571 4050 2748 4107 facilia
2780 4050 2870 4106 hic
2897 4051 3192 4106 constituta
3219 4061 3362 4117 sunt,
3395 4049 3679 4122 Scriptura

2095 4146 2305 4202 dicente
2352 4163 2366 4201 :
2415 4145 2500 4201 Ea:
2548 4163 2636 4200 ore
2661 4146 2888 4200 duorum
2935 4144 3012 4200 vel
3059 4146 3217 4200 trium
3263 4145 3474 4200 testium
3520 4144 3679 4199 stabit

2093 4257 2244 4296 omne
2265 4241 2472 4296 verbum
2505 4239 2556 4310 (1
2586 4239 2720 4294 Tim.
2751 4238 2827 4312 v).
2856 4238 2960 4296 Per
2987 4246 3221 4310 quatuor
3248 4246 3413 4294 testes
3437 4237 3676 4308 irrepre-

2094 4335 2390 4392 hensihiles
2430 4344 2484 4391 et
2529 4335 2646 4390 sine
2677 4333 2962 4390 mendacio
3002 4333 3247 4389 exhiberi
3293 4333 3367 4387 illi
3416 4331 3677 4388 Dominus

2093 4428 2263 4485 voluit
2311 4443 2496 4483 veram
2551 4426 2868 4482 instantium
2921 4424 3260 4496 negotiorum
3319 4422 3676 4480 examinatio-

2093 4535 2246 4585 nem;
2282 4518 2356 4573 ita
2411 4528 2470 4572 ut
2510 4532 2725 4588 semper
2775 4517 3072 4573 satisfactio
3103 4516 3338 4588 perfecta
3372 4516 3437 4571 iis
3464 4517 3554 4586 qui
3586 4530 3675 4570 vo-

407 4595 565 4706 factae
587 4607 714 4652 sunt
735 4601 974 4706 actiopcs
996 4610 1148 4702 octo;
1183 4611 1290 4658 tam
1312 4604 1377 4660 de
1399 4606 1740 4663 sanctissimo
1760 4611 1992 4679 patriar-
2017 4647 2068 4706 Β
2098 4613 2212 4668 Ιυηι
2241 4613 2542 4684 intelligere
2572 4613 2876 4682 praebeatur
2903 4629 2916 4666 :
2953 4612 3078 4683 quia
3109 4625 3206 4681 per
3236 4611 3404 4666 Deum
3451 4618 3506 4665 et
3536 4605 3677 4679 apud

409 4689 508 4743 cha
527 4729 541 4754 ,
568 4704 728 4758 quant
757 4690 822 4745 de
865 4691 1058 4748 Photio
1089 4695 1503 4764 praevaricatore
1533 4707 1694 4769 atque
1736 4708 1988 4773 tyranno,

410 4796 504 4835 seu
551 4783 618 4836 de
668 4783 1014 4854 impositione
1052 4802 1244 4843 manus
1273 4789 1410 4859 ejus,
1443 4801 1497 4846 et
1524 4792 1644 4847 aliis
1669 4795 1988 4862 quibusdam

407 4877 678 4948 capitulis.
729 4879 938 4935 Audisti
987 4895 1052 4934 cx
1096 4881 1174 4936 eis
1201 4881 1516 4952 quidquam,
1551 4886 1822 4953 quomodo
1845 4884 1990 4954 judi-

409 4976 532 5023 cata
586 4970 716 5035 sint,
764 4971 845 5025 vel
900 4972 1133 5040 qualiter
1171 4971 1414 5043 deposita
1448 4974 1692 5029 fuerint?
1748 4975 1991 5032 Didicisti

412 5057 557 5112 cnim
584 5058 650 5111 de
675 5059 882 5115 duobus
908 5060 993 5116 his
1022 5063 1346 5118 necessariis
1393 5063 1673 5133 capitulis,
1722 5066 1788 5121 de
1835 5080 1989 5122 rece-

410 5146 599 5218 ptione
629 5147 836 5202 scilicet
874 5151 1197 5206 sanctissimi
1241 5154 1564 5223 patriarcha:
1605 5156 1813 5226 lgnatii,
1861 5174 1992 5229 quo-

409 5237 570 5291 modo
596 5236 866 5294 stabilitas
895 5247 950 5294 et
977 5239 1328 5297 confirmatus
1354 5243 1446 5308 sit,
1499 5254 1553 5299 et
1600 5247 1664 5302 de
1691 5247 1992 5318 objectione

410 5325 608 5393 Photii,
655 5327 886 5397 qualiter
932 5329 1171 5399 dcjectus
1199 5332 1550 5402 ctprojectus
1596 5337 1810 5402 cxistat,
1864 5355 1985 5395 cum

413 5426 523 5473 tota
553 5419 913 5489 promotione,
945 5437 1009 5475 ac
1040 5437 1230 5477 manus
1263 5423 1603 5494 impositione
1630 5427 1746 5483 sua'.
1789 5428 1988 5502 Joseph

411 5510 896 5568 reverendissimus
962 5511 1372 5572 archidiaconus
1450 5526 1505 5573 et
1586 5518 1687 5575 loci
1748 5532 1991 5579 servator

408 5600 748 5656 Alexandriae
769 5601 904 5655 dixit
936 5619 948 5654 :
978 5601 1189 5669 Audivi,
1221 5612 1275 5659 et
1303 5605 1462 5661 didici
1495 5623 1614 5662 cum
1647 5611 1812 5668 multo
1841 5629 1992 5668 scru-

413 5689 543 5746 tinio
572 5700 626 5748 et
653 5693 928 5763 diligentia
957 5701 1149 5747 cuncta
1177 5711 1296 5766 quae
1323 5706 1442 5752 acta
1472 5708 1616 5754 sunt.
1649 5699 1991 5772 Magniﬁcen-

415 5782 602 5832 IiSSin‘i
646 5792 699 5826 ρ.
744 5783 1114 5834 σιονίοςίςςίιηί
1154 5788 1422 5836 ηνίηρίηρς
1455 5789 1710 5842 dixerunt
1735 5810 1746 5822 .
1782 5794 1991 5844 Ergune

2094 4707 2263 4760 Deum
2315 4713 2666 4776 prosperatur
2711 4720 2741 4758 a
2789 4704 2898 4759 Deo
2946 4703 3228 4760 redimitus
3259 4703 3552 4774 imperator
3582 4715 3675 4755 no-

2094 4806 2244 4851 ster:
2277 4804 2333 4850 et
2360 4797 2426 4851 de
2451 4794 2726 4864 Hesperiis
2753 4794 2968 4864 quidem
3003 4794 3248 4865 partibus
3275 4793 3514 4854 ,vicarios
3552 4807 3676 4848 san-

2093 4896 2193 4941 ctae
2241 4886 2606 4941 Romanorum
2654 4884 2908 4941 Ecclesia:
2937 4885 3189 4951 abduxit;
3227 4885 3294 4940 de
3330 4883 3465 4940 locis
3494 4893 3675 4940 autem

2094 4991 2212 5047 quae
2242 4984 2494 5032 tenentur
2519 4993 2549 5032 a
2583 4977 2874 5033 contrariis
2903 4976 3233 5042 nationibus,
3287 4991 3406 5046 quae
3452 4975 3673 5032 inimico

2095 5067 2277 5123 animo
2306 5067 2627 5124 Christiana:
2668 5068 2832 5123 tribui
2874 5070 3248 5135 adversantur,
3295 5077 3672 5138 cooperatores
3706 5067 3710 5112 ἓ

2094 5167 2150 5214 et
2188 5156 2571 5228 suifragatores
2612 5159 2858 5215 veritatis
2903 5163 3186 5217 ostendere
3229 5159 3420 5216 diebus
3460 5159 3673 5233 imperii

2094 5250 2198 5312 sui,
2233 5258 2288 5304 et
2318 5252 2622 5306 coexcitare
2658 5250 2910 5322 dignatus
2954 5260 3058 5308 est.
3107 5252 3262 5308 Almo
3309 5251 3458 5308 enim
3503 5251 3674 5308 fratre

2094 5351 2311 5406 nostro,
2364 5342 2571 5398 Thoma
2623 5343 2830 5400 scilicet
2879 5345 3217 5402 sanctissimo
3263 5345 3495 5415 praesule
3541 5343 3672 5419 Tyri

2093 5434 2282 5502 prima:
2305 5433 2660 5508 metropoleos
2685 5434 3125 5492 Antiochensium
3156 5435 3356 5503 throni,
3383 5435 3478 5506 qui
3504 5435 3678 5494 etiam

2095 5522 2491 5579 ecclesiasticas
2523 5540 2610 5579 res
2639 5523 2772 5594 ejus,
2801 5541 2867 5581 eo
2898 5528 3038 5596 quod
3082 5543 3186 5584 non
3234 5527 3307 5582 sit
3348 5527 3549 5585 ibidem
3577 5515 3686 5599 pa?

2097 5615 2331 5670 triarcha
2384 5616 2641 5686 disponit,
2691 5617 2795 5671 huc
2840 5621 3147 5685 accedente,
3195 5635 3299 5674 una
3345 5636 3470 5675 cum
3519 5620 3670 5676 Helia

2093 5705 2433 5760 sanctissimo
2459 5707 2776 5776 presbytero
2815 5718 2870 5763 et
2915 5711 3151 5780 syncello
3177 5711 3397 5766 amem:
3439 5711 3449 5716 -
3483 5711 3546 5722 -α-

2093 5797 2419 5844 snlvmnrmn
2457 5799 2490 5842 ι1
2599 5799 2632 5815 ν’
2791 5809 2799 5812 ‘
2881 5803 2890 5812 '
