3960 5654
214 419 300 475 I37
836 407 1388 469 INTERPBETATIO
1427 408 1677 468 SYNODI
1716 407 1827 466 VIII
1860 406 2267 467 GENERALIS.
2304 434 2377 453 --
2407 408 2611 467 ACTIO
2649 408 2740 465 IX.

3309 414 3415 474 I38

211 534 337 590 lianc
368 545 487 602 ergo
513 542 879 586 consummare
922 543 987 583 ac
1030 542 1194 599 opere
1240 527 1399 597 pleno
1442 524 1736 597 perfectam
1763 528 1817 588 Α
1841 523 2031 580 bemus
2048 524 2568 590 omneseum,veluti
2599 524 2696 580 sia
2717 522 2889 595 prima
2916 524 3127 582 actione
3156 541 3325 598 usque
3353 529 3415 585 in

209 623 430 680 exhibere
459 619 639 676 volens
668 619 828 685 Deus,
858 618 950 688 qui
977 632 1140 688 super
1166 616 1345 673 omnia
1373 624 1429 672 et
1470 631 1582 688 prae
1620 631 1738 671 om-

209 713 341 770 nibus
378 718 457 766 est
492 707 782 780 perfectus,
807 710 971 764 etiam
1002 723 1103 762 nos
1132 724 1199 763 ex
1243 707 1558 762 meridianis
1603 705 1740 763 locis

207 804 416 869 attraxit,
447 803 613 857 vicem
653 802 962 873 supplentes
1001 800 1277 871 apostolici
1323 800 1500 857 throni
1532 814 1740 872 magnas

206 892 648 950 Alexandrinorum
672 893 940 956 Ecclesiae,
968 893 1059 963 qui
1087 891 1266 947 divina
1293 891 1466 963 gratia
1488 900 1541 946 et
1579 890 1731 960 regia

206 984 516 1055 inspiratione
555 983 783 1054 piissimi
814 983 1158 1053 imperatoris
1200 982 1306 1038 huc
1335 982 1733 1053 pervenientes,

205 1076 356 1131 omnia
380 1075 658 1146 diligenter
684 1076 1164 1147 investigavimus;
1211 1075 1286 1131 ita
1312 1083 1372 1131 ut
1399 1074 1532 1131 nihil
1573 1073 1741 1130 lateat

205 1183 285 1224 nos
316 1182 488 1222 eorum
528 1183 647 1238 quae
671 1176 821 1239 gesta
862 1176 986 1221 sunt
1017 1182 1046 1220 a
1079 1166 1338 1222 fratribus
1374 1165 1572 1221 nostris
1614 1173 1739 1221 ante

203 1257 564 1330 perventionem
590 1268 831 1314 nostram
856 1270 874 1310 :
898 1257 1119 1327 insuper
1140 1263 1196 1312 et
1223 1270 1415 1312 causas
1445 1270 1565 1326 qua:
1590 1255 1740 1325 prius

203 1358 335 1404 motae
381 1355 499 1401 sunt
566 1347 659 1402 hic
709 1348 854 1402 inter
905 1345 1306 1402 sanctissimum
1368 1345 1735 1416 patriarcham

201 1436 427 1509 lgnatium
471 1444 527 1491 et
571 1436 847 1501 Pbotium,
878 1437 970 1505 qui
1000 1450 1151 1491 more
1187 1435 1409 1492 latronis
1436 1442 1494 1490 et
1538 1434 1737 1491 mtechi

200 1531 245 1586 in
273 1531 506 1585 thronum
546 1528 739 1584 insiliit
774 1527 1352 1598 Constantinopoleos;
1387 1528 1515 1597 quin
1571 1527 1737 1583 etiam

196 1627 243 1673 et
266 1618 323 1673 de
343 1616 719 1673 venerabilium
747 1624 804 1672 et
828 1625 1135 1673 sanctarum
1165 1616 1455 1687 imaginum
1486 1631 1648 1672 sensu
1674 1629 1740 1672 ac

198 1707 437 1777 opinione,
484 1721 592 1761 non
642 1703 1010 1776 perfunctorie
1055 1719 1231 1775 neque
1283 1704 1592 1760 transitorie
1640 1705 1738 1759 has

194 1799 550 1864 examinantes,
578 1797 674 1853 sed
706 1796 901 1866 oppido
928 1795 1279 1859 sufficienter,
1308 1804 1368 1849 ut
1398 1795 1596 1861 decuit,
1630 1795 1741 1850 dis-

1838 615 2156 672 hodiernum
2183 615 2323 672 diem
2353 615 2508 672 nobis
2536 623 2854 685 cooperator
2893 618 3179 682 exstiterit,
3229 619 3415 675 nobis.”

1837 720 2070 775 cumque
2111 706 2490 761 consonaverit
2531 720 2548 761 :
2594 714 2815 775 propter
2845 706 2986 776 quod
3017 716 3070 761 et
3119 708 3409 779 recipimus

1837 809 1986 861 eum,
2014 804 2074 850 ut
2096 809 2283 851 verum
2313 803 2368 850 et
2391 795 2750 867 iustissimum
2780 795 2881 852 loci
2909 807 3235 853 servatorem
3264 802 3411 859 sedis

1836 884 2233 941 Alexandrinae.
2254 885 2765 957 Magnificentissimi
2786 894 2840 941 et
2867 887 3236 958 gloriosissitni
3264 894 3413 962 priu-

1839 975 1987 1046 cipes
2028 974 2284 1031 dixerunt
2324 976 2391 1031 ad
2436 976 2807 1032 sanctissimos
2852 976 2955 1033 loci
2986 989 3294 1038 servatores
3323 999 3415 1040 sc-

1838 1068 2008 1124 nioris
2048 1067 2250 1133 Romae,
2281 1083 2345 1124 ac
2369 1067 2722 1125 Orientalium
2756 1069 2964 1125 sedium
2992 1088 3006 1126 :
3046 1070 3202 1128 Modo
3227 1074 3411 1147 itaque

1839 1159 1943 1213 hoc
1984 1156 2278 1227 capitulum
2310 1165 2599 1214 termtnum
2627 1159 2857 1230 accepit,
2886 1168 2942 1215 et
2969 1175 3076 1215 non
3112 1171 3196 1217 est
3234 1178 3417 1220 sermo

1840 1247 1907 1303 de
1946 1248 2051 1304 hoc
2075 1248 2234 1315 alius,
2262 1250 2357 1305 sed
2393 1248 2668 1304 intuemur
2693 1263 2816 1305 cum
2848 1258 2907 1304 ut
2945 1266 3044 1306 nos
3073 1252 3239 1323 ipsos.
3286 1255 3419 1311 Ter-

1838 1338 2043 1395 minato
2084 1353 2213 1411 ergo
2258 1339 2361 1395 hoc
2410 1338 2674 1410 capitulo,
2722 1339 2850 1410 quid
2900 1342 3280 1410 consiliamini,
3328 1345 3412 1402 vei

1838 1426 1965 1498 quid
1995 1428 2157 1483 vultis
2195 1436 2253 1483 ut
2293 1429 2572 1485 ordinetur
2614 1430 2807 1485 hodie?
2847 1429 3179 1488 Sanctissimi
3229 1436 3416 1491 vicarii

1838 1518 2072 1574 senioris
2116 1518 2300 1574 Romae
2336 1519 2627 1575 dixerunt:
2657 1519 2761 1575 Per
2805 1523 3020 1578 nuntios
3060 1527 3413 1595 quorumdam

1840 1610 2096 1666 nobilium
2127 1612 2392 1677 virorum,
2431 1622 2485 1667 et
2516 1627 2613 1682 per
2657 1614 2903 1683 quaedam
2945 1614 3215 1672 dill‘amata
3253 1618 3419 1674 verba

1841 1701 2208 1771 cognovimus,
2257 1702 2382 1774 quia
2419 1703 2639 1773 quidem
2679 1704 2779 1759 viri
2818 1706 3149 1763 mendaciter
3173 1708 3339 1766 locuti
3367 1720 3423 1766 et

1845 1790 2119 1848 testiﬁcati
2164 1800 2291 1847 sunt
2334 1802 2523 1850 contra
2572 1794 2836 1865 lgnatium
2882 1798 3279 1856 sanctissimum
3321 1818 3420 1873 pa-

197 1897 459 1953 currentes,
484 1887 742 1943 admirati
779 1900 986 1950 sumus,
1020 1886 1222 1942 certius
1251 1884 1647 1955 compericntes
1676 1885 1743 1941 de
1769 1878 1818 1940 B
1850 1882 2143 1937 triarcham
2185 1882 2751 1955 Constantinopoleos,
2778 1894 2836 1941 et
2861 1886 2907 1942 si
2937 1894 3065 1942 sunt
3091 1887 3255 1959 aliqui
3284 1904 3423 1961 pra:-

195 1979 462 2049 bujusmodi
491 1980 682 2044 rebus,
715 1993 878 2048 quam
920 1975 1203 2032 manifesta
1247 1976 1318 2032 sit
1358 1990 1462 2031 vox
1489 1975 1739 2031 Salvato-

198 2069 279 2133 ris,
304 2084 413 2139 quae
440 2069 572 2124 dicit
605 2087 621 2123 :
656 2067 811 2124 Nihil
834 2068 1192 2123 absconditum
1219 2066 1358 2138 quod
1390 2083 1492 2120 non
1520 2066 1738 2133 sciatur,

191 2169 231 2217 et
261 2163 308 2217 in
339 2161 812 2231 manifestationem
838 2161 1006 2216 ueniat
1046 2158 1198 2231 (Luc.
1243 2161 1360 2228 xu).
1394 2157 1462 2214 Et
1503 2171 1692 2212 rursus
1722 2174 1737 2211 :

195 2249 411 2320 Spiritus,
438 2251 531 2305 ubi
561 2250 697 2316 vult,
718 2250 879 2321 spirat
906 2247 1086 2321 (Joan.
1112 2248 1219 2320 tu).
1243 2247 1453 2303 Etenim
1479 2246 1743 2303 veraciter

192 2349 237 2397 et
259 2342 693 2399 inextricabiliter
719 2358 751 2397 a
780 2341 890 2397 Deo
918 2342 1189 2413 inspirati,
1217 2351 1272 2397 et
1299 2341 1542 2397 aodivina
1570 2340 1741 2428 gratia

193 2426 304 2503 ejus,
324 2436 405 2491 isti
426 2451 521 2507 per
543 2436 721 2492 Deum
742 2437 797 2491 in
823 2437 926 2493 hac
946 2436 1167 2494 collecta
1194 2437 1397 2508 synodo
1419 2426 1742 2492 sanctissimi

189 2526 350 2581 vicarii
375 2527 610 2584 senioris
639 2527 824 2583 Romae
850 2538 907 2584 et
940 2526 1292 2583 Orientalium
1323 2527 1529 2582 sedium
1559 2526 1742 2583 omnia

189 2615 284 2688 lege
319 2617 534 2685 iustitiae
576 2627 635 2675 et
678 2618 884 2688 judicio
920 2621 1166 2677 veritatis
1196 2621 1599 2691 disposuerunt,
1640 2633 1743 2674 ne-

189 2720 427 2774 quaquam
466 2717 787 2764 reverentes
817 2709 943 2779 quid
971 2709 1331 2780 legitimorum
1359 2709 1743 2765 ecclesiastica:

188 2799 552 2868 consequentiae
568 2801 911 2871 negotiorum
936 2800 1102 2872 loqui,
1115 2801 1563 2872 quemadmodum
1588 2801 1743 2856 decet

186 2897 374 2943 sanctos
392 2899 446 2945 et
467 2890 783 2946 sacerdotio
799 2891 1100 2955 decoratos,
1124 2895 1348 2947 verbum
1370 2891 1614 2948 veritatis
1632 2907 1745 2947 am-

186 2976 356 3045 plexos.
371 2980 483 3035 Non
498 2982 653 3036 enim
677 2982 729 3036 in
749 2996 975 3036 vacuum
993 2992 1367 3048 cucurrerunt,
1391 2996 1562 3052 neque
1582 2983 1634 3038 in
1656 2998 1744 3038 va-

123 3084 129 3089 ν
185 3081 290 3122 num
311 3069 909 3148 laboraverunt,ineque
931 3074 1281 3144 praetulerunt
1301 3075 1572 3145 quippiam
1597 3076 1742 3131 aliud

187 3162 495 3229 congruentis
524 3162 633 3218 sibi
667 3165 986 3219 reverentia:
1006 3164 1172 3233 ‘atque
1186 3165 1498 3229 clementia},
1518 3179 1624 3234 quo
1637 3165 1741 3220 mi-

186 3259 269 3301 nus
291 3249 710 3323 investigatores
736 3261 918 3307 essent
940 3252 1073 3321 justi
1107 3254 1200 3307 Dei
1235 3254 1446 3323 judicii.
1500 3255 1655 3310 Unde
1687 3264 1741 3311 et

185 3350 281 3404 nos,
309 3340 406 3395 hoc
443 3341 657 3412 liquido
704 3356 771 3397 ac
809 3343 1095 3399 manifeste
1141 3344 1341 3415 agnito,
1373 3346 1741 3400 consentimus

183 3433 589 3488 eteonvenimus
631 3433 690 3487 in
737 3433 802 3487 iis
828 3449 948 3503 qua:
978 3436 1046 3487 ab
1088 3434 1219 3505 ipsis
1258 3433 1493 3503 iudicata
1523 3444 1581 3489 et
1625 3433 1742 3502 iure

183 3518 466 3592 deprompta
494 3531 650 3587 sunt,
684 3524 919 3581 scientes
947 3525 1232 3597 diligenter
1260 3541 1585 3581 conservare
1620 3541 1744 3582 sen-

180 3611 380 3666 tentiam
432 3613 657 3669 Domini
702 3616 872 3670 nostri
926 3614 1051 3670 Jesu
1099 3617 1345 3682 Christi,
1389 3632 1508 3686 qua:
1549 3617 1683 3672 dicit
1725 3637 1739 3672 :

184 3694 265 3754 Ubi
287 3713 399 3757 sunt
426 3704 535 3759 duo
563 3703 646 3759 vel
672 3715 778 3759 tres
809 3708 1105 3777 congregati
1136 3708 1188 3761 in
1217 3709 1424 3762 nomine
1452 3724 1590 3775 meo,
1624 3726 1741 3764 sum

181 3790 225 3843 is
245 3793 402 3847 inedia
431 3810 620 3848 eorum
668 3793 884 3865 (Matth.
924 3798 1098 3867 xvtu).
1131 3794 1316 3866 Neque
1356 3797 1501 3852 enim
1546 3798 1603 3853 in
1646 3814 1745 3854 no-

181 3880 303 3936 mine
340 3882 568 3940 alterius
596 3883 943 3954 cujusquam,
974 3901 1151 3957 neque
1177 3896 1397 3958 propter
1421 3887 1567 3943 aliud
1613 3888 1747 3958 quid

181 3983 343 4025 eorum
371 3989 492 4043 quae
523 3982 659 4030 sunt
691 3983 1059 4030 convenerunt
1090 3974 1200 4030 Deo
1224 3970 1743 4046 amabilia'patriar-

178 4058 277 4114 chia
324 4063 443 4129 tria,
475 4065 577 4120 sed
626 4073 849 4133 propter
895 4079 1089 4121 nomen
1136 4065 1350 4122 Domini
1394 4067 1567 4122 nostri
1613 4066 1743 4123 Jesu

178 4147 370 4217 Christi,
405 4169 434 4207 a
468 4170 585 4226 quo
622 4154 877 4211 videlicet
905 4157 1208 4212 mercedem
1245 4166 1302 4212 et
1332 4158 1743 4215 retributionem

175 4244 470 4312 percipient.
534 4244 668 4301 Vivo
699 4247 868 4311 enim,
905 4246 1032 4299 dicit
1071 4246 1360 4314 Dominus,
1400 4248 1492 4303 sed
1537 4248 1743 4320 glori/i-

179 4343 327 4388 cantes
362 4353 462 4401 me,
493 4336 832 4408 gloriﬁcabo.
884 4337 949 4392 Et
988 4340 1077 4410 qui
1114 4339 1291 4411 abjicit
1333 4356 1431 4405 me,
1460 4340 1746 4396 inhonora-

178 4418 297 4475 bitur
322 4424 507 4494 (Prov.
540 4428 692 4496 vtu).
725 4425 860 4482 Cum
891 4428 1086 4499 quibus
1110 4427 1412 4485 efficiamur
1439 4440 1493 4486 et
1532 4444 1630 4486 nos
1658 4446 1746 4486 co-

178 4520 466 4577 operatores
491 4513 818 4570 eorumdem
846 4515 1109 4584 laborum,
1140 4519 1431 4590 participes
1451 4535 1480 4572 a
1511 4519 1622 4575 Deo
1651 4521 1747 4575 tri-

175 4600 377 4662 buenda:
399 4606 723 4663 mercedum
752 4610 1266 4678 recompensationis
1294 4610 1348 4665 in
1368 4612 1567 4667 eodem
1601 4612 1741 4681 Deo,

178 4695 253 4761 qui
288 4696 375 4753 dat
418 4698 663 4754 salutem
708 4699 1129 4770 imperatoribus
1170 4701 1393 4766 nostris,
1436 4702 1651 4769 Basilio,
1690 4712 1748 4758 et

178 4780 531 4855 Constantino,
567 4796 629 4843 et
664 4788 859 4854 Leoni,
889 4798 943 4845 et
968 4805 1066 4860 per
1109 4806 1203 4846 eos
1253 4791 1520 4846 instaurat
1570 4793 1747 4864 regio-

181 4888 283 4931 nem
324 4889 376 4935 et
424 4882 670 4952 patriam
700 4882 973 4951 parochia:
1011 4892 1229 4950 nostrae,
1258 4899 1378 4954 quae
1418 4885 1623 4955 pridem
1651 4901 1748 4957 per

182 4964 411 5025 desidiam
433 4987 636 5027 eorum
667 4971 761 5042 qui
784 4972 934 5040 prius
960 4974 1361 5045 imperaverunt
1384 4975 1576 5031 ablatae
1599 4984 1745 5042 sunt,

180 5058 490 5117 orationibus
541 5070 603 5116 et
652 5061 1138 5119 intercessionibus
1167 5064 1398 5120 dominae
1426 5073 1625 5121 nostra:
1651 5065 1748 5123 Dei

181 5147 451 5217 genitricis,
483 5159 542 5206 et
568 5151 821 5205 omnium
850 5162 1176 5209 sanctorum.
1202 5155 1394 5209 Amen.

239 5237 297 5292 Et
354 5251 479 5311 post
542 5241 844 5296 lectionem
898 5253 1079 5300 sancta
1136 5244 1459 5301 universalis
1510 5247 1748 5319 synodus

181 5327 299 5386 dixit
327 5349 340 5386 :
372 5331 610 5399 Littera,
644 5346 772 5402 quae
813 5330 946 5387 lecta
974 5344 1078 5401 est,
1107 5335 1429 5392 certiflcavit
1460 5354 1557 5392 nos
1586 5352 1750 5409 super

180 5423 360 5488 omnia,
390 5425 539 5495 quod
571 5430 847 5479 consonet
886 5422 1085 5492 judicio
1134 5436 1335 5483 sancta:
1379 5427 1746 5485 Romanorum

178 5509 427 5581 Ecclesiaa,
456 5532 525 5571 ac
547 5513 916 5571 Orientalium
934 5518 1075 5552 ειηνη

178 5610 273 5648 ιρι-⁵
288 5623 299 5625 Α
339 5610 351 5621 ’
429 5610 451 5614 Τ

1842 1981 2023 2029 sentes
2052 1973 2139 2029 hic
2167 1974 2232 2029 de
2258 1973 2390 2029 viris
2416 1975 2714 2045 prtedictis,
2744 1975 2998 2046 jubemus
3040 1986 3100 2033 ut
3140 1978 3420 2035 introeant

1842 2064 1908 2117 ad
1958 2063 2098 2119 hanc
2141 2072 2385 2119 sanctam
2428 2066 2713 2135 synodum,
2756 2075 2812 2122 et
2858 2081 3249 2138 cognoscamus
3289 2069 3420 2140 quid
3480 2077 3487 2087 ‘

1842 2154 2096 2226 dixerint,
2134 2164 2191 2210 et
2235 2155 2364 2226 quid
2413 2158 2591 2212 testati
2639 2158 2769 2213 sint.
2810 2158 3324 2231 Maguiflcentissimi
3366 2170 3424 2218 et

1843 2244 2214 2316 gloriosissimi
2240 2244 2512 2317 principes
2536 2247 2791 2303 dixerunt
2817 2263 2833 2304 :
2857 2248 2971 2306 Hoc
2996 2250 3258 2308 audistis?
3284 2253 3422 2311 Sanc

1842 2336 2069 2392 ctissimi
2116 2336 2302 2393 vicarii
2342 2338 2572 2395 senioris
2596 2338 2781 2395 Romae
2819 2340 3070 2398 dixerunt
3112 2362 3125 2398 :
3158 2344 3226 2400 Et
3262 2347 3419 2401 audi-

1846 2427 2041 2493 vimus,
2070 2435 2125 2483 et
2150 2428 2356 2499 scripto
2381 2428 2615 2486 vidimus
2642 2431 2829 2486 Romae
2855 2448 2953 2502 per
2977 2434 3173 2491 librum
3201 2437 3293 2507 qui
3323 2438 3418 2493 de—

1844 2519 2056 2575 scendit
2099 2535 2196 2590 per
2244 2518 2619 2577 Rhadoaldum
2669 2531 2723 2578 et
2774 2523 3091 2581 Zachariam
3129 2528 3221 2598 qui
3270 2529 3423 2586 missi

1844 2620 1971 2666 sunt
2016 2613 2124 2667 huc
2169 2611 2260 2667 illo
2301 2620 2543 2683 tempore
2580 2613 2863 2685 episcopi:
2906 2627 2958 2672 et
3005 2625 3290 2688 postquam
3339 2621 3423 2675 in-

1845 2703 2017 2774 gressi
2062 2718 2248 2759 sumus
2289 2704 2414 2768 huc,
2457 2704 2690 2775 amplius
2728 2706 3011 2763 certiticati
3057 2724 3263 2766 sumus.
3308 2710 3423 2766 Ma-

1847 2793 2274 2864 gniticentissimi
2324 2803 2377 2851 et
2426 2795 2798 2867 gloriosissimi
2848 2799 3116 2870 principes
3160 2800 3421 2859 dixerunt

1845 2884 1913 2939 ad
1957 2884 2329 2940 sanctissimos
2361 2886 2591 2942 vicarius
2632 2884 2983 2944 Orientalium
3013 2890 3218 2947 sedium
3254 2910 3268 2947 :
3305 2893 3414 2950 Vos

1845 2973 2015 3027 sancti
2059 2971 2249 3028 Patres
2297 2976 2463 3030 nostri
2516 2977 2741 3032 audistis
2791 2977 2856 3031 de
2897 2980 3128 3048 capitulo
3183 2982 3308 3046 ltoe,
3347 2983 3415 3038 de

1846 3078 1952 3133 quo
1987 3063 2146 3118 locuti
2179 3074 2303 3119 sunt
2349 3066 2673 3122 sanctissimi
2705 3066 2804 3123 loci
2844 3080 3149 3126 servatores
3187 3073 3420 3128 senioris

1849 3154 2070 3210 Romae:
2102 3154 2261 3210 vultis
2302 3164 2358 3211 et
2404 3157 2505 3227 ipsi
2551 3174 2796 3228 quaerere
2849 3162 3140 3230 capitulum
3197 3164 3321 3227 hoc,
3353 3180 3422 3219 an

1770 3219 1817 3283 (ἶ
1848 3246 1990 3301 non?
2009 3244 2206 3315 Ioseph
2236 3248 2329 3301 Dei
2352 3248 2548 3313 cultor,
2569 3250 2827 3304 diaconus
2848 3259 2902 3305 et
2926 3251 3163 3308 vicarius
3183 3253 3419 3309 Alexan-

1842 3339 1995 3405 driae,
2030 3347 2084 3395 et
2116 3339 2350 3395 Thomas
2389 3341 2495 3394 Deo
2531 3341 2777 3397 amabilis
2817 3344 3154 3412 metropolita
3182 3344 3332 3416 Tyri,
3363 3357 3424 3400 et

1839 3430 2047 3501 primas
2074 3429 2251 3484 throni
2283 3429 2604 3495 Antiochiae,
2626 3439 2678 3485 ct
2705 3430 2889 3487 Helias
2912 3432 3420 3489 honorabilissimus

1843 3522 2129 3592 presbyter
2157 3529 2212 3575 et
2237 3522 2504 3593 syncellus
2533 3524 2710 3577 throni
2743 3524 3237 3596 Hierosolymorum
3265 3526 3421 3581 dixe-

1843 3622 1968 3668 runt
2000 3630 2014 3667 :
2044 3613 2243 3669 Radice
2272 3614 2587 3668 instantium
2613 3629 2900 3684 pravarum
2933 3631 3134 3682 rerum,
3159 3631 3263 3672 una
3291 3632 3414 3672 cum

1845 3703 2049 3759 malitia
2079 3718 2200 3772 quae
2231 3704 2371 3758 inest
2397 3702 2472 3759 illi
2507 3714 2808 3775 opportune
2849 3715 3094 3779 purgata,
3125 3722 3424 3779 congruum

1842 3804 1926 3848 est
1973 3793 2183 3863 iniquas
2214 3793 2376 3848 etiam
2398 3793 2733 3865 propagines
2778 3809 2899 3865 qua:
2946 3795 3035 3852 hic
3083 3797 3416 3867 pullularunt

1843 3883 2147 3949 emundari,
2182 3884 2313 3939 etin
2339 3882 2761 3940 convenientem
2802 3885 3109 3956 bonamque
3154 3887 3424 3945 culturam

1842 3976 2079 4031 restitui.
2111 3975 2368 4046 Cupimus
2396 3976 2560 4046 igitur
2583 3984 2639 4031 et
2660 3990 2759 4032 nos
2797 3978 2899 4033 hoc
2923 3978 3178 4034 intimari.
3210 3979 3276 4035 Et
3303 3981 3424 4036 hor-

1844 4074 1989 4122 tatus
2039 4065 2345 4137 Stephanus
2375 4068 2860 4124 reverendissimus
2889 4069 3146 4125 diaconus
3176 4060 3428 4126 et'nota—

1845 4159 1960 4215 rius
1983 4176 2011 4214 a
2038 4160 2382 4216 sanctissimo
2419 4160 2728 4231 patriarcha
2778 4162 3006 4235 Ignatio,
3047 4174 3199 4221 stans
3226 4166 3279 4221 in
3307 4182 3428 4223 me-

1845 4249 1953 4314 dio,
1976 4250 2044 4304 ad
2066 4259 2308 4307 sanctam
2330 4252 2595 4323 synodum
2620 4253 2756 4308 dixit
2785 4273 2797 4309 :
2831 4254 3017 4311 Placet
3048 4258 3300 4313 omnibus
3330 4274 3425 4315 vo-

1844 4339 1928 4396 bis
1953 4349 2013 4397 ut
2041 4342 2380 4398 examinetur
2407 4343 2700 4415 capitulum
2727 4345 2863 4400 hoc?
2888 4345 3021 4401 Tota
3042 4356 3231 4403 sancta
3252 4363 3421 4420 syno-

1847 4433 1947 4488 dus
1992 4432 2313 4489 exclamavit
2357 4450 2370 4488 :
2409 4434 2593 4491 Placet
2649 4435 2920 4491 omnibus.
2950 4436 3017 4492 Et
3040 4446 3162 4509 post
3190 4438 3292 4491 hoc
3329 4452 3426 4507 per

1842 4521 2140 4593 jussioncm
2171 4533 2372 4580 sanctae
2397 4526 2585 4595 synodi
2635 4526 2931 4581 intromissi
2961 4537 3085 4581 sunt
3116 4535 3304 4591 testes,
3333 4527 3428 4596 qui

1849 4614 2452 4687 fallaciterjuraverunt
2502 4624 2688 4670 contra
2741 4616 3005 4687 lgnatium
3034 4617 3420 4689 patriarcham,

1848 4722 2033 4764 coram
2067 4707 2382 4763 Bhadoaldo
2424 4716 2477 4761 et
2500 4708 2762 4764 Zacharia
2796 4710 3068 4779 quondam
3114 4710 3423 4781 episcopis:

1849 4808 1905 4855 et
1937 4799 2203 4856 stantibus
2229 4799 2310 4854 eis
2338 4799 2390 4855 in
2428 4800 2626 4868 medio,
2672 4800 3191 4872 magnificentissitni
3228 4813 3284 4861 et
3309 4804 3427 4876 glo-

1851 4893 2133 4949 riosissimi
2174 4893 2449 4966 principes
2488 4895 2556 4948 ad
2583 4894 2956 4952 sanctissimos
2984 4896 3084 4953 loci
3124 4904 3430 4950 servatores

1852 4982 2151 5040 dixerunt:
2196 4982 2480 5051 Quomodo
2532 4986 2687 5042 vobis
2716 4982 2932 5037 videtur
2967 4986 3036 5043 de
3062 4985 3198 5041 illis?
3244 4998 3438 5040 omnes

1851 5074 2064 5132 habetis
2102 5077 2440 5150 interrogare
2459 5077 2840 5137 communiter,
2870 5089 2939 5129 an
2965 5075 3440 5149 unumquemque?

1854 5163 2195 5224 Sanctissimi
2234 5167 2428 5225 vicarii
2466 5166 2719 5225 dixerunt
2756 5182 2770 5217 :
2816 5161 3205 5241 Unusquisque
3250 5181 3443 5223 eorum

1850 5255 2233 5329 interrogetur.
2310 5261 2379 5315 Et
2441 5267 2571 5314 ante
2650 5272 2744 5290 η-νν
3258 5276 3274 5287 η
3355 5264 3439 5290 σοι

1852 5347 2169 5407 Theodorus
2206 5365 2236 5403 a
2299 5368 2386 5388 cr“

1853 5436 1951 5484 n..:
1985 5455 2042 5472 ..η
