3960 5392
512 403 621 466 459

514 517 830 581 Voluntarie
872 514 1014 571 veni.
1056 503 1393 568 Sanctissimi
1438 499 1626 557 vicarii
1685 497 1934 554 dixerunt
1968 510 1979 546 :
2016 492 2084 546 Et
2115 493 2168 560 Α

517 629 687 688 quare
727 607 956 666 venisti?
989 602 1309 672 Theodorus:
1344 594 1478 652 dixit
1509 611 1521 646 :
1561 592 1787 658 Propter
1819 585 2092 656 jusjurano

525 710 653 766 dum
681 703 824 774 quod
858 699 1160 769 juravimus
1189 694 1242 749 in
1268 689 1470 746 sanctis
1502 681 1776 755 apostolis.
1807 675 2095 732 Sanctissi-

523 801 597 858 mi
629 794 819 852 vicarii
860 793 1113 847 dixerunt
1141 805 1154 841 :
1181 785 1248 840 Et
1273 782 1340 837 de
1362 796 1468 850 quo
1490 764 2095 843 fecistijusjm'andum?

523 892 846 950 Theodorus
871 885 1007 944 dixit
1040 902 1052 938 :
1100 881 1176 936 De
1203 877 1411 950 Ignatio
1439 870 1767 944 patriarcha.
1809 860 2097 918 Sanctissi-

527 987 603 1042 mi
633 979 822 1037 vicarii
853 979 1145 1033 dixerunt:
1185 949 1388 1038 sponte
1431 960 1646 1034 jurasti,
1679 973 1744 1012 an
1792 949 2098 1008 violenter?

531 1074 849 1133 Theodorus
863 1068 1028 1125 dixit:
1049 1064 1253 1121 invitus
1265 1057 1470 1129 jnravi;
1493 1054 1785 1122 imperator
1805 1046 1947 1101 enim
1966 1042 2099 1097 dixit

525 1170 664 1230 mihi
693 1186 705 1220 :
739 1165 878 1232 Quia
914 1172 1028 1216 tum
1078 1154 1394 1224 obsequium
1446 1163 1569 1204 eras
1613 1146 1699 1200 illa
1749 1143 1834 1198 die
1887 1137 2100 1208 quando

529 1262 706 1317 factus
730 1266 812 1313 est
855 1250 1164 1326 patriarcha
1216 1244 1482 1300 dominus,
1513 1248 1564 1294 et
1595 1233 1910 1290 electionem
1957 1226 2098 1281 illius

529 1362 639 1407 non
685 1316 888 1409 vidisti,
941 1341 1102 1403 intra,
1133 1344 1188 1391 et
1228 1333 1374 1402 jura.
1408 1331 1474 1384 Et
1515 1323 1728 1385 intravi,
1787 1330 1842 1374 et
1871 1316 2046 1385 juravi
2085 1333 2096 1367 :

532 1439 650 1496 Non
685 1437 831 1492 enim
870 1431 979 1488 vidi
1006 1429 1322 1484 electionem
1358 1419 1492 1488 ejus.
1543 1411 1882 1471 Sanctissimi
1915 1407 2100 1462 vicarii

535 1533 788 1588 dixerunt
831 1545 844 1580 :
897 1524 963 1578 Et
1009 1520 1194 1588 utique
1220 1512 1452 1569 didicisti
1491 1509 1613 1579 quia
1645 1502 1951 1575 patriarcha
1987 1506 2105 1552 erat

538 1620 820 1678 duodecim
849 1613 1024 1677 annis,
1055 1619 1108 1666 et
1137 1623 1202 1663 ex
1236 1605 1327 1660 illo
1350 1594 1825 1658 communicabas?
1853 1589 2101 1646 Theodo-

541 1730 634 1770 rus
683 1703 1146 1783 protospatharius
1193 1697 1330 1753 dixit
1370 1713 1382 1749 :
1417 1692 1668 1748 Sciebant
1721 1686 1958 1756 quidem,
2010 1681 2104 1737 sed

540 1771 833 1861 dixitunihi
861 1771 1154 1867 imperator
1182 1807 1197 1846 :
1223 1787 1358 1856 Quia
1391 1779 1732 1851 metropolita
1759 1791 1862 1830 non
1891 1789 1972 1836 es,
1993 1771 2106 1841 epi-

540 1909 736 1965 seopus
758 1907 863 1946 non
893 1904 952 1946 es
979 1905 992 1940 :
1017 1893 1072 1940 et
1096 1880 1314 1943 intravi,
1348 1872 1618 1943 etjuravi.
1654 1864 1996 1923 Sanctissimi
2027 1862 2108 1914 vi-

540 1987 674 2044 carii
717 1986 1010 2039 dixerunt:
1064 1975 1132 2030 Et
1198 1969 1467 2042 quomodo
1511 1961 1740 2034 jurasti?
1799 1953 2113 2011 Theodorus

544 2077 717 2134 dixit:
745 2071 924 2127 Juravi
948 2067 1072 2139 quia
1101 2079 1207 2119 non
1237 2060 1342 2114 vidi
1365 2058 1480 2128 ejus
1501 2052 1837 2107 electionem.
1871 2043 2112 2098 Sanctis-

543 2169 668 2226 simi
693 2165 879 2221 vicarii
909 2163 1160 2217 dixerunt
1191 2172 1204 2207 :
1240 2153 1304 2208 Et
1331 2147 1468 2204 nosti
1492 2145 1613 2214 quia
1646 2145 1925 2210 peccatum
1950 2132 2114 2187 faeie-

547 2265 646 2319 bas
688 2261 740 2314 in
781 2259 1089 2329 juramcnto
1117 2248 1240 2305 illo?
1277 2240 1594 2298 Theodorus
1621 2233 1756 2289 dixit
1788 2248 1800 2283 :
1837 2227 2114 2288 Sciebam,

550 2354 643 2411 sed
674 2367 780 2408 non
810 2346 1070 2404 habebam
1100 2339 1242 2411 quod
1277 2336 1530 2391 facerem.
1569 2319 1906 2382 Sanctissimi
1929 2315 2118 2372 vicarii

551 2445 804 2499 dixerunt
847 2456 860 2491 :
890 2433 1091 2491 Fecisti
1123 2426 1536 2486 confessionem,
1563 2426 1616 2471 et
1643 2409 1897 2483 accepisti
1931 2419 2120 2479 poenas

549 2536 614 2591 de
637 2538 858 2604 peccato
881 2528 972 2581 illo
1003 2517 1360 2593 repmnitcns?
1387 2511 1702 2568 Theodorus
1729 2503 1894 2558 dixit:
1922 2498 2115 2552 Etiam.

550 2619 886 2679 Sanctissimi
940 2613 1128 2670 vicarii
1171 2610 1463 2665 dixerunt:
1497 2600 1595 2656 Cui
1635 2595 1913 2652 confessus
1957 2603 2035 2652 es,
2071 2592 2124 2638 et

547 2733 576 2767 ιι
630 2725 736 2781 quo
781 2704 1029 2775 accepisti
1075 2697 1409 2771 epitimium?
1450 2690 1765 2746 Theodorus
1807 2682 1940 2738 dixit
1975 2698 1987 2732 :
2022 2678 2122 2744 Qui

549 2804 692 2860 dedit
752 2799 882 2855 mibi
941 2767 1240 2866 cpitiniium
1290 2786 1571 2842 defunctus
1627 2788 1728 2834 est.
1790 2767 2126 2828 Sanctissimi

551 2893 731 2951 vicarii
776 2889 1004 2946 senioris
1052 2885 1236 2939 Romae
1290 2880 1585 2934 dixerunt:
1619 2871 1748 2938 Quis
1794 2859 2126 2920 vocabatur?

554 2986 866 3041 'l‘heodurus
918 2979 1055 3034 dixit
1104 2995 1116 3028 :
1169 2973 1397 3036 Nescio;
1457 2968 1510 3022 id
1576 2972 1782 3018 tantum
1839 2957 1952 3012 scio
2005 2953 2130 3023 quia

555 3073 918 3132 cbartularius
971 3076 1118 3130 erat,
1171 3073 1227 3118 et
1275 3073 1460 3117 tonsus
1502 3064 1606 3120 est,
1671 3061 1726 3108 et
1765 3048 1891 3103 fecit
1936 3046 1987 3098 in
2044 3057 2132 3096 co-

558 3170 742 3224 lunma
783 3160 1132 3235 quadraginta
1163 3169 1349 3210 annos.
1395 3143 1730 3206 Sanctissimi
1769 3138 1955 3194 vicarii
1985 3135 2134 3190 dixe-

561 3270 686 3315 runt
741 3277 754 3313 :
804 3230 1075 3311 Sacerdos
1136 3245 1307 3303 erat?
1383 3238 1695 3295 Theodorus
1769 3230 1905 3285 dixit
1955 3244 1967 3279 :

560 3351 710 3415 scio;
779 3346 944 3400 abbas
997 3348 1148 3406 erat,
1213 3345 1267 3391 et
1318 3330 1577 3387 habebam
1626 3324 1786 3379 fidem
1854 3320 1906 3371 in
1961 3313 2134 3369 homi-

561 3448 784 3506 uem,et
832 3433 1072 3492 tmntiavi
1119 3429 1188 3485 ei.
1233 3419 1568 3481 Sanctissimi
1605 3411 1792 3468 vicarii
1828 3410 2078 3462 dixerunt
2119 3421 2132 3455 :

560 3491 952 3588 ivit—custodisti
1001 3516 1280 3591 epitimia?
1331 3509 1646 3567 rI‘heodorus
1684 3501 1822 3557 dixit
1871 3516 1884 3550 :
1933 3497 1988 3549 Si
2026 3491 2140 3545 vult

563 3627 724 3688 Deus,
759 3615 1020 3676 custodivi
1049 3628 1134 3677 ea,
1163 3608 1289 3679 quia
1333 3600 1677 3660 Christianus
1708 3608 1847 3648 sum.
1901 3585 2139 3641 Sanctis-

565 3716 685 3773 simi
712 3711 896 3768 vicarii
927 3704 1154 3762 senioris
1189 3700 1374 3754 Ruina:
1397 3695 1650 3748 dixerunt
1688 3704 1700 3740 :
1735 3678 2024 3750 Complcsli
2052 3693 2136 3740 ea,

567 3824 636 3862 an
661 3804 796 3859 non?
827 3797 1142 3855 Theodorus
1171 3790 1306 3846 dixit
1338 3805 1350 3840 ε
1385 3786 1524 3839 Ecce
1551 3783 1734 3841 homo,
1759 3772 1999 3840 compleo
2028 3766 2136 3821 illa.

569 3891 906 3953 Sanctissimi
942 3885 1130 3942 vicarii
1173 3877 1402 3935 senioris
1439 3875 1622 3929 Romae
1666 3868 1916 3923 dixerunt
1945 3879 1958 3914 :
1993 3859 2142 3914 .luste

571 3993 853 4044 revocatus
897 3987 980 4035 est
1030 3979 1084 4031 in
1132 3972 1314 4030 sedem
1373 3981 1521 4022 suam
1576 3960 1823 4017 dominus
1866 3950 2143 4026 lgnatius?

571 4077 884 4138 Theodorus
911 4071 1045 4128 dixit
1091 4086 1106 4122 :
1144 4067 1330 4128 iuste;
1380 4062 1426 4116 si
1455 4059 1597 4114 enim
1625 4053 1884 4110 noluisset
1915 4050 2051 4103 Deus
2088 4053 2144 4098 ut

571 4178 877 4232 revocetur,
907 4180 1011 4220 non
1039 4161 1264 4217 haberet
1308 4155 1357 4210 ei
1403 4153 1570 4208 vitam
1610 4148 1758 4203 dare.
1808 4136 2144 4197 Sanctissimi

573 4261 760 4319 vicarii
790 4253 1022 4313 senioris
1059 4252 1242 4305 Romae
1282 4246 1531 4300 dixerunt
1573 4257 1585 4292 :
1626 4238 1768 4307 Ergo
1798 4231 1990 4302 recipis
2020 4244 2144 4283 sau-

583 4364 724 4413 ctam
751 4353 888 4406 hanc
923 4343 1207 4417 synodum,
1237 4347 1290 4394 et
1319 4335 1498 4391 omnia
1523 4346 1641 4402 quae
1663 4326 1902 4396 iudicata
1933 4329 2057 4376 sunt
2081 4319 2146 4372 ab

578 4448 677 4504 ea?
736 4415 1054 4498 Theodorus
1100 4425 1567 4504 protospatharius
1609 4419 1746 4475 dixit
1791 4435 1804 4470 :
1856 4415 2149 4482 imperator

579 4548 762 4596 uester
793 4541 1010 4592 sanctus
1050 4527 1240 4597 recipit
1279 4537 1421 4585 eam,
1457 4527 1511 4574 et
1540 4527 1727 4571 omnes
1754 4504 2064 4568 Christiani,
2096 4510 2150 4556 et

579 4647 678 4698 ego
705 4625 970 4697 quomodo
999 4635 1105 4674 non
1136 4612 1404 4683 suscipio?
1459 4608 1620 4664 etiam
1647 4645 1662 4669 ,
1707 4598 1942 4668 suscipio
1983 4595 2149 4658 illam,

581 4721 706 4788 quia
727 4714 1061 4772 orthodoxus
1085 4724 1224 4764 sum.
1255 4701 1455 4758 Deinde
1481 4700 1844 4764 interrogatus
1865 4698 1945 4744 est
1969 4697 2022 4740 et
2047 4685 2154 4739 Leo

585 4809 790 4874 consul,
820 4806 912 4876 qui
941 4811 996 4859 et
1019 4801 1191 4855 factus
1217 4805 1300 4851 est
1327 4791 1526 4855 scriba,
1559 4804 1588 4841 a
1621 4781 1975 4841 sanctissimis
2007 4779 2153 4830 vica-

587 4904 681 4958 riis
709 4921 722 4956 :
750 4895 1027 4967 Quomodo
1067 4893 1338 4960 ingressus
1375 4899 1434 4937 es
1467 4883 1517 4934 in
1550 4881 1690 4933 hanc
1716 4885 1958 4930 sanctam
1992 4885 2155 4940 syno-

585 4995 748 5052 dum?
796 4992 904 5047 Leo
934 4985 1068 5043 dixit
1101 5001 1114 5037 :
1147 4977 1539 5034 Nuntiaverunt
1591 4967 1762 5032 nobis,
1802 4973 1856 5018 et
1891 4961 2152 5015 venimus.

591 5080 925 5143 Sanctissimi
956 5072 1140 5131 vicarii
1169 5070 1420 5126 dixerunt
1444 5081 1456 5115 :
1482 5063 1704 5127 Propter
1724 5069 1884 5124 quam
1907 5049 2159 5105 causam?

592 5179 699 5233 Leo
739 5171 914 5226 dixit:
948 5169 1207 5221 Dixerunt
1243 5158 1398 5213 nobis
1434 5174 1444 5208 :
1480 5154 1613 5218 Quia
1647 5148 1823 5202 venite
1849 5155 1900 5198 et
1931 5143 2160 5211 accipia-

597 5269 662 5320 tis
704 5258 1105 5318 imluluentiam.
1156 5247 1494 5306 Sanctissimi
1542 5240 1723 5290 vicarii
1767 5238 2010 5286 dixrrnn'
2046 5251 2054 5260 ο
2090 5233 2157 5254 “·

1659 375 2045 464 .ANASTASll
2080 363 2628 430 BIBLIOTHECARII

2030 3222 2133 3277 Νεε-
2159 3193 2204 3258 C

3658 340 3759 403 140
3840 403 3850 408 _

2193 487 2330 542 Non.
2381 478 2718 540 Sanctissimi
2767 473 2951 531 vicarii
2996 471 3247 542 dixerunt
3289 482 3302 518 :
3343 463 3549 536 Sponte
3592 457 3762 518 fecisti

2188 578 2573 650 juramentum,
2605 587 2671 625 an
2699 563 2996 622 violenter?
3046 539 3314 615 Lco‘dixit
3349 573 3360 609 :
3392 554 3504 612 Hoc
3535 551 3763 607 interro-

2194 675 2476 744 gavcrunt,
2506 664 2640 732 Quia
2671 660 2898 716 fortasse
2933 671 3036 710 non
3069 666 3190 708 eras
3221 659 3346 705 tunc
3395 646 3448 701 in
3480 646 3586 699 hac
3614 642 3764 709 urbe,

2195 761 2410 832 quando
2436 759 2639 814 electus
2667 761 2749 808 est
2774 747 3113 822 patriarcha,
3148 754 3203 800 et
3230 743 3399 804 intra,
3440 749 3495 794 et
3520 736 3682 805 jura;
3715 739 3768 791 et

2195 852 2428 918 intravi,
2487 858 2541 902 et
2583 843 2779 916 juravi.
2837 835 3176 896 Sanctissimi
3221 832 3408 889 vicarii
3458 831 3767 886 dixerunt:

2198 943 2339 1009 Quot
2391 938 2516 992 anni
2564 943 2683 990 sunt
2721 949 2786 988 ex
2826 945 2931 1000 quo
2972 933 3322 983 consecratus
3346 933 3430 977 est
3458 918 3769 990 patriarcha

2197 1033 2469 1105 lgnatius?
2519 1031 2626 1085 Leo
2652 1026 2839 1083 consul
2876 1022 3008 1078 dixit
3040 1036 3055 1074 :
3088 1003 3240 1086 Dico,
3267 1025 3395 1072 sunt
3429 1014 3557 1068 anni
3589 1009 3774 1083 viginti

2200 1134 2452 1196 quatuor.
2502 1115 2842 1176 Sanctissimi
2891 1111 3076 1167 vicarii
3129 1109 3381 1163 dixerunt
3421 1124 3432 1158 :
3473 1104 3774 1173 Antequam

2196 1217 2420 1288 juraris,
2449 1208 2888 1267 communicabas
2917 1219 3038 1259 cum
3065 1200 3368 1273 patriarcha
3396 1196 3643 1270 lgnatio?
3675 1195 3777 1250 Leo

2205 1310 2388 1365 dixit:
2429 1305 2623 1360 Etiam.
2681 1296 3018 1355 Sanctissimi
3075 1293 3262 1349 vicarii
3313 1290 3544 1347 senioris
3599 1288 3778 1343 Roma:

2204 1399 2456 1454 dixerunt
2484 1411 2496 1448 :
2530 1395 2596 1448 Et
2627 1407 2822 1462 quare,
2840 1392 3023 1454 frater,
3051 1385 3342 1442 novissime
3371 1383 3549 1438 factus
3572 1396 3632 1436 es
3657 1395 3780 1435 con—

2207 1501 2289 1545 tra
2319 1490 2477 1542 eum?
2522 1486 2575 1540 in
2608 1485 2710 1539 hoc
2739 1489 2961 1552 apparet
2985 1480 3108 1549 quia
3141 1485 3199 1532 tu
3230 1473 3516 1530 cucurristi
3548 1482 3606 1526 ut
3635 1471 3779 1526 occi-

2207 1581 2362 1640 deres
2399 1588 2606 1649 patrem
2649 1584 2800 1628 tuum
2849 1581 2903 1626 et
2945 1578 3215 1641 pastorem
3266 1576 3435 1619 tuum.
3489 1562 3612 1620 Scis
3660 1562 3781 1632 quia

2207 1680 2482 1743 peccatum
2517 1666 2712 1730 fecisti,
2745 1673 2798 1719 ct
2833 1658 3202 1732 pmuitentiam
3234 1656 3409 1728 egisti,
3441 1662 3496 1710 et
3530 1651 3782 1722 accepisti

2211 1764 2480 1836 epitimia?
2528 1761 2636 1817 Leo
2663 1758 2796 1813 dixit
2825 1772 2838 1810 :
2871 1754 3120 1825 Epitimia
3149 1766 3254 1806 non
3285 1749 3485 1818 accepi.
3537 1746 3782 1802 Sanctis-

2139 1841 2187 1902 Β
2215 1858 2335 1916 simi
2375 1854 2558 1910 vicarii
2590 1853 2843 1906 dixerunt
2876 1866 2887 1901 :
2918 1844 3208 1916 Neglexisti
3239 1841 3482 1910 accipere
3512 1839 3787 1909 epitimia?

2216 1945 2620 2012 communicasti
2666 1952 2786 2013 post
2825 1941 2970 2002 huic,
3013 1953 3079 1990 an
3121 1934 3263 1989 non?
3306 1932 3416 1987 Leo
3444 1931 3582 1986 dixit
3613 1948 3626 1984 :
3654 1929 3786 1983 Non.

2218 2037 2554 2105 Sanctissimi
2581 2031 2766 2088 vicarii
2793 2027 3021 2084 senioris
3049 2025 3232 2080 Roma:
3260 2022 3513 2078 dixerunt
3540 2038 3552 2073 :
3579 2019 3790 2088 Recipis

2215 2130 2578 2204 patriarcham
2626 2122 2890 2195 lgnatium
2921 2116 3114 2171 modo?
3167 2113 3276 2168 Leo
3311 2113 3445 2167 dixit
3473 2125 3488 2164 :
3520 2108 3788 2178 Quidquid

2220 2223 2411 2291 recipit
2455 2219 2686 2274 mundus
2723 2224 2776 2269 et
2812 2226 2928 2276 vos,
2964 2207 3163 2278 recipio
3192 2214 3246 2261 et
3280 2219 3398 2275 ego.
3453 2199 3791 2258 Sanctissimi

2219 2311 2406 2368 vicarii
2436 2309 2686 2375 dixerunt
2713 2319 2726 2358 :
2760 2302 2854 2358 V'is
2884 2299 3129 2369 accipere
3155 2293 3432 2365 epitimia?
3477 2291 3590 2347 Leo
3620 2292 3789 2346 dixit:

2222 2404 2280 2458 Si
2310 2401 2441 2457 mihi
2475 2396 2752 2462 dederitis,
2780 2391 3004 2462 accipio.
3036 2386 3376 2444 Sanctissimi
3405 2384 3594 2440 vicarii
3623 2383 3796 2438 senio-

2223 2496 2297 2550 ris
2321 2493 2501 2546 Romze
2526 2489 2813 2543 dixerunt:
2838 2480 3054 2551 Recipis
3079 2487 3318 2535 sanctam
3340 2478 3479 2531 hanc
3498 2473 3798 2545 synodum?

2223 2588 2332 2642 Leo
2364 2582 2534 2638 dixit:
2571 2577 2788 2647 Recipio
2826 2590 2965 2631 eam.
3017 2569 3354 2626 Sanctissimi
3402 2567 3592 2623 vicarii
3644 2567 3791 2621 dixe-

2225 2685 2350 2734 runt
2385 2693 2397 2728 :
2428 2668 2864 2726 Anathematizas
2892 2665 3140 2719 Pbotium
3169 2672 3222 2717 et
3249 2675 3438 2715 omnes
3466 2673 3606 2728 quos
3638 2672 3795 2728 syno-

2227 2773 2324 2828 dus
2363 2760 2869 2822 anathematizavit?
2909 2757 3020 2813 Leo
3060 2756 3195 2812 dixit
3226 2771 3238 2807 :
3275 2753 3403 2819 Quis
3431 2767 3550 2806 sum
3588 2766 3715 2822 ego,
3743 2759 3797 2805 ut

2231 2852 2713 2915 anathematizem?
2742 2845 3238 2902 Anathematismus
3266 2842 3318 2896 in
3347 2857 3509 2895 causa
3553 2840 3677 2895 fidei
3709 2841 3796 2907 ﬁt;

2232 2960 2284 3004 at
2334 2963 2460 3002 vero
2496 2942 2717 2998 Photius
2754 2937 3086 2994 orthodoxus
3114 2943 3213 3002 est,
3247 2942 3302 2987 et
3336 2930 3525 3000 utquid
3572 2932 3798 2986 anathe-

2234 3039 2500 3096 matizabo
2529 3033 2689 3089 eum?
2728 3027 3067 3086 Sanctissimi
3096 3024 3284 3080 vicarii
3311 3024 3561 3077 dixerunt
3588 3039 3601 3074 :
3629 3021 3801 3091 Opera

2236 3133 2351 3201 ejus
2375 3127 2557 3199 pejora
2585 3137 2709 3180 sunt
2732 3120 2878 3176 (nam
2908 3117 3120 3182 lueresi,
3147 3115 3270 3185 quia
3297 3112 3491 3168 diaboli
3523 3112 3805 3180 operarius

2235 3233 2334 3279 est.
2383 3218 2495 3278 Leo
2539 3211 2725 3270 consul
2779 3209 2957 3264 dixit:
2992 3207 3125 3262 Cum
3175 3220 3268 3259 vos
3299 3202 3554 3273 judicetis
3594 3202 3709 3256 fieri
3753 3209 3806 3256 et

2235 3323 2455 3382 excepta
2485 3307 2674 3363 lueresi
2716 3301 3227 3359 anathematismum
3255 3338 3269 3363 ,
3319 3296 3717 3352 auathematizo
3753 3303 3806 3350 et

2237 3423 2334 3480 ego
2357 3411 2578 3460 cunctos
2605 3413 2738 3468 quos
2763 3389 3235 3450 anathematizavit
3261 3396 3443 3443 sancta
3466 3387 3581 3442 ιιωο
3610 3396 3666 3440 et
3692 3385 3808 3441 uni-

2237 3489 2459 3546 versalis
2487 3489 2741 3563 synodus.
2787 3485 2854 3539 Et
2896 3490 3017 3554 post
3046 3481 3238 3536 horum
3265 3479 3491 3532 duormn
3518 3477 3805 3532 examina—

2241 3588 2434 3642 tioncm
2466 3584 2706 3637 virorum
2736 3578 3098 3645 interrogatus
3141 3580 3222 3626 est
3261 3569 3583 3624 Eustachius
3632 3569 3811 3639 regius

2240 3678 2549 3750 Spatharius
2593 3671 2908 3728 candidatus
2955 3661 3634 3737 (spatham-candidatus),
3674 3661 3811 3716 Con-

2240 3771 2507 3829 stantinus
2535 3767 2711 3837 regius
2737 3759 3064 3833 spatharius,
3097 3757 3325 3812 Basilius
3366 3755 3546 3826 regius
3590 3755 3812 3810 manda-

2243 3874 2350 3928 tor,
2373 3860 2594 3914 Photius
2631 3853 2936 3926 spatharius
2965 3860 3018 3906 et
3061 3851 3233 3904 factus
3270 3846 3638 3902 cbartularius
3679 3846 3814 3900 mili-

2246 3954 2375 4008 taris
2404 3948 2706 4021 logothcsii,
2735 3944 2932 3998 Paulus
2961 3942 3139 4013 regius
3169 3939 3364 4002 scriba,
3396 3937 3816 4007 Christophorus

2247 4043 2428 4114 regius
2465 4037 2802 4110 spatharins,
2844 4045 2899 4088 et
2945 4031 3210 4086 secundus
3255 4028 3397 4099 vulgi
3443 4027 3817 4091 Prasinorum,

2245 4132 2564 4190 Anastasius
2586 4128 2780 4184 dudum
2805 4125 3084 4186 diaconus,
3108 4120 3346 4175 Marinus
3376 4117 3494 4190 (aL,
3520 4115 3818 4188 Marianus]

2247 4225 2472 4280 vcstitor
2512 4230 2566 4276 et
2608 4218 2782 4272 factus
2813 4223 3032 4286 epoptes
3059 4254 3074 4278 ,
3121 4208 3503 4267 Constantinus
3549 4207 3823 4262 chartula-

2249 4317 2380 4378 rius,
2411 4312 2631 4366 Arsabir
2659 4309 2838 4376 regius
2869 4302 3200 4366 candidatus,
3234 4309 3288 4355 et
3323 4298 3714 4353 Constantinus
3746 4311 3825 4352 re-

2251 4408 2371 4479 gius
2396 4395 2957 4476 protospatharinsﬁt
2986 4390 3296 4461 interrogati
3316 4387 3604 4442 admodum
3635 4397 3693 4442 et
3722 4387 3826 4442 dis-

2257 4497 2400 4554 cussi
2452 4508 2658 4558 omnes,
2689 4488 3011 4560 objiciebant
3041 4481 3346 4537 violentiam
3377 4487 3432 4534 et
3465 4478 3715 4533 timorem
3746 4492 3826 4532 re-

2254 4591 2428 4660 gium,
2470 4595 2522 4640 et
2551 4582 2904 4654 privationem
2937 4574 3282 4646 pecuniarum
3306 4611 3320 4635 ,
3360 4579 3414 4622 et
3444 4568 3695 4624 exsilium
3724 4609 3740 4635 ,
3776 4575 3830 4622 et

2255 4695 2359 4734 una
2409 4689 2558 4739 voce,
2601 4670 2739 4742 quod
2789 4683 2894 4722 non
2943 4671 3135 4734 sponte
3184 4661 3250 4714 ad
3297 4657 3602 4728 hujusmodi
3650 4667 3831 4712 actum

2257 4768 2510 4840 compulsi
2557 4762 2794 4822 fuerint,
2841 4761 3300 4812 asseveraveram.
3354 4751 3581 4818 Quidam
3614 4749 3833 4820 quidem

2257 4876 2324 4915 ex
2353 4859 2432 4913 eis
2459 4871 2515 4910 se
2543 4852 2669 4907 fassi
2712 4858 2833 4904 sunt
2873 4847 3052 4902 statim
3085 4844 3248 4900 fuisse
3277 4841 3571 4905 confessos,
3599 4850 3656 4895 et
3681 4854 3831 4896 accc.

2259 4951 2401 5019 pisse
2433 4939 2800 5000 convenientia
2829 4935 3068 5008 epitimia
3099 4950 3111 4985 :
3145 4934 3360 5003 quidam
3393 4945 3522 4984 vero
3551 4929 3716 4984 etiam
3751 4944 3832 4982 us-

2262 5054 2364 5110 que
2413 5038 2464 5090 in
2502 5047 2738 5106 prmsens
2773 5031 2887 5084 sine
2938 5026 3254 5096 pceuitentia
3301 5022 3696 5094 permansisse,
3743 5020 3834 5090 qui

2264 5139 2386 5199 apta
2413 5125 2650 5197 epitimia
2682 5137 2711 5176 a
2741 5130 2924 5176 sancta
2954 5130 3007 5171 et
3036 5114 3321 5170 universali
3348 5114 3554 5185 synodo
3583 5127 3838 5181 suscepe-

2373 5227 2380 5234 _
2561 5230 2565 5231 ν
2689 5212 2698 5228 ,
2814 5211 2823 5226 1
2966 5224 2969 5225 ν
3051 5209 3084 5226 -ι
3115 5223 3167 5226 -υ
3211 5203 3664 5254 μευ-Ητιξιειιιὶιιιΐ.
3713 5217 3835 5256 οιιιιι
