3960 5700
207 297 310 353 141

901 303 1459 366 ῙΝΤΕΒΡΒΕΤΑΤΙΟ
1494 258 1808 366 SYNODhl

1928 312 2337 370 GENEllALIS.
2365 344 2436 357 --
2470 315 2674 375 ACTlO
2710 315 2801 372 IX.
2828 334 2837 343 '

3368 323 3476 380 149

204 402 402 469 Roma
437 431 451 467 :
487 412 691 471 Omnes
712 415 816 471 viri
843 417 934 486 qui
963 416 1094 475 falso
1120 421 1437 491 juraverunt
1462 432 1648 477 contra
1675 437 1794 478 san-
1825 428 1872 490 Α
1899 432 1982 478 est
2008 464 2024 490 ,
2068 436 2255 482 contra
2305 428 2472 484 Deum
2519 444 2771 501 magnum
2797 470 2813 496 ,
2848 438 2903 485 et
2935 430 3166 503 primum
3195 440 3472 503 pastorum

208 508 520 564 ctissimum
573 509 935 580 patriarcham
963 553 978 578 ,
1028 528 1134 570 non
1179 524 1303 570 sunt
1340 516 1428 571 hic
1456 529 1752 587 prmseutes
1786 538 1798 572 :

211 600 436 670 quidam
474 602 625 657 enim
656 610 712 657 et
750 604 944 659 mortui
975 615 1121 671 sunt,
1152 607 1240 662 alii
1276 618 1494 678 propter
1519 610 1799 664 inﬁrmita-

1902 519 2218 590 principem,
2239 528 2294 576 et
2314 536 2411 590 per
2434 521 2742 592 pontiﬁcem
2774 521 2862 591 qui
2895 530 3089 578 unctus
3116 530 3198 576 est
3225 522 3292 578 ab
3319 520 3474 593 ipso:

1900 616 1954 661 et
1988 610 2291 680 quicunque
2321 618 2465 676 sunt,
2498 609 2589 681 qui
2629 625 2734 667 non
2767 619 3035 665 venerunt
3064 611 3224 666 hodie
3250 611 3303 666 in
3334 602 3476 669 hanc

210 700 318 748 tem
351 692 441 748 vel
469 693 612 749 alias
642 706 832 750 causas
876 696 999 752 huic
1043 700 1345 769 prrcseutiae
1381 701 1573 754 desunt
1605 718 1618 753 :
1654 698 1804 755 audi-
1894 694 2142 755 sanctam
2171 710 2226 755 et
2256 700 2610 757 universalcm
2662 702 2930 772 synodum
2956 742 2971 767 ,
3011 711 3066 757 et
3094 716 3151 758 se
3177 702 3475 771 occultant,

206 782 310 838 'stis
335 784 660 839 veritatem.
709 784 1045 843 Sanctissimi
1089 789 1277 844 vicarii
1317 790 1569 843 dixerunt
1602 810 1612 845 :
1640 791 1804 846 Volu-

208 888 334 930 mus
363 875 565 931 audire
591 884 650 930 et
674 877 741 933 ab
766 878 1074 934 absentibus
1101 881 1550 950 quemadmodum
1574 898 1641 937 ex
1671 882 1805 955 prae-

214 965 487 1020 sentibus.
541 964 1397 1039 Bahanes,magniﬁcentissimos
1437 971 1700 1042 patricius
1748 979 1805 1027 et

212 1053 576 1124 przepositus,
610 1054 746 1110 dixit
782 1056 846 1111 ad
884 1067 1125 1112 sanctam
1148 1060 1410 1130 synodum
1446 1078 1458 1113 :
1497 1059 1636 1126 Quid
1665 1061 1805 1116 desi-

210 1143 370 1200 derat
397 1154 594 1200 sancta
622 1145 736 1201 haec
765 1147 1035 1217 synodus?
1064 1148 1373 1218 judicentur
1410 1148 1496 1205 isti
1533 1150 1649 1203 sine
1678 1149 1803 1217 illis,

213 1247 281 1287 an
309 1233 468 1289 non?
504 1232 846 1291 Sanctissimi
876 1237 1062 1292 vicarii
1095 1239 1347 1294 dixerunt
1377 1238 1805 1311 :Exspectemus

215 1340 331 1384 eos.
404 1327 925 1398 Magniﬁcentissimi
994 1340 1049 1386 et
1108 1331 1477 1402 gloriosissimi
1536 1331 1807 1414 principes

218 1415 480 1472 dixerunt
509 1437 524 1473 :
559 1416 677 1475 Non
726 1426 902 1489 potest
946 1419 1051 1474 alia
1086 1421 1320 1493 synodus
1349 1421 1465 1478 ﬁeri
1495 1436 1657 1476 causa
1691 1421 1807 1476 illo-

220 1518 340 1565 rum
373 1527 388 1563 :
424 1518 826 1577 verumtamen,
865 1512 992 1568 licet
1020 1514 1109 1567 alii
1141 1522 1337 1585 przesto
1364 1528 1471 1569 non
1498 1515 1624 1579 sint,
1655 1513 1809 1585 epiti-

219 1601 391 1656 mium
420 1603 613 1657 audire
658 1603 858 1659 habent
884 1605 1025 1673 quod
1050 1604 1263 1660 habetis
1291 1603 1454 1671 dare;
1509 1615 1561 1661 et
1600 1604 1644 1661 si
1692 1604 1808 1677 qui-

1902 790 2145 848 nolentes
2168 794 2490 847 annuntiare
2518 798 2796 863 peccatum
2821 793 2962 863 quod
2987 798 3239 863 egerunt,
3267 804 3323 849 et
3348 791 3480 849 etl'u—

1901 897 2029 955 gere
2080 883 2267 939 volunt
2318 884 2640 939 sententiam
2687 882 2948 955 epitimii,
2998 884 3105 939 sint
3148 884 3369 939 omnino
3414 880 3484 941 ab

1902 974 2145 1029 Ecclesia
2189 974 2496 1046 segregati,
2543 982 2597 1028 et
2624 974 2986 1030 anathematis
3031 973 3322 1045 ligamento
3346 984 3479 1030 con-

1906 1065 2105 1130 stricti,
2134 1066 2307 1121 donec
2334 1066 2581 1121 conversi
2611 1081 2709 1137 per
2736 1065 3110 1136 pmtiitenliam
3142 1065 3274 1121 salvi
3304 1062 3434 1121 ﬁant
3463 1084 3477 1121 :

1904 1156 1996 1225 qui
2020 1170 2148 1210 vero
2174 1155 2445 1226 accipiunt
2468 1155 2705 1225 epitimia
2731 1157 2902 1228 prius,
2928 1164 2984 1212 et
3004 1157 3332 1222 custodiunt,
3361 1166 3484 1226 post

1905 1245 2233 1314 completum
2264 1244 2583 1316 epitimium,
2618 1245 2771 1317 digni
2797 1244 2930 1300 ﬁant
2968 1245 3169 1302 sanctis
3198 1253 3253 1302 et
3282 1242 3481 1304 divinis

1906 1336 2197 1408 mysteriis.

1978 1426 2044 1481 Et
2070 1435 2190 1499 post
2221 1427 2532 1494 lectionem,
2564 1413 3084 1498 magniﬁcentissimi
3121 1436 3177 1484 et
3211 1428 3486 1501 gloriosis-

1906 1517 2029 1573 simi
2065 1518 2335 1589 principes
2380 1517 2447 1573 ad
2499 1518 2868 1573 sanctissimos
2917 1518 3151 1574 vicarius
3188 1517 3483 1576 dixerunt:

1906 1606 2115 1664 Iustam
2143 1618 2357 1665 constat
2387 1623 2507 1664 esse
2539 1606 2936 1663 damnationem
2968 1622 3129 1677 super
3153 1608 3221 1664 iis
3246 1609 3336 1679 qui
3367 1621 3489 1678 per-

219 1692 341 1749 dem
384 1702 750 1751 cucurrerunt
787 1695 854 1750 ad
899 1697 1063 1767 pedes
1113 1705 1343 1762 vestros,
1396 1705 1449 1752 et
1478 1696 1804 1752 sanctissimi
1899 1698 2262 1770 iuraverunt,
2309 1709 2363 1757 et
2411 1698 2674 1755 fallaciter
2714 1700 3073 1770 juraverunt,
3127 1707 3185 1755 et
3218 1699 3490 1770 recipiunt

218 1780 550 1853 patriarcha:
577 1783 792 1856 lgnatii,
826 1784 1095 1856 accipient
1132 1785 1433 1855 epitimium
1466 1786 1741 1840 deﬁnitum
1773 1800 1804 1840 a
1834 1792 1882 1853 Β
1909 1794 2207 1864 epitimium
2247 1792 2390 1863 quod
2429 1792 2611 1848 datum
2659 1800 2743 1846 est
2790 1806 2820 1845 a
2870 1776 3057 1846 sancta
3108 1790 3312 1862 synodo
3344 1806 3358 1845 :
3393 1791 3489 1847 sed

220 1877 515 1933 Ianetitate
538 1887 718 1933 vestra
750 1895 763 1932 :
794 1879 838 1933 si
864 1893 993 1934 vero
1014 1892 1122 1932 non
1150 1878 1417 1945 venerint,
1444 1879 1538 1933 sed
1564 1892 1810 1948 perman-

225 1969 397 2024 serint
443 1970 499 2025 in
547 1970 756 2026 malitia
794 1985 889 2025 sua
915 2011 931 2037 ,
976 1980 1185 2027 crescet
1212 1971 1511 2042 epitimium
1546 1971 1805 2040 ipsorum,

225 2058 363 2113 sicut
392 2059 669 2114 sanctitati
702 2069 895 2115 vestrae
918 2059 1198 2131 placuerit.
1250 2062 1488 2132 lgnatius
1531 2060 1809 2116 sanctissi-

226 2166 347 2206 mus
376 2152 693 2222 patriarcha
724 2151 857 2206 dixit
889 2171 900 2204 :
934 2151 1266 2221 lmpossibile
1296 2162 1378 2208 est
1404 2161 1461 2208 ut
1492 2169 1596 2206 non
1630 2153 1808 2206 discuc

227 2242 433 2297 tiantur
458 2243 711 2298 homines
732 2243 832 2308 illi,
854 2252 907 2297 et
931 2252 1225 2313 appareant
1246 2244 1433 2315 quales
1461 2253 1514 2299 et
1539 2244 1628 2314 qui
1660 2244 1767 2298 sint
1792 2261 1805 2297 :

226 2333 378 2389 multi
406 2335 551 2388 enim
576 2348 645 2388 ex
677 2334 756 2388 eis
782 2334 1026 2398 actuarii,
1052 2342 1107 2388 et
1128 2334 1429 2401 stabularii,
1463 2350 1522 2389 ac
1550 2349 1809 2404 equorum

229 2425 418 2480 medici
451 2433 613 2492 sunt;
670 2434 887 2496 propter
912 2426 1054 2496 quod
1076 2424 1279 2494 justum
1309 2436 1394 2480 est
1421 2434 1478 2479 ut
1511 2426 1727 2479 veniant
1756 2425 1811 2479 in

227 2525 575 2587 conspectum
628 2516 792 2587 hujus
837 2527 1038 2572 sancto:
1081 2517 1291 2587 synodi,
1324 2527 1377 2572 et
1412 2527 1726 2589 arguantur.
1757 2526 1812 2575 et

228 2610 588 2665 conﬁteantur
615 2611 924 2675 veritatem,
962 2610 1412 2679 quemadmodum
1456 2618 1511 2665 et
1540 2611 1647 2664 isti.
1700 2609 1809 2665 Ma-

228 2700 661 2775 gniﬁcentissimi
700 2700 971 2772 principes
1011 2701 1264 2755 dixerunt
1296 2719 1311 2756 :
1342 2701 1510 2756 Sicuti
1552 2701 1806 2772 prmdixi-

227 2808 376 2857 mus,
411 2792 666 2857 domine,
699 2807 807 2846 non
850 2798 1025 2862 potest
1069 2800 1289 2862 propter
1337 2806 1429 2847 eos
1474 2793 1565 2861 qui
1612 2793 1811 2862 reperti

228 2897 331 2937 non
375 2890 504 2936 sunt
544 2882 652 2935 alia
700 2881 936 2952 synodus
983 2879 1120 2945 ﬁeri,
1152 2880 1266 2946 sed,
1299 2881 1344 2935 si
1382 2877 1595 2948 jubeas,
1626 2895 1812 2935 coram

228 2970 516 3028 sanctitate
547 2979 639 3024 tua
676 2978 733 3025 et
772 2970 1013 3024 omnium
1059 2968 1522 3039 metropolitarum
1573 2968 1809 3023 venient.

226 3065 464 3137 lgnatius
500 3062 878 3119 sanctissimus
922 3061 1233 3132 patriarcha
1281 3059 1460 3115 dixit:
1496 3060 1695 3115 Placet.
1746 3058 1815 3115 Et

1909 1886 2171 1956 petimus,
2203 1890 2260 1939 et
2303 1899 2556 1956 rogamus
2599 1898 2726 1948 vos,
2757 1890 2814 1937 ut
2849 1882 3060 1937 veniam
3104 1881 3399 1938 ostendatis
3434 1880 3493 1938 et

1910 1978 2335 2047 compassionem
2370 1977 2422 2030 in
2452 1992 2577 2042 eos;
2609 1976 2735 2045 quia
2762 1973 2988 2029 multum
3020 1982 3230 2044 tempus
3255 1973 3491 2044 positum

1912 2077 1995 2123 est
2035 2067 2263 2138 cpitimii
2287 2108 2302 2133 ,
2342 2076 2397 2121 et
2419 2065 2543 2137 quia
2575 2073 2853 2136 peccatum
2882 2076 3102 2136 propter
3128 2062 3272 2133 quod
3299 2076 3491 2135 pecca-

1909 2170 2106 2216 verunt
2145 2160 2196 2215 in
2225 2168 2490 2228 pastorem
2520 2168 2576 2213 et
2604 2158 2914 2229 pontiﬁcem
2946 2166 3189 2212 nostrum
3214 2166 3489 2229 patratum

1911 2258 2025 2316 est;
2078 2250 2238 2303 detur
2266 2256 2319 2303 et
2346 2256 2581 2319 potestas
2623 2247 2898 2302 sanctitati
2942 2245 3057 2315 ejus
3086 2285 3103 2311 ,
3147 2253 3207 2301 ut
3242 2244 3492 2317 quisquis

1904 2340 2015 2394 'erit
2037 2341 2103 2393 ad
2129 2337 2272 2391 illum
2300 2336 2535 2391 contrito
2556 2335 2736 2401 corde,
2765 2349 3011 2406 quaerens
3039 2333 3490 2401 misericordiam,

1912 2430 2051 2485 sicut
2082 2429 2222 2483 Deus
2254 2425 2537 2482 deduxerit
2562 2440 2705 2493 eum,
2733 2425 3032 2497 epitimium
3062 2423 3319 2479 minoret.
3360 2424 3492 2480 Ete-

1910 2521 2020 2576 nim
2052 2519 2290 2574 imitator
2318 2528 2400 2575 est
2437 2517 2580 2573 illius
2625 2518 2716 2587 qui
2760 2532 2858 2587 pro
2888 2517 2966 2571 eis
2994 2513 3086 2585 qui
3119 2526 3177 2570 se
3205 2512 3496 2570 cruciﬁxe-

1911 2621 2039 2667 runt
2064 2611 2238 2666 oravit
2272 2624 2285 2664 :
2316 2612 2418 2664 hoc
2444 2609 2698 2679 petimus,
2729 2607 2832 2661 hoc
2863 2619 3117 2675 rogamus
3145 2604 3496 2659 sanctitatem

1910 2712 2169 2769 vestram,
2209 2702 2313 2757 hoc
2360 2700 2712 2771 deprecamur
2753 2713 2869 2752 vos.
2916 2695 3259 2751 Sanctissimi
3305 2692 3495 2751 vicarii

1911 2796 2166 2850 dixerunt
2200 2810 2214 2846 :
2248 2790 2354 2847 Nos
2385 2806 2490 2846 non
2537 2788 2707 2844 solum
2749 2794 2972 2856 propter
3001 2790 3320 2855 praesentem
3350 2799 3492 2851 rem,

1912 2884 1996 2939 vel
2040 2896 2256 2938 causam
2283 2922 2298 2947 ,
2347 2882 2489 2935 hanc
2538 2866 2815 2949 posuimus
2860 2874 3259 2943 deﬁnitionem,
3298 2873 3395 2930 sed
3437 2868 3496 2961 (ξι

1912 2984 2131 3046 propter
2174 2974 2413 3029 futuram
2463 2970 2730 3026 cautelam
2761 2985 2776 3023 :
2808 2976 3184 3023 verumtamen
3221 2964 3277 3021 ln
3313 2974 3496 3038 pasto-

1916 3081 2029 3121 rem
2060 3065 2114 3120 in
2144 3079 2305 3135 quem
2346 3066 2707 3133 peccaverunt
2752 3058 3141 3113 committimus
3172 3056 3493 3112 hodiernam

227 3132 344 3228 post
374 3156 481 3211 hoc
511 3154 812 3209 ascendens
853 3151 1156 3221 Stephanus
1195 3150 1307 3206 Ῐνθο
1346 3149 1592 3204 amabilis
1627 3149 1809 3205 diaco-
1838 3132 1883 3196 (ἶ
1915 3132 2368 3229 dispensationem
2414 3169 2602 3209 eorum
2657 3152 2747 3222 qui
2797 3152 2850 3206 in
2880 3152 2983 3207 hac
3011 3164 3172 3206 causa
3199 3136 3494 3221 praesentes

227 3264 326 3303 nus
371 3256 429 3302 et
475 3246 755 3310 notarius,
795 3243 925 3315 legit
960 3243 1259 3312 epitimium
1306 3241 1447 3311 quod
1489 3240 1813 3297 deﬁnierunt

228 3336 551 3392 sanctissimi
579 3333 772 3390 vicarii
800 3374 815 3397 ,
866 3342 920 3389 et
949 3342 1061 3390 tota
1087 3340 1275 3389 sancta
1306 3332 1566 3403 synodus,
1605 3333 1812 3388 habens

228 3428 301 3481 ita
330 3445 346 3482 :
1050 3493 1054 3497 ι

293 3516 686 3574 Considerante
716 3516 921 3587 pariter
947 3515 1050 3571 hac
1084 3523 1272 3570 sancta
1305 3523 1361 3569 et
1397 3513 1687 3570 universali
1724 3529 1812 3587 sy-

231 3609 367 3665 nodo
414 3609 670 3663 virorum-
700 3607 929 3662 istorum
980 3604 1071 3676 qui
1120 3604 1262 3660 ultro
1313 3605 1540 3675 ingressi
1580 3612 1707 3661 sunt
1743 3606 1810 3662 ad

230 3717 368 3770 eam,
397 3700 600 3772 quique
626 3708 821 3755 contra
847 3698 1112 3767 lgnatium
1146 3698 1546 3754 sanctissimum
1574 3699 1809 3769 patriar-

228 3794 381 3848 cham
420 3792 762 3849 mendaciter
781 3789 1102 3861 juraverunt
1134 3788 1262 3845 olim
1295 3790 1393 3846 sub
1424 3788 1682 3845 Michaele
1711 3788 1812 3844 im-

228 3894 506 3955 peratore,
547 3893 602 3940 et
628 3882 805 3938 Barda
830 3881 1160 3948 domestico,
1201 3880 1461 3954 compulsi
1498 3882 1551 3936 in
1582 3879 1810 3936 ecclesia

231 3975 548 4031 Sanctorum
578 3972 959 4046 Apostolorum
1003 3973 1057 4027 in
1080 3980 1371 4042 conspectu
1419 3970 1634 4028 nefandi
1674 3986 1808 4028 con-

229 4067 353 4131 cilii,
384 4066 678 4121 deﬁnimus
707 4072 764 4120 et
805 4063 1210 4143 promulgamus
1238 4078 1332 4119 eos
1361 4064 1452 4133 qui
1486 4079 1590 4118 non
1630 4062 1807 4133 poeni-

230 4170 483 4224 luerunt,
535 4173 727 4229 neque
761 4156 1219 4211 annuntiaverunt
1242 4196 1258 4222 ,
1297 4170 1471 4225 neque
1507 4154 1807 4224 epitimium

229 4259 567 4322 acceperunt,
607 4250 700 4304 sed
736 4254 1153 4320 permanserunt
1192 4246 1244 4300 in
1275 4245 1471 4299 duritia
1502 4248 1681 4303 cordis
1704 4247 1806 4314 sui,

226 4353 280 4399 et
316 4360 424 4399 non
471 4347 847 4414 cognoverunt
891 4346 1170 4410 peccatum
1211 4339 1351 4408 quod
1391 4349 1652 4408 egerunt;
1704 4356 1810 4396 non

230 4435 398 4491 solum
434 4442 624 4491 contra
674 4431 1078 4487 sanctissinmm
1114 4429 1473 4498 patriarcham
1524 4428 1806 4501 lgnatium,

229 4526 314 4581 sed
360 4538 416 4581 et
465 4535 655 4580 contra
685 4520 1087 4578 sanctissimam
1118 4519 1209 4574 Dei
1238 4519 1560 4587 Ecclesiam,
1592 4537 1690 4591 per
1720 4535 1805 4575 se-

228 4629 365 4688 ptem
386 4633 558 4671 annos
574 4613 880 4686 epitimium
908 4612 1135 4677 habere;
1162 4621 1381 4682 propter
1403 4612 1807 4666 manifestatum

231 4719 498 4778 peccatum
533 4705 639 4760 tale
664 4746 678 4769 ,
718 4718 843 4758 esse
876 4703 993 4757 illos
1025 4702 1076 4756 in
1110 4702 1316 4757 duobus
1343 4702 1497 4756 annis
1525 4711 1677 4757 extra
1712 4701 1811 4755 Ec-

231 4797 458 4862 clesiam,
483 4805 537 4850 et
569 4797 622 4851 in
655 4794 781 4848 aliis
807 4792 1015 4847 duobus
1044 4792 1365 4869 anuisintra
1395 4790 1688 4846 Ecclesiam
1716 4807 1812 4844 au-

231 4890 336 4945 dire
360 4890 569 4945 divinas
602 4889 924 4957 Seripturas
952 4901 1120 4956 usque
1146 4887 1211 4941 ad
1238 4888 1673 4953 catechumenos,
1701 4902 1806 4941 non

232 4992 395 5037 tamen
411 4983 513 5039 ullo
532 4982 693 5037 modo
721 4978 1150 5041 communicare,
1168 4979 1262 5035 sed
1280 4979 1549 5034 abstinere
1577 4996 1607 5035 a
1626 4978 1807 5035 carni-

228 5070 321 5128 bus
346 5081 398 5127 et
422 5075 540 5129 vino
568 5082 816 5144 quatuor
846 5068 1001 5122 annis
1031 5081 1226 5138 praeter
1253 5067 1565 5125 Dominicos
1594 5072 1729 5135 dies,
1753 5078 1809 5125 et

234 5174 410 5232 prazler
434 5163 748 5219 Dominieas
779 5156 1120 5226 festivitates,
1148 5167 1204 5215 et
1234 5158 1289 5211 in
1313 5157 1430 5212 aliis
1455 5156 1624 5215 tribus
1651 5156 1810 5214 annis

234 5264 363 5311 stare
390 5273 499 5311 cum
533 5254 800 5312 ﬁdelibus
827 5291 843 5314 ,
886 5255 939 5300 et
983 5252 1174 5306 mereri
1210 5248 1445 5304 divinam
1478 5250 1809 5305 communio-

235 5360 342 5401 nem
375 5348 424 5403 in
455 5349 583 5404 solis
615 5338 933 5401 Dominicis
957 5338 1389 5397 solemnitatibus
1424 5356 1544 5395 cum
1575 5343 1809 5396 electuo-

233 5439 398 5508 synis,
441 5450 490 5497 et
533 5433 899 5497 orationibus
941 5441 1094 5503 atque
1131 5432 1395 5505 jejuniis;
1448 5437 1517 5490 ita
1551 5446 1607 5490 ut
1640 5433 1811 5489 tribus

232 5529 398 5587 diebus
438 5527 805 5591 hebdomadis
836 5566 850 5589 ,
904 5530 1129 5584 secunda
1168 5526 1479 5595 videlicet,
1520 5537 1709 5598 quarta
1756 5534 1809 5580 et

233 5631 364 5675 sexta
392 5621 531 5691 feria,
562 5614 902 5680 abstineant
923 5629 950 5666 a
976 5620 1228 5674 carnibus
1256 5623 1310 5668 et
1337 5615 1478 5671 \ittt).
1510 5614 1807 5672 Peccamcn

1912 3248 2167 3325 eaistunt.
2216 3244 2285 3300 Et
2326 3245 2690 3315 praedixerunt
2733 3242 2799 3322 ad
2829 3240 3226 3296 sanctissimum
3256 3238 3494 3310 patriar-

1911 3338 2070 3393 cham
2099 3326 2366 3407 lgnatium
2397 3353 2409 3388 :
2443 3333 2641 3388 Sancta
2681 3332 2895 3404 quidem
2928 3332 3164 3404 synodus
3191 3346 3494 3386 consonan-

1911 3436 1996 3483 ter
2021 3428 2166 3482 dedit
2211 3426 2289 3481 eis
2336 3425 2633 3496 epitimium
2673 3438 2881 3487 eorum,
2915 3432 3137 3493 peccato
3181 3437 3279 3477 suo
3308 3421 3495 3478 condi-

1912 3533 2075 3588 gnum
2101 3558 2114 3581 ,
2162 3517 2270 3571 imo
2306 3531 2435 3569 vero
2476 3513 2658 3569 multa:
2696 3512 3054 3584 eompassioni
3103 3512 3489 3584 propinquum,

1911 3619 2284 3665 verumtamen
2315 3615 2636 3678 potestatem
2666 3604 2829 3660 habet
2872 3603 3131 3660 sanctitas
3162 3613 3251 3658 tua
3290 3604 3487 3659 secun-

1912 3704 2038 3759 dum
2065 3699 2446 3757 contritionem
2476 3697 2655 3754 cordis
2686 3694 3121 3767 uniuscujusque,
3145 3702 3200 3749 et
3222 3692 3492 3751 fervorem

1911 3811 1975 3852 ac
1996 3795 2258 3860 studium,
2282 3791 2613 3864 paenitentiae
2635 3789 2946 3856 allevandae,
2971 3787 3055 3843 vel
3076 3786 3238 3843 etiam
3261 3776 3492 3860 augendi

1910 3885 2211 3958 epitimium
2238 3882 2379 3954 quod
2409 3884 2591 3938 datum
2629 3889 2711 3937 est
2741 3898 2754 3936 :
2786 3880 3039 3952 quoniam
3077 3879 3130 3936 in
3160 3888 3209 3935 te
3234 3894 3490 3951 peccave-

1911 3985 2059 4044 runt,
2085 3983 2139 4032 et
2164 3989 2262 4047 per
2293 3981 2345 4027 te
2374 3973 2424 4027 in
2453 3971 2642 4027 Deum.
2671 3968 3190 4044 Magniﬁcentissimi
3216 3980 3271 4028 et
3296 3969 3492 4044 glorio-

1910 4067 2113 4125 sissimi
2157 4066 2429 4138 principes
2469 4065 2723 4120 dixerunt
2752 4082 2763 4116 :
2795 4063 3117 4119 Benedictus
3148 4062 3289 4119 Deus
3318 4062 3408 4132 qui
3438 4048 3496 4118 et

1911 4161 1964 4216 in
2009 4160 2111 4214 hac
2144 4167 2297 4230 parte
2334 4156 2570 4212 ostendit
2613 4171 2710 4210 vos
2754 4156 3050 4211 imitatores
3094 4153 3309 4226 pietatis
3358 4169 3488 4209 suat.

1913 4250 2380 4309 llonorabilissimi
2424 4249 2663 4320 episcopi
2701 4248 2951 4303 dixerunt
2983 4266 2996 4303 :
3027 4246 3209 4303 Placet
3238 4245 3491 4303 omnibus

1905 4339 2168 4411 judicium
2222 4340 2384 4396 istud.
2425 4339 2695 4404 Bahanes,
2724 4336 3287 4408 magniﬁcentissimus
3327 4328 3493 4406 patri-

1914 4433 2031 4501 cius
2066 4440 2121 4488 et
2148 4432 2467 4503 praepositus
2507 4431 2573 4485 ad
2611 4430 2980 4485 sanctissimos
3017 4427 3273 4492 vicarios,
3298 4428 3436 4482 dixit
3472 4444 3488 4483 :

1918 4522 2222 4592 Capitulum
2246 4518 2476 4587 hocjam
2502 4519 2659 4572 ﬁnem
2692 4517 2917 4595 accepit.
2947 4516 3165 4569 Habetis
3194 4514 3338 4569 aliud
3366 4513 3496 4581 quid

1919 4613 1986 4664 ad
2008 4608 2421 4679 disponendum,
2443 4622 2510 4661 an
2537 4607 2679 4660 non?
2710 4620 2835 4658 nam
2868 4604 2998 4659 hora
3027 4603 3324 4675 praeteriit:
3353 4602 3497 4672 quod

1920 4698 1965 4755 si
2007 4715 2109 4754 non
2159 4696 2413 4762 habetis,
2453 4695 2634 4751 dicite.
2686 4694 2927 4749 Donatus
2973 4694 3083 4749 Deo
3133 4690 3498 4746 amicissimus

1919 4792 2201 4862 episcopus
2228 4784 2412 4852 Ostiae,
2444 4796 2500 4842 et
2528 4786 2835 4857 Stephanus
2865 4786 2974 4841 Deo
2999 4784 3358 4841 amicissimus
3386 4774 3501 4852 epi-

1921 4895 2115 4951 scopus
2146 4876 2327 4947 Nepae,
2360 4886 2414 4930 et
2457 4873 2695 4930 Marinus
2725 4872 3209 4930 reverendissimus
3242 4870 3501 4926 diaconus

1916 4982 2118 5028 sancta:
2163 4970 2424 5025 Romanae
2469 4965 2723 5024 Ecclesiae
2748 5005 2762 5031 ,
2810 4965 3108 5022 dixerunt:
3138 4962 3411 5020 Habemus
3450 4969 3508 5018 et

1913 5067 2053 5123 aliud
2081 5061 2206 5137 quid
2259 5065 2327 5121 ad
2372 5061 2758 5130 requirendum
2812 5057 2999 5115 hodie.
3040 5058 3333 5129 Postquam
3363 5054 3506 5111 enim

1912 5157 2139 5227 ingrcssi
2171 5169 2359 5208 sumus
2397 5150 2450 5203 in
2478 5150 2621 5207 hanc
2646 5163 2675 5202 a
2703 5145 2809 5199 Deo
2837 5149 3271 5207 conservandam
3296 5146 3508 5205 urbem,

1913 5252 2152 5306 auditum
2186 5255 2272 5300 est
2321 5261 2353 5299 a
2407 5241 2567 5298 nobis
2615 5238 2739 5311 quia
2784 5235 2965 5298 malos
3017 5241 3262 5299 homines
3304 5247 3357 5294 et
3387 5247 3514 5289 cono

1919 5344 2208 5409 temptores
2254 5328 2540 5389 inveniens
2583 5324 2828 5386 diabolus
2873 5341 3088 5405 organa
3126 5327 3342 5384 malitiae
3381 5335 3511 5384 suae,

1916 5438 2171 5497 operatus
2198 5433 2287 5478 est
2314 5433 2530 5478 novam.
2550 5435 2663 5476 rem
2689 5424 2744 5471 et
2772 5416 2995 5487 plenam
3027 5421 3324 5491 impietate;
3357 5415 3428 5467 ita
3456 5416 3518 5462 ut
3598 5483 3604 5489 η

1916 5516 2036 5572 laici
2066 5511 2339 5578 homines,
2372 5515 2427 5561 et
2466 5519 2753 5565 senatores
2793 5509 3133 5570 vestirentur
3171 5503 3520 5572 superliume-

1917 5609 2143 5671 ralibus,
2168 5609 2221 5656 et
2251 5602 2524 5664 facerent,
2570 5605 2830 5672 quantum
2873 5612 3128 5667 putatur,
3158 5608 3219 5649 ea
3398 5591 3525 5686 sunt

3306 5677 3345 5700 ,9
3376 5677 3494 5700 ιιι-εἴη
