3960 5828
450 379 558 438 145

1563 373 1923 431 ANASTASll
1957 371 2495 430 BIBLIOTHECARII

3583 366 3683 423 1M

439 486 593 565 cipes
621 490 872 547 dixerunt
902 503 918 543 :
945 488 1206 545 Voluntas
1248 498 1426 545 vestra
1475 485 1599 553 fiat;
1655 480 2018 559 conspicimus
2043 488 2097 549 Α
2120 500 2217 541 vos
2254 485 2513 541 Pltotius?
2559 482 2796 539 Marinus
2837 490 2893 540 et
2930 482 3033 563 qui
3083 494 3204 538 cum
3237 481 3353 550 ipso
3387 478 3681 536 dixerunt:

438 582 584 638 enim
617 590 673 638 et
699 595 797 637 nos
824 580 926 635 hoc
946 578 1149 649 justum
1182 578 1313 635 fore.
1345 576 1903 635 Sanctissimivicarii
1934 591 2017 634 se-

439 671 611 727 nioris
653 670 840 726 Romae
874 669 1167 726 dixerunt:
1196 667 1569 740 lngrediantur
1613 667 1766 725 tales.
1819 668 1884 723 Et
1933 668 2015 723 in-

436 760 613 831 grcssi
649 767 798 827 sunt,
825 767 880 815 et
925 766 1191 816 steterunt
1224 758 1279 813 in
1306 757 1504 825 medio,
1531 756 1769 814 Marinus
1797 758 2016 831 spatha-

440 852 559 924 rius
586 851 924 918 candidatus,
953 861 1011 908 et
1050 849 1280 907 Basilius
1313 852 1641 921 spatharius,
1672 860 1728 907 et
1752 850 2017 923 Georgius

435 942 750 1013 spatharius
774 981 790 1008 ,
832 950 887 996 et
920 940 1236 1013 interrogati
1267 949 1392 997 sunt
1432 957 1462 996 a
1511 940 1865 997 sanctissimis
1912 940 2015 996 loci

438 1036 809 1093 servatoribus
827 1052 842 1091 :
860 1034 1219 1104 Quamobrem
1244 1030 1509 1091 introistis
1527 1034 1584 1090 in
1610 1034 1752 1089 hanc
1774 1042 2016 1090 sanctam

439 1129 731 1197 synodum,
753 1135 808 1183 et
835 1135 896 1183 ut
926 1141 1087 1197 quam
1116 1140 1334 1182 causam
1367 1126 1661 1182 nuntietis?
1698 1125 1935 1181 Marinus
1962 1131 2020 1180 et

442 1217 482 1275 ii
512 1221 604 1291 qui
634 1236 753 1276 cum
793 1220 911 1292 ipso
954 1228 1146 1286 erant,
1186 1219 1439 1275 dixerunt
1479 1235 1494 1273 :
1535 1218 1742 1274 Ludum
1784 1216 2017 1273 faciebat

440 1307 669 1366 Michael
700 1309 1012 1381 imperator,
1053 1310 1274 1366 mittens
1322 1308 1477 1366 nobis
1510 1307 1869 1380 pontificalem
1901 1316 2013 1363 sto-

439 1404 545 1461 lam
570 1445 586 1471 ,
624 1420 811 1461 verum
840 1420 946 1460 non
976 1403 1148 1460 solum
1176 1402 1331 1460 nobis
1356 1443 1370 1468 ,
1410 1401 1507 1459 sed
1532 1412 1589 1458 et
1617 1401 1736 1457 aliis
1772 1392 2017 1472 pluribus

436 1495 750 1567 spathariis.
783 1495 1123 1553 Sanctissimi
1163 1494 1351 1550 vicarii
1398 1495 1651 1551 dixerunt
1682 1508 1700 1549 :
1738 1493 2016 1550 Veraciter

438 1586 738 1643 mittebatis
776 1584 1168 1643 sacerdotalem
1208 1584 1440 1642 stolam?
1479 1583 1719 1639 Marinus
1749 1593 1804 1640 et
1835 1582 2014 1639 caeteri

439 1676 736 1732 dixerunt:
767 1675 1045 1733 Veraciter
1089 1675 1435 1730 mittebamus
1479 1689 1623 1731 eam.
1675 1672 2014 1730 Sanctissimi

438 1767 629 1823 vicarii
674 1751 925 1822 dixerunt
968 1785 983 1822 :
1023 1767 1092 1822 Et
1121 1774 1416 1838 posuerunt
1443 1781 1606 1838 super
1629 1775 1806 1823 vestra
1836 1765 2012 1837 capita

2114 574 2395 631 Nescimus
2419 575 2463 632 si
2491 575 2727 641 videbat,
2751 590 2818 630 an
2849 575 2897 630 si
2927 589 3031 629 non
3052 571 3296 637 videbat;
3325 572 3478 628 testis
3506 580 3683 627 autem

2115 674 2199 723 est
2225 666 2383 731 Deus,
2412 668 2535 737 quia
2567 675 2709 723 totus
2745 665 2976 724 mundus
3015 664 3146 722 illud
3180 664 3401 720 sciebat.
3445 662 3688 720 Sanctis-

2116 757 2238 813 simi
2265 757 2451 812 vicarii
2479 756 2730 812 dixerunt
2762 774 2775 810 :
2805 756 2947 823 Quot
2968 754 3166 811 eratis?
3215 753 3452 809 Marinus
3493 761 3552 809 et
3587 768 3691 808 car-

2119 849 2219 903 teri
2258 847 2513 904 dixerunt
2557 866 2571 902 :
2622 847 2768 902 Multi
2814 856 3049 903 eramus.
3109 844 3455 902 Sanctissimi
3497 845 3687 901 vicarii

2116 938 2370 995 dixerunt
2413 953 2430 993 :
2475 938 2614 995 Vere
2659 937 2810 993 multi
2857 935 3033 993 fuistis
3077 937 3130 992 in
3169 936 3603 991 inhonorantiam
3638 944 3691 991 et

2115 1030 2483 1087 confusionem
2513 1028 2672 1085 unius
2694 1038 2749 1085 et
2768 1028 2934 1083 solius
2959 1027 3073 1084 veri
3118 1027 3213 1083 Dei
3242 1027 3409 1082 nostri
3441 1043 3456 1082 :
3486 1026 3608 1082 ideo
3635 1035 3687 1082 et

2116 1135 2214 1177 vos
2249 1128 2581 1191 praesentes,
2615 1128 2671 1175 et
2716 1118 2791 1174 illi
2838 1119 3087 1176 absentes
3127 1116 3422 1187 epitimium
3479 1115 3690 1173 habetis

2117 1211 2364 1281 accipere
2404 1225 2436 1265 a
2474 1219 2660 1266 sancta
2697 1209 2799 1265 hac
2835 1217 2891 1265 et
2934 1206 3219 1264 universali
3262 1206 3470 1278 synodo
3509 1205 3579 1262 ad
3613 1206 3693 1281 in—

2119 1301 2444 1374 dulgentiam
2492 1301 2785 1372 impietatis
2819 1312 3033 1357 vestrae.
3080 1299 3147 1355 Et
3181 1305 3304 1373 post
3347 1299 3463 1355 haec
3502 1312 3693 1354 ascen-

2106 1397 2253 1454 dens
2278 1396 2515 1453 Thomas
2542 1395 3025 1452 reverendissimus
3054 1393 3412 1450 subdiaconus
3444 1400 3499 1449 et
3534 1392 3693 1448 devo-

2118 1496 2207 1544 tus
2229 1489 2496 1554 notarius,
2525 1498 2585 1542 ut
2610 1504 2677 1545 ex
2705 1502 2934 1559 persona
2962 1484 3426 1542 sanctissimorum
3462 1481 3694 1540 vicario-

2118 1595 2237 1636 rum
2266 1580 2498 1636 senioris
2522 1579 2708 1635 Romae
2744 1578 2871 1649 legit
2899 1578 2973 1633 ita
3004 1591 3022 1632 :

2185 1670 2243 1726 ln
2272 1669 2579 1726 novissimis
2607 1668 2936 1740 temporibus
2963 1681 3099 1723 nova
3138 1667 3398 1738 pravitas,
3431 1671 3487 1721 et
3522 1663 3679 1720 valde

2118 1761 2559 1832 reprehensibilis
2592 1760 2843 1832 apparuit
2879 1759 3204 1816 adinventio.
3257 1757 3517 1814 Homines
3549 1757 3693 1812 enim

438 1862 627 1912 saneta
659 1855 981 1926 Evangelia?
1027 1837 1266 1912 Marinus
1308 1865 1363 1911 et
1405 1856 1494 1926 qui
1541 1870 1663 1911 cum
1711 1856 1827 1926 ipso
1860 1863 2017 1912 erant
2043 1837 2247 1925 Bhlaiei
2277 1852 2343 1906 ad
2365 1852 2598 1907 dedecus
2640 1860 2698 1907 et
2739 1849 3110 1908 confusionem
3140 1847 3340 1906 Christi
3377 1847 3469 1902 Dei
3498 1846 3689 1908 nostri,

422 1938 739 2002 dixerunt:
784 1948 1057 2004 Veraeiter
1100 1955 1394 2018 posuerunt
1440 1962 1524 2002 ea.
1562 1946 1897 2003 Sanctissimi
1932 1946 2013 2002 vi-

424 2025 580 2092 'earii
607 2038 858 2094 dixerunt
894 2056 906 2093 :
946 2039 1009 2094 Et
1047 2038 1278 2095 faciebat
1303 2038 1426 2110 quis
1449 2038 1686 2109 aliquam
1713 2039 2013 2096 orationem

440 2127 496 2183 in
528 2130 660 2184 vos?
704 2129 938 2185 Marinus
971 2138 1024 2183 et
1060 2131 1150 2200 qui
1181 2145 1302 2185 eum
1349 2130 1466 2200 ipso
1508 2139 1664 2185 erant
1709 2130 1960 2184 dixerunt
1995 2147 2012 2183 :

433 2216 636 2275 Etiam.
673 2216 1014 2279 Sanctissimi
1042 2219 1231 2277 vicarii
1256 2217 2015 2287 dixerttnt,;_Quis?,M.aLi.nus

442 2319 500 2364 ct
544 2310 734 2380 reliqui
781 2310 1031 2366 dixerunt
1075 2329 1090 2367 :
1140 2310 1468 2381 Theophilus
1531 2311 2012 2383 protospatharius.

437 2390 780 2458 Sanctissimi
808 2404 996 2458 vicarii
1025 2403 1275 2461 dixerunt
1302 2421 1314 2458 :
1339 2404 1504 2471 Vivit,
1529 2419 1596 2458 an
1624 2413 1869 2459 mortuus
1894 2403 2014 2460 est?

440 2489 682 2548 Marinus
729 2501 784 2548 et
828 2493 1119 2564 Gregorius
1149 2494 1398 2549 dixerunt
1437 2511 1451 2548 :
1495 2493 1735 2551 Mortuus
1770 2503 1872 2561 est,
1906 2496 2016 2553 Deo

438 2582 676 2638 volente.
728 2581 1064 2639 Sanctissimi
1105 2584 1294 2639 vicarii
1339 2585 1590 2641 dixerunt
1618 2601 1634 2640 :
1662 2584 1862 2656 Utique
1888 2601 2016 2643 vere

442 2681 690 2729 mortuus
709 2680 811 2739 est,
840 2683 894 2729 et
919 2673 1052 2729 abiit
1080 2675 1132 2729 in
1157 2673 1444 2729 infernum.
1474 2676 1578 2731 Vos
1601 2675 1854 2731 sciebatis
1874 2677 2016 2747 quod

441 2754 819 2817 malum‘esset
846 2779 859 2816 :
890 2769 948 2818 ut
973 2748 1099 2833 quid
1130 2762 1233 2819 hoc
1262 2762 1499 2819 fecistis?
1547 2758 1784 2820 Marinus
1827 2773 1880 2819 et
1922 2766 2013 2835 qui

436 2868 561 2909 cum
604 2854 719 2925 ipso
768 2863 922 2909 erant
968 2854 1267 2910 dixerunt:
1303 2855 1370 2909 Et
1413 2855 1537 2924 quid
1581 2863 1888 2925 poteramus
1923 2857 2016 2910 ad-

418 2934 627 3023 :versus
671 2945 1047 3015 imperatorem
1095 2946 1312 3011 dicere,
1361 2945 1591 3001 feminas
1616 2938 1691 3000 ‘et
1731 2961 1926 3015 pueros
1962 2956 2016 3002 et

426 3035 697 3099 ,smculum
724 3036 1020 3091 habentes?
1065 3034 1406 3090 Sanctissimi
1432 3036 1621 3091 vicarii
1651 3037 1879 3092 senioris
1908 3036 2017 3091 Ro-

423 3104 543 3177 'mae'
562 3114 815 3179 dixerunt
840 3142 853 3178 :
882 3123 947 3177 Et
977 3123 1020 3177 si
1048 3122 1333 3178 obtulisset
1358 3123 1509 3179 vobis
1534 3123 1757 3189 idolum,
1785 3125 2016 3179 adorare

2116 1952 2172 1998 et
2195 1942 2449 1999 Ecclesia:
2477 1942 2668 2013 ipsius,
2701 1956 2766 1998 ac
2794 1939 3144 1998 sacerdotalis
3182 1939 3477 2011 dignitatis,
3511 1937 3694 1993 amicti

2117 2033 2539 2090 sacerdotalibus
2564 2032 2747 2099 stolis,
2773 2041 2829 2087 et
2862 2030 3256 2103 episcopalibus
3286 2029 3697 2099 superhumera—

2116 2121 2275 2187 libus,
2299 2130 2354 2178 et
2384 2121 2711 2192 accipientes
2732 2122 3031 2176 orationem
3070 2116 3464 2175 sacerdotalem
3498 2116 3570 2171 ab
3599 2116 3695 2170 ali-

2115 2230 2223 2288 quo
2272 2214 2437 2283 laico,
2492 2215 2645 2285 (praei
2699 2211 3111 2285 patriarcbalem
3161 2209 3389 2267 formam
3440 2209 3692 2270 habente,

2113 2314 2573 2377 praesumpserunt
2596 2303 2898 2360 sacerdotio
2928 2300 3096 2372 fungi,
3126 2307 3182 2356 et
3223 2312 3385 2370 agere
3427 2297 3694 2367 putativa,

2114 2394 2281 2451 veluti
2306 2395 2450 2466 digni
2479 2394 2674 2451 summi
2697 2394 3025 2457 sacerdotes,
3056 2391 3249 2447 divinas
3269 2387 3694 2444 administratio-

2116 2488 2203 2544 nis
2234 2487 2493 2559 mysteria
2523 2488 2578 2543 in
2605 2486 2930 2541 derisionem
2959 2492 3013 2562 et
3038 2481 3491 2554 vituperationem
3524 2478 3635 2533 dati
3666 2493 3695 2533 a

2116 2580 2228 2635 Deo
2248 2579 2579 2650 principibus
2598 2578 2938 2634 sacerdotum
2960 2574 3203 2649 honoris,
3228 2580 3285 2629 et
3305 2572 3695 2629 detractionem

2116 2667 2476 2724 immaculata:
2494 2665 2925 2722 Christianorum
2943 2665 3070 2721 fidei
3096 2682 3108 2717 :
3135 2678 3269 2734 quos
3293 2675 3477 2719 coram
3508 2670 3696 2719 saneta

2116 2758 2317 2831 synodo
2372 2758 2803 2822 iutroducentes,
2862 2764 2917 2812 et
2972 2755 3353 2820 discutientes,
3411 2753 3696 2808 didicimus

2115 2848 2406 2921 perfectius
2439 2849 2614 2904 adhuc
2648 2848 2714 2903 de
2750 2847 2951 2903 eisdem
2997 2846 3130 2915 ipsis
3175 2846 3410 2900 auditam
3452 2844 3522 2898 ab
3572 2843 3693 2897 aliis

2116 2941 2445 3011 impietatem
2475 2958 2487 2993 :
2515 2948 2570 2995 et
2603 2939 2722 2993 ideo
2747 2937 2953 3007 justum
2984 2939 3236 2993 duximus
3263 2946 3317 2992 et
3343 2937 3442 2993 hos
3469 2937 3614 3006 aptis
3638 2944 3693 2991 et

2115 3031 2561 3089 convenientibus
2588 3030 2850 3102 epitimiis
2879 3030 3211 3111 submittere,
3257 3037 3316 3084 ut
3356 3043 3696 3099 nequaquam

2119 3125 2311 3179 amodo
2341 3122 2648 3193 huiusmodi
2677 3123 2829 3181 nefas
2860 3124 2913 3178 in
2944 3123 3181 3179 Ecclesia
3209 3123 3322 3187 Dei,
3353 3133 3407 3180 et
3431 3121 3699 3178 Christiao

421 3198 570 3266 'illud
598 3211 958 3267 habuissetis?
979 3210 1214 3266 Marinus
1235 3220 1288 3266 et
1307 3212 1489 3268 caeteri
1516 3188 1769 3269 dixerunt
1798 3232 1811 3268 :
1838 3214 2013 3269 Absit.
2042 3188 2088 3250 Ο
2120 3214 2343 3271 nissime
2368 3188 2581 3285 populo,
2613 3224 2669 3269 et
2696 3214 2751 3269 in
2782 3215 3116 3284 plenitudine
3142 3213 3254 3269 fiat.
3286 3213 3544 3270 Volumus
3571 3227 3699 3284 ergo

442 3301 782 3358 Sanctissimi
825 3302 1013 3357 vicarii
1041 3301 1270 3358 senioris
1313 3301 1499 3357 Romae
1528 3302 1820 3358 dixerunt:
1852 3302 1894 3356 A
1922 3317 2017 3357 cu-

441 3389 655 3445 nabulis
678 3400 734 3446 et
757 3391 825 3446 ab
859 3400 1019 3446 aetate
1057 3389 1296 3445 infantiae
1338 3391 1524 3462 ecquis
1569 3406 1663 3446 vos
1709 3391 1918 3445 induxit
1961 3391 2015 3447 in

441 3481 736 3536 Ecclesium
767 3481 894 3536 Dei?
922 3481 1004 3537 vel
1029 3482 1150 3551 quis
1178 3495 1275 3537 vos
1303 3481 1652 3546 illuminavit;
1683 3481 2013 3547 sacerdotes,

439 3588 509 3628 an
536 3573 858 3630 saeculares?
881 3573 1119 3629 Marinus
1145 3582 1201 3629 et
1225 3573 1405 3629 caeteri
1429 3573 1720 3628 dixerunt:
1749 3572 2016 3627 Sacerdo-

440 3673 543 3719 tes.
577 3663 915 3719 Sanetissimi
960 3664 1147 3719 vicarii
1178 3664 1432 3718 dixerunt
1458 3681 1470 3716 :
1501 3662 1569 3717 Et
1601 3677 1717 3728 cur,
1752 3662 1796 3716 si
1829 3676 2013 3718 sacer-

438 3754 594 3809 dotes
620 3752 945 3808 induxerunt
980 3767 1076 3808 vos
1106 3754 1157 3807 in
1188 3752 1483 3809 Ecclesiam
1518 3761 1576 3807 et
1605 3753 1657 3806 in
1682 3752 2017 3807 communio-

439 3860 586 3909 nem,
618 3858 711 3899 vos
741 3843 1073 3913 depravastis
1118 3842 1298 3898 divina
1341 3851 1399 3897 et
1432 3840 1689 3896 terribilia
1735 3841 2012 3911 mysteria,

439 3935 685 3991 illusistis
709 3944 764 3990 et
792 3934 997 3990 fecistis
1027 3934 1307 3989 ridiculum
1340 3933 1734 4003 sacerdotium?
1776 3932 2015 3988 Marinus

435 4034 492 4083 et
517 4025 749 4083 Basilius
790 4035 846 4081 et
871 4026 1162 4097 Gregorius
1192 4027 1625 4096 responderunt:
1666 4026 1930 4090 Diximus,
1961 4032 2016 4080 et
2062 4052 2063 4055 η

437 4119 636 4173 iterum
663 4118 930 4173 dicimus:
962 4118 1066 4173 Per
1101 4118 1242 4173 diem
1290 4117 1434 4172 illam
1482 4117 1737 4187 quidquid
1782 4116 2016 4172 faciebat

437 4210 750 4279 imperator,
781 4217 837 4265 et
860 4209 1224 4281 praecipiebat,
1257 4223 1355 4264 nos
1382 4207 1743 4275 faciebamus;
1794 4208 1837 4263 si
1868 4208 2013 4264 enim

435 4302 806 4371 loqueremur,
834 4310 888 4355 et
914 4302 1306 4365 resisteremus,
1345 4316 1713 4367 moreremur;
1752 4311 1806 4357 et
1833 4312 2013 4357 tamen

439 4392 657 4462 quidam
683 4407 748 4446 ex
780 4394 978 4447 nostris
1006 4393 1317 4447 resistentes
1342 4393 1464 4447 caesi
1495 4402 1637 4447 sunt.
1677 4392 2012 4449 Sanctissimi

432 4483 623 4539 vicarii
654 4484 905 4538 dixerunt
935 4499 950 4538 :
977 4483 1182 4538 Bonum
1209 4492 1386 4549 esset,
1427 4484 1678 4554 quoniam
1720 4483 2015 4539 inchoastis

432 4574 660 4640 bonum,
697 4575 795 4629 etsi
822 4574 943 4629 caesi
973 4575 1187 4638 essetis,
1215 4583 1267 4629 et
1296 4575 1725 4644 pertnansissetis
1755 4591 1922 4644 usque
1954 4575 2007 4630 in

436 4664 620 4730 tinent,
653 4674 709 4720 et
741 4665 1061 4721 servassctis
1090 4665 1389 4719 veritatem.
1425 4663 1661 4718 Marinus
1687 4673 1740 4719 et
1769 4665 1859 4733 qui
1887 4679 2009 4718 cum

435 4771 501 4810 eo
530 4765 686 4810 et'ant
715 4755 1001 4809 dixerunt:
1032 4754 1287 4810 Homines
1333 4770 1516 4809 smnus
1562 4755 1781 4820 infirmi,
1822 4764 1877 4811 et
1905 4771 2009 4810 non

435 4845 818 4903 tolerassemus
844 4855 1092 4900 mortem.
1124 4844 1507 4899 Verumtan'ten
1535 4846 1832 4914 epitimium
1870 4848 2008 4902 acci-

434 4937 632 5009 pimus,
667 4935 987 4992 eonfitentes
1035 4935 1377 4990 sanctissimo
1421 4936 1639 4990 domino
1688 4936 1890 5006 lgnatio
1917 4952 2012 5007 pa-

436 5028 719 5093 triarchae;
761 5036 816 5082 et
841 5029 1218 5096 interrogetur.
1258 5025 1595 5081 Sanctissimi
1637 5027 1822 5082 vicarii
1862 5027 2016 5082 dixe-

438 5128 567 5174 runt
615 5136 627 5171 :
676 5118 743 5172 Et
788 5107 1069 5174 custoditis
1111 5117 1395 5188 cpitimia?
1450 5118 1687 5174 Marinus
1735 5128 1788 5174 et
1833 5120 2015 5175 caeteri

439 5208 738 5264 dixerunt:
776 5208 971 5274 Etiam,
1002 5211 1140 5263 Deus
1182 5211 1286 5265 scit
1330 5211 1455 5279 quia
1501 5209 1887 5266 custodivimus
1925 5227 2009 5266 ea.

441 5298 779 5355 Sanctissimi
821 5300 1003 5354 vicarii
1043 5301 1336 5355 dixerunt:
1368 5301 1500 5370 Quis
1531 5303 1680 5357 vobis
1721 5302 1867 5358 dedit
1904 5305 2014 5360 ea?

442 5388 682 5444 Marinus
706 5398 755 5443 et
780 5389 871 5460 qui
899 5404 1022 5443 cum
1053 5389 1167 5459 ipso
1192 5400 1346 5446 erant
1371 5392 1654 5447 dixerunt:
1683 5391 2012 5451 Patriareltae

441 5479 695 5545 diximus,
725 5487 780 5533 et
810 5479 945 5534 dixit
972 5479 1123 5535 nobis
1157 5499 1169 5533 :
1211 5480 1285 5536 Ite
1313 5481 1528 5556 singuli,
1558 5482 1646 5537 ubi
1688 5484 1898 5540 habetis
1926 5501 2012 5542 sa-

445 5571 824 5631 tisfaclioncm,
850 5579 904 5625 et
926 5571 1171 5642 accipite.
1203 5572 1539 5632 Sanctissimi
1569 5576 1753 5632 vicarii
1783 5577 2013 5634 senioris

445 5661 631 5729 Romae
677 5664 970 5718 dixerunt:
1005 5663 1228 5731 Quando
1278 5668 1416 5724 hanc
1457 5684 1729 5741 pompam,
1768 5678 1823 5726 et
1868 5670 2010 5738 inju-

476 5749 488 5756 “
654 5761 678 5776 ··
705 5752 990 5808 ridiculum
1013 5753 1291 5812 faciebatis
1315 5757 1368 5810 iu
1394 5758 1772 5816 sacerdotium.
1797 5759 2011 5812 videbat

2117 3318 2441 3374 componere
2496 3303 2783 3373 capitulum
2841 3305 2907 3360 de
2962 3303 3150 3359 illicito
3209 3304 3311 3359 hoc
3358 3304 3693 3368 conamine,

2117 3392 2259 3463 quod
2312 3393 2365 3446 in
2424 3392 2530 3448 alio
2570 3401 2857 3456 conventu,
2902 3392 3012 3449 Deo
3059 3391 3289 3457 favente,
3336 3393 3567 3464 legetur.

2186 3486 2254 3540 Et
2277 3496 2397 3556 post
2433 3485 2715 3541 lectionem
2754 3486 2895 3541 hanc
2923 3484 3218 3540 ascendens
3250 3484 3558 3553 Stephanus
3588 3484 3698 3538 Deo

2116 3574 2363 3631 amabilis
2384 3575 2642 3630 diaconus
2661 3584 2716 3630 et
2742 3574 3001 3640 notarius,
3023 3583 3084 3629 ut
3108 3589 3175 3628 ex
3197 3588 3423 3645 persona
3452 3570 3699 3628 Orienta-

2116 3664 2248 3719 lium
2293 3665 2519 3730 sedium,
2567 3666 2640 3718 ita
2674 3664 2843 3735 legit:
2891 3664 3153 3733 Quoniam
3182 3665 3283 3720 sub
3325 3662 3591 3732 imperiali
3633 3662 3701 3716 tio

2116 3770 2291 3820 more,
2338 3764 2394 3809 et
2423 3754 2659 3825 periculo
2705 3753 3073 3809 consistebant
3118 3770 3133 3809 :
3177 3753 3319 3822 quod
3365 3752 3543 3822 potius
3583 3751 3698 3822 ipse

2116 3848 2409 3919 imperator
2447 3845 2653 3902 faciens
2692 3846 3004 3916 apparebat,
3056 3854 3112 3900 et
3149 3845 3542 3915 subsequenter
3579 3843 3697 3899 illos

2116 3953 2278 4009 agere
2298 3938 2546 4009 cogebat,
2575 3953 2681 3992 non
2705 3946 2887 3994 autem
2914 3937 3072 3993 talem
3094 3938 3332 3992 animum
3363 3936 3448 3992 vel
3471 3951 3692 3992 sensum

2117 4031 2397 4102 gerebant,
2421 4038 2480 4084 ut
2501 4030 2857 4100 persisterent
2879 4030 2945 4083 ad
2969 4029 3251 4100 capitalem
3273 4029 3696 4084 animadversio-

2115 4138 2240 4178 nem
2294 4121 2711 4193 suscipiendam,
2761 4121 3053 4176 secundum
3102 4122 3469 4179 infirmitatem
3507 4136 3695 4178 eorum

2116 4214 2402 4272 definietur
2426 4215 2723 4285 epitimium
2749 4214 2802 4269 in
2841 4214 2945 4269 alio
2973 4226 3263 4270 conventu.

2190 4305 2252 4359 Et
2282 4314 2405 4374 post
2433 4304 2749 4368 lectionem,
2790 4302 3306 4374 magniﬁcentissimi
3334 4310 3389 4357 et
3418 4301 3697 4373 gloriosis-

2117 4394 2238 4448 simi
2265 4394 2544 4464 principes
2567 4394 2817 4449 dixerunt
2844 4412 2857 4448 :
2896 4394 3033 4450 Ecce
3055 4393 3345 4465 capitulum
3368 4394 3472 4448 hoc
3497 4407 3694 4448 conve-

2122 4484 2356 4538 nientem
2388 4484 2582 4552 accipit
2615 4484 2901 4537 terminum
2936 4501 2950 4537 :
2979 4484 3105 4552 quid
3141 4497 3270 4554 ergo
3298 4482 3411 4537 vult
3436 4483 3695 4537 sanctitas

2118 4573 2334 4629 vestra?
2361 4572 2696 4629 Sanctissimi
2725 4574 2911 4629 vicarii
2946 4573 3176 4630 senioris
3207 4571 3393 4628 Roma:
3418 4573 3692 4637 dixerunt,

2112 4680 2176 4733 ac
2201 4667 2423 4721 duarum
2455 4664 2806 4720 Orientalium
2837 4665 3049 4720 sedium
3078 4682 3092 4719 :
3127 4662 3384 4719 Volumus
3425 4662 3593 4719 falsos
3620 4662 3695 4716 vi-

2113 4758 2308 4823 carios,
2332 4773 2466 4828 quos
2494 4756 2717 4813 Phenus
2739 4757 2962 4811 adduxit
2989 4765 3178 4811 contra
3199 4754 3574 4812 beatissimum
3604 4769 3694 4824 pa-

2114 4864 2235 4918 pam
2251 4849 2551 4913 Nicolaum,
2574 4849 2724 4917 quasi
2742 4849 2809 4902 ab
2831 4848 2952 4902 aliis
2973 4844 3423 4917 patriareltalibus
3447 4845 3690 4909 sedibus,

2113 4939 2320 5010 ingredi
2362 4941 2486 5003 huc,
2513 4948 2572 4993 ut
2603 4938 3081 5009 cognoscatPltotii
3109 4937 3372 4993 versutias
3402 4944 3457 4991 et
3478 4936 3693 4990 fraudes

2117 5029 2280 5083 etiam
2312 5030 2792 5084 reverendissimus
2826 5028 2998 5084 frater
3030 5039 3213 5084 noster
3236 5037 3291 5082 et
3325 5028 3694 5083 comminister

2115 5120 2336 5190 Ioseph,
2366 5122 2603 5176 vicarius
2635 5123 2959 5191 patriarchae
2979 5120 3333 5177 Alexandriae.
3364 5119 3696 5175 lntroicrunt

2115 5211 2391 5277 Leontius,
2436 5210 2748 5281 Gregorius,
2799 5221 2854 5267 et
2899 5211 3136 5285 Sergius.
3182 5212 3464 5267 Stantibus
3513 5222 3691 5266 autem

2116 5302 2221 5358 illis
2250 5302 2302 5356 in
2326 5301 2528 5364 medio,
2556 5302 2804 5358 Babancs
2830 5302 3392 5375 magniﬁcentissimus
3425 5303 3689 5373 patricius

2116 5400 2169 5447 et
2205 5392 2524 5462 praepositus
2553 5392 2728 5448 dixit:
2757 5392 2887 5459 Quis
2924 5409 2989 5449 ex
3035 5394 3183 5450 vobis
3216 5393 3412 5463 estqui
3440 5408 3470 5447 a
3504 5392 3694 5448 Photio

2117 5483 2422 5541 diﬁamatus
2442 5493 2525 5541 est
2552 5500 2671 5540 esse
2692 5486 2924 5542 vicarius
2950 5486 3286 5544 Alexandria:
3301 5487 3325 5540 ?
3343 5486 3408 5541 Et
3424 5485 3694 5543 factusest

2113 5576 2333 5649 propius
2377 5574 2637 5632 Leontius
2699 5586 2755 5630 et
2799 5577 2973 5633 dixit:
3003 5578 3115 5650 Ego
3159 5592 3295 5633 sum.
3346 5575 3549 5648 Ioseph
3583 5578 3691 5633 Deo

2115 5669 2474 5724 amicissimus
2496 5669 2907 5725 archidiaconus
2926 5680 2983 5726 et
3005 5672 3236 5726 vicarius
3256 5668 3595 5726 Alexandria:
3623 5671 3689 5726 ad

2115 5759 2396 5812 Leontium
2426 5759 2600 5818 dixit:
2631 5756 2806 5814 Unde.
2848 5771 2900 5812 et
2930 5762 3053 5814 nuis
3080 5758 3173 5814 es?
3213 5760 3466 5820 Leontius
3508 5761 3645 5820 dixit
3670 5778 3685 5815 :
