3960 5612
212 351 319 412 “5

893 349 1445 409 lNTERPRETA'I'lO
1483 349 1733 410 SYNODI
1774 345 1885 409 Vill
1918 351 2423 415 GENERALIS.—
2457 351 2662 409 ACTIO
2703 352 2798 410 lx.

3386 347 3495 410 1111

212 468 439 524 111-1110118
484 464 563 525 fui
603 478 837 539 genere,
873 467 1116 537 captivus
1150 482 1278 522 vero
1320 465 1529 537 perrexi
1571 464 1805 521 Alexan-
1834 468 1883 527 Α
1911 465 2027 536 ipso
2053 476 2208 522 erant
2248 467 2496 525 dixerunt
2529 485 2541 521 :
2580 464 2681 534 Qui
2711 477 2897 521 sumus
2918 477 3023 522 nos
3046 469 3106 520 nt
3133 462 3494 521 anathemati-

213 562 408 620 driam.
436 559 639 632 Joseph
666 560 900 615 vicarius
944 559 1283 615 Alexandria:
1309 559 1447 613 dixit
1475 576 1488 613 :
1527 558 1591 613 Et
1635 574 1664 611 a
1696 571 1803 627 quo

213 661 428 721 emptus
467 651 571 704 es?
617 648 874 704 Leontius
899 648 1035 723 dixit
1065 666 1077 701 :
1111 648 1150 702 A
1181 646 1438 702 Michaele
1472 645 1801 717 patriarcha.

212 736 412 808 Ioseph
468 737 711 792 vicarius
737 735 1078 792 Alexandria:
1123 736 1257 790 dixit
1288 753 1301 789 :
1334 734 1433 790 Ubi
1477 743 1559 789 est
1596 734 1805 805 episco-

211 830 358 901 pium
386 829 757 900 patriarcbm?
782 828 1038 884 Beontius
1063 829 1198 884 dixit
1216 847 1228 883 :
1246 827 1397 884 1111118
1416 828 1484 883 ad
1513 827 1801 884 ecclesiam

208 932 413 979 80001111
452 923 550 977 Dei
594 922 904 987 Genitricis,
936 921 1074 992 apud
1096 938 1159 977 ea
1180 936 1298 992 qua:
1319 927 1447 977 sunt
1467 919 1692 990 Eulogii.
1713 918 1805 975 ,1οο

209 1014 341 1086 seph
360 1013 962 1069 vieariusAlexandrize
986 1012 1123 1069 dixit
1153 1029 1167 1066 :
1196 1011 1263 1067 Et
1290 1011 1558 1081 quomodo
1588 1008 1802 1066 intrasti

208 1108 345 1163 huc?
367 1107 639 1164 Leontius
655 1107 790 1163 dixit
815 1123 829 1161 :
854 1104 1025 1162 Romo
1046 1120 1196 1161 eram
1217 1104 1483 1174 captivus,
1503 1102 1803 1160 etliberum

207 1213 293 1256 me
320 1199 473 1266 fecit,
506 1207 566 1256 et
594 1199 715 1255 veni
737 1198 841 1254 huc
868 1205 1090 1269 propter
1123 1195 1574 1253 benedictionem.
1600 1191 1801 1264 Ioseph

206 1291 700 1353 reverendissimus
734 1290 1139 1349 archidiaconus
1182 1297 1237 1344 et
1285 1288 1523 1344 vicarius
1562 1286 1800 1342 Alexan-

206 1381 337 1436 driae
360 1381 503 1435 dixit
533 1399 547 1435 :
593 1380 739 1436 Misit
780 1388 832 1436 te
878 1379 1254 1436 sanctissimus
1280 1376 1506 1433 Michael
1550 1375 1691 1432 sicut
1717 1374 1804 1429 vi-

205 1475 451 1530 carium?
492 1474 755 1531 Leontius
782 1474 919 1530 dixit
947 1488 962 1527 :
1014 1472 1168 1542 Saepe
1202 1471 1311 1528 dixi
1340 1470 1465 1542 quia
1513 1485 1622 1526 non
1652 1466 1802 1523 misit

207 1583 310 1635 me,
337 1568 436 1624 scd
472 1576 697 1638 propter
735 1565 1166 1623 benedictionem
1190 1581 1289 1636 ego
1324 1564 1437 1635 ipse
1475 1562 1597 1618 veni
1628 1575 1800 1631 usque

206 1661 328 1715 huc.
382 1660 615 1716 Pbotius
656 1669 836 1715 autem
867 1659 1013 1714 misit
1054 1673 1141 1713 me
1169 1656 1421 1722 Romam,
1450 1663 1510 1710 ut
1535 1651 1798 1725 quidquid

208 1750 456 1806 dicerent
504 1748 863 1819 metropolita:
913 1747 1168 1802 facerem.
1224 1746 1364 1801 Deus
1412 1752 1594 1799 autem
1647 1742 1797 1797 novit

1909 560 2128 612 zetntts?
2163 558 2501 614 Sanctissimi
2554 558 2740 614 vicarii
2787 557 3043 612 dixerunt
3073 571 3089 612 :
3123 555 3189 611 Et
3216 557 3494 626 quomodo

1905 648 2313 703 descendebatis
2360 648 2587 704 Romam
2634 663 2757 703 eum
2804 647 2942 703 libro
2986 646 3203 703 nefandi
3234 646 3493 705 concilii?

1904 739 2168 812 Georgius
2193 751 2248 796 et
2281 742 2372 812 qui
2399 757 2523 798 cum
2556 742 2670 813 ipso
2698 750 2855 796 erant
2891 741 3148 796 dixerunt
3173 757 3188 795 :
3217 739 3403 796 Goacti
3433 749 3494 798 et

1907 830 2093 899 inviti;
2124 832 2261 887 dixit
2282 831 2427 887 enim
2460 832 2614 888 nobis
2658 831 2882 888 Photius
2912 846 2928 886 :
2957 830 3094 898 Quia
3121 838 3494 901 apparuerunt

1905 921 2093 978 Romae
2121 922 2356 996 capitula
2388 932 2577 980 contra
2604 939 2800 996 papam
2830 922 3129 989 Nicolaum,
3161 922 3262 986 ite,
3284 931 3342 979 et
3369 937 3494 980 cer-

1906 1016 2187 1072 tilicamini
2229 1017 2277 1073 si
2327 1026 2452 1073 sunt
2495 1018 2732 1074 veracia.
2788 1015 2898 1073 Nos
2952 1031 3086 1073 vero
3129 1014 3366 1072 diximus
3393 1015 3491 1072 ei:

1904 1105 2162 1163 nomines
2213 1107 2401 1164 rustici
2447 1123 2670 1175 sumus;
2704 1108 2751 1165 si
2796 1107 3207 1179 pervenerimus
3235 1105 3493 1175 Romam,

1902 1211 2065 1268 quam
2091 1197 2340 1255 dabimus
2370 1198 2670 1256 rationem?
2705 1199 2772 1255 Et
2818 1199 2906 1255 ille
2938 1199 3076 1255 dixit
3116 1196 3275 1255 nobis
3304 1212 3324 1254 :
3350 1197 3492 1268 Qui:

1902 1288 2098 1344 docent
2116 1304 2213 1346 vos
2236 1290 2475 1361 episcopi
2497 1305 2615 1361 qua:
2637 1290 2879 1346 debeatis
2903 1291 3100 1347 dicere.
3137 1285 3491 1346 Sanctissimi

1899 1379 2087 1436 vicarii
2123 1382 2352 1438 senioris
2376 1382 2564 1438 Romae
2596 1383 2849 1438 dixerunt
2884 1402 2899 1438 :
2942 1384 3052 1439 Vos
3095 1382 3347 1439 homines
3390 1393 3513 1463 pe-g

1901 1473 2146 1542 regrinos
2165 1482 2221 1529 et
2241 1474 2498 1540 advenas,
2520 1473 2662 1530 sicut
2684 1474 2887 1542 dicitis,
2913 1473 3218 1530 litterarum
3243 1470 3488 1546 gerulos,

1899 1566 2181 1634 oportebat
2244 1566 2489 1637 accipere
2536 1563 2769 1632 litteras,
2820 1573 2875 1621 et
2925 1563 3121 1619 iterum
3168 1562 3368 1621 reverti
3415 1564 3489 1621 ad

1898 1654 2138 1725 propria,
2154 1664 2525 1710 verumtamen
2547 1653 3023 1711 anathematizatis
3035 1654 3325 1710 concilium
3340 1655 3490 1726 quod

1900 1744 2126 1801 Romam
2173 1744 2464 1803 ferebatis?
2511 1745 2776 1817 Georgius
2817 1755 2871 1801 et
2909 1745 2997 1815 qui
3030 1760 3151 1801 cum
3184 1745 3301 1819 ipso
3327 1752 3490 1801 erant

207 1843 327 1912 quia
353 1841 503 1897 sicut
529 1853 698 1912 pecus
725 1838 1138 1904 descendebam,
1166 1837 1300 1893 nihil
1327 1837 1525 1893 sciens.
1556 1835 1799 1891 Sanctis-
1824 1828 1872 1889 B
1901 1838 2190 1895 dixerunt?
2218 1837 2518 1894 Anathema
2546 1838 2595 1893 ei
2639 1837 2732 1908 qui
2778 1837 2926 1903 fecit,
2959 1848 3016 1893 et
3062 1838 3152 1910 qui
3185 1838 3487 1907 consensit,

208 1932 326 1986 simi
363 1930 578 1994 vicarii,
607 1941 661 1987 et
694 1938 802 1986 tota
827 1937 1013 1985 sancta
1049 1928 1286 2000 synodus
1316 1927 1450 1984 dixit
1478 1944 1493 1982 :
1528 1925 1629 1983 Hic
1667 1941 1796 1997 pec-

206 2033 387 2079 eatum
424 2039 585 2080 suum
608 2022 921 2090 confitetur,
950 2031 1005 2079 et
1032 2038 1139 2078 non
1159 2020 1270 2092 jam
1298 2036 1517 2092 egemus
1544 2021 1794 2079 testibus.

207 2115 464 2172 Pluribus
493 2131 625 2187 ergo
650 2116 1019 2186 interrogatus
1048 2123 1103 2169 et
1128 2112 1426 2178 discussus,
1470 2111 1602 2168 nihil
1651 2112 1796 2167 aliud

207 2206 359 2272 dixit,
394 2207 502 2263 nisi
537 2221 659 2278 quae
687 2208 741 2263 in
779 2215 971 2263 octava
1005 2205 1217 2260 actione
1248 2206 1301 2261 iu
1345 2214 1635 2274 conspectu
1665 2219 1794 2260 san-

204 2308 302 2355 01111
326 2307 383 2355 111
409 2299 737 2356 universalis
767 2297 979 2371 synodi.
1028 2296 1545 2369 Magnificentissimi
1585 2304 1640 2350 et
1684 2296 1796 2367 glo-

206 2389 494 2446 riosissimi
535 2389 810 2461 principes
849 2389 1102 2445 dixerunt
1143 2407 1156 2444 :
1207 2388 1316 2444 Nos
1343 2402 1474 2443 vero
1521 2388 1634 2443 111110
1676 2402 1796 2457 qua:

205 2495 347 2535 nunc
371 2495 403 2535 a
450 2488 505 2535 te
534 2480 675 2536 dicta
706 2487 833 2535 sunt
876 2489 931 2535 et
971 2488 1129 2535 antea
1167 2479 1439 2536 ntultoties
1469 2478 1790 2540 audivimus,

205 2569 365 2625 modo
396 2585 530 2625 vero
566 2570 687 2625 ideo
714 2570 1061 2625 intromissus
1084 2584 1143 2626 es
1169 2570 1296 2635 11110,
1328 2578 1385 2624 111
1410 2569 1587 2624 videat
1624 2577 1676 2623 te
1704 2583 1796 2623 ve-

205 2675 297 2716 rus
327 2660 576 2716 vicarius
612 2660 951 2739 patriarchae
975 2660 1336 2722 Alexandriae,
1389 2658 1515 2730 quia
1564 2659 1792 2714 mendax

204 2760 256 2804 et
273 2750 535 2806 seductor
562 2762 706 2817 cras,
738 2751 879 2807 sicut
918 2750 1082 2807 etiaut
1138 2759 1195 2806 tu
1241 2750 1357 2821 ipse
1386 2748 1666 2806 confessus
1712 2764 1791 2804 es.

204 2838 554 2896 Sanetissimi
601 2839 795 2896 vicarii
844 2839 1075 2896 senioris
1126 2840 1311 2896 Roma:
1337 2839 1631 2894 dixerunt:
1664 2838 1795 2906 Quae

203 2940 325 2985 sunt
355 2931 483 2986 111110
533 2944 781 3001 persona:
810 2930 913 2987 illa:
948 2944 1084 3000 quas
1114 2930 1395 2987 videmus?
1450 2929 1797 3003 Magniﬁcen-

204 3020 397 3075 tissimi
454 3028 510 3076 et
560 3020 933 3089 gloriosissimi
973 3021 1246 3091 principes
1298 3021 1597 3077 dixerunt:
1646 3020 1792 3079 Falsi

204 3110 415 3165 vicarii.
445 3109 790 3167 Sanctissimi
816 3111 1003 3167 vicarii
1034 3111 1268 3168 senioris
1295 3112 1479 3168 Romae
1507 3112 1789 3169 dixerunt:

1898 1942 1952 1988 et
1994 1932 2086 2003 qui
2132 1928 2370 1987 defendit
2412 1931 2572 1987 illud!
2626 1929 2967 1987 Sanctissimi
3016 1930 3209 1988 vicarii
3254 1929 3493 1987 senioris

1897 2022 2084 2079 Romae
2111 2022 2366 2079 dixerunt
2402 2036 2416 2076 :
2457 2021 2719 2093 Reeipitis
2747 2022 3118 2078 beatissimum
3164 2036 3359 2093 papam
3387 2018 3492 2076 Ni-

1897 2112 2141 2179 colaum,
2198 2121 2254 2169 et
2308 2112 2711 2168 sanctissimum
2766 2111 3134 2182 patriarebam
3181 2109 3492 2182 lgnatium?

1896 2203 2162 2275 Georgius
2186 2212 2241 2259 et
2267 2204 2358 2273 qui
2382 2219 2504 2258 cum
2529 2202 2644 2274 ipso
2672 2210 2831 2258 crant
2864 2204 3117 2259 dixerunt
3147 2219 3160 2257 :
3195 2201 3267 2259 Ut
3292 2200 3490 2273 recipit

1895 2311 1990 2351 eos
2043 2304 2231 2351 saneta
2281 2294 2397 2351 11100
2445 2293 2769 2350 universalis
2810 2294 3071 2366 synodus,
3107 2292 3400 2364 recipimus
3428 2298 3494 2348 et

1897 2402 1995 2443 nos
2026 2405 2039 2442 :
2070 2387 2161 2458 qui
2192 2387 2336 2442 enim
2366 2401 2555 2442 sumus
2598 2401 2695 2442 nos
2733 2393 2793 2440 ut
2836 2384 3275 2442 coutradicamus
3319 2391 3490 2439 tanta:

1899 2478 2121 2549 synodo,
2157 2478 2206 2532 111
2239 2493 2339 2547 qua
2371 2492 2563 2532 omnes
2590 2476 2914 2547 patriarcha:
2964 2484 3162 2547 prtesto
3212 2483 3338 2532 sunt
3387 2490 3495 2548 per

1895 2570 1997 2627 loci
2028 2580 2334 2627 servatores
2375 2572 2536 2626 suos?
2568 2571 2807 2625 Donatus
2845 2568 2956 2627 Deo
2984 2569 3232 2625 amabilis
3272 2568 3488 2640 episco-

1895 2678 1996 2733 pus
2021 2662 2223 2726 0811111,
2274 2672 2328 2717 et
2376 2662 2680 2733 Stephanus
2738 2661 2846 2716 Deo
2899 2660 3150 2716 amabilis
3198 2656 3494 2732 episcopus

1896 2752 2079 2823 Nepze,
2108 2762 2160 2806 et
2186 2753 2424 2807 Marinus
2456 2752 2938 2807 reverendissimus
2981 2752 3243 2807 diaconus
3283 2759 3493 2807 sancta

1899 2845 2262 2900 Romanorum
2297 2842 2548 2899 Ecclesia:
2579 2843 2833 2897 dixerunt
2877 2842 2945 2897 ad
2982 2841 3180 2912 Joseph
3213 2840 3490 2896 archidia-

1896 2952 2089 2992 conum
2116 2945 2171 2991 et
2191 2936 2455 2990 vicarium
2484 2935 2663 2990 throni
2684 2934 3072 2991 Alexandrini:
3098 2935 3237 2990 Ecce
3262 2942 3318 2990 et
3345 2933 3489 3006 ipsc,

1895 3027 2216 3085 charissime
2263 3026 2433 3081 frater
2472 3034 2678 3092 noster,
2710 3026 3008 3097 cognovisti
3055 3042 3151 3097 per
3201 3024 3317 3082 haec
3363 3039 3493 3097 qua:

1896 3135 2039 3175 nunc
2080 3118 2274 3173 audisti
2304 3117 2479 3174 Pholii
2511 3117 2745 3190 maligna
2785 3132 2949 3190 opera
2992 3126 3048 3173 et
3086 3117 3395 3174 versutias:
3427 3122 3490 3171 et

205 3199 312 3256 Nos
357 3201 542 3255 adhuc
571 3218 677 3258 non
706 3201 940 3257 vidimus
966 3216 1059 3257 eos
1087 3219 1101 3257 :
1128 3211 1188 3259 .ct
1230 3203 1449 3258 veniant
1474 3203 1539 3258 ad
1576 3219 1693 3271 nos,
1734 3212 1797 3259 ut
1820 3192 1866 3257 C
1896 3212 2022 3285 quia
2050 3211 2268 3267 dolosas
2302 3218 2420 3265 erat
2446 3219 2502 3265 et
2537 3210 2801 3276 mendax,
2848 3218 2905 3266 et
2943 3211 3148 3267 veritas
3202 3226 3307 3265 ιιοιι
3358 3216 3485 3264 era:

204 3293 605 3365 interrogemus
633 3293 771 3349 illos.
797 3294 865 3349 Et
886 3296 1460 3366 appropinquantibus,
1494 3295 1794 3368 interroga-

205 3393 401 3440 verunt
449 3385 780 3441 sanctissimi
824 3386 1012 3442 vicarii
1046 3404 1059 3440 :
1093 3386 1193 3454 Qui
1224 3387 1396 3443 estis?
1435 3398 1489 3443 et
1531 3388 1673 3443 unde
1705 3403 1797 3443 vc-

208 3478 402 3534 nistis?
443 3488 502 3534 ut
540 3480 725 3533 vicarii
760 3479 1005 3547 venistis,
1049 3495 1116 3535 an
1162 3490 1223 3535 111
1255 3480 1559 3537 litterarum
1585 3480 1796 3536 delato-

206 3568 327 3623 res?
353 3582 459 3640 pro
506 3584 615 3638 qtta
660 3568 950 3624 occasione
993 3570 1253 3625 venistis?
1301 3570 1484 3626 dicite.
1535 3570 1797 3641 Georgius

204 3658 339 3715 dkit
368 3675 385 3713 :
422 3656 495 3714 Ut
522 3657 829 3713 litterarum
851 3658 1060 3714 delator
1086 3660 1209 3715 veni
1241 3660 1632 3721 tantummodo.
1663 3658 1797 3716 San-

204 3746 437 3803 ctissimi
498 3747 692 3802 vicarii
748 3748 980 3805 senioris
1032 3748 1219 3805 Roma:
1264 3750 1516 3805 dixerunt
1548 3763 1563 3803 :
1600 3749 1644 3804 A
1690 3765 1798 3820 quo

203 3844 407 3899 missus
436 3840 822 3915 es?Georgius
847 3843 984 3899 dixit
1015 3860 1028 3898 :
1063 3843 1110 3899 A
1137 3843 1493 3899 Constantino
1516 3857 1798 3900 mconomo

202 3934 658 3990 Antiochensium
684 3934 941 3990 Ecclesia:
964 3951 980 4002 ;
1006 3932 1074 3989 ab
1105 3950 1169 3991 eo
1193 3935 1334 3990 enim
1365 3935 1560 3990 missus
1588 3950 1705 3990 smn
1731 3933 1799 3989 ad

203 4022 462 4079 Photium
506 4032 563 4079 et
601 4023 915 4103 Michaelem
942 4025 1342 4095 imperatorem,
1374 4040 1536 4080 causa
1582 4024 1800 4081 benedi-

205 4117 430 4172 etionis.
455 4116 803 4183 Sanctissimi
827 4117 1014 4172 vicarii
1047 4117 1276 4172 senioris
1303 4116 1485 4171 Roma:
1509 4117 1794 4173 dixerunt:

208 4208 628 4280 Subscripsistis
659 4209 711 4263 in
747 4210 886 4266 libro
927 4218 1117 4266 contra
1157 4209 1559 4265 sanctissimum
1602 4225 1797 4282 papam

209 4298 517 4366 Nicolaum,
542 4300 637 4371 qui
665 4315 695 4354 a
723 4299 917 4356 Photio
956 4300 1131 4356 nctus
1176 4302 1291 4357 est?
1326 4300 1591 4371 Georgius
1623 4302 1797 4356 dixit:

207 4391 379 4447 Absit.
413 4390 762 4448 Sauctissimi
793 4392 982 4448 vicarii
1010 4393 1241 4447 senioris
1285 4392 1469 4448 Romae
1510 4393 1795 4447 dixerunt:

212 4480 274 4534 Et
299 4480 579 4552 quomodo
614 4481 1025 4538 deseendebatis
1067 4482 1134 4536 ad
1185 4483 1372 4536 urbem
1419 4481 1686 4538 Romam?
1733 4483 1800 4537 ad

209 4574 343 4643 quod
366 4589 511 4645 opus
537 4573 887 4631 faciendum?
912 4573 1175 4647 Georgius
1200 4574 1337 4630 dixit
1361 4592 1375 4630 :
1401 4575 1615 4631 Credite
1642 4577 1795 4643 mihi,

210 4668 329 4738 quia
377 4668 573 4744 utquid
624 4668 1020 4723 descendebant
1059 4667 1185 4722 illnc
1212 4668 1412 4723 nescio.
1455 4667 1795 4725 Sanctissimi

211 4764 392 4819 vicarii
433 4762 672 4819 senioris
708 4761 897 4817 Romae
938 4762 1187 4817 dixerunt
1217 4778 1231 4817 :
1260 4762 1539 4828 Quomodo
1570 4762 1799 4817 tenetis?

209 4853 469 4926 Georgius
518 4862 575 4910 ct
623 4853 874 4925 quicum
924 4853 1038 4922 ipso
1086 4854 1337 4908 dixerunt
1387 4871 1400 4908 :
1455 4852 1607 4908 Sicut
1654 4862 1800 4909 tenet

211 4956 388 5001 saneta
426 4945 519 5000 Dei
552 4944 826 5010 Ecclesia,
857 4952 908 4998 et
938 4944 1250 5001 Christiani.
1282 4944 1622 5000 Sanctissimi
1654 4946 1800 5000 vica-

212 5039 269 5093 rii
297 5038 539 5095 senioris
560 5036 755 5092 Romae
778 5036 1027 5091 dixentnt
1054 5053 1067 5091 :
1095 5036 1355 5107 Reeipitis
1386 5038 1525 5092 hanc
1552 5049 1798 5095 sanctam

212 5130 508 5200 synodum?
529 5128 807 5199 Georgius
834 5136 886 5181 et
917 5129 1003 5198 qui
1029 5145 1150 5185 cum
1184 5131 1300 5199 ipso
1339 5139 1492 5183 erant
1517 5130 1795 5187 dixerunt:

212 5219 356 5277 Sicut
390 5236 515 5277 eam
566 5217 847 5287 recipiunt
892 5233 1076 5276 omnes
1121 5219 1455 5285 Christiani,
1512 5222 1801 5291 recipimus

211 5313 349 5369 illam
406 5323 462 5369 et
511 5327 637 5367 nos.
701 5307 1039 5367 Sanctissimi
1083 5313 1272 5370 vicarii
1332 5311 1561 5367 senioris
1614 5313 1800 5370 Romae

211 5405 457 5460 dixerunt
488 5423 505 5459 :
543 5402 735 5459 Dicite
764 5409 964 5456 tantum
1005 5420 1118 5471 vos,
1152 5402 1427 5476 quomodo
1453 5418 1570 5458 eam
1603 5407 1801 5477 recipi-

211 5497 318 5553 tis?
367 5496 644 5567 Georgius
700 5498 760 5547 et
817 5491 905 5560 qui
956 5508 1074 5551 cum
1134 5497 1252 5567 ipso
1309 5502 1464 5549 erant
1500 5494 1800 5553 dixerunt:

788 5586 800 5594 ν
843 5586 854 5593 ν
1398 5586 1408 5597 ι
1475 5586 1486 5597 ο
1551 5586 1563 5598 ι

684 5596 827 5610 ’ἐδολμ
878 5598 973 5612 ιιιοιη
1026 5605 1137 5612 ΑΛ..-
1221 5586 1563 5612 Ωιιηηιιηηιιιι-
1612 5589 1798 5612 -.ξ--..ξε

1896 3307 1951 3362 111
1984 3321 2069 3364 eo.
2108 3304 2218 3361 Hos
2256 3313 2435 3360 autem
2486 3303 2755 3369 homines,
2788 3317 2911 3357 eum
2963 3302 3074 3357 sint
3116 3314 3379 3377 pauperes
3425 3290 3514 3357 αι’

1896 3396 2188 3469 peregrini,
2229 3395 2540 3467 iudicamus
2569 3393 2724 3449 venia
2777 3394 2968 3463 dignus
3009 3403 3230 3467 prepter
3270 3391 3487 3461 violen-

1898 3488 2027 3542 tiam
2053 3501 2215 3556 quam
2244 3499 2303 3540 se
2349 3483 2633 3555 pertulisse
2676 3483 2906 3538 confessi
2958 3490 3121 3548 sunt;
3168 3481 3264 3536 sed
3313 3481 3493 3551 gloria

1895 3578 2112 3634 Christo
2142 3578 2252 3632 Deo
2307 3584 2526 3647 propter
2567 3574 2772 3640 omnia,
2802 3574 2894 3643 qui
2925 3573 3062 3627 dixit
3094 3589 3107 3626 :
3140 3571 3282 3637 Quid
3311 3571 3493 3627 occul-

1897 3674 2026 3734 tum,
2047 3667 2187 3739 quod
2213 3682 2316 3722 non
2342 3665 2766 3737 manifestabitur
2800 3663 3015 3737 (Matth.
3053 3662 3150 3735 x)?
3190 3662 3292 3730 Qui
3321 3661 3496 3719 etiam

1896 3768 2139 3818 sanctam
2167 3760 2311 3814 hanc
2351 3765 2407 3813 et
2451 3756 2816 3813 universalem
2852 3754 3118 3829 synodum
3160 3767 3498 3825 congregare

1897 3855 2148 3924 dignatus
2177 3860 2263 3908 est
2292 3851 2344 3906 in
2374 3849 2598 3922 gloriam
2628 3848 2978 3920 benignitatis
3012 3861 3142 3911 suae,
3191 3853 3245 3899 et
3288 3852 3496 3901 sancta:

1897 3946 2179 4004 catholica!
2216 3954 2271 3999 et
2314 3942 2626 4015 apostolica:
2657 3939 2915 3997 Ecclesia:
2964 3932 3246 4010 paciﬁcam
3276 3935 3498 3991 ordina-

1834 4084 1837 4089 ,
1901 4038 2119 4093 11000111.
2148 4036 2330 4090 Helias
2363 4035 2455 4089 Dei
2486 4033 2663 4089 cultor
2693 4033 2979 4104 presbyter
3014 4038 3070 4086 et
3108 4028 3380 4102 syncellus
3404 4042 3502 4083 se—

1899 4132 1983 4187 dis
2012 4129 2508 4200 llicrosolymorunt
2540 4126 2717 4182 dixit:
2760 4125 2950 4195 Magna
2998 4121 3259 4178 benelieia
3298 4134 3499 4175 conse-

1900 4223 2009 4278 cuti
2056 4224 2107 4277 111
2154 4221 2514 4291 eompletiouc
2542 4227 2744 4275 8111101111
2775 4215 2933 4285 hujus
2972 4224 3026 4269 et
3056 4213 3377 4268 universalis
3404 4225 3503 4284 syt

1900 4315 2027 4371 nodi
2073 4331 2104 4368 11
2135 4329 2263 4368 vero
2312 4313 2419 4367 Deo
2453 4319 2508 4365 et
2548 4309 2831 4366 Salvatore
2864 4315 3048 4363 nostro
3077 4304 3204 4360 Jesu
3248 4303 3494 4370 Christo,

1900 4420 2125 4477 magnas
2156 4404 2228 4459 illi
2271 4420 2487 4474 quoque
2541 4402 2837 4473 gratiarum
2886 4398 3149 4462 actiones,
3206 4404 3260 4449 ct
3309 4393 3494 4464 gloriae

1905 4500 2094 4555 laudes
2137 4496 2343 4552 referre
2372 4496 2663 4559 debemus;
2696 4491 2821 4560 quia
2851 4491 3100 4559 dignatus
3133 4496 3218 4541 est
3261 4495 3380 4555 post
3411 4492 3496 4539 tot

1906 4604 2145 4663 tempora
2196 4585 2576 4658 patriarchalia
2625 4583 2799 4653 capita
2845 4581 3074 4635 invicem
3124 4577 3363 4634 adunare
3421 4576 3497 4635 ad

1906 4682 2129 4753 gloriam
2175 4675 2523 4747 benignitatis
2567 4691 2699 4737 81110,
2735 4682 2790 4727 et
2835 4670 3063 4727 salutem
3102 4668 3378 4725 Ecclesiae.
3426 4667 3503 4731 Ει

1904 4786 2026 4847 post
2070 4776 2170 4830 hoc
2203 4772 2501 4826 aseendens
2546 4768 2852 4840 Stephanus
2880 4766 3140 4822 diaconus
3168 4772 3225 4818 et
3270 4764 3506 4817 devotus

1906 4866 2173 4929 notarius,
2214 4864 2400 4919 laudes
2431 4863 2567 4917 dixit
2612 4864 2683 4917 ita
2713 4879 2726 4915 :
2762 4857 2955 4912 Mallos
2987 4872 3157 4914 11111108
3203 4855 3501 4923 imperato-

1904 4974 2024 5012 rum
2060 4956 2264 5022 Basilii,
2294 4955 2630 5011 Constantini
2660 4963 2711 5009 et
2739 4949 2935 5005 Leonis
2962 4951 2975 5003 l
3010 4950 3325 5020 Magnorum
3357 4944 3502 5016 priu-

1907 5047 2085 5118 eipum
2113 5057 2165 5105 et
2195 5048 2580 5117 imperatorum
2606 5043 2801 5100 multos
2828 5057 3005 5095 annos
3031 5043 3043 5095 !
3094 5036 3347 5094 Eudoxii:
3373 5033 3504 5104 piis-

1911 5142 2062 5197 8101111
2093 5140 2456 5213 intpcralricis
2482 5140 2681 5193 multos
2711 5133 2910 5187 annos!
2969 5132 3174 5191 Nicolai
3204 5124 3503 5185 beatissimi

1908 5247 2058 5302 papa:
2082 5232 2310 5289 Romani
2355 5239 2556 5284 :eterna
2589 5222 2885 5284 memoria!
2918 5223 3147 5283 Adriani
3177 5214 3504 5277 sanctissimi

1908 5337 2061 5393 1³³9³1³
2112 5323 2339 5379 “omam
2395 5317 2595 5376 ιιιυίίοε
2644 5314 2867 5375 θιὶηοεί
2925 5316 3120 5389 lgnatii
3177 5304 3506 5368 sanctissimi

1907 5414 2232 5484 patriarcha:
2259 5409 2803 5483 Constantinopoleos
2827 5409 3034 5469 multos
3063 5422 3233 5466 annos
3257 5405 3269 5457 !
3314 5400 3504 5456 ortho-

1910 5506 2173 5561 doxurum
2200 5501 2635 5574 patriarcharum
2660 5498 2900 5559 Orientis
2938 5504 3143 5560 multos
3172 5490 3379 5552 annos!
3410 5502 3507 5541 sa-

3187 5605 3217 5612 -.
3228 5576 3508 5612 ..ταγηνιρηιῖρ
