3960 5506
482 461 586 525 M7

1156 582 1369 625 νεικεῦς.
2077 570 2134 632 Α

618 656 986 718 Scissionibus
1006 656 1262 713 mundum
1298 654 1612 725 replentem,

620 749 767 811 Duas
792 763 922 809 vero
950 747 1083 805 ﬁdes
1109 746 1270 816 impie
1310 746 1593 805 habentem
1609 786 1625 813 ,

615 842 847 902 Animas
873 851 1051 899 autem
1085 840 1556 897 duas‘mortalium
1584 840 1872 909 dicentem,

622 928 692 989 Et
715 930 999 1001 imperium
1027 929 1394 1000 multipliciter
1419 930 1763 998 incidentem,

621 1019 693 1079 Et
718 1022 1082 1092 patriarcham
1109 1036 1321 1078 omnem
1362 1022 1744 1092 deponentem,

620 1110 979 1183 Alienumque
1008 1113 1261 1168 thronum
1305 1112 1664 1180 invadentem,

624 1201 893 1261 Moechum
922 1217 1110 1259 rursus
1139 1203 1391 1260 omnibus
1430 1204 1842 1273 exprimentem,

618 1294 1016 1365 lgnobilemque
1043 1294 1298 1366 populum
1328 1296 1699 1361 advocantem,

621 1382 974 1447 Subseribere
996 1384 1196 1442 invitos
1226 1385 1561 1440 minitantem

1647 452 2004 514 ANASTASII
2032 412 2575 511 mauoruacmn

3626 441 3722 500 148

2294 560 2749 636 Compatriarchte
2775 559 2925 616 mimi
2954 558 3268 616 exlstentem
3285 596 3302 626 ,

2289 654 2594 726 Pauperum
2619 654 2825 711 clerum
2850 652 3323 722 orphanorumque
3362 647 3607 703 insontes
3632 661 3726 716 pu-

3439 739 3722 813 [nientem,

2291 843 2664 913 Fideliumque
2686 841 2844 898 ﬁdem
2881 840 2937 896 in
2962 837 3388 898 maledictionem
3417 840 3724 907 ponentem,

2297 934 2366 990 Et
2389 933 2596 990 Nicolai
2622 933 2783 989 ﬁdem
2810 929 3204 1003 projicientem,

2298 1025 2367 1080 Et
2394 1026 2683 1081 Sacacium
2710 1025 2765 1081 in
2799 1023 2935 1080 vicis
2961 1022 3346 1087 invenientew,

2298 1118 2468 1188 Hujus
2491 1132 2623 1173 vero
2649 1117 2827 1173 socios
2843 1131 2910 1172 ex
2947 1113 3155 1172 semitis
3183 1115 3625 1184 congregatim,

2295 1211 2365 1266 Et
2387 1209 2699 1267 scandalum
2721 1207 2970 1265 omnibus
2990 1204 3341 1279 excitantem,

2295 1302 2579 1359 [uiaticum
2604 1299 2699 1356 Dei
2729 1297 3051 1364 dixerimus,
3074 1295 3236 1366 impie
3283 1300 3554 1365 agentem.

593 1564 3596 1595 WW—

1730 1734 2041 1815 ACTIO
2093 1734 2503 1814 DECIMA.

548 2013 607 2087 In
656 2016 871 2074 nomine
902 2018 1113 2074 Domini
1150 2027 1206 2075 et
1244 2018 1596 2079 dominatoris
1630 2022 1872 2079 omnium
1921 2020 2050 2079 Iesu
2076 2027 2126 2088 Β
2152 2029 2304 2092 parte
2329 2015 2701 2090 gloriosissimi
2722 2012 2998 2088 principes
3025 2021 3081 2070 et
3104 2011 3438 2084 apocrisiarii
3458 2010 3731 2084 perspicui

478 2102 677 2182 Christi
713 2108 824 2163 veri
870 2108 966 2165 Dei
1006 2118 1064 2165 et
1100 2108 1398 2169 Salvatoris
1437 2114 1641 2181 nostri,
1683 2113 1993 2172 consulatus
2019 2130 2054 2171 α

478 2192 589 2267 Deo
616 2204 990 2261 coronatorum
1023 2208 1078 2254 et
1121 2201 1680 2272 tranquillissimorum
1715 2204 2054 2261 dominorum

477 2293 804 2355 nostrorum,
837 2289 1019 2345 Basilii
1045 2300 1100 2348 et
1120 2292 1458 2350 Constantini
1486 2312 1628 2351 anno
1653 2297 1831 2363 tertio,
1857 2297 2055 2354 Leonis

477 2389 604 2447 vero
649 2393 789 2434 anno
830 2380 1022 2449 primo,
1068 2392 1448 2452 perpetuorum
1491 2386 1874 2457 Augustorum,
1918 2387 2056 2442 indi-

479 2466 658 2537 ctione
691 2468 866 2534 tertia,
914 2471 1085 2540 pridie
1131 2468 1494 2545 Kalendarum
1540 2475 1875 2543 Martiarum,
1918 2477 2055 2534 feria

482 2558 642 2611 tertia
667 2573 682 2612 :
712 2562 1004 2631 propositis
1022 2563 1273 2632 pretiosis
1292 2574 1345 2621 et
1366 2566 1596 2623 viviﬁcis
1618 2568 1777 2640 lignis
1794 2611 1808 2634 ,
1837 2579 1892 2624 et
1920 2569 2056 2626 inte-

480 2647 705 2704 moratis
732 2648 922 2706 salutis
949 2661 1145 2708 nostra:
1169 2654 1489 2729 Evangeliis,
1512 2657 1565 2712 in
1589 2659 1794 2715 dextris
1813 2659 2057 2729 partibus

476 2733 821 2797 famosissimi
855 2742 1034 2813 templi
1054 2753 1252 2800 sanctae
1278 2760 1340 2801 ac
1360 2748 1537 2818 magni
1558 2750 1788 2806 nominis
1803 2749 2013 2820 Sophia:
2036 2768 2051 2806 :

474 2826 801 2903 insuperque
828 2833 1236 2903 praesidentibus
1268 2838 1458 2894 amicis
1486 2838 1688 2896 Christi
1720 2841 2055 2913 imperatori-

474 2915 574 2970 hus
599 2918 798 2974 nostris
817 2919 1019 2976 Basilio
1042 2932 1099 2977 et
1125 2924 1500 2993 Constantino,
1525 2937 1576 2984 et
1607 2932 2056 2989 convenientibus

473 3000 682 3060 Donato
712 3006 820 3081 Deo
850 3010 1064 3065 amabili
1086 3013 1337 3089 episcopo
1361 3014 1542 3082 Ostiae,
1570 3030 1624 3073 et
1646 3019 1920 3089 Stephano
1945 3024 2056 3078 Deo

473 3095 690 3150 amabili
719 3098 970 3169 episcopo
1011 3086 1194 3173 Nepae,
1222 3112 1277 3159 et
1307 3104 1530 3178 Marino,
1555 3109 1664 3164 Dco
1690 3086 2075 3167 honorabilis-.

478 3184 618 3243 simo
642 3184 871 3244 diacono
914 3189 1091 3261 locum
1136 3194 1490 3275 retinentibus
1535 3200 1860 3256 sanctissimi
1904 3218 2058 3275 papa:

474 3275 701 3332 Adriani
730 3280 959 3338 senioris
1009 3282 1194 3351 Romae
1233 3295 1289 3342 et
1329 3271 1532 3356 [gnatio
1578 3271 1921 3347 sanctissimo
1962 3271 2052 3348 ar-

2158 2109 2416 2167 Ludovici
2466 2106 2806 2183 imperatoris
2854 2104 3108 2160 Italorum
3168 2112 3329 2175 atque
3375 2102 3732 2170 Francorum,

2153 2205 2404 2262 videlicet
2456 2202 2774 2258 Anastasius
2835 2201 2945 2256 Deo
2992 2199 3241 2255 amabilis
3290 2197 3738 2254 bibliothecarius

2154 2293 2360 2361 Romce,
2391 2291 2766 2364 suppoprimus
2794 2290 3317 2354 coneofanariorum,
3364 2298 3420 2344 et
3452 2288 3737 2347 'e0nsobri-

2156 2399 2256 2440 nus
2283 2382 2467 2438 uxoris
2505 2381 2638 2451 ejus,
2675 2392 2730 2437 et
2753 2379 3031 2447 Eurardus
3061 2380 3378 2451 praepositus
3410 2395 3615 2435 mensa:
3647 2379 3730 2450 ip-

2155 2475 2298 2540 sius;
2333 2472 2582 2528 similiter
2610 2479 2665 2525 et
2692 2470 3062 2544 gloriosissimi
3081 2468 3292 2539 judices
3338 2470 3621 2526 Michaelis
3647 2486 3737 2525 su-

2153 2564 2453 2622 blimissimi
2483 2562 2742 2633 principis
2779 2559 3038 2632 Bulgaria:
3073 2558 3409 2616 Stasiszereo
3436 2560 3620 2616 borlas
3642 2575 3734 2617 nc-

2154 2654 2408 2711 sundicus
2430 2661 2690 2723 vagantur
2718 2652 2754 2705 il
2775 2650 3253 2706 vestrannatabare
3281 2649 3489 2723 pnestit
3522 2650 3741 2706 zisunas

2155 2745 2408 2815 campsis,
2444 2753 2497 2800 et
2527 2743 2749 2799 Alcxius
2785 2743 2995 2815 Sampsi
3020 2741 3215 2797 Huuno
3248 2757 3261 2795 :
3293 2756 3502 2797 necnon
3528 2750 3584 2794 et
3605 2755 3737 2796 con-

2155 2836 2454 2892 sidentibus
2483 2836 2592 2890 Deo
2613 2832 3016 2904 amabilissimis
3041 2832 3417 2904 metropolitis,
3448 2832 3501 2887 id
3531 2841 3617 2887 est
3640 2832 3739 2889 Ba—

2157 2926 2276 2983 silio
2326 2928 2433 2982 Deo
2476 2924 2693 2980 amabili
2742 2923 3151 2995 archiepiscopo
3194 2923 3416 2992 Ephesi,
3458 2920 3739 2978 Theodulo

2156 3019 2271 3075 Deo
2296 3017 2511 3074 amabili
2539 3016 2877 3086 metropolita
2902 3016 3151 3088 Ancyrae,
3178 3015 3423 3071 Barnaba
3453 3016 3567 3071 Deo
3594 3031 3740 3071 ama.

2158 3110 2251 3164 bili
2292 3108 2631 3179 metropolita
2661 3106 2861 3179 Cyzici.
2886 3105 3188 3176 Nicephoro
3209 3105 3320 3162 Deo
3342 3105 3739 3172 amabilissimo

2160 3197 2503 3266 metropolita
2534 3196 2787 3261 Amasiae,
2831 3194 3027 3251 Basilio
3066 3195 3178 3252 Deo
3222 3194 3439 3251 amabili
3464 3204 3740 3266 metropo-

2162 3286 2258 3341 lita
2281 3285 2655 3353 Chalcedonis,
2684 3284 2985 3357 Nicephoro
3013 3284 3124 3341 Deo
3150 3285 3368 3341 amabili
3391 3285 3738 3356 metropolita

475 3366 822 3451 chiepiscOpo
852 3374 1035 3445 magni
1071 3376 1302 3455 nominis
1326 3377 1867 3453 ConstantinOpoleos
1899 3401 2051 3442 nova:
2078 3374 2123 3435 C
2153 3377 2407 3443 Amasite,
2448 3375 2646 3432 Basilio
2674 3376 2786 3434 Deo
2828 3375 3044 3432 amabili
3079 3376 3417 3449 metropolita
3456 3376 3740 3449 Gangren-

473 3459 704 3520 Romte':
742 3473 798 3521 et
833 3468 1192 3555 sanctissimis
1242 3469 1343 3528 loci
1388 3475 1754 3531 servatoribus
1791 3476 2050 3546 Orientis,

472 3552 738 3645 fidelicet
763 3556 963 3629 Joseph
992 3559 1103 3617 Deo
1130 3552 1348 3645 amabili
1392 3565 1775 3625 archidiacono
1814 3570 2051 3626 Alexan-

472 3641 749 3703 drinorum
775 3662 984 3718 magnae
1010 3641 1244 3706 civitatis
1263 3692 1277 3717 ,
1311 3650 1487 3707 locum
1523 3654 1786 3712 retinente
1818 3656 2054 3715 Michae-

472 3724 541 3790 lis
587 3737 910 3795 sanctissimi
956 3740 1277 3814 patriarchae
1329 3742 1699 3811 Alexandriae,
1746 3756 1801 3803 et
1843 3746 2050 3805 Thema

476 3826 825 3899 sanctissimo
853 3822 1363 3908 metropolita;Tyri,
1393 3842 1446 3887 et
1473 3833 1574 3889 loci
1605 3846 1882 3893 servatore
1905 3838 2051 3896 sedis

472 3908 792 3982 Antiochia),
832 3926 889 3973 et
924 3916 1072 3973 Helia
1114 3916 1209 3975 Dei
1255 3920 1461 3976 cultore
1485 3925 1801 3995 presbytero
1840 3935 1895 3982 et
1923 3942 2052 3999 syn-

473 4002 628 4071 cello,
659 4005 837 4063 locum
858 3998 1439 4068 lretinenten'l'heodosii
1463 4014 1785 4084 patriarchae
1805 4016 2052 4077 Hieroso-

472 4091 741 4167 lymorum
768 4114 781 4151 :
806 4099 1161 4169 praesentibus
1188 4116 1402 4174 quoque
1422 4119 1579 4161 sacro
1604 4116 1817 4174 senatu,
1842 4109 2049 4166 scilicet

472 4174 759 4271 Theodoro
803 4191 1338 4263 magniﬁcentissimo
1394 4198 1621 4267 patricio
1668 4209 1722 4253 ct
1766 4202 2044 4274 magistro,

474 4274 862 4351 Christophoro
888 4284 1419 4355 magniﬁcentissimo
1444 4289 1669 4359 patricio
1692 4302 1745 4348 et
1766 4295 2044 4364 magistro,

472 4365 692 4426 Bahane
740 4363 1270 4444 magniﬁcentissimo
1326 4380 1554 4449 patricio
1607 4398 1669 4436 ac
1721 4363 2045 4455 praeposito,

472 4457 681 4531 Joanne
710 4464 1242 4537 magniﬁcentissimo
1267 4470 1492 4538 patricio
1516 4480 1566 4527 et
1590 4477 2042 4544 protospathario,

473 4549 752 4624 Stephano
794 4556 1330 4627 magniﬁcentissimo
1374 4562 1601 4631 patricio
1647 4573 1699 4620 et
1742 4566 2042 4632 sacellario,

474 4641 682 4702 Marino
706 4646 1242 4715 magniﬁcentissimo
1273 4651 1502 4721 patricio
1528 4663 1582 4708 et
1609 4653 1880 4723 logotheta
1907 4658 2046 4712 mili-

2156 3471 2314 3535 sium,
2343 3469 2609 3541 Cypriane
2652 3468 2763 3525 Deo
2792 3469 3007 3525 amabili
3047 3470 3384 3541 metropolita
3412 3469 3738 3540 Claudiopo-

2153 3563 2285 3627 leos,
2327 3564 2568 3635 Styliano
2596 3565 2706 3620 Deo
2727 3564 2943 3620 amabili
2969 3564 3309 3636 metropolita
3347 3563 3737 3631 Neocmsareaa,

2152 3653 2339 3710 Niccta
2364 3653 2475 3710 Deo
2514 3655 2728 3710 amabili
2771 3654 3111 3724 metropolita
3158 3653 3519 3720 Athenarum,
3559 3653 3740 3715 Theo-

2152 3745 2285 3800 doro
2320 3744 2429 3799 Deo
2454 3743 2671 3799 amabili
2712 3744 3114 3814 archiepiscopo
3147 3742 3734 3811 Thessalonicensium.

2152 3834 2551 3907 Theophylacto
2573 3835 2685 3891 Deo
2703 3835 2918 3891 amabili
2940 3835 3279 3906 metropolita
3301 3835 3488 3903 lconii,
3510 3835 3745 3893 Nicolao

2152 3926 2263 3982 Deo
2298 3927 2515 3983 amabili
2552 3927 2894 3997 metropolita
2935 3926 3332 3999 Synnadorum,
3369 3926 3593 3993 Nicolao
3624 3929 3746 3989 000'

2151 4020 2366 4075 amabili
2395 4018 2734 4090 metropolita
2769 4019 3061 4092 Myrorum,
3098 4018 3337 4077 Sisinnio
3366 4020 3478 4079 Deo
3511 4022 3734 4081 amabili

2150 4112 2484 4183 metropolita
2499 4110 2797 4177 Laodiceze,
2815 4111 3162 4182 Metrophane
3176 4112 3287 4168 Deo
3301 4112 3515 4173 amabili
3533 4123 3737 4171 inreuo-

2149 4203 2316 4275 polita
2342 4203 2604 4276 Smyrna),
2622 4203 2909 4275 Euthymio
2924 4205 3031 4260 Deo
3045 4203 3261 4269 amabili
3277 4204 3621 4275 metropolita
3634 4204 3735 4260 Ca-

2150 4304 2307 4361 tanae,
2334 4295 2592 4351 Michaele
2615 4297 2725 4351 Deo
2750 4295 3317 4365 amabilimetropolita
3341 4280 3552 4361 Rhodii,
3582 4295 3734 4356 Hila-

2149 4388 2302 4443 rione
2328 4389 2439 4444 Deo
2468 4387 2685 4443 amabili
2711 4389 3049 4458 metropolita
3079 4389 3355 4457 Corinthi,
3383 4389 3584 4451 Basilio
3624 4390 3736 4445 Deo

2147 4478 2363 4533 amabili
2394 4479 2731 4550 metrOpolita
2760 4480 3060 4563 animum
3080 4521 3093 4543 ,
3126 4481 3332 4551 lgnatio
3358 4481 3469 4537 Deo
3513 4480 3733 4537 amabili

2145 4571 2483 4641 metropolita
2502 4554 2871 4641 Ηίθηψοιέᾴἕν
2886 4572 3142 4628 Michaele
3164 4574 3272 4629 Deo
3291 4572 3508 4637 amabili
3536 4581 3736 4628 metro-

2144 4663 2308 4734 polita
2359 4662 2516 4718 Bisiac
2547 4703 2561 4728 ,
2617 4650 2825 4721 Joanne
2879 4665 2988 4719 Deo
3030 4662 3257 4733 amabili
3327 4664 3734 4734 archiepiscopo

473 4738 599 4806 tari,
644 4737 896 4796 Hemerio
928 4742 1461 4813 magniﬁcentissimo
1497 4749 1816 4815 proconsule
1852 4766 1915 4806 ac
1952 4767 2048 4822 pa-
2076 4746 2125 4806 D
2151 4753 2610 4824 Pompeiopoleos,
2639 4752 2912 4822 Stephano
2939 4752 3048 4807 Deo
3076 4753 3293 4819 amabili
3321 4753 3731 4823 archiepiscopo

475 4824 648 4897 tricio,
697 4831 994 4903 Theophilo
1041 4833 1576 4907 magniﬁcentissimo
1625 4840 1945 4907 proconsule
1984 4858 2049 4897 ac

472 4910 700 4989 patricio
722 4962 737 4988 ,
768 4921 1028 4980 Michaele
1056 4924 1589 4996 magniﬁcentissimo
1632 4930 1947 4998 proconsule
1986 4947 2051 4987 ac

470 5004 719 5079 patricio,
784 5012 961 5070 Leone
1016 5016 1550 5087 magniﬁcentissimo
1604 5020 1926 5088 proconsule
1982 5037 2047 5077 ac

470 5113 721 5191 patricio,
755 5113 998 5171 Palatino
1024 5104 1555 5188 magniﬁcentissimo
1588 5121 1816 5189 patricio
1855 5131 1909 5178 et
1955 5124 2049 5179 do-

474 5203 700 5260 mestico
723 5203 1116 5272 excubitorum,
1139 5206 1305 5263 Paulo
1327 5209 1856 5279 magniﬁcentissimo
1882 5213 2049 5283 patri-

470 5292 557 5347 cio
585 5302 639 5347 et
670 5293 947 5364 praefecto,
995 5296 1344 5356 Constantino
1389 5291 1922 5369 magniﬁCentissimo
1954 5319 2048 5376 pa-

474 5389 487 5396 -
529 5381 540 5392 -
566 5381 627 5408 .:..
668 5381 952 5426 ηἰηοιιληιιη
975 5387 1553 5442 ηιθριιίίίορηίίςςνε-ηη
1604 5398 1607 5399 ⁷
1650 5390 1661 5400 ”
1700 5392 1711 5398 ⁵
1796 5393 1825 5398 “

2153 4844 2535 4909 Amcstriadis,
2568 4843 2842 4914 Stephano
2870 4844 2981 4899 Deo
3009 4845 3227 4900 amabili
3251 4844 3598 4914 metropolita
3629 4842 3731 4915 Cy-

2154 4934 2447 5005 psallorum
2466 4975 2480 5001 ,
2510 4934 2701 4989 Photio
2732 4934 2844 4990 Deo
2869 4934 3089 4990 amabili
3117 4935 3526 5005 archiepiscOpo
3557 4933 3730 4989 Naco-

2153 5026 2240 5082 lize
2263 5066 2280 5093 ,
2309 5024 2515 5082 Joanne
2546 5027 2655 5080 Deo
2688 5026 2906 5082 amabili
2940 5027 3346 5099 archiepiscopo
3380 5026 3459 5082 Cii
3479 5066 3496 5093 ,
3528 5024 3730 5082 Jacobo

2151 5115 2266 5170 Deo
2294 5115 2510 5169 amabili
2540 5114 2946 5184 archiepiscopo
2975 5116 3326 5188 Methynnne,
3352 5114 3586 5187 Hypatio
3625 5117 3730 5171 Deo

2153 5207 2372 5264 amabili
2402 5206 2807 5277 archiepiscopo
2835 5206 3102 5264 Garihelae
3123 5247 3137 5273 ,
3170 5207 3343 5264 Leone
3371 5209 3483 5263 Deo
3513 5206 3731 5264 amabili

2153 5299 2559 5355 arcltieniscom
2584 5296 2882 5344 Neannlpnc
2908 5340 2913 5341 ,
2950 5299 3070 5330 P-ut
3096 5300 3230 5320 η-ε-
3265 5300 3305 5322 ιι
3524 5302 3538 5308 α
