3960 5380
525 375 646 434 155-

1656 373 2017 431 ANASTASII
2057 372 2596 430 BIBIJOTHECARII

3689 368 3782 425 156

524 500 577 546 ct
605 486 1037 569 coiispcrationes
1081 500 1469 569 episcoporum
1485 492 1538 566 et
1567 465 1805 569 polentia
1855 485 2100 569 [at.,po-
2130 501 2174 556 Α
2208 494 2386 540 natam
2413 485 2914 569 "consuetudinem,
2970 491 3170 569 printer
3218 497 3337 569 quze
3381 498 3527 539 nunc
3569 482 3783 569 deﬁnita

524 559 755 631 tentata]
788 569 842 614 et
894 556 1622 631 prwcept'ioneiprincipium
1671 556 2102 626 factaspenitus

522 628 984 695 interdicentibus,
1032 628 1419 684 concordantes
1449 628 1753 687 deliuiinus,
1784 637 1837 680 et
1887 640 2101 682 senten-

524 703 653 756 tiam
684 717 782 756 nos
827 700 1410 772 quoque'proferimus,
1468 708 1528 772 ut
1562 699 1618 772 si
1659 699 2100 772 quisi-piscopus

521 788 617 847 per
642 773 930 847 versutiam
959 772 1040 826 vel
1070 770 1426 847 tyrannidem
1453 770 1752 847 principum
1799 770 2098 847 hujusnodi

522 841 797 914 dignitatis
861 841 1324 914 consecrationem
1396 841 1733 914 susceperit,
1769 842 2103 914 “deponatur

520 910 865 980 omnimodis,
899 921 1082 982 utpote
1107 913 1196 981 qui
1227 927 1329 965 non
1365 926 1432 965 ex
1465 911 1738 982 voluntate
1765 910 1883 974 Dei,
1912 923 1964 964 et
1995 914 2123 966 ritu-

520 999 590 1039 ac
609 985 826 1039 decreto
871 983 1257 1046 ecclesiastico,
1291 982 1382 1036 sed
1429 998 1495 1036 ex
1539 981 1811 1034 voluntate
1867 984 2101 1038 carnalis

519 1070 712 1110 sensus
754 1069 819 1110 ex
875 1054 1182 1109 hominibus
1229 1061 1283 1107 et
1322 1067 1418 1122 per
1462 1053 1705 1106 homines
1743 1052 1834 1104 Dei
1883 1052 2098 1108 domum

523 1124 643 1198 [a‘l.,
675 1125 894 1196 donum]
931 1125 1207 1196 possidere
1235 1123 1430 1196 voluit,
1456 1123 1536 1176 vel
1562 1123 1861 1178 consensit.

519 1237 652 1294 XIII.
684 1238 856 1305 Quod
884 1247 1119 1308 oporteat
1159 1238 1213 1291 in
1281 1254 1469 1305 magna
1523 1235 1757 1301 ecclesia,
1807 1238 1860 1291 in
1911 1239 2102 1292 minori

562 1309 566 1313 ’
589 1311 760 1381 gradu
799 1309 1104 1364 constitutos
1156 1308 1223 1361 ad
1266 1308 1508 1381 majores
1544 1308 1764 1381 honores
1819 1320 2103 1381 opportune

588 1377 930 1445 contendere;
961 1381 1049 1433 sed
1093 1395 1196 1432 non
1243 1395 1328 1430 cos
1364 1379 1451 1446 qui
1482 1377 1610 1447 foris
1642 1389 1760 1430 sunt
1811 1377 1944 1432 inter
1985 1380 2103 1432 illos

587 1451 814 1516 admitti,
844 1450 934 1504 sed
964 1467 1054 1503 nec
1078 1467 1162 1504 eos
1182 1450 1234 1502 iu
1266 1449 1444 1501 eadem
1469 1447 1684 1502 ecclesia
1711 1452 2101 1516 commmcrari,

588 1531 679 1576 aut
709 1522 974 1584 constitui,
1009 1521 1095 1590 qui
1128 1528 1432 1588 procurant,
1459 1536 1549 1573 seu
1593 1529 1800 1574 tuentur
1848 1523 2101 1590 proastio,

585 1592 664 1648 vel
693 1591 1028 1648 saecularium
1057 1591 1256 1646 domos.

563 1706 852 1777 'Quoniam
879 1707 1092 1777 quidem
1133 1707 1264 1762 dicit
1291 1707 1484 1762 alicubi
1510 1709 1751 1764 divinmn
1782 1709 2054 1780 eloquium
2092 1729 2104 1766 :

513 1779 717 1853 Dignus
765 1790 847 1853 est
894 1779 1168 1853 operarius
1212 1779 1444 1853 mercede
1489 1797 1586 1834 sua
1618 1780 1770 1849 (Luc.
1797 1779 1916 1851 x1),
1951 1783 2108 1853 lmjus

514 1851 592 1905 rei
642 1850 812 1921 gratia
853 1858 908 1922 et
949 1865 1048 1922 nos
1084 1849 1446 1922 decernimus,
1478 1859 1531 1905 et
1562 1849 1988 1922 promulgamus,
2023 1849 2105 1907 ἰιι

513 1920 725 1996 Inagitati
771 1920 1027 1996 ecclesiae;
1051 1920 1254 1996 clerici,
1303 1921 1392 1990 qui
1427 1921 1483 1996 in_
1523 1920 1801 1996 subjectis:
1825 1925 2103 1981 ordinibus

515 1990 711 2047 tno'rati
750 2001 911 2062 sunt,
963 1991 1029 2045 ad
1081 1990 1311 2058 majores
1355 1992 1554 2062 gradus
1601 1990 1917 2059 ascendant,
1971 1997 2100 2050 etsi

518 2063 665 2133 digiti
715 2061 1027 2133 claruerint,
1062 2061 1377 2117 melioribus
1421 2064 1620 2132 perfrui
1657 2075 1967 2119 mereantur
2003 2068 2102 2121 ho-

514 2132 768 2199 noribus;
799 2149 920 2188 cum
971 2132 1134 2202 aliqui
1163 2149 1372 2196 eorum,
1418 2135 1507 2202 qui
1555 2136 1606 2188 in
1649 2137 1777 2203 ipsis
1832 2145 1976 2201 sunt,
2012 2147 2105 2191 aut

512 2218 612 2271 per
641 2205 1031 2260 incrementun't
1081 2204 1146 2256 ad
1178 2205 1455 2274 superiora
1507 2207 1804 2260 ministeria
1858 2209 2102 2262 advocati

511 2274 736 2341 fuerint,
765 2284 857 2329 aut
878 2290 976 2344 per
1004 2289 1346 2328 communem
1397 2284 1599 2330 natura:
1653 2278 1938 2331 termimun
1975 2280 2102 2333 dor-

515 2345 746 2400 mientes
775 2344 1085 2409 defuerint;
1123 2347 1214 2400 sed
1244 2362 1347 2400 non
1391 2361 1454 2399 ex
1492 2347 1612 2410 illis,
1646 2349 1736 2415 qui
1787 2348 1917 2403 foris
1957 2360 2099 2413 sunt,

512 2416 683 2488 aliqui
709 2432 767 2471 se
788 2416 870 2470 his
903 2417 1256 2488 innectentes,
1291 2415 1498 2488 debitas
1518 2418 1617 2480 eis,
1649 2419 1739 2488 qui
1773 2419 1937 2470 inulto
1966 2430 2103 2474 tem-

519 2501 650 2555 pore
673 2487 1072 2558 laboraverunt,
1105 2486 1392 2558 dignitates
1417 2487 1496 2539 vel
1537 2486 1768 2541 honores
1797 2491 2061 2558 recipiant
2086 2507 2100 2554 ;

514 2571 579 2610 ac
609 2573 703 2625 per
733 2559 836 2611 hoc
865 2557 1208 2610 inveniantur
1236 2556 1478 2610 ecclesiae
1524 2559 1703 2612 clerici
1755 2556 1926 2612 nullo'
1947 2562 2104 2615 modo

512 2629 796 2696 prolicere.
859 2627 1170 2681 Nullatenus
1218 2638 1396 2680 autem
1461 2629 1691 2681 habeant
1757 2639 2100 2698 potestatem,

514 2698 604 2767 qui
638 2698 940 2768 principum
978 2699 1282 2768 domorum,
1318 2713 1410 2752 seu
1459 2699 1888 2753 suburbanarum
1919 2717 2101 2754 rerum

515 2784 700 2840 curam
784 2767 1074 2839 gesserint,
1149 2769 1288 2822 inter
1328 2769 1544 2840 _c_lerum
1603 2787 1810 2840 magna}
1865 2772 2104 2826 ecclesia:

514 2839 688 2910 colligi
717 2881 731 2904 ,
782 2837 868 2894 vel
923 2840 1174 2895 constitui
1204 2854 1218 2892 :
1257 2852 1281 2879 τι
1317 2837 1484 2910 Neirio
1516 2837 1839 2909 quippe'Deo
1873 2842 2103 2897 militans

515 2909 693 2963 sa'culi
717 2911 940 2982 negotiis,
961 2910 1258 2979 implicatur
1287 2909 1368 2980 (Il
1413 2909 1547 2964 ’l'im.
1601 2911 1680 2982 ιι).
1719 2913 1774 2964 Si
1806 2928 1932 2966 vero
1983 2915 2104 2982 quis

518 2990 717 3048 prarter
734 2977 1106 3052 deﬁnitionem
1134 2977 1304 3047 quam
1323 2995 1464 3033 nunc
1484 2977 1804 3050 protulimus
1825 2977 2105 3052 promotus

517 3052 679 3124 l'ucrit
731 3051 784 3103 in
825 3061 1152 3124 quocunque
1181 3065 1388 3124 magnae
1428 3053 1669 3124 ecclesire
1713 3051 1901 3124 gradu,
1925 3071 2107 3124 repro-

516 3121 674 3175 betur
701 3119 1024 3192 omnimodis
1053 3121 1120 3173 ab
1141 3121 1287 3172 omni
1336 3121 1702 3177 ecclesiastico
1721 3119 1934 3192 'gradu,
1987 3119 2106 3178 ian-

515 3191 798 3262 quamqui
838 3199 1023 3246 contra
1073 3205 1322 3260 magnam
1367 3192 1628 3262 synodum
1681 3203 1966 3262 provectus
2011 3211 2104 3250 ex-

515 3260 733 3315 stiterit.

516 3369 652 3425 XIV.
700 3370 852 3437 Quod
883 3379 1116 3443 oporteat
1161 3385 1268 3443 eos,
1321 3369 1409 3440 qui
1456 3387 1548 3441 per
1603 3371 1834 3426 divinam
1875 3376 2103 3443 gratiam

587 3443 654 3495 ait
705 3439 994 3512 episcopale
1038 3440 1262 3512 oﬁicium
1307 3439 1677 3506 c'onvo'cuntur,
1714 3439 1914 3498 omnem
1963 3462 2103 3499 reveo

585 3515 806 3567 reutiant
836 3519 883 3565 et
929 3511 1407 3586 honorenrmcreii
1447 3512 1509 3565 ab
1541 3513 1603 3586 iis
1645 3515 1730 3583 qui
1762 3531 1853 3582 per
1873 3525 2103 3586 tempora

582 3593 670 3636 aut
721 3592 1035 3652 strategatus
1080 3583 1424 3651 ministerium
1468 3585 1782 3651 sortiuntur,
1829 3596 1918 3639 aut
1952 3583 2105 3640 aliter

585 3653 871 3723 principari
907 3653 1165 3708 videntur.

586 3765 693 3820 Eos
719 3765 810 3834 qui
838 3780 869 3819 a
909 3763 1089 3820 divina
1120 3764 1305 3835 gratia,
1335 3764 1404 3819 ad
1442 3765 1744 3835 episcopale
1769 3768 2104 3825 advocautur

520 3833 792 3902 ollicium,
843 3843 1097 3906 tanquam
1136 3833 1438 3906 imaginem
1478 3833 1544 3890 vet
1595 3833 1820 3906 ligurum
1869 3839 2104 3896 ferentes

518 3916 828 3964 sanctorum
875 3905 1177 3978 caelestium
1218 3905 1652 3978 hierarcharum,
1683 3907 1843 3962 idest
1887 3910 2104 3978 angelo-

518 3994 659 4044 rmn,
691 3977 982 4032 secundum
1022 3974 1421 4046 hierarchicum
1450 3975 1604 4045 plane
1633 3979 1856 4046 gradum
1887 3988 1939 4033 et
1963 3974 2103 4036 'mo-

522 4064 659 4114 rem,
688 4047 835 4118 omni
880 4046 1085 4118 honore
1125 4045 1314 4118 dignos
1344 4045 1411 4118 ah
1436 4045 1713 4118 “erunibus
1769 4049 2101 4118 principibus

519 4129 578 4176 et
617 4117 844 4174 subditis
871 4117 1147 4188 sancimus
1183 4117 1401 4188 haberi.
1436 4116 1499 4169 Et
1536 4116 1870 4188 nequaquam
1903 4116 2100 4177 strate-

521 4192 622 4261 gis,
655 4188 752 4261 vel_
781 4187 1106 4261 quibuslibet
1149 4185 1268 4242 aliis
1314 4185 1647 4261 principibus
1678 4185 1862 4244 obvios
1913 4195 2098 4261 procul

519 4257 589 4316 ab
644 4257 886 4314 ecclesiis
943 4257 1056 4313 suis
1110 4272 1418 4322 occurrere,
1471 4260 1565 4313 sed
1634 4274 1806 4328 neque
1857 4257 2025 4318 seinct
2069 4281 2097 4319 a

520 4331 691 4386 multo
736 4331 913 4400 spatio
962 4329 1028 4384 de
1072 4330 1226 4398 equis
1253 4327 1338 4400 vel
1383 4328 1541 4381 mulis
1573 4327 1788 4398 ejicere,
1838 4341 1929 4385 aut
1976 4352 2097 4390 cum

519 4403 715 4472 timore
751 4399 812 4454 ac
838 4409 1095 4472 tremore
1139 4399 1422 4472 procidere
1462 4415 1540 4472 ac
1573 4401 1824 4467 adorare;
1865 4405 1959 4458 sed
2000 4422 2097 4461 nec

519 4489 641 4529 cum
683 4470 1039 4527 ismcularibus
1084 4470 1417 4540 principibus
1479 4471 1545 4524 ad
1595 4487 1835 4526 mensam
1892 4475 2098 4531 intrare

517 4546 650 4600 hora
677 4543 912 4612 prandii,
940 4546 1168 4617 eosdem
1193 4555 1325 4617 quos
1354 4541 1429 4594 illi
1459 4543 1688 4617 honores
1719 4547 1973 4617 strate’gis
2002 4563 2096 4600 ex-

520 4604 798 4680 hibentes,
862 4604 954 4686 sed
1018 4604 1313 4686 secundum
1372 4615 1779 4686 congruentiam
1841 4604 2175 4686 spiritalisD

519 4687 816 4756 dignitatis,
843 4699 913 4756 iac
944 4683 1164 4756 honoris
1193 4683 1297 4747 sui,
1319 4683 1571 4756 reddere
1612 4685 1825 4753 quidem
1857 4683 2105 4743 onmibus

520 4753 723 4818 debita,
769 4755 853 4810 cui
895 4753 1143 4823 vectigal,
1190 4753 1438 4823 vectigal,
1489 4756 1573 4808 cui
1619 4756 1900 4824 honorem,
1937 4759 2106 4814 hono-

520 4842 634 4881 rem
668 4845 679 4879 :
713 4824 956 4898 pi_-:el'et'ri
987 4831 1180 4898 autem
1223 4831 1277 4875 et
1303 4824 1527 4877 tnultam
1559 4841 1586 4877 a
1617 4827 1951 4898 principibus
1977 4832 2107 4883 ami-

520 4894 940 4951 corum'Christi
985 4894 1369 4961 imperatorum
1398 4894 1818 4962 venerationem,
1867 4908 1918 4953 ct
1950 4915 2106 4955 rcve-
2136 4927 2138 4930 ν

519 4967 754 5021 rendam
803 4965 1102 5035 promereri
1144 4978 1489 5035 consessores
1532 4980 1742 5031 eorum,
1788 4979 1840 5022 et
1884 4971 2106 5025 honoris

522 5037 715 5091 similis
745 5034 1069 5100 existentes;
1121 5035 1194 5112 ita
1235 5043 1294 5112 ut
1323 5034 1571 5112 ﬁduciam
1605 5037 2101 5112 habeantcpiseopi

522 5123 750 5176 arguere
779 5105 1369 5179 stratcgosmultotics,
1406 5114 1460 5160 et
1504 5107 1638 5161 alios
1685 5105 1976 5179 principes.
2020 5105 2101 5167 a't-

523 5191 868 5246 queomnem
909 5176 1089 5230 surculi
1135 5177 1475 5245 dignitatem,
1510 5193 1632 5231 eum
1663 5176 1919 5244 injustam
1950 5193 2002 5235 et
2032 5184 2093 5236 ir-

523 5246 845 5300 rationabile
889 5261 1049 5302 agere
1099 5248 1226 5297 uuid
1278 5247 1397 5294 illns
1432 5247 1752 5298 invmmrjnL
1803 5260 1856 5294 οι,
1886 5255 2099 5292 ...ινιηιμ

2207 568 2353 621 sunt,
2410 557 2522 610 ﬁeri
2583 558 2909 627 permiserit,
2959 565 3330 625 sequestretur
3364 570 3508 608 anno
3557 571 3688 617 uno,
3731 563 3786 610 et

2203 630 2452 698 princeps
2486 627 2571 681 ille
2600 629 2806 682 duobus
2838 627 2996 680 annis
3039 644 3143 682 non
3195 635 3466 680 mereatur
3510 627 3789 696 percipere

2204 700 2583 769 mysteriorum
2617 716 2713 752 nec
2739 699 3227 753 sanctilicationum
3257 701 3719 753 communionem.

2202 807 2317 862 XV.
2363 809 2514 875 Quod
2542 827 2644 864 non
2674 821 2904 880 oporteat
2935 811 3167 865 alienare
3201 812 3430 877 cimelia,
3463 810 3540 866 vel
3562 828 3656 879 per
3677 830 3780 867 em-

2416 881 2709 951 p/tyte-usim
2746 881 2943 935 salaria
2967 881 3301 936 ecclesiarum
3329 883 3576 936 tribuere.

2274 997 2613 1068 Apostolicos
2643 1007 2695 1050 et
2722 1007 2978 1067 paternos
3025 1013 3260 1053 canones
3308 1013 3575 1054 reuovaus
3606 1007 3790 1054 sancta

2202 1069 2317 1141 lucc
2348 1069 2672 1123 universalis
2698 1070 2957 1141 synodus,
2989 1069 3228 1123 deﬁnivit
3256 1070 3526 1124 neminem
3569 1084 3792 1141 prorsus

2202 1140 2512 1208 episcopum
2559 1139 2789 1195 vendere
2841 1141 2922 1194 vel
2969 1149 3241 1210 utcunque
3283 1141 3524 1194 alienare
3575 1139 3788 1194 cimelia

2203 1223 2258 1263 et
2286 1226 2412 1264 vasa
2472 1219 2705 1274 sacrata,
2761 1221 2983 1280 excepta
3043 1227 3202 1266 causa
3254 1212 3379 1266 olim
3433 1213 3499 1264 ab
3554 1212 3791 1280 antiquis

2205 1281 2502 1335 canonihus
2534 1281 2807 1346 ordinata,
2847 1282 3094 1337 videlicet
3116 1297 3235 1352 quae
3265 1282 3609 1350 accipiuntur
3633 1284 3684 1336 in
3712 1297 3791 1352 re-

2207 1352 2566 1420 demptionem
2619 1353 2984 1422 captivm'um;
3042 1350 3147 1407 sed
3187 1369 3283 1407 nec
3331 1355 3546 1408 tradere
3596 1350 3792 1408 salaria

2205 1422 2558 1496 ecclesiarum
2586 1422 2637 1476 in
2666 1425 3064 1496 emphyleutiea
3092 1435 3273 1494 pacta,
3317 1440 3417 1478 nec
3450 1425 3587 1478 alias
3630 1425 3790 1478 rusti-

2207 1509 2298 1547 cas
2328 1494 2698 1563 possessiones
2739 1494 3070 1559 venundare,
3106 1511 3166 1550 ac
3207 1509 3301 1565 per
3342 1496 3441 1548 hoc
3469 1497 3793 1550 ecclesiasti-

2207 1579 2298 1619 cos
2329 1565 2570 1618 redditus
2601 1565 2812 1631 hedere,
2851 1582 2986 1636 quos
3014 1568 3076 1619 ad
3107 1568 3376 1637 propriam
3401 1567 3715 1633 utilitatem,
3741 1574 3791 1621 et

2206 1637 2274 1689 ob
2310 1652 2487 1691 escam
2514 1652 2808 1706 pauperum
2834 1647 2886 1692 et
2915 1639 3316 1708 peregrinorum
3339 1641 3788 1692 sustentationem

2209 1721 2329 1760 esse
2383 1708 2722 1763 decernimus
2778 1726 2789 1762 :
2845 1725 3058 1764 omnem
3123 1725 3248 1765 vero
3300 1709 3789 1764 ecclesiasticarum

2210 1792 2389 1831 rerum
2421 1786 2744 1846 potestatem
2789 1779 3075 1835 habentem
3121 1789 3176 1836 et
3229 1782 3323 1835 has
3370 1780 3678 1843 n‘tcliorare,
3731 1794 3789 1834 ac

2209 1848 2436 1922 dilatare
2463 1859 2621 1922 prout
2650 1852 2947 1919 oportuerit
2985 1852 3352 1907 ecclesiastica
3382 1852 3518 1917 loca,
3553 1867 3655 1922 per
3677 1866 3790 1922 (iure

2208 1920 2450 1992 redditus
2468 1919 2631 1984 litmt;
2665 1931 2718 1974 et
2748 1923 2966 1990 insuper
2988 1924 3325 1992 proprimwnn
3357 1940 3537 1977 rerum
3555 1919 3790 1992 disposi-

2210 1990 2407 2043 tionem
2476 1991 2816 2057 distribuere,
2884 2010 2946 2047 ac
2989 1990 3342 2049 Vconnnittcre
3393 2009 3484 2047 seu
3547 1990 3789 2048 (tittl'crre

2206 2061 2612 2131 quibuscuuque
2645 2063 2871 2118 voluerit
2909 2066 3306 2134 ctjudieiu'crit
3336 2067 3486 2134 juxta
3514 2066 3786 2135 propriam

2207 2141 2528 2200 potestatem
2580 2149 2643 2187 ac
2689 2135 3043 2190 dominatum.
3099 2138 3349 2204 Quisquis
3407 2145 3584 2189 autem
3633 2151 3790 2204 appa-

2208 2204 2379 2256 ruerit
2408 2215 2529 2272 post
2568 2207 2706 2259 hanc
2753 2205 3118 2260 deﬁnitionem
3167 2218 3406 2260 nostram
3459 2210 3789 2261 contrarium

2207 2274 2334 2342 quid
2379 2276 2502 2329 huic
2530 2285 2729 2331 saneta:
2755 2287 2807 2329 et
2838 2278 3126 2331 universali
3171 2280 3374 2347 synodo
3405 2295 3588 2347 agere,
3623 2279 3788 2348 depo-

2208 2353 2369 2398 natur
2401 2356 2455 2397 ut.
2482 2349 2869 2416 prmmricator
2894 2351 3196 2402 divinarmn
3224 2351 3394 2417 leguli)
3420 2361 3469 2402 ct
3498 2360 3786 2419 praecepto-

2208 2431 2346 2489 rum,
2386 2427 2596 2489 cassata
2623 2419 2864 2472 videlicet
2895 2422 3115 2474 onniino
3146 2436 3262 2489 qua:
3295 2423 3432 2473 iacta
3459 2430 3543 2472 est
3576 2422 3628 2473 in
3667 2421 3790 2473 scri-

2208 2487 2436 2561 ptis_vel
2483 2488 2597 2561 sine
2638 2490 2853 2558 scriptis
2910 2491 2976 2544 ab
3030 2487 3281 2561 epiSeOpo
3328 2492 3655 2549 venditione,
3711 2489 3790 2544 vel

2207 2557 2604 2631 cntpliytcutica
2634 2557 2941 2631 traditione,
2967 2563 3047 2615 vel
3065 2557 3188 2614 'alia
3217 2557 3410 2631 quavis
3435 2562 3787 2624 alienatione,

2209 2627 2545 2700 cimeliorutn
2585 2630 2788 2684 scilicet
2812 2640 2865 2685 ct
2891 2631 3209 2686 salariorum
3237 2627 3500 2686 locorum.
3533 2633 3638 2700 Qui
3668 2647 3791 2685 vero

2207 2699 2400 2772 emerit
2430 2709 2521 2772 aut
2565 2703 2865 2770 perceperit
2912 2704 3113 2772 aliquid
3143 2719 3210 2757 ex
3242 2703 3514 2772 prardictis
3561 2699 3788 2757 cimeliis

2207 2767 2630 2843 vcl_salariis,'ct
2663 2767 2765 2824 non
2796 2767 3091 2828 restituerit
3132 2767 3395 2835 ccclesite,
3424 2776 3645 2838 iterum,
3675 2790 3791 2843 qua:

2207 2838 2450 2894 ccclesim
2498 2851 2624 2895 sunt
2681 2843 2761 2896 vel
2818 2860 2922 2897 non
2985 2844 3277 2898 reddiderit
3329 2845 3396 2898 ad
3448 2838 3790 2899 incidendam

2208 2909 2450 2986 chartam
2478 2914 2799 2986 venditionis
2824 2915 2903 2968 vel
2933 2917 3367 2986 emphyleuseos,
3396 2916 3468 2970 sit
3501 2916 3791 2970 anathema

2209 2984 2506 3048 usquedum
2537 2983 2722 3037 fecerit
2767 2988 2909 3053 quod
2941 2983 3150 3041 ah’hac
3189 2998 3374 3040 sancta
3404 2995 3458 3040 et
3498 2987 3791 3040 universali

2209 3054 2411 3127 synodo
2441 3054 2816 3127 conﬁrmatum
2848 3067 2948 3109 est.
2983 3057 3038 3109 Si
3067 3066 3243 3110 autem
3286 3057 3571 3127 cpiscopus
3603 3059 3792 3110 eonvi-

2209 3131 2328 3174 ctus
2358 3122 2519 3177 fuerit.
2565 3127 2930 3180 construxisse
2958 3122 3345 3180 monasterium
3377 3129 3443 3180 de
3469 3122 3793 3182 'redditihus

2209 3192 2612 3265 ecclesiasticis,
2649 3197 2822 3249 tradat
2864 3197 3035 3265 ipsum
3079 3199 3253 3252 eidem
3305 3198 3548 3253 ecclesia:
3603 3214 3793 3253 mona-

2133 3255 2177 3316 C
2211 3263 2474 3338 stet-iuni;
2518 3266 2560 3319 si
2596 3255 2721 3318 vero
2772 3270 2837 3320 de
2883 3255 3117 3338 propriis
3165 3268 3352 3334 rebus,
3406 3278 3498 3322 aut
3551 3269 3622 3323 de
3675 3269 3796 3324 aliis

2210 3333 2530 3402 quibusdam
2587 3333 3057 3397 comentioniluis.
3110 3333 3424 3393 haheat’id
3493 3341 3794 3395 secundum

2206 3406 2477 3478 pl‘tlpi'ltllll
2519 3415 2838 3474 potestatem
2882 3418 2934 3462 et
2971 3409 3294 3464 voluntatem
3335 3409 3481 3465 omni
3514 3410 3628 3464 vita
3665 3424 3793 3474 sua;

2207 3481 2261 3527 ct
2287 3483 2408 3542 post
2447 3478 2604 3549 linem
2629 3478 2750 3531 vitae
2775 3478 3008 3533 dimittat
3046 3491 3099 3534 et
3141 3480 3383 3534 conferat
3424 3482 3528 3534 hoc
3570 3482 3798 3549 quibus-

2207 3561 2418 3667 pjunque
2463 3547 2711 3608 voluerit,
2754 3565 2857 3603 non
2906 3558 3084 3606 tamen
3126 3551 3381 3606 szeculare
3431 3547 3796 3607 diversorium

2250 3625 2321 3667 at.

2250 3625 2321 3668 at.

2207 3727 2344 3802 XVI.
2386 3729 2464 3782 De
2503 3748 2604 3789 uou
2641 3731 2842 3788 utendis
2871 3733 3077 3802 penitus
3112 3733 3568 3789 adinventimzibus
3607 3727 3681 3790 ad
3704 3753 3797 3792 c1:-

2277 3800 2640 3875 honorantium
2677 3803 2853 3875 salicti
2872 3800 3175 3857 sacerdotii.
3219 3803 3514 3875 Imperator
3556 3824 3683 3861 vero
3723 3806 3797 3862 rei

2275 3870 2530 3948 princeps,
2567 3873 2609 3923 si
2652 3871 2778 3925 (alia
2826 3872 3028 3948 fecerit,
3073 3870 3444 3948 redarguetur,
3483 3886 3530 3930 et
3578 3894 3795 3948 separe-

2277 3949 2362 3991 tur
2388 3956 2404 3993 :
2427 3941 2472 3992 si
2513 3951 2685 3994 autem
2733 3959 2831 3995 nou
2870 3945 3192 4012 pwuitucrit,
3230 3941 3390 4000 etiam
3434 3941 3796 4003 auat/tentati-

2279 4020 2441 4063 zetur.

2277 4122 2482 4191 Magnis
2523 4124 2825 4206 'ulul‘atilius
2897 4136 2972 4206 ct_
3006 4129 3188 4184 multis
3256 4130 3513 4206 lacrymis
3568 4134 3794 4206 dignum

2203 4209 2338 4271 opus
2370 4211 2396 4245 a
2429 4195 2620 4271 multis
2638 4195 2882 4251 ﬁdelibus
2907 4201 2972 4271 ad
3001 4210 3212 4271 nostros
3239 4195 3486 4271 pervenit
3530 4195 3753 4261 auditus
3779 4221 3794 4260 :

2201 4267 2351 4346 aiunt
2374 4266 2525 4346 enim.
2553 4266 2716 4346 fuisse
2747 4269 3011 4335 quosdam
3041 4266 3348 4346 lanios-sub
3390 4275 3589 4346 coqui
3625 4292 3802 4346 nuper

2202 4336 2486 4412 imperavit
2516 4337 2567 4388 in
2600 4338 2789 4412 ordine
2817 4342 3111 4412 senatorio,
3143 4342 3234 4412 qui
3281 4336 3578 4398 secundum
3619 4336 3799 4402 div'er-

2200 4423 2312 4461 sam
2375 4407 2775 4488 imperatoriam
2829 4407 3526 4488 dignitatem'videlnmtur
3573 4418 3800 4488 capillo-

2203 4491 2320 4530 rum
2363 4492 2574 4558 _comam
2629 4479 3048 4558 eircmnplevam
3100 4484 3373 4558 involvere
3421 4497 3586 4555 atque
3647 4479 3800 4558 i'cpoo

2203 4562 2330 4627 pere
2361 4548 2420 4626 13,
2467 4559 2516 4627 et
2545 4550 2768 4627 gradqu
2817 4548 2968 4619 quasi
3001 4555 3393 4627 sacerdotalem
3423 4548 3516 4626 per
3543 4548 3794 4627 qua'dam

2205 4617 2417 4693 inducia
2467 4620 2523 4670 et
2577 4617 2894 4693 vestimenta
2951 4626 3304 4679 sacerdotalia
3337 4617 3682 4693 sumere;et,
3739 4641 3793 4686 ut

2207 4688 2528 4766 putabatur,
2539 4690 2835 4766 episcopos
2857 4696 3209 4760 constituere,
3231 4688 3790 4766 superhumeralilnis,

2208 4759 2258 4811 id
2313 4769 2394 4833 est
2447 4759 2621 4833 palliis
2651 4802 2683 4833 ,ί
2715 4759 3203 4833 circmnamictos,
3253 4759 3312 4820 et
3359 4784 3577 4823 onmem
3632 4759 3792 4825 aliaui

2205 4828 2562 4911 pontiﬁcalem
2600 4831 2814 4911 indutos
2864 4835 3096 4903 stolam;
3150 4828 3239 4908 qui
3289 4839 3450 4911 etiam
3514 4844 3797 4911 proprium

2202 4901 2564 4975 patriarcham
2644 4905 2977 4959 aseribentes
3041 4901 3181 4962 eum'
3231 4910 3322 4975 qui
3401 4909 3454 4961 in
3514 4901 3794 4966 'adi'nvcu-

2207 4971 2447 5054 tionibus
2499 4972 2666 5054 risum
2717 4977 3080 5054 _mm'cntihu_s_
3129 4971 3379 5054 peclatus
3437 4989 3492 5054 et
3540 4985 3796 5054 princeps

2207 5050 2360 5121 erat,
2414 5051 2467 5096 et
2516 5043 2842 5122 insultab:_mt
2872 5087 2884 5110 ,
2925 5059 2977 5122 et
3031 5043 3321 5122 illudebant
3364 5043 3675 5122 quibusque
3718 5043 3797 5108 di-

2209 5113 2381 5175 vinis,
2435 5113 2590 5190 modo
2647 5115 2860 5190 quidem
2928 5119 3252 5186 electiones,
3327 5113 3696 5190 promotioues
3741 5137 3795 5181 et

2207 5185 2680 5284 c'onscct'ationes,
2741 5188 2896 5274 modo
2930 5200 3142 5270 .autem
3218 5185 3375 5273 aeule
3440 5193 3744 5254 calumnias
3772 5239 3786 5260 ,

3643 5284 3668 5292 ο.
