3960 5492
599 356 704 416 Γδὸ

1739 351 2101 409 ANASTASH
2140 349 2686 406 BlBLlOTllECARll

3753 348 3841 404 ιω

596 471 701 527 hac
729 485 758 524 a
787 469 899 525 Deo
940 469 1308 525 conservanda
1337 466 1483 538 regia
1517 469 1648 523 urbe
1668 508 1681 534 ,
1715 467 1766 521 in
1818 467 2177 522 famosissimo
2206 473 2253 528 Α
2283 463 2407 516 dum
2441 463 2702 517 rationem
2732 462 3068 530 substantiae,
3096 463 3294 518 trinum
3318 471 3519 529 autem,
3550 461 3636 516 vel
3663 462 3778 530 tria,
3804 464 3844 520 si

599 559 798 630 templo
841 568 1039 615 sancta:
1060 575 1123 615 ac
1152 560 1327 630 magni
1379 559 1610 613 nominis
1655 557 1900 628 Sephiae,
1932 557 2174 610 detinivit

597 652 784 708 subter
813 667 1020 706 annexa
1049 671 1061 706 :

670 743 1033 799 Conuaturale
1059 744 1441 814 omnipotentis
1472 743 1564 799 Dei
1598 752 1652 797 et
1690 743 1865 797 Patris
1894 741 2128 796 Verbum
2155 785 2168 809 ,

598 834 738 904 quod
771 833 998 890 firmavit
1030 835 1220 890 cmlum
1261 837 1401 889 sicut
1447 851 1735 899 cameram,
1779 843 1835 888 et
1872 835 2175 888 construxit

601 928 735 982 lines
781 936 936 981 terrze
977 943 1040 982 ac
1074 937 1391 982 czeterorum
1437 928 1810 981 universorum
1852 935 2084 990 statum,
2118 932 2175 979 ut

599 1017 1083 1073 insubstantialiter
1109 1029 1278 1083 esset,
1311 1018 1505 1081 elfecit,
1535 1027 1588 1072 ct
1632 1019 1786 1088 regit,
1822 1027 1875 1072 et
1912 1019 2172 1082 continet,

599 1123 653 1166 et
685 1112 877 1180 salvat,
909 1115 999 1183 qui
1038 1113 1165 1168 dicit
1201 1129 1296 1183 per
1335 1112 1482 1166 lsaia:
1513 1113 1781 1182 prophetae
1813 1127 1996 1165 vocem
2031 1126 2044 1164 :
2084 1111 2176 1164 As-

596 1209 706 1276 pice
733 1208 784 1259 in
815 1207 1015 1268 caelum,
1048 1209 1169 1277 quia
1201 1207 1402 1270 cwlum,
1437 1217 1489 1258 ut
1526 1207 1724 1275 furnus,
1757 1205 2034 1259 solidatam
2066 1216 2175 1267 est;

599 1310 736 1353 terra
783 1311 953 1354 autem
974 1341 987 1364 ,
1016 1311 1071 1354 ut
1099 1301 1449 1353 vestimentum
1470 1341 1484 1364 ,
1531 1310 1802 1354 relerascet
1828 1313 1844 1350 ἔ
1884 1301 1974 1368 qui
2004 1310 2175 1352 autent

597 1392 830 1447 habitant
878 1412 1014 1460 eam,
1063 1395 1192 1448 sicut
1237 1394 1367 1460 lucc,
1399 1395 1712 1458 morientur;
1745 1392 1974 1446 salutare
2003 1403 2176 1446 (uitem

597 1501 764 1538 meum
810 1486 864 1539 in
895 1495 1146 1539 a'tcmum
1177 1486 1293 1548 erit,
1327 1495 1372 1538 et
1411 1485 1619 1554 justitia
1666 1501 1779 1537 mea
1825 1501 1926 1538 non
1975 1484 2175 1552 deﬁciet

599 1574 736 1645 (Isa.
767 1577 839 1646 LI)
875 1595 884 1628 :
910 1577 1000 1644 qni
1030 1584 1249 1646 propter
1281 1567 1377 1630 nos
1416 1575 1710 1630 secundum
1743 1592 1840 1630 nos
1869 1574 2040 1628 lactus
2072 1584 2176 1638 est,

597 1674 650 1720 et
677 1665 948 1719 caelestem
981 1665 1248 1734 justitiam
1276 1682 1436 1736 super
1463 1675 1660 1720 terram
1705 1666 1986 1736 plantavit,
2011 1675 2064 1720 et
2101 1667 2178 1718 di-

599 1758 676 1811 xit.
705 1775 718 1810 :
753 1757 947 1811 (Icelum
977 1768 1024 1811 et
1057 1769 1192 1811 terra
1215 1760 1531 1823 transibunt,
1559 1759 1707 1812 verba
1734 1768 1905 1812 autem
1938 1776 2047 1812 mea
2078 1776 2178 1811 non

2277 573 2400 610 eum
2429 556 2723 610 secundmn
2773 557 3034 612 rationem
3078 572 3428 627 personarum
3463 557 3842 626 prtedicamns:

2277 656 2331 701 ct
2356 663 2528 715 neque
2560 663 2586 699 a
2613 661 2687 712 se,
2715 657 2774 701 ut
2802 657 2946 702 esset
2970 647 3167 714 factus,
3199 662 3372 718 neque
3403 647 3469 702 ab
3504 647 3612 701 alio
3641 662 3848 715 quomo-

2279 741 2479 795 dolihet
2516 740 2616 794 hoc
2652 743 2924 811 accepisse
2975 741 3208 796 fatemur
3257 760 3270 795 :
3319 741 3412 796 sed
3457 740 3574 794 sine
3621 738 3772 793 initio
3803 749 3850 794 et

2277 840 2536 886 :cternutn
2572 842 2625 886 et
2651 832 2820 886 solum
2851 850 3064 904 semper
3101 833 3448 897 existentem,
3480 843 3536 887 et.
3564 832 3848 886 secundum

2279 924 2489 988 eadem,
2522 933 2572 977 et
2598 924 2850 978 similiter
2879 925 3188 991 habentem,
3237 934 3291 979 et
3337 922 3534 978 nullam
3564 930 3849 977 commota.

2280 1016 2478 1069 tionem
2513 1016 2591 1068 vel
2622 1018 3030 1070 conversionem
3075 1017 3445 1070 admitteatcm
3467 1057 3480 1078 ,
3518 1013 3780 1067 factorem
3805 1021 3853 1066 et

2279 1111 2608 1164 conditorem
2664 1111 2902 1164 onmimn
2957 1109 3371 1177 intelligihilium
3420 1116 3475 1161 et
3528 1105 3851 1160 sensibilium

2278 1205 2597 1257 existentem
2629 1220 2642 1254 :
2679 1202 2756 1255 sic
2798 1203 2940 1255 enim
2986 1212 3040 1255 et
3083 1211 3267 1255 saneta
3314 1211 3367 1252 et
3411 1212 3605 1268 magna
3653 1197 3854 1251 Merena

2279 1296 2513 1366 synodus
2554 1309 2828 1363 exponens
2877 1294 2996 1348 lidei
3047 1291 3343 1364 symbolum
3393 1291 3748 1345 ait:Lumen
3800 1290 3856 1342 de

2281 1385 2500 1450 lumine,
2531 1386 2695 1438 Deum
2731 1400 2914 1440 verum
2945 1383 3138 1438 Filium
3168 1385 3231 1437 de
3258 1382 3368 1436 Deo
3401 1398 3527 1436 vero
3558 1381 3721 1436 Patre
3759 1396 3858 1434 ma-

2280 1481 2470 1534 nifeste
2505 1480 2826 1548 praedicans.
2875 1490 2927 1533 et
2960 1480 3186 1556 reliqua,
3223 1488 3282 1532 ut
3323 1477 3588 1531 catholica
3625 1475 3857 1530 Ecclesia

2280 1575 2505 1642 acet-pit,
2531 1589 2689 1642 quam
2712 1582 2763 1627 et
2788 1589 2884 1627 nos
2901 1572 3252 1641 suscipientes
3268 1588 3372 1625 uno
3398 1587 3580 1635 sensu,
3612 1585 3856 1624 vcsaumn

2281 1676 2336 1720 et
2360 1668 2599 1721 vcritatis
2626 1667 2902 1720 inimicum
2926 1667 3110 1719 Arium
3130 1665 3676 1729 amtthetnatizatnus,
3693 1674 3858 1718 ctom-

2285 1773 2378 1808 nes
2408 1758 2495 1824 qui
2523 1773 2644 1811 cum
2672 1759 2785 1826 ipso
2814 1757 2894 1810 vel
2927 1757 3220 1810 secundum
3249 1757 3424 1824 ipsum
3451 1755 3516 1809 de
3551 1753 3857 1808 thearchica

597 1849 890 1902 transibunt
925 1848 1074 1920 (Luc.
1109 1851 1184 1918 xi)
1214 1869 1226 1904 :
1259 1851 1348 1919 qui
1379 1850 1513 1904 dixit
1542 1850 1607 1903 ad
1634 1865 1821 1904 omnes
1854 1850 1943 1920 qui
1972 1850 2021 1903 in
2052 1864 2172 1903 cum
2204 1833 2250 1892 Β
2279 1856 2330 1901 et
2354 1847 2506 1899 beata
2550 1847 2812 1900 Trinitate
2852 1849 2910 1902 τὸ
2946 1847 3281 1919 inpactis-tow,
3326 1844 3376 1897 id
3416 1851 3499 1897 est
3545 1843 3860 1897 alteritatem

597 1940 943 1994 crediderunt
981 1957 993 1993 :
1030 1938 1086 1994 Si
1142 1937 1229 1994 eos
1276 1939 1566 1994 manseritis
1613 1942 1664 1994 in
1710 1941 1855 1995 verba
1900 1959 2032 2002 meo,
2075 1941 2178 1993 reri

596 2029 838 2097 discipuli
864 2031 964 2083 mei
995 2030 1156 2094 eritis,
1187 2041 1234 2083 et
1262 2032 1576 2101 cognoscetis
1602 2033 1887 2095 veritatem,
1920 2041 1962 2083 ct
1993 2032 2178 2084 veritas

596 2117 834 2172 liberabit
870 2137 954 2173 vos
986 2121 1166 2190 (Joan.
1193 2121 1333 2190 vm).
1367 2122 1472 2176 Iste
1497 2121 1643 2175 solus
1673 2123 1898 2176 inﬁnitae
1926 2123 2180 2192 potentia:

599 2211 857 2266 Dominus
879 2221 933 2266 et
952 2213 1094 2266 Deus
1122 2222 1304 2267 noster
1322 2213 1518 2267 multos
1542 2215 1755 2283 quidem
1786 2214 1918 2267 alios
1941 2215 2006 2266 ab
2029 2215 2179 2280 olim,

596 2312 652 2358 et
685 2302 842 2374 longe
890 2312 1044 2368 ante,
1103 2304 1351 2358 homines
1402 2305 1738 2375 tnaneipatos
1771 2307 2081 2369 mendacio,
2128 2315 2182 2359 et

599 2396 843 2450 veritatis
873 2395 1137 2458 inimicos,
1172 2396 1225 2450 in
1256 2412 1384 2465 agro
1416 2411 1516 2450 suo
1537 2438 1552 2460 ,
1599 2397 1652 2450 id
1681 2407 1764 2451 est
1809 2398 1859 2449 in
1903 2397 2179 2462 Ecclesia,

598 2485 737 2540 mala
767 2486 970 2539 zizania
999 2487 1299 2540 secundum
1325 2487 1692 2558 evangelicam
1729 2488 2181 2558 signiﬁcationem

599 2577 926 2630 semiuantes
964 2576 1188 2648 (Matth.
1227 2577 1398 2649 xm),
1438 2589 1492 2633 et
1542 2580 1799 2633 mundum
1853 2580 2179 2634 lrtummtnnt

598 2667 793 2722 divina:
815 2667 1040 2735 jnstitiae
1067 2669 1280 2739 operire
1313 2678 1604 2735 tentantes,
1643 2672 1804 2726 veluti
1851 2672 2066 2739 quidem
2099 2687 2185 2725 sa-

597 2758 966 2828 pientissimus
1004 2768 1057 2812 et
1092 2761 1652 2829 onmipotentissimns
1694 2761 1926 2832 agricola
1949 2803 1962 2826 ,
1991 2761 2184 2815 evulsit

597 2856 760 2917 atque
787 2848 1125 2917 disperdidit,
1155 2858 1210 2903 et
1233 2851 1297 2902 ad
1331 2851 1380 2904 id
1409 2851 1548 2921 quod
1575 2851 1795 2905 omnino
1821 2868 1925 2904 nou
1958 2861 2040 2905 est
2061 2851 2183 2920 jure

598 2939 865 2992 convertit
897 2957 909 2992 :
952 2939 1185 2994 salutare
1212 2951 1389 2994 autem
1430 2959 1582 2995 suum
1616 2957 1829 3011 semper
1858 2943 1924 2996 ad
1960 2958 2185 2997 mouen-

603 3025 728 3078 dum
761 3028 1101 3095 praeparavit,
1142 3037 1194 3082 et
1221 3029 1486 3098 justitiam
1515 3047 1666 3084 suam
1705 3031 1959 3094 ﬁrmavit,
1990 3041 2043 3085 et
2075 3047 2185 3084 ma-

602 3115 936 3172 nifestiorem
965 3117 1225 3172 exhibuit.
1252 3118 1359 3173 Sed
1384 3120 1515 3174 nihil
1540 3122 1732 3187 minus,
1760 3131 1813 3175 et
1842 3123 1893 3174 in
1941 3123 2184 3176 instanti-

2282 1939 2612 2004 substanticc,
2659 1948 2713 1992 et
2741 1939 3230 1993 dissimilitmlinem
3274 1937 3418 1992 laesis
3460 1937 3714 1991 sensibus
3762 1935 3862 2004 apio

2281 2040 2508 2096 nautnr;
2542 2031 2890 2085 nihilominus
2922 2038 3100 2084 autem
3134 2038 3189 2084 et
3229 2028 3518 2084 secundam
3552 2036 3799 2084 sanctam
3819 2035 3866 2080 et

2281 2125 2638 2180 universalem
2688 2125 2949 2195 synodum
3010 2123 3364 2192 suscipientes
3411 2120 3666 2175 similiter
3709 2134 3867 2189 pneu-

2283 2221 2679 2274 matomachum
2710 2218 2786 2290 [id
2811 2229 2907 2282 cst,
2943 2216 3202 2287 Spiritum
3230 2211 3682 2286 impugnaulem],
3713 2214 3864 2283 quin-

2283 2313 2390 2367 imo
2463 2312 2839 2367 theomachum
2891 2309 2982 2381 [id
3039 2319 3150 2373 est,
3204 2308 3370 2361 Deum
3431 2303 3867 2377 impugnantcm]

2283 2403 2803 2457 anathematizamus
2826 2401 3215 2464 Macedonium,
3239 2412 3414 2468 neque
3435 2398 3488 2451 in
3512 2409 3868 2467 personarum

2285 2493 2608 2549 discretione
2659 2491 3014 2546 dilicrentiam
3058 2489 3370 2545 substantia:
3404 2487 3619 2554 Patris,
3647 2498 3700 2542 et
3735 2487 3869 2551 Filii,

2285 2593 2340 2637 et
2367 2583 2531 2636 divini
2559 2592 2612 2636 et
2641 2582 2954 2652 principalis
3001 2581 3233 2650 Spiritus
3266 2580 3417 2651 juxta
3455 2579 3749 2648 prmdictos
3775 2579 3874 2633 hze-

2288 2675 2590 2728 resiarchas
2617 2673 2956 2742 recipientes,
2985 2687 3161 2742 neque
3208 2672 3261 2725 in
3287 2687 3391 2725 una
3416 2670 3718 2740 eademque
3753 2669 3872 2724 sub.

2288 2769 2485 2823 stantia
2513 2782 2769 2837 personas
2795 2765 3088 2821 secundum
3121 2763 3552 2819 amentissimum
3579 2763 3873 2818 Sabelliunt

2289 2860 2700 2913 confundentes.
2753 2857 2974 2926 Insuper
3027 2863 3082 2909 et
3127 2853 3447 2909 conﬁtemur
3505 2853 3727 2906 unicum
3783 2851 3872 2906 Dei

2290 2953 2526 3006 Verbum
2557 2952 2914 3013 incarnatnm,
2959 2956 3014 3003 et
3057 2947 3257 3001 l‘actnm
3286 2945 3456 3000 fuisse
3502 2953 3729 3015 propter
3761 2957 3872 3008 nos,

2291 3043 2584 3119 secundum
2619 3059 2736 3096 nos.
2777 3041 2889 3094 Non
2920 3042 3060 3094 enim
3094 3039 3336 3110 angelus,
3369 3053 3475 3092 non
3511 3036 3752 3109 legatus,
3786 3037 3876 3092 sed

2293 3138 2406 3204 ipse
2438 3136 2695 3189 Dominus
2740 3135 2905 3198 venit,
2959 3142 3014 3188 et
3055 3131 3283 3186 salvavit
3329 3145 3449 3194 nos,
3498 3137 3554 3184 et
3599 3130 3876 3184 nobiscum

602 3210 701 3264 bus
753 3212 1081 3280 temporibus
1132 3213 1461 3266 zizaniorum
1517 3224 1734 3280 satore,
1783 3231 1880 3284 per
1929 3217 2184 3284 quosdam

2297 3227 2468 3281 lactus
2491 3237 2572 3280 est
2593 3224 2907 3280 Enunanuel
2947 3243 2958 3276 :
2997 3233 3051 3278 et
3077 3223 3179 3277 iste
3208 3230 3326 3277 erat
3353 3222 3497 3275 Deus
3526 3235 3707 3285 verus,
3741 3221 3878 3275 Dens

603 3300 952 3367 pravissimos
987 3310 1038 3353 et
1078 3301 1428 3371 impiissimos
1465 3303 1731 3369 homines,
1764 3305 2186 3360 ecclesiasticum

602 3404 789 3461 agrum
820 3391 1060 3446 inutilem
1089 3391 1315 3446 reddere
1349 3401 1617 3460 tentante,
1663 3395 1852 3464 :equali
1894 3397 2188 3465 eademque

602 3480 938 3550 providentia
967 3490 1021 3536 et
1068 3483 1211 3536 hunc
1244 3483 1601 3538 sollicitudine
1646 3484 1864 3555 dignum
1909 3487 2186 3553 exhibuit,

602 3579 657 3626 et
681 3588 710 3625 a
736 3573 986 3630 sordibus
1012 3575 1313 3644 iniquitatis
1347 3576 1568 3645 eripuit,
1608 3585 1769 3645 atque
1798 3577 1864 3630 ad
1897 3579 2187 3646 puritatem

605 3665 876 3719 revocavit
903 3665 1219 3735 antiquam;
1255 3667 1558 3735 piissimum
1591 3669 1735 3722 enim
1767 3677 1821 3722 et
1861 3667 2191 3736 tranquillis-

604 3756 798 3810 simum
848 3759 1227 3828 imperatorem
1278 3768 1555 3825 nostrum,
1603 3760 1694 3828 qui
1740 3761 1930 3814 divina:
1966 3759 2190 3828 justitiae

607 3858 838 3914 amator,
871 3857 926 3904 et
954 3849 1227 3919 injustitizc
1255 3851 1448 3916 hostis,
1473 3862 1527 3905 et
1563 3853 1613 3904 in
1641 3853 1911 3905 mandatis
1939 3853 2055 3922 ejus
2084 3868 2191 3905 ma-

607 3949 823 3994 nentem
878 3940 1200 4010 discipulum
1247 3942 1414 4012 ipsius
1472 3942 1899 3998 demonstratum
1950 3944 2196 3997 incorru-

606 4039 757 4103 ptmn
790 4041 844 4086 et
872 4033 1151 4098 scientem,
1183 4043 1238 4089 et.
1266 4044 1675 4088 conservantem
1706 4036 2009 4102 veritatem;
2041 4036 2186 4090 exei-

608 4124 742 4177 tavit
783 4124 849 4176 ad
880 4123 1154 4190 injustitiae
1194 4124 1697 4180 conﬁrmationem:
1749 4127 1838 4195 qui
1875 4142 1968 4195 per
2008 4142 2193 4196 supcr-

608 4236 738 4273 num
766 4219 1045 4283 auxilium,
1079 4229 1132 4274 et
1179 4221 1408 4290 gratiam
1435 4220 1786 4275 ecclesiastici
1835 4221 2191 4285 tabernaculi,

613 4309 938 4363 architectos
966 4324 996 4362 a
1035 4309 1230 4364 linihus
1269 4310 1415 4364 orbis
1451 4319 1715 4364 terrarum
1763 4311 1815 4364 in
1856 4311 1994 4364 hanc
2025 4327 2051 4364 a
2086 4310 2193 4363 Deo

612 4403 1026 4459 construendum
1091 4413 1144 4456 et
1208 4403 1408 4474 regiam
1477 4403 1663 4456 urbem
1729 4404 2078 4468 convocavit,
2139 4413 2193 4458 et

2292 3318 2477 3381 lsrael,
2528 3327 2582 3372 ct
2624 3319 2860 3370 omnium
2909 3315 3159 3378 salvator,
3211 3314 3502 3367 secundam
3555 3311 3773 3365 divinas
3828 3321 3879 3365 et

2292 3412 2635 3482 propheticus
2660 3426 2839 3463 voces.
2871 3406 3020 3460 Unde
3051 3415 3104 3460 et
3147 3404 3543 3459 sanctissimam
3571 3413 3627 3456 et
3670 3403 3881 3472 nuptia-

2295 3520 2410 3556 rnm
2446 3505 2683 3570 ignaram
2739 3499 2992 3562 Mariam,
3025 3512 3145 3566 qua:
3178 3495 3328 3549 illum
3373 3494 3610 3564 peperit,
3661 3494 3881 3563 proprie

2296 3608 2359 3644 ac
2387 3593 2655 3646 veraciter
2678 3591 2769 3644 Dei
2798 3589 3113 3659 genitricem
3143 3586 3390 3650 fatemur,
3428 3585 3881 3653 quemadmodum

2295 3683 2617 3736 universalis
2661 3681 2814 3734 tertia
2850 3677 3086 3749 synodus
3117 3693 3236 3745 quae
3263 3677 3411 3746 prius
3440 3675 3581 3746 apud
3611 3674 3880 3744 Ephesum

2295 3783 2618 3843 congregata
2655 3781 2736 3826 est
2774 3769 3120 3839 prmdieavit;
3146 3782 3266 3822 cum
3304 3782 3407 3836 qua
3435 3774 3490 3820 et
3519 3780 3619 3820 nos
3646 3764 3881 3819 hominis

2298 3864 2559 3917 cultorem
2589 3870 2644 3915 et
2667 3859 3117 3928 jactantissimum
3146 3865 3306 3925 atque
3335 3855 3622 3910 Judaicum
3663 3870 3881 3908 sensum

2296 3958 2586 4011 habentem
2641 3953 2946 4008 Nestorium
3007 3950 3564 4014 anathematizamus,
3615 3948 3882 4018 duplicem

2299 4048 2551 4100 docentes
2581 4060 2746 4098 unum
2788 4043 3145 4110 eumdcmqne
3173 4042 3448 4096 Christum
3482 4049 3538 4094 et
3567 4038 3881 4098 Dominum,

2299 4139 2463 4191 Deum
2499 4136 2706 4189 scilicet
2731 4132 3030 4204 perfectum
3063 4142 3118 4187 et
3160 4133 3434 4187 hominem
3481 4129 3785 4200 perfectum
3833 4131 3884 4183 in

2297 4244 2403 4282 una
2435 4241 2682 4296 persona,
2713 4225 2992 4292 utriusque
3024 4232 3234 4277 natur-.e
3260 4220 3601 4284 dili‘erentia;
3636 4219 3729 4274 sed
3758 4233 3881 4288 pro-

2298 4320 2554 4389 prietates
2584 4315 3017 4370 inconvertibiles
3047 4323 3095 4368 et
3128 4311 3440 4368 iuconl‘nsas
3466 4320 3734 4380 perpetuo
3762 4325 3887 4363 con-

2301 4421 2639 4474 servantem,
2697 4407 3148 4477 quemadmodum
3208 4414 3261 4460 et
3318 4413 3503 4457 sancta
3565 4400 3889 4456 universalis

610 4495 971 4551 universalem
1033 4495 1294 4565 synodum
1351 4495 1736 4565 congregavit,
1786 4511 1904 4564 qua:
1956 4511 2184 4566 evange-

2301 4511 2490 4574 qnarta
2525 4500 2761 4572 synodus
2791 4497 3175 4568 dogmatizavit
3225 4513 3238 4548 :
3285 4510 3446 4564 quam
3481 4499 3606 4547 cn'm
3644 4492 3757 4561 jam
3795 4508 3889 4544 nn-

609 4588 836 4642 liearum
912 4587 1289 4649 sanctionum,
1367 4595 1421 4640 et
1483 4585 1884 4650 Mosaicarum,
1949 4596 2001 4639 et
2062 4602 2188 4656 pro-

609 4679 944 4748 pheticarum
1005 4678 1224 4748 legum,
1285 4687 1446 4746 atque
1509 4678 1927 4746 apostolicorum
1985 4692 2048 4732 ac
2099 4692 2190 4746 pa-

611 4780 909 4833 ternorum,
941 4785 1146 4822 necnon
1182 4779 1234 4823 et
1264 4771 1638 4838 synodicorum
1669 4771 2044 4824 mamlatornm
2072 4785 2192 4824 mu-

611 4863 813 4916 nimina
843 4861 1184 4922 custodiens,
1216 4860 1429 4928 pietatis
1476 4862 1736 4915 terminos
1772 4861 2086 4925 renovavit,
2137 4869 2192 4914 et

611 4953 892 5008 veritatem
934 4960 990 5007 et
1021 4952 1284 5022 justitiam
1319 4952 1370 5006 in
1403 4953 1785 5007 ecclesiasticis
1815 4954 1966 5006 atriis
2001 4952 2191 5021 prredi-

613 5042 775 5097 cavit.
799 5043 933 5098 llinc
956 5057 1082 5111 ergo
1108 5050 1162 5096 et
1185 5041 1611 5096 Christianorum
1637 5042 1899 5096 sinceram
1931 5051 1983 5096 et
2006 5043 2196 5096 imma-

615 5141 848 5196 culatam
884 5142 1060 5207 ﬁdem,
1109 5150 1164 5198 et
1208 5143 1396 5211 dogma
1426 5142 1738 5196 orthodoxa:
1767 5143 2040 5211 religionis
2083 5159 2200 5198 ont-

618 5247 752 5298 nes;
784 5233 872 5301 qui
903 5233 1040 5302 apud
1071 5248 1187 5287 eam
1215 5233 1562 5288 convenimus
1594 5233 1812 5298 sacrati,
1853 5234 2192 5300 rohorantes,

620 5323 891 5379 credimus
919 5324 971 5375 in
997 5339 1158 5392 unum
1186 5325 1349 5378 Deum
1375 5324 1425 5377 iu
1455 5324 1624 5378 tribus
1651 5325 2196 5384 consubstantialibus

623 5426 678 5464 ΩΙ.
703 5413 897 5462 divinis
924 5429 984 5458 an
1011 5414 1390 5466 nrinoinalihug
1415 5416 1681 5470 nm'ennjs.
1715 5426 1900 5468 ιιιοιιιη
1935 5417 2197 5476 quemad-

2300 4593 2524 4647 meratis
2557 4592 2728 4646 tribus
2769 4589 3034 4653 conciliis,
3088 4597 3344 4654 tanquam
3372 4592 3688 4638 sanctorum
3725 4596 3891 4636 evan-

2299 4686 2560 4756 geliorum
2591 4683 3009 4752 quater-nitatem
3038 4679 3418 4748 suscipientes,
3459 4674 3891 4729 anathematiza-

2301 4795 2419 4834 mus
2451 4777 2677 4831 delirum
2709 4775 3082 4845 Entychetem,
3107 4779 3164 4825 et
3195 4769 3480 4825 vecordem
3511 4767 3838 4820 Dioscorum
3875 4782 3888 4816 :

2300 4872 2425 4940 quin
2454 4878 2507 4924 et
2538 4869 2670 4923 duas
2699 4875 2920 4922 naturas
2960 4865 3012 4918 in
3054 4878 3160 4917 uno
3192 4860 3408 4916 Christo
3434 4857 3732 4913 secundum
3771 4871 3888 4909 ma-

2299 4963 2631 5017 nifestiorem
2655 4958 3043 5029 expositionem
3066 4961 3268 5009 sanctm
3293 4952 3494 5021 quintae
3522 4958 3577 5003 et
3606 4949 3896 5003 universa-

2300 5055 2366 5110 lis
2392 5055 2577 5127 synodi
2624 5053 3000 5124 przedicantes,
3032 5045 3554 5102 anathematizamus
3603 5041 3891 5103 Severum,

2300 5155 2354 5200 et
2393 5144 2632 5208 Petrum,
2664 5152 2717 5198 et
2748 5142 2974 5196 Zoaram
3003 5138 3231 5210 Syrum;
3276 5136 3569 5206 Origenem
3601 5133 3764 5187 etiam
3799 5131 3894 5201 qui

2303 5252 2439 5290 vana
2479 5236 2676 5304 sapuit,
2709 5243 2762 5288 et
2791 5233 3134 5288 Theodorum
3179 5227 3550 5298 Mopsuestize;
3601 5225 3894 5294 Didymum

2285 5343 2514 5397 quoque
2543 5327 2764 5396 pariter,
2807 5335 2860 5380 et
2902 5322 3214 5393 Evagrium,
3263 5321 3353 5389 qui
3390 5319 3556 5372 etiam
3587 5316 3897 5370 secundum

2303 5419 2517 5470 easdem
2581 5426 2635 5464 et.
2684 5418 2924 5462 diversas
2987 5414 3268 5466 nniniones
3331 5411 3517 5462 eoalem
3569 5406 3898 5470 DCrdiliOlliS
