3960 5524
176 360 282 418 165

863 360 1420 418 INTERPHETATIO
1459 360 1706 416 SYNODI
1751 360 1859 417 VIII
1896 364 2306 423 GENERALIS.
2344 398 2415 411 -
2450 368 2657 427 ACTIO
2692 370 2757 425 X.

3330 374 3430 430 166

172 470 383 528 Christi
424 471 642 526 duabus
694 471 898 527 naturis
952 480 1347 540 consequenter
1411 470 1572 526 etiam
1630 472 1765 526 duas
1791 477 1838 536 Α
1868 474 2204 543 phantasiam
2230 486 2285 531 et
2308 479 2550 547 putative
2570 480 2743 535 factus
2764 480 3051 547 exstiterit,
3077 496 3173 552 per
3192 482 3414 540 abolitio

173 578 338 634 opera
348 564 533 619 tiones
556 579 621 619 ac
639 564 854 619 totidem
880 563 1178 619 voluntates
1198 564 1469 635 sapienter
1493 579 1765 619 assevera-

172 659 271 711 vit.
318 656 865 712 Anathematizamus
903 664 1081 711 autem
1114 656 1488 722 Theodorum,
1533 656 1625 727 qui
1664 655 1767 710 fuit

170 747 471 816 episcopus
502 745 734 810 Pharan,
770 755 824 801 et
851 744 1116 817 Sergium,
1153 754 1207 800 et
1235 745 1523 816 Pyrrhum,
1551 754 1605 800 et
1624 743 1764 799 Pau-

172 834 306 902 lum,
334 851 403 890 ac
433 834 681 901 Petrum,
711 836 901 907 impios
922 836 1176 907 praesules
1203 834 1756 906 Constantinopolita-

173 943 370 983 norum
400 927 691 994 Ecclesiae,
737 937 897 998 atque
921 944 1041 983 cum
1070 928 1149 983 eis
1177 927 1469 983 Honorium
1497 938 1523 969 ιι
1553 928 1758 997 Romte,

172 1036 281 1077 una
320 1036 450 1075 eum
499 1019 645 1091 Cyro
692 1018 1049 1086 Alexandriae,
1099 1035 1304 1075 necnon
1357 1029 1413 1075 et
1468 1019 1760 1075 Macarium

172 1109 505 1179 Antiochia},
541 1124 605 1163 ae
632 1108 948 1179 discipulum
978 1107 1093 1178 ejus
1108 1108 1464 1181 Stephanum,
1501 1109 1592 1180 qui
1621 1110 1760 1165 male

171 1200 450 1271 opinionis
479 1198 796 1269 Apollinarii
815 1239 831 1264 ,
861 1206 914 1253 et
954 1198 1268 1270 Eutychetis
1289 1240 1302 1263 ,
1327 1212 1391 1254 ac
1420 1198 1630 1264 SeVeri,
1658 1199 1763 1255 imd

173 1295 387 1367 piorum
433 1290 922 1348 hzeresiarcharum
969 1291 1215 1362 dogmata
1281 1299 1571 1356 sectantes,
1642 1291 1760 1347 sine

170 1386 493 1455 operatione
527 1398 593 1438 ac
622 1384 739 1438 sine
768 1382 1039 1437 voluntate
1065 1383 1357 1437 animatam
1388 1383 1566 1438 anima
1595 1384 1760 1438 ratio-

175 1475 339 1531 nabili
367 1484 425 1529 et
451 1474 864 1530 intellectuabili
904 1473 997 1528 Dei
1042 1488 1260 1528 carnem
1280 1514 1295 1539 ,
1326 1473 1569 1529 sensibus
1592 1474 1754 1541 lzesis,

173 1578 227 1623 et
253 1582 446 1623 revera
477 1567 599 1622 sine
628 1568 857 1631 ratione,
888 1565 1331 1636 praedicaverunt.
1358 1565 1413 1621 Si
1444 1567 1587 1620 enim
1618 1566 1758 1623 Dcus

173 1657 449 1730 perfectus
474 1666 531 1712 et
563 1658 730 1712 homo
758 1655 1028 1727 perfectus
1074 1673 1212 1712 unus
1243 1657 1381 1712 idem
1419 1657 1667 1712 Christus
1704 1669 1759 1713 et

172 1751 311 1807 Deus
330 1748 570 1812 exstitit,
593 1747 957 1803 certissimum
988 1755 1090 1813 est,
1118 1747 1259 1817 quod
1292 1747 1433 1801 nulla
1464 1748 1756 1802 secundum

1863 579 1987 619 nem
2035 565 2236 622 scilicet
2284 568 2533 639 imaginis
2563 569 2760 625 Christi
2796 579 2852 625 et
2893 570 3192 626 Salvatoris
3235 574 3431 639 nostri,

1863 654 2022 709 simul
2049 655 2212 710 etiam
2238 656 2461 714 sublatae
2488 658 2674 714 forma:
2695 674 2818 716 cum
2842 676 2925 727 ea,
2957 660 3253 718 verissimae
3287 662 3432 719 illius

1863 747 1916 803 et
1953 747 2168 803 deilerae
2210 749 2387 806 carnis
2419 764 2433 805 :
2461 750 2653 807 bifarie
2692 753 2887 824 quippe
2920 752 3235 825 intelligitur
3274 769 3434 810 oume

1862 843 2005 912 quod
2067 858 2403 914 nequaquam
2471 845 2701 918 imagine
2761 847 3265 918 comprehenditur,
3337 856 3431 903 aut

1861 934 2004 988 velut
2068 950 2166 989 nos
2218 936 2493 1001 existens,
2551 944 2645 992 aut
2686 937 2832 993 velut
2888 938 3125 994 existens
3176 938 3430 1009 quidem,

1862 1020 1954 1076 sed
2007 1019 2228 1076 minime
2280 1023 2781 1091 comprehensibile,
2840 1032 3024 1093 utpote
3074 1023 3341 1079 invisibile
3382 1033 3436 1078 et

1860 1114 2190 1168 obstrusum.
2260 1111 2319 1167 Si
2387 1114 2508 1183 quis
2564 1114 2728 1185 igitur
2779 1115 2969 1171 horum
3031 1116 3233 1187 aliquid
3292 1117 3433 1174 forte

1861 1204 2025 1271 super
2061 1200 2281 1255 Christo
2326 1202 2565 1257 omnium
2615 1213 2857 1259 nostrum
2903 1205 3013 1261 Deo
3058 1215 3114 1261 et
3154 1203 3435 1262 Salvatore

1858 1292 2223 1363 perhibuerit,
2286 1293 2483 1363 impius
2549 1292 2750 1364 liquido
2810 1297 3204 1365 declarabitur,
3265 1314 3436 1369 quan-

1858 1384 2143 1454 doquidem
2181 1400 2344 1437 unum
2392 1385 2582 1441 horum
2615 1402 2721 1441 non
2772 1387 2935 1444 fuisse
2990 1389 3190 1445 factum
3242 1407 3435 1447 secun—

1816 1476 1983 1530 ‘dum
2056 1477 2337 1531 veritatem
2416 1477 2691 1533 hominem
2769 1477 3082 1535 Emmanuel
3158 1481 3429 1544 ostendit,

1857 1564 2083 1621 alterum
2112 1583 2238 1621 vero
2288 1567 2487 1623 tactum
2538 1570 2755 1640 quidem
2798 1570 3000 1638 fuisse,
3036 1572 3130 1628 sed
3180 1574 3429 1630 humanis

1856 1650 2272 1727 proprietatibus
2302 1660 2563 1725 caruisse,
2594 1672 2647 1715 et
2699 1669 3027 1731 assumptum
3074 1676 3290 1717 carnem
3339 1665 3431 1719 de-

1856 1747 2122 1815 posuisse,
2156 1750 2219 1803 ad
2250 1749 2484 1805 divinam
2536 1760 2697 1821 atque
2735 1753 3430 1824 incomprehensibilitatem

171 1848 379 1913 partem
403 1847 753 1902 naturarum,
788 1854 909 1909 quae
931 1847 1055 1892 sunt
1094 1838 1164 1903 ci,
1211 1838 1326 1893 siue
1371 1838 1643 1892 voluntate
1670 1836 1754 1891 vel
1786 1836 1830 1896 Β
1858 1852 1953 1908 per
1973 1840 2152 1893 omnia
2182 1855 2458 1896 recursum
2503 1842 2694 1898 fecisse
2731 1844 3103 1899 demonstrat:
3136 1848 3278 1915 quod
3303 1847 3432 1900 alie-

169 1932 284 1986 sine
321 1930 645 2000 operatione
675 1928 956 1996 consistat,
1002 1930 1093 1982 sed
1139 1928 1428 1985 secundum
1475 1939 1757 2000 utramque

169 2022 537 2077 substantiam
564 2020 755 2076 volens
795 2029 846 2076 et
899 2027 1130 2092 Operans
1160 2023 1610 2076 consummaverit
1645 2038 1758 2077 ma-

168 2129 329 2182 gnum
358 2113 790 2182 dispensationis
837 2113 1150 2184 mysterium
1176 2154 1190 2178 ,
1225 2113 1675 2182 quemadmodum
1704 2121 1758 2166 et

172 2206 415 2259 oniuium
445 2202 826 2274 deiloquorum
862 2204 1077 2268 chorus,
1117 2202 1184 2258 ab
1217 2203 1470 2274 apostolis
1494 2220 1658 2273 usque
1689 2204 1754 2256 ad

172 2313 283 2362 nos,
313 2298 420 2351 hoc
449 2296 763 2352 certissime
790 2295 984 2359 sciens,
1009 2295 1171 2348 ctiam
1196 2293 1480 2363 imaginem
1508 2293 1756 2346 humana:

170 2384 307 2439 illius
336 2384 530 2439 fortuna
569 2384 885 2453 depiugcns,
933 2383 1137 2447 erexit;
1188 2382 1498 2451 impendens
1540 2380 1754 2449 Utrique

166 2475 303 2545 parti
334 2474 502 2528 unius
529 2473 734 2529 Christi
762 2473 1042 2527 distinctas
1074 2471 1300 2525 invicem
1329 2470 1604 2525 naturales
1633 2486 1755 2541 pro-

166 2566 464 2637 prietates:
497 2580 595 2637 per
633 2582 770 2636 quas
807 2565 991 2635 procul
1023 2566 1185 2619 dubio
1223 2564 1668 2635 significationes,
1698 2574 1753 2619 et

168 2658 414 2715 notiones
444 2658 644 2714 divina:
677 2660 843 2728 ipsius
869 2668 923 2714 ct
954 2659 1198 2713 humanm
1226 2668 1434 2713 natura:
1476 2658 1753 2713 incozzl‘use

166 2762 488 2821 permanere
514 2747 838 2813 creduntur;
867 2749 1005 2803 sicut
1031 2748 1190 2802 etiam
1208 2749 1488 2817 septimam
1513 2758 1751 2801 sanctam

167 2848 214 2896 et
244 2839 640 2903 universalem,
671 2840 724 2894 in
750 2837 924 2894 Nicaea
955 2839 1191 2894 secundo
1216 2838 1561 2904 celebratam,
1588 2854 1751 2909 syno-

168 2932 284 2987 dum
338 2932 654 2988 orthodoxe
703 2931 1091 3002 dogmatizasse
1156 2932 1431 2993 novimus,
1485 2947 1649 2985 unum
1701 2939 1755 2985 et

166 3025 414 3079 eumdem
452 3023 734 3078 Christum
768 3034 823 3077 et
855 3021 1139 3078 Dominum
1178 3023 1498 3078 invisibilem
1530 3032 1583 3077 et
1618 3023 1748 3078 visi-

166 3113 321 3168 bilem
353 3112 698 3185 prol'essam,
732 3119 786 3167 et
810 3112 1401 3182 incomprehensibilem
1428 3121 1481 3167 et
1506 3128 1748 3183 compre-

1859 1942 1986 1981 num
2010 1937 2092 1982 est
2133 1930 2200 1983 ab
2227 1931 2475 1986 onmibus
2501 1931 2756 1987 divinitus
2792 1932 3068 2004 inspiratis
3095 1934 3386 2004 Scripturis
3413 1953 3427 1991 :

1857 2031 1975 2085 quze
2002 2009 2165 2071 etiam
2198 2019 2394 2073 iterant
2424 2036 2545 2075 cum
2593 2024 2877 2077 venturum
2917 2023 3155 2093 judicent
3191 2025 3431 2079 omnium

1856 2122 2078 2176 prorsus
2110 2106 2406 2175 amrmant,
2436 2105 2795 2180 similiterque
2830 2113 3146 2180 videndum,
3176 2115 3432 2184 quemad-

1858 2200 2071 2252 modum
2106 2201 2249 2254 visus
2274 2210 2356 2256 est
2384 2200 2663 2272 discipulis
2686 2211 2741 2258 et
2762 2203 3019 2273 apostolis
3043 2206 3156 2261 suis
3180 2206 3245 2260 ad
3265 2205 3431 2262 caelos

1856 2299 2182 2359 assumptus.
2224 2292 2355 2346 Illud
2389 2303 2571 2347 autem
2602 2293 2947 2350 Manichaeica
2970 2296 3221 2366 opinione
3247 2297 3430 2375 ac'im-

1855 2380 2052 2447 pietate
2078 2382 2291 2450 plenum
2320 2391 2424 2449 est,
2449 2398 2554 2453 quo
2586 2385 2855 2440 insensate
2881 2385 3097 2453 dicitur,
3136 2387 3203 2441 de
3246 2400 3311 2442 eo
3348 2387 3431 2442 di-

1854 2472 1960 2524 vini
1990 2472 2156 2527 David
2184 2474 2453 2544 eloquium
2500 2476 2908 2545 pronuntiatum
2938 2475 3103 2532 fuisse
3126 2518 3140 2543 ,
3189 2488 3245 2532 et
3284 2478 3429 2547 quod

1852 2562 2097 2630 perhibet
2125 2580 2137 2614 :
2168 2561 2233 2616 In
2268 2562 2375 2617 sole
2410 2564 2582 2632 posuit
2631 2564 3021 2620 tabernaculum
3064 2582 3216 2619 suum
3249 2565 3422 2635 (Psal.

1855 2654 2194 2719 xvm);cum
2231 2654 2476 2707 videlicet
2525 2655 2638 2709 haec
2667 2656 2915 2724 impietas
2961 2657 3317 2726 abjectionem
3362 2672 3426 2713 ac

1853 2742 2241 2810 depositionelu
2270 2743 2564 2813 significari
2597 2759 2693 2812 per
2722 2744 2773 2798 id
2818 2744 3082 2799 Dominici
3129 2760 3191 2801 ac
3236 2746 3427 2801 Deiﬁci

1851 2832 2095 2901 corporis
2126 2832 2376 2899 opinetur
2401 2850 2415 2884 :
2446 2833 2540 2887 sed
2568 2832 2799 2888 Verbum
2825 2835 3068 2890 veritatis
3095 2844 3149 2889 et
3187 2836 3251 2891 de
3291 2837 3422 2906 phe—

1854 2936 2079 2991 ronymo
2106 2920 2314 2977 Manete
2338 2920 2365 2961 ά
2397 2930 2450 2977 et
2479 2924 2543 2978 de
2572 2924 2795 2994 singulis
2820 2926 2908 2995 qui
2933 2941 3053 2981 cum
3086 2942 3150 2983 eo
3185 2929 3419 2999 sapiunt,

1852 3020 1905 3064 et
1930 3011 2349 3066 leonomachicae
2372 3021 2498 3067 sunt
2532 3023 2779 3069 auctores
2819 3016 3124 3083 hmreseos,
3159 3027 3317 3090 atque
3359 3022 3424 3076 de

1853 3102 1972 3155 aliis
2027 3102 2276 3159 omnibus
2324 3105 2714 3166 limresiarchis.
2750 3122 2813 3163 ac
2871 3109 3048 3179 impiis
3104 3110 3425 3166 ﬂducialitcr

165 3203 514 3267 hensibilcm,
537 3212 591 3259 et
618 3204 1143 3275 ineircumscriptum
1174 3213 1228 3258 et
1256 3205 1743 3274 circumscriptum,

1856 3196 1963 3250 ait:
1992 3194 2106 3250 Non
2150 3209 2517 3267 cognoverunt
2558 3215 2730 3270 neque
2774 3202 3195 3272 intellexerunt,
3247 3207 3338 3261 sed
3371 3208 3422 3261 in

166 3295 560 3364 impassibilem
586 3294 754 3349 etiam
782 3303 835 3347 et
861 3295 1165 3363 passibilem
1183 3336 1196 3361 ,
1236 3305 1396 3366 atque
1422 3296 1747 3366 inscriptibi-

166 3383 268 3438 lem
292 3384 321 3423 δ
348 3395 409 3440 et
436 3383 817 3456 scriptibilem.
847 3385 943 3439 Cui
966 3386 1300 3442 concordans
1333 3396 1389 3440 et
1420 3396 1601 3441 saneta
1634 3388 1748 3445 haec

168 3485 219 3533 et
255 3475 588 3533 universalis
629 3476 867 3547 synodus
911 3492 1103 3548 magna
1156 3494 1288 3533 voce
1332 3480 1749 3536 anathematizat

167 3560 538 3634 Anastasium,
571 3566 1006 3634 Constantinum,
1059 3579 1113 3624 et
1151 3568 1412 3635 Nicetam,
1466 3571 1744 3626 irrationa-

171 3658 270 3716 lem
294 3658 622 3716 stercoralis
651 3671 673 3699 ο
707 3661 941 3715 nominis
966 3661 1327 3729 praesulatum,
1364 3663 1448 3717 vel
1487 3662 1629 3732 quod
1658 3670 1742 3718 est

172 3753 335 3822 magis
354 3751 644 3811 dicendum
673 3750 1035 3821 putredinem,
1064 3764 1272 3807 necnon
1310 3761 1364 3806 et
1388 3752 1745 3807 Theodosium

171 3844 488 3913 Ephesium,
518 3851 575 3898 et
600 3841 900 3903 Sisiunium
926 3841 1202 3908 Pastilam,
1247 3851 1301 3897 et
1330 3840 1584 3896 Basilium
1628 3840 1749 3895 Tri-

173 3936 447 4001 caeabum,
479 3936 612 4005 quin
640 3935 817 4005 potius
832 3942 884 3989 et
911 3932 1327 3999 Theodoretum,
1351 3943 1405 3987 et
1431 3933 1745 4000 Antonium,

174 4038 326 4099 atque
360 4027 626 4083 Joannem
653 4026 925 4096 quondam
954 4025 1208 4096 praesules
1236 4039 1386 4080 novae
1420 4024 1622 4091 Romae,
1662 4038 1746 4078 re-

173 4121 267 4191 gia:
288 4120 524 4175 civitatis
552 4117 1006 4181 Christianorum,
1044 4115 1152 4171 imo
1173 4115 1370 4170 Christi
1395 4115 1744 4171 calumniato-

176 4229 295 4269 res:
327 4228 489 4284 quem
527 4211 781 4267 videlicet
822 4225 1158 4279 nequaquam
1202 4209 1434 4263 valuisse
1482 4208 1746 4263 idolorum

175 4303 534 4359 exterminare
559 4311 795 4365 statuas,
833 4311 890 4353 ut
924 4301 989 4355 de
1015 4314 1079 4354 eo
1112 4297 1479 4368 pronuntiavit
1517 4296 1748 4367 prephe-

181 4402 343 4449 tarutn
371 4390 672 4464 catalogus,
705 4390 961 4460 operibus
990 4396 1045 4444 et
1070 4387 1247 4443 verbis
1272 4384 1697 4457 praedicaverunt
1727 4399 1743 4438 :

176 4486 341 4540 adhuc
366 4485 532 4541 etiam
558 4491 612 4539 et
635 4481 998 4544 Theodorum,
1023 4479 1115 4549 qui
1142 4477 1316 4532 dictus
1343 4483 1426 4532 est
1451 4474 1744 4541 Crithinus,

176 4590 328 4646 quem
359 4586 415 4630 et
441 4575 559 4630 haec
577 4581 765 4630 sancta
798 4578 851 4624 et
871 4567 1322 4649 magnasynodus
1343 4579 1668 4629 convocans,
1698 4572 1753 4619 et

176 4666 518 4738 redarguens,
558 4676 754 4735 magna
807 4674 937 4713 voce
984 4656 1267 4712 anathema
1320 4654 1485 4725 ipsius
1531 4653 1751 4711 auribus

175 4757 396 4813 intulit:
440 4754 606 4810 simili
663 4766 881 4823 quoque
926 4748 1086 4803 modo
1134 4745 1649 4802 anathematizamus
1695 4751 1749 4800 et

175 4864 354 4907 omnes
384 4854 783 4905 consentaneas
829 4852 883 4898 et
926 4840 1167 4895 fautores
1218 4852 1429 4904 eorum,
1477 4852 1507 4890 a
1555 4837 1749 4907 quibus

176 4944 448 5000 dicebatur
503 4938 646 5010 quod
707 4950 889 4992 sermo
938 4933 1132 4988 divinae
1198 4928 1596 4987 incarnationis
1652 4943 1750 4999 per

250 5090 273 5115 ε
304 5075 571 5128 Maximus
597 5068 827 5143 egregie
858 5067 1154 5143 Honorium
1186 5078 1384 5143 papam
1417 5061 1752 5143 defendit_iu

187 5148 524 5213 dialogorum
549 5132 786 5214 Pyrrho,
818 5147 878 5192 ut
895 5137 1095 5193 dictum
1122 5132 1205 5193 est
1228 5132 1348 5205 sup.
1373 5135 1429 5190 in
1452 5150 1504 5189 vt
1523 5132 1752 5205 synodo,

180 5219 720 5352 κζῖιῖςένὶριὶὁὶιενη.
787 5277 956 5352 Omne
995 5279 1511 5352 incircumspectum
1559 5286 1612 5352 et
1648 5274 1758 5328 ins-

178 5355 438 5428 criptibile
461 5346 581 5428 est;
614 5355 763 5408 Deus
805 5348 944 5401 enim
993 5346 1487 5428 incircumscrilmts
1521 5346 1760 5399 existens

310 5426 594 5481 scribitur:
624 5436 737 5476 non
787 5428 958 5452 μ

1852 3286 2088 3341 tenebris
2114 3286 2540 3343 ambulaverunt.
2582 3289 2811 3356 Etenim,
2859 3307 2892 3346 0
2931 3294 3021 3362 qui
3053 3294 3423 3365 derelinquitis

1851 3377 1964 3431 vias
1996 3385 2190 3441 rectas,
2216 3387 2271 3432 et
2294 3379 2579 3435 ambulatis
2614 3381 2665 3434 in
2700 3383 2801 3437 viis
2843 3386 3228 3442 tenebrarum:
3270 3404 3303 3443 ο
3330 3387 3425 3457 qui

1850 3467 2105 3523 lartamini
2136 3471 2189 3523 in
2227 3470 2413 3539 malis,
2448 3480 2502 3528 et
2530 3472 2810 3530 exsultatls
2837 3476 2888 3530 in
2935 3479 3215 3534 eversione
3241 3481 3378 3534 mala
3409 3498 3422 3534 :

1849 3576 2080 3630 quorum
2108 3563 2312 3616 semitze
2333 3579 2511 3633 pravae
2533 3574 2679 3630 sunt,
2709 3573 2763 3620 et
2793 3568 2941 3621 curvi
2968 3583 3185 3639 gressus
3213 3584 3420 3638 eorum,

1850 3653 1911 3706 ut
1942 3652 2098 3724 longe
2129 3652 2330 3707 faciant
2353 3668 2383 3707 a
2408 3654 2491 3708 via
2530 3664 2698 3722 recta,
2728 3664 2781 3711 et
2807 3657 3010 3713 alienos
3052 3675 3080 3713 a
3122 3659 3266 3728 justa
3308 3677 3426 3716 sen-

1852 3743 2038 3796 tentia.
2073 3742 2140 3796 Et
2185 3758 2370 3798 rursus
2399 3762 2411 3798 :
2444 3744 2597 3812 Quia
2622 3755 2780 3802 vento
2824 3759 3073 3818 corrupta
3122 3752 3425 3808 seminave—

1848 3841 1994 3899 runt,
2027 3842 2081 3888 et
2104 3835 2312 3889 eversio
2334 3850 2517 3890 eorum
2542 3839 2886 3908 excepiteam
2919 3841 3062 3912 (05c.
3088 3844 3226 3913 vni).
3247 3844 3312 3899 Et
3334 3846 3429 3900 ite-

1848 3922 2010 3978 rum:
2059 3923 2158 3990 Qui
2212 3925 2458 3980 innititur
2496 3931 2814 3993 mendaciis,
2866 3930 2955 3987 hic
3008 3942 3189 4003 pascet
3243 3946 3428 3990 ventos

1848 4010 2032 4082 (Prov.
2064 4014 2139 4084 χ).
2170 4013 2314 4069 Idem
2354 4027 2533 4071 autem
2573 4020 2686 4088 ipse
2716 4031 3070 4091 persequetur
3096 4038 3222 4079 aves
3249 4025 3430 4080 volan-

1852 4112 1960 4170 tes;
1997 4105 2318 4176 dereliuquit
2339 4110 2480 4163 enim
2506 4109 2624 4164 vias
2647 4111 2817 4165 vineae
2839 4125 2971 4178 sum,
3008 4113 3062 4167 in
3086 4114 3222 4169 axiis
3249 4124 3425 4169 aut-au

1848 4198 1962 4268 agri
1986 4199 2068 4253 sui
2094 4208 2278 4253 errat:
2325 4200 2798 4257 deambulatenim
2840 4217 2940 4275 per
2977 4204 3292 4275 inaquosum
3339 4208 3431 4260 de—

1847 4296 2072 4354 sertum,
2101 4297 2158 4344 et
2188 4298 2385 4345 terram
2410 4300 2688 4347 extensam
2714 4294 2766 4348 in
2791 4294 2901 4361 siti,
2930 4290 3222 4368 congregat
3248 4308 3426 4353 autem

1850 4374 1904 4431 in
1937 4379 2188 4435 manibus
2208 4380 2320 4435 suis
2344 4380 2684 4437 sterilitatem
2715 4398 2729 4438 :
2762 4394 2982 4456 propter
3004 4387 3144 4457 quod
3177 4388 3273 4441 hos
3309 4400 3428 4442 om-

1856 4484 1952 4527 nes
1995 4473 2313 4529 transmittit
2357 4473 2720 4540 anathemati,
2767 4485 2822 4531 et
2867 4478 3231 4533 dinumeratas
3277 4479 3429 4533 nobis

1860 4571 2074 4618 sanctas
2102 4572 2157 4618 et
2184 4563 2518 4618 universales
2543 4574 2748 4633 septem
2779 4566 3015 4634 synodos
3050 4566 3315 4635 recipiens
3335 4607 3348 4630 ,
3376 4575 3432 4621 ct

1857 4652 1995 4707 hanc
2029 4663 2274 4708 octavam
2296 4652 2655 4709 univcrsalem
2678 4655 2938 4727 synodum
2966 4656 3309 4727 congregavit
3338 4671 3431 4723 per

1856 4742 2085 4815 gratiam
2127 4741 2509 4812 omnipotentis
2537 4742 2740 4800 Christi
2770 4752 2826 4800 et
2858 4744 2954 4801 Dei
2986 4746 3150 4800 nostri
3180 4787 3192 4809 ,
3219 4754 3272 4799 et
3319 4746 3432 4813 pie-’-

1857 4843 2023 4890 tatem
2055 4850 2117 4893 ac
2147 4835 2380 4892 studium
2412 4834 3431 4907 tranquillissimietdivinitusroborati

1856 4928 2200 4999 imperatoris
2226 4930 2392 4986 nostri
2410 4970 2424 4996 ,
2457 4930 2524 4986 ad
2555 4931 2909 4991 excidendum
2937 4942 2992 4987 et
3022 4928 3434 5002 disperdendum

1860 5059 2003 5132 quod
2028 5059 2341 5132 scriptibile,
2363 5060 2506 5132 sicut
2531 5061 2597 5117 de
2625 5064 2804 5120 anima
2836 5061 3069 5118 hominis
3097 5072 3150 5117 et
3174 5058 3441 5116 similibus

1862 5129 2198 5187 Sentienduin
2226 5143 2333 5187 est.
2366 5129 2522 5185 Eutr.
2557 5132 2701 5190 Rom.

1936 5211 1958 5237 ε
1993 5200 2323 5272 Stercoralis.
2355 5199 2684 5261 Stercoralis
2699 5199 2930 5272 nominis
2949 5203 3291 5272 prmsulalum
3317 5195 3447 5272 ideo

1867 5269 2103 5338 appellat
2145 5273 2241 5326 hos
2270 5273 2754 5342 quosnominavit,
2780 5271 2908 5342 quia
2934 5261 3056 5328 cum
3085 5279 3265 5330 essent
3309 5261 3441 5318 Coni

1869 5342 2092 5418 stantini
2118 5338 2456 5409 imperatoris
2475 5377 2489 5401 ,
2523 5344 2617 5408 qui
2658 5341 2933 5413 dicebatur
2954 5344 3281 5421 Caballinus,
3304 5345 3441 5421 plc‘llj'

3304 5403 3450 5434 (nam.
