3960 5448
494 381 592 438 167

1664 377 2025 435 ANASTASII
2066 376 2608 440 BIBLIOTHECARII

3644 387 3742 444 168

490 510 589 568 per
619 508 714 550 eas
737 501 952 548 exortas
977 494 1294 565 propagines
1329 493 1622 563 iujustitiae,
1646 508 1712 549 ac
1743 494 1956 564 iniquos
1984 493 2067 546 ni-
2095 497 2144 557 Α
2174 490 2322 557 loco,
2371 492 2649 548 Nicolaum
2692 493 3063 551 beatissimum
3093 504 3148 551 ct
3179 496 3566 570 pherouymum
3594 501 3623 541 δ
3652 516 3743 570 pa-

491 602 584 643 sus
613 602 705 642 seu
746 585 1143 655 promotiones,
1183 588 1249 642 ad
1278 586 1614 641 eiliciendum
1656 586 1933 656 paciﬁcum
1966 586 2064 641 Ec-

490 679 669 737 clesiae
696 679 939 734 ordinem
970 687 1025 734 et
1053 678 1200 734 orbis
1233 677 1601 735 stabilitatem.
1624 678 1740 733 Non
1775 679 1917 733 enim
1947 679 2064 734 sola

487 786 742 827 verorum
772 771 1078 843 dogmatum
1105 770 1334 840 privatio
1363 772 1510 827 novit
1535 771 1764 842 perdere
1784 769 1924 826 male
1942 772 2064 842 opi-

489 869 705 927 nantes,
738 869 794 917 et
842 860 1153 916 tumultuari
1184 875 1249 916 ac
1294 861 1516 916 turbare
1541 860 1984 928 Ecclesiam,sed
2009 870 2064 918 et

488 950 789 1007 divinorum
837 952 1209 1007 mandatorum
1242 953 1734 1022 praevaricationes
1792 953 2063 1010 nihilomi-

488 1060 592 1099 nus
619 1044 861 1099 eamdem
887 1043 1242 1113 perditionem
1269 1059 1377 1099 non
1404 1043 1751 1115 vigilantibus
1793 1044 2061 1111 excitant,

487 1142 542 1190 ct
574 1142 705 1188 aestu
736 1148 800 1188 ac
839 1131 1088 1189 ﬂuctibus
1118 1132 1343 1204 implent
1376 1134 1562 1188 orbem
1609 1134 1700 1202 qui
1740 1133 1939 1189 Christi
1970 1149 2066 1204 ap-

486 1227 772 1298 pellatione
814 1236 1136 1283 censentur:
1182 1228 1324 1297 quod
1350 1228 1514 1283 etiam
1549 1236 1605 1283 et
1632 1242 1727 1298 per
1756 1226 1931 1282 Photii
1962 1228 2065 1282 mi-

487 1319 590 1374 s’eri
609 1319 966 1389 insipientiam
982 1327 1036 1375 et
1049 1320 1301 1375 astutiam
1317 1330 1371 1375 et
1384 1320 1671 1391 malignam
1690 1320 2062 1390 operationem

485 1425 582 1481 per
611 1411 865 1467 instantia
915 1419 1156 1481 tempora
1197 1410 1398 1467 factum
1429 1419 1534 1476 est,
1568 1410 1658 1480 qui
1700 1425 1805 1464 non
1851 1425 1948 1480 per
1976 1425 2064 1466 os-

488 1499 644 1564 tium,
676 1501 770 1555 sed
798 1516 897 1570 per
923 1484 1215 1555 fenesiram
1241 1500 1294 1554 in
1318 1498 1528 1555 caulam
1552 1499 1825 1570 ingressus
1858 1500 2062 1566 ovium,

485 1591 640 1662 quasi
669 1590 755 1645 fur
783 1598 839 1646 et
875 1590 1032 1657 latro,
1060 1590 1359 1646 animarum
1391 1599 1687 1662 grassator,
1717 1590 2064 1661 quemadmo—

487 1682 610 1737 dum
643 1682 951 1737 Dominicus
1000 1695 1178 1736 sermo
1216 1680 1497 1752 designat,
1544 1681 1690 1735 omni
1733 1691 1973 1751 tempore
2000 1695 2065 1736 ac

485 1772 632 1826 omni
664 1770 977 1827 fortitudine
1000 1770 1170 1825 furari
1195 1779 1250 1825 et
1272 1780 1510 1826 mactare
1545 1785 1609 1825 ac
1645 1770 1872 1840 perdere
1899 1771 2065 1826 ratio-

2169 597 2294 651 pum
2326 583 2553 636 senioris
2584 583 2767 638 Roma:
2797 584 3077 640 desursum
3103 588 3271 653 misit,
3298 591 3387 657 qui
3413 590 3613 659 jaculis
3641 593 3750 662 epi-

2174 673 2432 732 stularum
2478 691 2696 729 suarum
2724 685 2885 745 atque
2911 678 3195 733 verborum
3222 689 3275 734 et
3305 680 3484 736 l’hotii
3513 680 3747 739 fautores

2167 763 2442 835 principes
2468 780 2533 823 ac
2558 775 2806 835 potentes
2838 769 3086 839 perculit,
3130 780 3185 826 et
3225 785 3380 826 versa
3408 772 3525 828 vice
3555 776 3748 830 veteris

2169 855 2433 925 historiae,
2476 860 2929 928 quemadmodum
2958 860 3186 917 alterum
3221 865 3508 933 quemdam
3552 863 3750 919 Madia~

2171 945 2342 1004 nitam
2365 947 2616 1004 Photium
2641 965 2763 1005 cum
2785 950 3087 1009 Israelitide
3110 952 3339 1009 ecclesia
3366 954 3748 1022 maecbantem,

2169 1041 2464 1097 secundum
2509 1041 2833 1109 zelatorem,
2882 1043 3143 1112 Phinees,
3193 1047 3442 1102 veritatis
3496 1060 3751 1103 mucrone

2170 1138 2418 1207 pupugit,
2456 1146 2510 1192 et
2545 1139 2978 1208 acquiescentem
3018 1140 3257 1195 remedia
3297 1141 3639 1196 medicinalis
3675 1140 3751 1195 di-

2169 1227 2411 1299 sciplinae
2448 1230 2724 1301 Suscipere
2764 1231 2832 1285 ad
2872 1230 3119 1285 adulterii
3150 1232 3390 1289 vulneris
3429 1234 3744 1297 sanitatem,

2169 1330 2226 1377 et
2270 1322 2580 1379 cicatricem
2630 1322 3089 1401 consequendam,
3135 1324 3295 1379 etiam
3338 1325 3558 1394 penitus
3588 1324 3747 1379 inter-

2167 1412 2299 1467 fecit
2341 1428 2356 1465 :
2400 1421 2560 1482 atque
2603 1428 2724 1466 cum
2781 1411 3065 1481 conjuncta
3115 1413 3166 1469 ei
3215 1413 3370 1483 quasi
3426 1412 3751 1469 sacerdotali

2170 1502 2434 1574 dignitate
2457 1517 2556 1575 per
2584 1503 2896 1566 anathema,
2931 1512 2990 1557 ut
3014 1503 3153 1557 alter
3177 1502 3371 1559 Petrus
3398 1504 3670 1559 Ananiam
3699 1516 3753 1560 et

2172 1589 2519 1661 Sapphiram,
2565 1590 2655 1661 qui
2704 1590 2882 1645 divina
2915 1589 3079 1645 furati
3112 1599 3257 1657 sunt,
3289 1592 3453 1646 morti
3490 1594 3750 1649 transmi-

2170 1683 2239 1737 sit
2288 1680 2427 1751 (Act.
2452 1681 2527 1753 v).
2576 1681 2744 1752 Hujus
2771 1689 2952 1736 autem
2991 1681 3392 1738 definitionibus
3425 1698 3489 1737 ac
3515 1682 3752 1740 decretis

2170 1771 2386 1828 innixus
2407 1772 2680 1843 piissimus
2699 1781 2755 1827 et
2775 1771 2977 1828 Christi
3001 1772 3208 1827 amicus
3231 1773 3526 1843 imperator
3545 1784 3747 1841 noster,

484 1860 691 1916 nabiles
718 1844 949 1930 pecudes
971 1860 1173 1916 Christi
1204 1861 1450 1927 tentavit,
1478 1860 1782 1932 multasque
1808 1876 2064 1933 persecu-
2093 1848 2140 1908 Β
2168 1877 2327 1933 quem
2363 1863 2602 1918 caelestis
2629 1862 2924 1933 imperator
2956 1869 3013 1918 et
3054 1864 3305 1919 dominus
3348 1862 3654 1931 inajestatis
3696 1866 3750 1920 in

484 1953 657 2008 tiones
682 1969 932 2024 operans,
963 1954 1145 2025 plures
1172 1955 1465 2023 custodias,
1499 1964 1553 2012 et
1581 1972 1849 2024 carceres,
1879 1973 1943 2013 ac
1979 1973 2065 2014 re-

481 2060 602 2101 rum
632 2046 1053 2118 publicationes,
1102 2057 1262 2118 atque
1306 2048 1646 2121 longissimos
1691 2049 2064 2116 exsulatus,ct

484 2156 647 2212 super
672 2142 788 2198 inec
815 2141 1240 2200 insimulationes
1259 2184 1275 2210 ,
1304 2144 1399 2200 sed
1430 2143 1804 2200 accusationes
1828 2154 1883 2198 et
1915 2143 2065 2200 falsi-

482 2233 664 2302 loquia
693 2241 747 2289 et
770 2233 1093 2305 scriptiones
1122 2236 1305 2303 lictas,
1341 2245 1532 2292 contra
1565 2251 1753 2291 omnes
1795 2237 2063 2294 zelatores

481 2321 733 2392 pietatis,
789 2331 846 2378 et
894 2332 1320 2396 propugnatores
1363 2326 1647 2392 veritatis,
1694 2337 2063 2383 commentan-

482 2410 594 2479 do,
647 2428 754 2468 non
812 2413 1017 2469 destitit
1064 2413 1421 2484 iustissimum
1472 2417 1722 2473 videlicet
1779 2426 1835 2472 et
1890 2416 2064 2490 legiti-

483 2522 629 2560 mum
660 2516 821 2576 atque
866 2508 1185 2569 canonicum
1222 2504 1492 2565 summum
1545 2510 1879 2566 sacerdotem
1923 2511 2063 2570 Con-

484 2596 1078 2666 stantinopolitanoruni
1130 2598 1413 2663 Ecclesiae,
1469 2600 1866 2656 sanctissimum
1917 2602 2063 2657 scili-

483 2695 568 2743 cet
626 2687 987 2758 patriztmlnm
1040 2687 1461 2759 lgnatiumfnt
1507 2689 1642 2766 alter
1692 2690 1910 2759 quidam
1965 2688 2062 2746 Sec

478 2791 643 2833 verus
669 2792 763 2834 seu
807 2779 1125 2847 Dioscorus,
1172 2780 1440 2851 expellere
1475 2781 1832 2846 machinans,
1878 2789 1932 2836 et
1974 2781 2058 2839 in-

484 2876 599 2922 star
626 2867 849 2925 latronis
881 2870 1109 2927 adulteri
1144 2871 1324 2927 sedem
1356 2872 1496 2928 illius
1524 2872 1804 2937 invadens,
1838 2880 1891 2927 et
1914 2872 2061 2929 mille

485 2962 823 3029 depositoriis
850 2964 1134 3019 sententiis
1168 2979 1232 3018 ac
1260 2964 1480 3020 totidem
1523 2966 1955 3020 anathematibus
1982 2965 2062 3018 af-

484 3049 635 3105 fatim
674 3068 795 3108 eum
836 3054 1186 3118 submittens,
1231 3063 1391 3123 atque
1433 3055 1724 3109 multifaria
1770 3056 2059 3126 multisque

483 3143 658 3198 modis
703 3145 1058 3201 incessantem
1114 3146 1473 3201 turbationem
1517 3155 1572 3201 et
1607 3155 1798 3201 aestum
1849 3148 2059 3202 cunctis

484 3233 683 3290 Christi
711 3243 766 3288 et
794 3234 1086 3290 Salvatoris
1130 3236 1299 3290 nostri
1346 3237 1591 3292 ecclesiis
1640 3238 1903 3292 excitans.
1956 3236 2058 3292 Ve-

482 3331 786 3377 rumtamen
820 3339 927 3379 non
958 3332 1041 3378 est
1066 3323 1387 3379 infatuatum
1419 3325 1497 3378 sal
1527 3333 1700 3391 terrae,
1739 3341 1912 3396 neque
1939 3341 2061 3381 ocu-

481 3413 567 3468 lus
592 3413 844 3469 Ecclesia:
887 3416 1101 3484 penitus
1135 3415 1540 3480 extenebratus,
1569 3430 1742 3484 neque
1772 3412 2059 3481 luminare,

485 3504 706 3562 malitia:
766 3507 1062 3574 spiritibus,
1112 3507 1332 3576 pietatis
1368 3506 1695 3560 exstinctum
1724 3515 1836 3571 est;
1887 3521 2058 3575 neque

481 3597 622 3667 ignis
658 3596 853 3652 divina:
890 3597 1171 3652 charitatis
1199 3597 1662 3667 consumptoriam
1684 3604 1740 3650 et
1764 3597 2053 3651 incenden-

480 3694 588 3742 tem
626 3687 996 3757 0perationem
1035 3687 1328 3758 peccabilis
1361 3697 1418 3742 et
1444 3674 1578 3742 levis
1612 3686 1852 3741 materia:
1880 3686 2058 3756 perdi-

480 3774 580 3841 dit,
630 3790 804 3845 neque
853 3788 1031 3829 sermo
1080 3776 1314 3838 Domini,
1368 3777 1456 3845 qui
1506 3784 1588 3830 est
1622 3776 1831 3830 acutior
1880 3774 2056 3845 gladio

480 3863 727 3934 ancipiti,
765 3871 820 3918 et
865 3864 1252 3934 cogitationum
1283 3865 1569 3930 discretor,
1601 3863 1844 3919 ineilicax
1870 3864 2057 3918 inven-

482 3962 570 4009 tus
597 3962 702 4019 est,
749 3968 923 4022 neque
965 3952 1145 4008 solida:
1172 3962 1339 4021 petrae
1370 3951 1776 4009 fundamentum
1803 3951 2056 4006 collusio-

477 4044 640 4101 nibus
689 4044 768 4099 vel
820 4044 1256 4099 inundationibus
1310 4044 1588 4099 ﬂuminum
1639 4054 1692 4099 ct
1745 4043 2050 4113 pluviarum

477 4136 783 4192 demersum
812 4134 1072 4200 concidit;
1111 4135 1202 4188 sed
1228 4135 1360 4204 lapis
1381 4136 1654 4205 angularis
1679 4145 1733 4190 et
1761 4136 2048 4206 pretiosus,

478 4224 573 4295 qui
617 4223 669 4278 in
709 4222 861 4289 Sion,
895 4223 945 4277 id
974 4232 1057 4278 est
1082 4226 1132 4278 in
1164 4225 1404 4280 Ecclesia
1429 4235 1635 4295 positus
1662 4266 1679 4291 ,
1708 4242 1867 4297 super
1891 4242 2050 4297 quem

479 4313 888 4369 fundamentum
925 4315 1285 4383 apostolorum
1315 4325 1370 4369 et
1397 4317 1780 4386 prophetarum
1807 4318 1858 4371 iu
1884 4318 2050 4372 :cdili-

480 4405 747 4458 cntionem
774 4403 1024 4459 Ecclesiae
1051 4405 1285 4474 positum
1312 4416 1415 4471 est,
1450 4406 1645 4463 multos
1674 4408 1889 4478 quidem
1916 4408 2048 4463 alios

477 4497 534 4551 in
568 4496 914 4567 generatione
942 4505 1125 4551 nostra
1151 4498 1329 4553 emisit
1357 4497 1615 4554 volubiles
1650 4498 1852 4569 lapides
1886 4514 2047 4569 super

479 4593 698 4648 terram,
737 4593 794 4638 ut
819 4584 1079 4654 propheta
1105 4584 1235 4640 dicit
1260 4598 1305 4649 α,
1342 4587 1410 4642 ab
1434 4587 1581 4641 omni
1602 4588 1787 4641 ordine
1818 4585 2043 4656 catalogi

476 4676 832 4731 ecclesiastici
864 4677 1102 4730 etiamin
1130 4687 1383 4747 regnante
1413 4679 1563 4744 urbe,
1592 4694 1656 4734 ac
1684 4678 1854 4734 Roma
1884 4694 2042 4744 nova,

476 4765 873 4836 confringentes
910 4766 1114 4819 scilicet
1150 4779 1204 4821 et
1244 4778 1582 4823 couterentes
1613 4769 2043 4823 machinamenta

475 4872 662 4911 eorum
689 4857 777 4926 qui
806 4857 1090 4912 devastare
1118 4859 1395 4912 veritatem
1425 4868 1480 4913 et
1506 4859 1741 4913 divinam
1778 4859 2043 4929 justitiam

476 4948 763 5003 voluerunt
804 4956 858 5003 et
900 4958 1237 5002 teutaveruut
1267 4966 1280 5001 :
1312 4950 1487 5017 potius
1511 4961 1685 5004 autem
1713 4961 1874 5020 atque
1903 4967 2041 5019 prae-

475 5037 633 5106 cipue
663 5038 827 5091 veluti
867 5038 1153 5107 quemdam
1190 5036 1416 5090 alterum
1458 5037 1767 5108 angularem
1812 5039 2041 5108 lapidem

479 5125 621 5181 illius
649 5114 1044 5193 quodaminodo
1070 5137 1502 5192 conservantcm,
1525 5138 1783 5197 quantttm
1812 5128 1925 5181 lieri
1950 5142 2044 5197 po-

803 5217 812 5229 ’
891 5217 902 5230 ’
1040 5219 1443 5272 tsimilitudinem
1492 5229 1676 5274 ιιηιιιω
1708 5220 1882 5272 Pharii
1915 5235 2040 5268 nm-

2165 1955 2393 2011 salutem
2435 1954 2584 2010 orbis
2630 1962 2895 2010 terrarum
2925 1954 3122 2022 erexit,
3149 1953 3342 2011 Photio
3372 1956 3595 2025 quidem
3621 1970 3752 2011 con-

2164 2045 2474 2100 venientem
2506 2044 2815 2113 impartitus
2841 2053 2927 2101 est
2953 2044 3161 2111 locum;
3193 2045 3598 2100 sanctissimum
3621 2060 3751 2101 vero

2164 2135 2527 2205 patriarcham
2566 2133 2832 2205 lgnatium
2873 2134 2941 2189 ad
2986 2135 3239 2189 thronum
3268 2135 3548 2205 proprium
3590 2149 3751 2191 revo-

2166 2224 2336 2289 cavit;
2364 2238 2527 2293 porro
2550 2223 2619 2279 ad
2643 2223 2939 2294 perfectam
2963 2224 3343 2295 discretionem
3363 2232 3419 2280 et
3447 2225 3753 2282 distinctio-

2166 2332 2287 2372 nem
2315 2314 2432 2386 ejus
2457 2316 2599 2387 quod
2626 2317 2826 2372 bonum
2871 2331 2993 2371 esse
3035 2324 3271 2383 constat,
3300 2326 3355 2373 et
3381 2317 3625 2386 expedit.
3656 2315 3752 2373 Vi-

2164 2406 2342 2461 carios
2392 2405 2558 2460 etiam
2610 2421 2677 2461 ex
2721 2407 2970 2462 omnibus
3014 2406 3469 2477 patriarchalibus
3511 2408 3747 2476 tbronis,

2163 2508 2373 2548 necnon
2399 2503 2454 2549 ct
2482 2509 2697 2550 onmem
2744 2496 3120 2566 episcoporum
3161 2497 3490 2568 catalogum,
3516 2499 3617 2569 qui
3648 2500 3749 2555 sub

2162 2591 2427 2654 potestate
2449 2599 2547 2638 sua
2566 2584 2729 2652 degit,
2754 2585 2808 2639 in
2832 2584 3063 2656 idipsum
3089 2584 3305 2657 collegit
3329 2600 3343 2640 :
3367 2586 3462 2656 qui
3487 2587 3748 2645 videlicet

2163 2673 2542 2729 convenientes
2569 2688 2819 2744 magnam
2849 2673 2990 2729 hanc
3017 2683 3071 2730 et
3103 2672 3467 2732 universalem
3494 2676 3747 2733 celebra-

2162 2768 2338 2823 vimus
2372 2768 2736 2839 syuodumuet
2762 2782 2886 2823 cum
2916 2767 3083 2825 multo
3119 2769 3380 2826 scrutinio
3410 2812 3425 2837 ,
3456 2779 3513 2827 et
3538 2773 3743 2841 proba-

2162 2856 2329 2922 tione,
2355 2866 2517 2928 atque
2542 2866 2791 2923 tractatu,
2821 2857 3073 2914 delimate
3092 2873 3157 2914 ac
3178 2859 3567 2916 convenienter
3589 2877 3746 2918 scan-

2166 2948 2410 3003 dalorum
2457 2959 2512 3004 et
2563 2949 2891 3003 zizaniorum
2924 2950 3154 3016 radices,
3201 2966 3309 3006 una
3338 2967 3459 3008 cum
3483 2954 3746 3023 germini-

2163 3042 2284 3107 bus,
2334 3042 2510 3112 gladio
2544 3041 2765 3111 spiritus
2793 3042 3114 3108 excidimus,
3149 3044 3416 3100 insontem
3448 3046 3656 3100 scilicet
3688 3056 3745 3101 et

2163 3132 2562 3187 sanctissimum
2584 3133 2947 3202 patriarcbaiu
2971 3132 3232 3204 lgnatium
3257 3134 3310 3188 in
3330 3134 3537 3205 proprii
3559 3136 3743 3193 throni

2164 3221 2383 3274 cardine
2414 3221 2747 3277 stabilientes
2772 3261 2787 3286 ,
2821 3232 2874 3277 et
2900 3221 3149 3277 Photium
3182 3238 3525 3293 pervaserem
3576 3236 3744 3296 atque

2165 3312 2464 3366 adulterum
2494 3328 2614 3367 eum
2637 3314 2888 3368 omnibus
2919 3315 3237 3383 sequacibus
3263 3316 3377 3370 suis
3399 3324 3456 3371 et
3484 3320 3743 3388 nequitia

2163 3400 2466 3457 {ardoribus
2496 3404 2938 3460 condemnantes.
2976 3404 3114 3460 Dicit
3152 3406 3294 3460 enim
3337 3407 3575 3477 quodam
3621 3411 3742 3465 loco

2157 3507 2254 3566 per
2298 3499 2571 3566 propheta:
2613 3510 2802 3555 v0cem
2852 3492 3226 3552 universorum
3277 3498 3417 3553 Deus
3456 3515 3470 3550 :
3513 3496 3743 3571 Propter

2156 3587 2390 3642 malitias
2440 3589 2864 3645 adinventionum
2905 3606 3122 3645 suarum
3164 3591 3228 3645 de
3276 3592 3429 3645 domo
3475 3607 3596 3647 mea
3640 3594 3739 3663 eji-

2157 3676 2292 3730 ciam
2328 3693 2450 3743 eos;
2497 3687 2543 3733 et
2585 3678 2725 3733 ultra
2758 3696 2859 3733 non
2885 3680 3103 3745 addam,
3143 3681 3201 3735 itt
3241 3679 3457 3751 diligant
3491 3699 3604 3737 eos.
3631 3683 3741 3737 Do-

2158 3768 2253 3820 luit
2284 3767 2560 3838 Epliraim,
2609 3771 2811 3825 radices
2848 3788 2971 3825 suas
3009 3772 3174 3835 aruit,
3207 3770 3435 3838 fructum
3465 3772 3612 3827 ultra
3633 3789 3737 3828 non

2155 3858 2332 3927 afferet
2385 3858 2539 3931 (Ose.
2594 3860 2711 3930 Ix).
2758 3860 2828 3914 Et
2870 3862 3066 3916 iterum
3110 3877 3125 3914 :
3168 3859 3422 3916 Chanaan
3469 3862 3528 3915 in
3572 3879 3735 3917 manu

2151 3952 2266 4019 ejus
2314 3961 2508 4005 statera
2555 3951 2851 4020 injustitiw,
2898 3953 2999 4006 vim
3038 3952 3232 4021 inferre
3261 3952 3557 4007 dilexitnt
3602 3954 3736 4009 diu"!

2154 4040 2408 4110 [ip/traim
2438 4056 2457 4094 :
2514 4040 2882 4096 Verumtamen
2934 4042 3074 4097 dives
3128 4042 3300 4111 factus
3349 4059 3508 4107 sum,
3561 4044 3733 4099 inveni

2154 4132 2481 4201 refrigerium
2545 4132 2693 4185 mihi.
2757 4130 2949 4185 Omnes
3011 4131 3215 4186 labores
3266 4132 3381 4202 ejus
3434 4148 3538 4187 non
3595 4135 3735 4188 inve-

2152 4223 2348 4276 nientes
2366 4231 2411 4275 et
2440 4231 2647 4291 propter
2668 4222 2975 4291 injustilias,
2996 4238 3127 4293 quas
3158 4222 3383 4291 peccavit
3422 4222 3569 4294 (Οςε.
3604 4224 3727 4295 xu).

2151 4311 2218 4366 Et
2243 4313 2473 4367 iterum:
2519 4312 2583 4366 Et
2629 4314 3007 4367 lurreditabunt
3060 4315 3246 4367 domus
3294 4314 3459 4368 Jacob
3504 4331 3595 4370 eos
3643 4317 3735 4387 qui

2149 4403 2451 4458 haereditate
2481 4413 2781 4473 recuperant
2811 4420 2897 4459 eos
2922 4417 2938 4455 :
2965 4412 3012 4458 et
3048 4405 3142 4457 erit
3162 4404 3349 4457 domus
3376 4402 3545 4457 Iacob
3572 4406 3730 4474 ignis,

2149 4505 2194 4550 et
2219 4496 2403 4550 domus
2432 4495 2622 4565 Joseplt
2652 4496 2867 4564 ﬂamma
2890 4511 2908 4548 :
2940 4494 3123 4550 domus
3153 4504 3327 4549 autem
3364 4494 3510 4549 Esau
3548 4497 3601 4550 in
3637 4499 3733 4551 sti-

2147 4586 2344 4655 palam,
2374 4595 2420 4639 ει
2444 4586 2777 4640 exat-descent
2816 4586 2872 4641 in
2896 4603 2982 4641 eos
3013 4596 3060 4641 et
3097 4587 3360 4640 comedent
3391 4603 3499 4653 eos,
3541 4596 3590 4642 et
3626 4605 3730 4643 non

2146 4672 2242 4726 erit
2280 4673 2368 4742 qui
2419 4673 2586 4744 ignem
2635 4674 2769 4742 [erat
2824 4675 3004 4729 domui
3063 4674 3232 4742 Esau,
3283 4676 3406 4747 quia
3469 4676 3729 4734 Dominus

2144 4764 2346 4821 locutus
2381 4777 2454 4821 est
2496 4768 2652 4838 (ΑΜ.
2692 4786 2730 4832 ι,
2764 4769 2874 4838 18).
2910 4769 3075 4825 Miser
3097 4786 3326 4841 namque
3354 4772 3581 4828 Photius
3608 4784 3727 4830 erat

2146 4861 2414 4915 veraciter
2445 4872 2501 4916 ut
2530 4861 2691 4916 homo
2724 4864 2817 4932 qui
2849 4879 2954 4919 nou
3001 4864 3180 4934 posuit
3215 4865 3382 4919 Deum
3422 4866 3724 4937 adjutorem

2144 4964 2320 5016 suum,
2360 4952 2453 5005 sed
2488 4952 2723 5021 speravit
2754 4951 2806 5005 in
2835 4954 3173 5009 multitudine
3210 4956 3570 5011 versutiarum
3600 4973 3728 5012 sua-

2146 5054 2285 5103 rum,
2311 5048 2366 5091 et
2393 5040 2669 5108 praevaluit
2698 5040 2751 5093 in
2791 5042 3081 5098 vanitatem
3122 5044 3448 5099 malitiarum
3476 5061 3721 5115 suarum,

2145 5127 2435 5182 secundum
2454 5139 2686 5184 veterem
2713 5130 2857 5184 illum
2882 5132 3159 5202 Ephreim,
3174 5134 3500 5191 discedensa
3527 5137 3723 5193 divinis

2144 5216 2620 5270 illslilicatitmihlts
2644 5234 2658 5272 :
2689 5235 2847 5276 auem
2888 5221 3120 5276 irridens
3148 5230 3204 5276 et
3229 5224 3573 5282 subsauuans
3600 5243 3724 5294 pro-
