3960 5548
1805 361 1905 415 ,εκ

212 477 296 533 169
825 475 1375 540 INTERPRETATIO
1414 483 1662 540 SYNODI
1704 483 1814 540 Vlll
1847 480 2253 539 GENEllALIS.
2298 516 2364 523 —
2403 483 2605 540 ACTIO
2649 483 2689 538 Χ
3295 481 3395 536 170

208 597 387 652 mitius
419 594 580 664 panis,
606 594 693 662 qui
733 610 834 648 non
862 606 1170 658 reversatur,
1200 607 1248 650 et
1287 599 1724 652 manducavcrunt
1753 604 1803 661 Α
1830 615 1922 655 seu
1955 601 2117 655 laicos
2146 602 2692 662 anathematizamus,
2732 613 3008 667 quousque
3039 613 3068 650 a
3106 599 3202 652 sua
3241 599 3398 654 seduo

205 688 333 741 alieni
353 684 688 754 fortitudinem
724 684 859 748 eius.
890 685 1009 753 Ipse
1041 697 1213 740 autent
1253 704 1356 740 non
1389 690 1593 758 agnovit
1622 729 1636 752 ,
1675 699 1725 743 et
1825 696 2006 750 ctione
2033 705 2191 768 atque
2231 695 2429 749 malitia
2466 702 2870 749 convertantur.

206 775 301 830 cani
329 775 638 845 efﬂoruerunt
675 775 740 835 ei,
779 782 828 827 et
860 774 968 842 ipse
996 789 1098 829 non
1126 777 1382 845 cognovit,
1411 786 1457 829 et
1481 776 1726 830 humilia-

204 869 316 921 bitur
329 865 507 934 injuria
529 864 698 918 Israel
721 866 776 918 in
797 864 986 933 faciem
1014 866 1206 934 ipsius,
1227 875 1273 919 et
1298 867 1350 919 in
1377 867 1612 920 omnibus
1645 867 1726 920 liis
1825 847 2054 903 Βαδίίίαδ
2082 847 2344 934 Ρίίδδδηζαε
2381 846 2653 934 εειδίθτίκτί
2689 847 3079 934 τί¹⁷⁸¹ἶ¹³ξί⁸ξξηὲ²⁸⁸
3118 846 3403 916 imImm“

203 971 284 1011 non
303 916 656 1010 est'conuersus
678 954 748 1008 ad
774 916 1054 1009 hominum
1080 954 1242 1009 Deum
1269 973 1441 1010 suum.
1473 956 1724 1026 Ephraim
2213 917 2280 971 ad
2303 927 2536 970 “meum
2561 916 2815 986 {quadam
2841 922 2970 969 dm!
2988 933 3006 970 ³

199 1045 415 1111 columba,
443 1061 473 1099 a
496 1061 673 1099 mensa
699 1043 985 1115 ﬁggptum
1012 1046 1303 1111 invocabat,
1331 1057 1378 1100 et
1402 1047 1456 1100 in
1483 1047 1726 1118 Assyrios
1899 1051 2051 1106 Dicat
2089 1065 2232 1105 nunc
2255 1059 2439 1104 sancta
2471 1059 2524 1104 et
2549 1049 2868 1105 universalis
2900 1050 3136 1120 synodus
3155 1090 3170 1114 ,
3208 1051 3253 1105 si
3279 1065 3403 1105 om-

198 1140 317 1193 ittat:
348 1153 456 1192 cum
490 1135 707 1206 profecti
745 1136 959 1206 fuerint.
993 1137 1272 1192 immittam
1302 1153 1458 1206 super
1485 1154 1570 1192 eos
1620 1148 1726 1191 rete
1825 1143 1984 1199 nibus
2030 1142 2384 1198 sanctissimis
2433 1142 2699 1212 episcopis
2741 1142 3196 1198 concordantibus
3239 1150 3403 1212 atque

195 1246 353 1295 meum,
379 1230 506 1284 sicut
543 1227 776 1283 volatilia
808 1228 952 1295 coeli,
988 1239 1036 1283 et
1075 1230 1336 1284 attraham
1370 1240 1419 1284 et
1446 1232 1726 1299 corripiant
1827 1233 2286 1288 consentientibus
2326 1245 2563 1300 prmsens
2611 1231 2870 1286 terminus
2916 1231 2990 1287 sit
3035 1232 3398 1302 depromplus.

193 1319 333 1374 min
363 1319 676 1374 traditionem
710 1317 1062 1373 tribulationis
1097 1335 1276 1374 eorum
1313 1318 1456 1391 (Ose.
1485 1321 1583 1391 vn)
1615 1339 1626 1375 :
1669 1323 1751 1376 in‘
1825 1320 2046 1390 Oportet
2071 1321 2215 1376 enim
2244 1320 2422 1374 divina
2459 1335 2686 1391 quasque
2723 1335 2844 1375 cum
2883 1321 3252 1380 universorum
3275 1337 3406 1378 con-

193 1420 453 1480 supremam
498 1409 698 1480 quippe
755 1408 1121 1480 arrogantiam
1173 1409 1347 1465 elatus
1397 1419 1481 1466 est
1531 1420 1722 1466 contra
1825 1427 1984 1467 sensu
2020 1419 2075 1466 et
2123 1411 2473 1466 consonantia
2520 1411 2573 1464 in
2617 1410 3003 1467 ecclesiasticis
3039 1413 3315 1482 praedicari
3351 1422 3407 1467 et

192 1499 513 1556 bestiaimum
540 1513 736 1569 papam
777 1497 1057 1555 Nicolaum
1087 1500 1318 1556 senioris
1350 1500 1562 1567 Romae,
1605 1518 1721 1556 ma-
1825 1501 2144 1557 conﬁrmari
2195 1500 2454 1570 collegiis.
2506 1500 2702 1554 Sancta
2753 1501 2989 1570 synodus
3040 1500 3401 1557 exclamavit:

189 1588 298 1644 lilia:
311 1603 704 1654 suat-venenum
727 1589 1006 1646 evomuit:
1037 1598 1092 1645 et
1117 1589 1282 1647 falsos
1301 1591 1533 1648 vicarios
1559 1593 1721 1647 trium
1825 1592 2021 1648 Omnes
2050 1591 2122 1646 ita
2161 1591 2426 1662 sapimus!
2457 1591 2655 1646 Omnes
2684 1592 2756 1646 ita
2785 1592 3167 1662 prtedicamus!
3202 1591 3406 1648 Omnes

190 1678 680 1750 quasiOrientalium
711 1680 918 1737 sedium
940 1696 1295 1754 congregans,
1339 1693 1394 1739 et
1430 1685 1716 1740 concilium
1825 1681 2170 1737 concinentes
2201 1689 2255 1734 et
2281 1679 2681 1735 consentientes
2704 1688 2949 1749 prompte
2979 1680 3399 1736 subscribimus!

187 1774 424 1847 synodale,
449 1785 507 1830 ut
527 1775 842 1846 putabatur,
870 1774 1227 1841 constituens,
1261 1785 1316 1832 et
1343 1787 1719 1833 accusatorum
1825 1773 1938 1828 lloc
1968 1781 2054 1828 est
2090 1773 2334 1827 veritatis
2359 1771 2650 1840 judicium!
2697 1769 2808 1826 Hoc
2837 1781 2920 1826 est
2958 1769 3181 1838 iustitia:
3213 1773 3402 1826 decre-

187 1879 242 1921 sc
258 1865 448 1922 testium
473 1879 805 1935 componens
827 1865 1063 1931 nomina,
1103 1875 1158 1920 et
1182 1881 1441 1937 personas
1467 1883 1530 1924 ac
1557 1868 1720 1924 verba
1824 1865 1968 1919 tum!
2005 1863 2127 1919 llaec
2153 1874 2237 1919 est
2267 1878 2528 1918 canonum
2558 1862 2849 1934 expositio!
2886 1861 3009 1918 llrec
3047 1872 3128 1918 est
3153 1863 3406 1919 ecclesia-

187 1955 551 2028 lormans,qu:e
577 1957 1002 2030 singuliseorum
1017 1959 1173 2028 quasi
1200 1959 1371 2028 aptari
1395 1959 1718 2021 viderentur,
1753 1947 1798 2008 Β
1825 1955 1973 2009 sticae
2018 1954 2372 2009 ordinationis
2416 1953 2683 2008 defensio!
2727 1953 2875 2008 Hanc
2909 1953 3170 2024 synodum
3204 1953 3406 2011 zelatur

185 2049 260 2118 qui
306 2049 354 2104 in
402 2049 660 2120 synodica
695 2047 1025 2119 judicatione
1066 2049 1432 2116 inveniuntur,
1471 2060 1526 2106 et
1569 2053 1725 2121 quasi
1829 2045 1969 2100 Deus
2027 2045 2403 2116 congregavit!
2450 2042 2832 2099 Sanctissimos
2884 2044 3115 2099 vicarios
3171 2044 3405 2099 senioris

187 2146 489 2196 monumenta
560 2139 756 2196 horum
821 2139 991 2196 libros
1049 2137 1322 2196 falsidicos
1370 2139 1615 2213 ﬁngens,
1669 2152 1726 2197 et
1826 2137 2012 2191 Romae
2071 2145 2125 2191 et
2180 2135 2404 2190 aliarum
2464 2135 2623 2188 trium
2689 2133 3130 2205 patriarchalium
3195 2134 3404 2192 sedium

183 2229 409 2297 scribens,
432 2240 598 2302 atque
618 2244 966 2301 componens,
991 2231 1450 2288 anathematizare
1469 2248 1728 2302 praesum-
1827 2227 2086 2281 ultionum
2110 2225 2365 2280 Dominus
2385 2226 2436 2280 in
2464 2225 2692 2298 idipsum
2717 2225 3061 2280 convocavit!
3090 2224 3402 2281 Piissimum

184 2319 272 2389 psit
309 2319 613 2391 praedictum
661 2318 1030 2376 beatissimum
1071 2333 1263 2390 papam
1311 2319 1623 2386 Nicolaum,
1670 2331 1727 2379 ei
1828 2319 2205 2388 imperatorem
2255 2325 2534 2380 nostrum,
2579 2325 2636 2372 et
2683 2317 2937 2371 divinitus
2993 2318 3398 2386 gubernandum

183 2423 339 2466 omnes
364 2409 1045 2480 communicatores'ejus;
1097 2411 1168 2466 ita
1206 2419 1264 2465 ut
1305 2426 1373 2466 ex
1411 2412 1516 2468 hoc
1560 2414 1726 2470 etiam
1825 2405 2100 2461 dominum
2131 2406 2269 2461 Deus
2291 2406 2514 2459 direxit!
2552 2403 2659 2461 Nos
2687 2406 2800 2459 haec
2831 2406 3084 2477 synodica
3114 2405 3400 2478 ligamenta

183 2498 425 2555 universos
437 2499 526 2569 qui
549 2498 657 2554 sub
679 2497 818 2555 cmlo
841 2507 997 2554 erant
1016 2498 1294 2568 pontilices
1315 2507 1370 2554 et
1395 2501 1728 2568 sacerdotes,
1827 2507 1882 2553 et
1915 2497 2202 2568 apostolica
2235 2497 2352 2552 sine
2380 2497 2484 2551 ulla
2514 2498 2860 2552 evacuatione
2888 2498 3254 2553 custodimus!
3282 2497 3401 2557 Non

183 2587 330 2644 idest
369 2597 421 2646 et
463 2597 696 2646 caeteras
741 2588 1129 2659 patriarchales
1176 2590 1361 2655 sedes,
1409 2599 1466 2646 et
1509 2599 1726 2647 omnem
1822 2589 1933 2658 jam
1962 2588 2136 2643 locum
2162 2586 2380 2642 habebit
2407 2589 2650 2658 tyrannis
2685 2601 2871 2641 eorum
2911 2588 3000 2657 qui
3040 2587 3292 2642 Ecclesia:
3319 2589 3404 2642 in-

179 2691 362 2734 sacrum
401 2679 708 2749 catalogum
751 2679 844 2750 qui
885 2679 987 2735 sub
1020 2679 1150 2751 ipsis
1189 2680 1365 2750 degit,
1400 2681 1502 2737 sub
1537 2683 1728 2739 eodem
1819 2679 2016 2748 iuriam
2058 2677 2320 2732 inierunt!
2352 2676 2466 2732 Non
2501 2676 2610 2746 jam
2639 2679 2829 2733 timore
2859 2688 3186 2748 potentatum
3219 2691 3404 2734 tenen-

182 2769 625 2838 comprehenderet
693 2770 1056 2825 anathemate.
1119 2768 1286 2824 Erant
1335 2771 1477 2825 enim
1536 2787 1730 2828 omnes
1830 2772 1961 2826 tium
1989 2772 2171 2826 mundi
2198 2773 2460 2827 violenter
2494 2781 2548 2827 et
2584 2781 2770 2827 coacte
2811 2774 2877 2826 ad
2905 2773 3088 2827 illicita
3121 2772 3395 2826 lahcmur!

180 2854 446 2911 certissime
499 2855 995 2913 communicatores
1043 2856 1249 2926 pralati
1304 2858 1574 2927 pontiﬁcis
1597 2899 1613 2925 ,
1670 2861 1726 2916 in
1829 2862 1954 2918 Hmc
1979 2872 2159 2917 sancta
2187 2871 2243 2917 et
2278 2863 2596 2919 universalis
2631 2865 2864 2934 synodus
2899 2865 3013 2920 sine
3053 2865 3306 2919 seandalo
3333 2865 3402 2919 de

181 2945 342 3013 quibus
377 2960 498 3003 eum
527 2947 715 3019 etqui
751 2962 873 3003 cum
915 2949 1034 3018 ipso
1062 2956 1184 3004 sunt
1223 2951 1568 3020 prepheticus
1613 2967 1732 3011 ser-
1828 2960 2023 3006 caetero
2059 2951 2401 3007 conservabit
2441 2952 2734 3007 Ecclesiam
2766 2968 2860 3024 per
2887 2953 3113 3025 gratiam
3145 2955 3394 3025 omnipo-

178 3050 253 3092 tno
284 3039 600 3110 redarguens
642 3047 702 3094 et
745 3037 1063 3103 dill'amans,
1113 3038 1190 3092 ita
1267 3037 1437 3096 dicit:
1471 3040 1730 3112 Multlpti-
1830 3040 1992 3096 tentis
2017 3041 2110 3096 Dei
2147 3042 2315 3096 nostri
2342 3039 2467 3096 Jesu
2499 3040 2732 3097 Christi!
2762 3043 2955 3098 Multos
2980 3059 3148 3099 annos
3174 3044 3402 3115 impera-

180 3138 420 3196 cavcrunt,
455 3140 512 3184 ut
541 3130 703 3200 impie
725 3138 956 3200 agerent,
983 3140 1030 3185 et
1057 3129 1292 3200 legerunt
1328 3131 1459 3200 foris
1484 3131 1640 3202 legea,
1681 3142 1728 3186 et
1829 3140 2002 3187 torum
2030 3132 2230 3197 Basilii,
2253 3132 2612 3196 Constantini,
2635 3148 2695 3188 ac
2724 3133 2944 3200 Leonis;
2976 3133 3172 3190 multos
3197 3137 3400 3193 annos!

177 3221 501 3280 invocaverunt
541 3223 922 3292 confessionem
951 3224 1088 3296 (Isa.
1116 3226 1249 3296 ιιι).
1289 3225 1353 3282 Ει
1391 3241 1616 3282 rursus:
1661 3224 1727 3280 Et
1828 3222 2006 3278 Basilii
2041 3222 2322 3278 orthodoxi
2351 3221 2693 3292 imperatoris
2716 3223 2911 3277 multos
2950 3226 3150 3281 annos!
3187 3226 3404 3280 Amato-

179 3311 378 3370 meditati
414 3324 539 3370 sunt
579 3316 640 3370 in
668 3315 823 3370 corde
858 3331 952 3370 suo
985 3295 1246 3373 sermones
1281 3316 1528 3387 injustas,
1558 3329 1606 3373 et
1632 3334 1729 3387 po-
1755 3295 1799 3358 Ο
1831 3330 1943 3370 rem
1987 3313 2251 3377 veritatis,
2293 3312 2545 3377 Domine,
2585 3314 2878 3367 conserva!
2925 3312 3312 3370 Renovatorem
3341 3331 3406 3376 ac

177 3414 360 3459 suerunt
391 3414 679 3460 retrorsum
707 3405 992 3474 judicium,
1030 3415 1078 3460 et
1094 3407 1306 3476 justitia
1343 3407 1494 3478 longe
1517 3411 1726 3464 recessit
1829 3404 2106 3460 custodem
2147 3402 2337 3458 divinae
2380 3401 2625 3470 justitizc,
2683 3402 2926 3465 Domine,
2978 3404 3156 3458 mum!
3207 3404 3404 3459 Basilio

175 3489 348 3548 aleis:
373 3494 495 3565 quia
521 3504 835 3565 consumpta
867 3505 942 3549 est
984 3495 1040 3550 in
1079 3495 1173 3550 viis
1213 3511 1391 3550 eorum
1424 3498 1650 3553 veritas:
1677 3507 1727 3552 et
1830 3509 1968 3548 novo
2019 3493 2370 3548 Constantino
2423 3502 2624 3546 aeterna
2680 3493 2976 3546 memoria!
3038 3493 3186 3549 Novo
3223 3494 3401 3550 Theo-

175 3584 368 3648 pervias
397 3595 563 3642 rectas
591 3602 699 3640 non
726 3587 1356 3654 potuerunttransire,et
1394 3588 1581 3643 veritas
1599 3594 1726 3643 sub.
1827 3585 1961 3640 doro
2017 3594 2212 3639 a-terna
2285 3584 2572 3638 memoria!
2645 3581 2791 3637 Novo
2863 3581 3135 3638 Marciano
3197 3593 3399 3639 aeterna

175 3671 266 3726 lata
302 3684 371 3730 est
412 3690 431 3730 :
468 3685 518 3731 et
557 3675 829 3730 transtulit
855 3685 1074 3731 mentem
1107 3691 1280 3743 suam,
1306 3686 1363 3732 ut
1398 3693 1505 3732 non
1538 3677 1731 3733 intelli-
1830 3675 2120 3732 memoria!
2174 3673 2321 3729 Novo
2357 3674 2658 3751 Iustiniano
2712 3683 2911 3729 acterna
2961 3677 3253 3733 memoria!
3295 3677 3405 3731 Eu-

174 3776 308 3831 geret.
335 3766 401 3821 Et
438 3767 532 3839 qui
565 3767 799 3822 declinat
839 3785 871 3821 a
909 3767 1069 3833 malo,
1108 3767 1486 3838 impugnatum
1524 3779 1572 3822 et
1603 3762 1732 3824 vidis
1831 3767 2002 3822 doxiae
2047 3766 2302 3835 piissimae
2349 3766 2604 3837 Augusta:
2633 3767 2835 3824 multos
2887 3770 3092 3824 annos!
3152 3769 3400 3829 Eudoxia

174 3850 426 3920 Dominus,
458 3865 508 3910 et
551 3871 662 3909 non
699 3854 894 3924 placuit
926 3856 1008 3920 ei,
1039 3855 1162 3926 quia
1198 3873 1302 3911 non
1338 3865 1447 3910 erat
1468 3857 1731 3926 judicium
1832 3873 1982 3913 nova:
2007 3857 2189 3912 Judith
2212 3865 2410 3912 aeterna
2437 3857 2731 3912 memoria!
2762 3856 2921 3914 Nova:
2952 3857 3168 3915 Helena:
3202 3870 3404 3916 ceterum

176 3940 356 4015 (ιω).
379 3945 446 4010 Et
473 3960 670 4009 rursus
696 3962 710 3999 :
735 3943 864 4000 Htec
891 3945 1016 4000 dicit
1041 3944 1338 4000 Dominus:
1362 3945 1535 4014 Super
1561 3946 1731 4000 tribus
1831 3948 2121 4005 memoria!
2163 3947 2324 4002 Nova:
2350 3947 2647 4003 Pulcheriaa
2688 3956 2886 4004 aeterna
2915 3941 3224 4005 memoria!
3268 3951 3404 4008 Dens

173 4033 492 4102 inpietatibus
524 4036 715 4103 Iuda,
753 4047 802 4092 et
838 4054 993 4107 super
1029 4047 1256 4108 quatuor
1301 4054 1402 4092 non
1439 4048 1733 4092 convertant
1831 4049 2112 4094 conservet
2153 4039 2436 4110 imperium
2480 4039 2749 4094 vestrum!
2800 4054 2895 4109 per
2946 4057 3042 4096 vos
3087 4043 3406 4101 universalis

173 4139 295 4189 cum,
320 4143 410 4197 pro
437 4145 500 4183 eo
521 4128 670 4198 quod
696 4126 996 4197 repulerunt
1020 4125 1181 4197 legem
1204 4127 1430 4189 Domini,
1457 4137 1504 4180 et
1535 4143 1734 4197 prace-
1832 4131 2069 4188 Ecclesia
2084 4147 2268 4202 pacem
2283 4131 2542 4186 obtinuit!
2560 4131 2816 4202 Princeps
2837 4134 2983 4203 pacis
3000 4135 3137 4190 Deus
3158 4135 3408 4206 paciﬁcet

172 4224 246 4282 pta
265 4217 368 4287 ejus
385 4235 490 4273 non
517 4219 878 4274 custodierunt
908 4219 1087 4291 (Amos
1126 4218 1208 4289 ιι).
1240 4218 1392 4276 Hunc
1425 4219 1606 4290 itaque
1639 4221 1732 4290 qui
1834 4221 2117 4290 imperium
2136 4221 2393 4276 vestrum!
2412 4219 2662 4276 Caelestis
2676 4237 2773 4276 rex
2788 4231 3074 4278 terrestres
3087 4228 3402 4281 conservet!

171 4303 239 4359 sic
261 4306 554 4373 adectavit,
595 4319 655 4364 et
689 4309 884 4364 talibus
910 4324 974 4365 ac
1011 4319 1088 4364 tot
1117 4310 1398 4366 conatibus
1421 4319 1477 4365 et
1515 4313 1730 4367 temeri-
1833 4307 2022 4362 Photio
2049 4296 2280 4363 invasuri
2319 4319 2374 4363 et
2411 4309 2655 4364 adultero
2690 4309 3408 4382 Constantin0politanorum

176 4394 350 4450 tatibus
378 4398 625 4452 turbavit
653 4407 709 4455 et
735 4399 1008 4454 concussit
1038 4406 1204 4454 totam
1232 4411 1474 4459 sanctam
1499 4403 1732 4458 catholl-
1835 4399 2088 4457 Ecclesia:
2140 4399 2460 4455 anathema!
2516 4399 2776 4472 Gregorio
2833 4399 3139 4471 Syracusae,
3199 4412 3256 4459 et
3303 4403 3412 4460 Eu-

175 4496 274 4540 Cam
307 4495 360 4542 et
393 4487 750 4558 apostolicam
799 4488 1125 4554 Ecclesium,
1165 4501 1219 4544 et
1263 4491 1566 4546 nullatenus
1602 4508 1736 4547 con~
1834 4490 2040 4559 sampio
2097 4490 2338 4559 Apamia:
2395 4491 2686 4558 depositis,
2746 4500 2801 4546 et
2849 4493 3097 4548 veritatis
3147 4494 3410 4563 apostatis

175 4574 292 4628 verti
332 4592 393 4633 ac
439 4579 720 4649 poenitere
764 4578 962 4643 voluit,
1011 4595 1186 4651 neque
1232 4581 1386 4636 subdi
1424 4581 1640 4639 decreto
1677 4593 1733 4638 et
1761 4647 1793 4651 _
1835 4588 1890 4634 et
1914 4578 2176 4642 hostibus,
2211 4579 2527 4633 anathema!
2561 4579 2891 4646 Repulerunt
2916 4580 3217 4635 divinarum
3241 4582 3409 4651 justi-

171 4661 345 4730 iudicio
370 4647 690 4732 sanctarum
721 4647 1156 4737 patriarchalium
1197 4672 1402 4726 sedium
1432 4675 1727 4740 consensit,
1760 4647 1808 4705 Β
1840 4671 2145 4727 licationum
2165 4669 2512 4736 agnitionem.
2531 4666 2856 4736 repulitillos
2877 4647 3422 4745 DominuslAdrian:

176 4759 428 4813 “cumet
455 4757 688 4813 multum
715 4769 842 4813 ante
877 4761 1354 4817 anathematizavit
1391 4763 1730 4822 beatissimus
1839 4757 2130 4816 beatissimi
2174 4770 2323 4825 papa:
2362 4755 2588 4812 Romani
2623 4764 2689 4823 et
2736 4766 2937 4812 sancta:
2979 4772 3044 4814 ac
3091 4760 3422 4817 universalis

176 4855 291 4911 papa
311 4845 586 4913 Nicolaus,
614 4863 678 4903 ac
697 4847 889 4903 deinde
911 4864 1190 4906 successor
1219 4851 1334 4920 ejus
1357 4854 1732 4909 sanctissimus
1841 4845 2029 4916 synodi
2077 4844 2320 4915 scptima:
2346 4843 2536 4899 Nicaeae
2562 4844 2798 4904 secundo
2827 4846 3113 4906 celebratae
3142 4849 3422 4909 constitu-

178 4929 418 4992 Atlrianus
463 4952 605 5008 papa
635 4976 650 5002 ,
703 4938 780 4992 ita
818 4946 874 4991 et
917 4950 1101 4996 sancta
1149 4943 1264 4996 haec
1313 4951 1370 4996 et
1416 4943 1731 4998 universalis
1837 4938 1970 4993 toris
1994 4946 2192 4991 teter-na
2222 4935 2512 4994 memoria!
2543 4935 2823 5002 Germani,
2846 4938 3076 5004 Tarasii,
3100 4939 3421 5012 Nicephori,

179 5024 386 5088 synodus
425 5027 774 5096 reprobavit,
812 5036 870 5082 et
914 5032 1198 5088 anathema
1245 5032 1416 5101 magis
1456 5049 1518 5089 ac
1561 5037 1732 5105 magis
1836 5036 1892 5081 et
1947 5025 2208 5098 Methodii.
2265 5023 2649 5082 venerabilium
2714 5025 3144 5094 patriarcharum
3205 5037 3421 5090 aeterna

177 5114 451 5182 mandavit,
500 5117 695 5174 dicens
733 5118 802 5176 ad
835 5132 955 5175 eum
998 5135 1064 5178 ex
1107 5137 1339 5193 persona
1419 5136 1733 5180 cunciomm
1842 5119 2125 5174 memoria.
2168 5116 2368 5174 Nicolai
2418 5117 2713 5173 beatissimi
2761 5131 2914 5185 papae
2959 5120 3192 5179 senioris
3235 5121 3432 5178 Romae

181 5200 258 5259 Dei
301 5221 394 5276 per
445 5210 605 5265 Isaiae
665 5209 940 5278 prophetae
1007 5229 1234 5271 vocem:
1300 5215 1574 5280 Quomodo
1625 5233 1737 5270 υεε..
1841 5216 2044 5263 aeterna
2097 5211 2389 5266 memoria!
2450 5205 2869 5279 Propugnatoris
2915 5211 3168 5268 veritatis
3219 5222 3422 5269 anei-na

181 5295 420 5356 linteatum
465 5300 521 5353 in
571 5300 832 5368 sanguine
868 5301 1252 5373 coinquinatum
1298 5321 1400 5358 non
1445 5306 1543 5358 erit
1586 5321 1737 5357 mun—
1844 5301 2133 5356 memoria!
2186 5300 2414 5357 Adriani
2456 5296 2750 5354 beatissimi
2779 5311 2929 5368 papa:
2963 5300 3191 5360 Romani
3224 5305 3427 5361 multos

181 5387 284 5440 dum
315 5388 446 5458 (Ιω.
473 5391 589 5460 ix),
625 5389 694 5445 ita
721 5403 829 5442 nec
871 5397 920 5441 tu
959 5397 1069 5451 eris
1104 5395 1361 5454 mundus,
1393 5395 1518 5461 quia
1549 5394 1732 5448 Ecvle-
1843 5395 2048 5446 annos!
2081 5393 2268 5462 lgnatii
2295 5386 2628 5448 sanctissimi
2668 5387 2991 5460 patriarcha:
3036 5395 3420 5452 Constantino-

182 5474 292 5526 Siam
319 5477 512 5528 Ch'iS“
546 5477 867 5522 οδηιίονθὲιίίί
939 5492 991 5526 ει
1023 5484 1274 5530 mnsllllm
1307 5482 1514 5526 Πηιηῖίὶῦ
1556 5483 1732 5520 snssllic
1841 5481 2022 5514 halama
2061 5483 2250 5514 nu-llnn
2278 5478 2483 5516 anna-ei
2515 5475 2798 5518 Thmdnaii
2830 5483 3158 5522 annliuimi
3189 5483 3418 5520 nol-inn-
