3960 5508
497 432 595 492 ΓΗ

1633 415 1990 479 ANASTASB
2029 402 2567 473 Binuornscamt

3644 402 3743 463 171

501 557 1061 614 universalisoctavm
1106 553 1293 627 synodi
1322 559 1523 608 {eterna
1550 546 1809 603 memoria
1833 543 1847 597 !
1877 539 2069 597 Pbotio
2095 543 2143 603 Α
2171 551 2202 592 e
2227 536 2404 592 medio
2435 534 2663 599 removit
2694 532 2968 596 Ecclesiae,
3016 527 3283 601 hujusque
3307 526 3457 584 multi
3489 526 3744 596 temporis

496 654 555 707 'et
582 650 845 721 Gregorio
886 664 951 705 ac
996 647 1275 717 Eulampio
1319 643 1509 715 triplici
1557 638 1793 696 funiculo
1819 635 2074 707 nequitias

501 742 815 797 anathema!
846 740 1069 795 Vivitica
1101 737 1337 793 Trinitas
1362 736 1521 790 trium
1552 734 1772 805 typhum
1803 731 2071 801 deposuit.

418 844 421 845 '
499 831 764 890 Omnibus
810 830 1187 887 consentaneis
1235 837 1290 884 et
1342 824 1664 899 sequacibus
1710 839 1897 879 eorum
1946 837 2074 877 ana-

503 924 713 979 thema!
765 923 957 979 Multos
1004 937 1174 977 annos
1204 921 1588 990 imperatorum
1619 915 1824 981 Basilii,
1853 924 1907 970 ct
1937 913 2075 969 Con-

503 1016 747 1081 stantini,
769 1024 825 1071 et
844 1014 1063 1070 Leonis!
1088 1012 1400 1084 Magnorum
1424 1013 1810 1081 imperatorum
1836 1016 1889 1063 et
1909 1007 2076 1062 dicta-

483 1117 681 1165 «torum
731 1107 926 1164 multos
975 1109 1180 1162 annos!
1231 1103 1483 1161 Eudoxiae
1529 1101 1787 1174 piissimae
1825 1098 2077 1169 Augusta:

503 1200 701 1255 multos
732 1202 938 1256 annos!
987 1199 1423 1256 Orthodoxorum
1462 1197 1850 1266 imperatorum
1880 1190 2077 1246 multos

505 1291 711 1349 annos!
764 1293 907 1349 Deus
937 1301 1239 1349 conservet
1285 1290 1568 1361 imperium
1606 1287 1843 1358 ipsorum
1875 1285 1889 1339 !
1921 1283 2078 1352 Quis-

507 1385 631 1456 quis
652 1385 732 1441 eis
756 1386 1000 1457 tyrannis
1021 1385 1285 1440 obsistere
1310 1380 1619 1446 tentaverit,
1643 1379 1728 1435 vel
1757 1377 2080 1433 obsistentes

504 1491 737 1550 nequam
780 1479 1061 1534 consilium
1089 1484 1276 1533 contra
1305 1491 1400 1532 eos
1432 1482 1709 1531 moventes
1743 1470 2080 1542 comperiens

507 1568 728 1622 minime
755 1568 1134 1640 propalaverit,
1171 1566 1457 1622 anathema
1481 1567 1552 1622 sit
1578 1581 1606 1619 a
1632 1563 1811 1628 Patre,
1839 1570 1893 1617 et.
1919 1559 2077 1627 Filio,

509 1668 564 1714 et
611 1659 813 1731 Spiritu
859 1671 1066 1726 sancto,
1109 1669 1161 1716 et
1191 1659 1427 1716 Ecclesia
1449 1656 1952 1729 primogenitorum,
1988 1653 2079 1723 qui

506 1750 690 1820 scripti
732 1758 858 1805 sunt
886 1752 937 1805 in
968 1749 1138 1816 cmlis,
1185 1758 1241 1806 et
1269 1764 1298 1804 a
1346 1749 1550 1805 sanctis
1591 1755 1645 1802 et
1690 1744 2083 1801 universalibus

503 1850 631 1898 octo
661 1842 919 1899 consiliis.

507 1970 742 2030 Basilius
767 1976 1031 2047 piissimus
1060 1978 1344 2047 imperator
1375 1976 1705 2047 adﬂsonclam
1731 1984 1776 2029 et
1810 1974 2078 2029 universa-

996 2046 1096 2101 lcm
1133 2045 1387 2118 synodum
1416 2045 1548 2100 dixit
1572 2060 1591 2096 :

576 2153 728 2211 Licet
757 2154 1041 2212 manifeste
1069 2154 1394 2212 laboraverit
1428 2156 1694 2211 sanctitas
1733 2164 1929 2225 vestra,
1967 2160 2076 2207 tam

505 2242 610 2301 loci
663 2244 1084 2315 intercapedine,
1141 2261 1303 2317 quam
1367 2246 1625 2317 temporis
1665 2260 1816 2300 mora
1865 2244 1918 2299 iu
1959 2259 2079 2298 mu-

505 2334 701 2391 nienda
726 2332 985 2392 divinitus
1010 2337 1141 2392 urbe
1167 2344 1350 2393 nostra
1374 2344 1724 2402 conservata;
1757 2335 1851 2391 sed
1872 2334 2082 2406 magnis

502 2427 823 2483 muneribus
862 2442 927 2482 ac
974 2427 1178 2483 divitiis
1215 2426 1463 2483 Christus
1500 2427 1641 2483 Deus
1664 2434 1846 2481 noster
1874 2440 2083 2480 recom-

503 2517 754 2588 pensabit
785 2519 937 2575 vobis
965 2518 1261 2590 condignas
1287 2517 1708 2584 vicissitudines,
1737 2525 1794 2573 et
1822 2516 2083 2587 tranquil-

506 2607 772 2693 lissimum
800 2616 857 2665 et
897 2624 926 2663 a
963 2609 1074 2665 Deo
1113 2607 1458 2664 muniendum
1508 2607 1790 2677 imperiunm
1840 2615 2082 2662 nostrum

504 2701 787 2772 praestabit
821 2701 994 2766 vobis,
1040 2699 1301 2771 quidquid
1336 2698 1405 2754 ab
1439 2713 1505 2755 eo
1532 2698 1864 2769 expetieritis
1888 2698 1954 2753 ad
1983 2698 2085 2752 Ec-

507 2791 795 2848 clesiarum
829 2801 1134 2848 vestrarum
1159 2790 1613 2855 commoditatem,
1643 2798 1700 2845 et
1724 2789 2093 2859 venerationis,

510 2890 708 2937 vestra:
750 2881 1215 2948 consolationem;
1263 2889 1323 2936 ut
1350 2889 1404 2936 et
1426 2881 1681 2951 deinceps
1719 2880 1991 2937 orationes
2029 2886 2085 2934 et

509 2984 700 3038 preces
746 2984 961 3041 semper
1003 2970 1213 3025 faciatis
1236 2969 1303 3025 ad
1330 2969 1613 3025 Dominum
1645 2969 1813 3025 Deum
1843 2983 1940 3038 pro
1968 2968 2086 3022 uni-

505 3058 705 3115 versali
734 3068 877 3120 statu
902 3068 958 3113 et
982 3060 1235 3113 continua
1272 3072 1406 3128 pace
1453 3073 1516 3113 ac
1551 3056 1725 3113 Salute
1756 3056 2086 3126 tranquillis-

510 3151 634 3206 simi
661 3158 715 3205 et
744 3149 1015 3205 mitissimi
1062 3150 1272 3220 imperii
1320 3150 1513 3207 nostri.
1550 3149 1618 3203 Et
1647 3156 1769 3219 post
1799 3147 2083 3204 lectionem

515 3242 757 3309 termini,
786 3239 1018 3297 Basilius
1043 3241 1335 3312 piissimus,
1367 3247 1423 3295 et
1444 3239 1661 3295 Christo
1698 3237 1947 3293 amabilis
1985 3237 2086 3291 irn-
2114 3236 2159 3298 C

509 3341 732 3405 perator
755 3333 821 3418 ad
848 3340 1090 3389 sanctam
1130 3330 1393 3403 synodum
1429 3330 1565 3386 dixit
1592 3347 1606 3384 :
1640 3328 1834 3398 Utique
1859 3327 2089 3383 audistis

512 3441 635 3499 quae
657 3425 795 3511 lecta
825 3433 984 3491 sunt;
1033 3424 1164 3496 quid
1212 3438 1342 3496 ergo
1387 3422 1603 3478 videtur
1647 3420 1966 3477 reverentire
1997 3436 2090 3477 ve-

512 3518 676 3574 strae?
702 3509 846 3593 Bene
882 3515 1158 3586 expositus
1188 3522 1272 3570 est
1311 3513 1569 3569 terminus
1601 3511 1737 3565 iste?
1765 3509 1972 3566 Placuit
1998 3523 2090 3564 vo-

511 3611 599 3666 his
650 3592 917 3664 canonum
965 3604 1265 3677 expositio?
1314 3619 1382 3658 an
1428 3609 1513 3671 cst
1562 3599 1766 3677 aliquid
1811 3599 1865 3675 in
1913 3605 2101 3676 mente.

516 3690 699 3756 vestra
743 3697 810 3752 ad
858 3697 1164 3768 ambiguam
1193 3694 1501 3763 opinionem
1526 3671 1880 3762 pertrahens?
1906 3703 2090 3743 veram

521 3790 652 3846 fecit
684 3788 1069 3843 allocutionem
1099 3786 1168 3841 ad
1199 3792 1441 3843 sanctam
1467 3782 1610 3837 hanc
1629 3780 1890 3852 synodum
1924 3780 2094 3848 impe—

518 3874 657 3937 rium
698 3888 967 3945 nostrum,
1016 3886 1073 3932 et
1113 3877 1156 3933 si
1202 3875 1513 3944 conspicitis
1538 3874 1740 3928 bonum
1766 3884 1905 3937 esse,
1942 3863 2092 3941 lega-

521 3980 630 4026 tur.
664 3960 863 4026 sancta
899 3977 955 4023 et
982 3966 1301 4022 universalis
1344 3963 1584 4036 synodus
1616 3962 1791 4017 dixit:
1824 3961 1953 4028 Qua:
1972 3974 2095 4030 pcr-

521 4063 696 4117 tinent
725 4060 791 4116 ad
818 4060 1102 4115 utilitatem
1133 4055 1387 4113 Ecclesiae
1409 4055 1502 4112 Dei
1528 4054 1795 4125 legantur.
1819 4052 1887 4107 Et
1908 4065 2096 4106 ascen-

521 4152 655 4221 dens
684 4150 795 4207 Leo
818 4149 1211 4206 famosissimus
1237 4146 1418 4219 regius
1448 4142 1917 4217 protospatharius
1961 4150 2017 4198 et
2063 4158 2095 4195 a

522 4241 772 4305 secretis,
816 4239 944 4311 legit
969 4255 982 4292 :

596 4373 826 4429 Basilius
857 4372 1122 4443 piissimus
1158 4380 1205 4426 et
1218 4369 1441 4493 ἑξὴξῗειο
1480 4367 1719 4422 amabilis
1748 4367 2029 4436 imperator

1258 4456 1331 4493 ixi
1376 4454 1394 4493 :

1258 4454 1351 4493 lx“
1376 4454 1394 4493 ἔ

665 4553 814 4608 illam
844 4553 1059 4608 quidem
1085 4550 1426 4607 vexationem
1457 4555 1512 4602 et
1534 4546 1774 4602 laborem
1809 4552 1985 4600 vestra
2017 4544 2098 4599 di-

592 4553 814 4609 Multam
844 4553 1059 4623 quidem
1085 4550 1426 4607 vexationem
1457 4555 1512 4602 et
1534 4546 1774 4602 laborem
1809 4552 1985 4600 vestra
2017 4545 2098 4599 di-
2128 4578 2177 4638 Β
2203 4548 2317 4588 Slve
2334 4545 2617 4601 episcopus
2644 4545 2739 4592 ειι,
2767 4545 2883 4581 SW0
2910 4545 3154 4579 ausum“:
3173 4545 3448 4583 δίιυετυυδ,
3471 4545 3589 4574 me
3604 4545 3779 4587 ιιιδιιι·

592 4646 729 4689 ηἰιης
775 4644 999 4689 collecta
1050 4641 1274 4689 nertnlit.
1318 4640 1618 4689 sanctitas.
1673 4637 1899 4689 singulis
1943 4637 2099 4689 vobis
2176 4630 2317 4676 ‘wle
2341 4619 2516 4689 aliqua
2546 4616 2828 4689 praeditus.
2856 4612 2941 4668 vel
2968 4611 3125 4666 aliter
3163 4614 3533 4669 conversatus.
3562 4603 3779 4658 veniam

525 4646 729 4701 vinitus
775 4644 1000 4701 collecta
1050 4641 1274 4714 pertulit
1318 4640 1619 4702 sanctitas,
1673 4637 1899 4710 singulis
1943 4637 2099 4692 vobis

528 4736 780 4792 hincinde
825 4732 1220 4790 conﬂuentibus
1265 4731 1334 4788 ad
1375 4729 1742 4786 felicissimam
1789 4726 1975 4782 urbem
2005 4741 2100 4781 no-

529 4834 724 4893 stram,
762 4840 925 4882 causa
974 4822 1354 4879 ecclesiasticae
1380 4819 1736 4876 ordinationis
1757 4825 1812 4872 et
1837 4816 2108 4873 constitu-'

533 4918 726 4982 tionis;
752 4932 853 4987 pro
880 4930 987 4986 qua
1007 4913 1171 4969 etiam
1201 4913 1509 4968 diuturnam
1537 4912 1590 4964 in
1620 4924 1688 4965 eo
1712 4924 1915 4963 moram
1942 4907 2105 4963 susti-

534 5008 749 5074 nuistis,
792 5018 848 5065 et
895 5017 1117 5080 propter
1160 5020 1320 5076 qnam
1354 5004 1509 5058 multi
1533 5011 1588 5059 et
1611 5010 1941 5057 senectutem
1972 5013 2102 5053 con-

540 5100 875 5171 tempsistis,
924 5107 980 5154 et
1023 5094 1358 5167 corporalem
1411 5091 1779 5147 inﬁrmitatem
1824 5089 2107 5160 parvipen-

542 5192 716 5255 distis,
748 5198 1045 5244 etcxortes
1085 5187 1212 5243 facti
1253 5200 1442 5242 eorum
1486 5182 1607 5255 [al.,
1657 5180 1826 5235 fortes
1869 5178 1997 5232 facti
2043 5191 2106 5232 ea

542 5296 683 5353 quas,
709 5279 866 5350 etc.],
892 5293 1013 5347 quae
1038 5277 1241 5345 requiei
1262 5280 1586 5346 congruunt,
1611 5269 1900 5331 tolerastis,
1916 5275 1969 5322 et
1993 5265 2109 5321 diu-

542 5384 756 5420 turnam
773 5365 1168 5419 senarationem
1183 5362 1541 5418 sniritualium
1555 5360 1785 5414 filiorum
1811 5366 2109 5408 vestrorum

2172 627 2435 700 procellas
2478 624 2824 695 compescuit,
2872 631 2929 678 et
2976 621 3043 676 ad
3085 620 3359 691 limpidam
3392 615 3750 688 tranquillita-

2175 730 2281 775 tem
2322 719 2576 774 traduxit.
2601 715 2818 772 Gratias
2854 730 2983 785 ergo
3015 713 3223 784 agimus
3266 710 3509 773 Domino,
3554 710 3749 765 Patres

2172 807 2526 871 venerabiles,
2576 806 2643 862 de
2671 804 2922 861 omnibus
2966 802 3124 858 bonis
3173 815 3293 871 qua:
3344 800 3502 855 nobis
3551 813 3582 853 a
3641 796 3752 853 Deo

2175 915 2430 958 concessa
2451 907 2599 963 sunt,
2619 880 2674 952 et
2705 896 3043 951 admittimus
3079 894 3243 948 etiam
3275 891 3450 946 zelum
3482 898 3747 955 vestrum,

2174 992 2265 1062 qui
2294 990 2587 1046 secundum
2614 987 2782 1042 Deum
2807 995 2926 1052 est;
2959 994 3015 1041 et
3046 996 3297 1056 optamus
3325 997 3356 1037 a
3383 979 3753 1037 munificentia

2176 1083 2354 1155 magni
2381 1081 2477 1137 Dei
2508 1089 2565 1136 et
2601 1079 2743 1151 regis
2768 1077 3136 1132 universitatis
3158 1074 3471 1145 opulentam
3516 1070 3746 1126 retribui

2176 1172 2329 1228 vobis
2356 1171 2682 1234 mercedem,
2711 1168 2921 1224 dolores
2958 1176 3168 1222 vestros
3204 1174 3261 1221 et
3298 1164 3512 1219 labores
3539 1176 3755 1217 recomd.

2176 1273 2494 1337 pensantem
2522 1279 2536 1319 :
2562 1278 2661 1334 pro
2680 1262 2876 1333 quibus
2901 1268 2958 1316 et
2989 1258 3350 1329 tranquillitas
3378 1265 3567 1310 nostra
3598 1253 3759 1308 festi—

2180 1360 2330 1417 nabit
2357 1358 2580 1413 reficere
2607 1365 2664 1411 et
2689 1354 2932 1409 animare
2969 1367 3082 1415 vos,
3137 1360 3194 1405 et
3230 1360 3389 1405 omne
3425 1345 3761 1401 desiderium

2180 1462 2419 1508 vestrum
2451 1447 2694 1520 implere.
2745 1443 2957 1501 Iustum
3011 1452 3189 1498 autem
3243 1440 3500 1497 duximus
3548 1436 3603 1492 in
3641 1451 3759 1492 om-

2182 1543 2329 1597 nium
2382 1539 2709 1595 audientiam
2764 1549 3019 1607 expresse
3081 1533 3276 1600 fateri,
3330 1546 3430 1601 pro
3478 1527 3756 1586 communi

2181 1634 2419 1691 omnium
2451 1641 2692 1688 nostrum
2719 1606 3037 1692 munimine,
3066 1633 3123 1682 et
3146 1632 3344 1681 sancta:
3374 1621 3468 1677 Dei
3497 1606 3764 1676 Ecclesia

2184 1724 2549 1799 perseveranti
2572 1721 2980 1793 tranquillitate,
3000 1726 3219 1790 propter
3244 1731 3338 1772 eos
3357 1714 3449 1786 qui
3473 1713 3764 1770 communi

2187 1816 2428 1873 invident
2471 1813 2751 1880 felicitati;
2800 1820 2863 1868 et
2896 1811 3248 1865 vulnerantur
3293 1806 3512 1878 quidem
3561 1803 3761 1873 sagitta

2110 1894 2154 1954 Β
2184 1908 2451 1979 serpentis
2486 1920 2649 1977 super
2679 1903 3042 1961 ecclesiastica
3076 1899 3433 1967 ordinatione,
3468 1901 3765 1966 congratu-

2179 2001 2361 2057 lantur
2396 2006 2578 2053 autem
2618 1995 2738 2066 ejus
2761 1991 3112 2051 commotioni
3142 1999 3198 2047 et
3223 1988 3400 2053 aestui,
3428 1995 3595 2056 atque
3614 1983 3769 2039 deli-r

2179 2091 2293 2147 cias
2333 2088 2667 2153 existimant,
2713 2085 2759 2141 si
2789 2083 3023 2140 viderint
3065 2095 3186 2138 eam
3227 2080 3281 2135 in
3310 2082 3633 2149 tempestate
3663 2071 3768 2127 llu-

2180 2190 2472 2238 etuantem.
2514 2177 2734 2232 Talibus
2779 2189 2910 2245 ergo
2960 2184 3215 2244 expresse
3263 2167 3425 2225 hodie
3475 2165 3711 2221 dicimus
3737 2179 3775 2221 :-

2181 2270 2438 2341 Qnisquis
2483 2264 2888 2335 habetaliquid
2922 2263 3184 2318 adversus
3221 2261 3362 2314 hanc
3409 2263 3658 2312 sanctam
3705 2262 3771 2315 et:

2181 2358 2541 2418 universalem
2591 2356 2853 2429 synodum
2890 2352 3199 2417 dicendum,
3242 2349 3327 2405 vel
3368 2355 3559 2405 contra
3600 2344 3770 2415 hujus

2181 2467 2437 2518 canones,
2482 2458 2576 2506 aut
2618 2447 2929 2511 terminum,
2975 2452 3083 2500 stet
3118 2443 3171 2498 in
3200 2441 3398 2505 medio,
3428 2448 3485 2495 et
3508 2453 3633 2508 qua:
3659 2434 3765 2491 sibi

2185 2547 2455 2610 videntur,
2491 2542 2655 2607 dicat,
2700 2539 2813 2595 sive
2853 2536 3139 2608 episcopus
3168 2533 3261 2598 sit,
3309 2528 3759 2599 sivequisquam

2184 2637 2253 2692 dc
2278 2633 2646 2692 ecclesiastico
2669 2629 2839 2695 clero;
2872 2629 2987 2684 sive
3011 2627 3184 2691 laicis,
3209 2633 3301 2679 aut
3321 2637 3387 2678 ex
3419 2621 3486 2676 iis
3512 2620 3605 2689 qui
3630 2617 3773 2672 εἰνὶ-ν

2186 2727 2326 2784 libus
2370 2723 2560 2782 ciliciis
2604 2722 3002 2792 mancipantur,
3041 2718 3270 2781 existat;
3311 2726 3624 2792 quanquam
3656 2725 3763 2764 non

2186 2821 2368 2875 datum
2394 2817 2465 2872 sit
2484 2815 2602 2871 istis
2620 2812 2910 2869 secundum
2942 2822 3203 2865 canonem
3230 2804 3439 2861 dicendi
3468 2802 3777 2872 quidquam

2186 2908 2401 2980 penitus
2430 2905 2497 2961 de
2512 2900 2899 2959 ecclesiasticis
2926 2897 3108 2955 causis
3137 2898 3299 2968 (opus
3322 2893 3467 2949 enim
3498 2892 3611 2946 hoc
3629 2905 3766 2960 pou-

2189 2999 2390 3056 titlcum
2419 3004 2474 3053 et
2500 2994 2841 3053 sacerdotum
2869 2990 2977 3060 est)
3001 3007 3013 3043 :
3040 2987 3132 3044 sed
3160 3001 3225 3041 ex
3255 2982 3777 3045 abundanti,‘omne

2187 3106 2250 3147 os
2281 3090 2523 3161 iniquum
2554 3087 2837 3141 obstruere
2862 3082 3121 3142 volentes,
3144 3077 3419 3133 licentiam
3440 3082 3769 3146 praestamus

2189 3179 2463 3242 omnibus,
2498 3185 2559 3231 ut
2585 3175 2676 3246 qui
2712 3174 2766 3229 in
2797 3180 2976 3227 mente
3004 3169 3166 3225 habet
3197 3168 3328 3238 quid
3357 3165 3673 3235 ambiguum
3700 3163 3781 3218 de

2192 3269 2277 3324 his
2301 3282 2419 3338 qua}
2445 3267 2665 3322 decreta
2695 3273 2820 3321 sunt
2847 3261 2916 3316 ab
2952 3263 3069 3316 hac!
3096 3267 3281 3315 sancta
3325 3256 3552 3328 synodo,
3580 3253 3689 3308 hoc
3712 3252 3764 3307 in

2191 3359 2425 3413 medium
2455 3357 2711 3412 exhibeat
2757 3363 2813 3409 et
2846 3353 3105 3422 suscipiat
3132 3346 3515 3404 satisfactionis
3552 3343 3773 3399 salubre

2190 3448 2508 3503 remedium.
2538 3445 2652 3501 Non
2683 3432 2951 3499 modicum
2980 3449 3254 3495 certamen
3294 3434 3646 3499 certavimus,
3676 3445 3770 3486 ne—

2190 3551 2295 3606 que
2334 3535 2507 3591 labori
2537 3533 2757 3590 cuilibet
2799 3530 3083 3592 cessimus,
3126 3537 3185 3581 ut
3226 3534 3281 3583 et
3328 3524 3431 3594 ipsi
3482 3522 3769 3577 nobiscum

2192 3628 2382 3693 nostis,
2413 3627 2477 3681 ad
2529 3622 2961 3695 cengregandum
3008 3618 3224 3689 cos'qui
3269 3631 3300 3671 a
3343 3615 3590 3670 Romana
3617 3620 3674 3667 et
3701 3610 3770 3665 ab

2197 3717 2561 3774 Orientalibus
2604 3710 3051 3784 patriarchalibus
3083 3708 3300 3766 sedibus
3354 3708 3784 3762 convenerunt:

2193 3822 2329 3880 quos
2365 3806 2667 3861 conducere
2691 3802 2844 3857 multi
2895 3801 3111 3871 quidem
3156 3809 3213 3855 et
3257 3807 3383 3854 ante
3437 3811 3538 3852 nos
3589 3793 3771 3851 conati

2194 3912 2319 3956 sunt
2343 3939 2359 3965 ,
2413 3899 2505 3954 sed
2556 3896 2702 3951 nullo
2746 3894 2905 3949 modo
2953 3892 3258 3947 valuerunt.
3322 3888 3438 3944 Non
3500 3887 3773 3943 modicam

2194 3988 2531 4043 vexationem
2575 3994 2630 4040 et
2652 3983 3035 4040 contritionem
3073 3981 3237 4036 etiam
3266 3979 3378 4034 Deo
3403 3972 3783 4032 amantissimi-

2197 4081 2392 4137 summi
2433 4076 2739 4133 sacerdotes
2764 4074 3161 4136 sustinuerunt,
3191 4085 3220 4123 a
3249 4068 3406 4139 longe
3433 4079 3773 4122 concurren-

2199 4182 2279 4227 tes
2308 4170 2375 4224 ad
2403 4175 2603 4223 sancta:
2630 4163 2789 4234 hujus
2806 4162 3002 4235 synodi
3035 4169 3319 4216 tractatum
3349 4175 3365 4212 :
3391 4158 3483 4228 qui
3523 4171 3659 4228 ergo
3680 4156 3785 4210 ha—'
3820 4220 3824 4225 ρ

2198 4261 2289 4315 laet
2313 4258 2442 4328 quid
2461 4254 2768 4317 dicendum,
2797 4253 2959 4316 dicat,
2982 4250 3108 4303 dum
3134 4248 3248 4303 haec
3267 4245 3592 4302 celebratur.
3616 4241 3773 4307 Nam,

2199 4351 2371 4407 soluta
2403 4355 2588 4404 sancta
2626 4354 2683 4401 et
2721 4341 3011 4398 universali
3059 4338 3288 4412 synodo,
3327 4336 3421 4406 qui
3465 4333 3781 4406 apparuerit

2199 4438 2453 4495 Ecclesia:
2478 4436 2571 4492 Dei
2601 4434 2999 4494 eoutradicens,
3026 4438 3119 4484 aut
3138 4444 3244 4483 non
3268 4426 3676 4503 communicaris
3700 4424 3776 4490 ei,

2203 4533 2317 4588 sive
2334 4531 2617 4601 episcOpus
2644 4529 2739 4592 sit,
2767 4526 2883 4581 sive
2910 4520 3154 4579 absolute
3173 4521 3448 4583 sacerdos,
3471 4518 3589 4574 sive
3604 4515 3785 4587 αἰετὼ

2204 4711 2273 4766 ab
2298 4709 2526 4781 imperio
2574 4714 2759 4763 nostro
2804 4703 3026 4758 minime
3065 4706 3456 4769 consequetur;
3501 4694 3598 4750 sed
3634 4692 3783 4762 iuste

2204 4797 2651 4856 condemnabitur
2677 4803 2730 4849 et
2761 4808 2792 4846 a
2837 4792 3059 4848 civitate
3086 4796 3272 4844 nostra
3302 4786 3535 4857 pelletur
3561 4792 3624 4838 ut
3652 4794 3776 4838 cor-

2207 4900 2394 4962 ruptor
2412 4885 2764 4958 etpestilens,
2788 4893 2844 4939 et
2868 4882 3168 4937 membrum
3186 4877 3460 4950 putridum
3487 4884 3543 4930 et
3570 4873 3776 4936 inutile,

2154 4984 2157 4985 ⁷
2210 4993 2265 5039 et
2287 4995 2574 5038 commune
2584 4991 2780 5047 corpus
2794 4973 3047 5030 Ecclesia:
3063 4971 3291 5025 violans.
3310 4968 3416 5023 Vos
3433 4975 3616 5021 autem
3633 4979 3783 5019 ama-

2216 5085 2359 5129 tores
2383 5070 2666 5133 virtntum,
2685 5075 2741 5122 et
2761 5067 2870 5121 Deo
2896 5061 3204 5117 amicissimi
3229 5055 3778 5114 summi'sacerdotes,

2215 5161 2306 5230 qui
2330 5154 2622 5228 episcopali
2651 5152 2980 5209 decoramini
3018 5150 3183 5213 dono,
3210 5145 3406 5217 singuli
3435 5140 3785 5200 cammtmere

2218 5249 2494 5320 proprium
2525 5259 2767 5317 gregem,
2797 5244 2860 5297 et
2876 5242 2943 5296 ad
2965 5238 3190 5294 salutem
3229 5237 3426 5291 ducere
3451 5247 3523 5288 ne
3555 5231 3789 5302 pigrite-

3035 5338 3047 5346 ‘
3188 5326 3388 5378 malum
3419 5325 3512 5389 sit,
3537 5337 3657 5387 eos,
3687 5320 3783 5375 Ec-

2219 5340 2347 5390 ιιιίιιί
2415 5338 2718 5374 Annianus...
2771 5342 2779 5346 -
