3980 6288
179 479 279 533 173

857 474 1416 550 ιΝΤεΒΡΒΕΤΑΤιο
1460 476 1712 532 SYNODI
1755 477 1788 532 γ

1900 476 2314 532 οιςκειιλιιε.
2355 509 2422 516 ——
2461 476 2667 534 ACTIO
2707 476 2769 532 Χ.

3358 482 3455 538 IN

179 588 268 644 bis
323 586 584 642 doctrina:
621 584 1030 652 confirmantes,
1062 586 1128 640 ad
1176 585 1478 640 divinarum
1528 585 1774 640 volunta-
1802 591 1851 649 Α
1880 602 1942 642 ea
1973 601 2092 658 qua:
2129 597 2256 642 sunt
2310 588 2475 640 nostri
2503 588 2710 642 ordinis
2756 587 3058 657 requirere.
3082 588 3232 646 Nunc
3281 601 3459 646 autem

175 691 291 735 tum
351 679 567 750 dirigite
596 677 979 750 perfectionem
1026 694 1042 734 :
1097 692 1191 736 eos
1252 695 1383 737 vero
1415 681 1536 756 ‘qui
1587 697 1772 738 errore

176 770 452 828 lizereseos
538 771 855 841 cujusquam
933 771 1285 839 detinentur,
1359 782 1614 844 tanquam
1679 789 1774 844 pa-

175 874 354 918 stores
421 862 550 918 boni
613 861 932 917 convertite.
995 861 1219 919 Noverit
1267 865 1412 920 enim
1483 865 1774 921 virtutibus

175 957 338 1028 plena
385 954 648 1028 perfectio
705 963 906 1020 vestra,
939 957 1067 1026 quia
1127 957 1171 1012 si
1232 965 1420 1012 notum
1464 957 1628 1012 fuerit
1678 971 1774 1012 no-

175 1052 261 1106 bis
329 1051 475 1120 quod
519 1049 744 1106 haeresis
791 1064 1123 1120 quascunque
1164 1051 1218 1104 in
1263 1050 1540 1120 provincia
1589 1047 1771 1118 cujus-

176 1155 342 1212 quam
386 1151 627 1197 vestrum
683 1140 923 1206 latitans,
961 1157 1068 1196 non
1109 1157 1209 1211 per
1257 1141 1530 1198 assiduam
1571 1141 1774 1198 doctri-

177 1249 304 1287 nam
369 1242 606 1288 vestram
674 1233 936 1289 radicitus
999 1233 1290 1300 evellatur,
1348 1243 1405 1290 et
1449 1249 1640 1290 omnes
1705 1232 1774 1298 ad

175 1325 542 1382 orthodoxam
567 1326 726 1382 fidem
755 1343 916 1382 manu
955 1327 1223 1383 ducantur
1250 1327 1371 1396 (aL,
1400 1327 1770 1400 reducantur),

178 1416 448 1471 canonice
471 1414 780 1486 bujusmodi
808 1418 1094 1490 episcopus
1119 1433 1150 1472 a
1176 1419 1400 1490 proprio
1460 1419 1772 1489 patriarcha

179 1506 679 1560 condemnabitur:
727 1515 783 1563 et
828 1509 998 1562 sacris
1047 1508 1265 1578 quidem
1309 1510 1571 1574 doctrinis
1613 1519 1775 1580 atque

181 1595 647 1670 admonitionibus
669 1595 851 1651 taliter
877 1599 1276 1656 sacratissimus
1313 1615 1441 1672 grex
1463 1609 1646 1656 vester
1679 1616 1776 1671 per

179 1703 391 1759 pascua
449 1689 709 1770 salutaria
766 1701 1039 1763 pascatur.
1087 1692 1193 1764 Ipsi
1249 1704 1427 1750 autem
1487 1695 1544 1751 in
1604 1696 1774 1751 alter-

181 1789 370 1836 utrum
438 1782 653 1852 pacifici
702 1792 912 1851 estote,
946 1794 1002 1840 et
1055 1785 1314 1854 Ecclesiae
1359 1789 1648 1844 'vinculum
1696 1791 1776 1845 in-

181 1873 495 1943 disruptum
543 1886 882 1942 conservate,
935 1878 990 1932 in
1034 1894 1142 1950 quo
1194 1879 1481 1938 laborastis
1525 1891 1582 1939 et
1639 1898 1774 1939 con-

181 1964 477 2029 cordastis,
505 1965 758 2036 quodque
819 1967 985 2022 verbo
1050 1975 1105 2023 et
1179 1984 1342 2025 manu
1391 1970 1444 2025 in
1501 1973 1762 2042 praesenti

182 2063 375 2111 sancta
435 2063 492 2111 et
544 2057 837 2113 universali
891 2059 1095 2130 synodo
1141 2062 1537 2128 confirmastis,
1578 2079 1646 2118 ne
1685 2079 1782 2134 per

183 2147 632 2213 contentionem,
684 2157 740 2204 et
809 2150 1168 2220 pertinaciam
1259 2162 1540 2218 mutuam,
1604 2154 1782 2208 disru-

183 2237 431 2307 ptionem
489 2253 680 2293 rursus
730 2239 1032 2295 communis
1083 2240 1340 2296 Ecclesia)
1396 2243 1640 2312 corporis
1698 2243 1780 2297 fa-

183 2328 368 2392 ciatis,
401 2337 458 2383 et
481 2343 584 2384 non
621 2323 866 2386 habeatis
884 2332 1096 2386 veniam
1127 2331 1180 2386 in
1211 2332 1297 2387 die
1327 2333 1641 2402 justissirme
1695 2353 1781 2390 re-

185 2419 538 2486 tributionis;
589 2421 685 2476 sed
749 2423 988 2478 amicitia
1045 2433 1223 2479 vestra
1276 2436 1331 2480 et
1379 2440 1674 2483 consensus
1714 2429 1783 2482 sit

185 2512 255 2566 ad
305 2511 705 2568 ordinationem
743 2515 906 2569 totius
930 2515 1089 2571 ovilis
1111 2517 1512 2573 districtissima
1539 2537 1728 2576 norma
1765 2539 1777 2573 :

188 2603 240 2656 in
305 2618 410 2658 vos
483 2603 916 2674 contemplentur
957 2606 1178 2671 subditi,
1206 2609 1658 2678 quemadmodum
1709 2610 1782 2680 pi-

190 2704 438 2749 ctores:
507 2695 576 2750 ad
646 2694 984 2766 principalia,
1030 2705 1086 2752 et
1153 2699 1222 2754 ad
1297 2698 1466 2754 vitam
1545 2709 1782 2756 vestram

188 2796 245 2841 et
307 2801 494 2841 mores
521 2826 536 2850 ,
598 2801 693 2842 seu
772 2789 1240 2844 conversationem
1309 2790 1578 2845 moderari
1657 2807 1781 2860 pro—

189 2879 412 2934 bantur.
464 2879 572 2934 Sevl
627 2888 683 2936 et
738 2880 829 2951 qui
881 2882 936 2936 in
998 2882 1143 2938 clero
1200 2883 1440 2955 deputati
1497 2885 1630 2939 estis
1686 2884 1786 2938 Ec-

190 2971 376 3025 clesiae
449 2969 568 3036 Dei,
619 2972 864 3026 eamdem
930 2981 1248 3030 conservate
1321 2975 1785 3038 constitutionem,

191 3071 250 3116 et
299 3062 569 3116 alternam
625 3063 990 3128 concordiam,
1023 3063 1077 3117 in
1131 3063 1277 3118 nullo
1310 3064 1662 3128 declinantes,
1707 3065 1788 3119 vel

193 3163 395 3224 praeter
467 3169 588 3225 qua:
641 3157 845 3210 sancita
907 3161 1036 3210 sunt
1083 3153 1287 3224 Spiritu
1335 3167 1545 3222 sancto,
1580 3157 1647 3211 ab
1687 3157 1790 3212 hac

196 3260 394 3316 magna
425 3253 482 3299 et
529 3244 822 3300 universali
873 3253 929 3301 et
971 3245 1178 3318 synodo
1240 3247 1619 3317 praedicantes.
1653 3245 1788 3301 Nam

1875 679 2116 734 videmus
2139 680 2274 734 adeo
2314 680 2511 734 multos
2549 680 2750 733 malitia
2784 679 2836 734 in
2900 679 3164 735 insaniam
3213 682 3460 744 accendi,

1871 782 1931 828 ut
2004 772 2386 828 obliviscentes
2451 772 2654 846 proprii
2713 772 2942 838 ordinis,
3005 783 3058 828 et
3141 775 3282 843 quod
3368 789 3465 844 pc-

1873 863 1968 917 dcs
2023 863 2134 916 sint
2198 862 2420 917 minime
2484 861 2805 933 cogitantes,
2853 862 3023 934 legem
3098 879 3298 934 ponere
3367 881 3464 919 ve-

1874 955 1976 1008 lint
2021 953 2212 1020 oculis,
2268 969 2374 1010 non
2431 963 2492 1008 ut
2540 962 2736 1009 natura
2796 969 2854 1009 se
2917 955 3101 1021 habet,
3134 956 3227 1010 sed
3283 963 3343 1010 ut
3369 955 3465 1024 ipsi

1873 1045 2116 1116 cupiunt,
2147 1053 2204 1099 et
2254 1045 2450 1116 singuli
2502 1045 2569 1100 ad
2619 1045 2982 1102 accusandum
3057 1046 3274 1116 quidem
3349 1062 3465 1100 ma-

1868 1137 2018 1208 jores
2074 1137 2313 1192 existunt
2371 1153 2588 1208 semper
2635 1138 3135 1208 promptissimi,ad
3189 1138 3472 1208 corrigen-

1874 1232 2002 1287 dum
2074 1240 2253 1286 autem
2318 1231 2610 1300 quidquam
2664 1247 2851 1287 eorum
2884 1231 2937 1286 in
2977 1231 3471 1302 quibusaecusan-

1876 1338 1963 1384 tur
1996 1338 2050 1384 et
2076 1329 2438 1384 criminantur
2495 1327 2792 1398 piget-rimi.
2846 1325 2954 1381 Sed
3010 1341 3203 1382 moneo
3268 1334 3324 1380 et
3374 1339 3474 1380 ex-

1879 1422 2071 1476 hortor
2115 1435 2306 1476 omnes
2358 1419 2452 1488 qui
2501 1419 2635 1474 tales
2682 1427 2850 1484 sunt,
2899 1426 2959 1472 ut
3009 1416 3356 1472 maledictum
3412 1426 3469 1468 et

1875 1516 2144 1572 alternum
2223 1513 2411 1572 odium
2465 1521 2810 1576 avertentes,
2857 1519 2914 1565 et
2963 1509 3208 1580 judicare
3265 1507 3478 1576 judiccs

1875 1610 2210 1674 desinentes,
2267 1608 2553 1662 attendant
2612 1606 2738 1670 sibi,
2781 1614 2838 1659 et
2894 1603 3190 1657 secundum
3235 1601 3472 1656 divinam

1876 1703 2206 1758 voluntatem
2298 1696 2610 1753 conversari
2699 1693 3051 1749 contendant.
3136 1691 3269 1746 Nam
3365 1706 3474 1745 non

1878 1795 2110 1864 quiescit
2155 1805 2448 1860 supernum
2492 1788 2775 1858 judicium,
2827 1785 2923 1841 sed
2968 1791 3161 1838 contra
3216 1782 3478 1838 dissiden-

1880 1899 1962 1944 tes
2030 1886 2246 1940 divinus
2302 1885 2453 1936 furor
2505 1879 2750 1943 stillabit,
2809 1887 2865 1934 et
2931 1875 3188 1932 ultionem
3271 1874 3477 1945 justam

1807 1971 1851 2030 Β
1878 1995 2042 2052 opere
2079 1976 2294 2032 cunctis
2323 1974 2596 2029 Ostendet.
2630 1971 2862 2026 Oramus
2911 1977 3096 2022 autem
3135 1979 3300 2036 super
3355 1975 3478 2018 our-

1888 2075 1977 2129 nia
2023 2080 2272 2127 sanctum
2322 2067 2489 2121 Deum
2543 2079 2736 2120 omnes
2794 2061 3126 2126 melioratos,
3166 2067 3221 2113 et
3273 2073 3469 2114 secun-

1886 2162 2012 2216 dum
2033 2159 2472 2229 beneplacentem
2501 2155 2602 2210 sibi
2654 2154 2987 2208 voluntatem
3044 2151 3405 2206 clarescentes
3455 2163 3470 2199 :

1887 2268 1992 2306 non
2059 2251 2232 2306 solum
2264 2265 2294 2304 a
2344 2249 2524 2303 divina
2575 2247 2656 2300 ira
2703 2247 3000 2301 intentatos
3051 2256 3358 2305 mansuros,
3387 2241 3485 2294 sed

1884 2352 2085 2398 asterna
2121 2341 2260 2395 bona
2287 2346 2675 2393 consecuturos
2717 2334 3057 2390 orationibus
3120 2341 3176 2387 et
3223 2332 3486 2386 interces-

1886 2432 2128 2488 sionibus
2157 2429 2515 2483 sanctissima:
2545 2427 2779 2480 domina:
2821 2433 3022 2480 nostra}
3046 2423 3139 2478 Dei
3167 2419 3484 2482 Genitricis,

1886 2533 1940 2579 et
1997 2522 2236 2578 omnium
2285 2529 2616 2582 sanctorum,
2650 2527 2705 2572 et
2765 2517 3015 2587 precibus
3047 2529 3111 2570 ac
3158 2513 3489 2568 obsecratio-

1887 2617 2044 2671 nibus
2100 2622 2302 2668 sanctte
2352 2609 2512 2678 hujus
2568 2619 2619 2664 et
2676 2607 2996 2662 universalis
3049 2604 3259 2676 synodi.
3289 2603 3482 2657 Amen.

1959 2706 2024 2761 Et
2076 2715 2190 2775 post
2252 2704 2536 2758 lectionem
2598 2701 2832 2755 Basilius
2888 2700 3098 2754 amicus
3162 2695 3364 2751 (Ihristi
3432 2704 3488 2747 ct

1889 2815 2116 2869 magnus
2169 2798 2461 2866 imperator
2507 2796 2644 2848 dixit
2681 2813 2696 2847 :
2751 2792 2905 2847 Dicat
2950 2805 3114 2853 nunc,
3161 2789 3476 2860 quicunque.

1890 2889 2120 2945 voluerit
2147 2903 2212 2942 ex
2250 2885 2560 2941 sedentibus
2587 2885 2639 2940 in
2687 2885 2791 2938 hac
2837 2893 3023 2938 sancta
3089 2890 3143 2934 et
3188 2877 3483 2934 universali

1891 2979 2116 3051 synodo,
2143 2979 2196 3032 in
2241 2991 2347 3046 quo
2406 2976 2634 3030 istorum
2693 2973 2910 3029 haesitet
2957 2971 3041 3026 vel
3096 2969 3334 3040 ambigat
3365 2983 3490 3038 quze

1893 3085 2035 3124 nunc
2059 3070 2194 3123 lecta
2239 3078 2384 3122 sunt.
2412 3065 2612 3121 Sancta
2666 3064 2907 3136 synodus
2955 3060 3282 3116 exclamavit
3313 3078 3326 3113 ε
3355 3056 3490 3115 6m-

1895 3162 2054 3216 nibus
2104 3161 2317 3232 placent
2366 3176 2487 3230 qua:
2518 3158 2655 3214 lecta
2712 3158 2868 3212 sunt!
2901 3156 3100 3212 Omnes
3143 3153 3348 3208 eisdem
3406 3153 3485 3222 ip-

1899 3252 1973 3306 sis
2024 3250 2451 3322 concordamus?
2499 3251 2702 3306 Omnes
2760 3247 2991 3303 libenter
3060 3243 3490 3300 subscribimus?

197 3344 246 3390 et
291 3335 394 3406 ipsi
431 3335 486 3389 in
511 3335 762 3390 omnibus
789 3337 1138 3405 convenistis,
1167 3345 1224 3392 et
1251 3336 1363 3392 sole
1400 3337 1601 3392 clarius
1651 3335 1788 3391 veri-

1903 3340 2239 3397 Sanctissimi
2273 3341 2460 3396 vicarii
2493 3339 2723 3395 senioris
2755 3338 2942 3392 Roma:
2981 3334 3237 3390 dixerunt
3289 3350 3303 3386 :
3347 3332 3464 3400 Quo

201 3435 373 3482 tatem
400 3425 746 3495 resplendere
767 3427 1000 3494 vidistis,
1025 3428 1080 3482 in
1120 3443 1282 3498 quam
1320 3437 1376 3482 et
1412 3426 1787 3492 consensistis,

202 3529 260 3575 et
334 3521 737 3576 concordantes
818 3521 1167 3592 apparuistis.
1229 3521 1304 3575 De
1386 3519 1540 3574 vobis
1610 3528 1789 3573 autem

202 3612 377 3678 laicis,
406 3623 516 3667 tam
547 3615 638 3684 qui
673 3614 728 3668 in
764 3614 1134 3686 dignitatibus,
1177 3629 1338 3683 quam
1401 3612 1491 3681 qui
1551 3611 1794 3666 absolute

202 3706 644 3771 conversamini,
677 3706 806 3778 quid
885 3707 1114 3776 amplius
1181 3706 1357 3760 dicam
1422 3720 1528 3759 non
1601 3703 1792 3768 habeo,

205 3811 368 3865 quam
397 3797 527 3866 quia
577 3796 723 3852 nullo
752 3796 910 3851 modo
940 3795 1094 3854 vobis
1141 3794 1265 3850 licet
1301 3796 1368 3849 de
1409 3793 1795 3850 ecclesiasticis

207 3888 388 3944 causis
429 3902 737 3943 sermonem
790 3902 1028 3952 movere,
1051 3900 1224 3956 neque
1266 3885 1483 3956 penitus
1540 3884 1797 3940 resistere

209 3979 508 4051 integritati
547 3979 875 4046 'Ecclesite,
924 3987 980 4034 et
1049 3975 1339 4031 universali
1421 3975 1626 4047 synodo
1697 3977 1796 4031 ad-

208 4069 437 4124 versari.
482 4069 595 4125 Hoc
631 4071 776 4126 cnim
819 4069 1145 4140 investigare
1180 4075 1235 4120 et
1269 4081 1516 4135 quaerere
1561 4065 1796 4136 patriar-

211 4163 458 4228 charum,
484 4161 821 4232 pontificum,
848 4171 902 4216 et
971 4160 1316 4216 sacerdotum
1376 4167 1483 4221 est,
1510 4158 1602 4227 qui
1657 4157 1799 4228 regi-

214 4255 374 4310 minis
430 4253 666 4309 officium
709 4252 887 4306 sortiti
948 4260 1097 4316 sunt,
1138 4249 1229 4319 qui
1279 4247 1674 4312 sanctificandi,
1704 4247 1798 4318 qui

215 4345 408 4416 ligandi
493 4354 548 4398 et
624 4342 864 4398 solvendi
925 4349 1257 4412 potestatem
1353 4340 1556 4394 habent
1625 4356 1639 4393 :
1705 4339 1798 4409 qui

215 4434 613 4491 ecclesiasticas
647 4440 703 4488 et
746 4433 999 4488 cmlestes
1057 4432 1236 4503 adepti
1262 4439 1388 4485 sunt
1436 4430 1618 4485 claves
1649 4448 1661 4484 :
1693 4445 1800 4484 non

217 4537 455 4584 nostrum
506 4525 598 4597 qui
643 4525 793 4597 pasci
844 4524 1140 4588 debemus,
1174 4523 1267 4594 qui
1331 4522 1680 4590 sanctificari,
1707 4523 1800 4594 qui

217 4621 386 4694 ligari,
427 4622 514 4677 vel
585 4637 616 4676 a
692 4619 983 4691 ligamento
1055 4619 1190 4675 solvi
1257 4631 1497 4688 egemus.
1550 4615 1801 4682 Quanta:—

1900 3431 2042 3488 n'iam
2095 3432 2434 3502 providentia
2497 3431 2592 3486 Dei
2657 3430 2709 3484 in
2737 3442 3056 3499 prosperum
3115 3426 3276 3478 finem
3306 3424 3494 3478 omnia

1897 3526 2148 3581 Ecclesiae
2196 3526 2532 3580 devenerunt
2574 3523 2808 3594 negotia,
2874 3527 3088 3589 oportet
3161 3530 3260 3571 nos
3315 3523 3372 3569 et
3434 3514 3492 3566 in

1898 3618 2114 3687 scriptis
2165 3632 2327 3670 manu
2402 3614 2624 3687 propria
2691 3613 2807 3667 haec
2853 3611 3136 3672 roborare,
3191 3604 3490 3661 secundum

1898 3709 2209 3780 synodicam
2257 3704 2719 3774 consequentiam.
2771 3699 2928 3757 Unde
2960 3697 3206 3752 volumus
3254 3703 3314 3748 ut
3357 3692 3488 3748 sub-

1898 3802 2138 3857 scribant
2221 3799 2474 3871 primitus
2555 3795 2757 3852 Christi
2841 3801 3120 3848 amatores
3200 3787 3495 3856 imperato-

1899 3908 2010 3956 res,
2036 3901 2091 3946 et
2139 3889 2333 3945 deinde
2373 3887 2669 3962 secundum
2714 3884 2961 3939 ordinem
3011 3887 3197 3936 sancta
3241 3877 3356 3930 hmo
3405 3888 3495 3946 sy-

1847 4030 1860 4038 .
1901 3983 2093 4037 nodus.
2127 3981 2356 4036 Basilius
2411 3979 2686 4050 piissimus
2727 3983 2782 4030 et
2821 3971 3022 4030 Christi
3056 3971 3264 4025 amicus
3325 3967 3496 4037 impe-

1901 4083 2051 4128 rator
2092 4074 2228 4128 dixit
2272 4091 2285 4126 :
2340 4068 2864 4140 Tranquillissimum
2913 4063 3199 4134 imperium
3251 4068 3496 4114 nostrum

1901 4182 2150 4222 securum
2204 4163 2572 4234 praecedentes
2619 4170 2676 4216 et
2725 4158 3055 4230 justissimos
3102 4155 3494 4224 imperatores,

1901 4256 2314 4312 Constantinum
2411 4253 2660 4308 videlicet
2745 4263 3042 4320 magnum,
3108 4255 3166 4303 et
3249 4241 3496 4298 Theodo-

1903 4350 2062 4414 sium,
2099 4358 2156 4403 et
2211 4345 2566 4410 Marcianum,
2595 4358 2658 4398 ac
2707 4350 2953 4403 caeteros,
2981 4337 3095 4393 vult
3153 4332 3499 4390 subscribere

1902 4449 2024 4510 post
2079 4437 2528 4506 subscriptionem
2589 4433 2832 4487 omnium
2906 4429 3016 4483 Deo
3041 4425 3352 4482 amabilium
3383 4422 3501 4490 epi-

1905 4545 2210 4600 scoporum.
2276 4527 2382 4581 Sed
2448 4524 2703 4595 quoniam
2766 4519 3004 4590 postulat
3075 4513 3320 4586 praeferri
3395 4525 3499 4566 nos

1907 4619 2169 4675 sanctitas
2225 4625 2438 4680 vestra,
2468 4612 2810 4668 subscribam
2864 4618 2991 4679 post
3043 4601 3497 4674 subscriptionem

223 4732 426 4788 colique
475 4715 618 4770 enim
673 4712 951 4784 religionis
1005 4721 1059 4767 et
1111 4712 1390 4781 sapientia:
1455 4710 1626 4764 laicus
1687 4709 1801 4763 exi-
1831 4681 2147 4764 Donmium
2205 4705 2670 4762 sanctissimorum
2730 4699 3104 4756 vicariorum:
3145 4694 3319 4751 edocti
3351 4693 3500 4748 enim

223 4816 345 4872 stat,
393 4806 482 4861 vel
537 4806 700 4860 etiam
728 4805 773 4859 si
829 4803 1080 4857 universa
1154 4803 1353 4856 virtute
1404 4800 1630 4855 interius
1680 4789 1797 4868 pol-

226 4897 555 4964 leat,donec
617 4897 785 4951 laicus
827 4905 929 4962 est,
979 4896 1095 4950 ovis
1143 4893 1327 4949 vocari
1383 4909 1488 4948 non
1542 4892 1795 4948 desinet:

227 5006 514 5060 rursusque
565 4997 979 5062 quantacunque
1032 4985 1315 5060 episcopus
1362 4985 1434 5040 sit
1497 4984 1798 5040 irreverene

228 5081 298 5134 tia
321 5091 373 5136 et
399 5078 802 5150 irrciigiositate
827 5077 1040 5149 plenus,
1072 5085 1127 5130 et
1154 5077 1330 5131 nudus
1389 5074 1536 5129 omni
1573 5073 1797 5138 virtute,

228 5173 388 5228 donec
425 5173 653 5227 antistes
682 5178 789 5236 est,
829 5179 886 5226 et
913 5169 1160 5224 veritatis
1207 5166 1429 5222 verbum
1473 5174 1618 5220 recte
1666 5179 1805 5234 pra:-

230 5262 501 5329 dicaverit,
529 5261 768 5332 pastoris
829 5257 1120 5314 mentionis
1173 5266 1227 5312 et
1276 5253 1552 5327 dignitatis
1611 5255 1805 5308 damna

231 5367 331 5408 non
365 5356 638 5426 patietur:
681 5369 802 5426 quae
829 5365 957 5423 ergo
984 5349 1140 5407 nobis
1191 5349 1331 5406 ratio
1375 5355 1459 5402 est
1507 5347 1560 5402 in
1617 5343 1807 5401 ordine

231 5444 403 5502 svium
474 5443 787 5502 constitutis
856 5449 1104 5512 pastores
1165 5439 1454 5494 verborum
1507 5435 1807 5491 subtilitate

236 5534 586 5601 discutiendi,
651 5543 708 5592 et
772 5549 835 5589 ea
899 5547 1019 5604 quae
1095 5547 1258 5601 super
1320 5546 1420 5586 nos
1486 5539 1613 5585 sunt
1661 5541 1808 5598 qua:-

237 5629 380 5682 rendi
414 5638 467 5684 et
515 5627 826 5684 ambiendi?
867 5626 1092 5698 Oportet
1157 5639 1255 5680 nos
1311 5639 1434 5679 cum
1502 5623 1695 5678 timore
1751 5628 1805 5672 et

241 5721 340 5772 He
403 5721 606 5776 sincera
652 5720 751 5774 hos
810 5717 984 5784 adire,
1009 5725 1065 5772 et
1111 5732 1142 5772 a
1187 5715 1326 5772 facie
1362 5729 1549 5770 eorum
1607 5709 1814 5772 vereri,-

239 5825 356 5861 cum
385 5809 746 5864 sintministri
796 5807 1006 5862 Domini
1071 5805 1476 5874 omnipotentis,
1508 5812 1562 5856 ct
1617 5801 1804 5870 hujus-

242 5902 377 5957 tno-Ji
405 5903 626 5960 formam
670 5902 980 5972 possideant
1019 5919 1031 5955 :
1075 5908 1127 5955 et
1177 5898 1308 5954 nihil
1371 5897 1598 5970 amplius
1644 5908 1804 5965 quam

1907 4813 2093 4854 sumus
2147 4812 2178 4851 a
2220 4795 2438 4851 Christo
2485 4807 2611 4849 vero
2661 4792 2771 4847 Deo
2800 4799 2987 4847 nostro
3025 4788 3226 4842 habere
3255 4783 3503 4840 exaltan-

1909 4899 2014 4945 tem
2079 4887 2458 4942 humilitatem.
2489 4885 2557 4939 Et
2618 4892 2743 4954 post
2790 4883 2891 4938 hoc
2935 4880 3207 4950 accipiens
3262 4879 3503 4932 Donatus

1907 4981 2286 5037 sanctissimus
2333 4979 2624 5051 episcopus
2652 4974 2838 5040 Ostim,
2871 4969 3195 5040 subscripsit
3236 4969 3292 5024 in
3343 4969 3504 5038 quine

1907 5088 2013 5144 que
2074 5072 2330 5137 libris,et
2379 5069 2572 5124 deinde
2621 5066 2926 5136 Stephanus
2969 5062 3258 5134 episcopus
3313 5059 3498 5130 Nepae,

1910 5175 1965 5220 et
2023 5164 2267 5218 Marinus
2333 5161 2598 5216 diaconus
2673 5154 3204 5220 reverendissimus,
3269 5160 3324 5208 et
3397 5151 3502 5206 ho~

1911 5251 2294 5310 norabilissimi
2373 5249 2560 5306 vicarii
2659 5245 2891 5302 senioris
2963 5243 3150 5300 Romae
3219 5261 3232 5295 :
3309 5239 3504 5296 deinde

1907 5345 2148 5417 lgnatius
2222 5341 2601 5397 sanctissimus
2670 5335 2979 5410 patriarcha
3051 5333 3504 5400 ConstantinOpo-

1906 5435 2037 5499 Icos,
2105 5433 2298 5487 deinde
2352 5430 2550 5501 Joseph
2639 5426 3133 5482 reverendissimus
3229 5419 3502 5476 archidiao

1911 5538 2079 5579 conus
2115 5531 2170 5576 et
2193 5521 2430 5578 vicarius
2489 5518 2636 5573 sedis
2689 5515 3046 5581 Alexandriae,
3107 5509 3301 5568 deinde
3359 5505 3502 5560 Tho-

1915 5633 2030 5672 mas
2084 5614 2566 5670 reverendissimus
2623 5593 2964 5681 ntetropolita
3015 5608 3173 5678 Tyri,
3214 5613 3268 5658 et
3323 5603 3500 5657 locum

1915 5709 2158 5762 retinens
2203 5705 2346 5760 sedis
2386 5703 2808 5760 Antiochiaazet
2861 5702 3114 5767 deinceps
3172 5694 3353 5750 llelias
3402 5691 3502 5747 Dei

1913 5801 2089 5856 cultor
2120 5797 2416 5855 monachus
2463 5807 2518 5853 et
2561 5783 2844 5866 presbyter
2899 5809 2964 5847 ac
3005 5788 3274 5860 synccllus
3339 5794 3502 5854 atque

1914 5893 2146 5948 vicarius
2211 5891 2352 5947 sedis
2413 5887 2926 5958 Hierosolymorum.
2961 5881 3026 5936 Et
3081 5888 3202 5951 post
3245 5878 3344 5935 hos
3373 5875 3502 5948 piis-
