3960 5406
502 420 598 480 I75

1665 417 2019 476 ANASTASII
2057 413 2593 471 BlBLlOTlIECARlI

3638 413 3734 470 1⁵16

492 538 615 594 simi
669 545 720 590 et
775 545 1044 591 amatores
1099 537 1300 591 Christi
1347 538 1699 606 imperatores
1744 531 1972 587 Basilius
2009 540 2062 585 et
2092 533 2144 592 Δ
2237 528 2347 600 Ego
2374 525 2610 584 Marinus
2634 519 2834 584 saneta}
2873 527 3148 582 catholica:
3184 534 3238 582 ct
3279 515 3586 596 apostolica:
3629 504 3734 580 Bo-

493 629 896 689 Constantinus.
955 628 1176 698 ﬁgentes
1232 627 1447 697 quidem
1505 627 1720 696 propria
1784 640 1943 678 manu
2011 623 2065 678 in

483 721 733 788 .qninque
804 718 1164 773 voluminibus
1235 718 1483 787 pretiosa:
1553 717 1732 772 crucis
1805 718 2063 784 ﬁguram:

498 811 692 866 Basilio
763 825 955 880 magno
1047 811 1390 880 imperatore,
1456 809 1704 864 similiter
1778 809 1943 862 etiam
2015 814 2068 862 et

495 904 848 960 Constantino
874 903 1065 973 ligente
1099 917 1315 958 crucem
1346 917 1444 972 pro
1468 916 1526 956 se
1547 910 1601 956 et
1634 916 1732 970 pro
1772 900 1936 955 fratre
1971 915 2069 955 suo

496 994 695 1059 Leone,
758 995 1130 1050 subscribente
1195 1008 1408 1064 quoque
1463 993 1680 1047 nomina
1743 993 1908 1046 trium
1970 992 2070 1046 im-

497 1093 806 1156 peratorum
867 1083 1087 1153 propria
1143 1098 1330 1149 manu,
1387 1091 1443 1138 et
1501 1081 1913 1152 subscriptionis
1987 1095 2070 1135 re-

496 1176 708 1231 siduum
784 1173 1156 1228 subscribente
1238 1171 1630 1242 Christophoro
1697 1178 2071 1240 protoasecre—

498 1264 591 1327 tis,
644 1271 700 1317 et
752 1263 1039 1332 praeposito
1133 1260 1363 1316 caniculi
1422 1273 1449 1302 α
1513 1275 1528 1314 :
1589 1259 1781 1314 deinde
1837 1258 2070 1314 subscri-

478 1359 719 1422 pserunt
759 1351 999 1406 universi
1058 1349 1296 1420 episcopi
1335 1349 1628 1404 secundum
1678 1347 1950 1418 proprium
1985 1361 2049 1401 or

497 1443 675 1498 dinem
741 1443 795 1496 in
860 1442 1096 1511 quinque
1149 1439 1527 1494 voluminibus.
1556 1439 1683 1494 Post
1728 1439 1841 1494 hzec
1903 1438 2045 1493 inter

478 1531 692 1602 rogati,
721 1531 962 1601 magistri
1022 1541 1078 1586 et
1135 1545 1326 1586 omnes
1384 1529 1620 1600 patricii,
1641 1529 1768 1599 quid
1827 1531 1894 1582 de
1952 1543 2049 1583 san

498 1631 582 1676 eta
643 1630 698 1676 et
753 1620 1040 1676 universali
1106 1621 1312 1691 synodo
1368 1619 1760 1684 existimarent,
1792 1617 1874 1674 vel
1938 1633 2075 1688 quo-

498 1714 658 1768 modo
729 1728 850 1768 eam
911 1712 1377 1776 ,subscriberent',
1448 1710 1762 1766 Theodorus
1833 1709 2078 1780 magniﬁ-

497 1805 845 1859 centissimus
874 1802 1158 1873 proconsul
1207 1812 1261 1858 et
1315 1803 1571 1873 magister
1613 1801 1748 1856 dixit
1799 1801 1916 1854 ita:
1949 1798 2077 1855 Om-

2167 635 2340 676 manze
2390 612 2640 676 Ecclesiae
2690 621 2967 682 diaconus,
3019 619 3194 674 locum
3245 617 3492 672 obtinens
3535 615 3734 671 domini

2167 711 2271 766 mei
2311 711 2530 765 Adriani
2575 710 2768 766 summi
2813 709 3080 780 pontiﬁcis
3123 717 3180 763 et
3221 707 3537 762 universalis
3565 705 3738 778 papaé,

2167 802 2347 857 omnia
2378 816 2497 871 qua:
2543 800 2789 870 superius
2833 800 3100 870 leguntur,
3141 799 3266 853 huic
3299 807 3501 853 saneta:
3537 806 3594 852 et
3621 797 3739 852 uni—

2168 893 2361 949 versali
2389 892 2592 968 synodo
2619 891 2933 960 praasidens,
2961 904 3130 959 usque
3158 889 3226 945 ad
3249 886 3577 945 voluntatem
3601 886 3740 958 ejnsc

2170 983 2288 1038 dem
2335 981 2515 1037 eximii
2555 980 2799 1052 prmsulis
2832 979 3184 1052 promulgavi,
3230 988 3286 1036 et
3322 992 3484 1034 manu
3521 977 3742 1049 propria

2170 1071 2482 1140 subscripsi.

2239 1162 2495 1232 lgnatius,
2525 1161 2896 1217 misericordia
2924 1160 3019 1216 Dei
3053 1161 3334 1232 episcopus
3358 1157 3742 1215 Constantino-

2172 1255 2353 1326 poleos
2386 1268 2539 1310 novre
2578 1252 2787 1318 Bomre,
2825 1257 3068 1307 sanctam
3117 1252 3256 1306 hanc
3289 1259 3343 1306 et
3385 1249 3745 1306 universalem

2173 1349 2436 1419 synodum
2473 1347 2791 1417 suscipiens,
2817 1354 2873 1402 et
2895 1344 3144 1402 Omnibus
3177 1349 3295 1416 quae
3320 1347 3389 1401 ab
3415 1359 3478 1400 ea
3503 1344 3746 1413 iudicata

2174 1449 2230 1496 et
2257 1440 2453 1510 scripta
2488 1447 2614 1495 sunt
2656 1438 3008 1503 concordans,
3040 1445 3097 1492 et
3139 1436 3418 1502 deﬁniens,
3450 1433 3746 1506 subscripsi

2176 1545 2336 1584 manu
2365 1529 2601 1600 propria.

2243 1619 2438 1690 Joseph
2467 1660 2482 1684 ,
2538 1609 2907 1675 misericordia
2970 1619 3063 1675 Dei
3132 1618 3430 1686 diaconus,
3496 1627 3554 1674 et
3601 1616 3751 1674 vices

2177 1726 2344 1784 agens
2369 1694 2642 1767 Michaelis
2682 1711 3011 1768 sanctissimi
3046 1711 3367 1782 patriarcha:
3410 1710 3753 1766 Alexandriaa‘

2177 1813 2421 1858 sanctam
2451 1801 2590 1858 hanc
2633 1809 2688 1858 et
2727 1801 3087 1857 universalem
3119 1801 3383 1873 synodum
3426 1800 3752 1871 suscipiens,

501 1894 590 1948 nia
620 1910 740 1962 qum
771 1893 909 1948 facta
936 1901 1062 1948 sunt
1099 1907 1131 1946 a
1167 1891 1360 1949 Photio
1425 1898 1613 1946 contra
1673 1888 2071 1944 sanctissimum
2103 1885 2148 1944 Β
2174 1901 2229 1948 et
2247 1893 2498 1948 omnibus
2531 1907 2650 1961 quae
2685 1893 2754 1947 ab
2781 1907 2845 1947 ea
2863 1891 3103 1958 judicata
3132 1899 3188 1946 et
3214 1891 3414 1960 scripta
3451 1899 3580 1945 sunt
3619 1897 3752 1944 can-

495 1983 862 2053 patriarcham
929 1989 1171 2036 nostrum
1229 1979 1488 2048 lgnatium
1520 2018 1535 2044 ,
1593 1986 1648 2032 et
1698 1985 1885 2033 contra
1949 1976 2076 2032 bea-

501 2071 768 2126 tissimum
832 2085 1026 2139 papam
1101 2068 1422 2133 Nicolaum,
1484 2067 1986 2131 anathematizans,
2025 2073 2080 2119 et

501 2160 640 2216 hanc
677 2169 915 2227 sanetam
942 2168 998 2214 et
1036 2157 1396 2213 univcrsalem
1449 2157 1710 2228 synodum
1754 2155 2075 2224 suscipiens,

505 2253 706 2322 recipio
754 2267 890 2320 quos
948 2251 1136 2320 recipit
1187 2259 1241 2305 et
1295 2249 1696 2304 anathematizo
1760 2263 1899 2318 quos
1947 2263 2077 2302 ana-

481 2345 836 2400 .thematizat.
898 2341 958 2398 Si
1022 2359 1156 2398 vero
1212 2357 1466 2412 recepero
1525 2342 1812 2412 aliquando
1835 2355 1972 2410 quos
1991 2355 2079 2411 sy-

485 2433 674 2506 nodus
731 2432 934 2500 abiicit,
983 2433 1270 2486 anathema
1323 2431 1426 2486 sim
1487 2447 1518 2486 a
1578 2429 1814 2486 Christo.
1875 2429 2078 2485 Simili-

505 2532 588 2578 ter
683 2522 1103 2592 Christophorus
1174 2520 1740 2592 magniﬁcentissimus
1820 2519 2077 2590 patricius

502 2624 556 2670 et
591 2615 907 2684 praepositus
935 2613 1105 2666 dixit:
1140 2612 1331 2668 Omnia
1360 2627 1478 2682 qua:
1521 2611 1659 2666 facta
1691 2619 1816 2666 sunt
1865 2626 1896 2665 a
1928 2610 2078 2665 Pho-

503 2706 578 2758 tio
599 2711 786 2759 contra
830 2701 1233 2758 sanctissimum
1279 2701 1643 2771 patriarcham
1689 2700 1972 2770 lgnatium,
2021 2709 2078 2754 et

501 2803 691 2852 contra
721 2793 1119 2850 sanctissimum
1143 2809 1336 2863 papam
1370 2792 1672 2858 Nicolaum,
1717 2791 2075 2847 anathemati-

503 2900 651 2949 zans,
693 2893 744 2939 ct
772 2884 911 2938 hanc
937 2892 1176 2938 sanctam
1204 2892 1259 2938 et
1297 2883 1654 2938 universalem
1685 2883 1948 2953 synodum
1979 2898 2075 2937 su-

502 2974 770 3042 scipiens,
821 2973 1054 3041 suscipio
1107 2987 1242 3041 quos
1293 2972 1504 3040 recipit,
1559 2981 1616 3026 et
1673 2971 2074 3026 anathematizo

503 3080 639 3138 quos
692 3063 1127 3118 anathematizat.
1181 3062 1236 3117 Si
1288 3078 1419 3117 vero
1491 3078 1744 3132 recepero
1787 3063 2074 3132 aliquando

503 3169 663 3222 quem
707 3154 944 3224 synodus
977 3151 1178 3220 abiicit,
1209 3153 1494 3208 anathema
1523 3153 1624 3206 sim
1665 3169 1693 3206 a
1726 3153 1960 3208 Christo.
2007 3153 2073 3206 Et

503 3243 757 3311 deinceps
786 3241 1154 3311 unusquisque
1190 3241 1699 3310 przenominatorum
1736 3241 1790 3295 in
1835 3241 2070 3295 sessione
2099 3233 2142 3294 C
2180 3296 2192 3308 ,
2245 3205 2494 3311 Βξῗ¹¹ξ¹¹ῗ’
2521 3205 2925 3311 (ΞῨἾδίῗνἾίξωδν

504 3334 852 3404 patriciorum
899 3333 1194 3388 secundum
1244 3333 1358 3388 hare
1387 3333 1569 3395 edidit,
1615 3348 1709 3388 ore
1738 3331 1955 3403 proprio
1983 3347 2079 3400 per

505 3409 915 3487 vivam‘voeem,
945 3438 1160 3478 sensum
1203 3438 1380 3488 suum,
1412 3422 1682 3478 velocibus
1727 3422 2080 3490 scriptoribus

503 3513 898 3583 excipientibus
921 3527 1038 3582 qua:
1055 3511 1369 3568 dicebantur
1391 3514 1458 3568 ab
1479 3528 1795 3582 unoquoque
1817 3512 2077 3582 ipsorum,

504 3593 625 3673 qua:
669 3603 833 3658 etiam
886 3604 1024 3658 lecta
1067 3614 1192 3658 sunt
1234 3603 1286 3658 in
1333 3604 1660 3658 audientiam
1706 3603 1943 3658 omnium
1983 3617 2080 3671 per

504 3693 740 3750 Leonem
786 3709 816 3748 a
853 3682 1099 3759 secretis,
1135 3709 1320 3751 coram
1347 3704 1530 3750 sancta
1566 3702 1621 3749 et
1662 3693 1950 3748 universali
1987 3707 2078 3764 sy-

485 3787 648 3846 .nodo
677 3802 808 3842 voce
833 3788 1040 3858 grandi.
1066 3787 1132 3840 Et
1162 3795 1282 3856 post
1308 3788 1409 3843 hoc
1455 3795 1608 3843 stans
1651 3787 1705 3841 in
1735 3786 1912 3842 medio
1958 3784 2080 3840 Ste-

496 3881 716 3948 phanus
746 3879 854 3934 Deo
881 3878 1126 3932 amabilis
1151 3878 1407 3932 diaconus
1433 3887 1488 3932 et
1529 3877 1770 3932 notarius
1804 3876 2080 3952 superlau-j

507 3972 654 4025 davit
681 3971 797 4025 ita:
837 3969 1028 4024 Multos
1071 3983 1238 4024 annos
1269 3968 1648 4038 imperatorum
1693 3967 1897 4032 Basilii,
1944 3966 2078 4021 Con-

503 4060 731 4117 stantini
769 4075 832 4114 ac
862 4058 1093 4112 Leonis!
1128 4056 1437 4128 Magnorum
1489 4057 1790 4127 principum
1821 4065 1875 4111 et
1902 4057 2077 4127 impe-

505 4158 746 4203 ratorum
776 4149 971 4204 mullos
1011 4149 1217 4202 arinos!
1266 4149 1518 4202 Eudoxia:
1544 4148 1798 4218 piissima:
1826 4147 2078 4218 Augustin

504 4230 704 4308 multos
731 4255 901 4296 annos
927 4241 940 4293 l
987 4237 1182 4295 Multos
1203 4254 1374 4295 annos
1403 4240 1784 4310 imperatorum
1809 4241 1822 4293 !

999 4391 1600 4450 SUBSCRIPTIONES.

573 4501 684 4573 Ego
710 4503 945 4559 Donatus
970 4504 1139 4574 gratia
1189 4503 1280 4557 Dei
1309 4504 1590 4574 episcopus
1619 4513 1820 4559 sanct:e
1866 4503 2077 4560 Ostien-

2187 1986 2435 2051 cordans,
2467 1993 2520 2041 et
2547 1985 2828 2050 deﬁniens,
2856 1983 3146 2054 subscripsi
3178 1998 3346 2038 manu
3369 1981 3610 2052 prbpria.

2247 2095 2360 2165 Ego
2395 2094 2650 2160 Thomas,
2697 2093 3070 2150 misericordia
3101 2093 3196 2149 Dei
3227 2083 3564 2162 metrOpolita
3601 2084 3753 2164 Tyri,

2179 2194 2234 2241 et
2263 2186 2408 2241 vices
2439 2200 2630 2256 gerens
2667 2185 2812 2241 sedis
2855 2183 3178 2250 Antiochiae,
3230 2192 3474 2238 sanctam
3514 2183 3659 2237 hanc
3699 2183 3756 2238 et

2180 2277 2536 2333 universalem
2581 2277 2842 2348 synodum
2884 2275 3204 2344 suscipiens,
3245 2282 3301 2330 et
3334 2274 3586 2329 omnibus
3635 2289 3758 2343 qum

2179 2370 2246 2423 ah
2275 2384 2336 2424 ea
2375 2368 2613 2438 iudicata
2653 2376 2708 2422 et
2737 2367 2935 2437 scripta
2969 2359 3095 2422 sunt
3135 2366 3489 2440 concordans,
3535 2373 3592 2421 et
3621 2365 3753 2422 deﬁ‘

2179 2460 2330 2514 niens
2355 2458 2653 2529 subscripsi
2684 2473 2846 2513 manu
2875 2459 3115 2529 propria.
3207 2459 3211 2462 ’

2250 2572 2361 2644 Ego
2391 2572 2588 2638 Helias,
2616 2573 2988 2629 misericordia
3021 2573 3117 2628 Dei
3153 2573 3436 2644 presbyter
3459 2581 3515 2631 ct
3543 2572 3756 2644 syncel-

2177 2664 2280 2728 lus,
2309 2663 2482 2718 locum
2503 2663 2776 2732 complens
2796 2664 3070 2733 apostolici
3089 2664 3288 2729 throni,
3316 2663 3406 2719 ubi
3433 2664 3748 2734 patriarcha

2175 2762 2259 2809 est
2286 2752 2617 2808 Theodosius
2648 2753 3165 2824 Hierosolymorum,
3197 2763 3399 2810 sancta:
3418 2754 3624 2809 Christi
3655 2755 3750 2808 Dei

2177 2844 2346 2898 nostri
2375 2844 2629 2907 civitatis,
2670 2844 2841 2899 instar
2890 2854 3211 2900 czeterorum
3248 2845 3599 2910 vicariorum,
3640 2860 3757 2900 om-

2177 2934 2334 2988 nibus
2381 2949 2501 3003 qua:
2528 2932 2582 2987 in
2617 2942 2806 2988 sancta
2837 2933 2938 2988 hac
2968 2943 3022 2988 et
3045 2923 3333 2990 universali
3365 2936 3570 3006 synodo
3596 2945 3751 3007 gesta

2175 3030 2298 3077 sunt
2323 3023 2678 3088 coneordans,
2729 3031 2785 3077 et
2837 3022 3120 3088 deﬁniens,
3171 3039 3332 3078 manu
3379 3025 3600 3094 propria
3627 3023 3758 3079 sub-

2177 3115 2391 3182 scripsi.

2952 3213 3007 3261 et
3050 3205 3178 3271 Leo,
3214 3207 3456 3277 perpetui
3500 3206 3753 3276 Augusti,

2180 3296 2232 3349 in
2284 3295 2495 3350 Christo
2549 3296 2640 3350 Dei
2692 3295 2876 3350 ﬁdeles
2935 3295 3204 3366 principes
3259 3296 3647 3361 Romanorum,
3699 3304 3759 3352 et

2180 3385 2355 3456 magni
2387 3385 2766 3455 imperatores,
2815 3394 3056 3440 sanctam
3102 3387 3243 3440 hanc
3289 3394 3345 3441 et
3389 3385 3753 3442 universalem

2179 3475 2440 3544 synodum
2475 3473 2848 3544 suscipientes,
2881 3483 2936 3530 et
2962 3475 3212 3530 omnibus
3234 3489 3353 3546 quae
3387 3477 3455 3531 ab
3486 3475 3603 3546 ipsa
3620 3477 3757 3531 deli-

2180 3567 2288 3621 nita
2303 3566 2563 3635 etscripta
2585 3567 2994 3630 concordantes,
3009 3566 3300 3635 subscripsi
3326 3581 3485 3643 manu
3508 3566 3751 3636 propria.

2249 3655 2495 3721 Basilius,
2538 3655 2904 3711 misericordia
2936 3655 3031 3711 Dei
3059 3656 3494 3726 archiepiscopus
3529 3656 3756 3726 Ephesi,

2177 3747 2355 3800 Omnia
2388 3761 2505 3815 qua:
2534 3745 2584 3799 in
2607 3752 2791 3799 sancta
2821 3745 2948 3800 etin
2977 3743 3266 3800 universali
3295 3745 3497 3816 synodo
3515 3744 3754 3815 iudicata

2179 3839 2304 3890 Sunt
2329 3844 2382 3890 et
2421 3834 2642 3890 deﬁnita
2671 3833 2899 3890 libenter
2927 3832 3226 3905 suscipiens
3259 3830 3559 3904 subseripsi
3592 3849 3755 3889 manu

2179 3927 2415 3997 propria.

2197 4014 2203 4020 ’
2248 4015 2596 4082 Theodull‘us,
2641 4015 3012 4072 misericordia
3039 4013 3136 4072 Dei
3166 4015 3609 4087 archiepiscopus
3633 4016 3749 4070 An—

2177 4120 2445 4177 cyrorum,
2471 4106 2650 4161 omnia
2682 4120 2800 4174 qua:
2829 4106 2883 4160 in
2919 4116 3102 4162 sancta
3141 4116 3196 4161 et
3223 4104 3508 4162 universali
3547 4108 3755 4177 synodo

2172 4196 2410 4266 judicata
2425 4204 2548 4250 sunt
2569 4198 2623 4250 et
2649 4195 2868 4250 deﬁnita
2893 4195 3123 4252 libenter
3136 4196 3432 4267 suscipiens
3453 4195 3752 4268 subscripsi

2176 4302 2339 4343 manu
2370 4288 2608 4358 pr0pria.

2243 4396 2561 4462 Barnabas,
2621 4396 2993 4453 misericordia
3048 4391 3141 4452 Dei
3203 4398 3485 4468 episc0pus
3543 4398 3750 4470 Cyzici,

2174 4479 2352 4543 omnia
2381 4505 2502 4559 qua:
2543 4489 2595 4542 in
2638 4498 2823 4543 sancta
2865 4498 2920 4544 et
2962 4487 3248 4544 universali
3282 4489 3486 4559 synodo
3506 4488 3750 4558 iudicata

501 4585 578 4651 sis
617 4595 889 4659 Ecclesiaa,
940 4595 1116 4650 locum
1163 4594 1413 4650 obtinens
1457 4594 1656 4650 domini
1704 4595 1807 4648 mei
1850 4593 2071 4648 Adriani

2190 4573 2303 4634 sunt
2331 4588 2386 4635 et
2411 4579 2629 4635 deﬁnita
2655 4579 2884 4634 libenter
2911 4579 3210 4650 suscipiens
3248 4580 3542 4651 subscripsi
3590 4597 3751 4636 manu

501 4687 696 4742 summi
742 4685 1012 4755 pontiﬁcis
1057 4694 1112 4740 et
1157 4685 1474 4741 universalis
1516 4702 1687 4756 papre,
1727 4684 1906 4740 onmia
1954 4701 2074 4754 qua:

500 4778 748 4846 superius
775 4776 1027 4847 leguntur
1074 4775 1197 4830 huic
1226 4785 1426 4830 sancta:
1470 4786 1524 4830 et
1553 4774 1838 4829 universali
1872 4774 2074 4844 synodo

500 4869 815 4939 przesidens,
871 4884 1041 4938 usque.
1087 4867 1153 4922 ad
1215 4868 1542 4922 voluntatem
1600 4864 1836 4936 ejusdem
1889 4867 2073 4920 eximii

441 4954 476 5066 ρ)
501 4959 747 5032 ρταεευιίε
775 4949 1130 5030 promulgavi,
1161 4969 1214 5013 et
1246 4975 1404 5013 manu
1443 4959 1656 5027 propria
1686 4957 2000 5027 subscrips'.

439 5045 475 5086 ε’
570 5046 684 5118 Ego
711 5048 1015 5118 Stephanus
1061 5049 1234 5118 gratia
1282 5047 1374 5102 Dei
1416 5049 1696 5116 cpiscopus
1736 5056 1935 5101 sancta:
1969 5045 2074 5100 Ne-

499 5135 704 5204 pesina:
762 5135 1061 5201 Ecclesiae,
1121 5135 1296 5190 locum
1371 5133 1619 5190 obtinens
1691 5135 1890 5189 domini
1967 5136 2070 5189 mei

510 5215 537 5252 λ
570 5225 582 5240 ·
620 5224 724 5261 εηῖ
757 5224 948 5274 summi
980 5225 1246 5281 notitilicis
1279 5233 1334 5278 et
1366 5222 1683 5278 universalis
1732 5241 1902 5286 unum.
1947 5240 2066 5279 orn-

2178 4684 2413 4738 propria.

2248 4757 2495 4823 Basilius,
2538 4753 2902 4812 misericordia
2943 4757 3036 4813 Dei
3078 4757 3412 4829 metropolita
3452 4756 3748 4814 Chalcedo-

2179 4837 2281 4923 niis,
2314 4846 2495 4901 omnia
2519 4861 2636 4916 quae
2661 4843 2712 4899 in
2753 4855 2938 4901 sancta
2968 4856 3022 4900 et
3058 4841 3343 4901 universali
3377 4849 3585 4917 synodo
3603 4848 3748 4918 judi-

2181 4945 2300 4989 cata
2336 4943 2459 4990 sunt
2490 4943 2544 4989 et
2573 4933 2789 4990 dellnita
2839 4935 3070 4992 libenter
3116 4936 3410 5007 suscipiens
3451 4937 3756 5010 subscripsi,

2182 5039 2340 5077 manu
2365 5027 2601 5093 propria.

2248 5131 2610 5200 Nicephorus,
2655 5133 3021 5188 misericordia
3069 5135 3163 5190 Dei
3205 5135 3542 5205 metropolita
3576 5113 3747 5191 Ama-

2179 5223 2292 5279 size.
2323 5225 2500 5277 omnia
2529 5240 2648 5278 cum
2675 5225 2728 5276 in
2763 5235 2947 5277 saneta
2973 5235 3027 5278 et
3056 5207 3344 5282 universali
3369 5228 3579 5290 synodo
3602 5230 3744 5294 iudi-
