3960 5346
199 449 292 502 177

874 449 1422 506 IN'I‘ERI'RETATIO
1459 449 1704 504 SYNOIH
1746 449 1853 504 VIII
1894 450 2298 507 GENERALIS.
2341 481 2407 490 —
2449 449 2650 504 ACTIO
2689 448 2751 503 Χ.

3343 450 3442 506 178

198 560 368 614 dicata
395 567 523 614 sunt
547 568 600 615 et
631 559 849 614 deﬁnita
879 560 1107 616 libenter
1147 561 1446 632 suscipiens
1472 559 1763 630 subscripsi
1795 563 1839 620 Α
1869 567 1988 613 cata
2029 569 2232 614 suntet
2269 559 2487 614 deﬁnita
2534 559 2762 613 libenter
2807 556 3100 627 suscipiens
3150 558 3446 630 subscripsi

198 665 350 726 manu
385 650 629 720 propria.

261 738 620 808 Nicephorus,
664 740 1035 801 misericordia
1067 741 1160 796 Dei
1190 741 1530 812 metmpolita
1569 740 1768 806 Nicezc,

196 834 368 890 omnia
395 850 517 904 qua:
552 835 604 890 in
642 842 825 891 sancta
857 843 910 890 ct
952 835 1242 890 universali
1287 836 1492 905 synodo
1533 835 1768 904 judicata

196 935 314 980 sunt
338 936 395 980 et
421 926 644 981 deﬁnita
690 925 919 982 libenter
948 927 1250 997 suscipiens
1290 925 1582 995 subscripsi
1609 941 1768 980 manu

195 1014 426 1083 propria.

257 1103 583 1176 Cyprianus,
629 1106 998 1162 misericordia
1031 1106 1122 1160 Dei
1153 1104 1492 1175 metropolita
1521 1103 1770 1160 Claudio-

194 1195 389 1274 poleos,
426 1197 611 1251 omnia
659 1213 780 1268 quze
809 1199 862 1252 in
911 1207 1095 1253 sancta
1141 1207 1195 1253 et
1232 1196 1521 1251 universali
1567 1197 1768 1268 synodo

192 1288 423 1358 judicata
457 1297 586 1344 sunt
613 1297 668 1344 et
693 1289 914 1344 deﬁnita
946 1290 1176 1344 libenter
1207 1288 1505 1357 suscipiens
1532 1286 1764 1342 subscri-

194 1379 267 1449 psi
296 1395 461 1434 manu
489 1381 734 1450 propria.

217 1469 528 1537 Joannes,
583 1472 956 1529 misericordia
1010 1473 1104 1527 Dei
1157 1470 1492 1541 metropolita
1561 1469 1765 1541 Pergm,

193 1563 362 1617 omnia
399 1577 528 1631 qua:
554 1562 608 1615 in
655 1571 840 1616 sancta
870 1571 925 1616 et
971 1561 1260 1616 universali
1293 1561 1497 1631 synodo
1529 1558 1766 1629 judicata

194 1663 309 1708 sunt
330 1661 386 1707 et
432 1652 659 1707 deﬁnita
697 1653 928 1714 libenter
952 1653 1253 1723 suscipiens
1282 1650 1574 1720 subscripsi
1606 1665 1766 1706 manu

193 1747 421 1817 propria.

257 1837 562 1909 Stylianus,
585 1836 968 1900 misericordia
1007 1835 1096 1893 Dei
1124 1833 1464 1904 metropolita
1488 1831 1766 1887 Neocmsa-

1878 668 2038 708 manu
2071 653 2304 722 propria.

1941 743 2185 807 Michael,
2234 744 2598 798 misericordia
2651 743 2742 799 Dei
2788 743 3219 813 archiepiscopus
3261 744 3445 811 Bizia‘,

1870 836 2048 890 omnia
2080 852 2198 905 qua:
2234 837 2286 890 in
2324 843 2509 891 sancta
2540 843 2594 890 ct
2635 835 2922 890 universali
2967 836 3168 906 synodo
3209 836 3448 904 iudicata

1870 933 2075 978 suntet
2112 924 2329 980 deﬁnita
2356 923 2588 979 libenter
2617 924 2917 996 suscipiens
2955 924 3248 996 subscripsi
3286 943 3448 981 manu

1870 1014 2107 1084 propria.

1939 1101 2206 1167 Joannes,
2257 1101 2626 1158 misericordia
2672 1103 2764 1158 Dei
2811 1103 3248 1175 archiepiscopus
3293 1105 3450 1160 Pom-

1871 1192 2202 1262 peiopoleos,
2237 1192 2416 1245 omnia
2447 1207 2565 1262 qua:
2597 1193 2650 1246 in
2697 1201 2880 1250 sancta
2923 1202 2976 1246 et
3025 1195 3312 1250 universali
3361 1211 3444 1266 sy-

1871 1285 2014 1338 nodo
2053 1284 2291 1352 judicata
2341 1293 2467 1338 sunt
2511 1293 2565 1339 et
2611 1283 2828 1339 deﬁnita
2875 1285 3103 1342 libenter
3153 1290 3456 1362 suscipiens

1871 1375 2178 1446 Suliscripsl.
2201 1393 2361 1432 manu
2399 1377 2633 1448 propria.

1943 1467 2166 1534 Paulus,
2200 1470 2571 1526 misericordia
2600 1471 2693 1526 Dei
2723 1473 3156 1546 archiepiscopus
3189 1478 3449 1548 Apamiae,

1871 1559 2053 1614 omnia
2083 1574 2202 1628 qua:
2235 1560 2288 1618 in
2322 1567 2508 1616 sancta
2539 1569 2594 1615 ct
2641 1561 2928 1617 universali
2978 1567 3182 1633 synodo
3211 1566 3450 1635 iudicata

1871 1660 1997 1706 sunt
2025 1661 2082 1706 et
2106 1651 2324 1706 deﬁnita
2356 1651 2584 1706 libenter
2611 1653 2910 1724 suscipiens
2947 1654 3238 1728 subscripsi
3286 1675 3459 1718 manu

1870 1744 2106 1814 propria.

1943 1833 2261 1905 Gregorius,
2294 1835 2665 1891 misericordia
2701 1836 2794 1894 Dei
2823 1838 3258 1908 archiepiscopus
3285 1839 3450 1905 Parii,

198 1908 532 1990 reae,omnia
561 1944 682 2010 (ψει)
708 1929 760 1996 in
790 1937 972 1984 sancta
997 1936 1050 1982 et
1079 1927 1368 1981 universali
1400 1926 1603 1998 synodo
1627 1923 1769 1992 judi-
1803 1908 1846 1969 Β
1873 1923 2053 1977 omnia
2085 1939 2204 1994 qua:
2246 1927 2297 1979 in
2343 1934 2528 1980 sancta
2561 1936 2614 1981 et
2645 1926 2933 1982 universali
2975 1929 3178 1999 synodo
3212 1927 3452 1996 judicata

191 2029 302 2074 cata
331 2028 462 2074 sunt
496 2029 552 2074 et
593 2019 812 2074 deﬁnita
860 2018 1090 2073 libenter
1137 2017 1440 2086 suscipiens
1480 2014 1770 2084 Subscripsi

192 2126 342 2184 manu
373 2111 622 2180 propria.
663 2153 670 2160 .
1375 2097 1379 2102 ⁷

252 2200 596 2265 Theodorus,
623 2200 989 2255 misericordia
1019 2198 1110 2254 Dei
1144 2197 1582 2268 archiepiscopus
1604 2196 1774 2254 Thes-

192 2289 455 2365 salonicae,
489 2290 672 2344 omnia
704 2305 822 2359 qum
862 2289 914 2342 in
946 2297 1128 2343 sancta
1158 2298 1212 2342 et
1254 2287 1541 2342 universali
1570 2288 1774 2357 synovlo

187 2379 412 2450 iudicata
444 2389 578 2435 sunt
615 2389 669 2435 et
698 2380 914 2434 deﬁnita
949 2379 1178 2434 libenter
1203 2378 1504 2450 suscipiens
1532 2377 1770 2445 subscri-

195 2472 269 2552 psi
295 2489 459 2528 manu
485 2473 740 2544 propria.”

253 2562 529 2627 Nicolaus,
569 2560 1064 2632 misericordiaDei
1108 2560 1446 2630 metropolita
1477 2560 1771 2630 Myrorum,

193 2654 366 2708 omnia
393 2668 522 2722 qua:
563 2653 616 2706 in
664 2660 850 2706 sancta
875 2659 927 2706 et
954 2650 1243 2705 universali
1288 2651 1493 2722 synodo
1535 2649 1771 2719 judicata

193 2754 310 2800 sunt
336 2757 393 2802 et
424 2745 649 2801 deﬁnita
686 2745 918 2801 libenter
945 2743 1248 2814 suscipiens
1275 2741 1567 2810 subscripsi
1612 2756 1770 2794 manu

193 2837 421 2904 propria.
1067 2829 1071 2832 ’

256 2925 554 2989 Sisinnius,
580 2923 951 2980 misericordia
980 2923 1074 2976 Dei
1105 2921 1442 2992 metropolita
1473 2919 1772 2982 Laodiceam,

193 3017 364 3084 omnia
397 3031 524 3086 qua:
564 3015 616 3068 in
651 3023 836 3069 sancta
875 3022 928 3067 et
955 3011 1245 3076 universali
1296 3009 1499 3082 synodo
1535 3009 1774 3082 judicata

195 3114 309 3160 suut
341 3114 397 3160 et
426 3105 652 3158 deﬁnita
696 3103 926 3158 libenter
953 3102 1255 3172 suscipiens
1294 3101 1584 3171 subscripsi
1615 3115 1772 3152 manu

196 3200 426 3270 propria.
1231 3261 1244 3267 -

260 3287 473 3352 Niceta,
520 3287 889 3342 misericordia
933 3287 1023 3341 Dei
1056 3285 1391 3356 metropolita
1419 3283 1770 3347 Athenarum,

194 3380 363 3456 omnia
393 3395 517 3448 qua:
563 3378 617 3431 in
653 3386 836 3432 sancta
881 3387 932 3432 et
967 3376 1253 3430 universali
1288 3375 1492 3446 synodo
1532 3373 1773 3444 judicata

197 3479 310 3523 sunt
337 3479 393 3524 et
435 3468 663 3523 deﬁnita
695 3467 924 3522 libenter
945 3467 1583 3537 suscipienssuhscripsi
1615 3481 1776 3519 manu

197 3560 426 3628 propria.

261 3650 538 3714 Nicolaus,
581 3649 957 3706 misericordia
1008 3649 1101 3704 Dei
1152 3649 1490 3722 metropolita
1537 3648 1779 3720 Synado-

199 3757 333 3809 rum,
362 3743 548 3798 omnia
579 3757 700 3812 qum
731 3743 782 3796 in
808 3749 990 3797 sancta
1022 3749 1075 3794 et
1105 3741 1398 3794 universali
1422 3739 1778 3809 synodojndi-

198 3840 307 3896 cata
337 3840 465 3886 sunt
506 3841 563 3886 et
605 3831 822 3887 deﬁnita
872 3830 1106 3886 libenter
1154 3831 1458 3899 suscipiens
1485 3829 1807 3899 subscripsi

200 3929 348 3977 manu
378 3922 618 3992 propria.

1876 2023 2003 2068 sunt
2032 2022 2086 2068 et
2115 2013 2334 2069 deﬁnita
2381 2015 2610 2071 libenter
2637 2017 2935 2087 suscipiens
2965 2017 3257 2087 subscripsi
3291 2031 3464 2074 manu-

1874 2107 2119 2177 propria.

1944 2196 2210 2263 Jacobus,
2270 2198 2642 2256 misericordia
2699 2201 2794 2258 Dei
2849 2199 3285 2273 archiepiscopus
3345 2201 3454 2257 Me«

1876 2294 2131 2363 thymum,
2158 2294 2335 2349 omnia
2367 2309 2487 2364 qua:
2526 2295 2578 2350 in
2603 2303 2789 2351 sancta
2826 2303 2881 2350 et
2925 2294 3212 2364 universali
3247 2310 3384 2366 syno
3406 2297 3458 2349 lo

1868 2385 2106 2454 indicata
2137 2397 2262 2442 sunt
2289 2398 2345 2443 et
2380 2389 2862 2449 deﬁnitalibenter
2885 2390 3186 2460 suscipiens
3210 2391 3452 2447 subscri-

1873 2479 1954 2547 psi
1988 2493 2146 2533 manu
2174 2479 2416 2550 propria.

1946 2591 2278 2662 Stephanus,
2310 2593 2676 2649 misericordia
2702 2594 2794 2650 Dei
2833 2596 3266 2666 archiepisc0pus
3295 2594 3454 2650 Ama-

1873 2682 2080 2747 stridis,
2109 2682 2288 2736 omnia
2338 2698 2458 2751 qua:
2504 2684 2555 2738 in
2606 2693 2789 2739 sancta
2832 2693 2885 2738 et
2928 2685 3214 2739 universali
3252 2687 3458 2755 synolo

1868 2771 2106 2842 jndicala
2135 2780 2260 2826 sunt
2280 2780 2335 2828 et
2352 2771 2572 2827 deﬁnita
2589 2773 2818 2829 libenter
2841 2773 3139 2844 suscipiens
3159 2775 3470 2845 subscripsi.

1879 2877 2040 2915 manu
2071 2863 2306 2932 propria.

1945 2950 2184 3007 Joannes
2247 2952 2620 3008 misericordia
2679 2953 2774 3010 Dei
2843 2955 3280 3026 archiepiscopus
3339 2957 3454 3023 Cii,

1878 3041 2057 3095 omnia
2087 3057 2206 3110 qua:
2253 3043 2305 3096 in
2347 3053 2529 3097 sancta
2570 3051 2624 3098 et
2669 3043 2955 3099 universali
2989 3046 3191 3116 synodo
3216 3043 3475 3113 judicata.

1877 3140 2000 3185 sunt
2029 3142 2083 3186 et
2111 3132 2591 3206 deﬁnitalibenter
2618 3135 2916 3205 suscipiens
2961 3135 3254 3206 subscripsi
3294 3152 3474 3193 manu.

1800 3262 1844 3324 Ο
1878 3223 2113 3293 propria.

1947 3315 2201 3382 Joannes,
2247 3317 2618 3373 misericordia
2655 3318 2750 3374 Dei
2787 3319 3222 3390 archiepiscopus
3252 3320 3474 3386 Russii,_

1877 3407 2056 3459 omnia
2102 3421 2224 3475 qua:
2267 3406 2319 3460 in
2351 3416 2535 3462 sancta
2567 3416 2622 3462 et
2651 3408 2940 3462 universali
2969 3409 3174 3478 synodo
3211 3408 3476 3478 judicata

1879 3504 2082 3561 suntet
2109 3495 2329 3550 deﬁnita
2379 3495 2610 3552 libenter
2638 3497 2938 3567 suscipiens
2964 3498 3255 3567 subscripsi
3293 3514 3472 3553 manu.

1879 3587 2117 3657 propria.

1949 3677 2274 3748 Stephanus,
2321 3678 2696 3734 misericordia
2720 3679 2816 3734 Dei
2865 3680 3302 3751 archiepiscopus
3349 3679 3453 3752 Cy?

1881 3769 2192 3839 psallorum,
2225 3770 2404 3824 omnia
2428 3786 2546 3839 quae
2569 3773 2620 3826 in
2652 3780 2834 3826 sancta
2855 3781 2910 3827 et
2938 3773 3222 3828 universali
3250 3773 3490 3845 synodo...

1872 3857 2111 3927 judicata
2147 3867 2270 3913 sunt
2304 3867 2360 3914 et
2387 3859 2602 3914 deﬁnita
2640 3859 2867 3917 libenter
2892 3861 3192 3931 suscipiens
3214 3863 3450 3918 subscri‘

1879 3951 1960 4019 psi
1990 3967 2150 4006 manu
2177 3953 2415 4022 propria.

263 4012 542 4083 Slylianus
591 4012 712 4084 [al.,
752 4012 1236 4087 Thcophylactus],
1281 4011 1648 4083 misericordia
1686 4011 1778 4072 Dei

200 4105 534 4176 metropolita
567 4104 756 4170 lconii,
779 4105 959 4160 omnia
984 4085 1101 4180 qua:
1127 4105 1176 4157 in
1200 4085 1383 4174 sancta
1407 4111 1460 4165 et
1488 4101 1778 4158 universali

201 4189 398 4270 synodo
419 4201 659 4270 iudicata
693 4208 818 4256 sunt
863 4209 918 4252 et
955 4189 1176 4253 deﬁnita
1223 4197 1454 4252 libenter
1481 4196 1781 4268 suscipiens

204 4291 491 4364 subscripsi
523 4307 682 4364 manu
707 4290 947 4361 propria.

243 4361 528 4444 'Ililarius,
583 4361 952 4434 misericordia
996 4376 1089 4432 Dei
1132 4375 1472 4451 metropolita
1514 4375 1777 4439 Corinthi,

206 4453 524 4540 omniaque:
560 4469 610 4523 in
648 4477 860 4544 sancta”
880 4477 935 4523 et
982 4466 1268 4520 universali
1299 4466 1504 4537 synodo
1543 4467 1810 4536 judicata,

207 4570 324 4615 sunt
352 4569 408 4616 et
436 4555 654 4616 deﬁnita
681 4541 915 4631 libenter
958 4557 1256 4630 suscipiens
1297 4556 1592 4635 subscripsi
1619 4573 1777 4622 manu

207 4653 446 4723 propria._
947 4703 952 4706 .
1274 4651 1278 4656 ’

245 4729 520 4809 Ἠἰειιεοιι
548 4741 934 4820 misericordia.
964 4740 1057 4795 Dei
1087 4737 1623 4810 metropolitallhodi
1653 4738 1773 4810 [ατη
1799 4808 1807 4814 1

210 4832 489 4906 Corinthi],
519 4835 696 4890 omnia
724 4847 848 4902 qua:
876 4832 928 4887 in
960 4840 1143 4885 sancta
1166 4839 1220 4886 et
1251 4829 1541 4884 universali
1573 4827 1808 4901 synodo.

209 4921 430 4992 iudicata
454 4933 573 4979 sunt
599 4933 654 4980 et
683 4909 908 4980 delinita
946 4921 1197 4985 libenter,
1230 4930 1335 4975 etc.

277 5016 524 5086 lgnatius,
565 5013 972 5091 misericordia
1002 5012 1103 5090 Dei
1140 5009 1476 5081 metropolita
1524 5010 1782 5083 Ilierapo-

213 5103 338 5172 leos,
369 5092 681 5180 omniaquae
708 5107 976 5177 insancta
1007 5113 1059 5158 et
1092 5102 1380 5180 universali
1417 5102 1782 5180 synodojudi.

212 5202 327 5268 cata
371 5205 484 5276 sunt
509 5207 558 5252 ct
599 5189 831 5252 deﬁnita
883 5192 1112 5248 libenter
1136 5191 1442 5270 suscipiens
1490 5190 1780 5275 subscripsi

216 5295 368 5324 manu
397 5297 500 5310 οι-ιυ

1951 4065 2387 4136 Buphemianus,
2439 4068 2807 4123 misericordia
2875 4068 2967 4123 Dei
3017 4069 3484 4140 archiepiscopus-

1883 4155 2292 4221 Euchaitorum,
2315 4158 2496 4212 omnia
2518 4173 2636 4228 qua:
2666 4159 2718 4212 in
2747 4165 2932 4214 sancta
2957 4166 3012 4213 et
3051 4160 3338 4214 universali
3369 4176 3460 4230 sy-

1881 4247 2022 4301 nodo
2065 4245 2302 4314 judicata
2337 4259 2465 4303 sunt
2517 4259 2574 4303 et
2623 4248 2842 4304 deﬁnita
2881 4249 3110 4305 libenter
3159 4250 3482 4319 suscipias.

1883 4336 2176 4405 subscripsi
2209 4353 2366 4390 manu
2393 4339 2629 4408 propria.
3495 4327 3497 4330 ﬁ

1950 4428 2180 4484 Basilius
2211 4430 2580 4485 misericordia
2609 4430 2703 4486 Dei
2740 4431 3176 4502 archiepiscopus
3203 4431 3482 4496 Misthiaa,

1882 4521 2066 4574 omnia
2099 4536 2218 4590 quze
2250 4522 2300 4574 in
2331 4530 2518 4575 sancta
2555 4530 2611 4575 et
2647 4522 2936 4575 universali
2985 4523 3190 4592 synodo
3218 4521 3458 4590 judicata

1803 4623 1857 4684 Ι)
1883 4621 2008 4664 sunt
2035 4620 2092 4666 et
2115 4611 2335 4666 deﬁnita
2363 4612 2593 4666 libenter
2623 4610 2926 4679 suscipiens
2955 4610 3250 4681 subscripsi
3295 4627 3456 4666 manu

1884 4701 2121 4772 propria.
3122 4687 3127 4732 Ῐ

1955 4812 2201 4877 Photius,
2242 4813 2615 4869 misericordia
2635 4813 2728 4869 Dei
2752 4812 3188 4882 archiepiscopus
3208 4812 3462 4874 Naeoliae,

1814 4936 1818 4940 -
1886 4903 2064 4972 omnia
2100 4919 2218 4974 quae
2261 4903 2316 4959 in
2347 4911 2533 4961 sancta
2562 4913 2620 4961 et
2659 4902 2952 4967 universali
2975 4903 3202 4975 .synodo
3226 4901 3466 4973 judicata

1889 5003 2017 5050 sunt
2040 5003 2095 5049 et
2119 4994 2337 5065 deﬁnita
2369 4995 2613 5052 libenter
2646 4992 2942 5062 suscipiens
2972 4994 3262 5065 subscripsi
3303 5006 3467 5047 manu

1888 5087 2128 5156 propria.
2759 5151 2762 5154 ,

1944 5164 2320 5246 Τῑιθοριιθηοε
2342 5224 2355 5247 ,
2435 5172 2816 5237 misericordia
2876 5171 2976 5228 Dei
3047 5176 3529 5245 archiepiscopus.

2110 5269 2289 5309 Amniq
2319 5281 2447 5309 “nm
2479 5263 2530 5298 :n
2562 5273 2757 5308 ρηηηιοὶ
2789 5268 2833 5296 ﬂ.
2864 5264 3149 5298 I‘I|:\VAIIDI\':
3175 5264 3372 5296 οιννιΛ-ΙΛ
3399 5263 3433 5289 :-
