3960 5728
469 352 567 411 I79

1641 358 2003 431 ANASTASII
2038 361 2579 420 BlBLlOTllECAlilI

532 466 816 547 Hypatius,
838 469 1208 526 misericordia
1228 469 1321 527 Dei
1350 470 1786 543 archiepiscopus
1815 470 2044 528 Garibe—
2069 478 2117 537 Α
2147 482 2270 528 sunt
2298 484 2354 528 et
2383 476 2601 530 deﬁnita
2634 475 2862 533 libenter
2903 478 3202 551 suscipiens
3225 477 3521 550 subscripsi
3556 495 3713 537 manu

459 557 544 625 he,
575 575 757 618 omnia
779 577 898 631 quae
921 562 975 616 in
1003 572 1209 625 sancta,
1239 570 1347 618 etc.

528 652 807 719 Leontius,
848 654 1214 710 misericordia
1245 654 1337 710 Dei
1365 655 1802 728 archiepiscOpus
1835 656 2042 728 Neapo-

455 742 590 822 leos,
617 746 798 801 omnia
829 760 950 816 quas
980 748 1033 801 in
1058 757 1243 803 sancta
1269 754 1325 804 et
1348 748 1637 806 universali
1669 751 1873 822 synodo
1897 749 2042 820 judi-

456 819 579 891 cata
622 844 753 891 sunt
796 843 852 891 et
898 835 1118 893 deﬁnita
1148 837 1378 894 libenter
1404 819 1711 911 suscipiens
1742 819 2039 910 subscripsi

456 941 621 981 manu
652 927 891 999 propria.

527 1017 904 1095 Theophanes,
928 1019 1299 1075 misericordia
1339 1021 1434 1076 Dei
1460 1021 1748 1093 episcopus
1770 1020 2035 1086 Tralleos,

450 1109 634 1164 omnia
663 1122 784 1178 qua:
825 1107 878 1163 in
914 1117 1101 1165 sancta
1134 1118 1190 1165 et
1220 1110 1506 1166 universali
1553 1113 1757 1184 synodo
1795 1112 2036 1183 judicata

449 1209 575 1256 sunt
604 1209 660 1256 et
687 1200 908 1257 deﬁnita
946 1200 1179 1258 libenter
1213 1204 1514 1273 suscipiens
1546 1203 1838 1275 subscripsi
1872 1216 2034 1258 manu

450 1291 689 1362 propria.

500 1383 769 1451 Michael,
827 1384 1198 1441 misericordia
1244 1384 1337 1441 Dei
1391 1385 1677 1456 cpiscopus
1738 1383 2032 1450 Adramiti,

448 1464 786 1547 omniaquae
814 1476 869 1531 in
913 1482 1099 1531 sancta
1126 1483 1181 1531 et
1208 1475 1500 1531 universali
1546 1476 1753 1547 synodo
1792 1476 2033 1547 judicata

449 1575 651 1621 suntet
682 1567 905 1624 deﬁnita
934 1567 1168 1624 libenter
1213 1568 1517 1638 suscipiens
1545 1569 1841 1640 subscripsi
1870 1584 2033 1626 manu

446 1658 690 1728 propria.
2026 1645 2031 1649 ’

518 1747 862 1819 Stephanus,
916 1746 1428 1820 misericordia‘Dei
1482 1750 1767 1821 episc0pus
1843 1750 2029 1824 Pyrgi,

2141 566 2377 635 propria.

2212 655 2489 725 Tarasius,
2519 658 2889 717 misericordia
2923 662 3017 720 Dei
3064 664 3349 735 episcopus
3376 661 3714 741 Nicopoleos,

2139 747 2318 801 omnia
2347 764 2462 815 qua:
2491 747 2542 802 in
2574 760 2759 806 sancta
2808 758 2863 806 et
2912 753 3200 808 universali
3248 753 3454 825 synodo
3476 750 3714 824 judicata

2140 846 2267 892 sunt
2291 845 2344 891 et
2373 835 2593 893 deﬁnita
2631 838 2862 895 libenter
2891 842 3192 912 suscipiens
3220 841 3514 899 subscriosi
3557 854 3715 893 manu

2137 928 2374 998 propria.
3530 998 3535 1003 ο

2210 1019 2485 1091 Nicolaus,
2522 1021 2904 1091 misericordia
2957 1022 3052 1079 Dei
3110 1023 3395 1094 episcopus
3424 1019 3717 1085 Adramize,

2136 1110 2315 1165 omnia
2344 1125 2464 1180 qua:
2502 1111 2555 1165 in
2601 1120 2788 1166 sancta
2818 1120 2874 1167 et
2906 1112 3195 1167 universali
3242 1111 3447 1184 synodo
3480 1110 3718 1179 judicata

2139 1208 2265 1255 sunt
2295 1209 2350 1254 et
2382 1200 2604 1257 deﬁnita
2634 1200 2864 1259 libenter
2898 1204 3197 1274 suscipiens
3226 1201 3519 1273 subscripsi
3557 1192 3718 1257 manu

2136 1291 2375 1362 pr0pria.

2206 1384 2420 1452 Petrus,
2474 1385 2849 1442 misericordia
2901 1387 3021 1445 Dei
3050 1387 3334 1459 episcOpus
3384 1380 3719 1451 Palaeoruni,

2134 1478 2314 1532 omnia
2341 1491 2463 1546 quae
2511 1475 2565 1531 in
2611 1462 2797 1531 sancta
2826 1485 2880 1530 et
2909 1475 3200 1531 universali
3227 1477 3445 1553 synodo
3475 1473 3718 1553 judicata

2135 1576 2260 1622 sunt
2286 1577 2341 1623 et
2366 1568 2585 1622 deﬁnita
2616 1567 2845 1623 libenter
2880 1567 3182 1637 suscipiens
3218 1547 3518 1636 subscripsi
3558 1582 3719 1620 manu

2134 1658 2374 1729 propria.

2208 1748 2523 1812 Damianus,
2562 1746 2931 1802 misericordia
2974 1746 3068 1802 Dei
3109 1745 3395 1827 episcopus
3434 1732 3740 1815 Miletopoi

447 1825 629 1892 omnia
656 1853 776 1908 quae
804 1839 857 1893 in
888 1849 1073 1894 sancta
1114 1848 1169 1894 et
1209 1838 1499 1895 universali
1519 1819 1529 1821 ί
1549 1819 1754 1912 synodo
1789 1819 2029 1912 judicata
2064 1819 2105 1878 Β
2134 1840 2271 1905 leos,
2301 1840 2480 1894 omnia
2505 1856 2624 1910 quae
2652 1840 2704 1893 in
2732 1849 2917 1894 sancta
2947 1849 3000 1894 et
3030 1822 3562 1909 universalisynodo
3576 1835 3725 1905 judi-

449 1924 577 1985 sunt
604 1939 659 1986 et
685 1930 909 1986 deﬁnita
943 1931 1175 1987 libenter
1198 1931 1503 2002 suscipiens
1533 1932 1831 2005 subscripsi
1867 1950 2029 1989 manu

447 2020 687 2090 propria.

517 2111 731 2179 Nieeta,
754 2111 1127 2189 misericordia
1160 2112 1256 2193 Dei
1285 2113 1570 2186 episcopus
1598 2112 1826 2181 Photize,
1850 2117 2030 2172 omnia

447 2214 569 2270 qua:
595 2200 861 2256 in‘sancla
894 2213 948 2257 ct
981 2202 1272 2259 universali
1313 2204 1518 2275 synodo
1540 2203 1783 2273 judicata
1814 2216 1943 2262 sunt
1978 2217 2035 2262 et

448 2293 666 2349 deﬁnita
698 2294 930 2351 libenter
960 2296 1259 2367 suscipiens
1286 2298 1580 2368 subscripsi
1606 2314 1765 2353 manu
1794 2300 2031 2370 propria.

518 2381 774 2439 Nicolaus
804 2424 820 2450 ,
862 2374 1248 2441 misericordia
1326 2386 1419 2441 Dei
1493 2387 1778 2459 episcopus
1837 2387 2032 2461 Nysae,

447 2475 631 2531 omnia
662 2492 782 2548 quae
813 2477 864 2534 in
893 2488 1079 2537 sancta
1125 2488 1181 2535 et
1227 2480 1517 2535 universali
1548 2482 1753 2552 synodo
1789 2479 2031 2550 judicata

447 2577 575 2622 sunt
601 2576 658 2624 et
698 2569 920 2626 deﬁnita
953 2570 1182 2627 libenter
1217 2572 1517 2641 Suscipiens
1540 2573 1835 2645 subscripsi
1868 2590 2030 2631 manu

448 2659 688 2729 propria.

515 2749 715 2824 Joseph
739 2791 754 2818 ,
815 2752 1184 2810 misericordia
1239 2752 1333 2811 Dei
1391 2753 1675 2825 episcopus
1720 2753 2031 2810 Anchorum

450 2840 794 2916 [Aucorum],
827 2844 1007 2898 omnia
1037 2859 1157 2914 mne
1187 2845 1239 2899 iu
1271 2854 1461 2900 sancta
1512 2854 1568 2901 et
1614 2845 1908 2901 universali
1946 2862 2034 2918 sy-

451 2931 591 2989 nodo
610 2928 849 2999 judicata
882 2941 1007 2987 sunt
1026 2942 1082 2989 et
1095 2933 1312 2989 deﬁnita
1328 2933 1556 2990 libenter
1584 2936 1887 3007 suscipiens
1907 2937 2034 2992 sub—

454 3024 648 3094 scripsi
685 3040 847 3079 manu
874 3026 1112 3096 propria.
1808 3074 1819 3081 .

519 3112 871 3181 Athanasius,
900 3114 1269 3169 misericordia
1293 3113 1386 3169 Dei
1413 3114 1698 3186 episcopus
1722 3114 2030 3186 Magnesiae,

2134 1940 2256 1985 cata
2287 1940 2414 1986 sunt
2454 1939 2507 1984 et
2547 1929 2767 1985 deﬁnita
2802 1930 3032 1985 libenter
3075 1929 3379 1999 suscipiens
3422 1927 3722 1998 subscripsi

2134 2039 2296 2076 manu
2332 2020 2569 2093 propria.

2204 2113 2518 2191 Gregorius,
2553 2110 2924 2168 misericordia
2955 2111 3049 2166 Dei
3088 2111 3373 2182 episcopus
3414 2107 3720 2179 Tripoleos.

2134 2207 2311 2260 omnia
2344 2222 2463 2275 qua:
2494 2207 2544 2260 in
2594 2214 2782 2260 sancta
2812 2213 2866 2260 et
2906 2205 3193 2259 universali
3227 2204 3434 2276 synodo
3477 2202 3721 2272 judicata

2134 2305 2260 2353 sunt
2288 2305 2341 2351 ct
2372 2295 2591 2353 deﬁnita
2635 2294 2865 2350 libenter
2894 2295 3196 2367 suscipiens
3223 2293 3522 2363 subscripsi
3558 2308 3724 2347 manu

2135 2387 2375 2459 propria.

2207 2475 2543 2542 Theodorus,
2597 2474 2969 2531 misericordia
3016 2473 3109 2529 Dei
3158 2474 3444 2549 episcopus
3496 2473 3719 2544 Rurippi

2138 2568 2258 2642 [al.,
2290 2566 2616 2639 Rurreppi],
2655 2567 2836 2622 omnia
2879 2581 2997 2635 quae
3038 2565 3094 2619 in
3136 2576 3322 2619 sancta
3351 2576 3408 2620 et
3433 2564 3723 2619 universali

2134 2662 2339 2733 synodo
2359 2660 2597 2731 judicata
2635 2667 2761 2715 sunt
2808 2666 2864 2713 et
2900 2657 3121 2715 deﬁnita
3157 2657 3389 2712 libenter
3418 2656 3723 2725 suscipiens

2134 2752 2425 2823 subscripsi
2456 2767 2615 2808 manu
2644 2750 2881 2825 propria.

2203 2844 2484 2908 Arsenius,
2532 2840 2904 2897 misericordia
2936 2838 3030 2899 Dei
3075 2839 3359 2913 episcopus
3401 2835 3720 2906 Aureliopo-

2135 2938 2267 3002 lcos,
2296 2937 2474 2992 omnia
2499 2948 2617 3005 qua:
2639 2934 2693 2988 in
2725 2941 2912 2987 sancta
2939 2940 2993 2984 et
3017 2930 3307 2985 universali
3339 2930 3548 3000 synodo
3577 2925 3721 2996 judi-

2136 3041 2254 3085 cata
2286 3038 2411 3084 sunt
2451 3037 2507 3083 et
2545 3023 2766 3081 deﬁnita
2805 3023 3039 3079 libenter
3075 3021 3377 3091 suscipiens
3418 3018 3721 3088 subscripsi

2137 3138 2298 3175 manu
2330 3118 2567 3191 propria.

449 3203 629 3258 omnia
662 3221 781 3273 qua:
810 3205 862 3260 in
898 3213 1087 3261 sancta
1132 3213 1187 3265 et
1238 3206 1527 3260 universali
1563 3205 1769 3277 synodo
1795 3204 2033 3274 judicata
2062 3191 2108 3252 (ἶ
2207 3211 2529 3282 Xenophon,
2582 3209 2956 3267 misericordia
3002 3208 3102 3265 Dei
3161 3206 3443 3280 episcopus
3495 3205 3720 3268 Milassi,

450 3302 578 3351 sunt
614 3303 670 3350 et
697 3294 914 3361 deﬁnita
955 3294 1188 3351 libenter
1217 3294 1518 3364 suscipiens
1546 3294 1841 3365 subscripsi
1873 3310 2034 3350 manu

450 3404 688 3461 propria.

523 3482 799 3554 lguatius.
851 3482 1220 3548 misericordia
1275 3481 1369 3537 Dei
1417 3482 1702 3553 episcopus
1752 3480 2059 3549 Timonis,‘

450 3574 630 3628 omnia
664 3588 783 3644 qua:
814 3574 866 3628 in
908 3582 1093 3629 saneta
1125 3583 1181 3633 et
1228 3573 1514 3629 universali
1548 3574 1752 3645 synodo
1794 3574 2033 3645 judicata

450 3671 574 3734 sunt
621 3675 677 3720 et
722 3665 945 3721 deﬁnita
973 3665 1203 3722 libenter
1225 3666 1525 3737 suscipiens
1552 3668 1844 3738 subscripsi
1874 3682 2034 3723 manu

452 3755 693 3827 propria.

521 3850 801 3921 Arsapius,
851 3849 1223 3906 misericordia
1269 3850 1364 3905 Dei
1413 3851 1696 3921 episcOpus
1730 3850 2032 3922 Erythreaa,

450 3942 632 3996 nuntia
660 3958 780 4011 qua:
817 3942 867 3995 in
911 3950 1096 3995 sancta
1121 3951 1178 3995 et
1194 3941 1494 4023 universali
1541 3943 1748 4012 synodo
1788 3941 2028 4011 judicata

453 4041 581 4089 sunt
611 4040 667 4088 et
696 4029 917 4095 deﬁnita
944 4030 1173 4091 libenter
1205 4030 1507 4088 suscipiens
1549 4031 1841 4099 subscripsi
1869 4044 2032 4086 manu

452 4122 696 4193 propria.
1343 4186 1350 4193 ~

527 4212 813 4278 Macarius,
848 4208 1217 4270 misericordia
1248 4210 1342 4266 Dei
1382 4210 1668 4281 episcopus
1712 4206 2035 4265 Eltzomenze

456 4302 877 4377 [Chysomenze],
927 4303 1106 4367 omnia
1153 4318 1272 4372 qua:
1319 4302 1370 4356 in
1418 4311 1603 4358 sancta
1652 4309 1707 4358 et
1744 4301 2033 4361 universali

458 4396 663 4468 synodo
702 4395 942 4466 judicata
979 4403 1105 4459 sunt
1151 4402 1206 4450 et
1230 4393 1447 4449 deﬁnita
1480 4393 1710 4449 libenter
1736 4392 2036 4464 suscipiens

457 4486 751 4561 subscripsi
785 4499 945 4549 manu
974 4485 1213 4557 propria.

2138 3303 2318 3357 omnia
2345 3316 2464 3371 qua:
2504 3302 2557 3356 in
2606 3310 2794 3356 saneta
2822 3309 2877 3355 et
2906 3297 3194 3355 universali
3240 3298 3445 3370 synodo
3479 3296 3720 3366 judicata

2144 3399 2271 3447 sunt
2304 3402 2360 3446 et
2388 3390 2611 3446 deﬁnita
2640 3389 2871 3445 libenter
2900 3389 3201 3460 suscipiens
3227 3387 3521 3461 subscripsi
3558 3402 3721 3449 manu

2138 3485 2375 3555 propria.
2848 3494 2851 3499 ‘

2211 3575 2356 3640 Leo,
2421 3573 2792 3630 misericordia
2854 3572 2949 3628 Dei
3012 3571 3301 3642 episcopus
3358 3567 3721 3637 Daphnusiae,

2138 3665 2318 3719 omnia
2348 3681 2467 3735 quae
2497 3665 2549 3720 in
2578 3673 2765 3720 sancta
2810 3671 2866 3718 et
2911 3660 3200 3717 universali
3246 3659 3450 3731 synodo
3477 3659 3719 3728 judicata

2138 3764 2340 3811 suntet
2361 3753 2582 3811 deﬁnita
2613 3754 2844 3817 libenter
2870 3753 3171 3824 suscipiens
3217 3750 3514 3822 subscripsi
3561 3766 3721 3804 manu

2139 3846 2376 3917 propria.

2208 3939 2468 4005 Basilius,
2522 3937 2893 3994 misericordia
2944 3938 3060 4002 Dei,
3108 3936 3391 4007 cpiscopus
3441 3933 3719 3999 liadrani,

2139 4032 2321 4086 omnia
2358 4046 2477 4102 quae
2505 4031 2557 4085 in
2605 4038 2793 4085 sancta
2826 4038 2881 4084 et
2912 4028 3198 4083 universali
3237 4028 3439 4100 synodo
3479 4027 3719 4096 judicata

2140 4132 2265 4178 sunt
2289 4133 2343 4179 et
2368 4122 2587 4179 deﬁnita
2622 4121 2855 4179 libenter
2897 4122 3197 4192 suscipiens
3222 4119 3512 4188 subscripsi
3558 4134 3718 4173 manu

2139 4217 2377 4289 propria.

2211 4306 2620 4373 Constantinus,
2652 4303 3024 4367 misericordia
3067 4301 3161 4358 Dei
3207 4315 3493 4372 episcopus
3520 4298 3723 4354 Nume-

2141 4397 2398 4461 ricorum,
2429 4395 2610 4451 omnia
2638 4409 2757 4463 qua:
2783 4394 2835 4448 in
2872 4401 3061 4447 sancta
3104 4401 3156 4448 et
3180 4389 3468 4445 universali
3517 4388 3721 4459 synodo

2134 4488 2376 4559 judicata
2406 4494 2529 4542 sunt
2555 4493 2610 4540 et
2638 4484 2856 4539 deﬁnita
2889 4482 3118 4538 libenter
3154 4480 3451 4550 suscipiens
3478 4478 3719 4534 subscri-

527 4551 769 4642 Piiilejtus
797 4616 814 4641 ,
877 4551 1250 4641 misericordia
1316 4573 1409 4641 Dei
1466 4576 1752 4646 episcoyius
1812 4574 1995 4630 Tabia:
2017 4613 2034 4640 ,
2064 4551 2112 4608 θ
2135 4551 2225 4652 psi
2256 4592 2416 4631 manu
2449 4574 2687 4645 propria.

456 4668 638 4723 omnia
666 4682 786 4739 quae
827 4668 881 4723 in
925 4676 1110 4722 sancta
1155 4675 1211 4722 et
1241 4666 1530 4722 universali
1556 4668 1759 4738 synodo
1795 4665 2035 4736 judicata

459 4766 587 4812 sttttl
617 4767 673 4813 et
696 4757 918 4819 deﬁnita
946 4755 1177 4812 libenter
1216 4756 1516 4828 suscipiens
1538 4757 1837 4827 subscripsi
1874 4772 2036 4823 manu

460 4849 700 4919 propria.
1371 4833 1379 4840 ’
1768 4834 1773 4837 ’

532 4939 793 5010 lgnatius,
820 4937 1189 4997 misericordia
1220 4937 1315 4999 Dei
1356 4937 1640 5008 episc0pus
1685 4936 2035 5007 Juliopoleos,

459 5030 641 5093 omnia
669 5045 786 5101 qua:
816 5030 867 5084 in
904 5037 1090 5084 sancta
1113 5035 1168 5082 et
1207 5027 1497 5089 universali
1554 5028 1759 5098 synodo
1797 5027 2039 5097 judicata

463 5127 672 5175 suntet
700 5118 917 5181 deﬁnita
948 5118 1179 5185 libenter
1206 5116 1510 5200 suscipiens
1548 5104 1842 5201 subscripsi
1879 5134 2041 5187 manu

469 5211 707 5282 propria.

540 5299 897 5371 Nicephorus,
941 5298 1312 5366 misericordia
1354 5299 1449 5367 Dei
1478 5299 1763 5373 episcopus
1789 5301 2041 5373 Asponis,

468 5395 651 5449 omnia
680 5407 799 5463 qum
851 5391 903 5444 in
935 5398 1118 5444 sancta
1162 5400 1217 5447 et
1257 5392 1542 5446 universali
1582 5396 1785 5463 synodo
1806 5395 2042 5466 judicata

469 5494 597 5540 sunt
626 5470 683 5541 et
707 5481 927 5546 deﬁnita
956 5481 1184 5541 libenter
1211 5481 1507 5552 suscipiens
1550 5470 1841 5557 subscripsi
1881 5503 2044 5557 manu

470 5575 705 5645 propria.
790 5634 791 5637 η
1518 5642 1523 5645 κ
1776 5568 1781 5573 ’

470 5667 475 5669 Δ
729 5666 741 5676 .
766 5682 778 5686 ’
794 5680 810 5683 ῃ
856 5654 1221 5719 'II'ISBI‘ihordia
1234 5666 1327 5720 Dei
1343 5642 1623 5717 animuin":
1641 5667 1866 5708 ιιν-’.ηω
1880 5684 1900 5690 ο
1912 5670 1925 5690 ο
1938 5684 1952 5688 ι
1968 5684 1979 5688 ι
2003 5683 2015 5685 A

2216 4668 2543 4739 Stephanus,
2584 4661 2956 4721 misericordia
2993 4661 3088 4719 Dei
3116 4674 3401 4730 episcopus
3424 4656 3723 4713 Gordoser-

2144 4775 2356 4825 vorum,
2382 4757 2562 4815 omnia
2593 4770 2712 4827 quae
2754 4754 2807 4807 in
2856 4762 3041 4808 sancta
3084 4761 3139 4807 et
3181 4749 3468 4805 universali
3516 4749 3722 4819 synodo

2138 4850 2376 4920 judicata
2408 4855 2533 4905 sunt
2556 4856 2613 4901 et
2653 4842 2874 4899 deﬁnita
2904 4840 3135 4898 libenter
3158 4840 3459 4911 suscipiens
3487 4838 3724 4894 subscri-

2144 4940 2224 5011 psi
2253 4954 2413 4993 manu
2444 4932 2679 5008 propria.

2184 5016 2494 5105 Georgius,
2548 5025 2916 5082 misericordia
2977 5023 3072 5079 Dei
3128 5023 3416 5093 episcopus
3462 5018 3721 5083 Dascillii,

2143 5120 2325 5178 omnia
2353 5136 2472 5192 qua:
2516 5120 2570 5174 in
2603 5128 2784 5173 sancta
2818 5126 2875 5172 et
2918 5115 3209 5171 universali
3256 5114 3460 5185 synodo
3482 5112 3719 5181 judicata

2145 5220 2272 5277 sum
2297 5220 2353 5269 et
2381 5196 2601 5267 deﬁnita
2628 5208 2862 5266 libenter
2885 5206 3188 5276 suscipiens
3234 5202 3528 5272 subscripsi
3560 5217 3721 5256 manu

2146 5303 2382 5375 propria.

2216 5393 2439 5459 Paulus,
2482 5391 2854 5454 misericordia
2890 5391 2984 5457 Dei
3030 5390 3315 5460 episcopus
3359 5385 3723 5456 ilyberorum,

2147 5478 2326 5539 omnia
2364 5498 2484 5552 quae
2513 5470 2567 5538 iu
2609 5492 2794 5536 sancta
2823 5490 2881 5537 et
2926 5479 3216 5537 universali
3248 5476 3454 5548 synodo
3484 5473 3724 5544 judicata

2150 5566 2276 5633 sunt
2295 5564 2350 5630 et
2374 5575 2594 5631 deﬁnita
2635 5574 2863 5630 libenter
2888 5573 3190 5642 suscipiens
3236 5566 3529 5635 subscripsi
3561 5578 3724 5619 manu
