3960 5416
176 398 272 462 ³331
859 403 1639 473 ῘΝΤΕΒΡΒἙῘᾹἮῸἝἮῸ
1649 406 1712 473 Dl
1757 420 1771 458 π

1909 409 2660 480 ΟΕΝΕΒΑΜΞῨΣΪΑΟΤῘΟ
2691 423 2758 478 Χ.

3329 419 3430 476 182

171 518 348 573 omnia
378 534 508 590 quae
558 520 610 575 iu
654 531 835 577 sancta
867 531 923 577 et
947 526 1232 580 universali
1265 529 1469 598 synodo
1510 527 1748 597 judicata
1781 535 1826 593 Α
1855 544 1976 587 cata
2016 543 2140 589 sunt
2181 545 2235 590 et
2273 534 2488 591 deﬁnita
2539 535 2765 591 libenter
2789 535 3088 605 suscipiens
3137 533 3428 607 subscripsi

173 619 291 666 sunt
315 620 373 665 et
405 611 633 666 deﬁnita
670 614 893 670 libenter
934 617 1235 686 suscipiens
1266 620 1558 688 subscripsi
1591 636 1753 676 manu

170 707 407 777 propria.

238 797 476 863 Antbes,
529 799 898 858 misericordia
942 802 1036 858 Dei
1082 805 1369 876 episcopus
1397 806 1760 878 Hiunopolcos

175 890 290 962 [al.,
323 890 748 966 Himiopoleos],
777 895 957 949 omnia
1004 909 1124 964 qua:
1161 896 1213 950 in
1241 905 1426 951 sancta
1455 909 1509 952 et
1545 898 1760 953 univer-

179 982 274 1036 sali
301 983 518 1054 synodo
539 983 783 1054 judicata
809 995 936 1040 sunt
961 994 1016 1041 et
1048 987 1271 1042 deﬁnita
1317 988 1550 1044 libenter
1589 990 1761 1046 susei-

177 1075 328 1144 piens
357 1075 667 1145 subscripsi
698 1091 861 1130 manu
894 1078 1130 1147 propria.

238 1165 467 1230 Paulus,
517 1166 882 1221 misericordia
915 1167 1006 1223 Dei
1045 1168 1329 1238 episcopus
1367 1169 1537 1234 Melae,
1583 1171 1760 1226 omnia

171 1269 286 1330 qua:
321 1254 376 1308 in
415 1264 610 1310 sancta
640 1265 695 1312 et
725 1257 1014 1312 universali
1047 1260 1252 1329 synodo
1281 1261 1518 1328 judicata
1551 1270 1676 1316 sunt
1711 1271 1767 1317 et

175 1343 388 1397 deﬁnita
422 1344 664 1399 libenter
685 1346 989 1416 suscipiens
1011 1349 1302 1418 subscripsi
1335 1365 1493 1404 manu
1523 1351 1759 1421 prepria.

238 1452 582 1518 Germanus,
651 1455 1024 1512 misericordia
1103 1458 1203 1513 Dei
1250 1460 1536 1530 episcopus
1616 1462 1762 1516 Ectri

177 1545 486 1617 illectorei;
516 1549 620 1616 aL,
646 1549 842 1622 Cytri],
869 1553 1049 1607 omnia
1082 1569 1200 1624 quae
1242 1554 1296 1608 in
1353 1564 1537 1611 sancta
1568 1566 1621 1610 et
1647 1560 1762 1614 uui-

177 1637 368 1692 versali
402 1639 620 1708 synodo
660 1640 899 1710 iudicata
927 1650 1053 1696 sunt
1081 1652 1137 1698 et
1164 1643 1382 1698 deﬁnita
1414 1644 1644 1701 libenter
1678 1664 1766 1702 su-

176 1727 411 1798 scipiens
439 1729 748 1800 subscripsi
779 1747 938 1786 manu
976 1733 1217 1803 propria.

127 1861 129 1864 ⁴
191 1856 194 1857 '
240 1839 468 1910 Joseph,
496 1841 874 1898 misericordia
900 1843 994 1900 Dei
1025 1847 1310 1918 episcopus
1334 1849 1535 1916 Berrre,
1584 1851 1763 1905 omnia

175 1944 292 1998 quae
322 1931 378 1984 in
415 1941 611 1988 sancta
634 1941 689 1986 et
715 1935 1006 1990 universali
1035 1939 1242 2008 synodo
1271 1938 1508 2009 judicata
1544 1949 1670 1996 sunt
1709 1951 1764 1995 et

179 2019 396 2074 deﬁnita
425 2021 668 2078 libenter
695 2026 996 2097 suscipiens
1021 2028 1314 2100 subscripsi
1345 2046 1504 2084 manu
1523 2032 1760 2103 propria.

246 2109 519 2178 Basilius,
563 2105 962 2171 misericordia
1027 2118 1120 2172 Dei
1192 2120 1479 2192 episcOpus
1544 2121 1765 2188 Zuruli,

180 2203 359 2257 omnia
393 2219 518 2273 qum
549 2205 602 2258 in
634 2215 821 2262 sancta
862 2217 915 2262 et
965 2209 1258 2266 universali
1300 2212 1504 2283 synodo
1527 2213 1766 2283 judicata

183 2303 305 2348 sunt
330 2303 388 2348 et
414 2296 641 2351 deﬁnita
673 2297 906 2354 libenter
948 2301 1249 2374 suscipiens
1280 2302 1576 2376 subscripsi
1607 2323 1766 2360 manu

183 2399 422 2454 propria.

253 2476 527 2543 Meletius,
579 2479 954 2536 misericordia
999 2482 1093 2537 Dei
1148 2483 1435 2556 episcopus
1490 2486 1770 2552 lleracliui.

185 2568 366 2623 omnia
398 2584 522 2639 quae
564 2571 618 2624 in
665 2581 852 2628 sancta
883 2582 938 2628 et
981 2576 1270 2630 universali
1299 2579 1504 2648 synodo
1533 2579 1770 2650 judicata

185 2669 305 2714 amt
328 2670 386 2715 et
417 2661 640 2716 deﬁnita
672 2663 902 2718 libenter
931 2667 1257 2737 suscipiens,
1284 2677 1392 2724 etc.

251 2752 670 2817 Constantinus,
733 2757 1100 2822 misericordia
1153 2759 1245 2815 Dei
1310 2761 1595 2831 episcopus
1653 2762 1770 2827 Tii,

185 2843 360 2896 omnia
389 2857 512 2912 quze
541 2844 594 2898 in
631 2853 815 2901 sancta
857 2854 912 2900 et
954 2848 1245 2904 universali
1288 2851 1494 2922 synodo
1533 2851 1774 2922 iudicata

187 2944 305 2988 sunt
332 2944 389 2988 et
418 2935 642 2990 deﬁnita
689 2937 919 2994 libenter
946 2939 1246 3010 suscipiens
1281 2941 1573 3012 subscripsi
1614 2959 1774 2996 manu

187 3032 420 3102 propria.

251 3123 512 3189 Cosmas,
565 3127 940 3182 misericordia
997 3127 1092 3182 Dei
1149 3129 1431 3199 episcopus
1478 3127 1776 3184 Hadriano-

187 3212 386 3282 poleos,
421 3214 600 3268 omnia
654 3231 773 3284 qua:
811 3216 862 3270 in
899 3226 1085 3272 sancta
1135 3227 1189 3272 et
1230 3217 1518 3272 universali
1567 3219 1776 3289 synodo
1803 3236 1848 3298 (ς

183 3303 416 3372 iudicata
462 3315 588 3358 sunt
633 3315 688 3360 et
738 3306 957 3362 deﬁnita
1021 3307 1252 3364 libenter
1306 3308 1604 3378 suscipiens
1651 3310 1778 3364 sub-

188 3397 374 3466 scripsi
405 3412 566 3451 manu
591 3399 832 3469 propria.

251 3501 507 3575 Basilius,
554 3511 926 3568 misericordia
975 3513 1065 3572 Dei
1094 3515 1382 3585 episcopus
1410 3513 1628 3577 Cratim,
1657 3530 1791 3571 θαι-ι.

189 3587 270 3654 nia
313 3618 435 3672 quze
486 3602 539 3657 in
589 3616 777 3659 sancta
835 3614 890 3660 et
947 3605 1240 3661 universali
1295 3607 1500 3678 synodo
1536 3606 1775 3675 judicata

191 3702 309 3746 sunt
335 3703 392 3749 et
421 3693 644 3749 deﬁnita
687 3695 916 3751 libenter
943 3697 1245 3767 suscipiens
1281 3698 1579 3767 subscripsi
1613 3713 1777 3752 manu

192 3787 423 3856 propria.

258 3875 614 3942 Eustachius,
668 3877 1040 3933 misericordia
1106 3879 1200 3934 Dei
1266 3879 1550 3950 episc0pns
1590 3876 1776 3934 Emo-

193 3967 307 4031 nim,
339 3968 524 4021 omnia
553 3983 672 4037 qum
699 3967 751 4022 in
781 3978 970 4023 sancta
994 3979 1049 4025 et
1080 3970 1374 4025 universali
1404 3970 1608 4041 synodo
1633 3970 1776 4040 judi-

193 4065 303 4110 cata
349 4067 478 4112 sunt
514 4067 570 4113 et
596 4058 815 4113 deﬁnita
867 4058 1097 4114 libenter
1138 4061 1437 4130 suscipiens
1480 4060 1774 4132 subscripsi

195 4161 346 4201 manu
377 4147 619 4218 propria.

215 4315 218 4317 λ
257 4258 606 4331 Euthymius,
644 4260 1024 4317 misericordia
1063 4261 1158 4316 Dei
1191 4263 1477 4332 episcopus
1509 4262 1773 4329 Sebastm,

191 4351 362 4406 omnia
403 4366 525 4421 qua:
567 4352 621 4406 in
651 4361 836 4423 sancta
874 4362 928 4406 et
979 4352 1267 4407 universali
1299 4355 1502 4424 synodo
1537 4352 1775 4421 iudicata

192 4452 308 4498 sunt
345 4452 401 4499 et
435 4443 657 4499 deﬁnita
689 4443 924 4500 libenter
951 4444 1250 4514 suscipiens
1275 4444 1778 4514 subscripsimtanu

191 4548 423 4604 propria.

255 4624 665 4690 Constantinus,
713 4608 1093 4679 misericordia.
1130 4623 1225 4679 Dei
1253 4623 1539 4694 episcopus
1583 4623 1768 4696 Synai,
1805 4608 1858 4639 ν’

189 4718 364 4775 omnia
392 4733 513 4789 quae
548 4717 604 4773 in
649 4723 840 4772 sancta
887 4727 942 4770 et
969 4717 1259 4772 universali
1287 4718 1494 4787 synodo
1531 4718 1772 4784 )udicata

191 4821 308 4864 sunt
332 4819 389 4865 et
416 4809 646 4865 deﬁnita
665 4808 900 4870 libenter
927 4808 1241 4880 suscipiens.
1266 4809 1572 4880 subscripsi
1611 4825 1771 4866 manu

188 4903 420 4973 propria.

253 4991 505 5058 Joannes,
536 4992 911 5050 misericordia
941 4993 1034 5049 Dei
1062 4992 1345 5064 episcopus
1382 4991 1624 5063 Tampsi,
1647 5007 1771 5047 om-

189 5084 274 5138 nia
320 5101 442 5155 qua:
486 5086 539 5140 in
584 5092 776 5141 sancta
826 5091 883 5138 et
932 5082 1223 5139 universali
1279 5081 1486 5151 synodo
1532 5081 1770 5151 judicata

191 5187 391 5234 suntet
426 5177 644 5234 deﬁnita
689 5177 926 5232 libenter
951 5176 1256 5246 suscipiens
1283 5173 1574 5242 subscripsi
1611 5187 1774 5226 manu

193 5282 424 5338 propria.

265 5357 508 5416 Ῑηειηηρς,
559 5355 935 5406 πιῖαρνῖιιονιιῖο)
983 5357 1074 5394 Ποὲ
1124 5355 1408 5388 ηηῖοηηη--ο
1454 5350 1765 5394 “AIA-nauli.

1859 639 2018 676 mautt
2049 625 2284 694 propria.

1932 715 2177 781 Michael,
2208 717 2574 776 misericordia
2605 718 2696 774 Dei
2731 719 3014 789 episcopus
3043 717 3426 788 Melitopoleos,

1859 805 2038 860 omnia
2067 822 2186 876 qua:
2215 807 2266 862 in
2307 819 2494 864 sancta
2525 819 2580 864 et
2620 809 2907 866 universali
2947 811 3152 880 synodo
3193 809 3436 880 iudicata

1861 908 1988 954 sunt
2013 909 2068 956 et
2093 901 2308 956 deﬁnita
2348 901 2578 957 libenter
2609 903 2907 974 suscipiens
2935 902 3227 973 subscripsi
3271 914 3436 958 manu

1862 989 2099 1059 propria.
2442 976 2448 981 ’

1935 1080 2312 1151 Theophanes,
2345 1083 2712 1140 misericordia
2743 1085 2838 1141 Dei
2873 1087 3156 1157 episcopus
3186 1086 3434 1142 Azaneo-

1866 1187 2003 1236 rum,
2031 1174 2210 1227 omnia
2241 1189 2359 1244 quae
2384 1175 2436 1229 in
2464 1185 2648 1232 sancta
2672 1186 2727 1230 et
2755 1178 3040 1233 universali
3066 1177 3273 1249 synodo
3295 1176 3438 1246 judi-

1863 1272 1984 1316 cata
2029 1271 2154 1317 sunt
2197 1273 2254 1318 et
2278 1264 2498 1320 deﬁnita
2547 1266 2776 1322 libenter
2816 1268 3113 1339 suscipiens
3143 1268 3435 1338 subscripsi

1867 1369 2028 1406 manu
2069 1355 2311 1424 propria.

1933 1445 2202 1517 lgnatius,
2261 1449 2634 1514 misericordia
2689 1451 2778 1506 Dei
2833 1451 3118 1523 episcopus
3173 1451 3437 1525 Dorylzei,

1865 1539 2044 1594 omnia
2074 1556 2194 1610 qua:
2224 1541 2276 1596 in
2318 1550 2504 1598 sancta
2535 1552 2590 1596 et
2637 1542 2925 1598 universali
2957 1543 3161 1616 synodo
3201 1542 3438 1613 iudicata

1867 1640 1994 1684 sunt
2024 1638 2079 1686 et
2101 1631 2323 1687 deﬁnita
2355 1633 2584 1688 libenter
2609 1633 2909 1702 suscipiens
2943 1634 3234 1702 subscripsi
3278 1649 3438 1689 manu

1868 1722 2104 1791 propria.

1936 1811 2344 1877 Constantinus,
2390 1813 2760 1880 misericordia
2804 1813 2898 1868 Dei
2928 1814 3214 1884 episcopus
3258 1814 3440 1884 Augu-

1800 1887 1840 1943 Β
1868 1901 2161 1970 stopoleos,
2189 1902 2370 1957 omnia
2397 1917 2517 1972 quae
2546 1903 2598 1956 in
2628 1910 2813 1957 saneta
2842 1911 2897 1958 et
2925 1903 3212 1958 universali
3239 1902 3444 1974 synodo

1860 1995 2100 2066 judicata
2135 2001 2260 2050 sunt
2288 2004 2345 2049 et
2371 1992 2589 2049 deﬁnita
2623 1993 2852 2048 libenter
2880 1993 3179 2064 suscipiens
3209 1991 3448 2047 subscri-

1868 2086 1948 2155 psi
1979 2101 2138 2140 manu
2165 2085 2403 2155 propria.

1935 2173 2178 2239 Cericus,
2219 2174 2584 2230 misericordia
2629 2173 2723 2228 Dei
2763 2173 3048 2242 episcopus
3089 2169 3448 2236 Gordorinite,

1867 2267 2046 2322 omnia
2078 2275 2197 2337 una:
2228 2269 2280 2322 in
2307 2276 2493 2323 sancta
2537 2276 2592 2323 et
2629 2267 2916 2322 universali
2964 2265 3169 2338 synodo
3206 2265 3449 2336 judicata
3487 2308 3491 2311 ς

1871 2368 1995 2413 sunt
2021 2367 2076 2414 et
2103 2358 2321 2414 deﬁnita
2358 2359 2588 2414 libenter
2613 2359 2915 2430 suscipiens
2943 2357 3238 2426 subscripsi
3289 2372 3448 2410 manu

1870 2448 2108 2518 propria.

1940 2539 2138 2594 Paulus
2163 2580 2184 2605 ,_
2231 2540 2600 2596 misericordia
2634 2541 2725 2596 Dei
2756 2542 3040 2612 episcopus
3081 2538 3303 2604 Bareos,
3331 2552 3452 2592 om-

1873 2629 1962 2684 nia
2009 2644 2130 2699 quze
2181 2629 2233 2683 in
2278 2638 2462 2684 sancta
2509 2638 2564 2684 et
2613 2629 2903 2685 universali
2959 2629 3164 2700 synodo
3207 2626 3451 2695 judicata

1873 2727 1996 2772 sunt
2023 2730 2078 2773 et
2109 2718 2329 2774 deﬁnita
2366 2718 2594 2774 libenter
2634 2717 2935 2790 suscipiens
2966 2716 3258 2786 subscripsi
3287 2730 3453 2770 manu

1873 2805 2109 2880 propria.

1944 2901 2076 2967 Leo,
2106 2900 2476 2954 misericordia
2506 2901 2601 2954 Dei
2631 2902 2918 2971 episcopus
2943 2899 3220 2962 Seleuciae,
3268 2900 3453 2956 omnia

1874 3006 1996 3062 qua:
2043 2990 2098 3044 in
2132 2998 2320 3045 sancta
2357 2999 2414 3045 et
2453 2990 2746 3046 universali
2794 2991 3000 3062 synodo
3045 2989 3281 3062 iudicata
3329 2998 3460 3048 sunt.

1875 3089 1930 3134 et
1953 3079 2172 3136 deﬁnita
2209 3078 2438 3135 libenter
2465 3079 2766 3150 suscipiens
2805 3079 3106 3150 subscripsi
3142 3094 3301 3134 manu
3333 3093 3461 3134 uro—

1877 3171 2015 3240 pria.

1953 3259 2199 3324 Basilius,
2242 3259 2614 3316 misericordia
2660 3259 2756 3315 Dei
2801 3258 3086 3328 episcopus
3125 3257 3460 3322 Adadorum,

1877 3352 2059 3406 omnia
2083 3365 2204 3421 quae
2241 3351 2295 3405 in
2327 3359 2509 3404 sancta
2552 3359 2608 3405 et
2649 3348 2937 3404 universali
2972 3347 3181 3419 synodo
3218 3347 3462 3417 iudicata

1877 3452 2004 3498 sunt
2028 3453 2084 3498 et
2121 3441 2341 3498 deﬁnita
2375 3441 2605 3496 libenter
2637 3440 2936 3511 suscipiens
2975 3438 3268 3508 subscripsi
3295 3424 3462 3493 manis

1876 3548 2226 3692 prgglcflaus,
2250 3623 2615 3678 misericordia
2641 3622 2737 3676 Dei
2767 3621 3052 3691 episcopus
3077 3619 3322 3685 Docimii,
3348 3633 3468 3674 om-

1877 3717 1966 3774 nia
1994 3731 2113 3785 quae
2145 3716 2198 3770 in
2225 3724 2410 3769 sancta
2437 3725 2493 3769 et
2521 3712 2812 3769 universali
2835 3713 3042 3784 synodo
3065 3711 3304 3781 iudicata
3334 3721 3472 3771 sunt.
3561 3723 3569 3731 '

1876 3817 1932 3863 et
1955 3807 2174 3863 deﬁnita
2202 3806 2449 3871 libenter,
2475 3813 2581 3861 etc.

1947 3896 2342 3967 Theognostus,
2376 3894 2746 3950 misericordia
2810 3893 2905 3948 Dei
2969 3893 3253 3962 episcopus
3310 3889 3446 3945 Par-

1877 3991 2046 4056 nassi,
2071 3989 2251 4044 omnia
2302 4003 2422 4058 quae
2486 3989 2538 4041 in
2593 3995 2778 4043 sancta
2826 3994 2882 4041 et
2920 3983 3208 4040 universali
3254 3982 3486 4054 synodos

1870 4081 2111 4150 iudicata
2147 4091 2274 4136 sunt
2305 4089 2359 4135 et
2387 4081 2603 4135 deﬁnita
2634 4080 2864 4136 libenter
2891 4079 3194 4148 suscipiens
3220 4076 3457 4132 subscri-

1876 4175 1958 4249 psi
1986 4189 2148 4229 manu
2179 4174 2417 4245 propria.

1946 4267 2243 4339 Georgius,
2283 4266 2652 4324 misericordia
2705 4266 2793 4319 Dei
2858 4265 3140 4334 episcopus
3211 4261 3463 4329 Zetunii,

1877 4359 2056 4414 omnia
2105 4373 2224 4430 qua:
2252 4358 2306 4413 in
2347 4365 2534 4412 saneta
2561 4365 2617 4409 et
2644 4353 2932 4409 universali
2974 4353 3180 4423 synodo
3222 4351 3484 4421 iudicatae

1875 4457 2003 4505 sunt
2030 4457 2087 4504 et
2110 4447 2328 4503 deﬁnita
2365 4446 2594 4502 libenter
2623 4443 2924 4498 suscipiens
2962 4439 3254 4496 subscripsi
3298 4453 3486 4494 manu,

1874 4540 2113 4612 propria.

1948 4629 2291 4692 Theoclitus,
2336 4623 2705 4682 misericordia
2755 4621 2848 4675 Dei
2892 4621 3177 4690 episcopus
3224 4618 3469 4675 Laceda-

1879 4718 2295 4784 monize,omnia
2327 4731 2447 4788 qum
2481 4714 2534 4767 in
2582 4722 2767 4768 sancta
2816 4720 2873 4765 et
2919 4709 3209 4766 universali
3259 4709 3484 4778 synodo,

1871 4811 2109 4881 judicata
2150 4815 2278 4864 sunt
2301 4815 2355 4860 et
2384 4803 2604 4860 deﬁnita
2627 4802 2855 4858 libenter
2889 4800 3191 4871 suscipiens
3227 4799 3468 4854 subscri-

1878 4901 1961 4970 psi
1993 4915 2151 4956 manu
2177 4897 2416 4966 propria.

1907 4971 1909 4974 ﬁ
1951 4993 2309 5063 Nicephorius,
2353 4985 2726 5045 misericordia
2759 4982 2854 5037 Dei
2889 4983 3173 5053 episcopus
3195 4983 3496 5044 Crotonze,..

1879 5088 2062 5142 omnia
2098 5097 2218 5154 quae
2247 5082 2301 5135 in
2340 5089 2524 5137 sancta
2571 5091 2627 5138 ct
2661 5073 2952 5130 universali
2994 5076 3196 5147 synodo
3228 5073 3502 5142 iudicata,

1879 5186 2006 5233 sunt
2042 5184 2096 5232 et
2122 5172 2340 5230 deﬁnita
2370 5172 2606 5230 libenter
2632 5162 2936 5231 suscipiens
2970 5164 3265 5238 subscripsi
3307 5171 3504 5218 "manu,

1878 5268 2120 5338 propria.

1953 5361 2286 5400 Ninonhnruc
2352 5351 2732 5398 unicnrinnrdia
2786 5348 2882 5388 “ni
2934 5353 3214 5392 anicnnnnc
3267 5347 3471 5386 7M‘VH-
