3960 5760
2008 273 2173 290 φέρου.

479 363 595 427 ιὸἆ

1636 324 1995 428 amaris"
2036 360 2585 431 BlBLlO'l‘llECAllll

3632 366 3725 425 184

471 486 651 540 dicata
677 491 883 540 suntet
920 484 1140 542 deﬁnita
1180 487 1410 543 libenter
1436 487 1734 558 suscipiens
1758 488 2048 557 subScripsi
2082 493 2126 551 A
2155 501 2284 542 cens
2315 506 2328 541 :
2373 486 2511 553 Quin
2560 465 2895 539 incaluerant
2934 500 3088 556 super
3132 499 3229 550 me,
3277 482 3403 539 dicit
3455 475 3731 551 Dominus,

475 586 636 628 manu
659 574 896 644 propria.

541 667 868 738 Gregorius,
900 668 1269 726 misericordia
1318 670 1408 725 Dei
1453 670 1741 741 episcopus
1814 670 2049 734 Mesinte,

470 761 653 816 omnia
680 774 801 832 quae
847 761 902 819 in
944 770 1132 818 sancta
1158 772 1215 820 et
1242 763 1536 819 universali
1587 761 2052 834 synodojudicata

471 859 602 905 sunt
626 860 684 906 et
702 851 919 918 deﬁnita
965 852 1198 909 libenter
1234 852 1538 922 suscipiens
1565 851 1858 921 subscripsi
1891 860 2052 905 manu

470 955 711 1011 propria.

541 1032 865 1098 Demetrius,
886 1034 1261 1089 misericordia
1312 1034 1407 1089 Dei
1448 1033 1736 1103 episcopus
1785 1029 2052 1102 Scyllatii,

467 1118 652 1173 munia
673 1133 793 1188 quas
824 1119 879 1174 in
915 1130 1103 1177 sancta
1132 1129 1188 1177 et
1231 1121 1523 1177 universali
1544 1166 1545 1169 η
1567 1122 1773 1192 synodo
1812 1119 2063 1188 iudicata

468 1215 598 1265 sunt
624 1217 680 1266 et
698 1207 916 1268 deﬁnita
942 1210 1172 1285 libenter
1213 1211 1515 1280 suscipiens
1554 1211 1847 1280 subscripsi
1892 1224 2054 1264 nianu

468 1299 712 1369 propria.
1684 1322 1692 1329 -

540 1388 769 1449 Michael
793 1433 808 1459 ,
860 1394 1235 1452 misericordia
1293 1394 1386 1450 Dei
1443 1394 1728 1466 episcopus
1790 1392 2010 1464 Cercyri

467 1480 649 1536 munia
694 1496 816 1553 quas
859 1483 912 1538 in
941 1493 1129 1539 sancta
1169 1492 1226 1539 et
1263 1484 1554 1540 universali
1580 1484 1787 1556 synodo
1813 1482 2054 1552 judicata

466 1581 597 1631 sunt
644 1581 700 1628 et
724 1572 947 1649 deﬁnita
975 1573 1206 1631 libenter
1230 1575 1529 1646 suscipiens
1557 1573 1851 1644 subscripsi
1894 1588 2055 1628 manu

465 1667 709 1740 propria.
1839 1708 1844 1714 .

538 1759 671 1826 Leo.
699 1761 1064 1819 misericdrdia
1117 1761 1209 1817 Dei
1252 1762 1538 1832 episcopus
1580 1759 1847 1832 Agalassi,
1876 1757 2056 1814 omnia

2156 577 2308 632 verba
2352 588 2539 632 uestra.
2576 576 2642 630 Et
2675 575 2883 630 dixistis
2915 592 2935 630 :
2968 575 3109 642 Quid
3153 577 3313 630 locuti
3345 592 3528 632 sumus
3551 586 3733 631 contra

2153 668 2242 722 te?
2265 667 2332 722 Et
2364 668 2609 722 dixistis:
2649 664 2828 720 Vanus
2879 676 2956 721 est
2974 705 2995 743 7,
3022 666 3112 738 qui
3148 666 3302 721 servit
3347 664 3572 720 Domino
3625 678 3645 716 :
3684 672 3747 717 et.

2152 759 2289 827 quod
2317 758 2723 814 emolumentum
2753 757 2878 831 quia
2907 742 3279 813 custodivimus
3301 762 3564 828 pracepta
3594 755 3731 827 ejus,

2154 848 2343 916 etquia
2397 848 2779 903 ambulat-imus
2825 849 3001 903 tristes
3048 863 3225 902 coram
3262 845 3489 902 Domino
3540 844 3745 901 exerci-~

2154 936 2344 990 tuum?
2370 935 2513 1007 Ergo
2541 952 2680 992 nunc
2724 938 2900 993 beatus
2929 934 3173 991 ‘die'imtts'
3194 939 3540 1008 arrogauler;

2119 1044 2125 1056 ί
2154 1027 2268 1080 dem
2291 1026 2541 1097 ardiﬁcati
2564 1038 2683 1082 sunt
2710 1028 2959 1099 facientes
2978 1028 3317 1097 impietatem,
3337 1036 3387 1081 et
3408 1030 3742 1081 lentam

2156 1118 2343 1184 Deum,
2371 1129 2419 1174 et
2446 1119 2573 1175 salvi
2611 1118 2906 1189 (actium.
2940 1117 3086 1173 Tunc
3136 1117 3296 1172 locuti
3334 1127 3454 1173 sunt
3490 1117 3742 1172 “timentes

2157 1212 2343 1276 Deum,
2366 1213 2719 1283 unusquisque
2740 1212 2977 1281 proximo
2995 1227 3092 1265 suo
3113 1225 3133 1265 :
3151 1208 3222 1265 Et
3241 1209 3438 1264 audivit
3461 1205 3752 1273 Dominus,‘

2060 1340 2065 1345 ι
2154 1311 2201 1355 et
2225 1301 2469 1366 attendit,
2492 1309 2540 1354 et
2570 1301 2794 1371 scriptus
2815 1309 2891 1354 est
2918 1299 3048 1353 liber
3088 1296 3409 1353 monumenti
3437 1298 3619 1350 eorum
3653 1300 3752 1362 eo;

2155 1391 2457 1445 timentibus
2503 1390 2672 1445 Deum
2728 1399 2777 1446 et
2814 1389 3166 1462 cogitantibus
3212 1393 3405 1443 nomen
3478 1387 3621 1458 ejus.
3668 1383 3742 1443 Et

2155 1489 2307 1535 erunt
2334 1481 2484 1547 mihi,
2511 1482 2585 1535 ait
2626 1480 2884 1536 Dominus
2910 1479 3263 1545 exercituum,
3294 1477 3468 1541 indie.
3500 1492 3609 1549 qua
3646 1492 3753 1548 ego.

2157 1571 2317 1641 facio,
2340 1573 2397 1626 in
2421 1571 2726 1642 peculium:
2751 1587 2971 1643 parcam
2987 1573 3084 1638 eis,
3107 1571 3265 1625 sicut
3287 1576 3464 1640 parcet
3502 1569 3585 1624 uir
3630 1567 3747 1639 ﬁlio

2155 1678 2252 1717 suo
2290 1663 2536 1718 servienti
2556 1664 2657 1718 sibi
2678 1678 2699 1718 :
2726 1671 2786 1723 .et
2833 1661 3214 1726 convertimini,
3264 1673 3312 1716 et
3339 1660 3579 1715 videbitis
3616 1659 3754 1730 quid

2157 1756 2226 1810 sit
2254 1755 2391 1809 inter
2427 1754 2635 1825 justum
2663 1763 2712 1809 et
2752 1754 2991 1825 impium,
3016 1762 3063 1808 et
3119 1751 3597 1807 inter-servientem
3637 1749 3748 1804 Do-

465 1867 589 1924 quas
633 1853 689 1908 in
733 1863 918 1910 sancta
969 1861 1024 1909 et
1069 1853 1354 1910 universali
1382 1852 1588 1925 synodo
1624 1850 1864 1922 iudicata
1924 1858 2052 1904 sunt
2081 1845 2128 1907 Β
2158 1846 2299 1899 mino
2320 1854 2369 1899 et
2397 1861 2499 1900 non
2522 1845 2822 1900 servientem
2853 1844 2902 1900 ei
2929 1842 3216 1919 (Maloea,
3252 1840 3750 1910 tu).Jubileteaim
3818 1838 3821 1841 “

462 1952 522 1997 et
535 1940 755 1998 deﬁnita
773 1942 1002 1999 libenter
1012 1943 1313 2013 suscipiens
1333 1942 1624 2012 subscripsi
1641 1955 1801 1996 manu
1814 1937 2053 2011 propria.

482 2048 489 2053 *
542 2029 820 2096 Ιιρειιιιὶιιε,
848 2032 1222 2098 misericordia
1253 2032 1348 2088 Dei
1382 2033 1666 2104 cpiscopus
1697 2030 1910 2102 Bhegii,
1944 2044 2058 2084 om-

400 2122 405 2125 ’
471 2121 564 2181 nia
591 2137 713 2193 qua
740 2123 797 2178 in
817 2132 1007 2180 sancta
1028 2134 1081 2180 et
1114 2121 1401 2181 universali
1441 2123 1648 2194 synodo
1664 2120 1902 2193 iudicata
1929 2128 2056 2175 sunt

465 2224 522 2267 et
532 2212 750 2269 deﬁnita
769 2214 993 2271 libenter
1005 2216 1304 2287 suscipiens
1318 2214 1610 2285 subscripsi
1636 2228 1795 2268 manu
1815 2211 2054 2283 propria.

538 2304 736 2361 Paulus
765 2346 780 2371 ,
832 2306 1199 2373 misericordia
1254 2307 1346 2362 Dei
1390 2307 1673 2375 episcopus
1727 2303 2061 2367 Tauriana,-

442 2397 647 2451 ‘omnia
691 2411 814 2465 quas
857 2397 910 2451 in
952 2405 1139 2452 sancta
1168 2405 1224 2453 et
1261 2396 1550 2451 universali
1582 2394 1789 2462 synodo
1816 2392 2055 2465 judicata

466 2493 594 2538 sunt
619 2485 915 2541 et‘deliuita
941 2484 1173 2541 libenter
1197 2485 1497 2555 suscipiens
1544 2483 1837 2553 subscripsi
1893 2495 2054 2535 manu

463 2591 686 2647 propria
724 2588 747 2616 II
759 2614 773 2629 .

464 2706 705 2779 Epistola
730 2706 992 2781 encyclica
1013 2718 1208 2766 sancta'
1227 2726 1288 2765 ac
1311 2706 1617 2765 universalis
1640 2715 1832 2763 octava:
1845 2703 2051 2776 synodi.

534 2844 816 2903 Exsultate
862 2846 1087 2902 Domino
1129 2848 1365 2918 adjutori
1413 2857 1630 2911 nostro,
1668 2844 1897 2915 jubilate
1940 2843 2052 2899 Deo

463 2937 632 2993 Jacob
661 2952 678 2990 :
718 2949 769 3015 et
801 2938 1130 2993 laudationes
1153 2939 1246 2993 Dei
1273 2940 1326 2992 in
1356 2941 1519 3004 portis
1540 2938 1667 3007 ﬁlia:
1691 2935 1823 2993 Sion
1844 2952 2053 2991 annun-

464 3030 593 3083 tiate
637 3028 869 3083 alacrius
917 3040 964 3085 et
1012 3030 1347 3100 suﬁcientius
1387 3028 1558 3099 (Psal.
1587 3029 1772 3096 ωαχ).
1802 3026 2051 3082 Debitttm

465 3129 570 3185 est,
593 3120 897 3175 charissimi
947 3120 1169 3184 fratres,
1211 3121 1278 3175 ad
1328 3120 1687 3175 reverentiam
1715 3125 1952 3174 vestram
1979 3116 2055 3170 di-

465 3227 591 3268 cere
615 3224 740 3267 cum
764 3211 1027 3283 propheta
1065 3210 1256 3277 David,
1278 3220 1335 3265 et
1373 3210 1559 3265 rursus
1610 3223 1733 3265 cum
1787 3207 2050 3278 prepheta
2079 3193 2124 3256 C

464 3302 684 3358 Nahum
707 3302 858 3358 alicui
885 3321 898 3357 ε
927 3302 1065 3369 Quia
1089 3317 1205 3357 ecce
1229 3301 1424 3356 veloces
1458 3301 1613 3366 pedes
1651 3297 2065 3370 euangelizantis

463 3405 515 3450 et
569 3395 935 3450 annuatiantis
986 3410 1168 3464 pacem
1206 3407 1225 3446 :
1267 3392 1508 3458 Celebra,
1542 3391 2071 3462 Juda,festivitates:

465 3497 620 3554 tuas;
650 3486 806 3542 redde
827 3486 936 3541 Deo
965 3496 1083 3541 vota
1117 3497 1231 3550 tua,
1262 3502 1356 3555 pro
1395 3502 1455 3539 eo
1495 3486 1634 3555 quod
1659 3499 1762 3538 non
1803 3483 1897 3554 adj
1918 3481 2067 3537 cient

462 3576 629 3643 ultra,
660 3587 717 3631 ut
749 3578 1018 3637 transeant
1045 3576 1099 3629 in
1130 3585 1456 3630 uetustatem.
1481 3574 1915 3628 Consummatum
1951 3581 2049 3636 est,

385 3678 394 3686 ‘
464 3669 730 3725 sublatum
777 3679 884 3735 est,
932 3668 1170 3722 ascendit
1207 3668 1476 3738 insnﬁians
1521 3668 1576 3721 in
1643 3668 1832 3737 faciem
1881 3676 2051 3729 tuam,

464 3762 695 3816 eximens
724 3760 790 3814 de
827 3759 1159 3813 tribulatione
1185 3775 1204 3812 :
1233 3775 1293 3812 eo
1342 3759 1480 3827 quod
1544 3758 1747 3813 uerterit
1796 3756 2071 3812 Dominus

465 3849 839 3904 contumeliam
914 3847 1082 3902 Iacob
1106 3887 1120 3910 ,
1185 3848 1624 3919 quemadmodum
1687 3847 2053 3902 contumeliam

467 3940 639 3997 Israel
668 3939 930 4011 (Nattam.
968 3940 1031 4010 ι).
1070 3939 1207 4007 Quid
1266 3942 1410 3995 enim
1470 3941 1614 3995 aliud
1668 3940 1913 4010 gratius,
1969 3940 2056 3995 vel

468 4047 594 4104 qua:
659 4030 917 4103 specialis
963 4032 1440 4088 exsultationistac
1475 4032 1777 4087 dilectionis
1804 4032 2083 4097 materia,-

465 4139 563 4180 seu
603 4121 910 4179 conciliatio
946 4131 1048 4186 est,
1083 4137 1244 4191 quam
1268 4123 1451 4177 videre
1487 4122 1656 4178 libere
1691 4131 1938 4193 agentem
1976 4121 2073 4182 ul-_

468 4216 680 4273 tionum
730 4213 1059 4278 Dominum,
1096 4221 1154 4267 et
1206 4212 1455 4281 superbis
1510 4212 1916 4266 retributionem
1970 4212 2057 4283 ju-

467 4315 611 4364 stam
652 4314 710 4364 ct
746 4305 1178 4368 convenientem,
1220 4312 1275 4358 et
1299 4303 1526 4358 zelotem
1564 4302 1849 4358 Dominum
1887 4303 2059 4358 vindi-

469 4408 684 4456 cantem
724 4399 975 4456 inimicos
1014 4398 1178 4453 suos?
1215 4395 1444 4467 PrOpter
1469 4396 1572 4451 hoc
1608 4396 1752 4451 enim
1802 4396 1946 4451 dicit
2001 4406 2079 4451 et

468 4493 757 4552 Psalmista
799 4512 813 4549 :
855 4492 1146 4548 Ltetabitur
1166 4493 1367 4564 justus,
1394 4508 1512 4547 cum
1559 4493 1744 4547 uiderit
1775 4493 2054 4548 uindictam

2158 1940 2409 1995 universa
2445 1936 2665 2018 Christi
2707 1938 3096 2015 etSalvatoris
3139 1937 3351 2011 nostri
3398 1936 3662 2004 Ecclesia,
3691 1942 3770 2019 ei

2156 2032 2476 2105 gratiﬁcans
2509 2033 2560 2089 ei
2612 2031 3031 2104 gloriﬁcationes
3067 2027 3563 2107 decantet,-‘iterum
3633 2028 3751 2086 cla—

2156 2137 2315 2179 mans
2380 2138 2504 2179 cum
2568 2121 2830 2194 propheta
2890 2122 3102 2193 David:
3146 2118 3347 2194 Fidelis
3384 2120 3644 2201 Dominus
3678 2120 3753 2176 in

2156 2215 2394 2271 omnibus
2414 2216 2582 2270 verbis
2605 2211 2738 2279 suis,
2778 2224 2826 2269 et
2854 2223 3080 2287 sanctus~
3113 2214 3170 2270 in
3224 2213 3465 2285 omnibus
3487 2211 3751 2284 operibus

2154 2306 2266 2359 suis
2296 2304 2470 2377 (Psal.
2504 2290 2703 2375 θάκων).
2732 2299 2839 2372 Qui
2858 2304 3001 2361 enim
3044 2304 3182 2360 dixit
3207 2305 3276 2359 ad
3311 2312 3533 2369 sanctos
3582 2302 3755 2379 discif

2154 2394 2312 2466 pulos
2346 2402 2402 2450 et
2426 2393 2700 2465 apostolos
2727 2408 2856 2450 suos
2893 2394 3029 2468 :iEt.
3054 2411 3171 2464 ecce
3197 2410 3297 2465 ego,
3329 2394 3588 2450 Wbiscum
3627 2410 3749 2448 suns

2155 2487 2395 2542 omnibus
2445 2486 2648 2553 diebus,
2671 2503 2834 2558 usque
2888 2486 2958 2540 ad
3016 2486 3518 2557 consummationem
3563 2484 3747 2539 δαισιιὸ

2155 2575 2370 2648 (Matth.
2396 2575 2651 2648 xxxviii);
2689 2586 2740 2631 et
2766 2576 2843 2653 ait
2871 2576 2937 2630 ad
2959 2574 3178 2630 Petrum
3207 2572 3572 2645 apostolorum
3594 2572 3751 2642 prin-

2155 2652 2561 2738 cipalissimam
2588 2667 2952 2723 summitatem
3005 2680 3020 2719 :
3064 2665 3152 2741 Tu
3185 2682 3239 2739 es
3262 2663 3478 2743 Petrus,
3506 2672 3556 2721 et
3586 2678 3749 2734 super

2063 2804 2071 2819 ι
2153 2762 2287 2815 hanc
2334 2770 2534 2830 petram
2581 2758 2853 2828 (ediﬁcabo
2904 2756 3195 2812 Ecclesium
3230 2771 3437 2820 meam,
3465 2762 3515 2808 et
3578 2762 3750 2823 porte

2152 2851 2309 2921 inferi
2329 2866 2433 2905 non
2479 2849 2833 2921 prwoalebunt
2877 2849 3125 2904 adversus
3177 2863 3292 2902 eam
3338 2844 3554 2918 (Matth.
3585 2844 3746 2915 nt):

2160 2943 2436 3000 multoties
2458 2941 2594 2998 alias
2623 2940 2780 2997 inferi
2807 2949 3014 3011 portas,
3039 2948 3256 3010 apertas
3316 2945 3503 2993 contra
3560 2934 3751 2991 Eccle-

2155 3035 2313 3101 siam,
2338 3044 2394 3091 et
2420 3034 2685 3091 devorare
2723 3046 2844 3088 eam
2897 3040 3186 3095 tentantes,
3216 3028 3509 3094 obstruxit,
3539 3028 3745 3084 contri-

2156 3128 2260 3194 vit,
2287 3135 2452 3197 atque
2479 3123 2785 3191 destruxit,
2827 3106 3147 3179 [latreticas‘
3165 3119 3412 3179 videlicet
3436 3118 3748 3190 opiniones,

2153 3226 2210 3273 et
2238 3217 2422 3287 iuiq’ua
2445 3215 2754 3281 conamina,
2777 3229 2899 3285 quae
2919 3214 2978 3291 in
2999 3213 3290 3285 praeteritis
3305 3200 3753 3283 generationibus

2153 3325 2252 3380 per
2272 3292 2369 3364 Slla
2403 3294 2643 3377 tempora
2682 3314 2810 3362 sunt
2834 3289 3059 3369 exerta,
3101 3291 3570 3380 sednihilominus
3604 3289 3762 3357 etiu'

2155 3401 2482 3457 instantibus
2515 3399 2846 3471 temporibus
2868 3398 3080 3455 inferno
3103 3390 3381 3468 proprium
3426 3409 3499 3450 os
3552 3402 3747 3449 contra

2153 3488 2449 3548 Ecclesium
2501 3489 2701 3545 Christi
2750 3488 3027 3559 aperiente
3054 3495 3108 3543 et
3143 3486 3426 3551 dilatantc,
3450 3480 3619 3539 simili
3647 3478 3747 3554 p'a-

2156 3585 2311 3655 rique
2333 3582 2492 3638 modo
2517 3588 2792 3652 protector
2831 3578 2958 3650 ejus
2978 3576 3160 3633 factus
3182 3585 3267 3633 est
3304 3564 3554 3632 Christus
3604 3574 3749 3632 Deus

2154 3685 2356 3741 noster,
2372 3666 2463 3745 qui
2486 3672 2829 3743 desponsavit
2849 3668 2994 3740 eam,
3006 3680 3060 3727 et
3084 3686 3179 3726 ora
3205 3668 3538 3739 loquentium
3562 3668 3748 3738 iniqua

2155 3765 2362 3823 multila
2370 3766 2447 3821 rie
2461 3763 2748 3834 multisque
2763 3762 2935 3818 modis
2954 3762 3243 3822 obstruxit.
3257 3769 3313 3816 et
3326 3761 3464 3816 hanc
3476 3759 3545 3814 ab
3557 3772 3749 3814 eorum

2155 3860 2374 3916 Iaasione
2396 3867 2451 3914 et
2471 3857 2780 3928 pestilentia
2819 3855 3086 3910 liberavit.
3109 3855 3159 3909 ls
3186 3854 3333 3909 enim
3362 3851 3453 3925 qui
3514 3850 3747 3908 formam

2156 3951 2373 4022 quidem
2404 3947 2625 4019 pietatis
2685 3946 2885 4002 habere
2926 3944 3234 4009 simulabat,
3272 3943 3527 3998 virtutem
3566 3951 3751 3997 autem

2156 4043 2272 4113 ejus
2310 4039 2634 4111 abnegabat,
2662 4047 2733 4093 'et
2774 4036 3081 4094 secundum
3113 4035 3494 4106 antiphraseos
3531 4042 3747 4104 tropum

2156 4128 2382 4189 I’hotius
2447 4128 2841 4199 appellabatur,
2891 4124 3056 4180 multa
3107 4133 3164 4179 et
3209 4123 3357 4178 varia
3405 4121 3627 4192 quidem
3679 4122 3751 4176 ab

2157 4229 2317 4275 :ctate
2346 4206 2548 4287 impubi
2575 4225 2761 4271 contra
2791 4224 2907 4271 eam
2930 4199 3207 4269 adinveuit
3262 4210 3565 4276 molimina,
3593 4210 3750 4286 stoli-

2162 4313 2245 4368 dis
2265 4320 2320 4368 et
2347 4324 2580 4380 nequam
2605 4308 2973 4364 schismaticis
3010 4304 3372 4371 concordans,
3403 4304 3567 4383 atque
3620 4320 3748 4361 con-

2158 4405 2404 4465 cinnans,
2429 4411 2485 4459 et
2508 4401 2875 4473 persuasoriis'
2892 4400 3072 4457 verbis
3110 4399 3307 4457 inultos
3333 4400 3400 4454 ah
3433 4413 3498 4455 ea
3558 4412 3747 4470 seque-

2160 4506 2364 4561 strans,
2396 4502 2448 4549 et
2475 4493 2529 4549 in
2558 4493 2808 4565 laqueum
2854 4492 3173 4562 perditionis
3207 4492 3489 4548 attrahens
3520 4491 3747 4547 :vocari

470 4576 800 4655 (Psal.t.vu)
844 4601 858 4638 :
897 4584 1172 4639 laetabitur
1229 4592 1435 4649 autem,
1474 4599 1580 4639 non
1622 4584 1868 4654 profecto
1927 4584 2052 4655 quia
2088 4567 2131 4623 Ι)
2159 4595 2337 4641 autem
2395 4583 2565 4640 Rabbi
2611 4592 2823 4654 printer
2854 4590 3087 4666 cetatem’
3122 4594 3235 4641 tota
3287 4585 3484 4641 virtute
3506 4595 3744 4650 tentans,

469 4675 597 4733 ﬁdei
616 4672 1020 4732 adversantium
1059 4686 1275 4730 caterva
1315 4676 1475 4745 perit,
1513 4685 1569 4730 et
1605 4676 1657 4730 in
1698 4686 1920 4746 peccato
1957 4692 2056 4732 suo

470 4767 702 4822 moritur
739 4766 963 4835 impius;
1003 4766 1096 4819 scd
1145 4765 1271 4833 quia
1329 4766 1616 4820 contritam
1645 4765 1811 4820 -videt
1867 4780 2057 4835 pecca-

473 4866 653 4911 torum
684 4858 913 4926 virgam,
948 4868 1017 4910 ne
1052 4864 1108 4910 et
1149 4856 1279 4925 justi
1326 4871 1518 4912 manus
1550 4856 1802 4910 suas-ad
1863 4856 2079 4926 iniqui-.

472 4947 988 5013 tatest‘ext'endant,
1024 4945 1411 5015 -tranquil-lam
1470 4945 1789 5015 iniustitiam
1862 4950 2054 5019 magis,

473 5048 643 5106 quam
710 5037 948 5092 divinam
1002 5035 1271 5106 institiam
1332 5039 1640 5104 intuentes,
1677 5047 1755 5093 tet
1830 5042 2081 5096 meuda-g

477 5127 622 5180 cium
644 5158 650 5164 Α
671 5122 936 5183 adversus
974 5157 979 5163 -
1009 5127 1303 5182 veritatem
1329 5129 1590 5184 continuo
1611 5130 1906 5199 praevalere
1975 5133 2083 5187 vir

2159 4679 2480 4750 quibusdam
2501 4677 2734 4748 propriis
2760 4677 2976 4748 scriptis
2996 4686 3048 4733 et
3078 4676 3476 4749 chirographis,
3502 4677 3644 4732 sicut
3662 4689 3741 4742 se,

2161 4772 2516 4842 simpliciores
2576 4784 2810 4840 quoque,
2835 4770 2979 4840 quin“
3022 4762 3207 4839 potius
3231 4770 3459 4825 leviores
3481 4770 3583 4825 sub
3605 4783 3748 4840 pm-

2162 4874 2312 4919 textu
2336 4864 2489 4934 quasi
2515 4864 2784 4935 discenda:
2821 4864 3118 4936 disciplinae
3137 4864 3431 4921 dialecticae
3448 4864 3739 4921 vinciebat:
3760 4886 3765 4894 ι

2162 4966 2307 5013 esset
2333 4957 2576 5028 profecto
2606 4958 2720 5028 ipse
2748 4957 3008 5028 insipiens
3040 4965 3097 5013 et
3139 4956 3286 5012 omni
3313 4944 3558 5028 privatus
3580 4956 3738 5012 intel-

2154 5048 2397 5120 ligentia,
2438 5047 2890 5118 quemadmodum
2943 5048 3124 5103 divina
3162 5047 3446 5117 Scriptura
3489 5055 3737 5110 testatur,

2156 5140 2438 5195 evidenter
2487 5154 2849 5195 asseverans:
2894 5128 3055 5195 Dixit
3092 5136 3352 5194 Dominus
3385 5134 3761 5206 homini,ecce'

452 5217 806 5309 ἀδηερε-λ.Αο
841 5232 940 5286 Per
976 5217 1098 5307 hoc
1146 5219 1363 5309 νέηίθηι
1406 5220 1472 5273 ad
1527 5229 1761 5275 mentem
1802 5221 1969 5286 illam.
1999 5234 2054 5278 et
2152 5233 2394 5301 pietaset
2416 5232 2693 5302 sapientia,
2715 5232 2989 5288 abscedere
3013 5243 3186 5289 autem
3209 5252 3242 5288 a
3281 5231 3434 5287 malis
3463 5214 3762 5303 disciplina;

480 5304 836 5378 cogitationes
874 5304 999 5363 suas
1035 5304 1297 5377 propheta
1335 5310 1626 5366 Malachias
1686 5313 2049 5369 ins’inuat‘di-

550 5431 575 5459 ά
607 5417 720 5499 Non
749 5410 1145 5499 tescandalizet
1169 5406 1614 5499 subscribendum
1638 5422 1901 5499 pancitas.
1926 5427 2050 5498 quia

479 5490 609 5543 dum
660 5488 1017 5564 Photius_-diu
1050 5488 1384 5564 tyrannidem
1435 5488 1789 5554 exercuisset,
1821 5504 1875 5549 et
1917 5488 2052 5564 p'ene

479 5573 668 5614 omnes
694 5574 723 5612 a
751 5558 856 5628 piis
878 5556 1253 5628 dece_ss0ribus
1283 5560 1394 5613 suis
1422 5571 1669 5617 sacratos.
1690 5556 2027 5616 denosuismt

481 5637 535 5693 et
560 5628 613 5687 in
637 5624 766 5684 loca'
779 5642 968 5691 eorum
995 5624 1230 5679 fat-lorus
1249 5643 1371 5662 cum
1396 5639 1435 5648 υ

483 5704 583 5744 aut-
623 5713 648 5718 τ

2158 5322 2473 5394 (ΡδαΙζέῚ();
2515 5325 2581 5380 Εἰ
2630 5325 2824 5379 iterum
2868 5345 2881 5379 :
2918 5324 3138 5379 Initium
3158 5324 3429 5396 sapientiae
3451 5327 3612 5380 timor
3631 5324 3739 5381 Do-

2161 5412 2317 5491 stites
2346 5448 2480 5499 sunt
2510 5438 2734 5492 inventi.
2774 5418 2975 5494 Verum
2998 5447 3261 5492 auetonm
3291 5439 3392 5484 snh
3429 5430 3649 5484 Νευέιιεο
3682 5451 3763 5504 et,

2160 5506 2401 5586 Adriano
2432 5507 2656 5561 summis
2678 5521 2775 5552 rm-
2812 5510 2858 5516 “
