3960 5508
150 424 245 482 185

825 425 1377 484 INTERPRETATIO
1417 425 1667 486 svsom
1711 426 1819 484 vui
1857 427 2263 486 emensus.
2303 409 2373 472 —'—
2411 429 2613 488 ACTlO
2651 427 2712 486 x.

3293 426 3398 487 486

145 539 312 591 nunt:
351 537 645 593 inlellectus
689 547 860 593 autem
895 539 1058 592 bonus
1113 539 1349 603 amnibus
1405 535 1714 608 facientibus
1745 543 1790 600 Λ
1821 540 2118 608 pnescrtim
2197 541 2320 594 vivo
2393 541 2568 595 adhuc
2641 539 2877 610 legitimo
2931 537 3186 593 ‘ccclesia‘,
3258 539 3395 593 viro.

144 647 252 684 cum
268 628 445 700 (Psal.
465 629 579 700 cx).
597 628 712 683 Non
729 630 874 686 enim
905 638 1108 684 tantum
1140 631 1252 700 ipse
1268 645 1372 690 non
1396 630 1658 684 abscessit
1684 645 1713 682 a

145 721 315 788 malis,
363 721 452 776 vel
537 730 738 792 praeter
810 722 1101 780 canonicas
1154 722 1460 775 sanctiones
1528 734 1717 789 peper-

142 812 228 873 cit,
278 827 402 866 cum
450 821 597 869 esset
650 813 848 876 laicus,
893 811 1274 866 didascalicum
1349 810 1451 863 sibi
1522 823 1714 864 nomen

143 902 450 978 imponere,
517 912 575 957 et
617 903 878 973 «separari
922 918 952 956 a
1017 900 1217 956 Christi
1287 899 1552 964 Ecclesia,
1623 901 1715 954 sed

141 1002 191 1044 et
243 991 414 1047 Deum
480 991 662 1056 colere
713 993 999 1056 volentes,
1057 991 1204 1045 omni
1280 991 1716 1044 machinamento

142 1096 299 1146 usus,
375 1082 591 1138 alienos
659 1082 990 1137 constituere
1058 1095 1087 1133 a
1153 1079 1301 1148 justo
1371 1089 1495 1134 voto
1564 1078 1714 1134 festi-

138 1175 312 1239 navit;
381 1183 444 1228 ut
515 1175 569 1227 in
642 1173 732 1228 illo
817 1173 1131 1243 impleretur
1203 1180 1405 1241 aperte,
1467 1169 1718 1224 Domini-

137 1249 258 1317 cum'
291 1264 604 1333 eloquium,
659 1265 802 1334 quod
848 1264 1037 1338 asserit
1093 1279 1106 1315 :
1160 1260 1252 1316 Va:
1307 1261 1474 1326 vobis,
1523 1259 1718 1315 Scriba:

136 1369 178 1411 ιι
215 1355 514 1422 Phor-iuri,
544 1358 670 1427 quia
714 1373 798 1411 vos
843 1373 947 1409 non
991 1356 1200 1423 intratis
1240 1354 1294 1407 in
1340 1369 1554 1424 regnum
1598 1353 1715 1417 Dei,

136 1449 214 1501 sed
254 1447 519 1520 intrantes
561 1449 840 1519 prohibetis
873 1446 1022 1517 (Luc.
1061 1446 1183 1516 xl):
1228 1446 1449 1515 insuper
1493 1455 1550 1500 et
1595 1460 1718 1513 pec-

135 1522 509 1608 catum'super
545 1544 829 1606 peccatum
867 1535 1146 1605 copulans.
1197 1533 1492 1603 perstruxit
1532 1544 1591 1586 ut
1624 1548 1718 1587 ex-

135 1625 418 1694 pelleretur
446 1627 518 1681 ab
549 1625 795 1680 Ecclesia
836 1625 1110 1696 legitimus
1154 1632 1209 1677 et
1253 1623 1546 1678 canonicus
1578 1622 1718 1677 illius

132 1714 398 1783 pontifex,
451 1724 508 1770 et
557 1731 800 1770 summus
827 1715 1089 1785 pontifex,
1124 1721 1308 1784 pastor
1345 1712 1718 1768 sanctissimus

131 1806 432 1876 patriarcha
457 1806 698 1878 lgnatius
729 1823 742 1859 :
769 1815 824 1860 et
845 1805 1070 1861 latronis
1090 1818 1262 1870 more,
1293 1813 1456 1872 atque
1482 1802 1714 1868 adulter,

1887 629 1968 682 Ad
2001 621 2507 688 extremum'autem
2539 647 2644 685 non
2681 629 2997 693 obaudicns,
3027 644 3056 683 a
3085 627 3304 685 Christo
3342 636 3401 683 et

1817 719 1885 773 ob
1909 719 2168 788 apostolis
2193 721 2400 790 accepit
2436 721 2743 776 anathema.
2777 719 2928 773 Tunc
2949 733 3098 789 ergo,
3130 727 3258 773 tunc
3284 733 3399 772 am-

1815 810 1954 880 plius
1979 809 2184 875 furens,
2215 822 2272 867 et
2301 827 2330 867 a
2359 814 2472 868 suis
2500 814 2768 877 sensibus,
2807 821 2862 866 et
2888 813 2955 867 ab
2981 811 3128 866 omni
3155 810 3400 866 rationa-

1816 899 1907 954 bili
1939 909 2116 956 mente
2145 903 2330 971 procul
2351 901 2595 967 eﬂ‘ectus,
2620 903 2854 973 linguam
2882 901 3097 956 exacuit
3117 901 3282 958 etiam
3304 900 3400 954 ad-

1817 1004 2005 1048 versus
2033 993 2314 1057 eumdem,
2368 993 2740 1048 beatissimum
2783 992 3030 1048 videlicet
3075 1007 3297 1062 papam,
3341 998 3400 1047 et

1815 1082 2265 1149 quemadmodum
2296 1083 2486 1137 fabula:
2509 1083 2958 1153 hippocentauros
2977 1091 3031 1138 et
3056 1083 3400 1153 tragelapbos
3446 1089 3452 1094 ‘

1819 1172 2026 1243 lingunt
2049 1183 2104 1230 et
2148 1173 2405 1237 formant,
2459 1173 2531 1228 ita
2563 1188 2778 1244 quoque
2820 1183 2875 1230 et
2921 1174 3036 1243 ipse
3075 1171 3400 1228 stercorales

1817 1277 2058 1332 quosque
2086 1272 2141 1317 et
2169 1263 2421 1318 snbulcos
2449 1278 2477 1317 a
2508 1262 2718 1334 plateis,
2767 1270 2824 1316 et
2863 1260 3015 1330 cujus
3057 1259 3206 1332 [fort.
3235 1258 3398 1332 vicis]

1815 1357 2121 1412 conducens
2175 1357 2351 1421 viros,
2407 1365 2460 1410 et
2513 1355 2748 1412 vicarios
2803 1369 2896 1410 eos
2943 1353 3169 1408 aliarum
3231 1353 3397 1408 trium

1817 1448 2024 1504 sellium
2088 1447 2397 1518 appellans,
2450 1456 2612 1517 atque
2665 1460 3002 1516 proponens,
3057 1441 3398 1515 praesumpsit

1816 1539 2072 1609 synodale
2142 1539 2422 1609 imaginari
2481 1538 2743 1607 judicium
2807 1551 3066 1608 personas
3124 1530 3404 1591 accusaui?

1818 1635 1949 1688 tium
1997 1643 2053 1688 et
2095 1641 2468 1688 accusatorum
2503 1643 2559 1686 et
2610 1631 2848 1695 testium,
2885 1638 2941 1683 et
2986 1629 3393 1699 imperatorum,

1815 1735 1872 1781 et
1909 1733 2256 1796 magnaium,
2296 1732 2353 1778 et
2401 1720 2954 1792 metropolitanorum,
3004 1719 3158 1788 quasi
3208 1719 3262 1772 in
3303 1731 3396 1773 su-

1818 1825 2030 1886 spectas
2086 1814 2292 1883 fingens
2339 1821 2393 1868 et
2439 1811 2730 1872 simulans.
2774 1817 2829 1865 et
2892 1807 3293 1878 hujuscemodi,
3334 1806 3399 1862 ut

129 1898 178 1954 in
207 1898 345 1966 illius
381 1898 572 1954 sedem
601 1901 899 1969 ingressus,
923 1897 1148 1952 multam
1169 1897 1386 1967 quidem
1421 1904 1715 1966 tempesta-
1750 1894 1789 1952 Β
1818 1905 2060 1974 putabat,
2083 1903 2330 1974 deposuit
2360 1901 2741 1964 inverecunde,
2770 1909 2826 1954 et
2877 1897 3209 1953 anathemati
3259 1896 3394 1954 sul:-

131 1996 229 2044 lem
245 1989 516 2044 adversus
536 2005 659 2044 eum
683 1990 1004 2045 commovit:
1034 1987 1216 2060 plures
1243 1997 1422 2043 autem
1453 1989 1718 2058 procellas
1819 1997 1966 2051 misit
1994 1995 2364 2051 beatissimum
2403 2007 2595 2064 papam
2644 1991 2949 2055 Nicolaum,
2989 1997 3043 2045 et
3084 2003 3274 2045 omnes
3320 1987 3396 2045 illi

130 2091 178 2137 et
217 2091 382 2137 aestus
429 2091 622 2137 contra
665 2082 981 2136 resistentes
1022 2080 1146 2145 sibi,
1191 2089 1246 2135 et
1290 2089 1719 2151 propugnatores

129 2174 385 2238 veritatis,
420 2183 478 2230 et
526 2173 877 2242 valentiorem
920 2173 1303 2237 turbationem,
1334 2181 1390 2227 et
1425 2173 1714 2227 tumultum

129 2267 507 2330 saevissimum,
539 2267 594 2321 in
623 2280 836 2321 omnem
867 2265 1041 2321 locum
1077 2266 1169 2336 qui
1202 2266 1302 2320 sub
1332 2265 1469 2321 caelo
1496 2274 1576 2320 est
1604 2266 1714 2320 dis-

128 2350 283 2428 persu
309 2377 324 2414 :
353 2351 482 2428 prae
505 2358 758 2412 oumibus
800 2358 853 2412 in
881 2367 1154 2428 pastorem
1187 2359 1404 2427 quidem
1438 2373 1714 2429 maguum,

128 2452 306 2507 deinde
325 2443 463 2506 vero
497 2461 691 2520 contra
728 2451 1070 2519 minoresque
1093 2457 1373 2519 pastores,
1419 2447 1712 2503 secundum

90 2589 93 2593 _
129 2541 496 2610 propheticum
545 2538 787 2600 allatum,
836 2528 1134 2592 extendens
1159 2536 1427 2604 pr0priam
1461 2549 1713 2597 manum,

130 2626 514 2699 percutienlem
541 2642 638 2684 eos
667 2620 723 2683 et
747 2627 1127 2699 ﬂagellautem,
1155 2636 1210 2680 et
1235 2627 1386 2680 varie
1411 2641 1476 2680 ac
1504 2626 1716 2681 diverse

128 2722 468 2793 allligentem,
519 2729 576 2775 et
621 2729 1010 2783 coarctantem,
1055 2728 1109 2773 et
1153 2718 1312 2774 modo
1351 2719 1566 2788 quidem
1615 2733 1713 2788 po-

132 2821 291 2866 tentes
319 2813 611 2881 deponens
643 2811 711 2865 de
755 2809 996 2872 sedibus,
1051 2808 1209 2862 modo
1249 2821 1378 2873 vero
1411 2807 1617 2860 carecri
1659 2815 1714 2861 et

129 2902 376 2977 custodia:
407 2899 750 2970 mancipans,
785 2907 838 2954 et
862 2913 959 2968 per
989 2891 1298 2952 diuturnam
1326 2898 1522 2951 limem
1553 2897 1711 2951 morti

131 2992 536 3056 transmittens,
566 2983 954 3059 nonnunquam
982 2990 1144 3044 etiam
1172 2989 1498 3060 longissimis
1520 2998 1574 3043 et
1609 3003 1710 3043 sa:-

129 3067 201 3134 vis
215 3079 436 3136 exsiliis
469 3079 740 3149 relegans,
765 3085 819 3133 et
838 3078 905 3133 ad
939 3077 1084 3146 ipsas
1119 3077 1340 3148 abigens
1364 3078 1513 3147 orbis
1541 3086 1716 3130 extre-

130 3173 379 3226 mitales:
422 3185 811 3240 nonnunquam
860 3183 990 3224 vero
1045 3169 1280 3243 cmnosis
1321 3177 1376 3223 et
1420 3167 1600 3222 letidis
1646 3183 1710 3224 ac

1817 2087 2296 2146 communicantes,
2323 2100 2500 2155 neque
2526 2082 2822 2139 summitati
2853 2082 2999 2152 ejus,
3031 2095 3230 2151 neque,
3252 2079 3397 2150 quod

1819 2178 1989 2249 magis
2009 2187 2112 2242 est,
2143 2176 2398 2232 Ecclesiae
2422 2189 2542 2244 qua:
2579 2190 2610 2228 a
2653 2174 2850 2229 finibus
2893 2185 3062 2242 usque
3119 2173 3186 2227 ad
3235 2171 3398 2232 linem

1817 2279 2029 2324 constat
2063 2269 2170 2322 ullo
2202 2267 2360 2322 modo
2385 2281 2633 2337 parcens,
2655 2279 2778 2335 qua:
2801 2263 3053 2318 videlicet
3097 2261 3208 2318 Deo
3243 2275 3401 2318 acce-

1816 2370 1908 2431 pto
1931 2360 2002 2413 illi
2029 2368 2078 2413 et
2104 2358 2303 2413 Clu-isti
2341 2355 2600 2412 imitatori
2635 2363 2693 2410 et
2721 2367 2917 2425 magno
2945 2351 3185 2423 pontiﬁci
3210 2349 3398 2422 procul

1817 2453 1978 2506 duliio
2007 2448 2458 2506 communicabat.
2499 2447 2605 2504 Sed
2645 2446 2995 2502 scientiarum
3035 2443 3315 2510 Dominus,
3341 2450 3400 2498 et

1816 2545 2128 2600 manifestas
2183 2543 2300 2614 ejus
2347 2541 2639 2612 nequitias,
2667 2548 2723 2596 et
2765 2554 2886 2610 quae
2933 2538 3165 2593 latenter
3193 2535 3416 2592 fecerat

1815 2653 1977 2706 opera
2035 2636 2402 2701 tenebrarum,
2429 2635 2483 2690 id
2529 2642 2615 2688 est
2660 2633 2830 2687 libros
2878 2631 3218 2701 vaniloquos,
3259 2643 3418 2716 quos.

1817 2731 1940 2785 ficte
1969 2738 2156 2785 contra
2182 2728 2554 2783 beatissimum
2594 2739 2785 2796 papam
2815 2723 2962 2778 illum
2998 2721 3397 2790 conscripserat

1816 2819 2062 2882 intuens;
2122 2817 2264 2871 unde
2312 2817 2443 2870 dicit
2475 2813 2825 2884 propheticus
2855 2825 3036 2866 sermo
3062 2827 3074 2864 :
3105 2809 3258 2864 Oculi
3285 2809 3414 2864 Do-'

1814 2909 1941 2962 uiini
1969 2907 2155 2962 excelsi
2185 2907 2350 2976 aperti
2369 2907 2425 2960 in
2451 2921 2626 2960 omnes
2649 2904 2756 2958 vias
2779 2903 3070 2966 hominum,
3094 2911 3150 2955 ut
3167 2901 3252 2955 det
3277 2899 3398 2955 uui-

1817 2999 2002 3068 cuique
2028 2998 2311 3051 secundum
2338 2997 2477 3050 viam
2496 3013 2670 3061 suam,
2693 3004 2740 3050 et
2765 2994 3051 3049 secundum
3074 2993 3277 3063 fructus
3298 2992 3396 3045 ad-

1812 3088 2164 3143 inventionum
2190 3088 2304 3156 ejus
2337 3086 2507 3158 (Psal.
2534 3085 2682 3156 va),
2711 3084 2984 3141 commisit
3007 3084 3395 3154 imperatorum

1817 3193 2040 3246 regnum
2083 3179 2442 3248 principatum
2467 3177 2664 3232 Basilio
2693 3177 3025 3248 pheronymo
3059 3174 3296 3241 domino,
3325 3174 3421 3230 de~

131 3266 422 3321 tenebrosis
457 3264 613 3340 locis,
647 3278 766 3333 qua:
811 3263 1004 3319 mortis
1026 3262 1272 3318 umbram
1301 3264 1548 3318 convenit
1584 3263 1710 3328 dici,
1743 3257 1786 3317 C
1819 3283 1925 3338 quo
1945 3266 2096 3321 allari
2124 3267 2326 3337 liquido
2347 3266 2714 3322 universitatis
2736 3267 2902 3322 Deum
2925 3265 3283 3322 arbitramur:
3303 3263 3396 3320 In-

129 3356 466 3432 eoncludens,
493 3358 866 3427 possessiones
898 3357 1141 3410 diversas
1164 3355 1435 3420 auferens,
1475 3371 1630 3410 casas
1659 3356 1712 3409 in

130 3447 395 3502 montibus
417 3448 605 3502 virtuti
626 3463 846 3518 operam
877 3440 1118 3501 dantium
1140 3455 1194 3501 et
1220 3437 1712 3516 philosophantimn

129 3538 472 3600 comburens.
496 3537 551 3593 et
568 3577 584 3603 ,
623 3523 942 3592 utabsolute
964 3531 1195 3609 dicatur,
1229 3551 1443 3591 omnem
1467 3535 1713 3600 amictio-

128 3645 240 3684 nem
279 3640 341 3697 et
366 3624 776 3686 tribulationem
808 3629 1010 3685 faciens
1036 3631 1250 3700 corpori
1277 3629 1476 3685 Christi
1512 3639 1566 3684 et
1595 3629 1711 3692 Dei,

127 3723 313 3790 quiest
340 3733 513 3793 caput
538 3722 780 3777 omnium
805 3731 1046 3776 nostrum
1072 3737 1087 3776 :
1112 3739 1216 3776 non
1246 3723 1389 3777 enim
1420 3723 1626 3778 habens
1646 3738 1709 3776 ex

128 3813 292 3893 aliqua
335 3812 706 3890 beneficentia
746 3801 1187 3893 qualemcunque
1227 3812 1582 3868 reverentiam
1629 3811 1738 3873 vel.

126 3891 192 3961 ad
205 3908 285 3961 sui
313 3908 689 3984 receptionem
714 3908 780 3962 de
797 3891 1108 3976 huju'smodi'
1126 3905 1410 3961 conatibus
1427 3916 1482 3960 et
1505 3906 1716 3960 temeri-

127 3996 343 4078 tatibus,
365 3997 597 4052 stabiliri
621 4012 680 4052 se
703 4006 900 4066 prmter
921 3997 1179 4050 rationem
1203 4005 1451 4066 oportere
1468 3995 1712 4064 putabat,
1733 4026 1740 4050 ε

124 4099 239 4142 eum
267 4096 423 4144 esset
453 4089 718 4143 bonorum
743 4088 1015 4158 inexpers,
1043 4097 1098 4157 et
1122 4085 1711 4155 veraciterimperilus.

128 4178 254 4256 Nam
298 4184 398 4253 qui
440 4183 711 4239 convertit
753 4183 1048 4252 prudentes
1092 4188 1419 4244 retrorsum,
1454 4178 1715 4234 et'cousi-

127 4272 248 4329 lium
294 4290 491 4331 eorum
536 4275 801 4345 infatuat,
850 4285 909 4328 ut
951 4274 1026 4339 ait
1057 4275 1329 4343 propheta
1377 4271 1512 4341 (Isa.
1543 4271 1712 4341 κων),

127 4369 395 4423 convertit
419 4384 578 4432 eum,
611 4377 668 4421 et
713 4367 892 4421 omnia
935 4365 1136 4426 studia,
1167 4379 1286 4432 quae
1311 4364 1464 4432 quasi
1493 4363 1561 4417 ad
1589 4377 1714 4431 pro.

129 4460 292 4529 priam
322 4459 769 4516 commoditatem
803 4465 1106 4527 paraverat,
1146 4454 1213 4508 ad
1260 4452 1632 4519 confusionem
1658 4459 1714 4506 et

131 4532 497 4625 opprobrium,
544 4559 600 4606 et
617 4550 986 4628 eversionem,
1027 4556 1188 4626 atque
1234 4546 1442 4610 ruinam
1471 4562 1486 4598 :
1511 4552 1714 4614 quanto

1817 3359 1925 3429 veni
1950 3358 2112 3411 virum
2129 3358 2409 3411 secundant
2431 3373 2522 3411 cor
2538 3373 2729 3422 meum,
2740 3358 2829 3428 qui
2845 3357 3002 3428 faciet
3017 3373 3192 3412 omnes
3212 3355 3396 3411 volun-

1815 3459 1947 3504 tates
1978 3466 2118 3503 meas
2153 3448 2202 3520 (I
2228 3448 2357 3520 Reg.
2382 3447 2516 3520 xvn),
2539 3449 2832 3504 secundum
2856 3450 3070 3504 beatum
3092 3460 3272 3517 regem
3293 3445 3397 3501 Da-

1813 3540 1922 3616 vid.
1951 3539 2050 3594 llic
2074 3539 2217 3594 enim
2243 3539 2643 3595 meditationem
2673 3553 2879 3608 ponens
2901 3537 2954 3592 in
2979 3537 3142 3593 corde
3163 3551 3260 3592 suo
3280 3551 3399 3589 am-

1816 3629 2002 3683 bulare
2038 3628 2329 3684 secundum
2369 3627 2513 3681 viam
2555 3626 2689 3692 Dei,
2738 3635 2795 3681 et
2821 3625 3095 3681 custodire
3138 3624 3398 3678 mandata

1815 3718 1954 3788 ejus,
1979 3715 2212 3772 maxime
2229 3730 2358 3771 vero
2374 3714 2801 3786 experimentum
2829 3715 3036 3770 habens
3057 3727 3244 3770 eorum
3271 3726 3396 3783 quae
3421 3728 3425 3730 ·

1817 3823 1988 3878 nuper
2016 3806 2211 3876 injuste
2237 3816 2292 3862 et
2323 3807 2505 3877 inique
2543 3813 2665 3861 acta
2710 3814 2859 3873 sunt,
2886 3805 3033 3862 clara
3075 3819 3300 3876 quaeque
3340 3811 3399 3860 et

1817 3909 1964 3973 certa
1987 3897 2089 3953 sibi
2116 3911 2303 3952 eorum
2333 3912 2454 3966 quae
2493 3909 2600 3951 non
2630 3897 2961 3966 apparebant
3005 3893 3135 3951 fecit
3177 3893 3396 3949 iudicia.

1818 3987 1884 4050 Et
1901 3987 2149 4055 egregios
2168 3985 2385 4055 quidem
2408 3985 2713 4054 episcopos,
2740 3993 2797 4040 et
2819 3984 3070 4038 duetores
3097 3981 3399 4038 monachici

1815 4079 2042 4147 ordinis,
2069 4078 2368 4149 disjunctos
2406 4077 2533 4133 hinc
2557 4086 2612 4131 et
2639 4076 2914 4147 dispersos
2955 4073 3244 4144 aspiciens,
3269 4087 3400 4129 nec-
3427 4106 3430 4110 η

1817 4183 1923 4223 non
1950 4177 2004 4222 et
2031 4183 2126 4222 eos
2151 4167 2243 4236 qui
2280 4167 2333 4222 in
2373 4165 2616 4221 solitaria
2643 4166 2752 4220 vita
2795 4165 2956 4234 positi
3003 4162 3301 4233 angelicam
3339 4166 3400 4217 et

1817 4259 2092 4315 caelestem
2122 4259 2335 4313 sincere
2373 4257 2841 4313 conversationem
2886 4255 3209 4325 dirigebant,
3239 4252 3404 4322 quin-

1817 4351 1926 4413 imo
1945 4359 2002 4406 et
2022 4349 2140 4415 illos
2160 4349 2250 4418 qui
2274 4355 2539 4418 potestate
2565 4362 2630 4403 ac
2658 4354 2938 4417 potentatu
2979 4344 3187 4414 praediti
3227 4343 3398 4398 bonas

1817 4442 2098 4512 opiniones
2125 4440 2392 4504 ferebant,
2414 4440 2686 4495 exsecrari
2723 4444 3067 4506 pervaserem
3101 4433 3155 4488 et
3186 4433 3396 4488 adulte-
3425 4471 3429 4480 .

1817 4549 1960 4597 rum,
1989 4533 2154 4597 veluti
2181 4532 2342 4584 aliam
2371 4529 2658 4604 quamdam
2688 4525 3144 4582 abominationem
3183 4519 3396 4576 desola—

133 4597 267 4696 9,2,2,
316 4619 409 4696 me
463 4597 828 4710 gemadebai
866 4639 987 4706 sibi
1014 4597 1246 4707 φιῷηά
1291 4597 1563 4716 ρί-ρρι-ίωξ,
1623 4597 1981 4689 ερ-’Ῑ).ιΞὸηὶε
2030 4624 2268 4688 intuens,
2313 4600 2570 4688 et,'quo'd
2624 4616 2770 4716 omni
2809 4616 3028 4716 .ratip‘ne
3057 4612 3298 4714 dignius
3342 4619 3433 4665 et-

129 4733 421 4786 curitatem
467 4732 738 4801 pertinere
788 4728 1129 4792 videbantur,
1178 4735 1329 4781 tanto
1380 4726 1556 4796 magis
1600 4729 1715 4777 om:

135 4823 216 4880 nia
265 4823 606 4894 prospiciens
661 4820 872 4888 oculus,
915 4835 978 4875 ea
1024 4821 1077 4874 in
1131 4819 1458 4874 contrariam
1509 4818 1716 4887 opinio-

136 4929 252 4969 nem
307 4915 571 4978 vertebat,
611 4912 904 4968 ostendens
953 4911 1184 4965 cumde
1215 4911 1317 4973 die
1353 4910 1407 4964 in
1454 4909 1614 4970 diem,
1659 4919 1717 4962 ut

139 5005 498 5074 terebinthum
527 5005 750 5074 abiectis
777 5003 938 5075 foliis,
985 5011 1040 5056 et
1082 5002 1220 5056 sicut
1268 5002 1481 5068 hortum
1521 5014 1715 5068 aquam

137 5098 348 5166 penitus
375 5112 480 5152 non
510 5097 814 5151 habentem.
842 5093 944 5148 Sed
971 5092 1222 5162 quoniam
1245 5090 1712 5154 ad'beatissimum

139 5201 328 5258 papam
356 5185 631 5259 Nicolaum
659 5184 892 5241 senioris
931 5185 1116 5238 Romae
1151 5181 1406 5253 epistolas
1431 5189 1486 5234 et
1508 5181 1717 5255 legatos

140 5291 278 5346 βενε
302 5277 547 5345 mittens,
571 5280 792 5333 ethunc
816 5276 1050 5346 judicem
1075 5289 1231 5329 suum
1253 5271 1482 5341 eligens,
1510 5280 1564 5325 et
1586 5290 1716 5342 pro-

141 5379 342 5416 nonan-

1033 5450 1152 5476 ..ε-...ξ
1208 5457 1295 5494 μοι.
1307 5449 1529 5482 nini-olim
1589 5465 1718 5484 [ιη-ι-

461 5376 507 5408 θ’
573 5367 760 5422 omnia
836 5381 970 5434 qum.
1018 5357 1362 5433 pertinebant
1431 5359 1496 5413 ad
1557 5357 1754 5429 justi-4.

1814 4715 2160 4787 praestantius
2188 4721 2296 4778 est,
2324 4710 2518 4764 videns
2541 4709 2686 4788 quod
2711 4705 2893 4762 senior
2920 4705 3089 4763 Roma
3111 4701 3400 4775 projicerct
3431 4729 3434 4732 ~

1816 4791 1962 4873 eum,
1986 4797 2050 4862 et
2095 4797 2305 4861 crebris
2338 4800 2737 4871 redargutionis
2777 4813 2888 4854 sua:
2917 4798 3119 4862 verbis,
3143 4806 3400 4862 tanquam

1817 4893 2374 4971 quibusdamjaculis,
2396 4893 2677 4956 sauciarit,
2719 4888 3020 4965 transmisit
3065 4886 3215 4959 ocius
3259 4882 3401 4939 hunc

1819 4992 1886 5044 ad
1906 4979 2148 5062 debitum
2171 4988 2273 5043 sibi
2297 4984 2608 5062 ignominia:
2631 4984 2833 5043 locum,
2847 4989 2902 5035 et
2932 4981 3123 5035 throno
3142 4975 3408 5062 Constan-
3427 5007 3442 5056 λς

1824 5075 2125 5151 tiuopoleos
2168 5061 2453 5148 proprium?
2499 5073 2812 5142 pontificem
2858 5069 3153 5125 secundum
3193 5061 3409 5132 synodi:-

1821 5155 1952 5226 cum'
1999 5169 2262 5239 judicium
2316 5165 2677 5240 sanctissima!
2735 5157 3114 5224 Romanorum
3161 5152 3450 5210 Ecdcsiie

1822 5261 2059 5322 restituit
2098 5279 2111 5314 :
2155 5261 2223 5315 ad
2255 5253 2687 5316 manifestiorem
2733 5254 2919 5302 autem
2963 5239 3211 5314 veritatis
3253 5241 3418 5302 satis-
3455 5293 3457 5296 ,

1822 5353 2130 5433 factionem,
2154 5361 2210 5408 et
2229 5345 2620 5411 certitudinem
2647 5341 2843 5402 etiam,
2870 5339 2976 5397 loci
3002 5347 3324 5408 servatores
3352 5345 3437 5400 ex

1820 5427 2070 5482 nl'nnihllc
2101 5434 2475 5484 ηειίνίςινρβιῖιάε
2505 5441 2735 5478 οηιιῖιὶηα
2763 5436 3081 5474 θηηνηοανῖί
3129 5437 3182 5470 ⁸η
3209 5427 3419 5466 “mro.”
