3960 5510
528 394 632 455 187

1704 410 2067 470 ANASTASII
2104 413 2639 481 BlBl.lO'l'ilEC.\Rll

3693 413 3790 473 1'88

528 508 624 602 ris,
653 509 794 567 hanc
816 526 1069 583 magnam
1092 523 1149 570 et
1174 517 1533 575 universalem
1562 521 1901 580 celebrantes
1946 542 2109 597 syno—
2137 533 2182 592 Α
2212 529 2435 600 polluta,
2462 541 2518 588 et
2544 532 2709 600 ranti;
2752 532 2797 587 si
2826 531 3149 587 fermentum
3174 532 3454 602 pollutum,
3482 541 3541 589 et
3565 548 3740 588 massa
3772 552 3785 566 ’

528 601 679 669 thttn,
697 613 894 662 etcum
920 609 1090 666 multo
1118 613 1381 671 scrutinio
1410 623 1465 671 et
1497 617 1817 686 probatione
1841 635 1963 689 qua:
1991 629 2111 674 acta

527 703 655 749 sunt
689 698 1086 769 exatninantes,
1121 705 1420 773 reperimus
1466 717 1524 763 et
1570 710 1932 776 advertimus,
1969 711 2112 781 quod

528 786 747 858 injuste,
775 799 831 846 et
850 803 1004 848 extra
1048 797 1336 863 rationem,
1366 807 1421 854 et
1468 809 1667 870 praeter
1712 802 1923 859 divinas
1970 803 2116 875 leges

527 893 591 949 ac
620 878 766 949 jura,
795 885 1170 942 sanctissimus
1191 889 1498 958 patriarcha
1524 892 1760 963 lgnatius
1790 910 1820 949 a
1850 895 2115 951 Constan-r

529 969 1011 1051 tinopolitanorutn
1060 978 1299 1037 Ecclesia
1344 982 1416 1038 sit
1464 993 1705 1052 amotus,
1729 996 1785 1041 et
1816 987 2034 1057 injuste,
2060 996 2116 1043 et

527 1070 681 1118 extra
714 1066 1005 1134 rationem,
1035 1078 1092 1124 et
1129 1079 1325 1141 przeter
1366 1073 1579 1131 divinas
1608 1075 1751 1148 leges
1778 1093 1842 1132 ac
1873 1076 2018 1147 jura,
2060 1078 2115 1134 in

528 1168 647 1208 eam
670 1171 766 1225 pro
793 1156 911 1227 ipso
940 1159 1287 1220 introductus
1333 1166 1405 1222 sit
1451 1166 1698 1235 Photius,
1747 1178 1803 1225 et
1840 1186 1874 1226 e
1924 1181 2112 1228 contra

528 1246 946 1337 rationabiliter,
972 1261 1028 1308 et
1051 1252 1221 1323 jnste,
1271 1273 1339 1315 ac
1378 1259 1635 1327 discrete,
1689 1277 1784 1318 seu
1832 1265 2111 1329 canonice,

526 1349 690 1412 atque
736 1346 994 1416 synodice
1030 1351 1298 1421 receperit
1342 1354 1621 1424 proprium
1672 1355 1926 1411 thronum
1971 1371 2116 1428 saepe

526 1430 879 1517 memoratus"
925 1439 1300 1509 sanctissimus
1361 1443 1669 1513 patriarcha
1717 1445 1957 1515 lguatius
1994 1468 2007 1501 :
2054 1458 2116 1507 et

526 1524 936 1595 rationabiliter,
965 1530 1203 1601 etjuste,
1261 1549 1327 1590 ac
1378 1535 1640 1602 discreta,
1687 1552 1786 1594 seu
1830 1541 2113 1607 canonice,

526 1625 692 1691 atque
728 1621 983 1690 synodico
1006 1622 1280 1693 projectus
1301 1625 1372 1682 sit
1399 1625 1655 1694 Photius;
1706 1629 1781 1683 ita
1831 1638 1893 1684 ut
1919 1644 2114 1700 oppor-

528 1717 655 1767 tune
680 1712 875 1775 audire
900 1712 1077 1775 valeat
1110 1730 1141 1773 a
1168 1715 1452 1787 Propheta:
1476 1732 1609 1774 voce
1631 1719 1881 1776 dicente:
1914 1720 2119 1787 Quem-

525 1798 810 1867 admodum
840 1802 1041 1871 fecisti,
1060 1806 1134 1861 ita
1172 1807 1270 1863 erit
1303 1809 1574 1864 retributio
1608 1819 1699 1869 tua
1739 1810 1915 1883 (Psal.
1942 1813 2108 1884 xu);

2215 622 2482 677 modicum
2508 638 2740 694 namque
2763 622 3088 679 fermentum
3113 617 3277 680 totam
3302 640 3536 681 massam
3562 624 3791 680 fermen-

2214 720 2313 766 tat.
2342 712 2513 768 Porro
2546 716 2855 787 coabjectus
2879 723 2960 772 est
2991 717 3061 771 ab
3088 716 3188 772 hac
3209 725 3393 773 sancta
3420 726 3478 773 et
3504 718 3791 773 universali

2213 806 2419 877 synodo
2465 808 2627 863 etiam
2673 808 3007 876 Theodorus,
3062 798 3480 866 lconouiacbicae
3525 811 3793 867 haereseos

2213 898 2483 969 princeps,
2526 901 2617 972 qui
2667 912 3006 972 nuncupatus
3032 912 3116 958 est
3145 903 3443 967 Crithintts,
3484 914 3545 960 et
3576 904 3790 973 quidam

2214 988 2302 1043 alii
2332 982 2815 1047 eonseutaneorirm
2842 992 3016 1059 illius;
3048 994 3309 1062 quosdam
3325 1006 3470 1049 :vero
3498 992 3592 1069 qni
3615 1007 3798 1049 susce-

2213 1089 2412 1150 perunt
2439 1084 2662 1138 verbum
2702 1083 2951 1140 veritatis
2979 1086 3302 1156 recepimus,
3333 1094 3388 1143 et
3419 1087 3591 1141 choro
3618 1085 3797 1140 ortho-

2214 1170 2476 1227 doxorum
2519 1175 3028 1230 connumeravimus
3058 1193 3072 1230 :
3100 1175 3362 1246 quosdam
3410 1187 3595 1231 autem
3625 1174 3796 1245 quiin

2213 1264 2402 1319 eadem
2452 1278 2799 1335 permansere
2848 1275 3050 1334 mente,
3089 1266 3282 1338 impios
3326 1277 3381 1324 et
3428 1283 3625 1339 pravos
3676 1283 3797 1323 cum

2214 1352 2544 1425 pheronymo
2602 1354 2888 1422 Critbino,
2937 1357 3388 1428 quemadmodum
3451 1357 3700 1427 paleatos
3747 1366 3802 1412 et

2214 1445 2536 1501 stercorales
2554 1460 2621 1501 ex
2645 1448 3000 1503 mundissimo
3019 1448 3292 1505 frumento
3313 1448 3569 1506 Ecclesia:
3591 1465 3802 1521 peram-

2214 1535 2356 1605 plius
2386 1540 2865 1608 sequestravimus,
2889 1541 2943 1596 et
2964 1540 3339 1597 vehementius
3365 1540 3799 1596 anatltematiaa-
3902 1576 3910 1593 .

2215 1625 2391 1681 vimus
2418 1640 2434 1682 :
2457 1637 2790 1699 exponentes
2808 1638 2863 1683 et
2881 1643 3119 1685 canones
3142 1645 3367 1685 numero
3379 1629 3569 1701 viginti
3591 1638 3799 1700 septem

2214 1729 2314 1785 pro
2342 1715 2601 1774 Ecclesiae
2646 1719 3050 1785 commoditate,
3097 1703 3643 1790 Christianorumque
3687 1735 3805 1774 mu-

2216 1806 2442 1872 nimine,
2474 1821 2540 1863 ac
2565 1808 2761 1875 salute,
2791 1823 3001 1889 necnon
3029 1818 3085 1864 et
3107 1809 3393 1865 universali
3434 1809 3799 1866 ordinatione.

528 1894 861 1950 retribuetur
888 1896 986 1952 tibi
1015 1898 1069 1954 in
1097 1909 1260 1971 caput
1283 1909 1454 1958 tuum.
1500 1903 1671 1975 igitur
1700 1913 1888 1967 sancta
1915 1906 2031 1962 hate
2058 1917 2115 1962 et

2217 1896 2343 1954 llaec
2372 1906 2551 1954 autem
2579 1899 2760 1955 omnia
2787 1909 3171 1970 cognoscentes
3193 1916 3311 1965 vos,
3360 1900 3556 1956 fratres
3596 1899 3807 1955 charis-

529 1983 854 2042 universalis
917 1989 1177 2059 synodus,
1229 2007 1371 2064 sepe
1425 1995 1703 2051 adducens
1765 2011 2112 2066 pervasurum

528 2071 820 2142 lfhotium,
876 2088 933 2133 et
994 2083 1292 2151 permultas
1340 2094 1398 2139 et
1444 2086 1690 2143 diversas
1737 2086 2121 2161 interrogatio-

530 2178 631 2233 nes
688 2166 1004 2236 deposcens,
1073 2186 1181 2241 quo
1241 2182 1491 2244 patenter
1551 2177 1904 2234 conﬁteretur
1956 2196 2117 2253 supe-

530 2257 798 2315 rationem
813 2257 960 2332 [{ort.
985 2266 1449 2340 supputationem]
1472 2283 1652 2335 suam,
1672 2270 2117 2327 ethumiliaretur

527 2351 585 2411 in
609 2363 902 2425 conspectu
925 2357 1110 2427 gloria:
1141 2360 1257 2426 Dei,
1284 2358 1357 2416 et?
1368 2362 1756 2434 magnitudinis
1776 2365 2116 2437 patriarcha-

526 2441 657 2503 lium
691 2447 922 2514 sediutu‘,
946 2458 1060 2516 aut,
1087 2451 1132 2507 si
1170 2453 1271 2509 hoc
1293 2454 1493 2520 nollet,
1511 2456 1825 2527 loqueretur
1844 2457 2013 2524 aliud,
2058 2468 2114 2516 et

526 2535 752 2599 duceret
769 2541 1136 2599 excusationis
1161 2545 1327 2599 verba
1357 2545 1422 2599 ad
1456 2548 1730 2617 propriam
1766 2549 2112 2606 stabilitatem

470 2620 499 2655 ι’
524 2634 583 2693 et
610 2623 1083 2698 justificationem;
1129 2634 1482 2705 deprehendit
1521 2652 1644 2692 eum
1697 2638 2113 2696 inexcusabilem

526 2715 581 2771 in
608 2719 781 2776 modis
801 2723 1067 2790 omnibus,
1096 2725 1300 2796 absque
1322 2743 1476 2793 voce,
1514 2743 1579 2784 ac
1602 2743 1699 2799 per
1722 2745 1886 2800 opera
1915 2746 2010 2788 sua
2038 2733 2115 2787 in.

498 2806 834 2867 ‘iirmantem
876 2812 982 2869 sibi
1031 2801 1368 2885 proverbiale
1397 2818 1625 2884 dictum,
1658 2821 1799 2889 quod
1822 2822 2110 2891 perhibet:

524 2894 840 2970 Iniquitates
864 2918 975 2958 sua:
1019 2904 1231 2975 capiunt
1259 2907 1500 2977 impium,
1542 2909 1765 2963 vinculis
1799 2919 1974 2965 autem
1997 2928 2117 2982 pec-

524 2999 765 3045 catorum
802 3010 1019 3048 suorum
1047 2984 1402 3068 unus’quis’que
1430 3000 1804 3070 constringitur
1828 2999 2008 3073 (Prov.
2034 3003 2110 3075 v).

2212 1988 2358 2054 simi,
2386 1998 2441 2043 et
2467 1988 2560 2044 lilii
2582 2000 2784 2046 sancta:
2803 1991 3083 2047 cathblica:
3107 2000 3164 2048 et
3191 1991 3499 2062 apostolicae
3524 1991 3807 2057 Ecclesiae,

2211 2077 2595 2151 cujuscumque
2636 2090 2695 2136 et
2740 2082 3153 2154 qualiscumque
3187 2082 3466 2154 dignitatis
3513 2083 3601 2140 vel
3628 2083 3803 2139 moris

2210 2172 2365 2237 estis,
2397 2171 2735 2228 laudabiliter
2765 2173 2932 2229 Deum
2974 2174 3210 2241 laudate,
3254 2175 3618 2246 protectorem
3649 2175 3804 2230 vide-

2211 2263 2339 2319 licet
2368 2252 2671 2321 timentium
2700 2280 2782 2331 se,
2803 2274 2859 2322 et
2902 2266 3243 2323 liberatorem
3270 2268 3514 2323 omnium
3546 2268 3638 2338 qui
3670 2282 3799 2338 spe-

2214 2369 2337 2415 rant
2384 2361 2436 2415 in
2470 2375 2641 2417 eum:
2692 2370 2749 2417 et
2790 2363 3085 2418 secundum
3136 2364 3408 2419 decretum
3455 2369 3513 2416 et
3532 2360 3809 2431 judicium

2211 2460 2414 2507 sanctas
2441 2466 2505 2508 ac
2529 2452 2849 2508 universalis
2888 2453 3099 2524 synodi,
3129 2452 3302 2509 malos
3334 2451 3562 2507 avertite
3586 2465 3685 2506 eos
3710 2450 3805 2521 qui

2212 2551 2339 2597 sunt
2366 2542 2491 2597 mali
2513 2557 2726 2609 sensus,
2758 2543 3144 2600 abominamini
3177 2541 3443 2613 injustos,
3483 2550 3539 2598 et
3586 2542 3804 2614 iniquos

2210 2633 2337 2688 odio
2368 2633 2642 2698 habetote,
2671 2633 2840 2689 libere
2869 2632 3066 2701 singuli
3103 2649 3225 2688 cum
3255 2631 3438 2689 divino
3466 2632 3635 2688 David
3658 2631 3807 2703 psal-

2214 2722 2385 2778 lentes
2411 2740 2424 2776 :
2454 2721 2674 2791 Iniquus
2699 2722 2820 2778 odio
2859 2722 3041 2789 habui,
3081 2722 3240 2794 legem
3266 2733 3440 2777 autem
3466 2734 3613 2776 tuam
3636 2722 3807 2777 dilexi

2214 2812 2386 2884 (Psal.
2418 2814 2630 2885 cxvttt).
2684 2812 2955 2885 Scriptum
2986 2823 3071 2868 est
3120 2814 3288 2879 enim,
3339 2812 3462 2883 quia
3495 2830 3509 2866 :
3543 2811 3649 2878 Qui
3673 2813 3805 2866 dicit

2213 2907 2427 2977 impium
2447 2906 2673 2976 justum,
2720 2917 2796 2961 est
2834 2906 3142 2962 maledictus
3186 2908 3243 2961 in
3265 2905 3491 2977 populis,
3514 2917 3564 2964 et
3591 2906 3804 2961 adibitis

2212 2998 2349 3053 inter
2381 3009 2555 3069 gentes
2590 3016 2623 3052 a
2665 2996 2889 3053 Domino
2918 2998 3099 3070 (Prov.
3126 3001 3296 3070 utv).
3326 2997 3394 3053 Et
3420 2998 3617 3054 iterum
3647 3016 3661 3052 :
3696 3000 3802 3064 Qui

527 3080 597 3137 Et
616 3082 836 3138 adhuc:
880 3080 987 3139 Vite
1013 3096 1188 3142 autem
1214 3088 1498 3157 impiorum
1531 3091 1852 3147 tenebrosae:
1880 3096 2115 3150 nesciunt
2205 3088 2412 3158 jutlum
2453 3088 2644 3144 dixerit
2688 3089 2968 3160 injustam,
3012 3091 3268 3161 injustam
3293 3107 3411 3145 vero
3431 3091 3662 3161 justum,
3703 3093 3805 3143 ἕω·-

527 3178 789 3247 quomodo
816 3180 1086 3250 offendant
1117 3181 1301 3253 (Prov.
1331 3184 1431 3250 tv).

2216 3180 2443 3233 mundus
2481 3179 2849 3235 abominabilis
2877 3198 2910 3234 a
2948 3180 3059 3236 Deo
3086 3182 3271 3252 (Prov.
3295 3183 3450 3250 xvn).
3478 3180 3804 3237 Nullatettus

562 3308 573 3315 υ
599 3267 828 3340 Propter
853 3272 968 3327 hac
994 3287 1123 3343 ergo
1167 3283 1361 3330 cuncta
1390 3277 1660 3335 nolentem
1691 3279 2011 3352 intelligere,
2054 3291 2115 3337 ut

2216 3286 2346 3342 ergo
2393 3272 2588 3328 audeat
2635 3273 2756 3342 quis
2802 3288 2990 3329 eorum
3043 3276 3132 3344 qui
3174 3272 3482 3331 Christiano
3536 3274 3804 3330 vocabulo

528 3359 667 3417 bene
678 3371 887 3432 ageret,
914 3376 1087 3433 neque
1110 3365 1475 3423 obedientiam
1502 3370 1921 3442 praeligentem,
1943 3388 2116 3443 neque

527 3453 1189 3525 confitentem‘peecatum
1234 3472 1412 3525 suum,
1458 3470 1513 3516 et
1546 3462 1943 3533 iniquissimum
1974 3479 2113 3534 prte-

527 3542 788 3610 sulatum,
827 3546 921 3601 sed
977 3546 1372 3604 inobedientem
1426 3557 1483 3605 et
1525 3552 1864 3607 resistentem
1916 3558 2135 3609 sancta:

526 3634 654 3689 huic
674 3643 730 3690 et
750 3636 1045 3692 universali
1071 3638 1301 3710 synodo,
1333 3640 1645 3711 repulimus,
1674 3651 1730 3698 et
1760 3645 2116 3700 anathemati-

527 3723 793 3789 zavimus,
816 3733 979 3795 atque
1006 3741 1037 3780 a
1068 3735 1179 3781 tota
1201 3727 1467 3785 catholica
1484 3739 1544 3785 ‘et
1565 3732 1856 3801 apostolica
1876 3733 2113 3790 Ecclesia

526 3809 757 3869 fecimus
804 3813 1069 3879 alienum,
1108 3828 1205 3885 per
1250 3817 1432 3873 datam
1485 3820 1641 3877 nobis
1686 3810 2006 3893 potestatem
2058 3824 2137 3879 in

529 3899 739 3971 Spiritu
760 3913 950 3959 sancto
979 3920 1009 3958 a
1042 3904 1219 3975 primo
1237 3916 1292 3963 et
1313 3923 1509 3981 magno
1528 3913 1784 3980 pontifice
1812 3923 2016 3980 nostro,
2032 3910 2139 3970 ’et'

529 3992 891 4051 deliberatum
938 4010 1004 4050 ac
1043 3996 1311 4053 salvatore
1356 4008 1713 4068 cunctorum;
1769 4005 2117 4073 quemadmo-

528 4081 658 4138 dum
707 4084 970 4154 scriptum
1030 4094 1114 4140 est
1167 4088 1309 4157 apud
1358 4089 1678 4161 Deiloqnum
1735 4091 1992 4165 Moysen:
2047 4094 2115 4150 Et

528 4172 708 4224 anima
753 4173 922 4225 omnis
980 4190 1097 4242 qua:
1153 4175 1332 4245 fecerit
1368 4177 1436 4232 in
1477 4196 1637 4233 manu
1693 4181 1998 4250 superbius,
2049 4184 2141 4239 ab‘

528 4256 789 4328 indigenis
829 4259 907 4315 vel
959 4279 993 4316 a
1045 4263 1320 4334 proselgtis
1376 4265 1607 4333 Domini,
1666 4270 1762 4325 iste
1807 4272 2027 4327 irritat:
2065 4283 2142 4329 et‘

527 4351 965 4407 exterminabitur
991 4354 1172 4409 anima
1192 4355 1286 4410 illa
1308 4357 1373 4412 de
1395 4358 1586 4429 popan
1608 4376 1725 4427 suo,
1753 4362 1877 4432 quia
1908 4364 2113 4419 uerbum
2136 4386 2141 4391 ·

527 4441 742 4498 Domini
761 4446 1079 4515 depravavit.
1108 4457 1155 4502 et
1181 4449 1432 4504 mandata
1452 4452 1854 4523 ejusdissipavit
1874 4466 1897 4509 :
1921 4459 2116 4511 contri-
2140 4470 2145 4479 ’

528 4534 669 4590 tione
710 4546 1007 4592 conteretur
1051 4541 1230 4596 anima
1272 4541 1388 4607 illa,
1423 4555 1692 4614 peccatum
1735 4563 1891 4603 suum
1946 4550 2003 4605 in
2050 4566 2113 4604 ea

529 4630 722 4699 (Num.
768 4632 859 4705 xv)
903 4637 1415 4705 :quemadmodum
1475 4647 1532 4694 et
1584 4639 1896 4699 Dutninicus
1941 4643 2116 4698 innuit
2145 4613 2191 4672 θ

526 4735 732 4788 sermo,
769 4725 859 4793 qui
885 4736 1197 4795 peccantem
1240 4729 1294 4783 in
1322 4731 1652 4799 proximum,
1680 4742 1741 4788 et
1775 4749 2115 4805 nequaquam

527 4823 857 4879 correctum,
909 4816 1003 4870 sed
1059 4825 1116 4870 et
1158 4816 1415 4873 Ecclesia:
1459 4818 1553 4874 Dei
1605 4837 1711 4876 non
1753 4822 2113 4890 obedientem,

530 4913 717 4961 monet
753 4906 996 4976 deputari
1041 4921 1105 4961 ac
1129 4908 1339 4977 opinari
1370 4910 1509 4965 sicut
1550 4913 1824 4968 ethnicnm
1859 4925 1915 4969 et
1938 4914 2117 4985 publi-

529 5012 726 5053 canum
749 4998 959 5068 (Matth.
994 5000 1169 5071 svnt).
1213 5000 1478 5057 Similiter
1498 5019 1712 5075 quoque
1734 5014 1789 5061 et
1813 5021 1908 5061 eos
1935 5008 2024 5076 qui
2047 5007 2118 5063 ab

532 5088 652 5159 ipso
686 5090 1296 5167 manusimpositionem
1318 5102 1668 5161 acceperunt,
1699 5104 1755 5149 et
1782 5097 1974 5152 arbore
2012 5112 2114 5167 pu-

531 5178 675 5233 trida
697 5164 904 5233 fructus
928 5180 1253 5248 putridiores
1278 5192 1678 5253 apparuerunt,
1709 5194 1765 5240 et
1792 5201 1969 5255 neque
1996 5164 2116 5258 post

532 5275 746 5325 stercus
777 5269 1045 5324 meliorari
1073 5270 1375 5336 voluerunt,
1426 5273 1763 5329 concidimus
1798 5276 1976 5346 gladio
2000 5280 2116 5350 spi-

533 5358 710 5410 ritus:
743 5356 926 5403 "mn"
947 5359 1081 5406 enim
1107 5360 1264 5412 urbor
1296 5377 1399 5408 non
1426 5362 1620 5415 faciens
1650 5363 1875 5417 fructum
1903 5364 2117 5420 bonum.

2217 3359 2361 3431 digni
2402 3370 2548 3426 sunt,
2582 3363 2781 3432 quique
2826 3362 3064 3434 regimen
3108 3364 3377 3435 pastorale
3418 3364 3594 3419 sortiti
3627 3373 3798 3420 sunt:

2216 3459 2310 3503 aut
2337 3451 2405 3505 ab
2435 3450 2543 3508 alio
2581 3451 2695 3522 regi
2720 3452 2991 3520 videntur,
3019 3454 3353 3510 contrarium
3384 3455 3678 3525 quidquam
3712 3470 3803 3525 ge-

2217 3557 2338 3598 rere
2381 3552 2583 3599 sanctaa
2627 3543 2755 3600 huic
2807 3553 2864 3600 et
2896 3545 3186 3601 universali
3221 3548 3442 3618 synodo,
3476 3562 3542 3602 ac
3570 3561 3671 3618 per
3698 3547 3803 3602 hoc

2217 3634 2526 3689 inveniatur
2547 3636 2788 3691 omnium
2814 3637 2924 3693 Deo
2947 3639 3343 3705 contradicens,
3371 3649 3426 3695 et
3447 3639 3591 3694 illius
3624 3641 3803 3696 consi-

2218 3721 2346 3777 lium
2374 3732 2431 3779 el
2454 3724 2714 3795 judicium
2737 3740 3017 3796 spernens.
3049 3727 3189 3783 Dicit
3207 3729 3351 3784 enim
3379 3729 3573 3785 alicubi
3601 3729 3803 3785 Paulus

2217 3827 2444 3886 magnus
2469 3816 2744 3885 apostolus
2771 3831 2786 3871 :
2817 3817 2991 3889 Igitur
3013 3819 3104 3889 qui
3129 3820 3324 3889 spernit
3348 3836 3461 3886 nos,
3489 3837 3594 3875 non
3629 3822 3801 3877 homi-

2218 3921 2336 3961 nem
2365 3910 2589 3977 (spernit,
2634 3908 2724 3963 sed
2767 3907 2933 3963 Deum
2981 3910 3174 3976 vivum,
3219 3911 3312 3980 qui
3352 3911 3495 3965 dedit
3538 3910 3802 3982 Spiritum

2217 4007 2453 4053 sanctum
2478 4016 2631 4054 suum
2660 4000 2717 4054 in
2755 4016 2848 4055 nos
2870 3999 2957 4068 (II
2985 4001 3162 4057 Thess.
3191 4000 3288 4074 tv).
3343 4003 3481 4058 Dicit
3519 4014 3706 4060 autem
3749 4015 3804 4061 ct

2217 4091 2436 4161 quidam
2461 4091 2832 4161 deiloquorum
2883 4104 3229 4150 nostrorum:
3280 4094 3485 4166 Siquis
3534 4096 3798 4153 scissusa

2218 4181 2446 4239 veritate
2489 4179 2670 4247 fuerit,
2714 4197 2940 4253 regnum
2977 4182 3070 4240 Dei
3115 4199 3221 4240 non
3257 4184 3572 4255 possidebit,
3605 4187 3702 4241 sed
3748 4188 3800 4241 in

2217 4267 2517 4344 gehennam
2560 4273 3023 4331 eondemnabitur.
3081 4275 3146 4330 Et
3197 4291 3430 4331 rursus:
3478 4275 3536 4330 Si
3588 4277 3714 4347 quis
3747 4277 3805 4332 in

2217 4364 2390 4419 aliena
2417 4364 2683 4419 sententia
2714 4364 2974 4430 ambulat,
3007 4365 3096 4420 hic
3119 4376 3224 4421 non
3267 4372 3351 4421 est
3376 4365 3577 4420 Christi
3614 4384 3629 4419 :
3678 4382 3805 4422 cum

2217 4453 2524 4525 hujnsmodi
2549 4467 2615 4509 ne
2631 4454 3116 4522 cotnmisceatnini,
3129 4464 3301 4510 utnon
3317 4469 3438 4510 cum
3452 4471 3519 4511 eo
3542 4456 3801 4525 pereatis.

2218 4544 2350 4613 Quis
2380 4545 2523 4601 enim
2572 4545 2780 4601 nesciat
2802 4545 2946 4615 quod
2993 4545 3048 4599 in
3096 4545 3272 4600 medio
3322 4553 3523 4601 sancta:
3550 4545 3717 4614 hujus
3748 4555 3802 4601 et

2219 4637 2540 4694 universalis
2563 4637 2753 4710 synodi
2787 4636 2950 4692 fuerit
2974 4635 3530 4707 incomprehensibilis
3555 4644 3614 4693 et
3638 4637 3802 4692 incir-

2218 4729 2581 4797 cumscriptus
2622 4727 2871 4783 Christus
2918 4743 2981 4782 ac
3026 4727 3286 4783 Dominus
3322 4728 3413 4799 qui
3463 4726 3653 4783 dixit:
3703 4726 3803 4782 Ubi

2216 4831 2337 4877 sunt
2382 4822 2489 4876 duo
2518 4820 2596 4876 eet
2634 4830 2737 4875 tres
2764 4821 2819 4875 in
2867 4821 3075 4875 nomine
3116 4836 3254 4886 meo,
3287 4820 3362 4875 ibi
3399 4836 3517 4875 sum
3545 4821 3602 4875 in
3632 4822 3800 4875 medio

2216 4928 2396 4966 eorum
2425 4910 2639 4982 (Matth.
2674 4910 2875 4981 xvttt):
2912 4915 2975 4966 et‘
3011 4909 3285 4966 voluntate
3332 4908 3498 4979 ipsius
3551 4911 3737 4966 omnia
3770 4926 3803 4965 a

2219 5001 2330 5056 Deo
2376 5010 2523 5057 mota
2582 4996 2770 5057 sancta
2825 5001 2940 5055 haec
2986 5009 3042 5053 et
3087 4999 3410 5056 universalis
3461 5000 3705 5069 synodus
3749 5008 3801 5054 et

2167 5089 2173 5093 ’
2220 5094 2532 5150 tractaverit
2552 5102 2611 5149 et
2629 5091 2853 5148 fecerit?
2881 5091 2947 5145 Et
2965 5090 3218 5161 quoniam
3242 5090 3373 5146 dicit
3394 5090 3640 5147 omnium
3660 5090 3801 5145 Deus

2218 5203 2317 5258 per
2343 5188 2494 5244 isaia:
2521 5188 2794 5260 propheta:
2823 5202 3007 5243 vocem
3042 5202 3059 5240 :
3110 5187 3179 5242 Et
3219 5187 3353 5242 dabo
3375 5185 3571 5242 clavem
3614 5187 3800 5241 domas

2221 5278 2391 5333 Dauid
2411 5294 2568 5349 super
2592 5284 2864 5332 humerum
2886 5277 3022 5347 ejus,
3056 5287 3107 5332 et
3132 5278 3358 5349 aperiet;
3387 5288 3434 5332 et
3466 5294 3568 5331 non
3593 5278 3693 5332 erit
3712 5277 3799 5347 qui

2218 5367 2431 5414 clauda!
2466 5382 2479 5395 ο
2506 5377 2551 5403 ι’
2587 5366 2791 5412 cloud»!
2840 5377 2887 5406 ον
2910 5385 3012 5418 non
3031 5370 3127 5416 erit
3146 5368 3236 5417 mni
3256 5369 3457 5420 asserint
3477 5366 3615 5422 fisa.
3639 5368 3798 5437 xm).
