3960 5676
1709 281 1740 305 \

147 368 232 424 l89

816 368 1366 426 INTERPRETATIO
1407 370 1656 427 SY‘NODI
1700 371 1806 428 \'I|l
1847 362 2374 428 GENERALISCLW
2399 370 2603 430 ACTIO
2642 371 2708 426 X.

3290 370 3394 429 I90

138 459 298 531 hostis
325 483 383 530 ct
435 475 778 547 impugnator
828 480 1131 534 invenietur
1171 487 1226 534 et
1270 479 1605 542 ostendetur,
1655 489 1708 533 ct
1740 486 1783 542 Α
1814 480 1974 535 homo
2015 480 2107 536 Dei
2139 480 2388 550 primitus
2426 482 2667 536 definivit
2695 490 2749 535 ct
2780 480 3156 552 promulgavit,
3188 497 3396 537 necnon

137 580 290 634 super
319 575 527 620 terram
557 576 611 619 et
641 567 692 620 in
722 567 893 622 cmlis.
934 569 1039 623 Sed
1068 569 1182 634 ﬁat,
1216 579 1272 622 ut
1297 585 1486 625 omnes
1515 569 1604 638 qui
1638 569 1715 623 ius

135 666 316 713 vocant
343 674 546 713 nomen
577 660 786 714 Domini
816 662 984 714 nostri
1019 660 1144 716 Jesu
1171 660 1394 724 Christi,
1425 661 1715 715 charitatc-

135 765 228 820 que
256 749 400 803 illius
427 747 558 803 freti
602 751 849 804 timorem
876 749 992 818 ejus
1040 766 1152 821 pra:
1197 751 1369 806 oculis
1396 752 1630 806 habeant
1661 753 1714 806 in

134 841 376 910 :equitate
407 841 677 904 veritatis,
722 851 778 896 et
828 841 1035 898 fructus
1067 843 1294 913 iustitia:
1324 841 1607 898 aﬂerentes
1636 845 1720 897 iii-

134 933 447 994 veniantur;
476 941 746 1002 quatenus
771 949 962 990 omnes
983 936 1377 1001 custodiantur,
1404 945 1458 989 et
1484 934 1715 990 etlician-

134 1033 210 1075 tur
232 1022 405 1091 digni,
441 1023 575 1077 etin
606 1025 860 1092 praesenti
887 1024 1086 1080 saecqu
1113 1040 1347 1094 superna
1377 1027 1714 1094 providentia

132 1113 341 1183 perfrui,
373 1123 432 1169 et
460 1115 516 1168 in
551 1113 738 1170 futuro
774 1116 972 1171 szeculo
999 1117 1364 1186 percipiainus
1400 1116 1638 1171 coelestia
1662 1127 1713 1170 et

134 1204 566 1275 ineorruptibilia
611 1207 777 1272 bona,
829 1224 949 1276 qua:
987 1209 1141 1263 nobis
1188 1210 1240 1263 in
1270 1208 1716 1278 promissionibus

132 1303 239 1347 sunt
261 1295 510 1363 reposita
539 1295 595 1350 in
623 1296 813 1351 eodem
834 1297 1050 1353 Christo
1071 1299 1181 1354 Deo
1203 1308 1410 1364 nostro,
1433 1299 1519 1354 cui
1544 1299 1714 1370 gloria

133 1385 176 1437 in
199 1385 394 1440 secula
421 1385 772 1441 saeculorum.
813 1387 1004 1442 Amen.

134 1517 338 1573 Domino
369 1519 710 1573 sanctissimo
744 1529 789 1573 et
813 1520 1108 1587 coangelico
1137 1521 1368 1576 maxime
1392 1537 1595 1576 summa
1623 1538 1713 1574 sa-

187 1589 380 1658 cerdoti
417 1599 470 1642 et
517 1590 799 1658 universali
841 1606 989 1658 paptc
1031 1589 1286 1654 Adriano,
1317 1603 1496 1644 sancta
1524 1602 1570 1645 et
1599 1593 1717 1644 uni-

190 1656 405 1729 versalis
431 1659 672 1729 synodus
701 1656 1152 1714 Constantinoooli
1178 1671 1490 1729 conqregata
1533 1663 1588 1715 in
1619 1661 1718 1714 Do-

193 1728 330 1780 mino
351 1727 609 1782 salutem.

1815 579 1870 623 et
1898 586 2104 624 summa
2133 570 2430 640 paternitas
2462 580 2546 624 tua
2605 572 2838 625 firmavit
2879 580 2932 624 et
2964 572 3216 642 synodice
3244 573 3401 625 robo-

1816 660 1974 722 ravit,
2002 659 2072 712 ita
2099 669 2153 714 et
2181 659 2280 728 ipsi
2314 659 2428 715 hzec
2453 661 2930 724 annuntiaverunt,
2955 669 3009 714 et
3030 671 3255 732 egerunt
3281 677 3396 716 am-

1815 750 2005 804 borum
2038 760 2275 805 vestrum
2325 752 2785 806 sanctissimorum
2813 792 2829 817 ,
2871 753 3124 809 videlicet
3174 753 3403 810 senioris
3453 754 3460 761 ’

1817 840 2001 897 Ιὶοιιιτη
2031 840 2370 911 pontificum,
2393 858 2588 897 nomen
2617 851 2669 898 et
2706 843 3040 908 memoriale,
3072 844 3402 900 instantibus

1817 935 2150 1004 temporibus
2175 946 2226 990 et
2254 936 2464 990 cunctis
2491 934 2950 1006 generationibus,
2983 949 3103 1004 quae
3150 935 3404 1005 deinceps

1818 1025 2012 1080 futura:
2037 1036 2195 1089 sunt,
2223 1025 2515 1082 elIieientes
2560 1027 2827 1082 laudabile
2854 1045 2868 1082 :
2897 1027 2972 1082 ita
3010 1037 3066 1082 et
3111 1029 3404 1099 unicuique

1817 1113 2054 1182 ipsorum
2094 1124 2308 1184 aptetur
2344 1117 2486 1184 quod
2529 1116 2659 1172 dicit
2699 1117 2753 1170 in
2805 1115 3109 1188 Evangeliis
3159 1117 3406 1174 Christus

1815 1203 2053 1286 (nimium
2084 1215 2328 1259 nostrum
2357 1204 2608 1259 Siilvator
2632 1223 2646 1259 :
2676 1205 2778 1271 Qui
2803 1224 2834 1258 a
2857 1208 3130 1276 semetipso
3152 1207 3403 1278 loquitur,

1818 1291 2040 1359 gloriam
2077 1293 2342 1361 propriam
2371 1294 2558 1363 quierit
2583 1309 2601 1346 :
2631 1294 2719 1363 qui
2753 1303 2927 1346 autem
2959 1295 3144 1364 quierit
3180 1294 3403 1366 gloriam

1815 1379 1928 1449 ejus
1961 1380 2047 1449 qui
2070 1382 2206 1434 misit
2232 1381 2404 1450 illum,
2427 1383 2513 1436 hic
2542 1399 2697 1436 verax
2737 1393 2834 1446 est,
2858 1393 2904 1437 et
2932 1384 3195 1454 injustitia
3230 1387 3282 1440 in
3312 1385 3405 1440 illo

1818 1487 1919 1524 non
1945 1481 2018 1524 est
2051 1470 2230 1540 (Joan.
2260 1472 2378 1542 vn).
2413 1472 2519 1528 Sed
2549 1484 2604 1528 et
2630 1473 2944 1528 benedictus
2973 1473 3138 1542 Deus,
3165 1476 3257 1545 qui
3293 1490 3399 1530 non

1817 1562 1962 1616 dedit
1994 1578 2092 1617 nos
2125 1561 2177 1617 in
2203 1564 2508 1634 captionem
2539 1563 2792 1618 dentibus
2820 1564 3118 1618 odieutium
3161 1579 3281 1629 nos,
3307 1565 3403 1620 sed

1815 1639 2274 1724 eripuitaniinam
2303 1666 2542 1711 nostram
2597 1661 2740 1711 sicut
2772 1671 3049 1728 passerem
3096 1657 3163 1712 de
3209 1656 3405 1730 laqueo

1817 1747 2130 1800 venantium
2153 1762 2270 1800 eam
2296 1745 2468 1817 (Psal.
2502 1747 2715 1817 cxxm),
2739 1757 2793 1802 et
2819 1747 3094 1818 orationes
3119 1758 3330 1803 vestras
3350 1760 3408 1804 et

191 1839 574 1910 Opportunum
643 1850 730 1897 est
785 1858 906 1898 cum
967 1842 1369 1914 sapientissimo
1427 1844 1715 1899 Salomone
1743 1835 1790 1892 B
1820 1838 2066 1893 assiduas
2096 1839 2500 1909 redargutiones
2529 1850 2582 1894 et
2615 1841 3033 1906 admonitiones,
3055 1856 3189 1910 quas
3210 1843 3406 1910 phero-

132 1949 258 1988 nunc
277 1942 333 1987 et
358 1949 464 1988 nos
493 1933 734 1990 clamare
765 1952 779 1988 :
813 1933 1081 2005 Sapientia
1112 1939 1166 1990 in
1191 1939 1414 1992 exitibus
1440 1938 1710 2001 laudatur,

132 2027 178 2076 in
199 2023 382 2094 plateis
410 2034 591 2078 autem
642 2025 892 2093 ﬁduciam
919 2026 1048 2096 agit,
1093 2027 1152 2091 in
1180 2029 1397 2080 summis
1441 2043 1711 2080 murorum

130 2115 461 2182 pratdiratur,
486 2117 541 2169 in
566 2118 733 2184 portis
749 2125 922 2170 autem
945 2126 1211 2186 potentum
1233 2119 1451 2183 assistit,
1475 2120 1527 2172 in
1551 2121 1713 2189 portis

131 2214 288 2257 autent
314 2203 546 2258 civitatis
570 2204 841 2274 conﬁdens
865 2204 990 2258 dicit
1017 2218 1037 2257 :
1070 2203 1283 2270 Quanto
1312 2215 1540 2276 tempore
1569 2207 1716 2260 inno-

131 2306 287 2349 rentes
308 2295 582 2348 abundant
595 2295 835 2365 justltia,
860 2311 961 2349 non
985 2295 1392 2365 confundantur;
1416 2297 1714 2366 insipientes

130 2397 313 2452 autem,
359 2385 575 2456 injuria:
622 2387 903 2442 existentes
946 2385 1349 2453 desideratores,
1401 2389 1549 2459 impii
1587 2389 1715 2459 farti

131 2477 392 2530 scientiam
442 2476 669 2532 oderunt
720 2473 903 2544 (Prov.
944 2474 985 2547 ι)
1028 2492 1043 2529 :
1097 2476 1186 2532 hic
1229 2486 1314 2532 est
1363 2477 1716 2546 proverbialis

133 2579 318 2619 sermo.
351 2565 595 2620 Donatus
627 2564 775 2619 enim
805 2565 912 2620 Deo
934 2564 1183 2620 amabilis
1207 2567 1492 2637 episcopus
1525 2567 1715 2633 Ostiae,

133 2671 180 2710 et
201 2657 508 2728 Stephanus
537 2659 647 2711 Deo
672 2655 918 2711 amabilis
938 2657 1222 2727 episcopus
1247 2657 1427 2728 Nepae,
1458 2668 1514 2712 et
1550 2658 1714 2714 Mari-

134 2764 224 2802 nus
252 2747 764 2804 honorabilissimus
811 2743 1068 2803 diaconus
1119 2758 1321 2804 sanctae
1351 2747 1713 2805 Romanorum

135 2839 397 2902 Ecclesiae,
431 2839 763 2894 sanctissimi
789 2839 973 2895 vicarii
1013 2840 1320 2896 sanctitatis
1348 2849 1557 2905 vestrae,
1592 2857 1712 2896 eum

133 2937 300 2982 essent
323 2927 508 2982 divina
545 2927 814 2998 sapientia
839 2927 1047 2997 repleti,
1071 2937 1125 2983 et
1149 2929 1425 2998 sapientia:
1451 2928 1716 2985 columnis

133 3021 351 3088 propriae
379 3020 579 3075 animae
619 3020 840 3074 domum
869 3018 1156 3075 fundautes
1187 3029 1243 3075 et
1271 3021 1629 3085 stabilientes,
1661 3029 1717 3076 et
1746 3047 1749 3050 -

137 3111 289 3165 Deum
335 3113 604 3176 omnium,
637 3112 728 3182 qui
785 3112 838 3166 in
891 3112 1155 3182 sapientia
1210 3122 1406 3168 terram
1449 3112 1711 3179 fundavit,

136 3215 233 3268 pra:
256 3199 430 3254 oculis
459 3201 745 3266 habentes,
793 3200 1116 3261 ﬁducialiter
1142 3211 1370 3272 egerunt
1399 3221 1412 3256 :
1444 3204 1495 3256 in
1522 3204 1715 3273 plateis
1742 3184 1786 3245 (ἶ

141 3291 367 3360 profecto
402 3291 708 3348 divinarum
734 3293 1162 3364 Scripturarum,
1188 3303 1245 3350 et
1271 3294 1517 3360 excelsis,
1545 3301 1598 3349 et
1623 3309 1716 3349 suc

141 3384 395 3451 blimibus,
445 3393 503 3440 et
550 3385 857 3442 fortissimis
900 3387 1070 3442 muris
1117 3388 1365 3442 veritatis
1396 3387 1489 3442 Dei
1538 3386 1717 3442 conci-

142 3475 253 3529 lium
297 3478 764 3547 praedicaverunt,
814 3489 871 3534 et
927 3480 1100 3551 portis
1149 3496 1253 3535 non
1309 3480 1484 3534 solum
1528 3491 1718 3549 poten-

144 3573 261 3630 tum,
317 3567 370 3620 id
401 3575 488 3622 est
527 3567 800 3624 auditibus
827 3583 1018 3623 eorum
1067 3569 1157 3638 qui
1215 3584 1408 3623 sensus
1447 3555 1718 3624 exercita-

143 3667 217 3713 tos
237 3660 300 3713 ad
321 3661 705 3717 discretionem
754 3662 994 3718 melioris
1037 3678 1101 3717 ac
1153 3664 1458 3726 deterioris,
1507 3679 1714 3718 necnon

144 3757 191 3801 et
221 3750 524 3805 interiorem
561 3750 836 3806 hominem
887 3751 1189 3820 perfectum
1253 3753 1473 3816 habent,
1529 3753 1622 3806 sed
1663 3760 1719 3808 et

146 3854 316 3894 eorum
351 3841 444 3910 qui
485 3840 809 3912 imperfecti,
851 3851 906 3896 et
949 3842 1202 3897 sensibus
1241 3842 1445 3912 parvuli
1493 3849 1619 3896 sunt
1664 3843 1715 3896 in

147 3932 349 3989 civitate
387 3934 622 3989 viventis
665 3933 764 3989 Dei
818 3933 1120 3990 luculenter
1167 3935 1474 4004 :equitatem
1525 3934 1719 3988 divinae

144 4022 347 4091 iustitia:
409 4024 906 4089 annuutiaverunt;
970 4033 1025 4079 et
1076 4025 1445 4094 superioribus
1497 4025 1716 4093 quidem

152 4112 460 4167 inanifestati
491 4122 638 4178 sunt,
663 4123 917 4168 accusata
952 4114 1148 4168 divinis
1184 4113 1391 4184 legibus
1419 4123 1473 4167 et
1511 4129 1717 4184 praece-

151 4203 518 4273 ptisinjustitia
557 4213 614 4260 et
642 4203 891 4270 malitia;
925 4219 1018 4259 eos
1044 4219 1172 4259 vero
1210 4219 1347 4273 quos
1387 4205 1719 4275 proverbiale

153 4293 334 4348 dictum
377 4295 691 4349 innocentes
721 4294 1040 4360 nominavit,
1066 4311 1161 4366 per
1189 4296 1541 4366 privationem
1571 4297 1720 4351 vide-

154 4381 522 4450 Iicetmalitize,
561 4384 875 4442 inconfusus
913 4385 1008 4440 Dei
1056 4386 1181 4440 boni
1230 4388 1612 4458 cooperatione
1665 4395 1721 4442 et

156 4480 304 4548 gratia
331 4488 812 4536 conservaverunt.
841 4479 1163 4548 lnsipientiic
1192 4487 1371 4533 autem
1417 4479 1716 4549 operarios,

157 4578 203 4623 et
220 4569 550 4624 a‘mulatores
569 4569 824 4638 nequitim
859 4577 1114 4638 tanquam
1143 4568 1508 4624 conviciorum
1534 4570 1719 4624 avidos

157 4661 448 4726 existentes,
474 4669 526 4716 et
552 4661 749 4732 impios
779 4658 973 4725 factos,
995 4660 1332 4729 argumentis
1360 4659 1606 4714 veritatis
1629 4661 1723 4714 ob-

159 4751 323 4805 noxios
382 4752 764 4816 ostenderunt,
829 4749 1279 4818 quemadmodum
1328 4748 1462 4803 alios
1526 4749 1719 4807 iterum

158 4841 469 4908 proverbiale
497 4841 690 4898 fatetur
733 4841 1012 4910 eloquium
1044 4858 1058 4894 :
1097 4839 1161 4894 Et
1187 4839 1516 4894 examinatio
1547 4842 1723 4909 perdit

157 4931 329 5001 impios
359 4949 374 4986 :
407 4933 653 5002 operibus
682 4931 831 4992 enim
881 4932 994 4987 suis
1026 4931 1426 5006 prmpedierunt
1473 4947 1566 4986 eos
1613 4931 1722 4988 Deo

157 5023 400 5078 amabiles
444 5024 623 5080 vicarii
669 5033 916 5096 paterna:
965 5023 1266 5078 sanctitatis
1314 5031 1530 5087 vestrae,
1579 5026 1724 5094 quod

159 5109 484 5180 hymnidicus
510 5113 669 5169 David
697 5115 818 5168 ait:
851 5110 934 5164 Ad
978 5109 1198 5166 nihilum
1245 5111 1497 5167 deductus
1545 5124 1620 5168 est
1668 5116 1723 5170 in

159 5209 418 5270 conspectu
448 5200 557 5269 ejus
587 5202 891 5274 malignus;
943 5201 1178 5256 timentes
1218 5211 1394 5258 autem
1439 5200 1723 5261 Dominum

160 5287 405 5355 gloriﬁcat
437 5286 601 5358 (Psal.
625 5294 763 5363 xiv).
789 5289 930 5345 Nam
957 5296 1014 5345 et
1058 5290 1182 5358 quid
1219 5290 1366 5352 aliud
1413 5289 1511 5348 hos
1556 5310 1725 5366 appa-

165 5380 320 5433 ruisse
337 5380 645 5449 opinandum
665 5392 777 5448 est,
801 5395 971 5452 quam
993 5379 1263 5439 derivatas
1281 5382 1589 5452 imagines?
1614 5388 1725 5445 imo

164 5483 278 5525 vero
305 5473 631 5534 characteres
666 5474 1038 5534 indissimiles
1075 5477 1429 5545 quarumdam
1458 5476 1722 5537 bonarum

164 5562 584 5632 etprincipalium
608 5567 922 5625 tabularum
969 5563 1171 5621 Nicolai
1220 5565 1516 5624 beatissimi
1573 5585 1726 5616 ηειηςτι

1821 1945 2013 2000 nymus
2044 1930 2132 1984 ille
2156 1939 2210 1985 ct
2235 1945 2460 2000 magnus
2489 1932 2578 1985 Dei
2610 1947 2960 2001 summusque
3007 1932 3248 2002 pontifex
3280 1933 3407 1988 bea-

1821 2022 2062 2076 tissimus
2101 2037 2236 2092 papa
2283 2022 2556 2077 Nicolaus.
2597 2023 2768 2077 Dilexi
2817 2024 2961 2078 enim
3004 2022 3209 2094 iugiter
3259 2024 3407 2079 ferre

1819 2113 1978 2173 labiis
2016 2114 2158 2168 illius
2191 2115 2332 2170 beati
2382 2131 2600 2181 nomen,
2633 2117 2981 2172 iutrodueens
3020 2117 3272 2173 videlicet
3312 2133 3410 2187 per

1820 2205 1945 2270 hoc,
1967 2215 2023 2259 et
2050 2207 2217 2275 ipsius
2241 2221 2456 2277 quoque
2487 2208 2823 2274 memoriam,
2861 2209 2954 2278 qui
2985 2224 3082 2279 per
3129 2210 3407 2264 Christum

1819 2301 1874 2348 ct
1899 2310 2020 2348 cum
2047 2295 2264 2351 Christo
2294 2296 2551 2350 mundum
2585 2298 2715 2354 vicit
2746 2315 2758 2352 :
2784 2309 2837 2354 et
2863 2299 2979 2370 ipse
3005 2300 3096 2370 qui
3128 2309 3184 2355 et
3203 2301 3404 2371 gradus

1819 2393 1874 2442 et
1898 2385 2174 2453 dignitatis
2198 2394 2252 2440 et
2281 2387 2450 2441 moris
2483 2386 2600 2456 ejus
2647 2403 2929 2444 successor
2973 2404 3053 2454 es,
3101 2404 3199 2458 pro
3237 2389 3408 2445 eccle-

1819 2473 2036 2535 siastica
2087 2490 2220 2545 pace
2266 2475 2522 2532 alacriter
2563 2478 2903 2541 exercuistis,
2931 2478 2998 2532 ad
3029 2477 3406 2547 expellendum

1820 2566 2001 2636 lupum
2034 2567 2103 2621 ab
2129 2568 2254 2622 ovili
2282 2569 2505 2634 Christi,
2539 2578 2792 2638 tanquam
2823 2570 2934 2624 veri
2963 2580 3210 2639 pastores
3239 2572 3409 2625 ratio-

1821 2658 2077 2712 nabilium
2109 2659 2292 2713 ovium
2319 2659 2539 2728 Christi,
2565 2660 2810 2728 quinimo
2841 2661 3038 2714 summi
3067 2669 3330 2727 pastores,
3353 2667 3408 2715 et

1818 2752 2095 2821 principes
2123 2753 2364 2807 omnium
2389 2752 2762 2808 ecclesiarum.
2795 2753 2902 2808 Sed
2937 2753 3005 2807 de
3049 2753 3250 2807 misero
3293 2752 3410 2820 qui-

1818 2842 1940 2897 dcni
1973 2841 2183 2905 Pliotio,
2217 2852 2272 2897 et
2299 2843 2366 2897 iis
2394 2843 2485 2911 qui
2517 2842 2723 2896 seducti
2755 2850 2884 2896 sunt
2907 2841 2975 2895 ab
2999 2849 3154 2905 co,et
3181 2855 3409 2896 concor-

1817 2931 2083 2990 daverunt
2116 2931 2191 2997 ei,
2215 2933 2591 3001 propheticum
2621 2930 2750 2986 illud
2793 2929 3079 2985 dicendum
3109 2937 3192 2984 est
3222 2947 3235 2983 :
3268 2929 3408 2995 Quia

1819 3031 1972 3076 recta:
2003 3022 2098 3076 via!
2134 3022 2368 3087 Domini,
2389 3032 2436 3076 et
2463 3023 2600 3091 justi
2639 3021 2979 3076 ambulabunt
3022 3023 3074 3076 in
3098 3022 3208 3087 eis;
3261 3021 3415 3091 impii

1820 3121 1994 3166 autem
2026 3112 2430 3176 inﬁrmabuntur
2457 3112 2600 3184 (Ose.
2633 3113 2772 3182 XIV),
2819 3113 2905 3167 vel
2929 3113 3093 3167 etiam
3137 3111 3411 3168 oﬂ'endent

1819 3203 1873 3256 in
1904 3201 2050 3267 illis;
2100 3201 2213 3256 suis
2241 3202 2386 3255 enim
2413 3202 2518 3256 viis
2547 3201 2802 3257 delectari
2841 3201 3027 3271 utique
3052 3216 3407 3272 pernecessa-

1820 3294 1957 3352 rium
1981 3301 2099 3347 erat
2132 3292 2233 3359 eis,
2260 3291 2467 3348 fructus
2495 3301 2549 3348 et
2575 3292 2713 3347 mala
2753 3292 3001 3349 accidere
3043 3291 3246 3362 justum
3287 3301 3409 3348 erat.

1817 3382 1897 3437 eis
1925 3383 2216 3437 secundum
2246 3397 2412 3453 opera
2443 3398 2698 3441 manuum
2724 3398 2970 3448 suarum,
2994 3391 3054 3437 ut
3089 3383 3322 3453 quodam
3350 3383 3402 3436 in

1818 3475 1936 3542 loco
1963 3475 2089 3531 dicit
2123 3476 2474 3546 magnivocus
2498 3475 2686 3530 Isaias.
2725 3474 2858 3541 Quis
2911 3483 3094 3528 autem
3137 3474 3396 3528 amatoris

1818 3566 2022 3623 Christi
2047 3575 2103 3622 et
2133 3565 2562 3636 tranquillissimi
2593 3565 2937 3635 imperatoris
2981 3565 3152 3619 nostri
3199 3563 3403 3622 articu-

1821 3660 2024 3715 laribus
2050 3659 2326 3719 insinuare
2351 3658 2570 3713 vocibus
2596 3658 2813 3728 poterit,
2842 3657 2897 3716 in
2919 3656 3168 3731 omnibus
3190 3656 3406 3727 quidem

1820 3752 1961 3816 aliis,
1997 3752 2090 3806 sed
2139 3750 2412 3822 praecipue
2471 3750 2526 3808 in
2579 3749 2967 3825 ecclesiasticis
3026 3749 3189 3822 rebus
3244 3757 3406 3815 atque

1819 3844 2065 3915 personis
2109 3843 2568 3913 atquaniinitatem
2615 3851 2671 3898 et
2717 3841 3081 3915 exercitium?
3141 3840 3232 3910 qui
3294 3839 3409 3908 piem

1822 3935 1948 3996 tatis
1974 3933 2378 3989 deﬁnitionibus
2419 3933 2769 3996 et,virtutum
2811 3930 3236 4002 proprietatibus
3290 3943 3407 3981 om-

1821 4040 1919 4087 nes
1979 4038 2370 4094 supergressus
2425 4033 2510 4078 est
2565 4023 2658 4092 qui
2717 4033 2844 4076 ante
2894 4038 2953 4077 se
3001 4029 3402 4091 regnaverunt;

1821 4115 1894 4170 ita
1959 4124 2018 4170 ut
2077 4114 2252 4184 magis
2319 4113 2673 4170 directionem
2742 4110 2860 4180 ejus
2927 4111 3188 4173 moribus,
3241 4125 3419 4178 quam.

1822 4206 2025 4261 nostris
2081 4205 2373 4260 virtutibus
2424 4203 2676 4260 ﬁduciam
2730 4203 3030 4280 capiamus,
3081 4216 3242 4272 quem
3290 4215 3420 4256 om-.

1820 4299 2071 4368 nipotens
2116 4298 2260 4351 Deus
2308 4304 2363 4354 et
2416 4312 2513 4353 rex
2561 4296 2962 4359 universorum,
3010 4292 3100 4363 qui
3164 4307 3260 4363 per
3319 4306 3408 4344 so-

1821 4391 2034 4446 lertiam
2061 4399 2320 4453 vestram,
2353 4389 2824 4450 interventionem,
2855 4400 2920 4440 ac
2959 4383 3224 4451 judicium
3249 4423 3263 4447 ,
3307 4396 3405 4434 seu

1823 4479 2135 4552 synodicatu
2162 4478 2579 4549 expositionem,
2607 4487 2714 4532 tam
2745 4490 2992 4543 magnam
3035 4481 3091 4526 et
3131 4472 3407 4525 universa-

1826 4573 1930 4628 lem
1964 4572 2227 4642 synodum
2262 4583 2593 4640 congregare
2641 4568 2893 4637 dignatus
2944 4572 3047 4627 est,
3095 4571 3150 4616 et
3199 4567 3405 4618 tantum

1815 4651 1963 4731 lepus
2004 4662 2069 4716 ad
2104 4662 2261 4716 finem
2293 4673 2608 4730 prosperum
2654 4656 2951 4732 perducere
2990 4652 3198 4714 maluit,
3228 4659 3407 4705 custo—

1827 4751 1943 4806 diat
1969 4750 2291 4805 incolumem
2318 4759 2608 4822 utrumque
2637 4761 2732 4816 per
2762 4743 2956 4798 multos
2997 4756 3262 4795 annorum
3307 4738 3419 4798 circ,

1830 4843 2025 4908 cuitus,
2054 4851 2109 4896 et
2141 4841 2232 4894 det
2259 4837 2534 4896 sanctitati
2585 4849 2798 4905 (pioque
2847 4841 3041 4888 vestra:
3085 4831 3420 4901 condignam.

1830 4933 2077 4988 laborum
2109 4930 2554 4991 vicissitudinem,
2576 4937 2626 4982 ct
2651 4941 2771 4982 eum
2803 4925 2961 4988 Petro
2983 4933 3038 4978 ct
3064 4922 3230 4977 Paulo
3259 4922 3420 4992 prin:

1823 5025 2032 5095 cipibus
2063 5020 2428 5092 apostolorum
2450 5018 2661 5088 judiees
2686 5031 2798 5088 vos.
2830 5016 3180 5078 demonstret,
3211 5021 3267 5068 et
3296 5012 3408 5081 jam

1827 5117 1880 5170 iu
1909 5115 2091 5181 futuro
2126 5111 2325 5170 smculo
2352 5110 2658 5167 multarum
2706 5107 2944 5178 gentium
2971 5117 3064 5177 et,
3093 5105 3411 5184 populorum

1825 5201 2060 5276 propriis
2097 5204 2257 5260 bonis
2294 5199 2571 5272 Operibus,
2602 5199 2796 5268 impios
2831 5207 2884 5250 et
2915 5197 3128 5266 iniquos
3148 5193 3416 5271 judicatu-

1827 5291 2410 5364 ros,quemadmodum
2440 5298 2494 5342 et
2517 5305 2662 5344 nunc
2681 5286 2862 5344 debite
2891 5285 3122 5351 fecistis,
3139 5299 3172 5346 λ
3196 5284 3416 5344 Christo

1829 5385 2194 5457 gubernacula
2219 5376 2908 5439 sumenteatecelesiastiae
2933 5378 3109 5431 navis.

1899 5473 2064 5542 Igitur
2090 5472 2322 5528 libenter
2355 5466 2550 5537 oppido
2586 5477 2642 5522 et
2670 5473 2948 5537 gratanter
2974 5463 3264 5520 imitatrice
3318 5457 3411 5514 Dei

1827 5559 2112 5600 cdvnnfil'qln
2154 5570 2332 5598 νέηαι-ει
2383 5559 2624 5596 nmninm
2679 5565 2915 5594 nn‘clr-‘M
2966 5572 2988 5584 ιε
