3960 5410
549 431 644 488 191

1705 424 2062 484 ANASTASII
2104 409 2651 501 mmaorusmnu

3689 427 3801 488 192

549 545 721 607 veluti
742 544 1036 623 propriam,
1081 553 1134 599 et
1177 540 1457 599 sollicitius
1500 541 1758 596 confirma
1802 538 2121 610 euangelicis
2149 543 2190 599 Λ
2221 538 2570 592 beatitudinis
2600 546 2789 591 vestra:
2811 577 2825 599 ,
2856 537 3196 605 divinamque
3229 535 3398 607 legem
3417 577 3432 602 ,
3463 544 3675 593 natum
3703 539 3801 596 Ιιο4

547 636 994 712 prmeeptiouibus
1021 643 1076 688 et
1105 632 1561 689 admonitionibus
1581 632 1795 695 vestris,
1833 639 1890 685 ut
1914 646 2011 700 per
2034 645 2119 682 sa-

547 705 940 798 pientissimum
979 724 1348 798 magisterium
1388 731 1625 778 vestrum
1656 722 1817 777 etiam
1853 722 1970 776 aliis
1997 721 2118 774 uni-

551 818 720 873 versis
747 816 990 872 ecclesiis
1017 823 1288 886 personet,
1317 823 1374 868 et
1399 812 1722 882 suscipiatur
1743 811 1983 866 veritatis
2010 824 2122 864 vcr-

548 907 674 960 bum
703 915 765 986 et
777 907 1000 978 justitite
1024 907 1318 971 decretum.

611 1036 728 1086 llaec
746 1036 949 1098 epistola
969 1037 1114 1085 missa
1136 1039 1214 1086 est
1234 1035 1292 1085 ad
1313 1045 1484 1084 omnes
1504 1029 1851 1096 patriarchales
1873 1028 2037 1081 sedes.

619 1138 871 1214 Basilius,
914 1137 1289 1214 Constantinus
1329 1146 1385 1214 ct_
1428 1137 1556 1214 L_eo1
1689 1135 1897 1189 Christo
1927 1133 2054 1186 Jcsu

689 1211 1026 1272 imperatores
1053 1210 1275 1278 Augusti
1304 1205 1562 1277 principes
1606 1205 1981 1258 Romanorum.

619 1317 972 1388 Diligentibus
987 1319 1153 1371 Deum
1182 1317 1457 1386 eooperari
1486 1315 1664 1370 omnia
1692 1315 1745 1368 in
1771 1315 1968 1368 bonum
1991 1313 2126 1368 divi-

551 1409 1156 1477 nituselamatpatcnter
1169 1407 1456 1477 Apostolus
1473 1403 1795 1476 (Rom.vnt);
1815 1405 1943 1474 quin
1961 1411 2014 1457 et
2035 1419 2128 1472 pc-

551 1508 752 1553 tentem
792 1499 1054 1567 accipere,
1089 1506 1491 1565 etquzcrentem
1531 1499 1795 1560 invenire,
1819 1494 2126 1564 etpulsanli

550 1588 746 1658 aperiri
767 1586 878 1657 spei
903 1596 1086 1656 portas
1110 1586 1384 1640 Dominiea
1399 1601 1499 1640 vox
1521 1586 1796 1640 admonuit
1818 1581 2000 1656 (Apoc.
2019 1585 2124 1652 Ill);

552 1680 636 1734 hi's
657 1695 786 1750 ergo
810 1679 964 1734 dictis
984 1690 1036 1732 et
1059 1679 1314 1735 divinitus
1345 1679 1694 1748 gubernatum
1725 1677 2005 1746 imperium
2033 1691 2130 1729 no-

550 1780 724 1824 strum
750 1785 962 1841 parens,
995 1780 1054 1823 ut
1082 1769 1336 1840 possibile
1365 1770 1464 1824 sibi
1495 1769 1616 1832 fuit,
1641 1780 1857 1823 coronzc
1885 1767 2126 1821 datorem

551 1849 707 1912 suum
735 1858 981 1927 diligens,
1014 1873 1117 1912 nou
1146 1859 1350 1913 destitit
1381 1860 1444 1912 de
1468 1857 1774 1912 inventione
1796 1857 2126 1911 ecclesiasti-

552 1963 629 2003 cae
670 1947 1026 2002 ordinationis
1056 1957 1253 2002 nostrae
1296 1947 1546 2017 petendo,
1580 1947 1894 2015 qumrendo,
1927 1953 1982 2000 et
2010 1945 2126 2014 pul-

552 2041 720 2094 sando
747 2079 762 2105 ,
813 2055 1092 2110 quousque
1134 2040 1243 2094 Deo
1291 2039 1525 2108 acceptis
1565 2036 1900 2092 orationibus
1929 2035 2126 2090 vestris

552 2133 664 2202 spei
692 2132 924 2188 fructum
966 2133 1216 2202 adeptum
1256 2139 1358 2186 est.
1397 2131 1728 2198 Incorruptze
1755 2128 1897 2182 enim
1922 2127 2128 2181 colum-

551 2231 634 2279 na:
658 2225 1029 2290 ecclesiarum,
1056 2224 1381 2280 sanctissimi
1417 2223 1663 2278 videlicet
1691 2221 1882 2277 summi
1915 2220 2127 2290 pontili-

550 2330 642 2370 ces
667 2316 897 2371 senioris
919 2315 1124 2380 Romae,
1147 2314 1371 2370 multum
1403 2322 1525 2368 ante
1545 2313 1864 2382 arripientes
1885 2311 2122 2366 laborem

549 2397 649 2474 pro
670 2405 1032 2460 ecclesiastica
1054 2405 1414 2469 ordinatione,
1439 2404 1670 2482 debitam
1697 2401 2004 2456 facultatem
2029 2415 2126 2454 no-

552 2488 678 2550 stris
699 2495 1040 2551 eontulerunt
1069 2496 1315 2564 negotiis,
1343 2495 1416 2548 ita
1450 2496 1513 2548 ut
1546 2491 1947 2572 honoratissimi
1980 2491 2125 2545 vica-

553 2586 618 2640 rii
651 2595 849 2640 sancta:
895 2586 1148 2641 Romana:
1197 2586 1474 2651 Ecclesiae,
1520 2601 1643 2641 cum
1673 2583 2124 2639 reverendissimo

553 2673 661 2730 Icci
709 2684 985 2730 servatore
1019 2677 1318 2731 sanctitatis
1359 2686 1498 2741 tute,
1550 2683 1604 2729 et
1635 2673 1861 2728 aliarum
1889 2673 2124 2744 patriar-

552 2764 781 2819 chalium
812 2765 1042 2829 sedium,
1069 2765 1162 2820 Dei
1192 2765 1362 2836 gratia
1411 2775 1464 2820 et
1506 2763 1886 2834 eooperatione
1917 2761 2125 2816 facilius

550 2857 843 2912 evellerent
872 2857 1126 2926 nequitia:
1157 2857 1384 2921 zizania,
1412 2865 1466 2909 et
1490 2845 1588 2910 rus
1617 2854 1934 2909 exhiberem
1970 2868 2126 2907 mttu-

551 2951 854 3004 dissimum.
878 2949 1011 3003 Nam
1037 2949 1482 3004 condemnatione
1529 2948 1736 3017 dignos,
1769 2955 1824 3002 et
1861 2946 2130 3001 turbatio-

553 3041 638 3094 nis
663 3049 915 3114 auctores
956 3055 1076 3094 cum
1109 3041 1299 3094 horum
1328 3026 1586 3109 aceplialo
1620 3040 1819 3109 capite,
1861 3037 2148 3110 regulari-r

554 3139 638 3186 ter
665 3139 824 3200 atque
853 3131 1107 3202 synodice
1141 3131 1598 3200 irrcprehensibili
1637 3130 1839 3198 judicio
1869 3131 2146 3184 coudem-'

555 3227 818 3273 naverunt
865 3229 921 3273 et
966 3220 1391 3289 reprobaverunt
1425 3237 1436 3271 :
1469 3219 1517 3273 ei
1548 3229 1723 3272 autem
1763 3218 1856 3287 qui
1883 3226 2128 3287 patenter

556 3307 872 3376 iujustitiam
900 3324 1091 3378 passus
1127 3317 1232 3374 est,
1282 3309 1520 3380 legitimo
1551 3307 1756 3363 scilicet
1793 3295 2012 3362 'summo
2041 3323 2128 3384 sa«_-

554 3389 856 3466 cerdoti,et
885 3397 953 3453 iis
979 3399 1069 3469 qui
1100 3400 1244 3453 circa
1276 3399 1448 3469 ipsum
1487 3408 1634 3462 sunt,
1677 3399 2030 3453 decreverunt
2073 3407 2128 3451 et

555 3480 897 3545 contulerunt
917 3488 1268 3558 triumphum,
1289 3489 1639 3544 subtilitatem
1664 3497 1920 3557 prteterea
1939 3501 2126 3541 eorum

552 3595 672 3650 qua:
707 3573 835 3635 acta
851 3587 975 3634 sunt
1014 3569 1341 3651 in'superius
1378 3579 1648 3634 declarata
1697 3589 1880 3634 saneta
1909 3587 1962 3633 et
2003 3579 2125 3632 uni-

554 3669 749 3724 versali
790 3670 996 3741 synodo
1047 3669 1319 3724 sanctitati
1368 3678 1470 3724 tua:
1518 3669 1827 3739 expressius
1854 3669 2128 3722 exhibebit

554 3771 829 3829 gestorum
849 3761 1089 3830 ejusdem
1114 3760 1303 3830 synodi
1325 3752 1514 3814 series.
1529 3758 1742 3813 Gratias
1761 3772 1889 3826 ergo
1909 3766 2131 3827 agentes
2151 3790 2154 3792 η

557 3851 918 3920 omnipotenti
948 3850 1061 3904 Deo
1092 3863 1190 3920 pro
1232 3849 1595 3905 ecclesiastica
1635 3849 2020 3903 constitutione
2067 3862 2131 3902 ac

558 3942 749 3998 idonea
813 3942 1003 4012 synodi
1072 3941 1451 3997 terminatione
1481 3981 1497 4008 ,
1549 3941 2028 4010 beatificantesque
2077 3949 2132 3994 et

557 4033 910 4103 suscipientes
939 4033 1203 4089 sinceram
1236 4026 1390 4088 nobis
1420 4047 1449 4086 a
1482 4032 1698 4088 Christo
1733 4032 1842 4087 Deo
1881 4032 2129 4087 collatam

559 4121 863 4176 divinorum
892 4134 1157 4176 canonum
1200 4114 1509 4176 custodiam
1557 4129 1614 4176 et
1665 4121 2129 4176 conservationem

559 4213 863 4269 sanctitatis
908 4222 1130 4279 vestrae;
1169 4214 1294 4283 quia
1339 4213 1511 4269 salvat
1551 4215 1803 4284 operibus
1841 4213 1984 4268 circa
2033 4227 2132 4266 nos

560 4305 902 4376 benignitatis
939 4305 1212 4373 allectum,
1259 4297 1600 4362 manifestum
1647 4307 1693 4360 ei
1745 4313 2132 4376 praisentamus

560 4397 717 4454 laude
741 4399 959 4468 dignum
989 4407 1190 4454 sancta:
1237 4397 1395 4468 hujus
1419 4408 1473 4454 et
1501 4400 1821 4455 universalis
1845 4399 2030 4470 synodi
2071 4400 2133 4452 li—

560 4506 705 4557 nem,
725 4502 989 4562 quatenus
1018 4502 1071 4546 et
1101 4493 1213 4563 ipsa
1241 4493 1534 4564 gratiarum
1565 4493 1674 4548 Deo
1718 4507 1821 4546 una
1851 4492 2130 4547 nobiscum

2223 629 2424 682 minum
2449 627 2812 695 coniunctam,
2840 627 3167 681 honorantes
3191 642 3286 696 pro
3309 626 3537 692 viribus,
3563 642 3689 696 quae
3709 641 3798 698 pa-

2223 717 2394 772 tribus
2417 716 2782 787 spiritualibus
2809 717 3197 796 vicissitudine,
3219 717 3372 786 juxta
3399 716 3608 772 cultum
3637 731 3801 776 vene-

2223 809 2467 874 rationis,
2496 805 2775 862 exsolvere
2806 805 2960 874 jubet
2987 807 3156 871 ﬁlios,
3185 820 3400 880 semper
3425 805 3492 861 de
3521 805 3803 871 incolumi.-

2223 907 2332 951 tatc
2361 905 2538 951 vestra
2568 910 2893 966 cognoscere
2917 895 3180 961 volumus,
3205 905 3262 950 et
3284 895 3525 964 divinum
3555 895 3718 950 nobis
3739 910 3805 952 at:

2224 1004 2438 1044 sacrum
2477 996 2638 1058 caput
2663 1027 2678 1052 ,
2717 988 2969 1057 quoniam
3009 1002 3112 1042 non
3154 1001 3438 1056 possumus
3471 986 3802 1051 carnalibus,

2224 1080 2414 1134 saltem
2466 1073 2834 1148 spiritualibus
2886 1077 3043 1150 labiis
3087 1092 3184 1149 per
3226 1077 3449 1135 allatum
3503 1077 3807 1145 litterarum

2225 1169 2470 1238 amplecti
2496 1185 2511 1234 ;
2537 1168 2793 1233 debemus
2817 1178 2996 1224 autem
3023 1169 3144 1234 hoc,
3172 1177 3226 1224 et
3249 1177 3470 1239 propter
3491 1167 3810 1246 praepositas

2227 1276 2416 1315 causas
2441 1300 2455 1326 ,
2491 1270 2544 1314 et
2572 1269 2801 1330 propter
2829 1274 3066 1315 amorem
3095 1258 3210 1329 ejus
3244 1260 3334 1329 qui
3371 1259 3516 1315 circa
3555 1275 3660 1314 nos
3686 1268 3805 1325 est;

2225 1352 2313 1419 qui
2347 1343 2460 1405 zelo
2485 1352 2728 1406 veritatis
2754 1366 3076 1424 conspersus
3099 1352 3338 1406 ostendit
3363 1351 3583 1420 quidem
3605 1360 3809 1421 quanta

2226 1440 2297 1491 sit
2328 1454 2420 1492 sua
2450 1454 2572 1510 erga
2612 1439 2780 1493 Deum
2810 1441 3000 1508 pietas,
3031 1448 3340 1509 quantaque
3369 1440 3513 1495 circa
3538 1440 3808 1510 justitiam

2227 1529 2499 1599 diligentia
2521 1569 2536 1592 ,
2565 1540 2618 1583 et
2645 1537 2843 1599 quanta
2872 1527 3165 1584 fraternam
3191 1544 3318 1598 erga
3345 1521 3690 1585 dilectionem
3715 1529 3809 1583 ﬂa-

2227 1619 2456 1688 grantia.
2487 1619 2752 1684 Quoniam
2784 1621 2994 1673 vero'ct
3031 1618 3331 1694 litterarum
3374 1620 3618 1690 gerulum
3649 1635 3813 1692 expe-

2229 1711 2396 1764 ditum
2427 1711 2492 1764 ad
2522 1711 2860 1779 pcregrinam
2889 1710 3297 1780 profectionem,
3324 1719 3379 1766 et
3406 1713 3812 1783 magnanimum

2229 1800 2294 1852 ad
2324 1799 2583 1853 malorum
2617 1799 2952 1855 tolerantiam
2980 1803 3250 1857 consecuti
3290 1817 3508 1874 sumus,
3555 1803 3608 1857 id
3636 1804 3824 1872 ipsum,

2157 1906 2201 1964 η
2229 1890 2465 1960 optabile
2497 1891 2780 1946 habentem
2805 1931 2820 1955 ,
2851 1892 3078 1961 principi
3110 1893 3473 1963 apostolorum
3512 1905 3643 1949 ante
3683 1910 3812 1964 pro-

2229 1982 2449 2035 missum
2495 1996 2658 2036 causa
2691 1981 2942 2052 reddendi
2981 1991 3161 2037 votum
3183 2023 3198 2050 ,
3229 1984 3587 2054 eumdemque
3619 1993 3816 2049 vestra

2228 2081 2464 2140 paterna:
2495 2073 2765 2138 sanctitati
2795 2071 3250 2140 commendamus,
3283 2091 3444 2147 super
3469 2076 3574 2133 hoc
3597 2091 3818 2148 quoque

2229 2166 2453 2220 multum
2487 2166 2926 2236 tranquillitatem
2953 2176 3187 2223 vestram
3214 2177 3512 2238 rogantem.
3539 2169 3688 2224 Idem
3717 2185 3815 2224 att-

2229 2265 2336 2310 tem
2367 2265 2450 2312 est
2477 2257 2565 2330 hic
2593 2256 2966 2330 Thcognostus
2986 2299 3001 2324 ,
3030 2273 3188 2330 quem
3226 2268 3284 2314 et
3316 2261 3413 2315 vos
3451 2259 3590 2315 bene
3620 2261 3815 2324 nostis,

2229 2347 2338 2401 Deo
2377 2347 2624 2403 amabilis
2667 2348 3466 2420 hegumenus.supcrlaudabilis
3493 2351 3593 2406 Dei
3623 2352 3819 2405 matris

2226 2437 2396 2507 ches
2437 2450 2487 2503 ο,
2534 2445 2590 2492 et
2636 2453 2886 2493 vasorum
2929 2448 3112 2510 custos
3153 2453 3361 2510 magna
3396 2440 3662 2495 ecclesias
3713 2439 3819 2494 Per

2227 2528 2414 2604 ipsum
2459 2541 2587 2599 ergo
2640 2542 2758 2596 quae
2813 2528 2982 2582 nostri
3034 2527 3285 2582 desiderii
3336 2536 3460 2583 sunt
3511 2537 3819 2599 opportune

2229 2605 2520 2684 adimplere
2570 2616 2988 2686 conspeximus;
3045 2616 3394 2688 implorantes
3442 2619 3834 2689 coangelicam.

2229 2706 2638 2761 sanctimoniam
2670 2716 2923 2771 vestram,
2964 2707 3016 2762 in
3058 2707 3246 2777 primis
3269 2708 3484 2778 quidem
3517 2709 3586 2763 de
3628 2708 3838 2776 habitu,

2229 2807 2430 2864 vestro,
2478 2798 2568 2867 qui
2618 2799 2910 2853 secundum
2957 2799 3124 2854 Deum
3162 2809 3273 2865 est,
3317 2799 3509 2855 deinde
3555 2801 3722 2855 etiam
3749 2803 3818 2858 de

2229 2890 2339 2944 Deo
2366 2890 2675 2968 amabilium
2721 2891 3191 2961 apocrisiaridrum
3237 2901 3293 2958 et
3326 2890 3654 2957 vicariorum
3693 2907 3819 2962 pro-

2229 2997 2387 3060 spero
2416 2982 2638 3046 itinere,
2667 2982 2860 3036 litteris
2885 2997 2981 3052 per
3006 2997 3127 3048 eum
3165 2981 3458 3051 signiﬁcari
3492 2982 3651 3036 nobis
3677 2983 3815 3038 cele-

2230 3077 2361 3129 rius.
2415 3074 2533 3130 Jam
2588 3075 2730 3148 enim
2793 3083 3000 3144 tempus
3058 3074 3316 3142 habemus
3373 3088 3478 3129 non
3541 3073 3816 3128 modicum

2227 3156 2639 3242 exspectantes,
2671 3172 2726 3220 et
2753 3165 3024 3218 nescimus
3053 3163 3328 3219 evidenter
3368 3163 3643 3218 tarditatis
3691 3179 3818 3218 cau-

2155 3252 2198 3313 C
2231 3272 2364 3330 sum.
2399 3256 2504 3310 Sed
2535 3255 2658 3309 etsi
2685 3255 2944 3309 hactenus
2968 3255 3155 3309 deesse
3193 3253 3546 3308 elamaverint
3567 3294 3584 3320 ,
3626 3254 3838 3329 saltem‘

2231 3363 2354 3415 sero
2397 3349 2497 3403 hoc
2528 3347 2964 3424 nobisagnitum
2997 3345 3108 3424 fiat.
3161 3345 3419 3416 Specialis
3448 3355 3631 3409 autem
3662 3356 3818 3418 pater

2232 3425 2413 3495 uester
2441 3449 2496 3494 et
2524 3423 2731 3512 magum
2757 3439 2991 3512 civitatis
3018 3446 3221 3515 nostrae
3243 3438 3554 3508 patriarcha
3579 3439 3817 3508 postula-

2229 3531 2307 3599 vit
2344 3545 2374 3584 a
2419 3529 2575 3584 nobis
2615 3529 2851 3584 scribere
2879 3528 3148 3584 sanctitati
3183 3537 3286 3583 tute
3313 3528 3379 3583 de
3413 3526 3838 3590 hislectoribus~

2231 3620 2320 3689 qui
2349 3634 2377 3674 a
2408 3618 2598 3675 Photio
2622 3618 2854 3695 promoti
2880 3625 3024 3683 sunt,
3049 3616 3229 3672 multis
3249 3625 3304 3672 et
3323 3615 3842 3685 innumerabilibus.

2231 3711 2588 3784 existentibus
2609 3710 2689 3784 eis
2713 3709 2767 3763 in
2789 3708 3018 3782 diversis
3039 3708 3332 3778 provinciis
3352 3725 3367 3783 ;
3395 3708 3619 3779 insuper
3639 3718 3843 3774 autem,

2231 3783 2284 3855 et
2325 3802 2390 3855 de
2432 3800 2595 3854 Paulo
2627 3783 3516 3877 reverendissimo.bibliothecario
3557 3798 3731 3852 verbo
3765 3806 3840 3862 et,

2229 3893 2338 3960 vita
2365 3890 2695 3961 praxfulgido,
2719 3905 2783 3944 ac
2808 3887 3090 3966 Theodoro
3115 3888 3478 3964 metropolita,
3503 3888 3596 3958 qui
3621 3897 3680 3944 et
3706 3889 3818 3958 ipse
3839 3945 3844 3952 ,

2232 3981 2394 4057 nimis
2417 3968 2669 4060 Ecclesia:
2697 3981 2843 4034 utilis
2867 3988 2950 4034 est
2968 4021 2984 4046 ,
3001 3988 3280 4058 quatenus
3304 3979 3646 4056 dispensatio
3657 3983 3762 4054 fiat
3768 4000 3842 4060 la!

2232 4057 2518 4144 sauctitate
2544 4080 2722 4126 vestra
2761 4086 2924 4142 super
2951 4071 3110 4145 ipsis,
3136 4072 3467 4145 quibusdam.
3485 4075 3712 4144 quidem
3749 4057 3846 4132 ad-

2231 4175 2486 4230 ascensus
2537 4159 2770 4237 majores
2816 4174 3092 4237 sacrorum
3135 4147 3432 4237 graduum,
3490 4163 3815 4230 quibusdam

2233 4239 2360 4303 vero
2389 4250 2455 4310 ad
2486 4231 2848 4318 receptioncm
2877 4231 3084 4302 sedium
3114 4231 3357 4312 suarum,
3384 4233 3450 4303 ad
3481 4250 3587 4304 hoc
3619 4231 3844 4322 rogaui

2236 4341 2374 4414 tibus
2399 4339 2490 4395 Dei
2520 4339 2861 4393 imitatricem
2885 4325 3144 4416 virtutem.
3158 4353 3344 4416 suam;
3374 4339 3567 4414 horum
3594 4343 3814 4411 quidem

2233 4418 2620 4484 multitudinem
2647 4469 2662 4494 ,
2707 4429 2866 4500 hujus
2902 4444 3036 4502 vero
3075 4429 3286 4484 labores
3309 4469 3324 4494 ,
3365 4438 3420 4484 et
3460 4445 3563 4500 pro
3592 4433 3840 4490 veritate.

2232 4523 2478 4598 sudores,
2502 4521 2642 4574 illius
2666 4515 2845 4573 autem
2875 4520 3043 4590 culpa:
3069 4521 3561 4590 reprehensionem,
3587 4532 3644 4578 et
3671 4525 3846 4594 quod,

558 4585 749 4641 oﬂ‘erat
777 4587 1015 4642 actiones
1044 4586 1307 4657 largitori,
1336 4588 1546 4643 scilicet
1574 4587 1720 4655 pacis
1754 4596 1807 4640 et
1837 4586 1999 4641 totius
2043 4600 2128 4638 sa-

2232 4626 2297 4682 ex
2326 4593 2582 4664 canonica
2614 4610 2686 4664 sit
2713 4624 2904 4663 manus
2941 4609 3280 4678 impositiouc
3319 4619 3600 4680 promotus
3629 4614 3843 4682 consi-j

559 4676 865 4732 luberrimaa
885 4677 1237 4756 ordinationis
1265 4675 1503 4745 auctori;
1533 4683 1697 4733 orans
1735 4688 1788 4731 et
1814 4667 1909 4748 pro
1933 4675 2129 4756 divinis

562 4776 648 4823 tus
677 4769 965 4824 muniendo
994 4755 1219 4838 imperio
1248 4779 1453 4834 nostro,
1487 4771 1622 4824 bene
1648 4769 1826 4822 valere
1853 4755 2128 4822 sanctissi4

515 4849 518 4852 ’
562 4875 704 4915 mam
758 4861 1138 4930 paternitatem
1187 4867 1354 4920 tuam,
1411 4859 1910 4929 tranquillissimum
1963 4858 2152 4926 impe-'

506 4939 521 5006 ξ
564 4951 700 5006 rium
716 4962 957 5006 nostrum
984 4960 1222 5021 exoptat,
1247 4955 1383 5022 apud
1411 4952 1681 5007 Christum
1712 4949 2126 5004 mirabilis-inte.

563 5039 696 5097 Data
721 5032 1006 5096 indictione
1021 5035 1201 5094 tertia.
1886 5036 1889 5037 ⁷

653 5149 834 5201 Postea
855 5154 1072 5224 sequitur
1096 5152 1248 5202 altera
1274 5152 1505 5224 cpistola,
1531 5154 1668 5214 cujus
1691 5153 1879 5202 initium
1904 5159 1980 5204 est
2003 5164 2014 5199 :

565 5289 635 5342 ιη
664 5292 868 5340 "Min,
904 5291 1075 5342 pa‘r’.‘
1128 5306 1175 5346 λεί
1216 5295 1342 5344 Filii
1365 5338 1372 5339 κ
1417 5306 1464 5340 θ’
1497 5296 1722 5352 ὃυὶνὶιιιι
1753 5299 1922 5342 ΜΗ»Ηὸ
1976 5301 2131 5336 unin-

2232 4681 2506 4756 derantem
2539 4719 2550 4753 :
2579 4710 2634 4754 et
2669 4715 2766 4780 pro
2803 4701 2886 4756 his
2921 4711 2976 4754 et
3012 4701 3293 4776 imperium
3324 4712 3570 4780 nostrum
3607 4684 3842 4778 ﬂagitat.

2229 4797 2480 4866 pietatem
2509 4805 2651 4850 tuam
2672 4779 3088 4864 dispensandum
3119 4796 3318 4873 aliquid
3349 4797 3474 4852 hinc
3499 4779 3812 4853 humanius.

2231 4887 2373 4968 llene
2397 4887 2530 4950 vale,
2561 4886 2631 4940 mi
2654 4887 3024 4961 amantissime
3049 4885 3208 4963 Pater
3234 4905 3247 4939 :
3271 4886 3408 4941 bene
3437 4885 3574 4950 vale,
3604 4902 3817 4952 memor

2233 4963 2438 5053 imperii
2490 4963 2659 5058 nostri
2708 4981 2761 5034 in
2808 4981 2916 5035 Deo
2963 4980 3200 5050 acceptis
3241 4978 3492 5058 precibus
3543 4978 3651 5034 tuis
3695 4993 3818 5050 qua:

2231 5082 2354 5150 sunt
2388 5075 2454 5126 ad
2486 5057 2768 5148 Dominum
2801 5091 2814 5128 :
2848 5071 3105 5146 legimus.

2301 5163 2727 5240 Transmisimus
2743 5171 2922 5235 autem
2955 5163 3224 5235 sanctitati
3245 5171 3436 5222 vestra:
3460 5163 3640 5244 gratia
3669 5180 3818 5222 com—

2232 5255 2634 5315 memorationis
2680 5253 2892 5304 imnerii
2943 5253 3148 5300 nostri-
3195 5263 3244 5290 οι
3296 5254 3367 5290 ιιι·
3438 5254 3599 5278 ηοννηε-
3647 5271 3664 5282 .
3705 5272 3812 5282 η-..
