3924 5470
543 475 647 532 195

1669 465 2037 548 ANASTASII
2073 461 2608 519 BIBLIOTHECARII

3689 421 3793 512 496

541 596 597 641 et
636 582 976 640 commodmn
1025 581 1182 635 ﬁnem
1221 595 1284 633 ac
1325 578 1730 648 disposnttoncm
1764 575 2118 645 susceperint.
2148 561 2197 638 Α
2226 573 2345 628 dem
2372 569 2644 650 cooptavit
2678 569 3055 635 substantiam,
3081 558 3152 636 ’,ἐι
3195 568 3453 633 continet,
3507 567 3797 637 etsalvat,

542 678 808 730 Cazterum
843 672 983 728 dona
1021 673 1176 727 nobis
1201 680 1416 726 sanctas
1437 681 1492 724 et
1537 685 1658 726 cum
1690 670 1798 724 Deo
1842 661 2122 737 loQuentcs

541 765 817 819 orationes
871 775 1010 830 tuas,
1068 761 1406 816 sanctissime
1454 768 1509 815 et
1551 759 1791 813 imitator
1833 758 1925 813 Dei
1956 757 2122 812 frater

547 863 731 909 noster
761 868 775 905 :
802 854 960 908 donet
982 851 1025 904 is
1052 850 1207 904 nobis
1231 865 1325 919 per
1351 849 1517 903 multa
1548 863 1813 903 annorum
1841 847 2120 902 curricula

543 944 811 1017 uttimque
839 942 1150 998 incolumes.
1181 941 1379 995 indicia
1408 955 1536 994 vero
1561 955 1767 1008 magna:
1794 948 1850 994 et
1876 954 2015 995 cara:
2042 938 2123 992 di-

544 1028 1012 1088 lectionis‘nostra:
1033 1031 1277 1085 misimus
1305 1030 1575 1083 sanctitati
1612 1037 1716 1082 tua:
1745 1029 1870 1093 ista,
1899 1027 2120 1083 Graeco-

544 1123 768 1178 latinum
812 1121 1146 1192 evangelium
1177 1119 1584 1189 diligentissime
1627 1127 1956 1183 correctum,
1997 1133 2120 1172 ora-

545 1217 681 1269 rium
712 1215 1049 1280 deauratum,
1082 1213 1321 1268 casulam
1359 1213 1641 1283 Optimam,
1670 1213 1966 1268 theriacam
1994 1227 2120 1281 pro-

546 1305 901 1360 batissimam.
945 1305 1087 1358 Deus
1110 1312 1288 1358 autem
1317 1304 1405 1373 qui
1435 1303 1616 1357 omnia
1641 1303 1896 1365 condidit,
1923 1310 1979 1356 et
2000 1317 2122 1356 con-

551 1394 840 1448 trariarum
862 1393 1180 1463 qualitatum
1207 1392 1576 1463 operationem
1609 1392 1662 1446 in
1701 1408 1863 1446 unam
1887 1398 1942 1446 et
1976 1382 2122 1445 eam?-

558 1572 2112 1600 ’τζετζ-Ἡ*-

2224 678 2322 732 per
2346 670 2563 715 sanctas
2592 659 2862 713 orationes
2901 665 3020 712 tuas
3045 657 3289 726 paciticet
3316 657 3488 725 magis
3514 670 3580 710 ac
3607 655 3793 724 magis,

2225 759 2280 805 et
2328 756 2711 803 consonantem
2759 762 2824 802 ac
2869 746 3028 801 unius
3050 746 3317 816 opinionis
3345 761 3375 798 a
3404 745 3604 800 ﬁnibus
3633 757 3798 812 usque

2226 843 2291 896 ad
2320 841 2454 895 ﬁnes
2497 849 2739 894 sanctam
2779 839 3101 894 catholicam
3147 845 3200 892 et
3230 837 3577 906 apostolicam
3609 835 3794 892 Eccle-

2225 934 2361 990 siam
2390 933 2588 987 habere
2613 925 2902 1002 dignetur.

2237 1067 2254 1099 ‹
2293 1047 2556 1100 Adrianus
2579 1045 2868 1114 episcopus,
2909 1059 3086 1098 servus
3132 1039 3548 1114 gert'orum__Dei,
3576 1039 3803 1114 dilectis.-

2302 1117 2446 1170 simis
2477 1132 2537 1168 ac
2569 1109 2928 1183 spiritttalibus
2957 1114 3081 1181 ﬁliis
3117 1111 3358 1183 Basilio,
3385 1109 3728 1183 Constantino
3755 1109 3804 1165 et

2298 1186 2481 1251 Leoni,
2525 1179 2770 1255 piissimis
2800 1193 2846 1237 et
2875 1179 3317 1252 tranquillissimis
3345 1179 3766 1250 imperatoribus.

2303 1318 2322 1350 ‹
2355 1298 2534 1353 Lectis
2556 1296 2871 1352 excellentis
2893 1294 3104 1366 imperii
3125 1292 3360 1349 vestri...
3391 1311 3409 1344 ι
3445 1289 3666 1360 Reliqua
3694 1290 3802 1342 vide

2229 1390 2548 1460 Patrologia:
2575 1400 2711 1443 tomo
2737 1405 2908 1452 cxx",
2935 1389 3073 1442 inter
3098 1385 3342 1458 epistolas
3366 1383 3592 1438 Adriani
3634 1398 3802 1452 paper.

1747 1561 3797 1596 ΞΜ

1321 1843 1326 1847 .
1902 1724 2456 1838 SANCTA

564 1964 1574 2231 ﬁguratus
1772 1968 2602 2227 septima
2804 1972 3802 2235 generalis

1711 2315 2110 2394 NICZENA
2188 2316 2647 2394 SECUNDA

995 2530 1614 2638 Anastasio
1703 2528 2563 2634 Bibliothecario
2651 2526 3314 2674 interprete.

1584 2754 1744 2816 (Apud
1769 2752 2036 2813 Lablaeum,
2061 2753 2203 2803 Cone.
2233 2758 2345 2804 tum.
2373 2750 2504 2815 Vill,
2529 2765 2646 2816 pag.
2671 2755 2775 2816 29.)

1943 2901 2359 2916 ﬁ

973 3026 1498 3107 PBJEFATIO
1560 3027 2092 3108 ANASTASII
2151 3029 2258 3108 IN
2320 3029 2844 3106 SEPTIMAM
2901 3030 3394 3111 SYNODUM

1465 3198 1555 3253 AD
1594 3197 1908 3254 JOANNEM
1943 3198 2057 3254 Vlll
2093 3197 2503 3255 PONTIFICEM
2541 3197 2889 3258 MAXIMUM.

617 3462 846 3519 Domino
871 3459 1178 3533 coangelico
1199 3459 1393 3518 Joanni
1421 3460 1662 3530 pontiﬁci
1697 3476 1907 3517 summo
1935 3470 1988 3516 et
2009 3461 2127 3516 uni-
2156 3465 2203 3525 B
2232 3462 2372 3528 dari,
2405 3477 2525 3518 cum
2554 3462 2766 3518 videam
2796 3463 3099 3533 posteriori,
3132 3465 3186 3519 td
3219 3471 3304 3519 est
3352 3473 3569 3534 octava,
3600 3470 3805 3540 magni-

551 3555 744 3611 versali
771 3569 923 3626 papa:
956 3553 1274 3630 Anastasius
1297 3553 1543 3626 exiguus.

622 3645 702 3700 Ex
732 3645 1084 3715 interpretata
1112 3660 1286 3715 nuper
1318 3642 1589 3699 decessori
1632 3651 1823 3699 vestrae
1843 3641 2130 3698 beatitudi-

551 3734 636 3788 nis
657 3733 894 3789 Adriano
924 3745 949 3773 α
975 3722 1283 3790 reverendae
1311 3731 1584 3788 memoriae
1604 3747 1755 3802 papa:
1775 3741 1960 3786 sancta
1982 3741 2130 3787 octa-

549 3841 616 3882 va
645 3833 698 3880 et
720 3823 1007 3879 universali
1051 3824 1276 3896 synodo,
1322 3824 1632 3878 indecorum
1667 3831 1724 3878 et
1747 3822 2130 3878 inconveniens

549 3915 847 3970 arbitratus
895 3928 1014 3968 sum
1065 3913 1347 3983 septimam
1388 3912 1650 3984 synodum
1674 3912 1728 3979 ιι,
1780 3928 1901 3983 qua:
1943 3913 2130 3983 prmsi-

553 4002 713 4058 dente
766 4003 820 4057 in
869 4002 1090 4057 vicariis
1118 4002 1230 4057 suis
1257 4003 1428 4058 beata:
1473 4001 1867 4058 recordationis
1923 4002 2130 4072 prrede-

553 4083 768 4164 Cessore
789 4098 969 4146 vestro
991 4079 1226 4146 Adriano
1259 4099 1282 4130 ο
1312 4090 1452 4160 apud
1474 4089 1704 4145 Nicaeam
1737 4091 1969 4146 secundo
1998 4105 2130 4146 con-

550 4182 774 4238 veniens
817 4183 924 4254 sub
969 4181 1123 4237 Irene
1168 4197 1262 4238 seu
1313 4181 1665 4238 Constantino
1717 4181 2128 4251 imperatoribus

546 4263 818 4329 celebrata
839 4284 944 4339 est,
969 4289 1074 4328 non
1099 4263 1300 4330 habere
1323 4271 1563 4328 Latinos.
1593 4270 1729 4326 Nam
1750 4270 1895 4326 nulla
1920 4270 2130 4326 ratione

551 4374 742 4419 octava
775 4364 971 4432 dicitur
1001 4363 1084 4419 vel
1117 4362 1289 4420 teneri
1339 4362 1559 4433 poterit,
1605 4347 1696 4417 ubi
1745 4362 1972 4431 septima
2019 4377 2128 4416 non

545 4455 814 4510 habetur:
865 4471 973 4510 non
1025 4441 1166 4525 quad
1207 4463 1334 4510 ante
1381 4469 1480 4510 nos
1508 4453 1731 4508 minime
1760 4451 1921 4509 fuerit
1963 4453 2130 4508 inter-

543 4554 778 4616 pretata,
808 4546 903 4602 sed
933 4545 1074 4617 quod
1107 4545 1371 4616 interpres
1398 4558 1534 4615 pene
1560 4558 1658 4614 per
1692 4543 1901 4614 singula
1938 4541 2127 4598 relicto

2228 3549 2575 3608 ﬁcentissime
2612 3552 2882 3608 decorari.
2919 3551 3222 3608 Praesertim
3259 3569 3384 3608 eum
3417 3569 3590 3611 sacrae
3612 3558 3805 3614 biblio-

2229 3643 2401 3698 thecae
2451 3652 2682 3708 vestrze,
2739 3643 2891 3714 cujus
2956 3643 3202 3699 minister
3256 3653 3442 3700 vestra
3493 3645 3803 3716 dignatione

2229 3732 2484 3796 consisto,
2517 3747 2585 3788 ex
2630 3733 2732 3789 hoc
2759 3733 2901 3802 quod
2932 3734 3162 3804 desuper
3205 3734 3338 3788 mihi
3366 3734 3550 3790 datum
3581 3746 3688 3803 est,
3721 3738 3804 3792 de

2228 3821 2370 3878 bitor
2413 3837 2530 3878 sum
2579 3823 2925 3879 ministrare:
2955 3823 3001 3879 si
3045 3831 3222 3878 tamen
3251 3824 3536 3880 aemulatus
3567 3826 3803 3896 Apostos

2229 3913 2361 3980 lum,
2408 3914 2767 3970 ministerium
2812 3930 2992 3970 meum
3037 3915 3283 3971 studeam
3325 3916 3619 3973 honorare.
3662 3918 3806 3977 Sane

2229 4007 2520 4063 notandum
2535 4017 2636 4073 est,
2660 4009 2905 4079 quaedam
2925 4009 2978 4064 in
3004 4010 3106 4065 hac
3120 4011 3329 4081 synodo
3348 4026 3414 4066 ex
3433 4013 3805 4082 apostolorum

2227 4107 2285 4154 et
2319 4108 2484 4156 sextae
2527 4100 2846 4156 universalis
2893 4101 3083 4172 synodi
3109 4101 3404 4157 canonibus
3432 4111 3487 4158 et
3519 4104 3803 4159 sententiis

2228 4189 2624 4260 inveniri,quae
2668 4205 2836 4261 penes
2882 4207 2981 4246 nos
3024 4191 3372 4262 interpretata
3395 4206 3496 4247 nec
3536 4192 3806 4250 habentur

2228 4295 2330 4336 nec
2355 4279 2728 4336 admittuntur.
2763 4281 2829 4335 Et
2854 4288 3002 4337 certe
3028 4284 3093 4338 de
3115 4280 3802 4353 apostolorum'canonibus

2227 4369 2430 4440 liquido
2445 4371 2712 4438 novimus,
2732 4373 2985 4442 quoniam
3005 4373 3090 4428 his
3117 4374 3331 4443 quidam
3357 4372 3516 4429 facile
3543 4365 3802 4446 [facilem]

2227 4478 2336 4518 non
2361 4463 2639 4533 praabuere
2662 4477 3004 4520 consensum.
3033 4461 3141 4519 Sed
3169 4473 3224 4519 et
3241 4465 3610 4535 praedecessor
3624 4475 3806 4519 vester

2192 4555 2572 4611 beatissimus
2607 4569 2744 4626 papa
2783 4554 3086 4624 Stephanus
3131 4571 3240 4611 non
3282 4571 3350 4610 ex
3389 4555 3474 4611 his
3518 4555 3801 4626 plusquam

491 4626 498 4630 -
540 4633 820 4708 utriusque
861 4638 1055 4721 linguae
1087 4637 1362 4704 idiomate,
1431 4638 1565 4692 adeo
1619 4633 1784 4690 fuerit
1833 4622 2127 4689 verbum'e
2229 4622 2623 4717 quinquaginlav
2676 4622 3011 4716 pecipiehdos
3074 4645 3327 4715 synodica
3404 4622 3798 4717 propnuls—avit;

539 4730 707 4786 verbo
755 4738 991 4807 secutus,
1039 4737 1099 4783 ut
1137 4728 1266 4797 quid
1296 4727 1348 4781 in
1373 4726 1564 4781 eadem
1593 4726 1829 4780 editione
1856 4723 2123 4794 intelliga-

2231 4737 2354 4793 licet
2391 4737 2634 4807 quaedam
2675 4737 2964 4792 constituta
2991 4737 3300 4806 pontiﬁcum
3323 4751 3387 4791 ex
3409 4737 3542 4806 ipsis
3578 4739 3801 4792 canoni-

540 4829 653 4888 tur,
688 4829 782 4876 aut
808 4823 895 4876 vix
935 4830 1029 4876 aut
1071 4835 1346 4902 nunquam
1391 4818 1563 4888 possit
1599 4816 1826 4880 adverti,
1875 4815 1928 4870 in
1963 4814 2115 4869 l'asti-

2231 4827 2322 4884 bus
2340 4837 2614 4898 assumpta
2631 4843 2752 4883 esse
2778 4827 3081 4882 videantur.
3128 4825 3280 4882 Unde
3297 4826 3602 4896 apostolum
3623 4836 3802 4881 vestro

545 4911 796 4981 diumque
828 4926 982 4966 versa
1009 4899 1318 4982 legentium,
1348 4923 1485 4980 pene
1525 4907 1594 4962 ab
1617 4899 1867 4961 omnibus
1890 4905 1992 4960 hac
2020 4919 2119 4974 pro

541 5017 705 5056 causa
754 5009 1146 5058 contemnatur.
1188 5000 1342 5056 Unde
1387 5015 1418 5054 a
1481 4997 1800 5068 quibusdam
1859 5010 1960 5051 nec
2004 4996 2121 5065 ipsa

543 5089 793 5156 lectione,
823 5099 880 5144 ut
906 5106 1021 5164 non
1044 5091 1219 5146 dicam
1248 5086 1687 5158 transcriptione,
1720 5085 1880 5155 digna
1906 5085 2119 5154 penitus

531 5181 838 5251 iudicatur:
887 5166 1030 5256 quod
1082 5181 1197 5252 ipse
1233 5181 1471 5256 intuens,
1521 5191 1622 5231 nec
1647 5175 1864 5246 proprio
1903 5174 2118 5230 inﬁrmo

1171 5270 1225 5284 ο..
1308 5278 1316 5282 .
1395 5269 1431 5280 σι
1535 5267 1615 5286 οι--
1649 5267 1662 5286 ι
1694 5281 1705 5284 ς
1726 5280 1747 5284 μ
1858 5265 1870 5276 ⁹
1907 5280 1968 5292 ..ι-
1999 5279 2115 5312 cum

2224 4921 2547 4977 decernente
2571 4935 2674 4976 non
2706 4919 2878 4976 solum
2906 4918 3023 4975 illos
3047 4918 3189 4974 solos
3214 4918 3602 4989 quinquaginta
3643 4933 3802 4974 eano-

2223 5025 2320 5067 les
2342 5011 2583 5067 Ecclesia
2612 5011 2821 5080 recipit,
2848 5009 2875 5050 ἀ
2907 5012 3001 5067 sed
3028 5019 3084 5066 et
3112 5025 3299 5065 omnes
3325 5024 3515 5065 eorum
3540 5022 3590 5078 ο,
3619 5020 3794 5081 utpote

2225 5098 2457 5168 Spiritus
2504 5101 2677 5156 sancti
2715 5101 2984 5167 tubarum,
3020 5101 3150 5171 quin
3195 5109 3251 5155 et
3294 5102 3535 5156 omnium
3581 5102 3802 5156 omnino

2221 5190 2577 5260 probabilium
2604 5189 2856 5257 Patrum,»
2881 5200 2935 5246 et
2976 5200 3284 5246 sanctorum
3328 5191 3682 5246 conciliorum
3719 5205 3800 5244 re-

2226 5281 2375 5326 """'s
2403 5291 2457 5326 ιιι
2510 5283 2872 5334 institutiones
2918 5283 3174 5338 admittit.
3218 5283 3339 5338 illas
3383 5284 3650 5337 duntaxat
3685 5297 3800 5337 aut:
