  <div class='ocr_page' id='page_1' title='image "/cluster/home/n/w/nwhite01/storage/ocr_20150623/129/hvd.32044015471709/104.png"; bbox 0 0 3924 5806; ppageno 0'>
   <div class='ocr_carea' id='block_1_1' title="bbox 1329 303 1363 324">
    <p class='ocr_par' dir='ltr' id='par_1_1' title="bbox 1329 303 1363 324">
     <span class='ocr_line' id='line_1_1' title="bbox 1329 303 1363 324; baseline 0 -2"><span class='ocrx_word' id='word_1_1' title='bbox 1329 303 1363 324; x_wconf 72' lang='grc' dir='ltr'><strong>ι.</strong></span> 
     </span>
    </p>
   </div>
   <div class='ocr_carea' id='block_1_2' title="bbox 107 352 2989 461">
    <p class='ocr_par' dir='ltr' id='par_1_2' title="bbox 107 352 2989 461">
     <span class='ocr_line' id='line_1_2' title="bbox 107 352 2989 461; baseline -0.007 0"><span class='ocrx_word' id='word_1_2' title='bbox 107 403 194 461; x_wconf 74' lang='grc'><strong>19⁸1</strong></span> <span class='ocrx_word' id='word_1_3' title='bbox 426 394 977 456; x_wconf 74' lang='lat' dir='ltr'><strong>INTERPRETATIO</strong></span> <span class='ocrx_word' id='word_1_4' title='bbox 1006 395 1253 452; x_wconf 73' lang='lat' dir='ltr'><strong>SYNODI</strong></span> <span class='ocrx_word' id='word_1_5' title='bbox 1291 393 1379 450; x_wconf 77' lang='lat' dir='ltr'><strong>Vll</strong></span> <span class='ocrx_word' id='word_1_6' title='bbox 1418 352 1824 449; x_wconf 45' lang='lat' dir='ltr'><strong>GEl‘lEllALIS.</strong></span> <span class='ocrx_word' id='word_1_7' title='bbox 1854 421 1924 430; x_wconf 96' lang='lat'><strong>—</strong></span> <span class='ocrx_word' id='word_1_8' title='bbox 1947 387 2297 446; x_wconf 77' lang='lat' dir='ltr'><strong>ACTIONUM</strong></span> <span class='ocrx_word' id='word_1_9' title='bbox 2329 385 2702 442; x_wconf 73' lang='lat' dir='ltr'><strong>INDICULUM</strong></span> <span class='ocrx_word' id='word_1_10' title='bbox 2743 386 2989 441; x_wconf 75' lang='lat' dir='ltr'><strong>BREVE.</strong></span> 
     </span>
    </p>
   </div>
   <div class='ocr_carea' id='block_1_3' title="bbox 3233 387 3336 445">
    <p class='ocr_par' dir='ltr' id='par_1_3' title="bbox 3233 387 3336 445">
     <span class='ocr_line' id='line_1_3' title="bbox 3233 387 3336 445; baseline 0.019 -3"><span class='ocrx_word' id='word_1_11' title='bbox 3233 387 3336 445; x_wconf 72' lang='grc'><strong>198</strong></span> 
     </span>
    </p>
   </div>
   <div class='ocr_carea' id='block_1_4' title="bbox 105 493 3336 583">
    <p class='ocr_par' dir='ltr' id='par_1_4' title="bbox 105 493 3336 583">
     <span class='ocr_line' id='line_1_4' title="bbox 105 493 3336 583; baseline -0.006 -16"><span class='ocrx_word' id='word_1_12' title='bbox 105 513 418 583; x_wconf 79' lang='lat' dir='ltr'><strong>impugnant.</strong></span> <span class='ocrx_word' id='word_1_13' title='bbox 445 509 586 580; x_wconf 81' lang='lat' dir='ltr'><strong>Ergo</strong></span> <span class='ocrx_word' id='word_1_14' title='bbox 616 507 845 576; x_wconf 86' lang='lat' dir='ltr'><strong>regulas,</strong></span> <span class='ocrx_word' id='word_1_15' title='bbox 871 521 1004 574; x_wconf 90' lang='lat' dir='ltr'><strong>quas</strong></span> <span class='ocrx_word' id='word_1_16' title='bbox 1025 504 1197 559; x_wconf 65' lang='lat' dir='ltr'><strong>Graeci</strong></span> <span class='ocrx_word' id='word_1_17' title='bbox 1228 519 1259 557; x_wconf 90' lang='lat' dir='ltr'><strong>a</strong></span> <span class='ocrx_word' id='word_1_18' title='bbox 1284 511 1436 557; x_wconf 73' lang='lat' dir='ltr'><strong>sexta</strong></span> <span class='ocrx_word' id='word_1_19' title='bbox 1458 500 1663 571; x_wconf 82' lang='lat' dir='ltr'><strong>synodo</strong></span> <span class='ocrx_word' id='word_1_20' title='bbox 1692 501 1736 556; x_wconf 74' lang='grc' dir='ltr'><strong>Α</strong></span> <span class='ocrx_word' id='word_1_21' title='bbox 1770 499 2071 554; x_wconf 74' lang='lat' dir='ltr'><strong>Przescrtim</strong></span> <span class='ocrx_word' id='word_1_22' title='bbox 2111 513 2231 553; x_wconf 89' lang='lat' dir='ltr'><strong>cum</strong></span> <span class='ocrx_word' id='word_1_23' title='bbox 2262 497 2391 552; x_wconf 90' lang='lat' dir='ltr'><strong>nulli</strong></span> <span class='ocrx_word' id='word_1_24' title='bbox 2422 497 2493 550; x_wconf 89' lang='lat' dir='ltr'><strong>sit</strong></span> <span class='ocrx_word' id='word_1_25' title='bbox 2531 496 2613 549; x_wconf 90' lang='lat' dir='ltr'><strong>fas</strong></span> <span class='ocrx_word' id='word_1_26' title='bbox 2639 511 2669 548; x_wconf 91' lang='lat' dir='ltr'><strong>a</strong></span> <span class='ocrx_word' id='word_1_27' title='bbox 2703 510 2801 548; x_wconf 90' lang='lat' dir='ltr'><strong>suo</strong></span> <span class='ocrx_word' id='word_1_28' title='bbox 2826 494 3001 563; x_wconf 90' lang='lat' dir='ltr'><strong>capite</strong></span> <span class='ocrx_word' id='word_1_29' title='bbox 3043 493 3336 549; x_wconf 87' lang='lat' dir='ltr'><strong>discidendi</strong></span> 
     </span>
    </p>
   </div>
   <div class='ocr_carea' id='block_1_5' title="bbox 104 592 1662 677">
    <p class='ocr_par' dir='ltr' id='par_1_5' title="bbox 104 592 1662 677">
     <span class='ocr_line' id='line_1_5' title="bbox 104 592 1662 677; baseline -0.01 -18"><span class='ocrx_word' id='word_1_30' title='bbox 104 605 367 677; x_wconf 87' lang='lat' dir='ltr'><strong>perhibent</strong></span> <span class='ocrx_word' id='word_1_31' title='bbox 395 602 595 665; x_wconf 87' lang='lat' dir='ltr'><strong>editas,</strong></span> <span class='ocrx_word' id='word_1_32' title='bbox 626 601 696 654; x_wconf 92' lang='lat' dir='ltr'><strong>ita</strong></span> <span class='ocrx_word' id='word_1_33' title='bbox 720 599 772 653; x_wconf 95' lang='lat' dir='ltr'><strong>in</strong></span> <span class='ocrx_word' id='word_1_34' title='bbox 799 599 898 653; x_wconf 90' lang='lat' dir='ltr'><strong>hac</strong></span> <span class='ocrx_word' id='word_1_35' title='bbox 926 596 1129 668; x_wconf 87' lang='lat' dir='ltr'><strong>synodo</strong></span> <span class='ocrx_word' id='word_1_36' title='bbox 1160 593 1472 664; x_wconf 82' lang='lat' dir='ltr'><strong>principalis</strong></span> <span class='ocrx_word' id='word_1_37' title='bbox 1505 592 1662 646; x_wconf 87' lang='lat' dir='ltr'><strong>sedes</strong></span> 
     </span>
    </p>
   </div>
   <div class='ocr_carea' id='block_1_6' title="bbox 105 685 1665 755">
    <p class='ocr_par' dir='ltr' id='par_1_6' title="bbox 105 685 1665 755">
     <span class='ocr_line' id='line_1_6' title="bbox 105 685 1665 755; baseline -0.008 -8"><span class='ocrx_word' id='word_1_38' title='bbox 105 693 338 755; x_wconf 88' lang='lat' dir='ltr'><strong>admittit,</strong></span> <span class='ocrx_word' id='word_1_39' title='bbox 380 698 442 745; x_wconf 85' lang='lat' dir='ltr'><strong>ut</strong></span> <span class='ocrx_word' id='word_1_40' title='bbox 473 689 776 744; x_wconf 77' lang='lat' dir='ltr'><strong>nullatenus</strong></span> <span class='ocrx_word' id='word_1_41' title='bbox 815 703 882 742; x_wconf 76' lang='lat' dir='ltr'><strong>cx</strong></span> <span class='ocrx_word' id='word_1_42' title='bbox 912 687 995 742; x_wconf 87' lang='lat' dir='ltr'><strong>his</strong></span> <span class='ocrx_word' id='word_1_43' title='bbox 1026 686 1130 739; x_wconf 73' lang='lat' dir='ltr'><strong>illa:</strong></span> <span class='ocrx_word' id='word_1_44' title='bbox 1153 685 1502 753; x_wconf 88' lang='lat' dir='ltr'><strong>recipiantur,</strong></span> <span class='ocrx_word' id='word_1_45' title='bbox 1546 695 1665 750; x_wconf 73' lang='grc' dir='ltr'><em>ψιεε</em></span> 
     </span>
    </p>
   </div>
   <div class='ocr_carea' id='block_1_7' title="bbox 104 771 1664 853">
    <p class='ocr_par' dir='ltr' id='par_1_7' title="bbox 104 771 1664 853">
     <span class='ocr_line' id='line_1_7' title="bbox 104 771 1664 853; baseline -0.009 -16"><span class='ocrx_word' id='word_1_46' title='bbox 104 782 354 853; x_wconf 85' lang='lat' dir='ltr'><strong>prioribus</strong></span> <span class='ocrx_word' id='word_1_47' title='bbox 410 779 709 834; x_wconf 86' lang='lat' dir='ltr'><strong>canonibus</strong></span> <span class='ocrx_word' id='word_1_48' title='bbox 754 777 838 832; x_wconf 92' lang='lat' dir='ltr'><strong>vel</strong></span> <span class='ocrx_word' id='word_1_49' title='bbox 887 777 1121 833; x_wconf 86' lang='lat' dir='ltr'><strong>decretis</strong></span> <span class='ocrx_word' id='word_1_50' title='bbox 1169 783 1475 829; x_wconf 83' lang='lat' dir='ltr'><strong>sanctorum</strong></span> <span class='ocrx_word' id='word_1_51' title='bbox 1520 771 1664 824; x_wconf 86' lang='lat' dir='ltr'><strong>sedis</strong></span> 
     </span>
    </p>
   </div>
   <div class='ocr_carea' id='block_1_8' title="bbox 103 864 1661 941">
    <p class='ocr_par' dir='ltr' id='par_1_8' title="bbox 103 864 1661 941">
     <span class='ocr_line' id='line_1_8' title="bbox 103 864 1661 941; baseline -0.008 -14"><span class='ocrx_word' id='word_1_52' title='bbox 103 874 244 941; x_wconf 88' lang='lat' dir='ltr'><strong>hujus</strong></span> <span class='ocrx_word' id='word_1_53' title='bbox 283 871 623 941; x_wconf 89' lang='lat' dir='ltr'><strong>pontiﬁcum,</strong></span> <span class='ocrx_word' id='word_1_54' title='bbox 673 880 762 924; x_wconf 89' lang='lat' dir='ltr'><strong>aut</strong></span> <span class='ocrx_word' id='word_1_55' title='bbox 812 878 960 923; x_wconf 90' lang='lat' dir='ltr'><strong>certe</strong></span> <span class='ocrx_word' id='word_1_56' title='bbox 1022 868 1178 923; x_wconf 88' lang='lat' dir='ltr'><strong>bonis</strong></span> <span class='ocrx_word' id='word_1_57' title='bbox 1226 866 1464 920; x_wconf 85' lang='lat' dir='ltr'><strong>moribus</strong></span> <span class='ocrx_word' id='word_1_58' title='bbox 1511 864 1661 918; x_wconf 89' lang='lat' dir='ltr'><strong>inve-</strong></span> 
     </span>
    </p>
   </div>
   <div class='ocr_carea' id='block_1_9' title="bbox 105 956 1662 1027">
    <p class='ocr_par' dir='ltr' id='par_1_9' title="bbox 105 956 1662 1027">
     <span class='ocr_line' id='line_1_9' title="bbox 105 956 1662 1027; baseline -0.006 -12"><span class='ocrx_word' id='word_1_59' title='bbox 105 962 305 1015; x_wconf 88' lang='lat' dir='ltr'><strong>niuntur</strong></span> <span class='ocrx_word' id='word_1_60' title='bbox 339 960 613 1013; x_wconf 69' lang='lat' dir='ltr'><strong>adversm:</strong></span> <span class='ocrx_word' id='word_1_61' title='bbox 662 958 905 1027; x_wconf 82' lang='lat' dir='ltr'><strong>quamvis</strong></span> <span class='ocrx_word' id='word_1_62' title='bbox 940 971 1128 1014; x_wconf 89' lang='lat' dir='ltr'><strong>omnes</strong></span> <span class='ocrx_word' id='word_1_63' title='bbox 1153 956 1414 1010; x_wconf 85' lang='lat' dir='ltr'><strong>hactenus</strong></span> <span class='ocrx_word' id='word_1_64' title='bbox 1441 969 1505 1007; x_wconf 79' lang='lat' dir='ltr'><strong>ex</strong></span> <span class='ocrx_word' id='word_1_65' title='bbox 1551 960 1662 1006; x_wconf 93' lang='lat' dir='ltr'><strong>toto</strong></span> 
     </span>
    </p>
   </div>
   <div class='ocr_carea' id='block_1_10' title="bbox 105 1044 1662 1118">
    <p class='ocr_par' dir='ltr' id='par_1_10' title="bbox 105 1044 1662 1118">
     <span class='ocr_line' id='line_1_10' title="bbox 105 1044 1662 1118; baseline -0.005 -15"><span class='ocrx_word' id='word_1_66' title='bbox 105 1058 336 1104; x_wconf 87' lang='lat' dir='ltr'><strong>maneant</strong></span> <span class='ocrx_word' id='word_1_67' title='bbox 360 1050 505 1118; x_wconf 84' lang='lat' dir='ltr'><strong>apud</strong></span> <span class='ocrx_word' id='word_1_68' title='bbox 525 1047 746 1103; x_wconf 85' lang='lat' dir='ltr'><strong>Latinos</strong></span> <span class='ocrx_word' id='word_1_69' title='bbox 768 1047 1072 1118; x_wconf 66' lang='lat' dir='ltr'><strong>incognitae,</strong></span> <span class='ocrx_word' id='word_1_70' title='bbox 1110 1045 1233 1114; x_wconf 85' lang='lat' dir='ltr'><strong>quia</strong></span> <span class='ocrx_word' id='word_1_71' title='bbox 1267 1060 1365 1098; x_wconf 91' lang='lat' dir='ltr'><strong>nec</strong></span> <span class='ocrx_word' id='word_1_72' title='bbox 1399 1044 1662 1113; x_wconf 88' lang='lat' dir='ltr'><strong>interpre-</strong></span> 
     </span>
    </p>
   </div>
   <div class='ocr_carea' id='block_1_11' title="bbox 107 1134 1660 1205">
    <p class='ocr_par' dir='ltr' id='par_1_11' title="bbox 107 1134 1660 1205">
     <span class='ocr_line' id='line_1_11' title="bbox 107 1134 1660 1205; baseline -0.005 -13"><span class='ocrx_word' id='word_1_73' title='bbox 107 1149 240 1202; x_wconf 70' lang='lat' dir='ltr'><strong>tatze;</strong></span> <span class='ocrx_word' id='word_1_74' title='bbox 266 1138 360 1192; x_wconf 92' lang='lat' dir='ltr'><strong>sed</strong></span> <span class='ocrx_word' id='word_1_75' title='bbox 390 1153 492 1194; x_wconf 89' lang='lat' dir='ltr'><strong>nec</strong></span> <span class='ocrx_word' id='word_1_76' title='bbox 532 1139 584 1192; x_wconf 92' lang='lat' dir='ltr'><strong>in</strong></span> <span class='ocrx_word' id='word_1_77' title='bbox 614 1147 930 1192; x_wconf 84' lang='lat' dir='ltr'><strong>c:eterarum</strong></span> <span class='ocrx_word' id='word_1_78' title='bbox 958 1135 1398 1205; x_wconf 89' lang='lat' dir='ltr'><strong>patriarchalinm</strong></span> <span class='ocrx_word' id='word_1_79' title='bbox 1428 1134 1660 1197; x_wconf 89' lang='lat' dir='ltr'><strong>sedinm,</strong></span> 
     </span>
    </p>
   </div>
   <div class='ocr_carea' id='block_1_12' title="bbox 103 1223 1658 1298">
    <p class='ocr_par' dir='ltr' id='par_1_12' title="bbox 103 1223 1658 1298">
     <span class='ocr_line' id='line_1_12' title="bbox 103 1223 1658 1298; baseline -0.004 -17"><span class='ocrx_word' id='word_1_80' title='bbox 103 1228 210 1281; x_wconf 85' lang='lat' dir='ltr'><strong>licet</strong></span> <span class='ocrx_word' id='word_1_81' title='bbox 248 1228 433 1282; x_wconf 64' lang='lat' dir='ltr'><strong>Grzca</strong></span> <span class='ocrx_word' id='word_1_82' title='bbox 472 1237 692 1282; x_wconf 85' lang='lat' dir='ltr'><strong>utantur</strong></span> <span class='ocrx_word' id='word_1_83' title='bbox 741 1227 940 1298; x_wconf 89' lang='lat' dir='ltr'><strong>lingua,</strong></span> <span class='ocrx_word' id='word_1_84' title='bbox 995 1226 1331 1296; x_wconf 89' lang='lat' dir='ltr'><strong>reperiantur</strong></span> <span class='ocrx_word' id='word_1_85' title='bbox 1390 1223 1658 1278; x_wconf 84' lang='lat' dir='ltr'><strong>archivis:</strong></span> 
     </span>
    </p>
   </div>
   <div class='ocr_carea' id='block_1_13' title="bbox 104 1317 1662 1387">
    <p class='ocr_par' dir='ltr' id='par_1_13' title="bbox 104 1317 1662 1387">
     <span class='ocr_line' id='line_1_13' title="bbox 104 1317 1662 1387; baseline -0.003 -16"><span class='ocrx_word' id='word_1_86' title='bbox 104 1319 330 1372; x_wconf 88' lang='lat' dir='ltr'><strong>nimirum</strong></span> <span class='ocrx_word' id='word_1_87' title='bbox 355 1320 486 1387; x_wconf 91' lang='lat' dir='ltr'><strong>quia</strong></span> <span class='ocrx_word' id='word_1_88' title='bbox 513 1317 656 1372; x_wconf 88' lang='lat' dir='ltr'><strong>nulla</strong></span> <span class='ocrx_word' id='word_1_89' title='bbox 696 1334 881 1373; x_wconf 90' lang='lat' dir='ltr'><strong>earum</strong></span> <span class='ocrx_word' id='word_1_90' title='bbox 912 1333 1033 1372; x_wconf 92' lang='lat' dir='ltr'><strong>cum</strong></span> <span class='ocrx_word' id='word_1_91' title='bbox 1060 1318 1372 1378; x_wconf 87' lang='lat' dir='ltr'><strong>ederentur,</strong></span> <span class='ocrx_word' id='word_1_92' title='bbox 1418 1322 1510 1368; x_wconf 89' lang='lat' dir='ltr'><strong>ant</strong></span> <span class='ocrx_word' id='word_1_93' title='bbox 1538 1328 1662 1383; x_wconf 77' lang='lat' dir='ltr'><strong>pro—</strong></span> 
     </span>
    </p>
   </div>
   <div class='ocr_carea' id='block_1_14' title="bbox 107 1404 1660 1477">
    <p class='ocr_par' dir='ltr' id='par_1_14' title="bbox 107 1404 1660 1477">
     <span class='ocr_line' id='line_1_14' title="bbox 107 1404 1660 1477; baseline -0.004 -16"><span class='ocrx_word' id='word_1_94' title='bbox 107 1407 343 1477; x_wconf 83' lang='lat' dir='ltr'><strong>tnulgans,</strong></span> <span class='ocrx_word' id='word_1_95' title='bbox 383 1417 481 1462; x_wconf 90' lang='lat' dir='ltr'><strong>aut</strong></span> <span class='ocrx_word' id='word_1_96' title='bbox 522 1408 889 1472; x_wconf 87' lang='lat' dir='ltr'><strong>consentiens,</strong></span> <span class='ocrx_word' id='word_1_97' title='bbox 929 1417 1023 1460; x_wconf 87' lang='lat' dir='ltr'><strong>aut</strong></span> <span class='ocrx_word' id='word_1_98' title='bbox 1071 1406 1260 1460; x_wconf 78' lang='lat' dir='ltr'><strong>saltem</strong></span> <span class='ocrx_word' id='word_1_99' title='bbox 1308 1417 1545 1474; x_wconf 72' lang='lat' dir='ltr'><strong>praesens</strong></span> <span class='ocrx_word' id='word_1_100' title='bbox 1581 1404 1660 1456; x_wconf 83' lang='lat' dir='ltr'><strong>in-</strong></span> 
     </span>
    </p>
   </div>
   <div class='ocr_carea' id='block_1_15' title="bbox 103 1493 1660 1568">
    <p class='ocr_par' dir='ltr' id='par_1_15' title="bbox 103 1493 1660 1568">
     <span class='ocr_line' id='line_1_15' title="bbox 103 1493 1660 1568; baseline -0.004 -16"><span class='ocrx_word' id='word_1_101' title='bbox 103 1509 239 1552; x_wconf 74' lang='lat' dir='ltr'><strong>venta</strong></span> <span class='ocrx_word' id='word_1_102' title='bbox 261 1508 361 1563; x_wconf 91' lang='lat' dir='ltr'><strong>est,</strong></span> <span class='ocrx_word' id='word_1_103' title='bbox 389 1515 699 1568; x_wconf 88' lang='lat' dir='ltr'><strong>quanquam</strong></span> <span class='ocrx_word' id='word_1_104' title='bbox 729 1499 946 1553; x_wconf 90' lang='lat' dir='ltr'><strong>eosdem</strong></span> <span class='ocrx_word' id='word_1_105' title='bbox 972 1498 1157 1551; x_wconf 85' lang='lat' dir='ltr'><strong>Patres</strong></span> <span class='ocrx_word' id='word_1_106' title='bbox 1185 1496 1302 1551; x_wconf 89' lang='lat' dir='ltr'><strong>illas</strong></span> <span class='ocrx_word' id='word_1_107' title='bbox 1330 1493 1500 1549; x_wconf 68' lang='grc' dir='ltr'><strong>ϐτίεεί</strong></span> <span class='ocrx_word' id='word_1_108' title='bbox 1539 1508 1660 1563; x_wconf 84' lang='lat' dir='ltr'><strong>pro-</strong></span> 
     </span>
    </p>
   </div>
   <div class='ocr_carea' id='block_1_16' title="bbox 105 1584 1656 1659">
    <p class='ocr_par' dir='ltr' id='par_1_16' title="bbox 105 1584 1656 1659">
     <span class='ocr_line' id='line_1_16' title="bbox 105 1584 1656 1659; baseline -0.004 -17"><span class='ocrx_word' id='word_1_109' title='bbox 105 1589 346 1659; x_wconf 80' lang='lat' dir='ltr'><strong>mulgasse</strong></span> <span class='ocrx_word' id='word_1_110' title='bbox 392 1590 738 1659; x_wconf 88' lang='lat' dir='ltr'><strong>perhibeant,</strong></span> <span class='ocrx_word' id='word_1_111' title='bbox 788 1588 879 1658; x_wconf 90' lang='lat' dir='ltr'><strong>qui</strong></span> <span class='ocrx_word' id='word_1_112' title='bbox 909 1590 959 1642; x_wconf 91' lang='lat' dir='ltr'><strong>in</strong></span> <span class='ocrx_word' id='word_1_113' title='bbox 991 1597 1143 1642; x_wconf 77' lang='lat' dir='ltr'><strong>sexta</strong></span> <span class='ocrx_word' id='word_1_114' title='bbox 1187 1587 1392 1657; x_wconf 87' lang='lat' dir='ltr'><strong>synodo</strong></span> <span class='ocrx_word' id='word_1_115' title='bbox 1423 1592 1546 1639; x_wconf 90' lang='lat' dir='ltr'><strong>sunt</strong></span> <span class='ocrx_word' id='word_1_116' title='bbox 1574 1584 1656 1637; x_wconf 87' lang='lat' dir='ltr'><strong>in-</strong></span> 
     </span>
    </p>
   </div>
   <div class='ocr_carea' id='block_1_17' title="bbox 103 1676 1655 1750">
    <p class='ocr_par' dir='ltr' id='par_1_17' title="bbox 103 1676 1655 1750">
     <span class='ocr_line' id='line_1_17' title="bbox 103 1676 1655 1750; baseline -0.004 -16"><span class='ocrx_word' id='word_1_117' title='bbox 103 1681 258 1735; x_wconf 78' lang='lat' dir='ltr'><strong>venti:</strong></span> <span class='ocrx_word' id='word_1_118' title='bbox 291 1681 388 1736; x_wconf 88' lang='lat' dir='ltr'><strong>sed</strong></span> <span class='ocrx_word' id='word_1_119' title='bbox 417 1682 524 1736; x_wconf 90' lang='lat' dir='ltr'><strong>hoc</strong></span> <span class='ocrx_word' id='word_1_120' title='bbox 549 1681 709 1735; x_wconf 93' lang='lat' dir='ltr'><strong>nullis</strong></span> <span class='ocrx_word' id='word_1_121' title='bbox 730 1681 960 1750; x_wconf 89' lang='lat' dir='ltr'><strong>probare</strong></span> <span class='ocrx_word' id='word_1_122' title='bbox 984 1679 1148 1735; x_wconf 86' lang='lat' dir='ltr'><strong>certis</strong></span> <span class='ocrx_word' id='word_1_123' title='bbox 1172 1687 1397 1749; x_wconf 89' lang='lat' dir='ltr'><strong>possunt</strong></span> <span class='ocrx_word' id='word_1_124' title='bbox 1424 1676 1655 1731; x_wconf 89' lang='lat' dir='ltr'><strong>indiciis.</strong></span> 
     </span>
    </p>
   </div>
   <div class='ocr_carea' id='block_1_18' title="bbox 104 1765 1662 1840">
    <p class='ocr_par' dir='ltr' id='par_1_18' title="bbox 104 1765 1662 1840">
     <span class='ocr_line' id='line_1_18' title="bbox 104 1765 1662 1840; baseline -0.003 -17"><span class='ocrx_word' id='word_1_125' title='bbox 104 1768 150 1823; x_wconf 90' lang='lat' dir='ltr'><strong>In</strong></span> <span class='ocrx_word' id='word_1_126' title='bbox 182 1785 242 1826; x_wconf 85' lang='lat' dir='ltr'><strong>eo</strong></span> <span class='ocrx_word' id='word_1_127' title='bbox 282 1785 437 1836; x_wconf 85' lang='lat' dir='ltr'><strong>sane,</strong></span> <span class='ocrx_word' id='word_1_128' title='bbox 471 1785 581 1840; x_wconf 91' lang='lat' dir='ltr'><strong>quo</strong></span> <span class='ocrx_word' id='word_1_129' title='bbox 629 1769 941 1839; x_wconf 89' lang='lat' dir='ltr'><strong>frequenter</strong></span> <span class='ocrx_word' id='word_1_130' title='bbox 968 1768 1324 1823; x_wconf 89' lang='lat' dir='ltr'><strong>universalem</strong></span> <span class='ocrx_word' id='word_1_131' title='bbox 1366 1765 1662 1822; x_wconf 81' lang='lat' dir='ltr'><strong>(ecumcni-</strong></span> 
     </span>
    </p>
   </div>
   <div class='ocr_carea' id='block_1_19' title="bbox 1769 583 3340 661">
    <p class='ocr_par' dir='ltr' id='par_1_19' title="bbox 1769 583 3340 661">
     <span class='ocr_line' id='line_1_19' title="bbox 1769 583 3340 661; baseline -0.003 -21"><span class='ocrx_word' id='word_1_132' title='bbox 1769 587 2147 661; x_wconf 88' lang='lat' dir='ltr'><strong>[discedendi],</strong></span> <span class='ocrx_word' id='word_1_133' title='bbox 2175 603 2272 641; x_wconf 85' lang='lat' dir='ltr'><strong>nec</strong></span> <span class='ocrx_word' id='word_1_134' title='bbox 2290 587 2429 656; x_wconf 90' lang='lat' dir='ltr'><strong>quod</strong></span> <span class='ocrx_word' id='word_1_135' title='bbox 2459 595 2691 640; x_wconf 79' lang='lat' dir='ltr'><strong>vestram</strong></span> <span class='ocrx_word' id='word_1_136' title='bbox 2718 584 2910 638; x_wconf 89' lang='lat' dir='ltr'><strong>viderit</strong></span> <span class='ocrx_word' id='word_1_137' title='bbox 2928 592 3110 638; x_wconf 90' lang='lat' dir='ltr'><strong>tenere</strong></span> <span class='ocrx_word' id='word_1_138' title='bbox 3135 583 3340 647; x_wconf 79' lang='lat' dir='ltr'><strong>sedem,</strong></span> 
     </span>
    </p>
   </div>
   <div class='ocr_carea' id='block_1_20' title="bbox 1765 675 3333 750">
    <p class='ocr_par' dir='ltr' id='par_1_20' title="bbox 1765 675 3333 750">
     <span class='ocr_line' id='line_1_20' title="bbox 1765 675 3333 750; baseline -0.003 -19"><span class='ocrx_word' id='word_1_139' title='bbox 1765 695 1884 750; x_wconf 75' lang='lat' dir='ltr'><strong>qua:</strong></span> <span class='ocrx_word' id='word_1_140' title='bbox 1913 679 2152 734; x_wconf 90' lang='lat' dir='ltr'><strong>omnium</strong></span> <span class='ocrx_word' id='word_1_141' title='bbox 2201 687 2283 731; x_wconf 90' lang='lat' dir='ltr'><strong>est</strong></span> <span class='ocrx_word' id='word_1_142' title='bbox 2312 678 2587 748; x_wconf 87' lang='lat' dir='ltr'><strong>magistra,</strong></span> <span class='ocrx_word' id='word_1_143' title='bbox 2627 675 3002 745; x_wconf 87' lang='lat' dir='ltr'><strong>qnoqnomodo</strong></span> <span class='ocrx_word' id='word_1_144' title='bbox 3035 675 3333 744; x_wconf 73' lang='lat' dir='ltr'><strong>respuendi.</strong></span> 
     </span>
    </p>
   </div>
   <div class='ocr_carea' id='block_1_21' title="bbox 1765 764 3340 838">
    <p class='ocr_par' dir='ltr' id='par_1_21' title="bbox 1765 764 3340 838">
     <span class='ocr_line' id='line_1_21' title="bbox 1765 764 3340 838; baseline -0.003 -14"><span class='ocrx_word' id='word_1_145' title='bbox 1765 771 1895 838; x_wconf 75' lang='lat' dir='ltr'><strong>Qua:</strong></span> <span class='ocrx_word' id='word_1_146' title='bbox 1923 771 2068 825; x_wconf 91' lang='lat' dir='ltr'><strong>enim</strong></span> <span class='ocrx_word' id='word_1_147' title='bbox 2099 783 2259 838; x_wconf 89' lang='lat' dir='ltr'><strong>super</strong></span> <span class='ocrx_word' id='word_1_148' title='bbox 2287 767 2671 824; x_wconf 86' lang='lat' dir='ltr'><strong>venerabilium</strong></span> <span class='ocrx_word' id='word_1_149' title='bbox 2703 767 2992 837; x_wconf 80' lang='lat' dir='ltr'><strong>imaginum</strong></span> <span class='ocrx_word' id='word_1_150' title='bbox 3027 764 3340 820; x_wconf 85' lang='lat' dir='ltr'><strong>adoratione</strong></span> 
     </span>
    </p>
   </div>
   <div class='ocr_carea' id='block_1_22' title="bbox 1764 857 3341 931">
    <p class='ocr_par' dir='ltr' id='par_1_22' title="bbox 1764 857 3341 931">
     <span class='ocr_line' id='line_1_22' title="bbox 1764 857 3341 931; baseline -0.002 -19"><span class='ocrx_word' id='word_1_151' title='bbox 1764 874 2000 931; x_wconf 71' lang='lat' dir='ltr'><strong>prazsens</strong></span> <span class='ocrx_word' id='word_1_152' title='bbox 2053 860 2288 930; x_wconf 89' lang='lat' dir='ltr'><strong>synodus</strong></span> <span class='ocrx_word' id='word_1_153' title='bbox 2319 859 2493 922; x_wconf 84' lang='lat' dir='ltr'><strong>docet,</strong></span> <span class='ocrx_word' id='word_1_154' title='bbox 2531 859 2641 913; x_wconf 78' lang='lat' dir='ltr'><strong>lucc</strong></span> <span class='ocrx_word' id='word_1_155' title='bbox 2664 867 2716 911; x_wconf 90' lang='grc' dir='ltr'><strong>ει</strong></span> <span class='ocrx_word' id='word_1_156' title='bbox 2753 857 3044 927; x_wconf 88' lang='lat' dir='ltr'><strong>apostolica</strong></span> <span class='ocrx_word' id='word_1_157' title='bbox 3068 857 3223 911; x_wconf 86' lang='lat' dir='ltr'><strong>sedes</strong></span> <span class='ocrx_word' id='word_1_158' title='bbox 3249 871 3341 910; x_wconf 69' lang='lat' dir='ltr'><strong>\‘C-s</strong></span> 
     </span>
    </p>
   </div>
   <div class='ocr_carea' id='block_1_23' title="bbox 1763 945 3341 1016">
    <p class='ocr_par' dir='ltr' id='par_1_23' title="bbox 1763 945 3341 1016">
     <span class='ocr_line' id='line_1_23' title="bbox 1763 945 3341 1016; baseline -0.004 -12"><span class='ocrx_word' id='word_1_159' title='bbox 1763 959 1896 1014; x_wconf 85' lang='lat' dir='ltr'><strong>stra,</strong></span> <span class='ocrx_word' id='word_1_160' title='bbox 1928 949 2065 1004; x_wconf 87' lang='lat' dir='ltr'><strong>sicut</strong></span> <span class='ocrx_word' id='word_1_161' title='bbox 2091 947 2341 1003; x_wconf 90' lang='lat' dir='ltr'><strong>nonnulla</strong></span> <span class='ocrx_word' id='word_1_162' title='bbox 2359 948 2662 1016; x_wconf 89' lang='lat' dir='ltr'><strong>conscripta</strong></span> <span class='ocrx_word' id='word_1_163' title='bbox 2679 947 2926 1007; x_wconf 90' lang='lat' dir='ltr'><strong>innuunt,</strong></span> <span class='ocrx_word' id='word_1_164' title='bbox 2951 945 3245 1014; x_wconf 86' lang='lat' dir='ltr'><strong>antiquitus</strong></span> <span class='ocrx_word' id='word_1_165' title='bbox 3265 955 3341 999; x_wconf 89' lang='lat' dir='ltr'><strong>te-</strong></span> 
     </span>
    </p>
   </div>
   <div class='ocr_carea' id='block_1_24' title="bbox 1763 1041 3342 1112">
    <p class='ocr_par' dir='ltr' id='par_1_24' title="bbox 1763 1041 3342 1112">
     <span class='ocr_line' id='line_1_24' title="bbox 1763 1041 3342 1112; baseline -0.002 -15"><span class='ocrx_word' id='word_1_166' title='bbox 1763 1045 1900 1107; x_wconf 89' lang='lat' dir='ltr'><strong>nuit,</strong></span> <span class='ocrx_word' id='word_1_167' title='bbox 1928 1053 1982 1097; x_wconf 91' lang='lat' dir='ltr'><strong>et</strong></span> <span class='ocrx_word' id='word_1_168' title='bbox 2009 1043 2332 1096; x_wconf 84' lang='lat' dir='ltr'><strong>universalis</strong></span> <span class='ocrx_word' id='word_1_169' title='bbox 2369 1041 2604 1097; x_wconf 86' lang='lat' dir='ltr'><strong>Ecclesia</strong></span> <span class='ocrx_word' id='word_1_170' title='bbox 2636 1056 2848 1112; x_wconf 86' lang='lat' dir='ltr'><strong>semper</strong></span> <span class='ocrx_word' id='word_1_171' title='bbox 2875 1051 3127 1096; x_wconf 90' lang='lat' dir='ltr'><strong>venerata</strong></span> <span class='ocrx_word' id='word_1_172' title='bbox 3157 1049 3260 1104; x_wconf 89' lang='lat' dir='ltr'><strong>est,</strong></span> <span class='ocrx_word' id='word_1_173' title='bbox 3286 1050 3342 1095; x_wconf 88' lang='lat' dir='ltr'><strong>et</strong></span> 
     </span>
    </p>
   </div>
   <div class='ocr_carea' id='block_1_25' title="bbox 1763 1131 3340 1204">
    <p class='ocr_par' dir='ltr' id='par_1_25' title="bbox 1763 1131 3340 1204">
     <span class='ocr_line' id='line_1_25' title="bbox 1763 1131 3340 1204; baseline -0.001 -17"><span class='ocrx_word' id='word_1_174' title='bbox 1763 1135 2021 1189; x_wconf 87' lang='lat' dir='ltr'><strong>hactenus</strong></span> <span class='ocrx_word' id='word_1_175' title='bbox 2045 1143 2427 1188; x_wconf 88' lang='lat' dir='ltr'><strong>veneraretur:</strong></span> <span class='ocrx_word' id='word_1_176' title='bbox 2483 1133 2802 1204; x_wconf 89' lang='lat' dir='ltr'><strong>quihusdam</strong></span> <span class='ocrx_word' id='word_1_177' title='bbox 2850 1132 3111 1186; x_wconf 81' lang='lat' dir='ltr'><strong>duntaxat</strong></span> <span class='ocrx_word' id='word_1_178' title='bbox 3162 1131 3340 1186; x_wconf 84' lang='lat' dir='ltr'><strong>Callo-</strong></span> 
     </span>
    </p>
   </div>
   <div class='ocr_carea' id='block_1_26' title="bbox 1764 1221 3342 1296">
    <p class='ocr_par' dir='ltr' id='par_1_26' title="bbox 1764 1221 3342 1296">
     <span class='ocr_line' id='line_1_26' title="bbox 1764 1221 3342 1296; baseline -0.003 -18"><span class='ocrx_word' id='word_1_179' title='bbox 1764 1225 2174 1296; x_wconf 79' lang='lat' dir='ltr'><strong>rumexccptis,</strong></span> <span class='ocrx_word' id='word_1_180' title='bbox 2207 1224 2402 1294; x_wconf 89' lang='lat' dir='ltr'><strong>quibus</strong></span> <span class='ocrx_word' id='word_1_181' title='bbox 2427 1225 2611 1292; x_wconf 88' lang='lat' dir='ltr'><strong>utique</strong></span> <span class='ocrx_word' id='word_1_182' title='bbox 2636 1221 2872 1277; x_wconf 84' lang='lat' dir='ltr'><strong>nondum</strong></span> <span class='ocrx_word' id='word_1_183' title='bbox 2901 1230 2986 1277; x_wconf 91' lang='lat' dir='ltr'><strong>est</strong></span> <span class='ocrx_word' id='word_1_184' title='bbox 3021 1223 3208 1275; x_wconf 87' lang='lat' dir='ltr'><strong>harum</strong></span> <span class='ocrx_word' id='word_1_185' title='bbox 3235 1221 3342 1274; x_wconf 90' lang='lat' dir='ltr'><strong>uti-</strong></span> 
     </span>
    </p>
   </div>
   <div class='ocr_carea' id='block_1_27' title="bbox 1763 1314 3340 1385">
    <p class='ocr_par' dir='ltr' id='par_1_27' title="bbox 1763 1314 3340 1385">
     <span class='ocr_line' id='line_1_27' title="bbox 1763 1314 3340 1385; baseline -0.002 -15"><span class='ocrx_word' id='word_1_186' title='bbox 1763 1317 1885 1372; x_wconf 90' lang='lat' dir='ltr'><strong>litas</strong></span> <span class='ocrx_word' id='word_1_187' title='bbox 1918 1317 2169 1372; x_wconf 88' lang='lat' dir='ltr'><strong>revelata.</strong></span> <span class='ocrx_word' id='word_1_188' title='bbox 2198 1317 2362 1371; x_wconf 80' lang='lat' dir='ltr'><strong>Aiunt</strong></span> <span class='ocrx_word' id='word_1_189' title='bbox 2389 1331 2621 1385; x_wconf 84' lang='lat' dir='ltr'><strong>namque</strong></span> <span class='ocrx_word' id='word_1_190' title='bbox 2665 1316 2809 1385; x_wconf 89' lang='lat' dir='ltr'><strong>quod</strong></span> <span class='ocrx_word' id='word_1_191' title='bbox 2838 1331 2942 1370; x_wconf 93' lang='lat' dir='ltr'><strong>non</strong></span> <span class='ocrx_word' id='word_1_192' title='bbox 2969 1315 3040 1369; x_wconf 90' lang='lat' dir='ltr'><strong>sit</strong></span> <span class='ocrx_word' id='word_1_193' title='bbox 3064 1314 3340 1383; x_wconf 88' lang='lat' dir='ltr'><strong>quodlibet</strong></span> 
     </span>
    </p>
   </div>
   <div class='ocr_carea' id='block_1_28' title="bbox 1760 1399 3340 1478">
    <p class='ocr_par' dir='ltr' id='par_1_28' title="bbox 1760 1399 3340 1478">
     <span class='ocr_line' id='line_1_28' title="bbox 1760 1399 3340 1478; baseline -0.001 -18"><span class='ocrx_word' id='word_1_194' title='bbox 1760 1423 1894 1478; x_wconf 82' lang='lat' dir='ltr'><strong>Opus</strong></span> <span class='ocrx_word' id='word_1_195' title='bbox 1921 1423 2172 1462; x_wconf 91' lang='lat' dir='ltr'><strong>manuum</strong></span> <span class='ocrx_word' id='word_1_196' title='bbox 2220 1407 2494 1461; x_wconf 87' lang='lat' dir='ltr'><strong>hominum</strong></span> <span class='ocrx_word' id='word_1_197' title='bbox 2542 1399 2910 1472; x_wconf 88' lang='lat' dir='ltr'><strong>adorandum;</strong></span> <span class='ocrx_word' id='word_1_198' title='bbox 2939 1406 3091 1476; x_wconf 90' lang='lat' dir='ltr'><strong>quasi</strong></span> <span class='ocrx_word' id='word_1_199' title='bbox 3130 1420 3234 1458; x_wconf 93' lang='lat' dir='ltr'><strong>non</strong></span> <span class='ocrx_word' id='word_1_200' title='bbox 3266 1406 3340 1459; x_wconf 90' lang='lat' dir='ltr'><strong>sit</strong></span> 
     </span>
    </p>
   </div>
   <div class='ocr_carea' id='block_1_29' title="bbox 1761 1498 3336 1568">
    <p class='ocr_par' dir='ltr' id='par_1_29' title="bbox 1761 1498 3336 1568">
     <span class='ocr_line' id='line_1_29' title="bbox 1761 1498 3336 1568; baseline -0.003 -14"><span class='ocrx_word' id='word_1_201' title='bbox 1761 1499 1929 1554; x_wconf 83' lang='lat' dir='ltr'><strong>codex</strong></span> <span class='ocrx_word' id='word_1_202' title='bbox 1961 1498 2374 1568; x_wconf 86' lang='lat' dir='ltr'><strong>Evangeliorum</strong></span> <span class='ocrx_word' id='word_1_203' title='bbox 2404 1513 2539 1568; x_wconf 88' lang='lat' dir='ltr'><strong>opus</strong></span> <span class='ocrx_word' id='word_1_204' title='bbox 2565 1513 2818 1551; x_wconf 91' lang='lat' dir='ltr'><strong>manuum</strong></span> <span class='ocrx_word' id='word_1_205' title='bbox 2848 1498 3145 1561; x_wconf 89' lang='lat' dir='ltr'><strong>hominum,</strong></span> <span class='ocrx_word' id='word_1_206' title='bbox 3177 1512 3336 1565; x_wconf 89' lang='lat' dir='ltr'><strong>quem</strong></span> 
     </span>
    </p>
   </div>
   <div class='ocr_carea' id='block_1_30' title="bbox 1761 1588 3337 1660">
    <p class='ocr_par' dir='ltr' id='par_1_30' title="bbox 1761 1588 3337 1660">
     <span class='ocr_line' id='line_1_30' title="bbox 1761 1588 3337 1660; baseline -0.001 -18"><span class='ocrx_word' id='word_1_207' title='bbox 1761 1589 1999 1660; x_wconf 89' lang='lat' dir='ltr'><strong>quotidie</strong></span> <span class='ocrx_word' id='word_1_208' title='bbox 2061 1589 2368 1646; x_wconf 88' lang='lat' dir='ltr'><strong>osculantes</strong></span> <span class='ocrx_word' id='word_1_209' title='bbox 2421 1589 2684 1654; x_wconf 90' lang='lat' dir='ltr'><strong>adorant;</strong></span> <span class='ocrx_word' id='word_1_210' title='bbox 2757 1588 3113 1642; x_wconf 85' lang='lat' dir='ltr'><strong>venerabilior</strong></span> <span class='ocrx_word' id='word_1_211' title='bbox 3164 1602 3337 1652; x_wconf 87' lang='lat' dir='ltr'><strong>cane,</strong></span> 
     </span>
    </p>
   </div>
   <div class='ocr_carea' id='block_1_31' title="bbox 1760 1677 3341 1749">
    <p class='ocr_par' dir='ltr' id='par_1_31' title="bbox 1760 1677 3341 1749">
     <span class='ocr_line' id='line_1_31' title="bbox 1760 1677 3341 1749; baseline -0.001 -17"><span class='ocrx_word' id='word_1_212' title='bbox 1760 1695 1920 1749; x_wconf 71' lang='lat' dir='ltr'><strong>quem</strong></span> <span class='ocrx_word' id='word_1_213' title='bbox 1952 1693 2057 1734; x_wconf 92' lang='lat' dir='ltr'><strong>non</strong></span> <span class='ocrx_word' id='word_1_214' title='bbox 2099 1692 2218 1734; x_wconf 89' lang='lat' dir='ltr'><strong>esse</strong></span> <span class='ocrx_word' id='word_1_215' title='bbox 2245 1694 2380 1749; x_wconf 92' lang='lat' dir='ltr'><strong>opus</strong></span> <span class='ocrx_word' id='word_1_216' title='bbox 2409 1694 2660 1734; x_wconf 89' lang='lat' dir='ltr'><strong>manuum</strong></span> <span class='ocrx_word' id='word_1_217' title='bbox 2687 1678 2963 1732; x_wconf 88' lang='lat' dir='ltr'><strong>hominum</strong></span> <span class='ocrx_word' id='word_1_218' title='bbox 2994 1677 3341 1746; x_wconf 91' lang='lat' dir='ltr'><strong>proculdubio</strong></span> 
     </span>
    </p>
   </div>
   <div class='ocr_carea' id='block_1_32' title="bbox 1765 1765 3338 1840">
    <p class='ocr_par' dir='ltr' id='par_1_32' title="bbox 1765 1765 3338 1840">
     <span class='ocr_line' id='line_1_32' title="bbox 1765 1765 3338 1840; baseline -0.003 -16"><span class='ocrx_word' id='word_1_219' title='bbox 1765 1787 1869 1824; x_wconf 80' lang='lat' dir='ltr'><strong>non</strong></span> <span class='ocrx_word' id='word_1_220' title='bbox 1911 1770 2200 1840; x_wconf 88' lang='lat' dir='ltr'><strong>negabunt.</strong></span> <span class='ocrx_word' id='word_1_221' title='bbox 2252 1767 2512 1823; x_wconf 89' lang='lat' dir='ltr'><strong>Similiter</strong></span> <span class='ocrx_word' id='word_1_222' title='bbox 2564 1776 2618 1822; x_wconf 91' lang='grc' dir='ltr'><strong>ει</strong></span> <span class='ocrx_word' id='word_1_223' title='bbox 2667 1766 2835 1822; x_wconf 89' lang='lat' dir='ltr'><strong>forma</strong></span> <span class='ocrx_word' id='word_1_224' title='bbox 2891 1775 3091 1820; x_wconf 69' lang='lat' dir='ltr'><strong>sanctae</strong></span> <span class='ocrx_word' id='word_1_225' title='bbox 3139 1765 3338 1830; x_wconf 90' lang='lat' dir='ltr'><strong>crucis,</strong></span> 
     </span>
    </p>
   </div>
   <div class='ocr_carea' id='block_1_33' title="bbox 101 1850 3334 1930">
    <p class='ocr_par' dir='ltr' id='par_1_33' title="bbox 101 1850 3334 1930">
     <span class='ocr_line' id='line_1_33' title="bbox 101 1850 3334 1930; baseline -0.001 -18"><span class='ocrx_word' id='word_1_226' title='bbox 101 1875 205 1912; x_wconf 87' lang='lat' dir='ltr'><strong>cum</strong></span> <span class='ocrx_word' id='word_1_227' title='bbox 231 1861 280 1913; x_wconf 89' lang='lat' dir='ltr'><strong>in</strong></span> <span class='ocrx_word' id='word_1_228' title='bbox 315 1860 424 1914; x_wconf 85' lang='lat' dir='ltr'><strong>hac</strong></span> <span class='ocrx_word' id='word_1_229' title='bbox 453 1861 662 1930; x_wconf 82' lang='lat' dir='ltr'><strong>synodo</strong></span> <span class='ocrx_word' id='word_1_230' title='bbox 700 1859 872 1915; x_wconf 73' lang='lat' dir='ltr'><strong>Grzeci</strong></span> <span class='ocrx_word' id='word_1_231' title='bbox 898 1859 1259 1928; x_wconf 89' lang='lat' dir='ltr'><strong>patriarcham</strong></span> <span class='ocrx_word' id='word_1_232' title='bbox 1284 1871 1440 1913; x_wconf 92' lang='lat' dir='ltr'><strong>suum</strong></span> <span class='ocrx_word' id='word_1_233' title='bbox 1473 1857 1658 1912; x_wconf 89' lang='lat' dir='ltr'><strong>incon-</strong></span> <span class='ocrx_word' id='word_1_234' title='bbox 1694 1850 1733 1907; x_wconf 78' lang='grc' dir='ltr'><strong><em>Β</em></strong></span> <span class='ocrx_word' id='word_1_235' title='bbox 1762 1878 1922 1930; x_wconf 87' lang='lat' dir='ltr'><strong>quam</strong></span> <span class='ocrx_word' id='word_1_236' title='bbox 1953 1876 2014 1915; x_wconf 89' lang='lat' dir='ltr'><strong>se</strong></span> <span class='ocrx_word' id='word_1_237' title='bbox 2043 1861 2270 1915; x_wconf 89' lang='lat' dir='ltr'><strong>adorare</strong></span> <span class='ocrx_word' id='word_1_238' title='bbox 2292 1875 2478 1914; x_wconf 91' lang='lat' dir='ltr'><strong>omnes</strong></span> <span class='ocrx_word' id='word_1_239' title='bbox 2507 1859 2704 1929; x_wconf 91' lang='lat' dir='ltr'><strong>ubique</strong></span> <span class='ocrx_word' id='word_1_240' title='bbox 2728 1857 3018 1913; x_wconf 86' lang='lat' dir='ltr'><strong>Christiani</strong></span> <span class='ocrx_word' id='word_1_241' title='bbox 3065 1856 3334 1911; x_wconf 89' lang='lat' dir='ltr'><strong>fatentur:</strong></span> 
     </span>
    </p>
   </div>
   <div class='ocr_carea' id='block_1_34' title="bbox 103 1947 1655 2019">
    <p class='ocr_par' dir='ltr' id='par_1_34' title="bbox 103 1947 1655 2019">
     <span class='ocr_line' id='line_1_34' title="bbox 103 1947 1655 2019; baseline 0.001 -19"><span class='ocrx_word' id='word_1_242' title='bbox 103 1948 354 2003; x_wconf 72' lang='lat' dir='ltr'><strong>venienter</strong></span> <span class='ocrx_word' id='word_1_243' title='bbox 405 1948 702 2019; x_wconf 87' lang='lat' dir='ltr'><strong>appellant,</strong></span> <span class='ocrx_word' id='word_1_244' title='bbox 760 1949 1089 2019; x_wconf 88' lang='lat' dir='ltr'><strong>apostolatus</strong></span> <span class='ocrx_word' id='word_1_245' title='bbox 1134 1957 1314 2004; x_wconf 89' lang='lat' dir='ltr'><strong>vester</strong></span> <span class='ocrx_word' id='word_1_246' title='bbox 1364 1947 1655 2003; x_wconf 87' lang='lat' dir='ltr'><strong>adulationi</strong></span> 
     </span>
    </p>
   </div>
   <div class='ocr_carea' id='block_1_35' title="bbox 103 2037 1661 2110">
    <p class='ocr_par' dir='ltr' id='par_1_35' title="bbox 103 2037 1661 2110">
     <span class='ocr_line' id='line_1_35' title="bbox 103 2037 1661 2110; baseline 0.004 -22"><span class='ocrx_word' id='word_1_247' title='bbox 103 2037 288 2099; x_wconf 75' lang='lat' dir='ltr'><strong>veniam</strong></span> <span class='ocrx_word' id='word_1_248' title='bbox 336 2038 454 2104; x_wconf 89' lang='lat' dir='ltr'><strong>det,</strong></span> <span class='ocrx_word' id='word_1_249' title='bbox 497 2053 641 2110; x_wconf 62' lang='lat' dir='ltr'><strong>saepe</strong></span> <span class='ocrx_word' id='word_1_250' title='bbox 662 2039 896 2110; x_wconf 82' lang='lat' dir='ltr'><strong>praelatis</strong></span> <span class='ocrx_word' id='word_1_251' title='bbox 943 2040 1054 2095; x_wconf 90' lang='lat' dir='ltr'><strong>suis</strong></span> <span class='ocrx_word' id='word_1_252' title='bbox 1093 2056 1198 2095; x_wconf 93' lang='lat' dir='ltr'><strong>non</strong></span> <span class='ocrx_word' id='word_1_253' title='bbox 1227 2040 1344 2095; x_wconf 89' lang='lat' dir='ltr'><strong>sine</strong></span> <span class='ocrx_word' id='word_1_254' title='bbox 1373 2040 1661 2109; x_wconf 81' lang='lat' dir='ltr'><strong>reprehen-</strong></span> 
     </span>
    </p>
   </div>
   <div class='ocr_carea' id='block_1_36' title="bbox 103 2129 1662 2202">
    <p class='ocr_par' dir='ltr' id='par_1_36' title="bbox 103 2129 1662 2202">
     <span class='ocr_line' id='line_1_36' title="bbox 103 2129 1662 2202; baseline 0.003 -20"><span class='ocrx_word' id='word_1_255' title='bbox 103 2129 230 2184; x_wconf 85' lang='lat' dir='ltr'><strong>sione</strong></span> <span class='ocrx_word' id='word_1_256' title='bbox 255 2129 472 2200; x_wconf 87' lang='lat' dir='ltr'><strong>placere</strong></span> <span class='ocrx_word' id='word_1_257' title='bbox 497 2131 848 2185; x_wconf 73' lang='lat' dir='ltr'><strong>stridentium.</strong></span> <span class='ocrx_word' id='word_1_258' title='bbox 897 2130 1093 2186; x_wconf 83' lang='lat' dir='ltr'><strong>Verum</strong></span> <span class='ocrx_word' id='word_1_259' title='bbox 1141 2149 1262 2186; x_wconf 91' lang='lat' dir='ltr'><strong>cum</strong></span> <span class='ocrx_word' id='word_1_260' title='bbox 1313 2132 1453 2202; x_wconf 90' lang='lat' dir='ltr'><strong>apud</strong></span> <span class='ocrx_word' id='word_1_261' title='bbox 1493 2131 1662 2186; x_wconf 64' lang='grc' dir='ltr'><strong>(ἴσης-ε</strong></span> 
     </span>
    </p>
   </div>
   <div class='ocr_carea' id='block_1_37' title="bbox 104 2222 1661 2294">
    <p class='ocr_par' dir='ltr' id='par_1_37' title="bbox 104 2222 1661 2294">
     <span class='ocr_line' id='line_1_37' title="bbox 104 2222 1661 2294; baseline 0.003 -21"><span class='ocrx_word' id='word_1_262' title='bbox 104 2222 454 2292; x_wconf 82' lang='lat' dir='ltr'><strong>tantinopolim</strong></span> <span class='ocrx_word' id='word_1_263' title='bbox 503 2223 714 2293; x_wconf 86' lang='lat' dir='ltr'><strong>positus</strong></span> <span class='ocrx_word' id='word_1_264' title='bbox 746 2223 1056 2294; x_wconf 87' lang='lat' dir='ltr'><strong>frequenter</strong></span> <span class='ocrx_word' id='word_1_265' title='bbox 1099 2223 1317 2278; x_wconf 77' lang='lat' dir='ltr'><strong>Grzecos</strong></span> <span class='ocrx_word' id='word_1_266' title='bbox 1367 2238 1528 2292; x_wconf 88' lang='lat' dir='ltr'><strong>super</strong></span> <span class='ocrx_word' id='word_1_267' title='bbox 1559 2223 1661 2278; x_wconf 92' lang='lat' dir='ltr'><strong>hoc</strong></span> 
     </span>
    </p>
   </div>
   <div class='ocr_carea' id='block_1_38' title="bbox 105 2312 1664 2384">
    <p class='ocr_par' dir='ltr' id='par_1_38' title="bbox 105 2312 1664 2384">
     <span class='ocr_line' id='line_1_38' title="bbox 105 2312 1664 2384; baseline 0.003 -21"><span class='ocrx_word' id='word_1_268' title='bbox 105 2313 335 2368; x_wconf 77' lang='lat' dir='ltr'><strong>vocabulo</strong></span> <span class='ocrx_word' id='word_1_269' title='bbox 379 2314 858 2384; x_wconf 82' lang='lat' dir='ltr'><strong>reprehenderem,</strong></span> <span class='ocrx_word' id='word_1_270' title='bbox 909 2323 963 2368; x_wconf 93' lang='lat' dir='ltr'><strong>ct</strong></span> <span class='ocrx_word' id='word_1_271' title='bbox 991 2312 1160 2368; x_wconf 88' lang='lat' dir='ltr'><strong>fastus</strong></span> <span class='ocrx_word' id='word_1_272' title='bbox 1205 2313 1288 2368; x_wconf 88' lang='lat' dir='ltr'><strong>vel</strong></span> <span class='ocrx_word' id='word_1_273' title='bbox 1339 2313 1664 2383; x_wconf 76' lang='lat' dir='ltr'><strong>arrogantia:</strong></span> 
     </span>
    </p>
   </div>
   <div class='ocr_carea' id='block_1_39' title="bbox 105 2405 1664 2476">
    <p class='ocr_par' dir='ltr' id='par_1_39' title="bbox 105 2405 1664 2476">
     <span class='ocr_line' id='line_1_39' title="bbox 105 2405 1664 2476; baseline -0.001 -18"><span class='ocrx_word' id='word_1_274' title='bbox 105 2406 492 2476; x_wconf 74' lang='lat' dir='ltr'><strong>redarguerem;</strong></span> <span class='ocrx_word' id='word_1_275' title='bbox 526 2406 862 2470; x_wconf 88' lang='lat' dir='ltr'><strong>asserebant,</strong></span> <span class='ocrx_word' id='word_1_276' title='bbox 907 2407 1173 2476; x_wconf 74' lang='lat' dir='ltr'><strong>quodnon</strong></span> <span class='ocrx_word' id='word_1_277' title='bbox 1225 2405 1345 2460; x_wconf 90' lang='lat' dir='ltr'><strong>ideo</strong></span> <span class='ocrx_word' id='word_1_278' title='bbox 1372 2405 1664 2458; x_wconf 83' lang='lat' dir='ltr'><strong>(ecnmeni-</strong></span> 
     </span>
    </p>
   </div>
   <div class='ocr_carea' id='block_1_40' title="bbox 105 2495 1664 2565">
    <p class='ocr_par' dir='ltr' id='par_1_40' title="bbox 105 2495 1664 2565">
     <span class='ocr_line' id='line_1_40' title="bbox 105 2495 1664 2565; baseline 0 -19"><span class='ocrx_word' id='word_1_279' title='bbox 105 2509 222 2557; x_wconf 86' lang='lat' dir='ltr'><strong>cum,</strong></span> <span class='ocrx_word' id='word_1_280' title='bbox 265 2509 426 2563; x_wconf 89' lang='lat' dir='ltr'><strong>quem</strong></span> <span class='ocrx_word' id='word_1_281' title='bbox 470 2495 620 2550; x_wconf 92' lang='lat' dir='ltr'><strong>multi</strong></span> <span class='ocrx_word' id='word_1_282' title='bbox 656 2495 1010 2550; x_wconf 89' lang='lat' dir='ltr'><strong>universalem</strong></span> <span class='ocrx_word' id='word_1_283' title='bbox 1041 2495 1376 2565; x_wconf 78' lang='lat' dir='ltr'><strong>interpretati</strong></span> <span class='ocrx_word' id='word_1_284' title='bbox 1411 2503 1554 2558; x_wconf 87' lang='lat' dir='ltr'><strong>sunt,</strong></span> <span class='ocrx_word' id='word_1_285' title='bbox 1584 2495 1664 2547; x_wconf 82' lang='lat' dir='ltr'><strong>di-</strong></span> 
     </span>
    </p>
   </div>
   <div class='ocr_carea' id='block_1_41' title="bbox 106 2585 1666 2656">
    <p class='ocr_par' dir='ltr' id='par_1_41' title="bbox 106 2585 1666 2656">
     <span class='ocr_line' id='line_1_41' title="bbox 106 2585 1666 2656; baseline 0.001 -19"><span class='ocrx_word' id='word_1_286' title='bbox 106 2593 264 2638; x_wconf 83' lang='lat' dir='ltr'><strong>cerent</strong></span> <span class='ocrx_word' id='word_1_287' title='bbox 290 2585 689 2654; x_wconf 86' lang='lat' dir='ltr'><strong>patriarcham,</strong></span> <span class='ocrx_word' id='word_1_288' title='bbox 715 2585 857 2656; x_wconf 88' lang='lat' dir='ltr'><strong>quod</strong></span> <span class='ocrx_word' id='word_1_289' title='bbox 896 2586 1126 2641; x_wconf 80' lang='lat' dir='ltr'><strong>universi</strong></span> <span class='ocrx_word' id='word_1_290' title='bbox 1153 2586 1299 2640; x_wconf 90' lang='lat' dir='ltr'><strong>orbis</strong></span> <span class='ocrx_word' id='word_1_291' title='bbox 1326 2595 1508 2640; x_wconf 89' lang='lat' dir='ltr'><strong>teneat</strong></span> <span class='ocrx_word' id='word_1_292' title='bbox 1529 2601 1666 2654; x_wconf 70' lang='lat' dir='ltr'><strong>pra:-</strong></span> 
     </span>
    </p>
   </div>
   <div class='ocr_carea' id='block_1_42' title="bbox 107 2675 1663 2746">
    <p class='ocr_par' dir='ltr' id='par_1_42' title="bbox 107 2675 1663 2746">
     <span class='ocr_line' id='line_1_42' title="bbox 107 2675 1663 2746; baseline 0.002 -20"><span class='ocrx_word' id='word_1_293' title='bbox 107 2675 309 2728; x_wconf 85' lang='lat' dir='ltr'><strong>sulatum</strong></span> <span class='ocrx_word' id='word_1_294' title='bbox 336 2692 352 2741; x_wconf 89' lang='lat'><strong>;</strong></span> <span class='ocrx_word' id='word_1_295' title='bbox 383 2677 478 2731; x_wconf 90' lang='lat' dir='ltr'><strong>sed</strong></span> <span class='ocrx_word' id='word_1_296' title='bbox 500 2676 644 2746; x_wconf 90' lang='lat' dir='ltr'><strong>quod</strong></span> <span class='ocrx_word' id='word_1_297' title='bbox 671 2677 881 2732; x_wconf 89' lang='lat' dir='ltr'><strong>cuidam</strong></span> <span class='ocrx_word' id='word_1_298' title='bbox 913 2677 1052 2746; x_wconf 88' lang='lat' dir='ltr'><strong>parti</strong></span> <span class='ocrx_word' id='word_1_299' title='bbox 1083 2677 1267 2746; x_wconf 69' lang='lat' dir='ltr'><strong>prmsit</strong></span> <span class='ocrx_word' id='word_1_300' title='bbox 1285 2675 1454 2739; x_wconf 85' lang='lat' dir='ltr'><strong>orbis,</strong></span> <span class='ocrx_word' id='word_1_301' title='bbox 1482 2692 1601 2745; x_wconf 72' lang='lat' dir='ltr'><strong>qua:</strong></span> <span class='ocrx_word' id='word_1_302' title='bbox 1632 2691 1663 2729; x_wconf 87' lang='lat' dir='ltr'><strong>a</strong></span> 
     </span>
    </p>
   </div>
   <div class='ocr_carea' id='block_1_43' title="bbox 107 2764 1661 2836">
    <p class='ocr_par' dir='ltr' id='par_1_43' title="bbox 107 2764 1661 2836">
     <span class='ocr_line' id='line_1_43' title="bbox 107 2764 1661 2836; baseline 0 -20"><span class='ocrx_word' id='word_1_303' title='bbox 107 2764 406 2820; x_wconf 84' lang='lat' dir='ltr'><strong>Christianis</strong></span> <span class='ocrx_word' id='word_1_304' title='bbox 429 2765 785 2820; x_wconf 72' lang='lat' dir='ltr'><strong>inhaliitatur.</strong></span> <span class='ocrx_word' id='word_1_305' title='bbox 814 2766 942 2820; x_wconf 77' lang='lat' dir='ltr'><strong>Nam</strong></span> <span class='ocrx_word' id='word_1_306' title='bbox 966 2767 1108 2836; x_wconf 90' lang='lat' dir='ltr'><strong>quod</strong></span> <span class='ocrx_word' id='word_1_307' title='bbox 1133 2765 1305 2821; x_wconf 84' lang='lat' dir='ltr'><strong>Graeci</strong></span> <span class='ocrx_word' id='word_1_308' title='bbox 1327 2780 1661 2820; x_wconf 79' lang='lat' dir='ltr'><strong>(ecumenem</strong></span> 
     </span>
    </p>
   </div>
   <div class='ocr_carea' id='block_1_44' title="bbox 107 2846 1661 2924">
    <p class='ocr_par' dir='ltr' id='par_1_44' title="bbox 107 2846 1661 2924">
     <span class='ocr_line' id='line_1_44' title="bbox 107 2846 1661 2924; baseline 0.002 -19"><span class='ocrx_word' id='word_1_309' title='bbox 107 2863 293 2920; x_wconf 71' lang='lat' dir='ltr'><strong>vocant,</strong></span> <span class='ocrx_word' id='word_1_310' title='bbox 333 2870 363 2909; x_wconf 87' lang='lat' dir='ltr'><strong>a</strong></span> <span class='ocrx_word' id='word_1_311' title='bbox 408 2855 618 2911; x_wconf 86' lang='lat' dir='ltr'><strong>Latinis</strong></span> <span class='ocrx_word' id='word_1_312' title='bbox 665 2872 769 2912; x_wconf 93' lang='lat' dir='ltr'><strong>non</strong></span> <span class='ocrx_word' id='word_1_313' title='bbox 799 2857 969 2911; x_wconf 87' lang='lat' dir='ltr'><strong>solum</strong></span> <span class='ocrx_word' id='word_1_314' title='bbox 997 2846 1166 2921; x_wconf 80' lang='lat' dir='ltr'><strong>orbis,</strong></span> <span class='ocrx_word' id='word_1_315' title='bbox 1203 2871 1232 2909; x_wconf 89' lang='lat' dir='ltr'><strong>a</strong></span> <span class='ocrx_word' id='word_1_316' title='bbox 1267 2855 1419 2924; x_wconf 90' lang='lat' dir='ltr'><strong>cnjns</strong></span> <span class='ocrx_word' id='word_1_317' title='bbox 1447 2856 1661 2908; x_wconf 82' lang='lat' dir='ltr'><strong>univer-</strong></span> 
     </span>
    </p>
   </div>
   <div class='ocr_carea' id='block_1_45' title="bbox 106 2946 1659 3019">
    <p class='ocr_par' dir='ltr' id='par_1_45' title="bbox 106 2946 1659 3019">
     <span class='ocr_line' id='line_1_45' title="bbox 106 2946 1659 3019; baseline 0.003 -22"><span class='ocrx_word' id='word_1_318' title='bbox 106 2946 239 3000; x_wconf 82' lang='lat' dir='ltr'><strong>sitate</strong></span> <span class='ocrx_word' id='word_1_319' title='bbox 269 2947 592 3003; x_wconf 88' lang='lat' dir='ltr'><strong>universalis</strong></span> <span class='ocrx_word' id='word_1_320' title='bbox 612 2949 931 3019; x_wconf 89' lang='lat' dir='ltr'><strong>appellatur,</strong></span> <span class='ocrx_word' id='word_1_321' title='bbox 960 2965 1144 3005; x_wconf 90' lang='lat' dir='ltr'><strong>verum</strong></span> <span class='ocrx_word' id='word_1_322' title='bbox 1173 2950 1335 3004; x_wconf 88' lang='lat' dir='ltr'><strong>etiam</strong></span> <span class='ocrx_word' id='word_1_323' title='bbox 1376 2948 1659 3012; x_wconf 87' lang='lat' dir='ltr'><strong>habitatio,</strong></span> 
     </span>
    </p>
   </div>
   <div class='ocr_carea' id='block_1_46' title="bbox 107 3036 1661 3110">
    <p class='ocr_par' dir='ltr' id='par_1_46' title="bbox 107 3036 1661 3110">
     <span class='ocr_line' id='line_1_46' title="bbox 107 3036 1661 3110; baseline 0.003 -24"><span class='ocrx_word' id='word_1_324' title='bbox 107 3036 172 3088; x_wconf 74' lang='lat' dir='ltr'><strong>vel</strong></span> <span class='ocrx_word' id='word_1_325' title='bbox 197 3037 342 3092; x_wconf 91' lang='lat' dir='ltr'><strong>locus</strong></span> <span class='ocrx_word' id='word_1_326' title='bbox 366 3038 676 3094; x_wconf 87' lang='lat' dir='ltr'><strong>habitabilis</strong></span> <span class='ocrx_word' id='word_1_327' title='bbox 702 3050 1055 3110; x_wconf 80' lang='lat' dir='ltr'><strong>nuncupatur.</strong></span> <span class='ocrx_word' id='word_1_328' title='bbox 1087 3039 1192 3096; x_wconf 91' lang='lat' dir='ltr'><strong>Sed</strong></span> <span class='ocrx_word' id='word_1_329' title='bbox 1223 3049 1278 3094; x_wconf 89' lang='lat' dir='ltr'><strong>ct</strong></span> <span class='ocrx_word' id='word_1_330' title='bbox 1320 3039 1446 3093; x_wconf 92' lang='lat' dir='ltr'><strong>illud</strong></span> <span class='ocrx_word' id='word_1_331' title='bbox 1472 3047 1661 3094; x_wconf 82' lang='lat' dir='ltr'><strong>notan-</strong></span> 
     </span>
    </p>
   </div>
   <div class='ocr_carea' id='block_1_47' title="bbox 105 3125 1660 3200">
    <p class='ocr_par' dir='ltr' id='par_1_47' title="bbox 105 3125 1660 3200">
     <span class='ocr_line' id='line_1_47' title="bbox 105 3125 1660 3200; baseline 0.002 -22"><span class='ocrx_word' id='word_1_332' title='bbox 105 3125 227 3191; x_wconf 88' lang='lat' dir='ltr'><strong>dum,</strong></span> <span class='ocrx_word' id='word_1_333' title='bbox 285 3129 541 3195; x_wconf 87' lang='lat' dir='ltr'><strong>quoniam</strong></span> <span class='ocrx_word' id='word_1_334' title='bbox 596 3129 900 3200; x_wconf 91' lang='lat' dir='ltr'><strong>ubicunque</strong></span> <span class='ocrx_word' id='word_1_335' title='bbox 955 3132 1007 3184; x_wconf 93' lang='lat' dir='ltr'><strong>in</strong></span> <span class='ocrx_word' id='word_1_336' title='bbox 1066 3131 1222 3200; x_wconf 89' lang='lat' dir='ltr'><strong>hujus</strong></span> <span class='ocrx_word' id='word_1_337' title='bbox 1266 3130 1452 3200; x_wconf 83' lang='lat' dir='ltr'><strong>synodi</strong></span> <span class='ocrx_word' id='word_1_338' title='bbox 1513 3138 1660 3184; x_wconf 79' lang='lat' dir='ltr'><strong>textu</strong></span> 
     </span>
    </p>
   </div>
   <div class='ocr_carea' id='block_1_48' title="bbox 1762 1946 3344 2024">
    <p class='ocr_par' dir='ltr' id='par_1_48' title="bbox 1762 1946 3344 2024">
     <span class='ocr_line' id='line_1_48' title="bbox 1762 1946 3344 2024; baseline -0.004 -18"><span class='ocrx_word' id='word_1_339' title='bbox 1762 1954 1812 2006; x_wconf 82' lang='lat' dir='ltr'><strong>iu</strong></span> <span class='ocrx_word' id='word_1_340' title='bbox 1845 1967 1954 2024; x_wconf 89' lang='lat' dir='ltr'><strong>quo</strong></span> <span class='ocrx_word' id='word_1_341' title='bbox 1977 1951 2225 2007; x_wconf 88' lang='lat' dir='ltr'><strong>videlicet</strong></span> <span class='ocrx_word' id='word_1_342' title='bbox 2251 1949 2597 2005; x_wconf 89' lang='lat' dir='ltr'><strong>considerare</strong></span> <span class='ocrx_word' id='word_1_343' title='bbox 2623 1949 2772 2014; x_wconf 88' lang='lat' dir='ltr'><strong>libet,</strong></span> <span class='ocrx_word' id='word_1_344' title='bbox 2804 1947 2930 2018; x_wconf 90' lang='lat' dir='ltr'><strong>quia</strong></span> <span class='ocrx_word' id='word_1_345' title='bbox 2956 1947 3000 2001; x_wconf 88' lang='lat' dir='ltr'><strong>si</strong></span> <span class='ocrx_word' id='word_1_346' title='bbox 3044 1946 3344 2018; x_wconf 87' lang='lat' dir='ltr'><strong>quamlibet</strong></span> 
     </span>
    </p>
   </div>
   <div class='ocr_carea' id='block_1_49' title="bbox 1761 2039 3339 2113">
    <p class='ocr_par' dir='ltr' id='par_1_49' title="bbox 1761 2039 3339 2113">
     <span class='ocr_line' id='line_1_49' title="bbox 1761 2039 3339 2113; baseline -0.005 -13"><span class='ocrx_word' id='word_1_347' title='bbox 1761 2060 1980 2100; x_wconf 90' lang='lat' dir='ltr'><strong>crucem</strong></span> <span class='ocrx_word' id='word_1_348' title='bbox 1997 2058 2214 2098; x_wconf 90' lang='lat' dir='ltr'><strong>auream</strong></span> <span class='ocrx_word' id='word_1_349' title='bbox 2231 2042 2315 2097; x_wconf 91' lang='lat' dir='ltr'><strong>vel</strong></span> <span class='ocrx_word' id='word_1_350' title='bbox 2331 2050 2638 2113; x_wconf 76' lang='lat' dir='ltr'><strong>argenteam</strong></span> <span class='ocrx_word' id='word_1_351' title='bbox 2665 2049 2754 2096; x_wconf 89' lang='lat' dir='ltr'><strong>aut</strong></span> <span class='ocrx_word' id='word_1_352' title='bbox 2776 2041 3004 2112; x_wconf 79' lang='lat' dir='ltr'><strong>ligneam</strong></span> <span class='ocrx_word' id='word_1_353' title='bbox 3032 2039 3339 2101; x_wconf 86' lang='lat' dir='ltr'><strong>adoramus,</strong></span> 
     </span>
    </p>
   </div>
   <div class='ocr_carea' id='block_1_50' title="bbox 1762 2127 3340 2204">
    <p class='ocr_par' dir='ltr' id='par_1_50' title="bbox 1762 2127 3340 2204">
     <span class='ocr_line' id='line_1_50' title="bbox 1762 2127 3340 2204; baseline -0.004 -16"><span class='ocrx_word' id='word_1_354' title='bbox 1762 2151 1881 2204; x_wconf 58' lang='lat' dir='ltr'><strong>quae</strong></span> <span class='ocrx_word' id='word_1_355' title='bbox 1909 2134 2091 2203; x_wconf 83' lang='lat' dir='ltr'><strong>utique</strong></span> <span class='ocrx_word' id='word_1_356' title='bbox 2127 2149 2231 2188; x_wconf 93' lang='lat' dir='ltr'><strong>non</strong></span> <span class='ocrx_word' id='word_1_357' title='bbox 2279 2133 2466 2188; x_wconf 90' lang='lat' dir='ltr'><strong>eadem</strong></span> <span class='ocrx_word' id='word_1_358' title='bbox 2496 2140 2578 2186; x_wconf 91' lang='lat' dir='ltr'><strong>est</strong></span> <span class='ocrx_word' id='word_1_359' title='bbox 2617 2131 2730 2200; x_wconf 90' lang='lat' dir='ltr'><strong>ipsa</strong></span> <span class='ocrx_word' id='word_1_360' title='bbox 2775 2145 2929 2194; x_wconf 81' lang='lat' dir='ltr'><strong>crux,</strong></span> <span class='ocrx_word' id='word_1_361' title='bbox 2960 2129 3010 2182; x_wconf 95' lang='lat' dir='ltr'><strong>in</strong></span> <span class='ocrx_word' id='word_1_362' title='bbox 3061 2143 3163 2197; x_wconf 88' lang='lat' dir='ltr'><strong>qua</strong></span> <span class='ocrx_word' id='word_1_363' title='bbox 3197 2127 3340 2182; x_wconf 83' lang='lat' dir='ltr'><strong>salus</strong></span> 
     </span>
    </p>
   </div>
   <div class='ocr_carea' id='block_1_51' title="bbox 1765 2218 3343 2295">
    <p class='ocr_par' dir='ltr' id='par_1_51' title="bbox 1765 2218 3343 2295">
     <span class='ocr_line' id='line_1_51' title="bbox 1765 2218 3343 2295; baseline -0.004 -16"><span class='ocrx_word' id='word_1_364' title='bbox 1765 2233 1948 2280; x_wconf 92' lang='lat' dir='ltr'><strong>nostra</strong></span> <span class='ocrx_word' id='word_1_365' title='bbox 1979 2232 2187 2295; x_wconf 90' lang='lat' dir='ltr'><strong>patrata</strong></span> <span class='ocrx_word' id='word_1_366' title='bbox 2214 2231 2315 2287; x_wconf 90' lang='lat' dir='ltr'><strong>est,</strong></span> <span class='ocrx_word' id='word_1_367' title='bbox 2363 2222 2456 2276; x_wconf 89' lang='lat' dir='ltr'><strong>sed</strong></span> <span class='ocrx_word' id='word_1_368' title='bbox 2489 2221 2656 2293; x_wconf 89' lang='lat' dir='ltr'><strong>ﬁgura</strong></span> <span class='ocrx_word' id='word_1_369' title='bbox 2699 2229 2754 2274; x_wconf 90' lang='lat' dir='ltr'><strong>et</strong></span> <span class='ocrx_word' id='word_1_370' title='bbox 2783 2221 2960 2290; x_wconf 82' lang='lat' dir='ltr'><strong>imago</strong></span> <span class='ocrx_word' id='word_1_371' title='bbox 2987 2218 3138 2287; x_wconf 88' lang='lat' dir='ltr'><strong>ejus;</strong></span> <span class='ocrx_word' id='word_1_372' title='bbox 3175 2233 3343 2288; x_wconf 82' lang='lat' dir='ltr'><strong>quare</strong></span> 
     </span>
    </p>
   </div>
   <div class='ocr_carea' id='block_1_52' title="bbox 1765 2309 3352 2384">
    <p class='ocr_par' dir='ltr' id='par_1_52' title="bbox 1765 2309 3352 2384">
     <span class='ocr_line' id='line_1_52' title="bbox 1765 2309 3352 2384; baseline -0.006 -15"><span class='ocrx_word' id='word_1_373' title='bbox 1765 2333 1871 2370; x_wconf 93' lang='lat' dir='ltr'><strong>non</strong></span> <span class='ocrx_word' id='word_1_374' title='bbox 1925 2315 2213 2370; x_wconf 89' lang='lat' dir='ltr'><strong>adoremus</strong></span> <span class='ocrx_word' id='word_1_375' title='bbox 2241 2311 2466 2384; x_wconf 89' lang='lat' dir='ltr'><strong>ﬁguram</strong></span> <span class='ocrx_word' id='word_1_376' title='bbox 2495 2320 2550 2366; x_wconf 91' lang='lat' dir='ltr'><strong>et</strong></span> <span class='ocrx_word' id='word_1_377' title='bbox 2593 2311 2876 2382; x_wconf 84' lang='lat' dir='ltr'><strong>imaginem</strong></span> <span class='ocrx_word' id='word_1_378' title='bbox 2907 2309 3040 2378; x_wconf 86' lang='lat' dir='ltr'><strong>ejus,</strong></span> <span class='ocrx_word' id='word_1_379' title='bbox 3073 2309 3164 2377; x_wconf 91' lang='lat' dir='ltr'><strong>qui</strong></span> <span class='ocrx_word' id='word_1_380' title='bbox 3189 2323 3308 2361; x_wconf 88' lang='lat' dir='ltr'><strong>eam</strong></span> <span class='ocrx_word' id='word_1_381' title='bbox 3323 2337 3352 2370; x_wconf 72' lang='grc' dir='ltr'><strong>ο,</strong></span> 
     </span>
    </p>
   </div>
   <div class='ocr_carea' id='block_1_53' title="bbox 1767 2397 3348 2473">
    <p class='ocr_par' dir='ltr' id='par_1_53' title="bbox 1767 2397 3348 2473">
     <span class='ocr_line' id='line_1_53' title="bbox 1767 2397 3348 2473; baseline -0.003 -12"><span class='ocrx_word' id='word_1_382' title='bbox 1767 2409 1886 2461; x_wconf 86' lang='lat' dir='ltr'><strong>dem</strong></span> <span class='ocrx_word' id='word_1_383' title='bbox 1926 2407 2155 2461; x_wconf 80' lang='lat' dir='ltr'><strong>Salutem</strong></span> <span class='ocrx_word' id='word_1_384' title='bbox 2201 2413 2452 2473; x_wconf 88' lang='lat' dir='ltr'><strong>operatus</strong></span> <span class='ocrx_word' id='word_1_385' title='bbox 2479 2411 2562 2457; x_wconf 87' lang='lat' dir='ltr'><strong>est</strong></span> <span class='ocrx_word' id='word_1_386' title='bbox 2591 2402 2642 2456; x_wconf 91' lang='lat' dir='ltr'><strong>in</strong></span> <span class='ocrx_word' id='word_1_387' title='bbox 2671 2402 2846 2456; x_wconf 91' lang='lat' dir='ltr'><strong>medio</strong></span> <span class='ocrx_word' id='word_1_388' title='bbox 2874 2403 3072 2454; x_wconf 72' lang='lat' dir='ltr'><strong>teme?</strong></span> <span class='ocrx_word' id='word_1_389' title='bbox 3105 2397 3348 2456; x_wconf 75' lang='lat' dir='ltr'><strong>Venera-.</strong></span> 
     </span>
    </p>
   </div>
   <div class='ocr_carea' id='block_1_54' title="bbox 1765 2492 3340 2564">
    <p class='ocr_par' dir='ltr' id='par_1_54' title="bbox 1765 2492 3340 2564">
     <span class='ocr_line' id='line_1_54' title="bbox 1765 2492 3340 2564; baseline -0.005 -15"><span class='ocrx_word' id='word_1_390' title='bbox 1765 2495 1920 2554; x_wconf 85' lang='lat' dir='ltr'><strong>bilior</strong></span> <span class='ocrx_word' id='word_1_391' title='bbox 1966 2509 2196 2564; x_wconf 89' lang='lat' dir='ltr'><strong>namque</strong></span> <span class='ocrx_word' id='word_1_392' title='bbox 2226 2502 2309 2548; x_wconf 89' lang='lat' dir='ltr'><strong>est</strong></span> <span class='ocrx_word' id='word_1_393' title='bbox 2356 2493 2445 2561; x_wconf 91' lang='lat' dir='ltr'><strong>qui</strong></span> <span class='ocrx_word' id='word_1_394' title='bbox 2501 2492 2726 2546; x_wconf 89' lang='lat' dir='ltr'><strong>salutem</strong></span> <span class='ocrx_word' id='word_1_395' title='bbox 2767 2501 3018 2561; x_wconf 86' lang='lat' dir='ltr'><strong>operatus</strong></span> <span class='ocrx_word' id='word_1_396' title='bbox 3045 2499 3148 2556; x_wconf 91' lang='lat' dir='ltr'><strong>cst,</strong></span> <span class='ocrx_word' id='word_1_397' title='bbox 3178 2505 3340 2559; x_wconf 86' lang='lat' dir='ltr'><strong>quam</strong></span> 
     </span>
    </p>
   </div>
   <div class='ocr_carea' id='block_1_55' title="bbox 1763 2583 3344 2655">
    <p class='ocr_par' dir='ltr' id='par_1_55' title="bbox 1763 2583 3344 2655">
     <span class='ocr_line' id='line_1_55' title="bbox 1763 2583 3344 2655; baseline -0.004 -14"><span class='ocrx_word' id='word_1_398' title='bbox 1763 2601 1826 2641; x_wconf 88' lang='lat' dir='ltr'><strong>ea</strong></span> <span class='ocrx_word' id='word_1_399' title='bbox 1877 2587 2122 2651; x_wconf 87' lang='lat' dir='ltr'><strong>materia,</strong></span> <span class='ocrx_word' id='word_1_400' title='bbox 2157 2587 2209 2640; x_wconf 93' lang='lat' dir='ltr'><strong>in</strong></span> <span class='ocrx_word' id='word_1_401' title='bbox 2235 2601 2338 2655; x_wconf 89' lang='lat' dir='ltr'><strong>qua</strong></span> <span class='ocrx_word' id='word_1_402' title='bbox 2365 2586 2504 2640; x_wconf 91' lang='lat' dir='ltr'><strong>idem</strong></span> <span class='ocrx_word' id='word_1_403' title='bbox 2545 2585 2770 2638; x_wconf 91' lang='lat' dir='ltr'><strong>salutem</strong></span> <span class='ocrx_word' id='word_1_404' title='bbox 2816 2592 3069 2653; x_wconf 83' lang='lat' dir='ltr'><strong>operatus</strong></span> <span class='ocrx_word' id='word_1_405' title='bbox 3118 2591 3222 2636; x_wconf 90' lang='lat' dir='ltr'><strong>est.</strong></span> <span class='ocrx_word' id='word_1_406' title='bbox 3265 2583 3344 2635; x_wconf 83' lang='lat' dir='ltr'><strong>Ac</strong></span> 
     </span>
    </p>
   </div>
   <div class='ocr_carea' id='block_1_56' title="bbox 1767 2671 3349 2749">
    <p class='ocr_par' dir='ltr' id='par_1_56' title="bbox 1767 2671 3349 2749">
     <span class='ocr_line' id='line_1_56' title="bbox 1767 2671 3349 2749; baseline -0.007 -15"><span class='ocrx_word' id='word_1_407' title='bbox 1767 2680 1988 2749; x_wconf 83' lang='lat' dir='ltr'><strong>perhoc</strong></span> <span class='ocrx_word' id='word_1_408' title='bbox 2017 2677 2188 2748; x_wconf 87' lang='lat' dir='ltr'><strong>magis</strong></span> <span class='ocrx_word' id='word_1_409' title='bbox 2224 2677 2536 2732; x_wconf 81' lang='lat' dir='ltr'><strong>adoratione</strong></span> <span class='ocrx_word' id='word_1_410' title='bbox 2557 2676 2715 2746; x_wconf 90' lang='lat' dir='ltr'><strong>digna</strong></span> <span class='ocrx_word' id='word_1_411' title='bbox 2758 2675 2935 2746; x_wconf 86' lang='lat' dir='ltr'><strong>imago</strong></span> <span class='ocrx_word' id='word_1_412' title='bbox 2961 2673 3160 2728; x_wconf 79' lang='lat' dir='ltr'><strong>Christi</strong></span> <span class='ocrx_word' id='word_1_413' title='bbox 3191 2671 3349 2736; x_wconf 17' lang='lat' dir='ltr'><strong>salu-v</strong></span> 
     </span>
    </p>
   </div>
   <div class='ocr_carea' id='block_1_57' title="bbox 1765 2763 3342 2837">
    <p class='ocr_par' dir='ltr' id='par_1_57' title="bbox 1765 2763 3342 2837">
     <span class='ocr_line' id='line_1_57' title="bbox 1765 2763 3342 2837; baseline -0.008 -13"><span class='ocrx_word' id='word_1_414' title='bbox 1765 2779 1873 2824; x_wconf 91' lang='lat' dir='ltr'><strong>tem</strong></span> <span class='ocrx_word' id='word_1_415' title='bbox 1923 2769 2218 2837; x_wconf 90' lang='lat' dir='ltr'><strong>operantis,</strong></span> <span class='ocrx_word' id='word_1_416' title='bbox 2283 2783 2443 2837; x_wconf 87' lang='lat' dir='ltr'><strong>quam</strong></span> <span class='ocrx_word' id='word_1_417' title='bbox 2493 2767 2668 2835; x_wconf 86' lang='lat' dir='ltr'><strong>imago</strong></span> <span class='ocrx_word' id='word_1_418' title='bbox 2709 2765 2888 2819; x_wconf 91' lang='lat' dir='ltr'><strong>crucis</strong></span> <span class='ocrx_word' id='word_1_419' title='bbox 2943 2763 3169 2818; x_wconf 80' lang='lat' dir='ltr'><strong>Salutem</strong></span> <span class='ocrx_word' id='word_1_420' title='bbox 3221 2770 3342 2814; x_wconf 87' lang='lat' dir='ltr'><strong>tan-</strong></span> 
     </span>
    </p>
   </div>
   <div class='ocr_carea' id='block_1_58' title="bbox 1765 2857 3338 2927">
    <p class='ocr_par' dir='ltr' id='par_1_58' title="bbox 1765 2857 3338 2927">
     <span class='ocr_line' id='line_1_58' title="bbox 1765 2857 3338 2927; baseline -0.007 -11"><span class='ocrx_word' id='word_1_421' title='bbox 1765 2862 2037 2916; x_wconf 90' lang='lat' dir='ltr'><strong>tummodo</strong></span> <span class='ocrx_word' id='word_1_422' title='bbox 2074 2859 2379 2927; x_wconf 82' lang='lat' dir='ltr'><strong>hajulantis.</strong></span> <span class='ocrx_word' id='word_1_423' title='bbox 2404 2858 2782 2925; x_wconf 85' lang='lat' dir='ltr'><strong>Quamobrem,</strong></span> <span class='ocrx_word' id='word_1_424' title='bbox 2833 2857 3139 2911; x_wconf 82' lang='lat' dir='ltr'><strong>beatissime</strong></span> <span class='ocrx_word' id='word_1_425' title='bbox 3177 2869 3338 2923; x_wconf 89' lang='lat' dir='ltr'><strong>papa,</strong></span> 
     </span>
    </p>
   </div>
   <div class='ocr_carea' id='block_1_59' title="bbox 1761 2943 3352 3022">
    <p class='ocr_par' dir='ltr' id='par_1_59' title="bbox 1761 2943 3352 3022">
     <span class='ocr_line' id='line_1_59' title="bbox 1761 2943 3352 3022; baseline -0.006 -16"><span class='ocrx_word' id='word_1_426' title='bbox 1761 2965 1924 3020; x_wconf 88' lang='lat' dir='ltr'><strong>super</strong></span> <span class='ocrx_word' id='word_1_427' title='bbox 1953 2959 2186 3004; x_wconf 90' lang='lat' dir='ltr'><strong>montem</strong></span> <span class='ocrx_word' id='word_1_428' title='bbox 2209 2948 2477 3003; x_wconf 75' lang='lat' dir='ltr'><strong>excelsum</strong></span> <span class='ocrx_word' id='word_1_429' title='bbox 2501 2947 2751 3012; x_wconf 89' lang='lat' dir='ltr'><strong>ascende,</strong></span> <span class='ocrx_word' id='word_1_430' title='bbox 2783 2953 2864 3000; x_wconf 87' lang='lat' dir='ltr'><strong>sta</strong></span> <span class='ocrx_word' id='word_1_431' title='bbox 2906 2946 2958 3000; x_wconf 90' lang='lat' dir='ltr'><strong>in</strong></span> <span class='ocrx_word' id='word_1_432' title='bbox 2996 2943 3352 3022; x_wconf 68' lang='lat' dir='ltr'><strong>fortitudine,</strong></span> 
     </span>
    </p>
   </div>
   <div class='ocr_carea' id='block_1_60' title="bbox 1761 3038 3354 3113">
    <p class='ocr_par' dir='ltr' id='par_1_60' title="bbox 1761 3038 3354 3113">
     <span class='ocr_line' id='line_1_60' title="bbox 1761 3038 3354 3113; baseline -0.006 -18"><span class='ocrx_word' id='word_1_433' title='bbox 1761 3040 1913 3113; x_wconf 90' lang='lat' dir='ltr'><strong>quasi</strong></span> <span class='ocrx_word' id='word_1_434' title='bbox 1950 3041 2082 3111; x_wconf 83' lang='lat' dir='ltr'><strong>tuba</strong></span> <span class='ocrx_word' id='word_1_435' title='bbox 2129 3054 2314 3095; x_wconf 90' lang='lat' dir='ltr'><strong>vocem</strong></span> <span class='ocrx_word' id='word_1_436' title='bbox 2345 3039 2544 3094; x_wconf 82' lang='lat' dir='ltr'><strong>exalta.</strong></span> <span class='ocrx_word' id='word_1_437' title='bbox 2580 3039 2719 3094; x_wconf 88' lang='lat' dir='ltr'><strong>Ecce</strong></span> <span class='ocrx_word' id='word_1_438' title='bbox 2758 3038 2902 3092; x_wconf 91' lang='lat' dir='ltr'><strong>enim</strong></span> <span class='ocrx_word' id='word_1_439' title='bbox 2942 3038 3054 3092; x_wconf 92' lang='lat' dir='ltr'><strong>Deo</strong></span> <span class='ocrx_word' id='word_1_440' title='bbox 3096 3045 3354 3100; x_wconf 89' lang='lat' dir='ltr'><strong>auctore,.</strong></span> 
     </span>
    </p>
   </div>
   <div class='ocr_carea' id='block_1_61' title="bbox 1763 3128 3340 3202">
    <p class='ocr_par' dir='ltr' id='par_1_61' title="bbox 1763 3128 3340 3202">
     <span class='ocr_line' id='line_1_61' title="bbox 1763 3128 3340 3202; baseline -0.004 -16"><span class='ocrx_word' id='word_1_441' title='bbox 1763 3131 1950 3202; x_wconf 87' lang='lat' dir='ltr'><strong>angelo</strong></span> <span class='ocrx_word' id='word_1_442' title='bbox 1981 3143 2093 3196; x_wconf 87' lang='lat' dir='ltr'><strong>tua,</strong></span> <span class='ocrx_word' id='word_1_443' title='bbox 2123 3139 2180 3185; x_wconf 92' lang='lat' dir='ltr'><strong>ut</strong></span> <span class='ocrx_word' id='word_1_444' title='bbox 2205 3131 2476 3201; x_wconf 88' lang='lat' dir='ltr'><strong>quondam</strong></span> <span class='ocrx_word' id='word_1_445' title='bbox 2507 3130 2651 3186; x_wconf 88' lang='lat' dir='ltr'><strong>Petri</strong></span> <span class='ocrx_word' id='word_1_446' title='bbox 2682 3129 2820 3201; x_wconf 78' lang='lat' dir='ltr'><strong>(Act.</strong></span> <span class='ocrx_word' id='word_1_447' title='bbox 2854 3128 2976 3199; x_wconf 82' lang='lat' dir='ltr'><strong>xu),</strong></span> <span class='ocrx_word' id='word_1_448' title='bbox 3008 3128 3340 3199; x_wconf 88' lang='lat' dir='ltr'><strong>percntiente</strong></span> 
     </span>
    </p>
   </div>
   <div class='ocr_carea' id='block_1_62' title="bbox 107 3195 3354 3292">
    <p class='ocr_par' dir='ltr' id='par_1_62' title="bbox 107 3195 3354 3292">
     <span class='ocr_line' id='line_1_62' title="bbox 107 3195 3354 3292; baseline 0.001 -22"><span class='ocrx_word' id='word_1_449' title='bbox 107 3217 478 3274; x_wconf 83' lang='lat' dir='ltr'><strong>subsistentiam</strong></span> <span class='ocrx_word' id='word_1_450' title='bbox 528 3221 706 3290; x_wconf 91' lang='lat' dir='ltr'><strong>posui,</strong></span> <span class='ocrx_word' id='word_1_451' title='bbox 736 3237 1018 3292; x_wconf 89' lang='lat' dir='ltr'><strong>personam</strong></span> <span class='ocrx_word' id='word_1_452' title='bbox 1049 3222 1268 3292; x_wconf 83' lang='lat' dir='ltr'><strong>intelligi</strong></span> <span class='ocrx_word' id='word_1_453' title='bbox 1316 3221 1477 3276; x_wconf 81' lang='lat' dir='ltr'><strong>volui.</strong></span> <span class='ocrx_word' id='word_1_454' title='bbox 1508 3195 1732 3288; x_wconf 34' lang='lat' dir='ltr'><strong>Quod.C</strong></span> <span class='ocrx_word' id='word_1_455' title='bbox 1765 3222 1932 3288; x_wconf 85' lang='lat' dir='ltr'><strong>latera</strong></span> <span class='ocrx_word' id='word_1_456' title='bbox 1980 3223 2293 3288; x_wconf 79' lang='lat' dir='ltr'><strong>surrexisti;</strong></span> <span class='ocrx_word' id='word_1_457' title='bbox 2347 3221 2557 3276; x_wconf 87' lang='lat' dir='ltr'><strong>lumbos</strong></span> <span class='ocrx_word' id='word_1_458' title='bbox 2597 3221 2900 3287; x_wconf 81' lang='lat' dir='ltr'><strong>accinxisti,</strong></span> <span class='ocrx_word' id='word_1_459' title='bbox 2952 3220 3222 3275; x_wconf 88' lang='lat' dir='ltr'><strong>lucernam</strong></span> <span class='ocrx_word' id='word_1_460' title='bbox 3248 3234 3354 3273; x_wconf 79' lang='lat' dir='ltr'><strong>ac-&#39;</strong></span> 
     </span>
    </p>
   </div>
   <div class='ocr_carea' id='block_1_63' title="bbox 107 3309 1674 3383">
    <p class='ocr_par' dir='ltr' id='par_1_63' title="bbox 107 3309 1674 3383">
     <span class='ocr_line' id='line_1_63' title="bbox 107 3309 1674 3383; baseline 0.004 -24"><span class='ocrx_word' id='word_1_461' title='bbox 107 3311 223 3363; x_wconf 81' lang='lat' dir='ltr'><strong>enim</strong></span> <span class='ocrx_word' id='word_1_462' title='bbox 263 3309 449 3366; x_wconf 73' lang='lat' dir='ltr'><strong>Gnece</strong></span> <span class='ocrx_word' id='word_1_463' title='bbox 491 3311 793 3382; x_wconf 89' lang='lat' dir='ltr'><strong>hypostasis</strong></span> <span class='ocrx_word' id='word_1_464' title='bbox 823 3314 1037 3378; x_wconf 89' lang='lat' dir='ltr'><strong>dicitur,</strong></span> <span class='ocrx_word' id='word_1_465' title='bbox 1077 3315 1178 3368; x_wconf 92' lang='lat' dir='ltr'><strong>hoc</strong></span> <span class='ocrx_word' id='word_1_466' title='bbox 1213 3313 1450 3368; x_wconf 93' lang='lat' dir='ltr'><strong>nonnulli</strong></span> <span class='ocrx_word' id='word_1_467' title='bbox 1481 3327 1674 3383; x_wconf 44' lang='lat' dir='ltr'><strong>persas</strong></span> 
     </span>
    </p>
   </div>
   <div class='ocr_carea' id='block_1_64' title="bbox 109 3399 1659 3474">
    <p class='ocr_par' dir='ltr' id='par_1_64' title="bbox 109 3399 1659 3474">
     <span class='ocr_line' id='line_1_64' title="bbox 109 3399 1659 3474; baseline 0.006 -28"><span class='ocrx_word' id='word_1_468' title='bbox 109 3411 227 3462; x_wconf 84' lang='lat' dir='ltr'><strong>nam,</strong></span> <span class='ocrx_word' id='word_1_469' title='bbox 260 3399 499 3454; x_wconf 90' lang='lat' dir='ltr'><strong>nonnulli</strong></span> <span class='ocrx_word' id='word_1_470' title='bbox 541 3415 675 3455; x_wconf 86' lang='lat' dir='ltr'><strong>vero</strong></span> <span class='ocrx_word' id='word_1_471' title='bbox 704 3402 1103 3457; x_wconf 88' lang='lat' dir='ltr'><strong>subsistentiam</strong></span> <span class='ocrx_word' id='word_1_472' title='bbox 1148 3402 1482 3474; x_wconf 89' lang='lat' dir='ltr'><strong>interpretati</strong></span> <span class='ocrx_word' id='word_1_473' title='bbox 1514 3410 1659 3456; x_wconf 93' lang='lat' dir='ltr'><strong>sunt.</strong></span> 
     </span>
    </p>
   </div>
   <div class='ocr_carea' id='block_1_65' title="bbox 108 3484 1662 3562">
    <p class='ocr_par' dir='ltr' id='par_1_65' title="bbox 108 3484 1662 3562">
     <span class='ocr_line' id='line_1_65' title="bbox 108 3484 1662 3562; baseline 0.005 -25"><span class='ocrx_word' id='word_1_474' title='bbox 108 3484 254 3542; x_wconf 87' lang='lat' dir='ltr'><strong>Porro</strong></span> <span class='ocrx_word' id='word_1_475' title='bbox 298 3489 706 3546; x_wconf 85' lang='lat' dir='ltr'><strong>subsistentiam</strong></span> <span class='ocrx_word' id='word_1_476' title='bbox 764 3491 913 3546; x_wconf 91' lang='lat' dir='ltr'><strong>multi</strong></span> <span class='ocrx_word' id='word_1_477' title='bbox 967 3507 1274 3562; x_wconf 75' lang='lat' dir='ltr'><strong>personam,</strong></span> <span class='ocrx_word' id='word_1_478' title='bbox 1329 3491 1479 3545; x_wconf 84' lang='lat' dir='ltr'><strong>multi</strong></span> <span class='ocrx_word' id='word_1_479' title='bbox 1531 3507 1662 3545; x_wconf 88' lang='lat' dir='ltr'><strong>vero</strong></span> 
     </span>
    </p>
   </div>
   <div class='ocr_carea' id='block_1_66' title="bbox 108 3576 1664 3652">
    <p class='ocr_par' dir='ltr' id='par_1_66' title="bbox 108 3576 1664 3652">
     <span class='ocr_line' id='line_1_66' title="bbox 108 3576 1664 3652; baseline 0.005 -27"><span class='ocrx_word' id='word_1_480' title='bbox 108 3576 438 3632; x_wconf 79' lang='lat' dir='ltr'><strong>substantiam</strong></span> <span class='ocrx_word' id='word_1_481' title='bbox 467 3580 631 3634; x_wconf 88' lang='lat' dir='ltr'><strong>etiam</strong></span> <span class='ocrx_word' id='word_1_482' title='bbox 681 3578 1078 3636; x_wconf 86' lang='lat' dir='ltr'><strong>intellexerunt.</strong></span> <span class='ocrx_word' id='word_1_483' title='bbox 1128 3581 1198 3635; x_wconf 82' lang='lat' dir='ltr'><strong>At</strong></span> <span class='ocrx_word' id='word_1_484' title='bbox 1241 3582 1358 3636; x_wconf 81' lang='lat' dir='ltr'><strong>illos</strong></span> <span class='ocrx_word' id='word_1_485' title='bbox 1382 3596 1480 3652; x_wconf 81' lang='lat' dir='ltr'><strong>ego</strong></span> <span class='ocrx_word' id='word_1_486' title='bbox 1508 3595 1664 3636; x_wconf 85' lang='lat' dir='ltr'><strong>secu-</strong></span> 
     </span>
    </p>
   </div>
   <div class='ocr_carea' id='block_1_67' title="bbox 110 3664 1659 3740">
    <p class='ocr_par' dir='ltr' id='par_1_67' title="bbox 110 3664 1659 3740">
     <span class='ocr_line' id='line_1_67' title="bbox 110 3664 1659 3740; baseline 0.005 -25"><span class='ocrx_word' id='word_1_487' title='bbox 110 3669 193 3726; x_wconf 84' lang='lat' dir='ltr'><strong>tus,</strong></span> <span class='ocrx_word' id='word_1_488' title='bbox 212 3664 302 3733; x_wconf 88' lang='lat' dir='ltr'><strong>qui</strong></span> <span class='ocrx_word' id='word_1_489' title='bbox 325 3667 727 3722; x_wconf 89' lang='lat' dir='ltr'><strong>subsistentiam</strong></span> <span class='ocrx_word' id='word_1_490' title='bbox 745 3685 846 3723; x_wconf 92' lang='lat' dir='ltr'><strong>non</strong></span> <span class='ocrx_word' id='word_1_491' title='bbox 863 3668 1236 3732; x_wconf 88' lang='lat' dir='ltr'><strong>substantiam,</strong></span> <span class='ocrx_word' id='word_1_492' title='bbox 1254 3671 1346 3726; x_wconf 87' lang='lat' dir='ltr'><strong>sed</strong></span> <span class='ocrx_word' id='word_1_493' title='bbox 1372 3683 1659 3740; x_wconf 91' lang='lat' dir='ltr'><strong>personam</strong></span> 
     </span>
    </p>
   </div>
   <div class='ocr_carea' id='block_1_68' title="bbox 109 3751 1663 3830">
    <p class='ocr_par' dir='ltr' id='par_1_68' title="bbox 109 3751 1663 3830">
     <span class='ocr_line' id='line_1_68' title="bbox 109 3751 1663 3830; baseline 0.008 -28"><span class='ocrx_word' id='word_1_494' title='bbox 109 3751 302 3826; x_wconf 79' lang='lat' dir='ltr'><strong>intelligi</strong></span> <span class='ocrx_word' id='word_1_495' title='bbox 345 3757 631 3813; x_wconf 86' lang='lat' dir='ltr'><strong>voluerunt</strong></span> <span class='ocrx_word' id='word_1_496' title='bbox 675 3759 876 3830; x_wconf 88' lang='lat' dir='ltr'><strong>(magni</strong></span> <span class='ocrx_word' id='word_1_497' title='bbox 918 3761 1113 3830; x_wconf 89' lang='lat' dir='ltr'><strong>quippe</strong></span> <span class='ocrx_word' id='word_1_498' title='bbox 1145 3760 1314 3828; x_wconf 89' lang='lat' dir='ltr'><strong>sunt),</strong></span> <span class='ocrx_word' id='word_1_499' title='bbox 1355 3760 1663 3828; x_wconf 90' lang='lat' dir='ltr'><strong>ubicunque</strong></span> 
     </span>
    </p>
   </div>
   <div class='ocr_carea' id='block_1_69' title="bbox 108 3841 1663 3920">
    <p class='ocr_par' dir='ltr' id='par_1_69' title="bbox 108 3841 1663 3920">
     <span class='ocr_line' id='line_1_69' title="bbox 108 3841 1663 3920; baseline 0.003 -23"><span class='ocrx_word' id='word_1_500' title='bbox 108 3841 270 3901; x_wconf 71' lang='lat' dir='ltr'><strong>Gnece</strong></span> <span class='ocrx_word' id='word_1_501' title='bbox 317 3847 369 3901; x_wconf 94' lang='lat' dir='ltr'><strong>in</strong></span> <span class='ocrx_word' id='word_1_502' title='bbox 404 3848 504 3902; x_wconf 89' lang='lat' dir='ltr'><strong>hoc</strong></span> <span class='ocrx_word' id='word_1_503' title='bbox 547 3848 739 3904; x_wconf 91' lang='lat' dir='ltr'><strong>codice</strong></span> <span class='ocrx_word' id='word_1_504' title='bbox 780 3850 1108 3920; x_wconf 88' lang='lat' dir='ltr'><strong>hypostasim</strong></span> <span class='ocrx_word' id='word_1_505' title='bbox 1158 3851 1355 3920; x_wconf 88' lang='lat' dir='ltr'><strong>reperi,</strong></span> <span class='ocrx_word' id='word_1_506' title='bbox 1397 3850 1448 3904; x_wconf 92' lang='lat' dir='ltr'><strong>in</strong></span> <span class='ocrx_word' id='word_1_507' title='bbox 1485 3849 1663 3904; x_wconf 84' lang='lat' dir='ltr'><strong>subsi-</strong></span> 
     </span>
    </p>
   </div>
   <div class='ocr_carea' id='block_1_70' title="bbox 1764 3309 3355 3380">
    <p class='ocr_par' dir='ltr' id='par_1_70' title="bbox 1764 3309 3355 3380">
     <span class='ocr_line' id='line_1_70' title="bbox 1764 3309 3355 3380; baseline -0.002 -15"><span class='ocrx_word' id='word_1_508' title='bbox 1764 3310 2016 3377; x_wconf 90' lang='lat' dir='ltr'><strong>ccndisti,</strong></span> <span class='ocrx_word' id='word_1_509' title='bbox 2050 3311 2164 3366; x_wconf 87' lang='lat' dir='ltr'><strong>zelo</strong></span> <span class='ocrx_word' id='word_1_510' title='bbox 2212 3311 2306 3365; x_wconf 91' lang='lat' dir='ltr'><strong>Dei</strong></span> <span class='ocrx_word' id='word_1_511' title='bbox 2347 3311 2668 3366; x_wconf 89' lang='lat' dir='ltr'><strong>comederis.</strong></span> <span class='ocrx_word' id='word_1_512' title='bbox 2719 3309 2976 3380; x_wconf 88' lang='lat' dir='ltr'><strong>Superest</strong></span> <span class='ocrx_word' id='word_1_513' title='bbox 3021 3317 3250 3373; x_wconf 90' lang='lat' dir='ltr'><strong>tantum,</strong></span> <span class='ocrx_word' id='word_1_514' title='bbox 3284 3316 3355 3362; x_wconf 87' lang='lat' dir='ltr'><strong>nt-</strong></span> 
     </span>
    </p>
   </div>
   <div class='ocr_carea' id='block_1_71' title="bbox 1766 3400 3458 3472">
    <p class='ocr_par' dir='ltr' id='par_1_71' title="bbox 1766 3400 3458 3472">
     <span class='ocr_line' id='line_1_71' title="bbox 1766 3400 3458 3472; baseline -0.002 -19"><span class='ocrx_word' id='word_1_515' title='bbox 1766 3400 1924 3456; x_wconf 92' lang='lat' dir='ltr'><strong>ﬁdem</strong></span> <span class='ocrx_word' id='word_1_516' title='bbox 1979 3417 2139 3472; x_wconf 91' lang='lat' dir='ltr'><strong>quam</strong></span> <span class='ocrx_word' id='word_1_517' title='bbox 2193 3401 2401 3465; x_wconf 87' lang='lat' dir='ltr'><strong>credis,</strong></span> <span class='ocrx_word' id='word_1_518' title='bbox 2451 3401 2686 3464; x_wconf 86' lang='lat' dir='ltr'><strong>doceas;</strong></span> <span class='ocrx_word' id='word_1_519' title='bbox 2741 3401 2882 3468; x_wconf 83' lang='lat' dir='ltr'><strong>viam</strong></span> <span class='ocrx_word' id='word_1_520' title='bbox 2935 3413 3095 3468; x_wconf 91' lang='lat' dir='ltr'><strong>quam</strong></span> <span class='ocrx_word' id='word_1_521' title='bbox 3155 3406 3355 3460; x_wconf 91' lang='lat' dir='ltr'><strong>tenes,.</strong></span> <span class='ocrx_word' id='word_1_522' title='bbox 3451 3411 3458 3416; x_wconf 80' lang='lat'><em>‘</em></span> 
     </span>
    </p>
   </div>
   <div class='ocr_carea' id='block_1_72' title="bbox 1763 3485 3356 3560">
    <p class='ocr_par' dir='ltr' id='par_1_72' title="bbox 1763 3485 3356 3560">
     <span class='ocr_line' id='line_1_72' title="bbox 1763 3485 3356 3560; baseline -0.004 -14"><span class='ocrx_word' id='word_1_523' title='bbox 1763 3492 1970 3546; x_wconf 91' lang='lat' dir='ltr'><strong>cunctis</strong></span> <span class='ocrx_word' id='word_1_524' title='bbox 2014 3491 2308 3546; x_wconf 91' lang='lat' dir='ltr'><strong>ostendas:</strong></span> <span class='ocrx_word' id='word_1_525' title='bbox 2345 3499 2608 3560; x_wconf 87' lang='lat' dir='ltr'><strong>quatenus</strong></span> <span class='ocrx_word' id='word_1_526' title='bbox 2659 3490 2770 3545; x_wconf 90' lang='lat' dir='ltr'><strong>Deo</strong></span> <span class='ocrx_word' id='word_1_527' title='bbox 2825 3497 3066 3552; x_wconf 89' lang='lat' dir='ltr'><strong>auctore,</strong></span> <span class='ocrx_word' id='word_1_528' title='bbox 3123 3495 3174 3541; x_wconf 93' lang='lat' dir='ltr'><strong>te</strong></span> <span class='ocrx_word' id='word_1_529' title='bbox 3229 3485 3356 3540; x_wconf 85' lang='lat' dir='ltr'><strong>ﬁlio</strong></span> 
     </span>
    </p>
   </div>
   <div class='ocr_carea' id='block_1_73' title="bbox 1762 3577 3354 3654">
    <p class='ocr_par' dir='ltr' id='par_1_73' title="bbox 1762 3577 3354 3654">
     <span class='ocr_line' id='line_1_73' title="bbox 1762 3577 3354 3654; baseline -0.002 -15"><span class='ocrx_word' id='word_1_530' title='bbox 1762 3599 2134 3650; x_wconf 79' lang='lat' dir='ltr'><strong>excussorum,</strong></span> <span class='ocrx_word' id='word_1_531' title='bbox 2183 3584 2563 3654; x_wconf 89' lang='lat' dir='ltr'><strong>prophetarum</strong></span> <span class='ocrx_word' id='word_1_532' title='bbox 2609 3582 2814 3637; x_wconf 89' lang='lat' dir='ltr'><strong>scilicet</strong></span> <span class='ocrx_word' id='word_1_533' title='bbox 2853 3589 2906 3636; x_wconf 88' lang='lat' dir='ltr'><strong>et</strong></span> <span class='ocrx_word' id='word_1_534' title='bbox 2951 3577 3354 3649; x_wconf 85' lang='lat' dir='ltr'><strong>apostolorum,:</strong></span> 
     </span>
    </p>
   </div>
   <div class='ocr_carea' id='block_1_74' title="bbox 1764 3665 3357 3746">
    <p class='ocr_par' dir='ltr' id='par_1_74' title="bbox 1764 3665 3357 3746">
     <span class='ocr_line' id='line_1_74' title="bbox 1764 3665 3357 3746; baseline -0.007 -18"><span class='ocrx_word' id='word_1_535' title='bbox 1764 3674 2005 3738; x_wconf 89' lang='lat' dir='ltr'><strong>ductore,</strong></span> <span class='ocrx_word' id='word_1_536' title='bbox 2055 3690 2152 3746; x_wconf 91' lang='lat' dir='ltr'><strong>per</strong></span> <span class='ocrx_word' id='word_1_537' title='bbox 2179 3674 2321 3728; x_wconf 86' lang='lat' dir='ltr'><strong>invia</strong></span> <span class='ocrx_word' id='word_1_538' title='bbox 2370 3688 2468 3729; x_wconf 93' lang='lat' dir='ltr'><strong>nos</strong></span> <span class='ocrx_word' id='word_1_539' title='bbox 2495 3686 2684 3727; x_wconf 88' lang='lat' dir='ltr'><strong>omnes</strong></span> <span class='ocrx_word' id='word_1_540' title='bbox 2709 3669 2909 3726; x_wconf 87' lang='lat' dir='ltr'><strong>Christi</strong></span> <span class='ocrx_word' id='word_1_541' title='bbox 2939 3683 3069 3724; x_wconf 89' lang='lat' dir='ltr'><strong>oves</strong></span> <span class='ocrx_word' id='word_1_542' title='bbox 3102 3665 3357 3722; x_wconf 60' lang='lat' dir='ltr'><strong>solertia.</strong></span> 
     </span>
    </p>
   </div>
   <div class='ocr_carea' id='block_1_75' title="bbox 1765 3755 3354 3834">
    <p class='ocr_par' dir='ltr' id='par_1_75' title="bbox 1765 3755 3354 3834">
     <span class='ocr_line' id='line_1_75' title="bbox 1765 3755 3354 3834; baseline -0.006 -15"><span class='ocrx_word' id='word_1_543' title='bbox 1765 3775 1868 3820; x_wconf 75' lang='lat' dir='ltr'><strong>tuze</strong></span> <span class='ocrx_word' id='word_1_544' title='bbox 1908 3780 2003 3834; x_wconf 90' lang='lat' dir='ltr'><strong>per</strong></span> <span class='ocrx_word' id='word_1_545' title='bbox 2035 3763 2253 3820; x_wconf 87' lang='lat' dir='ltr'><strong>Petrum</strong></span> <span class='ocrx_word' id='word_1_546' title='bbox 2298 3771 2354 3819; x_wconf 90' lang='lat' dir='ltr'><strong>et</strong></span> <span class='ocrx_word' id='word_1_547' title='bbox 2397 3763 2449 3818; x_wconf 94' lang='lat' dir='ltr'><strong>in</strong></span> <span class='ocrx_word' id='word_1_548' title='bbox 2492 3771 2642 3832; x_wconf 87' lang='lat' dir='ltr'><strong>petra</strong></span> <span class='ocrx_word' id='word_1_549' title='bbox 2698 3759 3017 3822; x_wconf 74' lang='lat' dir='ltr'><strong>commissae,</strong></span> <span class='ocrx_word' id='word_1_550' title='bbox 3068 3755 3354 3812; x_wconf 72' lang='lat' dir='ltr'><strong>inoll‘ensis-</strong></span> 
     </span>
    </p>
   </div>
   <div class='ocr_carea' id='block_1_76' title="bbox 1762 3843 3356 3928">
    <p class='ocr_par' dir='ltr' id='par_1_76' title="bbox 1762 3843 3356 3928">
     <span class='ocr_line' id='line_1_76' title="bbox 1762 3843 3356 3928; baseline -0.004 -17"><span class='ocrx_word' id='word_1_551' title='bbox 1762 3855 2036 3928; x_wconf 88' lang='lat' dir='ltr'><strong>gress&#39;bus</strong></span> <span class='ocrx_word' id='word_1_552' title='bbox 2083 3854 2414 3918; x_wconf 89' lang='lat' dir='ltr'><strong>incedamus,</strong></span> <span class='ocrx_word' id='word_1_553' title='bbox 2457 3843 2620 3907; x_wconf 30' lang='lat' dir='ltr'><strong>et‘ad</strong></span> <span class='ocrx_word' id='word_1_554' title='bbox 2668 3865 2878 3905; x_wconf 71' lang='lat' dir='ltr'><strong>ammna</strong></span> <span class='ocrx_word' id='word_1_555' title='bbox 2921 3849 3046 3902; x_wconf 71' lang='lat' dir='ltr'><strong>vitze</strong></span> <span class='ocrx_word' id='word_1_556' title='bbox 3087 3844 3356 3917; x_wconf 59' lang='lat' dir='ltr'><strong>perennis.</strong></span> 
     </span>
    </p>
   </div>
   <div class='ocr_carea' id='block_1_77' title="bbox 109 3937 1660 4011">
    <p class='ocr_par' dir='ltr' id='par_1_77' title="bbox 109 3937 1660 4011">
     <span class='ocr_line' id='line_1_77' title="bbox 109 3937 1660 4011; baseline 0.005 -25"><span class='ocrx_word' id='word_1_557' title='bbox 109 3937 338 3992; x_wconf 87' lang='lat' dir='ltr'><strong>stcntiam</strong></span> <span class='ocrx_word' id='word_1_558' title='bbox 392 3940 662 4005; x_wconf 85' lang='lat' dir='ltr'><strong>transtuli,</strong></span> <span class='ocrx_word' id='word_1_559' title='bbox 719 3941 855 3996; x_wconf 90' lang='lat' dir='ltr'><strong>hanc</strong></span> <span class='ocrx_word' id='word_1_560' title='bbox 889 3945 1222 4011; x_wconf 86' lang='lat' dir='ltr'><strong>personam,</strong></span> <span class='ocrx_word' id='word_1_561' title='bbox 1270 3941 1410 3995; x_wconf 90' lang='lat' dir='ltr'><strong>sicut</strong></span> <span class='ocrx_word' id='word_1_562' title='bbox 1459 3947 1513 3994; x_wconf 93' lang='lat' dir='ltr'><strong>et</strong></span> <span class='ocrx_word' id='word_1_563' title='bbox 1569 3939 1660 3993; x_wconf 90' lang='lat' dir='ltr'><strong>alii</strong></span> 
     </span>
    </p>
   </div>
   <div class='ocr_carea' id='block_1_78' title="bbox 110 4027 1661 4102">
    <p class='ocr_par' dir='ltr' id='par_1_78' title="bbox 110 4027 1661 4102">
     <span class='ocr_line' id='line_1_78' title="bbox 110 4027 1661 4102; baseline 0.006 -26"><span class='ocrx_word' id='word_1_564' title='bbox 110 4027 478 4096; x_wconf 85' lang='lat' dir='ltr'><strong>quamplurimi,</strong></span> <span class='ocrx_word' id='word_1_565' title='bbox 495 4031 686 4085; x_wconf 86' lang='lat' dir='ltr'><strong>volens</strong></span> <span class='ocrx_word' id='word_1_566' title='bbox 710 4029 952 4101; x_wconf 85' lang='lat' dir='ltr'><strong>intelligi.</strong></span> <span class='ocrx_word' id='word_1_567' title='bbox 970 4031 1138 4085; x_wconf 90' lang='lat' dir='ltr'><strong>Tanta</strong></span> <span class='ocrx_word' id='word_1_568' title='bbox 1159 4031 1323 4102; x_wconf 86' lang='lat' dir='ltr'><strong>igitur</strong></span> <span class='ocrx_word' id='word_1_569' title='bbox 1338 4030 1661 4085; x_wconf 88' lang='lat' dir='ltr'><strong>auctoritate</strong></span> 
     </span>
    </p>
   </div>
   <div class='ocr_carea' id='block_1_79' title="bbox 109 4119 1658 4193">
    <p class='ocr_par' dir='ltr' id='par_1_79' title="bbox 109 4119 1658 4193">
     <span class='ocr_line' id='line_1_79' title="bbox 109 4119 1658 4193; baseline 0.004 -26"><span class='ocrx_word' id='word_1_570' title='bbox 109 4127 268 4171; x_wconf 83' lang='lat' dir='ltr'><strong>sancta</strong></span> <span class='ocrx_word' id='word_1_571' title='bbox 296 4119 530 4176; x_wconf 85' lang='lat' dir='ltr'><strong>Ecclesia</strong></span> <span class='ocrx_word' id='word_1_572' title='bbox 557 4123 783 4191; x_wconf 62' lang='lat' dir='ltr'><strong>praedita</strong></span> <span class='ocrx_word' id='word_1_573' title='bbox 810 4139 912 4176; x_wconf 91' lang='lat' dir='ltr'><strong>non</strong></span> <span class='ocrx_word' id='word_1_574' title='bbox 942 4131 1118 4193; x_wconf 89' lang='lat' dir='ltr'><strong>potest</strong></span> <span class='ocrx_word' id='word_1_575' title='bbox 1147 4121 1484 4177; x_wconf 90' lang='lat' dir='ltr'><strong>dissimulare</strong></span> <span class='ocrx_word' id='word_1_576' title='bbox 1509 4139 1520 4173; x_wconf 94' lang='lat'><strong>:</strong></span> <span class='ocrx_word' id='word_1_577' title='bbox 1555 4136 1658 4174; x_wconf 92' lang='lat' dir='ltr'><strong>non</strong></span> 
     </span>
    </p>
   </div>
   <div class='ocr_carea' id='block_1_80' title="bbox 109 4213 1658 4285">
    <p class='ocr_par' dir='ltr' id='par_1_80' title="bbox 109 4213 1658 4285">
     <span class='ocr_line' id='line_1_80' title="bbox 109 4213 1658 4285; baseline 0.003 -22"><span class='ocrx_word' id='word_1_578' title='bbox 109 4219 264 4274; x_wconf 82' lang='lat' dir='ltr'><strong>potest</strong></span> <span class='ocrx_word' id='word_1_579' title='bbox 289 4213 508 4284; x_wconf 88' lang='lat' dir='ltr'><strong>quisque</strong></span> <span class='ocrx_word' id='word_1_580' title='bbox 535 4223 716 4270; x_wconf 89' lang='lat' dir='ltr'><strong>semet</strong></span> <span class='ocrx_word' id='word_1_581' title='bbox 745 4215 1134 4270; x_wconf 88' lang='lat' dir='ltr'><strong>rationabiliter</strong></span> <span class='ocrx_word' id='word_1_582' title='bbox 1169 4214 1236 4268; x_wconf 89' lang='lat' dir='ltr'><strong>ab</strong></span> <span class='ocrx_word' id='word_1_583' title='bbox 1263 4214 1555 4285; x_wconf 90' lang='lat' dir='ltr'><strong>imaginum</strong></span> <span class='ocrx_word' id='word_1_584' title='bbox 1579 4229 1658 4267; x_wconf 89' lang='lat' dir='ltr'><strong>sa-</strong></span> 
     </span>
    </p>
   </div>
   <div class='ocr_carea' id='block_1_81' title="bbox 108 4306 1661 4376">
    <p class='ocr_par' dir='ltr' id='par_1_81' title="bbox 108 4306 1661 4376">
     <span class='ocr_line' id='line_1_81' title="bbox 108 4306 1661 4376; baseline 0.005 -22"><span class='ocrx_word' id='word_1_585' title='bbox 108 4313 296 4356; x_wconf 84' lang='lat' dir='ltr'><strong>cramm</strong></span> <span class='ocrx_word' id='word_1_586' title='bbox 341 4306 658 4360; x_wconf 88' lang='lat' dir='ltr'><strong>adoratione</strong></span> <span class='ocrx_word' id='word_1_587' title='bbox 707 4316 970 4361; x_wconf 76' lang='lat' dir='ltr'><strong>avertere.</strong></span> <span class='ocrx_word' id='word_1_588' title='bbox 997 4307 1248 4376; x_wconf 85' lang='lat' dir='ltr'><strong>Alioquin</strong></span> <span class='ocrx_word' id='word_1_589' title='bbox 1296 4315 1474 4361; x_wconf 86' lang='lat' dir='ltr'><strong>vestra</strong></span> <span class='ocrx_word' id='word_1_590' title='bbox 1503 4306 1661 4361; x_wconf 90' lang='lat' dir='ltr'><strong>debet</strong></span> 
     </span>
    </p>
   </div>
   <div class='ocr_carea' id='block_1_82' title="bbox 112 4387 1656 4466">
    <p class='ocr_par' dir='ltr' id='par_1_82' title="bbox 112 4387 1656 4466">
     <span class='ocr_line' id='line_1_82' title="bbox 112 4387 1656 4466; baseline 0.006 -26"><span class='ocrx_word' id='word_1_591' title='bbox 112 4387 184 4456; x_wconf 86' lang='lat' dir='ltr'><strong>pia</strong></span> <span class='ocrx_word' id='word_1_592' title='bbox 207 4388 426 4447; x_wconf 85' lang='lat' dir='ltr'><strong>doctrina</strong></span> <span class='ocrx_word' id='word_1_593' title='bbox 473 4394 689 4460; x_wconf 86' lang='lat' dir='ltr'><strong>doceri,</strong></span> <span class='ocrx_word' id='word_1_594' title='bbox 731 4408 1069 4466; x_wconf 88' lang='lat' dir='ltr'><strong>censuraque</strong></span> <span class='ocrx_word' id='word_1_595' title='bbox 1110 4395 1398 4464; x_wconf 88' lang='lat' dir='ltr'><strong>apostolica</strong></span> <span class='ocrx_word' id='word_1_596' title='bbox 1440 4396 1656 4466; x_wconf 87' lang='lat' dir='ltr'><strong>corrigi.</strong></span> 
     </span>
    </p>
   </div>
   <div class='ocr_carea' id='block_1_83' title="bbox 1761 3942 3356 4021">
    <p class='ocr_par' dir='ltr' id='par_1_83' title="bbox 1761 3942 3356 4021">
     <span class='ocr_line' id='line_1_83' title="bbox 1761 3942 3356 4021; baseline -0.005 -18"><span class='ocrx_word' id='word_1_597' title='bbox 1761 3963 1960 4021; x_wconf 88' lang='lat' dir='ltr'><strong>pascua</strong></span> <span class='ocrx_word' id='word_1_598' title='bbox 1989 3947 2205 4004; x_wconf 89' lang='lat' dir='ltr'><strong>Christo</strong></span> <span class='ocrx_word' id='word_1_599' title='bbox 2234 3947 2531 4016; x_wconf 89' lang='lat' dir='ltr'><strong>aperiente,</strong></span> <span class='ocrx_word' id='word_1_600' title='bbox 2569 3944 2662 4016; x_wconf 89' lang='lat' dir='ltr'><strong>qui</strong></span> <span class='ocrx_word' id='word_1_601' title='bbox 2689 3943 2868 3999; x_wconf 90' lang='lat' dir='ltr'><strong>claves</strong></span> <span class='ocrx_word' id='word_1_602' title='bbox 2891 3943 3038 4014; x_wconf 82' lang='lat' dir='ltr'><strong>regni</strong></span> <span class='ocrx_word' id='word_1_603' title='bbox 3066 3943 3118 3997; x_wconf 94' lang='lat' dir='ltr'><strong>in</strong></span> <span class='ocrx_word' id='word_1_604' title='bbox 3150 3942 3264 4011; x_wconf 88' lang='lat' dir='ltr'><strong>ipso</strong></span> <span class='ocrx_word' id='word_1_605' title='bbox 3284 3949 3356 3996; x_wconf 55' lang='lat' dir='ltr'><strong>et.</strong></span> 
     </span>
    </p>
   </div>
   <div class='ocr_carea' id='block_1_84' title="bbox 1761 4035 3361 4110">
    <p class='ocr_par' dir='ltr' id='par_1_84' title="bbox 1761 4035 3361 4110">
     <span class='ocr_line' id='line_1_84' title="bbox 1761 4035 3361 4110; baseline -0.004 -17"><span class='ocrx_word' id='word_1_606' title='bbox 1761 4055 1860 4109; x_wconf 90' lang='lat' dir='ltr'><strong>per</strong></span> <span class='ocrx_word' id='word_1_607' title='bbox 1890 4041 2063 4110; x_wconf 87' lang='lat' dir='ltr'><strong>ipsum</strong></span> <span class='ocrx_word' id='word_1_608' title='bbox 2103 4039 2196 4094; x_wconf 92' lang='lat' dir='ltr'><strong>tibi</strong></span> <span class='ocrx_word' id='word_1_609' title='bbox 2234 4038 2474 4104; x_wconf 78' lang='lat' dir='ltr'><strong>tradidit,</strong></span> <span class='ocrx_word' id='word_1_610' title='bbox 2511 4035 2746 4094; x_wconf 78' lang='lat' dir='ltr'><strong>feliciter</strong></span> <span class='ocrx_word' id='word_1_611' title='bbox 2775 4035 2980 4106; x_wconf 82' lang='lat' dir='ltr'><strong>ingredi</strong></span> <span class='ocrx_word' id='word_1_612' title='bbox 3013 4047 3361 4088; x_wconf 84' lang='lat' dir='ltr'><strong>mereamur.-</strong></span> 
     </span>
    </p>
   </div>
   <div class='ocr_carea' id='block_1_85' title="bbox 1760 4125 3360 4198">
    <p class='ocr_par' dir='ltr' id='par_1_85' title="bbox 1760 4125 3360 4198">
     <span class='ocr_line' id='line_1_85' title="bbox 1760 4125 3360 4198; baseline -0.004 -16"><span class='ocrx_word' id='word_1_613' title='bbox 1760 4128 2134 4198; x_wconf 82' lang='lat' dir='ltr'><strong>Apostolatum</strong></span> <span class='ocrx_word' id='word_1_614' title='bbox 2158 4137 2395 4184; x_wconf 88' lang='lat' dir='ltr'><strong>vestrum</strong></span> <span class='ocrx_word' id='word_1_615' title='bbox 2424 4127 2491 4183; x_wconf 89' lang='lat' dir='ltr'><strong>ad</strong></span> <span class='ocrx_word' id='word_1_616' title='bbox 2515 4127 2899 4182; x_wconf 83' lang='lat' dir='ltr'><strong>exaltationem</strong></span> <span class='ocrx_word' id='word_1_617' title='bbox 2929 4125 3181 4180; x_wconf 76' lang='lat' dir='ltr'><strong>Ecclesia:</strong></span> <span class='ocrx_word' id='word_1_618' title='bbox 3205 4138 3360 4187; x_wconf 49' lang='grc' dir='ltr'><em>ειιςεκ</em></span> 
     </span>
    </p>
   </div>
   <div class='ocr_carea' id='block_1_86' title="bbox 1761 4219 3340 4290">
    <p class='ocr_par' dir='ltr' id='par_1_86' title="bbox 1761 4219 3340 4290">
     <span class='ocr_line' id='line_1_86' title="bbox 1761 4219 3340 4290; baseline -0.001 -17"><span class='ocrx_word' id='word_1_619' title='bbox 1761 4235 1825 4275; x_wconf 89' lang='lat' dir='ltr'><strong>ac</strong></span> <span class='ocrx_word' id='word_1_620' title='bbox 1869 4235 2208 4275; x_wconf 90' lang='lat' dir='ltr'><strong>communem</strong></span> <span class='ocrx_word' id='word_1_621' title='bbox 2254 4231 2499 4277; x_wconf 88' lang='lat' dir='ltr'><strong>nostrum</strong></span> <span class='ocrx_word' id='word_1_622' title='bbox 2529 4222 2781 4286; x_wconf 87' lang='lat' dir='ltr'><strong>salutem,</strong></span> <span class='ocrx_word' id='word_1_623' title='bbox 2807 4235 2905 4290; x_wconf 88' lang='lat' dir='ltr'><strong>per</strong></span> <span class='ocrx_word' id='word_1_624' title='bbox 2931 4219 3129 4274; x_wconf 89' lang='lat' dir='ltr'><strong>multos</strong></span> <span class='ocrx_word' id='word_1_625' title='bbox 3169 4231 3340 4271; x_wconf 90' lang='lat' dir='ltr'><strong>annos</strong></span> 
     </span>
    </p>
   </div>
   <div class='ocr_carea' id='block_1_87' title="bbox 1762 4311 3334 4381">
    <p class='ocr_par' dir='ltr' id='par_1_87' title="bbox 1762 4311 3334 4381">
     <span class='ocr_line' id='line_1_87' title="bbox 1762 4311 3334 4381; baseline 0.002 -18"><span class='ocrx_word' id='word_1_626' title='bbox 1762 4311 1932 4380; x_wconf 87' lang='lat' dir='ltr'><strong>gratia</strong></span> <span class='ocrx_word' id='word_1_627' title='bbox 1957 4327 2190 4381; x_wconf 88' lang='lat' dir='ltr'><strong>superna</strong></span> <span class='ocrx_word' id='word_1_628' title='bbox 2218 4313 2503 4378; x_wconf 87' lang='lat' dir='ltr'><strong>custodiat,</strong></span> <span class='ocrx_word' id='word_1_629' title='bbox 2530 4313 2746 4369; x_wconf 90' lang='lat' dir='ltr'><strong>domine</strong></span> <span class='ocrx_word' id='word_1_630' title='bbox 2766 4311 3107 4368; x_wconf 88' lang='lat' dir='ltr'><strong>sanctissime</strong></span> <span class='ocrx_word' id='word_1_631' title='bbox 3131 4323 3288 4380; x_wconf 86' lang='lat' dir='ltr'><strong>papa.</strong></span> <span class='ocrx_word' id='word_1_632' title='bbox 3331 4319 3334 4322; x_wconf 81' lang='grc'><strong>’</strong></span> 
     </span>
    </p>
   </div>
   <div class='ocr_carea' id='block_1_88' title="bbox 3091 4567 3334 4585">
    <p class='ocr_par' dir='ltr' id='par_1_88' title="bbox 3091 4567 3334 4585">
     <span class='ocr_line' id='line_1_88' title="bbox 3091 4567 3334 4585; baseline 0 0"><span class='ocrx_word' id='word_1_633' title='bbox 3091 4567 3334 4585; x_wconf 52' lang='grc'><strong>-“</strong></span> 
     </span>
    </p>
   </div>
   <div class='ocr_carea' id='block_1_89' title="bbox 124 4565 3075 4594">
    <p class='ocr_par' dir='ltr' id='par_1_89' title="bbox 124 4565 3075 4594">
     <span class='ocr_line' id='line_1_89' title="bbox 124 4565 3075 4594; baseline -0.003 -7"><span class='ocrx_word' id='word_1_634' title='bbox 124 4565 3075 4594; x_wconf 55' lang='lat' dir='ltr'>ww</span> 
     </span>
    </p>
   </div>
   <div class='ocr_carea' id='block_1_90' title="bbox 1513 4763 1885 4840">
    <p class='ocr_par' dir='ltr' id='par_1_90' title="bbox 1513 4763 1885 4840">
     <span class='ocr_line' id='line_1_90' title="bbox 1513 4763 1885 4840; baseline 0.008 -3"><span class='ocrx_word' id='word_1_635' title='bbox 1513 4763 1885 4840; x_wconf 90' lang='lat' dir='ltr'><strong>TlTULI</strong></span> 
     </span>
    </p>
   </div>
   <div class='ocr_carea' id='block_1_91' title="bbox 807 4933 2612 5015">
    <p class='ocr_par' dir='ltr' id='par_1_91' title="bbox 807 4933 2612 5015">
     <span class='ocr_line' id='line_1_91' title="bbox 807 4933 2612 5015; baseline 0.004 -21"><span class='ocrx_word' id='word_1_636' title='bbox 807 4933 1196 5014; x_wconf 75' lang='lat' dir='ltr'><strong>designanles</strong></span> <span class='ocrx_word' id='word_1_637' title='bbox 1231 4935 1297 4995; x_wconf 80' lang='lat' dir='ltr'><strong>in</strong></span> <span class='ocrx_word' id='word_1_638' title='bbox 1331 4934 1502 4995; x_wconf 75' lang='lat' dir='ltr'><strong>brevi</strong></span> <span class='ocrx_word' id='word_1_639' title='bbox 1537 4954 1670 5015; x_wconf 67' lang='lat' dir='ltr'><strong>qua</strong></span> <span class='ocrx_word' id='word_1_640' title='bbox 1699 4936 1763 4995; x_wconf 81' lang='lat' dir='ltr'><strong>in</strong></span> <span class='ocrx_word' id='word_1_641' title='bbox 1799 4935 1912 4998; x_wconf 81' lang='lat' dir='ltr'><strong>hoc</strong></span> <span class='ocrx_word' id='word_1_642' title='bbox 1950 4935 2161 4999; x_wconf 75' lang='lat' dir='ltr'><strong>codice</strong></span> <span class='ocrx_word' id='word_1_643' title='bbox 2190 4939 2612 5002; x_wconf 70' lang='lat' dir='ltr'><strong>continentur.</strong></span> 
     </span>
    </p>
   </div>
   <div class='ocr_carea' id='block_1_92' title="bbox 100 5221 3358 5310">
    <p class='ocr_par' dir='ltr' id='par_1_92' title="bbox 100 5221 3358 5310">
     <span class='ocr_line' id='line_1_92' title="bbox 100 5221 3358 5310; baseline 0.002 -29"><span class='ocrx_word' id='word_1_644' title='bbox 100 5305 103 5310; x_wconf 75' lang='lat'>_</span> <span class='ocrx_word' id='word_1_645' title='bbox 158 5225 302 5286; x_wconf 82' lang='lat' dir='ltr'><strong>Prima</strong></span> <span class='ocrx_word' id='word_1_646' title='bbox 325 5233 461 5288; x_wconf 90' lang='lat' dir='ltr'><strong>actio</strong></span> <span class='ocrx_word' id='word_1_647' title='bbox 488 5229 758 5290; x_wconf 82' lang='lat' dir='ltr'><strong>continet</strong></span> <span class='ocrx_word' id='word_1_648' title='bbox 795 5221 1102 5278; x_wconf 88' lang='lat' dir='ltr'><strong>testimonia</strong></span> <span class='ocrx_word' id='word_1_649' title='bbox 1150 5225 1484 5279; x_wconf 88' lang='lat' dir='ltr'><strong>diversarum</strong></span> <span class='ocrx_word' id='word_1_650' title='bbox 1529 5241 1652 5295; x_wconf 86' lang='lat' dir='ltr'><strong>pro-</strong></span> <span class='ocrx_word' id='word_1_651' title='bbox 1684 5226 1734 5285; x_wconf 83' lang='grc' dir='ltr'><strong>Ι)</strong></span> <span class='ocrx_word' id='word_1_652' title='bbox 1760 5241 1945 5284; x_wconf 91' lang='lat' dir='ltr'><strong>carum</strong></span> <span class='ocrx_word' id='word_1_653' title='bbox 1990 5242 2308 5288; x_wconf 85' lang='lat' dir='ltr'><strong>cunctorum</strong></span> <span class='ocrx_word' id='word_1_654' title='bbox 2351 5231 2694 5287; x_wconf 88' lang='lat' dir='ltr'><strong>sacerdotum</strong></span> <span class='ocrx_word' id='word_1_655' title='bbox 2743 5226 2832 5294; x_wconf 86' lang='lat' dir='ltr'><strong>qui</strong></span> <span class='ocrx_word' id='word_1_656' title='bbox 2869 5225 3237 5292; x_wconf 81' lang='lat' dir='ltr'><strong>interfuerunt</strong></span> <span class='ocrx_word' id='word_1_657' title='bbox 3271 5241 3358 5301; x_wconf 83' lang='lat' dir='ltr'><strong>sy-</strong></span> 
     </span>
    </p>
   </div>
   <div class='ocr_carea' id='block_1_93' title="bbox 109 5311 2962 5393">
    <p class='ocr_par' dir='ltr' id='par_1_93' title="bbox 109 5311 2962 5393">
     <span class='ocr_line' id='line_1_93' title="bbox 109 5311 2962 5393; baseline 0.002 -26"><span class='ocrx_word' id='word_1_658' title='bbox 109 5319 306 5377; x_wconf 80' lang='lat' dir='ltr'><strong>nahilium</strong></span> <span class='ocrx_word' id='word_1_659' title='bbox 331 5324 789 5393; x_wconf 86' lang='lat' dir='ltr'><strong>Scripturarum,</strong></span> <span class='ocrx_word' id='word_1_660' title='bbox 825 5311 1018 5378; x_wconf 87' lang='lat' dir='ltr'><strong>quibus</strong></span> <span class='ocrx_word' id='word_1_661' title='bbox 1046 5313 1347 5367; x_wconf 86' lang='lat' dir='ltr'><strong>ostenditur</strong></span> <span class='ocrx_word' id='word_1_662' title='bbox 1375 5311 1656 5368; x_wconf 75' lang='lat' dir='ltr'><strong>hzereticos</strong></span> <span class='ocrx_word' id='word_1_663' title='bbox 1765 5319 1926 5384; x_wconf 80' lang='lat' dir='ltr'><strong>nodo,</strong></span> <span class='ocrx_word' id='word_1_664' title='bbox 1957 5322 2344 5388; x_wconf 82' lang='lat' dir='ltr'><strong>professionem</strong></span> <span class='ocrx_word' id='word_1_665' title='bbox 2374 5326 2428 5370; x_wconf 76' lang='lat' dir='ltr'><strong>et</strong></span> <span class='ocrx_word' id='word_1_666' title='bbox 2455 5315 2962 5388; x_wconf 84' lang='lat' dir='ltr'><strong>promulgationem.</strong></span> 
     </span>
    </p>
   </div>
   <div class='ocr_carea' id='block_1_94' title="bbox 106 5401 1666 5473">
    <p class='ocr_par' dir='ltr' id='par_1_94' title="bbox 106 5401 1666 5473">
     <span class='ocr_line' id='line_1_94' title="bbox 106 5401 1666 5473; baseline -0.006 -6"><span class='ocrx_word' id='word_1_667' title='bbox 106 5407 152 5461; x_wconf 64' lang='grc' dir='ltr'><strong>αἱ)</strong></span> <span class='ocrx_word' id='word_1_668' title='bbox 175 5411 331 5470; x_wconf 72' lang='lat' dir='ltr'><strong>luet-esi</strong></span> <span class='ocrx_word' id='word_1_669' title='bbox 364 5419 426 5470; x_wconf 84' lang='lat' dir='ltr'><strong>ad</strong></span> <span class='ocrx_word' id='word_1_670' title='bbox 452 5411 854 5473; x_wconf 73' lang='lat' dir='ltr'><strong>orthodoxam</strong></span> <span class='ocrx_word' id='word_1_671' title='bbox 889 5401 1040 5456; x_wconf 82' lang='lat' dir='ltr'><strong>tidem</strong></span> <span class='ocrx_word' id='word_1_672' title='bbox 1071 5417 1361 5458; x_wconf 85' lang='lat' dir='ltr'><strong>conversos</strong></span> <span class='ocrx_word' id='word_1_673' title='bbox 1389 5419 1545 5471; x_wconf 81' lang='lat' dir='ltr'><strong>posse</strong></span> <span class='ocrx_word' id='word_1_674' title='bbox 1575 5421 1666 5458; x_wconf 90' lang='lat' dir='ltr'><strong>su-</strong></span> 
     </span>
    </p>
   </div>
   <div class='ocr_carea' id='block_1_95' title="bbox 104 5493 1664 5565">
    <p class='ocr_par' dir='ltr' id='par_1_95' title="bbox 104 5493 1664 5565">
     <span class='ocr_line' id='line_1_95' title="bbox 104 5493 1664 5565; baseline 0.002 -17"><span class='ocrx_word' id='word_1_675' title='bbox 104 5498 461 5565; x_wconf 67' lang='lat' dir='ltr'><strong>scipi.Siu;mwr</strong></span> <span class='ocrx_word' id='word_1_676' title='bbox 484 5516 684 5562; x_wconf 72' lang='grc' dir='ltr'><em>ριεοε,</em></span> <span class='ocrx_word' id='word_1_677' title='bbox 723 5493 832 5562; x_wconf 86' lang='lat' dir='ltr'><strong>qui</strong></span> <span class='ocrx_word' id='word_1_678' title='bbox 860 5506 976 5546; x_wconf 92' lang='lat' dir='ltr'><strong>cum</strong></span> <span class='ocrx_word' id='word_1_679' title='bbox 994 5493 1380 5552; x_wconf 84' lang='lat' dir='ltr'><strong>fnerintsintve</strong></span> <span class='ocrx_word' id='word_1_680' title='bbox 1407 5499 1664 5553; x_wconf 81' lang='lat' dir='ltr'><strong>orthodo-</strong></span> 
     </span>
    </p>
   </div>
   <div class='ocr_carea' id='block_1_96' title="bbox 101 5582 1659 5662">
    <p class='ocr_par' dir='ltr' id='par_1_96' title="bbox 101 5582 1659 5662">
     <span class='ocr_line' id='line_1_96' title="bbox 101 5582 1659 5662; baseline 0.005 -29"><span class='ocrx_word' id='word_1_681' title='bbox 101 5584 156 5650; x_wconf 78' lang='lat' dir='ltr'><strong>xi,</strong></span> <span class='ocrx_word' id='word_1_682' title='bbox 167 5603 325 5649; x_wconf 86' lang='lat' dir='ltr'><strong>manus</strong></span> <span class='ocrx_word' id='word_1_683' title='bbox 335 5605 502 5651; x_wconf 89' lang='lat' dir='ltr'><strong>tamen</strong></span> <span class='ocrx_word' id='word_1_684' title='bbox 519 5582 961 5662; x_wconf 85' lang='lat' dir='ltr'><strong>impositionem</strong></span> <span class='ocrx_word' id='word_1_685' title='bbox 976 5584 1044 5639; x_wconf 89' lang='lat' dir='ltr'><strong>ah</strong></span> <span class='ocrx_word' id='word_1_686' title='bbox 1057 5587 1322 5642; x_wconf 73' lang='lat' dir='ltr'><strong>luereticis</strong></span> <span class='ocrx_word' id='word_1_687' title='bbox 1336 5585 1659 5641; x_wconf 84' lang='lat' dir='ltr'><strong>habuerunt.</strong></span> 
     </span>
    </p>
   </div>
   <div class='ocr_carea' id='block_1_97' title="bbox 151 5672 1649 5744">
    <p class='ocr_par' dir='ltr' id='par_1_97' title="bbox 151 5672 1649 5744">
     <span class='ocr_line' id='line_1_97' title="bbox 151 5672 1649 5744; baseline -0.001 -14"><span class='ocrx_word' id='word_1_688' title='bbox 151 5672 352 5736; x_wconf 87' lang='lat' dir='ltr'><strong>Secunda</strong></span> <span class='ocrx_word' id='word_1_689' title='bbox 397 5699 519 5739; x_wconf 85' lang='lat' dir='ltr'><strong>vero</strong></span> <span class='ocrx_word' id='word_1_690' title='bbox 559 5675 852 5737; x_wconf 85' lang='lat' dir='ltr'><strong>continet</strong></span> <span class='ocrx_word' id='word_1_691' title='bbox 897 5674 1036 5728; x_wconf 89' lang='lat' dir='ltr'><strong>actio</strong></span> <span class='ocrx_word' id='word_1_692' title='bbox 1081 5675 1367 5730; x_wconf 89' lang='lat' dir='ltr'><strong>lectionem</strong></span> <span class='ocrx_word' id='word_1_693' title='bbox 1396 5676 1649 5744; x_wconf 89' lang='lat' dir='ltr'><strong>epistola-</strong></span> 
     </span>
    </p>
   </div>
   <div class='ocr_carea' id='block_1_98' title="bbox 649 5767 693 5783">
    <p class='ocr_par' dir='ltr' id='par_1_98' title="bbox 649 5767 693 5783">
     <span class='ocr_line' id='line_1_98' title="bbox 649 5767 693 5783; baseline 0 -4"><span class='ocrx_word' id='word_1_694' title='bbox 649 5767 693 5783; x_wconf 62' lang='grc' dir='ltr'><strong><em>η</em></strong></span> 
     </span>
    </p>
   </div>
   <div class='ocr_carea' id='block_1_99' title="bbox 1839 5488 3360 5562">
    <p class='ocr_par' dir='ltr' id='par_1_99' title="bbox 1839 5488 3360 5562">
     <span class='ocr_line' id='line_1_99' title="bbox 1839 5488 3360 5562; baseline -0.006 -13"><span class='ocrx_word' id='word_1_695' title='bbox 1839 5495 2018 5549; x_wconf 82' lang='lat' dir='ltr'><strong>Tertia</strong></span> <span class='ocrx_word' id='word_1_696' title='bbox 2053 5509 2232 5550; x_wconf 90' lang='lat' dir='ltr'><strong>autem</strong></span> <span class='ocrx_word' id='word_1_697' title='bbox 2276 5493 2416 5547; x_wconf 89' lang='lat' dir='ltr'><strong>actio</strong></span> <span class='ocrx_word' id='word_1_698' title='bbox 2459 5499 2706 5553; x_wconf 83' lang='lat' dir='ltr'><strong>centinet</strong></span> <span class='ocrx_word' id='word_1_699' title='bbox 2743 5495 3118 5562; x_wconf 79' lang='lat' dir='ltr'><strong>receptionem</strong></span> <span class='ocrx_word' id='word_1_700' title='bbox 3147 5488 3360 5553; x_wconf 82' lang='lat' dir='ltr'><strong>antisti-</strong></span> 
     </span>
    </p>
   </div>
   <div class='ocr_carea' id='block_1_100' title="bbox 1765 5574 3384 5652">
    <p class='ocr_par' dir='ltr' id='par_1_100' title="bbox 1765 5574 3384 5652">
     <span class='ocr_line' id='line_1_100' title="bbox 1765 5574 3384 5652; baseline -0.007 -15"><span class='ocrx_word' id='word_1_701' title='bbox 1765 5594 1877 5638; x_wconf 81' lang='lat' dir='ltr'><strong>tnnt</strong></span> <span class='ocrx_word' id='word_1_702' title='bbox 1908 5585 1977 5639; x_wconf 90' lang='lat' dir='ltr'><strong>ab</strong></span> <span class='ocrx_word' id='word_1_703' title='bbox 2027 5585 2216 5642; x_wconf 65' lang='lat' dir='ltr'><strong>haeresi</strong></span> <span class='ocrx_word' id='word_1_704' title='bbox 2266 5596 2673 5647; x_wconf 86' lang='lat' dir='ltr'><strong>eonversornm,</strong></span> <span class='ocrx_word' id='word_1_705' title='bbox 2732 5590 2786 5636; x_wconf 93' lang='lat' dir='ltr'><strong>et</strong></span> <span class='ocrx_word' id='word_1_706' title='bbox 2837 5593 3099 5652; x_wconf 88' lang='lat' dir='ltr'><strong>synodica</strong></span> <span class='ocrx_word' id='word_1_707' title='bbox 3152 5574 3384 5642; x_wconf 71' lang='lat' dir='ltr'><strong>Tarasii.</strong></span> 
     </span>
    </p>
   </div>
   <div class='ocr_carea' id='block_1_101' title="bbox 1762 5671 3366 5742">
    <p class='ocr_par' dir='ltr' id='par_1_101' title="bbox 1762 5671 3366 5742">
     <span class='ocr_line' id='line_1_101' title="bbox 1762 5671 3366 5742; baseline -0.007 -14"><span class='ocrx_word' id='word_1_708' title='bbox 1762 5675 2120 5742; x_wconf 77' lang='lat' dir='ltr'><strong>patriarchze,</strong></span> <span class='ocrx_word' id='word_1_709' title='bbox 2172 5682 2228 5726; x_wconf 91' lang='lat' dir='ltr'><strong>et</strong></span> <span class='ocrx_word' id='word_1_710' title='bbox 2280 5671 2546 5741; x_wconf 86' lang='lat' dir='ltr'><strong>rescripta</strong></span> <span class='ocrx_word' id='word_1_711' title='bbox 2594 5672 2936 5733; x_wconf 88' lang='lat' dir='ltr'><strong>orientalium</strong></span> <span class='ocrx_word' id='word_1_712' title='bbox 2995 5678 3366 5732; x_wconf 85' lang='lat' dir='ltr'><strong>sacerdotum.</strong></span> 
     </span>
    </p>
   </div>
   <div class='ocr_carea' id='block_1_102' title="bbox 101 5762 1661 5806">
    <p class='ocr_par' dir='ltr' id='par_1_102' title="bbox 101 5766 1276 5806">
     <span class='ocr_line' id='line_1_102' title="bbox 101 5766 1276 5806; baseline -0.004 -2"><span class='ocrx_word' id='word_1_713' title='bbox 101 5774 186 5804; x_wconf 74' lang='grc' dir='ltr'><strong>⁷⁸³1Ιὶ1</strong></span> <span class='ocrx_word' id='word_1_714' title='bbox 215 5767 401 5806; x_wconf 63' lang='grc' dir='ltr'><strong>Αιῖνιῖλυιῖ</strong></span> <span class='ocrx_word' id='word_1_715' title='bbox 449 5789 582 5802; x_wconf 56' lang='grc' dir='ltr'><strong>..-ι-ιλ</strong></span> <span class='ocrx_word' id='word_1_716' title='bbox 649 5767 693 5783; x_wconf 57' lang='lat' dir='ltr'>ﬂ</span> <span class='ocrx_word' id='word_1_717' title='bbox 1265 5766 1276 5770; x_wconf 62' lang='grc'><strong>’</strong></span> 
     </span>
    </p>
   </div>
   <div class='ocr_carea' id='block_1_103' title="bbox 1764 5762 3364 5806">
    <p class='ocr_par' dir='ltr' id='par_1_103' title="bbox 1818 5762 3364 5806">
     <span class='ocr_line' id='line_1_103' title="bbox 1818 5762 3364 5806; baseline -0.008 0"><span class='ocrx_word' id='word_1_718' title='bbox 1818 5783 1863 5790; x_wconf 62' lang='grc' dir='ltr'><strong>-λ</strong></span> <span class='ocrx_word' id='word_1_719' title='bbox 1887 5781 1991 5802; x_wconf 66' lang='grc' dir='ltr'><strong>-υιη</strong></span> <span class='ocrx_word' id='word_1_720' title='bbox 2020 5777 2070 5804; x_wconf 80' lang='lat' dir='ltr'><strong>m</strong></span> <span class='ocrx_word' id='word_1_721' title='bbox 2091 5762 2514 5806; x_wconf 66' lang='lat' dir='ltr'><strong>cubent-inlinan</strong></span> <span class='ocrx_word' id='word_1_722' title='bbox 2543 5770 2922 5806; x_wconf 72' lang='lat' dir='ltr'><strong>nnicnnnnrum</strong></span> <span class='ocrx_word' id='word_1_723' title='bbox 2977 5764 3197 5806; x_wconf 66' lang='lat' dir='ltr'><strong>A,t..;....:</strong></span> <span class='ocrx_word' id='word_1_724' title='bbox 3216 5764 3364 5791; x_wconf 49' lang='lat' dir='ltr'><strong>non”</strong></span> 
     </span>
    </p>
   </div>
  </div>
