3980 6288
557 341 720 408 199’

1722 338 2078 394 ANAS'l‘ASlI
2117 333 2654 393 BIBIJOTIIECMlll

3719 329 3816 389 200

557 449 625 516 ac
651 455 1006 516 Orientalium
1035 453 1346 524 pontiﬁcum
1390 449 1588 518 scripta
1617 449 2050 518 approbantium,
2086 455 2142 500 et
2169 456 2213 512 Α
2315 447 2554 514 Septima
2593 460 2752 514 porro
2781 443 3093 498 circumfert
3119 443 3260 498 actio
3304 441 3608 496 terminum
3634 454 3830 500 sancta»

559 551 636 606 ita
665 565 724 604 se
751 561 942 619 sapere
969 545 1349 614 proﬁtentium.
1988 563 1990 565 ›

543 1999 598 2073 ι.

629 637 835 705 Quarta
881 634 1076 690 dehinc
1117 631 1259 686 actio
1295 627 1609 683 circumfert
1635 625 1938 681 testimonia
1970 639 2140 680 sacra:

563 729 858 798 Scriptum
906 740 970 780 ac
1017 723 1353 778 diversorum
1400 728 1711 773 sanctorum
1768 716 1989 771 Patrum
2043 729 2140 785 pro

562 816 908 888 imaginibus.
933 813 938 818 ’
1961 847 1964 852 .

632 907 828 974 Quinta
857 910 1114 974 praeterea
1157 895 1397 956 continet
1440 897 1582 953 actio
1624 896 1929 952 testimonia
1959 905 2142 951 osten-

565 994 768 1056 dentia,
814 990 1194 1046 lconomachos
1240 986 1467 1055 aequalia
1502 989 1664 1054 super
1709 985 2032 1055 imaginibus
2058 997 2144 1040 re-

563 1085 749 1158 prohis
772 1083 1072 1153 quibusque
1098 1080 1312 1150 operari
1338 1079 1424 1132 vel
1449 1093 1639 1146 sapere
1675 1077 1965 1132 haereticis.
2057 1103 2062 1106 -

637 1173 802 1230 Sexta
845 1187 974 1228 vero
1003 1171 1251 1242 designat
1291 1169 1432 1236 actio
1473 1169 1848 1223 luereticorum
1895 1165 2146 1238 blasphe-

565 1265 726 1331 mias,
748 1273 806 1320 et
828 1263 1019 1319 harum
1047 1262 1281 1316 validam
1317 1261 1762 1316 destructionem.

2244 537 2433 608 synodi
2462 536 2640 602 hujus,
2663 535 3090 604 subscriptiones
3113 533 3521 602 episcoporum,
3553 530 3817 600 epistolam

2245 628 2431 698 synodi
2458 625 2870 695 imperatoribus
2897 625 3137 679 missam.
3175 623 3306 678 Item
3338 622 3512 676 aliam
3543 621 3614 676 ad
3631 621 3815 676 clerum

2245 719 2924 790 Constantinopolitanum;
2974 731 3278 773 sermonem
3332 717 3725 782 laudatorium,
3770 721 3821 774 et

2246 822 2482 867 canones
2506 810 2574 865 ab
2597 800 2783 865 eadem
2815 809 3018 879 synodo
3051 805 3446 877 promulgatas.
3477 805 3612 860 item
3638 805 3818 875 episto-

2247 899 2353 955 lam
2401 897 2610 953 Tarasii
2660 896 2986 952 sanctissimi
3027 895 3350 966 patriarchae
3415 894 3488 948 ad
3543 893 3820 952 Adriano.

2245 1003 2513 1044 summum
2558 985 2864 1056 pontiﬁcem
2888 1000 2985 1055 pro
3024 983 3249 1055 synodo.
3299 983 3437 1037 ltem
3500 981 3732 1060 ejusdem
3759 980 3818 1036 ad

2246 1078 2494 1134 eumdem
2523 1077 2590 1131 de
2614 1091 2720 1130 non
2748 1075 3062 1130 ordinandis
3087 1072 3484 1129 ecclesiasticis
3500 1067 3691 1126 oﬁiciis
3715 1083 3821 1140 per

2250 1168 2521 1238 pecunias.
2572 1167 2703 1222 Item
2751 1165 2990 1234 ejusdem
3037 1165 3104 1220 ad
3126 1163 3389 1220 Joannem
3437 1162 3814 1233 presbyterum,

2250 1257 2610 1326 hegumenum
2639 1265 2696 1310 et
2726 1255 3134 1321 anachoretam,
3159 1268 3258 1324 pro
3282 1254 3482 1309 eadem
3511 1268 3592 1308 rc.

578 1439 3801 1469 W—M

1349 1567 2052 1660 CONSTANTINI
2112 1577 2245 1657 ET
2302 1538 2696 1658 IRENES'
2729 1579 3038 1662 AUGG.

1867 1757 1970 1829 ¹111
1975 1756 2211 1821 VALIS
2245 1755 2502 1818 SACRA

847 1925 946 1990 Ad
974 1921 1450 2012 sanctissimum
1483 1926 1542 1983 ct
1575 1916 2024 2010 beatissimum
2060 1915 2413 1978 Adrianum
2447 1931 2670 1996 papam
2706 1918 2984 1982 senioris
3015 1921 3231 1983 Roma:
3260 1917 3532 1984 directa.

587 2203 590 2206 ’
640 2195 798 2266 Quia
821 2194 1049 2251 Domino
1074 2200 1260 2249 nostro
1277 2205 1406 2247 sesu
1425 2189 1642 2246 Christo
1664 2205 1794 2246 vero
1821 2188 1935 2246 Deo
1962 2200 2147 2248 nostro
2176 2198 2220 2256 B
2247 2209 2399 2265 quem
2463 2193 2736 2266 acquisivit
2795 2196 3006 2267 propn'o
3058 2198 3312 2268 sanguine
3371 2197 3553 2270 (Rom.
3606 2200 3710 2270 xv).
3760 2201 3816 2256 Et

567 2289 871 2360 suscipiunt
913 2286 1027 2342 sive
1057 2285 1266 2356 imperii
1307 2283 1640 2354 dignitatem,
1676 2283 1790 2339 sive
1836 2279 2149 2354 principalis

569 2378 858 2438 sacerdotii
902 2378 1180 2442 honorem,
1213 2376 1411 2432 debent
1437 2390 1557 2444 qua:
1601 2374 1672 2428 illi
1705 2374 1898 2444 placita
1923 2387 2071 2440 sunt,
2099 2384 2152 2430 et

569 2471 810 2542 cogitare
851 2476 908 2524 et
949 2482 1159 2529 curare,
1197 2475 1251 2520 et
1283 2463 1517 2520 creditos
1557 2464 1660 2520 sibi
1701 2465 1770 2518 ab
1799 2463 1889 2519 illo
1927 2464 2153 2535 populos

573 2557 867 2615 secundum
888 2555 1004 2626 ejus
1031 2555 1358 2610 voluntatem
1379 2567 1570 2624 regere
1590 2561 1645 2608 et
1665 2555 1984 2624 gubernare.
2013 2553 2154 2624 Ergo

571 2647 811 2702 debitum
843 2646 997 2701 nobis
1024 2653 1079 2699 et
1105 2644 1279 2709 vobis,
1311 2655 1346 2698 ο
1392 2639 1792 2718 φθηοιίεείηιιιηι
1839 2651 2023 2715 caput,
2052 2645 2157 2700 hoc

569 2745 680 2802 est,
719 2744 778 2790 ut
823 2733 1361 2805 irreprehensibiliter
1386 2717 1506 2803 qua:
1547 2731 1663 2803 ejus
1704 2741 1830 2789 sunt
1857 2733 2150 2804 sapiamus,

569 2834 630 2884 et
653 2827 710 2882 in
739 2826 853 2882 suis
880 2839 1177 2888 versemur,
1219 2832 1404 2894 utpote
1432 2818 1500 2878 ab
1529 2823 1647 2894 ipso
1686 2837 1788 2879 nos
1811 2823 2031 2894 quidem
2055 2823 2156 2877 im-

570 2917 804 2987 perium,
834 2931 929 2972 vos
973 2931 1104 2971 vero
1140 2914 1454 2985 principalis
1505 2915 1792 2970 sacerdotii
1839 2915 2155 2986 dignitatem

569 3006 952 3075 suscipientes.
995 3005 1286 3074 lncipimus
1323 3019 1453 3076 ergo
1496 3005 1622 3059 hinc
1662 3019 1988 3060 sermonem.
2041 3004 2158 3060 Scit

572 3103 758 3152 vestra
799 3102 1021 3165 paterna
1049 3093 1326 3147 beatitudo
1370 3108 1490 3162 quae
1543 3093 1750 3162 pridem
1783 3093 1925 3148 facta
1954 3093 2156 3148 suntin

575 3185 684 3242 hac
748 3191 936 3238 nostra
997 3183 1144 3252 regia
1224 3181 1445 3238 civitate
1525 3191 1744 3252 propter
1823 3181 2158 3240 venerabiles

570 3273 891 3345 imagines;
953 3271 1214 3341 qualiter
1244 3272 1338 3343 qui
1407 3283 1532 3330 ante
1599 3288 1696 3329 nos
1754 3284 2158 3345 regnaverunt,

573 3383 676 3424 eas
724 3353 1224 3434 destruxerunt,et
1259 3366 1322 3420 ‘in
1359 3366 1762 3423 dehonestatcm
1807 3379 1968 3436 atque
2019 3365 2161 3436 inju-

573 3457 717 3514 riam
746 3463 1073 3528 posuerunt:
1130 3455 1356 3526 (utinam
1396 3455 1500 3512 illis
1537 3473 1648 3512 non
1693 3457 2018 3526 imputetur;
2049 3473 2160 3512 mc-

574 3546 683 3603 lius
709 3545 852 3600 enim
895 3543 1072 3600 fuerat
1109 3559 1216 3599 non
1248 3545 1486 3600 mittere
1509 3561 1700 3601 manus
1727 3561 1855 3601 suas
1890 3547 1943 3600 in
1976 3545 2158 3602 Eccle—
2185 3531 2232 3595 C

573 3637 771 3706 siamz)
799 3645 856 3692 et
874 3625 1089 3692 omnem
1118 3634 1370 3706 populum
1396 3636 1489 3706 qui
1533 3636 1624 3691 hic
1642 3647 1744 3702 est,
1776 3637 1885 3692 imo
1919 3638 2160 3693 orienta-

577 3729 685 3786 lem
716 3728 906 3783 eodem
948 3726 1108 3782 modo
1135 3726 1483 3792 seduxerunt,
1505 3736 1562 3782 et
1592 3727 1647 3782 in
1674 3729 1948 3798 pr0priam
1979 3728 2163 3783 volun-

577 3827 747 3875 tatem
777 3825 1154 3883 retraxerunt;
1208 3831 1488 3888 usquequo
1535 3816 1677 3874 Deus
1721 3818 2005 3874 suscitavit
2061 3821 2178 3874 nos'

577 3923 812 3980 regnare
838 3906 895 3964 in
951 3906 1055 3973 his,
1103 3895 1294 3976 qui-in
1325 3908 1563 3963 veritate
1610 3909 1902 3979 quierimus
1937 3909 2162 3978 gloriam

576 3997 720 4069 ejus,
749 4008 806 4054 et
843 4008 1026 4053 tenere
1052 4011 1173 4068 qua:
1200 3997 1398 4053 tradita
1425 4009 1550 4054 sunt
1569 3998 1638 4054 ab
1667 3999 1923 4070 apostolis
1966 4000 2080 4056 suis
2109 4009 2164 4054 et

577 4090 830 4148 omnibus
889 4090 1005 4146 suis
1045 4088 1380 4146 doctoribus.
1446 4089 1599 4145 Unde
1645 4104 1788 4145 nunc
1853 4101 2166 4146 censtantcr

579 4195 706 4237 cum
736 4179 933 4236 mundo
965 4179 1128 4235 corde
1155 4187 1212 4235 et
1239 4193 1366 4234 vero
1392 4179 1560 4244 cultu,
1591 4195 1713 4250 qua:
1735 4181 1801 4234 ad
1831 4180 2000 4235 Demn
2043 4197 2165 4256 per-

581 4269 780 4334 tinent,
825 4284 932 4324 una
969 4284 1090 4325 cum
1141 4269 1392 4324 omnibus
1444 4270 1672 4326 subditis
1728 4271 1928 4327 nostris
1975 4280 2030 4325 et
2083 4271 2168 4327 his

581 4359 952 4418 sacerdotibus
974 4358 1323 4424 doctissimis,
1367 4359 1531 4413 locuti
1569 4375 1776 4424 sumus,
1806 4370 1860 4414 et
1885 4376 2005 4414 cum
2033 4375 2166 4416 con-

581 4455 706 4512 silio
733 4455 1090 4522 decrevimus,
1133 4464 1192 4510 ut
1235 4454 1385 4509 ﬁeret
1410 4453 1712 4510 universale
1739 4454 2047 4512 concilium.
2102 4455 2170 4510 Et

580 4561 837 4616 rogamus
862 4555 1096 4602 vestram
1120 4553 1399 4614 paternam
1429 4543 1846 4609 beatitudinem;
1895 4544 2004 4599 imo
2044 4559 2170 4599 vero

581 4637 844 4694 Dominus
871 4636 1013 4691 Deus
1041 4642 1216 4703 rogat,
1240 4635 1329 4705 qui
1353 4633 1460 4688 vult
1486 4651 1663 4690 omnes
1686 4633 1854 4690 salvos
1879 4635 1996 4704 ﬁeri
2023 4645 2070 4690 ct
2115 4636 2172 4690 in

585 4727 902 4796 agnitionem
928 4724 1158 4777 veritatis
1176 4723 1404 4794 venire(l
1432 4722 1586 4778 Rom.
1605 4725 1698 4793 n);
1725 4725 1883 4780 utdel
1902 4739 1961 4780 se
1978 4724 2169 4794 ipsam,

583 4821 640 4868 et
667 4809 866 4866 nullam
891 4809 1196 4865 tarditatem
1225 4808 1406 4875 faciat,
1435 4818 1491 4864 et
1514 4813 1768 4866 ascendat
1795 4813 1902 4868 huc
1931 4813 1982 4866 in
2009 4813 2174 4868 stabi-

2256 2291 2506 2352 tanquam
2528 2299 2689 2339 verus
2715 2285 2920 2353 primus
2945 2288 3219 2353 sacerdos,
3247 2297 3302 2342 et
3337 2289 3386 2344 is
3412 2289 3506 2358 qui
3560 2290 3614 2344 in
3641 2289 3747 2345 loco
3768 2297 3815 2344 et

2251 2374 2572 2429 sede'sancti
2599 2384 2653 2428 et
2677 2376 3121 2450 superlaudabilis
3140 2379 3367 2448 apostoli
3393 2379 3544 2436 Petri
3567 2381 3814 2452 praesidet,

2252 2463 2393 2519 sicut
2421 2463 2622 2518 dictum
2663 2473 2764 2530 est,
2800 2466 3080 2532 ascendat,
3116 2475 3172 2522 et
3217 2467 3382 2522 simul
3427 2483 3552 2524 cum
3595 2469 3815 2527 omnibus

2253 2554 2644 2620 sacerdotibus,
2682 2555 2773 2623 qui
2823 2555 2912 2611 hic
2951 2569 3096 2622 sunt,
3145 2558 3477 2624 inveniatur,
3515 2567 3570 2616 et
3592 2559 3811 2616 voluntas

2253 2645 2462 2701 Domini
2492 2645 2585 2699 ﬁat
2612 2662 2625 2699 :
2657 2637 2757 2699 Ubi
2778 2647 2912 2700 enim
2943 2657 3063 2701 sunt
3088 2648 3193 2704 duo
3221 2648 3300 2704 vel
3324 2662 3433 2706 tres
3459 2653 3740 2723 congregati
3767 2651 3812 2706 in

2254 2736 2460 2790 nomine
2484 2751 2620 2802 meo,
2647 2736 3117 2807 sicutevangelice
3158 2736 3469 2805 didicimus,
3513 2740 3583 2794 ibi
3617 2755 3722 2794 sum
3762 2739 3808 2794 ia

2252 2825 2424 2880 medio
2467 2841 2646 2879 eorum
2689 2825 2905 2898 (Matth.
2955 2825 3132 2898 xvm).
3194 2827 3548 2885 Certiﬁcetur
3601 2829 3731 2886 enim
3770 2837 3815 2882 et

2253 2917 2604 2974 conﬁrmetur
2625 2932 2654 2971 a
2677 2918 3000 2990 magnopDeo
3017 2928 3071 2974 et
3093 2935 3236 2991 rege,
3252 2922 3603 2992 omniumque
3618 2920 3814 2976 Domina

2256 3015 2444 3063 nostro
2485 3006 2612 3064 Jesu
2648 3006 2888 3074 Christo,
2930 3019 2984 3065 et
3034 3023 3065 3064 a
3106 3010 3264 3066 nobis
3303 3011 3480 3068 servis
3521 3011 3654 3083 ejus,
3695 3009 3814 3080 quod

2257 3098 2637 3153 ascendentem
2668 3107 2902 3154 vestram
2943 3109 3220 3169 paternam
3254 3110 3308 3157 et
3353 3117 3568 3160 sacram
3610 3100 3811 3156 beatitu-

2257 3187 2434 3242 dinem
2466 3187 2572 3243 huc
2600 3201 2723 3242 cum
2750 3188 2898 3243 omni
2932 3189 3136 3244 honore
3180 3200 3235 3246 et
3277 3191 3448 3262 gloria
3493 3191 3735 3256 habemus
3769 3196 3816 3242 et

2257 3276 2535 3347 suscipere
2569 3317 2584 3342 ,
2638 3286 2694 3333 et
2747 3293 2867 3348 qua:
2913 3290 3212 3350 opportuna
3261 3292 3392 3337 sunt
3447 3281 3714 3352 impartiri.
3759 3277 3814 3332 Et

2258 3367 2452 3423 iterum
2475 3367 2687 3438 expleto
2715 3369 2970 3440 capitulo,
2998 3371 3140 3442 quod
3167 3372 3509 3443 beneplacito
3529 3369 3620 3428 Dei
3642 3366 3813 3448 Christi

2260 3471 2540 3528 speramus
2568 3461 2707 3527 ﬁeri,
2732 3477 2855 3532 cum
2889 3462 3095 3518 honore
3137 3471 3192 3518 et
3237 3463 3606 3534 magnitudine
3649 3457 3812 3530 pmire

2264 3550 2409 3605 illam
2439 3551 2702 3608 habemus
2723 3553 2790 3608 ad
2819 3554 3165 3610 remeandum
3211 3555 3280 3610 ad
3320 3555 3560 3626 propria.
3599 3551 3655 3608 Si
3691 3549 3811 3605 enim

2262 3656 2369 3696 non
2420 3643 2655 3712 potuerit
2717 3645 3011 3702 ascendere
3057 3645 3163 3701 huc
3217 3646 3383 3718 (quod
3438 3654 3680 3717 putamus
3723 3654 3812 3694 non

2264 3729 2377 3786 ﬁeri
2406 3747 2420 3786 :
2447 3733 2646 3790 scimus
2669 3734 2814 3789 enim
2851 3748 2976 3790 eum
3004 3735 3302 3793 studiosum
3332 3751 3455 3792 esse
3477 3735 3616 3790 circa
3639 3725 3812 3796 divina)

2262 3823 2424 3895 eligat
2474 3825 2622 3880 viros
2674 3825 3055 3891 honorabiles,
3114 3827 3373 3885 habentes
3419 3825 3724 3885 scientiam,
3769 3825 3814 3873 et
3903 3821 3912 3830 ’

2263 3913 2460 3982 dirigat
2483 3928 2584 3967 una
2611 3928 2734 3968 cum
2775 3913 3016 3987 syllabis,
3047 3924 3108 3970 ut
3137 3915 3480 3972 inveniantur
3513 3928 3576 3969 ex
3614 3919 3812 3982 porsenna

2263 4018 2433 4058 sacrae
2465 4013 2520 4058 et
2545 4012 2782 4072 paternae
2811 4013 3006 4060 vestra:
3028 4006 3376 4063 beatitudinis
3405 4008 3515 4064 hic.
3563 4003 3811 4059 Verumta-

2265 4109 2386 4147 men
2417 4094 2858 4148 convenientibus
2883 4095 3012 4164 ipsis
3041 4111 3161 4150 cum
3186 4097 3439 4154 omnibus
3480 4089 3812 4152 sacerdotibus

2266 4180 2356 4252 qui
2391 4182 2478 4236 hic
2507 4191 2651 4246 sunt,
2682 4183 2939 4257 synodice
2974 4184 3325 4242 conﬁrmetur
3367 4186 3584 4256 antiqua
3627 4175 3811 4235 traditio

2267 4280 2576 4325 sanctorum
2609 4269 2828 4326 Patrum
2858 4282 3186 4338 nostrorum,
3217 4283 3274 4329 et
3301 4272 3653 4330 confundatur
3677 4276 3815 4321 omne

2268 4359 2531 4414 zizanium
2560 4360 2698 4416 male
2710 4361 3031 4432 plantatum,
3053 4370 3108 4417 et
3125 4363 3335 4418 Domini
3363 4361 3530 4419 nostri
3553 4349 3812 4415 Salvatoris

2266 4449 2392 4509 Jcsu
2422 4449 2619 4510 Christi
2643 4453 2867 4506 verbum
2898 4451 3202 4520 impleatur,
3231 4453 3484 4522 quoniam
3511 4455 3664 4519 ροΐεαῖ
3680 4435 3811 4508 ἀπίεπί

2270 4557 2374 4594 non
2395 4539 2746 4611 prwvalebunt
2775 4542 3020 4595 adversus
3061 4557 3179 4596 eam
3223 4541 3440 4612 (Matth.
3487 4540 3613 4607 xvi).
3656 4532 3714 4588 Et
3753 4541 3810 4580 εἰ

2270 4629 2374 4685 hoc
2421 4645 2526 4683 non
2572 4629 2642 4684 sit
2684 4629 2916 4684 schisma
2967 4639 3023 4686 et
3077 4632 3349 4702 separatio
3404 4632 3458 4687 in
3506 4641 3604 4684 una
3653 4627 3810 4677 sancta

2271 4723 2534 4778 catholica
2562 4732 2616 4778 et
2643 4723 2933 4793 apostolica
2959 4723 3215 4786 Ecclesia,
3241 4723 3393 4792 cujus
3413 4729 3496 4778 est
3531 4723 3679 4786 caput
3714 4711 3809 4779 ipso

2272 4815 2519 4870 Christus
2549 4830 2709 4876 verus
2735 4815 2876 4871 Deus
2907 4825 3112 4872 noster.
3156 4813 3562 4870 Constantinum
3586 4811 3808 4878 ρῐειθτθδ

586 4903 793 4958 litatem
816 4909 872 4955 et
896 4899 1202 4956 ﬁrmitatem
1231 4901 1468 4970 antiqua}
1487 4901 1788 4955 traditionis
1817 4917 1976 4970 super
2004 4917 2168 4957 vene—
2198 4881 2248 4940 Ῑ)
2272 4904 2668 4959 sanctissimum
2690 4903 2995 4973 episcopum
3018 4903 3337 4960 Leontinum
3355 4893 3660 4976 [Leontina]
3679 4885 3803 4946 Chri~

587 4991 850 5052 rabilibus
876 4990 1198 5062 imaginibus
1229 5008 1242 5045 :
1275 4990 1512 5046 debitum
1553 4991 1699 5046 enim
1737 4990 1809 5044 illi
1850 5001 1933 5046 est
1963 4993 2064 5052 hoc
2095 4993 2170 5048 fa-

586 5098 748 5150 cere;
776 5084 1019 5155 agnoscit
1041 5097 1168 5136 vero
1193 5081 1318 5151 quia
1346 5081 1605 5150 scriptum
1635 5091 1753 5135 est:
1791 5079 2169 5150 Consolamim‘,

589 5175 935 5236 consolamini
960 5174 1208 5245 populum
1230 5189 1400 5228 meum
1428 5175 1739 5236 sacerdotes,
1757 5157 1888 5228 dicit
1918 5175 2173 5232 Dominus

591 5258 730 5336 (ha.
759 5262 868 5334 ιι).
896 5263 964 5316 ΕΙ.
985 5280 998 5316 :
1023 5261 1188 5322 Labia
1209 5263 1538 5320 sacerdotum
1561 5264 1858 5318 custodiunt
1882 5266 2173 5331 scientiam,

2271 5002 2355 5050 sto
2409 4991 2654 5050 amabilis
2701 4991 2898 5046 Sicilia:
2951 5002 3150 5047 nostrae
3202 4992 3421 5056 insulae,
3469 5000 3618 5058 quem
3673 4976 3810 5033 etiam

2273 5084 2446 5138 noscit
2481 5091 2702 5152 paterna
2734 5091 2912 5136 vestra
2945 5083 3219 5138 beatitudo
3243 5121 3260 5147 ,
3291 5079 3602 5136 adduximus
3623 5068 3682 5125 ad
3706 5075 3810 5154 n05:

2273 5181 2328 5224 et
2360 5171 2494 5225 facie
2513 5171 2580 5224 ad
2607 5170 2800 5225 faciem
2828 5170 3108 5242 loquentes
3132 5171 3424 5224 direximus
3449 5179 3566 5222 cum
3591 5156 3810 5247 Praise"?

2278 5270 2461 5316 nostra
2485 5261 2775 5316 venerabili
2796 5259 3039 5329 jussione
3063 5263 3130 5316 ad
3158 5278 3270 5317 vos.
3324 5261 3424 5329 Qui
3469 5268 3586 5312 cum
3629 5243 3808 5300 venerit

592 5366 641 5412 et
663 5355 728 5409 de
752 5371 840 5409 ore
863 5354 977 5424 ejus
1001 5353 1289 5423 egredietur
1308 5353 1423 5419 lex,
1448 5355 1696 5423 quoniam
1717 5354 1932 5424 angelus
1961 5355 2173 5409 Domini
2273 5351 2341 5405 ad
2382 5366 2497 5416 vos,
2529 5351 2783 5407 continuo
2813 5351 3030 5406 absolve
3073 5367 3218 5416 eum,
3268 5361 3328 5406 ut
3372 5351 3566 5406 remeet
3603 5337 3663 5393 ad
3705 5338 3807 5424 llo"

592 5419 912 5503 exercituum
933 5419 1288 5514 estiMalaclt.
1317 5446 1398 5512 ιι).
1440 5419 1505 5499 Et
1539 5445 1732 5502 iterum
1757 5419 1972 5501 divinus
1996 5457 2050 5502 et
2080 5463 2170 5502 vc-
2272 5440 2518 5494 sol‘ibens
2562 5441 2714 5496 nobis
2759 5457 2857 5511 per
2899 5442 3070 5511 ipsum
3113 5441 3396 5496 adventum
3439 5441 3599 5495 tuum.
3641 5419 3806 5495 (ιυίδυλί

596 5537 773 5592 ritatis
807 5535 1125 5604 praedicator
1159 5534 1465 5603 Apostolus,
1517 5537 1608 5605 qui
1653 5536 1720 5590 ab
1771 5535 2065 5592 Jerusalem
2122 5547 2177 5592 et
2275 5529 2465 5585 diebus
2507 5531 2669 5586 habet
2713 5531 2916 5584 moveri
2960 5531 3106 5585 illinc
3173 5540 3228 5584 et
3270 5524 3529 5600 proﬁcis“i
3577 5517 3637 5573 ad
3678 5515 3798 5608 "0.":

599 5625 824 5679 circuitu
855 5639 1023 5694 usque
1045 5623 1313 5695 Illyricum
1343 5625 1652 5694 praedicavit
1677 5626 2048 5696 Evangeliuﬂ,
2094 5627 2175 5681 sic
2273 5635 2438 5690 porro
2457 5621 2850 5675 sanctissinmm
2871 5622 3182 5691 episcopum
3206 5619 3595 5690 Neapolitanum
3615 5606 3802 5696 omnino

600 5713 911 5770 mandavit:
943 5693 1148 5770 Pascite
1197 5693 1399 5785 gregem
1454 5714 1662 5769 Domini
1709 5693 1852 5768 cum-
1875 5715 2169 5785 disciplina,
2277 5722 2459 5765 tenere
2499 5711 2680 5775 habet,
2733 5719 2790 5764 ut
2837 5724 2960 5763 cum
3008 5710 3124 5780 ipso
3166 5711 3419 5766 ascendat
3459 5707 3573 5762 huc.
3621 5693 3798 5749 Etctnlll
