3980 6288
125 423 224 482 υἱ

651 416 1203 477 INTERPRETATIO
1241 414 1489 476 SYNODl
1532 413 1620 470 Vll
1659 409 2073 472 GBNERALIS.
2099 385 2195 452 -Ζ
2221 406 2492 467 TARASll
2531 404 2912 465 APOLOGET.

3268 397 3376 458 201

127 537 234 592 iter
255 539 496 589 vestrum
521 544 619 603 per
644 529 918 602 Neapolim
943 539 998 584 et
1025 529 1261 585 Siciliam
1288 529 1449 583 habet
1481 525 1628 590 ﬁeri;
1659 534 1713 580 ct
1741 533 1784 590 Λ
1814 535 2034 597 paterna
2062 525 2335 580 beatitudo
2366 524 2430 577 ad
2461 538 2574 577 nos.
2618 518 2934 590 (Legimus)
2961 517 3090 572 Data
3118 531 3169 569 tv
3192 513 3388 571 Kalen-

127 640 292 696 snper
316 624 421 678 hoc
446 631 686 693 stratege
708 621 904 677 Sicilia:
923 620 1206 690 jussimus,
1229 629 1287 675 ut
1305 620 1480 676 omnis
1505 618 1707 688 requiei

125 729 182 772 et
219 716 442 772 honoris
471 715 632 771 vestri
673 729 858 769 curam
908 713 1122 778 habeat,
1166 723 1274 782 quo
1313 710 1494 765 veniat
1532 717 1709 763 vestra

1810 618 1909 672 das
1933 617 2284 687 Septembris,
2317 615 2604 669 indictione
2633 611 2682 678 7,
2713 626 2743 665 a
2775 609 2920 681 regia
2952 608 3100 662 urbe.

141 864 3380 924 _______________________________________________..

1366 1021 2149 1124 APOLOGETICUS

130 1227 228 1290 Ad
251 1225 565 1306 populum
605 1243 642 1306 ᾳ
669 1223 1017 1306 Tuusuog
1046 1221 1294 1306 secretis
1335 1217 1762 1306 compendiose
1791 1216 1996 1305 dictus
2035 1214 2132 1274 die
2165 1229 2286 1292 qua
2323 1209 2767 1306 intimauernnt
2785 1209 3168 1306 imperantes
3217 1202 3399 1262 [rene

209 1286 286 1368 ii
302 1286 752 1367 Constantinus
775 1299 1061 1380 populis,
1101 1306 1172 1357 ut
1206 1299 1370 1378 ﬁeret
1412 1286 1778 1376 patriarcha
1810 1317 1828 1351 ,ο
1857 1295 1967 1374 qui
2003 1301 2056 1352 et
2089 1286 2417 1370 promotus
2452 1296 2538 1349 est
2571 1286 2914 1349 indictione
2953 1292 3192 1358 octava,
3227 1298 3390 1342 anno

207 1405 246 1444 α
275 1384 592 1446 creatione
617 1380 834 1440 mundi
869 1380 1048 1440 6'293.

199 1613 567 1673 Immaculata;
605 1615 724 1670 ﬁdei
769 1625 984 1680 nostrae,
1045 1611 1097 1670 id
1149 1623 1234 1670 cst
1286 1611 1717 1668 Christianorum

131 1710 409 1774 custodes,
439 1716 494 1763 et
519 1723 705 1762 eorum
734 1723 852 1776 qute
877 1708 930 1761 in
972 1706 1194 1777 gloriam
1222 1705 1314 1759 Dei
1345 1703 1476 1758 ﬁunt
1503 1701 1721 1757 aemula-

136 1809 300 1859 tores,
333 1797 530 1852 ﬁdeles
550 1797 898 1878 imperatores
939 1795 1131 1861 nostri,
1181 1803 1433 1864 tanquam
1481 1791 1719 1846 omnium

1819 1605 2130 1669 anathema,
2159 1603 2346 1677 procul
2375 1620 2405 1659 a
2435 1601 2545 1658 Deo
2569 1601 2788 1666 emittit,
2818 1609 2872 1655 et
2897 1617 2926 1656 e
2955 1595 3403 1671 reguo'cmlorum
3479 1616 3486 1623 π

1822 1697 2190 1768 persequitur,
2221 1705 2275 1750 et
2301 1693 2450 1750 ducit
2483 1695 2534 1748 in
2569 1695 2818 1748 tenebras
2855 1691 3172 1747 exteriores.
3222 1689 3406 1746 Nescit

1830 1789 2085 1844 Ecclesia:
2112 1788 2198 1842 lex
2224 1787 2306 1841 vel
2334 1786 2596 1841 terminus
2617 1791 2817 1838 sectam
2841 1783 2953 1837 sive
2975 1781 3405 1844 contentionem;

135 1889 188 1944 in
235 1874 640 1957 bencplaCituin
683 1885 820 1953 ejus,
863 1892 918 1940 et
959 1885 1010 1938 in
1064 1883 1403 1939 commodum
1456 1889 1722 1944 nostrum,
1755 1874 1798 1934 Β
1827 1881 1919 1935 sed
1944 1881 2083 1934 sicut
2108 1877 2523 1933 novitcoutlteri
2545 1891 2705 1930 unum
2731 1874 3198 1944 baptisma,uuam
3225 1871 3409 1938 ﬁdem,

136 1977 569 2032 Christianorum
609 1973 856 2030 videlicet
899 1988 1082 2028 curam
1111 1969 1388 2035 facientes,
1417 1979 1473 2025 et
1496 1970 1726 2024 maxime

139 2081 278 2122 nunc
343 2065 710 2120 ecclesiastica
767 2063 978 2133 negotia
1035 2061 1324 2132 diligenter
1382 2069 1437 2115 et
1503 2059 1728 2114 sollicite

139 2159 571 2220 considerantes,
609 2172 718 2225 quo
746 2171 988 2209 summus
1028 2154 1282 2208 sacerdos
1331 2153 1383 2207 in
1428 2153 1530 2206 hac
1581 2152 1727 2223 regia

139 2251 272 2304 urbe
315 2262 418 2302 sua
469 2247 909 2308 constitueretur,
959 2245 1010 2298 in
1057 2259 1168 2298 sua:
1226 2242 1438 2313 pietatis
1489 2241 1727 2296 animum

142 2355 224 2392 mc
250 2345 684 2407 assumpserunt,
711 2345 788 2402 et,
809 2343 867 2388 ut
895 2334 1232 2388 manifestum
1259 2334 1388 2388 mihi
1418 2333 1732 2386 redderetur

141 2429 279 2500 quod
309 2427 584 2484 consiliati
617 2437 761 2491 sunt,
795 2432 1184 2496 praeceperunt.
1221 2425 1354 2479 Cum
1386 2439 1486 2496 ego
1513 2425 1615 2480 hoc
1645 2439 1730 2478 me

143 2521 424 2593 indignum
453 2532 575 2574 esse
601 2515 1028 2587 pronuntiarem,
1066 2525 1122 2571 et
1161 2515 1362 2569 nullam
1407 2515 1730 2569 condescen-

144 2613 356 2668 siouem
400 2611 634 2665 facerem
683 2608 888 2680 (utpote
929 2608 1021 2677 qui
1065 2607 1250 2678 jugum
1303 2604 1460 2674 hujus
1508 2605 1734 2659 sarcina:

143 2714 366 2773 portare
387 2711 442 2756 et
464 2696 688 2756 sufferre
713 2714 818 2753 non
844 2696 1100 2769 possem),
1125 2697 1406 2764 jusserunt
1428 2713 1514 2752 me
1539 2696 1730 2751 adduci

147 2803 266 2847 ante
295 2790 496 2846 faciem
527 2797 783 2854 vestram,
822 2803 920 2857 pro
949 2802 1014 2841 eo
1045 2785 1184 2856 quod
1227 2796 1279 2840 et
1319 2787 1479 2857 hujus
1524 2785 1732 2841 consilii

148 2879 443 2950 participes
478 2875 650 2932 eﬂeeti
674 2876 812 2932 sitis.
837 2875 904 2930 Et
924 2889 1088 2940 nunc,
1111 2875 1211 2928 viri
1235 2875 1517 2929 Dominum
1543 2874 1735 2929 timen-

151 2978 250 3035 tes,
285 2977 348 3024 et
385 2982 509 3023 eum
552 2982 764 3037 semper
807 2967 860 3021 in
905 2966 1158 3022 cordibus
1205 2965 1402 3020 vestris
1451 2965 1731 3028 habentes,

150 3073 241 3114 vos
289 3058 407 3123 aio,
461 3058 552 3127 qui
595 3056 794 3112 Christi
841 3056 1140 3120 vocatione,
1189 3056 1302 3110 veri
1347 3055 1596 3109 videlicet
1642 3054 1734 3109 Dei

153 3149 348 3214 nostri,
373 3146 723 3202 nominamini
739 3145 1058 3212 Christiani;
1082 3146 1262 3200 audite
1282 3146 1460 3199 brevis
1473 3145 1738 3200 sermonis

1830 1974 1901 2027 ita
1928 1979 1983 2026 et
2009 1969 2352 2025 concordiam
2392 1983 2550 2022 unam
2590 1967 2644 2020 in
2683 1966 2826 2020 omni
2857 1963 3225 2019 ecclesiastico
3251 1975 3412 2032 nego-

1831 2062 1922 2117 tio.
1980 2060 2118 2116 Nihil
2152 2060 2295 2115 enim
2335 2067 2417 2114 est
2459 2059 2511 2113 in
2550 2062 2837 2125 conspectu
2867 2055 2958 2109 Dei
2992 2064 3099 2110 tam
3127 2061 3410 2122 acceptum

1829 2162 1989 2222 atque
2017 2150 2295 2222 placabile,
2327 2164 2486 2219 quam
2518 2157 2577 2201 ut
2598 2163 2762 2201 unum
2788 2147 2976 2206 simus,
3007 2153 3061 2199 et
3087 2160 3190 2199 una
3217 2143 3418 2198 clllcia-

1832 2260 1954 2299 mur
1981 2244 2218 2299 Ecclesia
2262 2241 2548 2304 catholica,
2595 2237 3045 2310 quemadmodum
3090 2237 3142 2290 in
3189 2236 3417 2290 sincera:

1831 2345 2027 2392 nostra;
2064 2334 2185 2389 ﬁdei
2229 2333 2471 2405 symbolo
2519 2331 2858 2386 conﬁtemur.
2911 2328 2977 2382 Et
3021 2328 3253 2397 petimus
3291 2315 3416 2390 nos,

1832 2428 2046 2493 fratres,
2071 2436 2130 2482 ut
2150 2439 2275 2481 reor
2301 2431 2355 2479 et
2381 2439 2493 2484 vos,
2523 2424 2773 2493 quoniam
2797 2423 2908 2476 scio
2931 2436 3026 2475 vos
3050 2421 3297 2474 timorem
3323 2415 3419 2474 Dei

1833 2520 2054 2580 habere,
2095 2534 2124 2571 a
2160 2515 2417 2588 piissimis
2447 2523 2499 2570 et
2533 2513 2846 2568 orthodoxis
2878 2511 3291 2579 imperatoribus
3322 2524 3420 2562 no-

1833 2610 1960 2664 stris
1990 2609 2251 2681 synodum
2275 2606 2630 2662 nniversalem
2654 2603 2830 2674 colligi
2856 2620 2869 2656 :
2897 2601 2956 2656 ut
2981 2601 3275 2656 etliciamur
3300 2611 3419 2661 nos,

1831 2705 1920 2774 qui
1950 2703 2106 2757 unius
2127 2702 2220 2757 Dei
2249 2716 2452 2764 sumus,
2486 2714 2648 2754 unum
2668 2706 2752 2761 ;et
2771 2696 2860 2766 qui
2884 2695 3165 2749 Trinitatis
3187 2691 3422 2747 cultores

1832 2792 2137 2855 existimas,
2164 2791 2298 2844 uniti
2318 2799 2371 2844 et
2397 2789 2678 2842 unanimes
2698 2796 2752 2842 et
2773 2785 3016 2853 collegae;
3037 2792 3091 2838 et
3116 2782 3206 2852 qui
3231 2780 3422 2849 capitis

1837 2885 2003 2940 nostri
2028 2878 2226 2939 Christi
2241 2895 2447 2943 sumus,
2469 2877 2764 2936 efﬁciamur
2785 2890 2980 2945 corpus
2997 2889 3181 2938 unum,
3205 2886 3425 2940 compa-

1835 2985 1980 3031 ctum
2003 2987 2164 3046 atque
2201 2989 2500 3030 connexum
2533 2973 2730 3042 :etqui
2753 2971 2925 3026 sancti
2950 2969 3183 3039 Spiritus
3216 2982 3423 3028 sumus,

1836 3063 2130 3120 eﬂieiamur
2145 3076 2248 3118 non
2267 3073 2452 3118 contra
2471 3063 2719 3127 invicem,
2745 3063 2835 3116 sed
2858 3076 2954 3130 pro
2975 3059 3200 3114 invicem
3232 3065 3318 3112 :et
3335 3057 3427 3124 qui

1838 3155 2084 3210 veritatis
2097 3155 2402 3218 existimus,
2420 3152 2714 3208 efﬁciamur
2737 3153 2964 3222 idipsum
2982 3152 3251 3220 sapientes
3265 3158 3429 3218 atque

155 3240 218 3294 ab
262 3237 566 3310 exiguitate
609 3252 673 3293 ac
711 3237 1011 3293 humilitate
1054 3248 1236 3292 nostra
1283 3237 1566 3293 rationem.
1624 3237 1736 3307 Ego

1846 3251 2097 3315 dicentes,
2140 3257 2196 3303 et
2231 3263 2335 3303 non
2360 3249 2429 3304 sit
2464 3249 2514 3302 in
2546 3247 2698 3302 nobis
2742 3257 3015 3301 certamen
3055 3245 3168 3298 sive
3215 3243 3427 3298 dissen-

157 3333 374 3403 quidem
401 3330 661 3404 quidquid
690 3331 950 3400 piissimis
987 3331 1400 3400 imperatoribus
1442 3330 1642 3384 nostris
1685 3339 1740 3382 et

155 3437 249 3493 per
269 3420 458 3477 omnia
485 3420 798 3476 orthodoxis
823 3421 1214 3491 responderim,
1247 3421 1407 3475 etiam
1436 3421 1488 3474 iu
1517 3435 1743 3490 conspe-

159 3523 242 3568 ctu
271 3524 460 3570 vestro
489 3512 712 3566 rationis
731 3528 864 3567 mea:
892 3511 1138 3582 apologis
1169 3512 1483 3582 respondeo.
1527 3511 1744 3566 Timore

58 3653 68 3668 ,
161 3605 440 3676 deprimor
483 3601 549 3656 ad
586 3602 1025 3658 consentiendum
1055 3601 1182 3656 huic
1209 3601 1480 3666 electioni,
1512 3610 1568 3656 et
1593 3617 1743 3657 reve-

163 3713 282 3752 reor
328 3711 364 3750 a
409 3693 550 3750 facie
593 3693 685 3748 Dei
736 3709 956 3749 currere
1007 3683 1189 3748 taliter
1233 3702 1290 3748 et
1345 3694 1747 3763 quomodolibct

169 3789 635 3857 incircumspecte,
663 3795 724 3840 ut
753 3802 860 3841 non
889 3786 1471 3842 terribili-damnationi
1491 3775 1746 3840 succum-

168 3883 307 3935 lam.
333 3877 782 3934 Sienim‘Paulus
796 3877 1010 3933 divinus
1035 3877 1331 3947 apostolus,
1356 3877 1448 3949 qui
1477 3877 1568 3933 Dei
1593 3861 1751 3933 vaces

169 3971 390 4034 audivit,
408 3969 714 4038 coelumque
733 3969 920 4024 habuit
945 3975 1309 4048 correptorem
1336 3967 1451 4040 [Gn
1477 3968 1747 4034 scholam;

171 4061 272 4127 aL,
330 4059 790 4131 correptionem},
835 4068 891 4115 et
937 4061 1174 4130 paradisi
1224 4061 1496 4132 inspector
1533 4061 1754 4118 etiectus

172 4143 606 4222 csL‘audivitque
637 4167 834 4206 arcana
867 4152 1048 4217 verba,
1089 4161 1143 4207 et
1175 4153 1409 4223 portavit
1440 4170 1636 4209 nomen
1661 4154 1754 4210 Dei

175 4246 226 4300 in
248 4252 545 4314 conspectu
578 4242 853 4297 nationum
877 4252 931 4298 et
953 4257 1160 4313 regum,
1190 4242 1484 4298 Corinthiis
1516 4245 1758 4300 scribens

179 4335 386 4390 dicebat
423 4351 438 4388 :
476 4332 560 4387 Ne
590 4333 723 4402 forte
759 4349 875 4386 cum
913 4333 1033 4388 aliis
1071 4334 1482 4403 pra’dicaverim,
1527 4337 1635 4406 ipse
1679 4352 1759 4390 re-

179 4426 362 4495 probus
409 4425 605 4497 rlﬁciar
653 4422 704 4495 (I
753 4422 878 4479 Cor.
931 4427 1054 4496 ix);
1109 4425 1376 4494 quomodo
1418 4439 1518 4496 ego
1565 4426 1656 4496 qui
1703 4425 1758 4481 in

183 4517 378 4572 mundo
424 4523 796 4578 conversatus,
851 4525 906 4570 et
953 4530 1074 4570 cum
1126 4516 1278 4572 laicis
1321 4526 1758 4581 connumeratus,

1839 3341 1947 3395 sio:
1965 3349 2133 3410 utpax
2149 3339 2265 3403 Dei,
2283 3355 2401 3408 qua:
2415 3345 2704 3407 exsuperat
2717 3349 2930 3391 omnem
2947 3350 3158 3390 sensum
3179 3374 3194 3399 ,
3223 3331 3431 3387 muniat

1839 3445 2027 3487 omnes
2048 3445 2144 3486 nos
2171 3450 2182 3484 :
2212 3439 2267 3484 ct
2295 3431 2338 3485 si
2363 3425 3190 3500 quidemjnsserintorthodoxia:
3228 3437 3429 3492 propu—

1841 3536 2126 3593 gnarures,
2164 3523 2516 3591 imperatores
2553 3517 2796 3572 videlicet
2837 3511 3044 3579 nostri,
3088 3511 3432 3583 postulationi

1843 3631 1975 3671 mea:
2006 3615 2163 3685 justas
2203 3625 2463 3675 annuere,
2495 3608 2773 3663 consentio
2811 3617 2864 3660 et
2901 3619 3022 3676 ego,
3053 3612 3109 3659 et
3129 3604 3430 3672 jussioucm

1845 3720 2029 3761 eorum
2079 3702 2310 3773 implebo
2353 3720 2366 3754 :
2413 3701 2492 3754 siu
2542 3708 2718 3754 autem
2745 3740 2759 3762 ,
2815 3694 3143 3767 impossibile
3182 3696 3310 3760 mihi
3349 3679 3454 3750 est.

1847 3796 1950 3850 hoc
1994 3794 2170 3848 facere
2197 3833 2211 3858 ,
2263 3806 2331 3847 ne
2379 3789 2634 3858 subjiciar
2681 3787 3057 3854 anathemati,
3097 3797 3150 3842 et
3189 3785 3452 3862 inveniar

1849 3884 2236 3939 condemnatus
2275 3881 2326 3935 in
2364 3881 2450 3935 die
2488 3879 2698 3934 Domini
2737 3879 2906 3935 nostri
2946 3885 3000 3934 et
3030 3878 3161 3948 justi
3197 3876 3432 3954 judicis;

1851 3975 1938 4029 tibi
1979 3990 2152 4044 neque
2190 3975 2482 4043 imperator
2520 3971 2940 4044 [imperatores],
2979 3985 3155 4040 neque
3182 3951 3454 4026 sacerdos

1853 4065 2230 4139 [sacerdotes],
2271 4079 2442 4135 neque
2480 4065 2729 4135 princeps
2766 4059 3100 4135 [principes],
3137 4075 3308 4130 neque
3339 4059 3441 4116 bo-

1855 4158 2057 4210 tninum
2097 4154 2382 4209 multitudo
2422 4155 2617 4224 poterit
2654 4154 2862 4224 eripere
2915 4169 3028 4216 me;
3076 4160 3131 4206 et
3179 4149 3439 4222 quidquid

1855 4247 2115 4318 placuerit
2149 4241 2299 4301 vobis
2327 4287 2340 4308 ,
2382 4245 2576 4300 fratres
2608 4285 2621 4310 ,
2661 4245 2784 4299 date
2823 4244 3078 4314 apologia:
3117 4259 3248 4298 mea}
3275 4283 3290 4309 ,
3329 4243 3442 4298 imo

1858 4354 1987 4395 vero
2024 4338 2265 4410 petitioni
2304 4353 2437 4393 mea:
2472 4352 2809 4410 responsum.
2869 4337 2934 4391 Et
2982 4337 3210 4392 libenter
3252 4337 3438 4392 audie-

1860 4439 1987 4484 runt
2021 4443 2210 4484 omnes
2249 4442 2369 4498 qua:
2407 4428 2549 4482 dicta
2585 4437 2730 4490 sunt,
2763 4441 3086 4481 consensum
3117 4426 3440 4495 praebentes,

1861 4530 1919 4576 ut
1960 4521 2111 4575 ﬁeret
2147 4521 2403 4592 synodus.
2443 4519 2671 4586 Quidam
2703 4525 2879 4572 autem
2921 4518 3172 4587 perpauci
3205 4532 3272 4572 ex
3311 4517 3443 4572 insi-

186 4605 544 4674 imperatoriis
595 4605 1078 4660 ministrationibus
1120 4605 1376 4671 militavi,
1425 4607 1505 4660 sic
1552 4607 1754 4676 absque
1785 4599 2126 4683 Dpientibus
2159 4611 2493 4666 differebant.
2534 4609 2603 4662 At
2623 4624 2752 4662 vero
2773 4608 2916 4678 quia
2944 4609 3188 4673 secretis,
3229 4623 3443 4664 rursum

188 4696 559 4764 dijudicatioue
593 4703 754 4766 atque
789 4695 1268 4766 circumspectione
1297 4712 1514 4766 possum
1553 4697 1757 4753 insilire

189 4786 252 4842 ad
289 4787 574 4843 sacerdotii
619 4787 1080 4858 magnitudinem?
1117 4788 1456 4842 liorrendum
1497 4803 1756 4844 conamen

193 4879 255 4933 ad
307 4880 648 4950 exiguitatem
706 4863 878 4933 meam
911 4919 926 4944 ,
971 4887 1027 4936 et
1074 4879 1420 4935 temerarium
1461 4878 1702 4960 .studium
1739 4895 1754 4944 ;

192 4983 349 5024 causa
379 4984 510 5028 vero
543 4969 769 5033 timoris,
814 4976 870 5023 et
902 4983 1034 5023 mea:
1074 4968 1433 5034 reiutationis,
1477 4970 1592 5024 haec
1635 4979 1755 5025 est:

194 5061 404 5137 Aspicio
439 5062 581 5118 enim
619 5071 674 5118 et
709 5061 860 5118 video
896 5063 1190 5119 Ecclesiam
1224 5105 1240 5130 ,
1288 5080 1407 5135 qua:
1457 5080 1618 5134 super
1669 5080 1759 5134 pe-

199 5159 330 5205 tram
356 5152 625 5208 Christum
651 5151 817 5208 Deum
843 5160 1085 5207 nostrum
1122 5151 1340 5208 fundata
1383 5161 1487 5217 est,
1535 5153 1760 5208 scissam

198 5252 336 5293 nunc
370 5249 424 5293 et
454 5239 700 5305 divisam,
731 5249 783 5295 et
813 5256 910 5296 nos
939 5239 1070 5296 alias
1100 5251 1259 5312 atque
1287 5241 1439 5296 aliter
1465 5243 1761 5310 loquentes,

199 5335 252 5380 et
276 5327 432 5382 aliter
455 5343 548 5384 eos
571 5328 906 5386 Christianos
941 5331 1032 5402 qui
1063 5330 1117 5384 in
1145 5331 1364 5386 Oriente
1399 5332 1558 5387 unius
1585 5332 1764 5386 nobis-

201 5433 320 5475 eum
344 5430 465 5475 sunt
484 5422 634 5488 ﬁdei;
661 5424 753 5479 sed
779 5433 833 5478 et
860 5425 946 5480 his
958 5425 1348 5480 concordantes
1367 5424 1761 5491 Occidentales,

205 5517 259 5562 et
281 5525 380 5564 nos
407 5513 474 5566 ab
497 5513 744 5568 omnibus
789 5515 892 5570 illis
927 5515 1186 5570 alienatos
1203 5555 1218 5580 ,
1248 5525 1302 5574 et
1326 5528 1442 5571 a'se
1464 5531 1561 5586 per
1587 5516 1769 5587 singu-

207 5599 284 5655 los
326 5602 439 5658 dies
479 5605 959 5660 anathematizatos
1013 5606 1230 5661 habere.
1294 5607 1417 5662 Dira
1449 5595 1638 5676 poena
1687 5616 1770 5661 est

1865 4706 1931 4760 ad
1969 4704 2221 4775 populum
2269 4703 2548 4771 disputans
2585 4701 2977 4770 respondebat,
3023 4700 3146 4769 quia
3193 4699 3446 4754 dominus

1863 4795 1974 4850 Leo
2011 4795 2301 4863 imperator
2339 4791 2601 4847 subvertit
2646 4791 2936 4860 imagines;
2992 4801 3046 4846 et
3095 4791 3310 4861 quando
3363 4805 3447 4862 sy.

1864 4889 2037 4944 nodus
2071 4887 2214 4941 facta
2252 4894 2374 4951 est,
2413 4885 2701 4940 subversas
2748 4883 2863 4938 illas
2907 4884 3109 4938 invenit
3154 4901 3168 4937 :
3210 4892 3264 4938 et
3300 4886 3442 4954 quod

1864 4987 2085 5049 propter
2122 4974 2519 5046 imperatoriam
2559 4989 2777 5028 manum
2823 4973 3093 5027 subversa:
3129 4981 3299 5039 sunt,
3340 4974 3443 5028 ite-

1867 5081 1986 5121 rum
2025 5066 2370 5136 quaestionem
2406 5062 2566 5118 habet
2615 5063 2756 5118 idem
2791 5062 3082 5132 capitulum
3113 5079 3127 5128 ;
3186 5063 3446 5132 quoniam

1865 5158 2138 5225 antiquam
2177 5153 2617 5210 consuetudinem
2653 5153 2707 5206 in
2745 5151 2983 5206 Ecclesia
3027 5153 3273 5207 traditam
3311 5169 3447 5225 prae-

1866 5252 2248 5314 sumpserunt,
2289 5243 2426 5297 sicut
2474 5241 2552 5296 eis
2600 5240 2807 5294 libitum
2859 5238 2994 5304 fuit,
3043 5242 3446 5311 exterminare,

1866 5334 1960 5390 sed
1997 5334 2198 5389 veritas
2232 5332 2325 5386 Dei
2365 5346 2471 5386 non
2521 5339 2604 5386 est
2639 5329 2874 5401 alligata.
2933 5330 3219 5387 Promotus
3265 5339 3446 5386 autem

1866 5421 2080 5492 scripsit
2115 5421 2399 5493 synodicas
2435 5420 2643 5476 litteras
2681 5419 3034 5489 patriarcbis,
3075 5419 3284 5480 Roma,
3320 5417 3450 5474 Ale-

1871 5515 2127 5578 xandriae,
2166 5511 2483 5574 Antiochiae,
2523 5520 2578 5566 et
2609 5520 2806 5566 sancta:
2842 5511 3096 5575 civitatis,
3136 5524 3270 5580 quas
3299 5509 3452 5564 imo-

1871 5606 1988 5662 nies
2023 5606 2059 5660 2
2096 5614 2145 5659 et
2183 5605 2218 5659 5
2255 5603 2463 5658 actione
2497 5616 2616 5656 cum
2660 5603 2933 5672 rescriptis
2969 5616 3173 5658 eorum.

1366 5815 2267 5845 η-υν--σ-ιςνψ-α-ι

643 5879 910 5949 Parnm.
956 5884 1245 5950 CXXIX.
