3924 5658
547 409 652 464 203

1703 406 1838 464 ANA
1852 406 2068 462 STASII
2107 402 2554 462 BlBLlOTIlECA
2566 403 2652 459 Rll

3689 397 3792 458 261

1629 623 2311 768 CONSCBIPTIO
2371 683 2730 762 BREVIS

1492 864 1787 926 Indicans
1821 881 1952 944 quis
1975 864 2144 943 facta
2171 868 2315 921 sunt
2345 867 2485 921 ante
2511 861 2840 939 synodum.

2097 1025 2410 1042 u—ﬂ

609 1138 959 1193 Venientibns
984 1144 1164 1206 itaque
1190 1151 1218 1188 a
1249 1134 1414 1188 Roma
1445 1133 1660 1203 quidem
1684 1133 1846 1187 Petro
1869 1141 1923 1186 et
1951 1131 2112 1184 Petro
2139 1136 2187 1192 Α
2217 1129 2492 1201 synodicis
2536 1129 2881 1200 conscriptis,
2912 1145 3032 1199 qua:
3075 1129 3366 1200 perhibent
3413 1144 3520 1183 non
3553 1137 3801 1199 oportere

539 1234 650 1288 Deo
677 1230 1018 1286 amicissimis
1057 1227 1408 1298 presbyteris,
1439 1235 1492 1280 et
1514 1224 1883 1279 deferentibus
1923 1221 2115 1292 prtela-

538 1336 621 1380 tas
652 1325 860 1379 litteras
893 1341 905 1377 :
933 1325 1000 1377 ab
1030 1320 1250 1376 Oriente
1281 1334 1428 1383 vero,
1457 1316 1663 1372 Joanne
1689 1326 1744 1371 et
1771 1315 1979 1370 Thoma
2024 1329 2113 1369 re-

535 1413 938 1469 verendissimis
985 1411 1316 1482 presbyteris
1355 1417 1410 1462 et
1451 1407 1733 1462 monachis
1784 1415 1947 1475 atque
1981 1421 2110 1475 syn-

535 1507 686 1562 cellis
731 1505 1158 1575 patriarcharum
1209 1503 1406 1558 ibidem
1461 1501 1841 1565 existentinm,
1884 1508 1938 1555 et
1985 1499 2114 1569 ipsis

532 1597 650 1667 pari
677 1597 836 1651 modo
865 1594 1232 1650 deferentibus
1270 1602 1597 1663 pramotatas
1639 1591 1869 1655 litteras,
1911 1604 2114 1661 prtece-

532 1697 728 1759 perunt
773 1688 1161 1742 instauratores
1213 1681 1634 1755 [moderatores]
1665 1681 1875 1752 imperii
1911 1695 2111 1735 conve-

532 1782 650 1836 nire
680 1779 980 1849 episcopos.
1022 1777 1122 1844 Qui
1154 1792 1276 1830 cum
1315 1775 1690 1846 pervenissent
1738 1774 1792 1828 in
1823 1787 2112 1828 conserva-

531 1882 640 1927 tam
673 1887 702 1926 a
735 1872 842 1925 Deo
867 1879 921 1925 et
950 1870 1150 1940 regiam
1185 1868 1395 1932 urbem,
1427 1865 1563 1936 apud
1598 1864 1883 1919 Thraciam
1930 1878 2111 1918 moras

531 1962 802 2018 faciebant
831 1959 1188 2030 potentissimi
1223 1959 1517 2029 principes.
1571 1955 1761 2011 Plures
1811 1965 1990 2010 autem
2041 1970 2108 2009 ex

529 2053 662 2125 ipsis
690 2049 1003 2124 [episcopis]
1049 2050 1101 2104 in
1133 2049 1327 2105 barresi
1373 2047 1710 2104 Christianos
1739 2047 2108 2101 accusantium

526 2142 752 2200 volntati
810 2141 1204 2198 conturbabant
1261 2153 1366 2194 una
1434 2154 1558 2194 cum
1624 2137 1944 2208 quibusdam
2002 2151 2106 2191 non

525 2247 696 2302 pauco
727 2246 952 2286 numero
985 2230 1154 2295 laicis,
1195 2245 1300 2283 non
1342 2228 1731 2284 admittendum
1765 2227 1832 2281 ad
1875 2226 2107 2281 ellicien-

524 2326 647 2380 dam
662 2324 958 2396 synodum,
984 2323 1076 2377 sed
1105 2321 1551 2378 consentiendum
1583 2318 1906 2388 depositioni
1929 2327 1983 2372 et
2027 2317 2108 2371 in-

518 2412 676 2481 inrise
725 2411 1112 2466 venerabilium
1174 2409 1511 2480 imaginum;
1572 2417 1628 2463 et
1675 2406 1938 2463 factiones
1998 2421 2105 2460 non

2217 1222 2505 1292 aliquando
2533 1223 2796 1292 synodum
2823 1219 3178 1275 universalem
3205 1221 3320 1275 lieri
3348 1229 3548 1290 przeler
3573 1233 3801 1276 consen-

2215 1329 2334 1368 sum
2398 1323 2716 1369 czeterorum
2781 1314 3248 1370 sanetissimornm
3314 1316 3796 1386 patriarcharum:

2214 1421 2443 1476 cumque
2484 1406 2794 1476 legerentur
2816 1407 2949 1472 haec,
2982 1405 3122 1460 facta
3146 1415 3229 1460 est
3266 1406 3421 1461 turba
3463 1405 3722 1470 militum,
3751 1416 3803 1461 ct

2214 1508 2339 1555 ante
2359 1497 2556 1565 ianuas
2593 1499 2886 1554 venerandi
2916 1499 3096 1568 templi
3140 1498 3469 1553 simultatem
3499 1506 3556 1552 et
3596 1497 3798 1552 clamo-

2214 1607 2329 1646 rem
2361 1591 2650 1654 faciebant,
2682 1591 2774 1660 qui
2805 1605 2872 1645 ex
2909 1589 3270 1644 snbmissione
3307 1589 3666 1658 quorumdam
3699 1589 3802 1658 epi-

2214 1698 2525 1752 scoporum,
2576 1683 2666 1752 qui
2700 1683 2752 1736 in
2799 1683 3006 1753 synodo
3051 1681 3192 1736 male
3236 1681 3572 1745 sentiebant,
3603 1680 3676 1734 ad
3705 1679 3800 1734 hoc

2214 1774 2367 1837 moti,
2395 1773 2592 1844 reperti
2639 1782 2766 1828 sunt
2796 1788 2937 1828 esse.
2976 1771 3182 1838 Quibus
3211 1772 3468 1841 peractis,
3513 1771 3800 1840 imperium

2211 1883 2309 1938 per
2328 1867 2719 1923 cubicularium
2742 1867 2890 1922 omni
2913 1866 3122 1937 synodo
3143 1865 3307 1936 jussit
3333 1864 3515 1919 dicere
3540 1881 3555 1917 :
3578 1863 3799 1918 Interim

2212 1961 2507 2025 abscedite,
2552 1970 2612 2014 ιιι
2659 1960 2838 2030 populi
2895 1959 3260 2014 inordinatum
3289 1959 3550 2029 impetum
3605 1958 3802 2013 evada-

2211 2067 2361 2116 mus;
2396 2061 2450 2105 et
2491 2052 2717 2120 posthac
2745 2049 2993 2105 voluntas
3024 2049 3234 2104 Domini
3265 2048 3357 2104 ﬁet
3398 2066 3412 2102 :
3451 2048 3634 2103 taliter
3659 2047 3803 2118 quod

2210 2143 2549 2198 antistitibus
2579 2157 2609 2198 e
2641 2142 2838 2213 templo
2866 2141 3292 2212 egredientibus,
3333 2139 3556 2210 quidam
3610 2155 3800 2195 eorum

2207 2234 2427 2290 veritati
2470 2234 2788 2288 resistentes
2841 2247 2961 2287 cum
3007 2231 3164 2286 turba
3210 2230 3704 2292 concinnaverunt,
3748 2238 3802 2282 et

2211 2325 2374 2395 impie
2401 2323 2848 2379 declamationem
2886 2322 3150 2377 faciebant
3179 2319 3573 2390 pseudosyllogi
3611 2319 3666 2390 (ι
3697 2317 3800 2373 Sed

2209 2414 2496 2469 catholicus
2521 2415 2743 2484 scriptor
2785 2413 3148 2467 hrcreticorunt
3183 2410 3608 2476 conciliabulum,
3660 2412 3798 2480 quod

522 2516 744 2571 paucas,
793 2509 848 2556 et
896 2499 1296 2555 susurrationes
1346 2507 1533 2554 contra
1564 2497 1931 2568 patriarcbam
1965 2491 2182 2552 com-B
2211 2513 2329 2558 αηεε
2372 2504 2505 2556 hanc
2531 2503 2790 2574 synodum
2843 2501 3041 2570 factum
3087 2509 3184 2566 est,
3233 2499 3474 2571 quodque
3524 2499 3796 2568 septimam

524 2591 828 2655 movebant,
871 2589 946 2644 ita
979 2599 1038 2643 ut
1072 2588 1442 2644 conventicula
1491 2587 1754 2643 facerent.
1807 2585 1932 2641 Haec
1975 2600 2104 2656 ergo

521 2680 926 2736 consiliantibus
970 2679 1096 2744 illis,
1125 2693 1286 2733 aures
1315 2693 1418 2732 non
1456 2677 1613 2732 latuit
1641 2675 1986 2748 patriarchm,
2010 2673 2104 2730 sed

519 2774 696 2828 adhuc
721 2771 1076 2828 conciliabula
1119 2787 1214 2827 sua
1248 2771 1590 2837 facientibus,
1619 2771 1816 2828 direxit
1842 2770 1941 2836 eis,
1975 2769 2102 2840 quia

517 2863 1010 2934 Constantinopolis
1051 2863 1361 2934 episcopum
1409 2863 1588 2928 habet,
1633 2873 1688 2918 et
1717 2871 1914 2932 praeter
1963 2861 2103 2916 noti-

519 2953 647 3006 tiam
683 2952 798 3020 ejus
845 2969 952 3008 non
997 2961 1083 3007 est
1134 2952 1285 3008 vobis
1332 2952 1551 3007 licentia
1595 2950 1968 3006 conventicula
2023 2948 2102 3003 fa-

516 3043 714 3098 ciendi.
747 3042 879 3098 Nam
906 3045 1197 3100 secundum
1236 3059 1474 3099 canones
1519 3044 1838 3114 depositioni
1881 3041 2101 3111 subjici-

517 3137 671 3192 mini.
722 3136 839 3204 Quo
887 3137 1070 3192 audito
1111 3137 1350 3207 episcopi
1408 3146 1754 3191 retraxerunt
1800 3152 1858 3191 se
1907 3137 2100 3190 timore

516 3229 750 3298 quodam
785 3228 1012 3283 obsessi.
1060 3226 1389 3282 latrantibus
1433 3228 1613 3297 itaque
1658 3227 2096 3296 imperatorilms,

513 3327 570 3372 et
594 3318 772 3389 populi
816 3319 1114 3382 ordinibus,
1139 3317 1424 3374 scholariis
1462 3318 1738 3382 videlicet,
1770 3317 2100 3372 excubitori-

513 3409 635 3473 bus,
661 3409 946 3464 etcaeteris
977 3407 1182 3463 militiis
1201 3424 1322 3478 qua:
1353 3408 1653 3462 militabant
1685 3409 1736 3462 in
1769 3408 1912 3478 regia
1941 3408 2095 3472 urbe,

513 3501 768 3558 delinitur
809 3503 921 3556 fieri
954 3503 1192 3573 synodus
1221 3503 1272 3556 in
1315 3501 1603 3557 venerabili
1657 3501 1856 3572 templo
1885 3510 2098 3556 sancto-

512 3606 632 3646 rum
655 3600 710 3645 et
737 3590 1082 3646 laudabilium
1119 3593 1503 3660 apostolorum.
1541 3590 1706 3661 Igitur
1732 3591 1904 3668 pridie
1931 3606 2094 3660 quam

511 3689 686 3735 status
725 3681 842 3736 dies
876 3681 1207 3746 advenisset,
1238 3696 1334 3750 per
1363 3682 1641 3737 meridiem
1669 3681 1925 3737 commoti
1971 3691 2097 3736 sunt

509 3769 712 3825 milites
739 3769 920 3826 furore
948 3770 1242 3837 ferventes,
1274 3773 1646 3842 insaniamqne
1691 3773 1991 3842 spirantes;
2042 3781 2096 3827 et

2205 2593 2461 2664 synodum
2493 2592 2847 2662 appellabant,
2890 2590 3364 2661 pseudosyllogum,
3406 2589 3605 2658 falsum
3638 2589 3796 2644 colle.-

2203 2689 2345 2756 gium
2380 2682 2692 2754 nuncupat),
2720 2692 2780 2737 nt
2809 2683 3091 2753 septimam
3117 2683 3257 2738 hanc
3285 2682 3551 2753 synodum
3595 2680 3797 2736 collau-

2202 2777 2394 2833 dantes
2423 2786 2584 2847 atque
2621 2777 2988 2832 nominantes.
3043 2775 3177 2832 Cum
3224 2789 3356 2846 ergo
3411 2773 3594 2829 taliter
3639 2774 3800 2828 mali-

2201 2885 2363 2942 gnum
2394 2870 2680 2926 concilium
2725 2868 3018 2924 clamorem
3060 2867 3348 2930 emisisset,
3391 2876 3446 2921 et
3475 2867 3611 2920 hora
3650 2872 3796 2919 esset

2201 2963 2352 3033 quasi
2385 2969 2561 3026 sexta,
2594 2961 2813 3016 domum
2856 2958 2969 3027 jam
3016 2958 3320 3013 esurientes
3365 2957 3608 3019 abibant,
3632 2963 3691 3009 et
3722 2957 3794 3009 ita

2201 3054 2491 3110 commotio
2535 3052 2818 3108 seditionis
2871 3051 3043 3120 sopita
3094 3057 3196 3104 est.
3240 3046 3392 3102 Tunc
3437 3047 3794 3117 imperatores

2194 3145 2474 3215 jusserunt
2504 3143 2703 3198 milites
2728 3141 2900 3204 exire,
2937 3139 3090 3209 quasi
3123 3139 3222 3193 sub
3262 3145 3529 3207 pmtextu
3573 3136 3790 3205 quidem

2203 3234 2413 3290 hostilis
2437 3233 2599 3298 aciei,
2625 3233 2815 3310 dantes
2841 3229 3060 3294 famam,
3085 3228 3227 3299 quod
3253 3242 3386 3298 gens
3412 3228 3789 3296 Agarenornm

2200 3325 2467 3381 hostiliter
2511 3324 2703 3379 fuisset
2731 3336 2966 3392 egressa.
2997 3320 3055 3375 In
3099 3319 3329 3374 veritate
3375 3326 3558 3371 autem
3587 3327 3686 3370 eos
3715 3313 3792 3368 fo-

2200 3430 2290 3469 ras
2338 3414 2607 3484 pellebant
2636 3413 2701 3467 de
2748 3412 2893 3481 regia
2926 3411 3165 3465 civitate.
3211 3408 3352 3478 Ergo
3376 3421 3502 3461 cum
3534 3401 3791 3459 fecissent

2201 3505 2287 3560 isti
2323 3506 2468 3559 viam
2498 3518 2667 3573 usque
2696 3502 2762 3556 ad
2815 3500 3168 3571 Malagenam,
3223 3514 3322 3569 per
3354 3496 3662 3565 iussionem
3701 3509 3789 3550 eo-

2200 3613 2317 3651 rum
2367 3611 2557 3651 omnes
2605 3594 2950 3665 expellebant
2990 3593 3194 3663 pariter
3228 3599 3285 3646 et
3332 3589 3786 3659 aspernabantur,

2199 3703 2266 3742 ne
2295 3687 2485 3742 horum
2522 3701 2650 3740 cura
2689 3685 2844 3739 fieret
2891 3683 2966 3755 [et
3011 3682 3372 3743 dimittebant,
3405 3678 3551 3750 quod
3597 3693 3786 3733 eorum

2197 3793 2360 3847 opera
2403 3785 2508 3831 no‘n
2565 3775 2910 3846 indigerent],
2955 3773 3206 3844 jubentes
3251 3768 3493 3840 singulos
3537 3768 3696 3824 abire
3732 3766 3784 3821 in

509 3862 789 3916 venientes
844 3861 910 3916 ad
962 3861 1188 3916 luterem
1233 3871 1432 3918 sancta:
1479 3863 1760 3918 catholicae
1813 3862 2092 3928 Ecclesim,
2122 3853 2167 3916 C
2197 3869 2428 3939 patriam
2459 3883 2632 3924 suam.
2669 3867 2874 3933 Quibus
2900 3866 2973 3920 ita
3000 3863 3258 3934 peractis,
3300 3860 3504 3916 mansit
3543 3859 3783 3916 Ecclesia

511 3951 656 4004 aliud
695 3959 856 4021 atque
888 3949 1033 4006 aliud
1071 3952 1399 4008 clamabant.
1433 3952 1537 4008 Sed
1584 3969 1686 4008 vox
1741 3954 1984 4008 omnium
2036 3954 2092 4008 in

509 4056 677 4094 unttm
735 4041 1147 4108 terminabatur,
1171 4043 1302 4116 quia
1333 4043 1582 4098 videlicet
1619 4059 1725 4099 non
1781 4055 1925 4100 esset
1969 4059 2092 4114 per-

507 4131 733 4185 missum
763 4129 879 4185 ﬁeri
907 4133 1190 4201 synodum.
1216 4132 1386 4188 Porro
1406 4135 1713 4204 patriarcha
1737 4134 1902 4190 relata
1927 4151 2090 4190 causa

507 4222 944 4292 imperatoribus,
994 4239 1332 4295 nequaquam
1374 4227 1681 4295 prohibitus
1709 4236 1824 4294 est,
1882 4229 2091 4296 quomi-

508 4329 610 4368 nus
641 4313 795 4369 fieret
822 4315 1195 4386 episc0pornm
1223 4328 1517 4374 conventus
1551 4319 1602 4373 in
1636 4320 1891 4390 prtedicto
1925 4335 2086 4376 vene-

508 4404 665 4459 rabili
697 4405 891 4476 templo
929 4405 1046 4478 [σι’.
1073 4408 1222 4472 add.,
1256 4409 1349 4465 sed
1381 4409 1640 4478 postridie
1663 4409 1805 4464 facta
1841 4420 1925 4466 est
1961 4425 2085 4466 con-

506 4494 748 4565 gregatio
773 4495 1147 4566 episcoporum
1176 4496 1230 4552 in
1259 4497 1434 4570 ipso];
1475 4497 1742 4569 factisque
1764 4500 2085 4570 quibusdam

505 4583 918 4643 allocutionibus
961 4598 1071 4643 tam
1116 4605 1146 4644 a
1188 4591 1531 4647 sanctissimo
1563 4592 1891 4662 patriarcha,
1923 4607 2084 4662 quam

500 4679 673 4738 aDeo
701 4683 1022 4740 amabilibns
1066 4686 1415 4753 antistitibus,
1461 4695 1515 4741 et
1562 4685 1715 4742 lectis
1763 4687 2083 4756 quibusdam

573 4805 604 4837 ⁸
633 4793 806 4851 Verba
835 4795 1128 4852 Anastasii.

2194 3976 2337 4015 anno
2367 3975 2474 4016 uno
2504 3960 2710 4029 quieta,
2769 3955 3141 4011 tantummodo
3196 3952 3511 4025 patriarcha
3559 3952 3782 4007 verbum

2194 4054 2442 4109 veritatis
2470 4053 2722 4108 onmibus
2767 4044 3116 4122 praedicante.
3150 4049 3216 4104 Et
3249 4063 3373 4103 mox
3405 4061 3552 4102 anno
3597 4055 3777 4101 trans-

2196 4157 2339 4210 acto,
2371 4146 2545 4200 demto
2575 4144 2961 4213 praecipiebant
3014 4132 3242 4212 piissimi
3299 4140 3682 4209 imperatores,
3727 4143 3783 4189 ιιι

2196 4239 2351 4293 ﬁeret
2376 4237 2622 4307 synodus
2645 4235 2698 4288 in
2738 4233 3080 4290 Nicenorum
3123 4231 3452 4300 metropoli:
3495 4239 3553 4285 et
3580 4243 3781 4299 praece-

2193 4337 2344 4398 ptum
2391 4326 2709 4382 deveniebat
2754 4326 2809 4380 in
2861 4326 3042 4390 tinem,
3075 4321 3342 4393 episcopis
3371 4319 3529 4390 quasi
3559 4330 3780 4388 congre-

2195 4421 2334 4488 gatis
2365 4417 2654 4491 [episcOpis
2683 4433 2728 4472 s.
2771 4415 2954 4488 cong.]
2985 4416 3036 4470 in
3082 4428 3267 4478 unum,
3298 4410 3552 4468 similiter
3587 4418 3644 4464 et
3692 4421 3778 4478 pa-

2199 4510 2435 4565 triarcha
2458 4524 2579 4563 cum
2615 4508 2836 4562 vicariis
2854 4506 3092 4563 Orientis
3113 4514 3168 4559 et
3193 4503 3507 4559 Occidentis
3537 4499 3608 4555 ad
3631 4512 3776 4552 eam-

2188 4601 2310 4654 dem
2349 4599 2594 4668 pervenit
2626 4597 2814 4653 urbem
2850 4615 2862 4650 :
2897 4605 2954 4651 et
2983 4597 3124 4650 facta
3151 4603 3236 4649 est
3261 4591 3504 4664 synodus
3530 4586 3776 4659 benepla-

2188 4690 2296 4745 cito
2331 4688 2426 4745 Dei
2471 4689 2770 4745 secundum
2805 4687 3049 4742 actiones
3076 4698 3198 4756 qua:
3224 4680 3600 4754 proferuntur.
