  <div class='ocr_page' id='page_1' title='image "/cluster/home/n/w/nwhite01/storage/ocr_20150623/129/hvd.32044015471709/110.png"; bbox 0 0 3924 5370; ppageno 0'>
   <div class='ocr_carea' id='block_1_1' title="bbox 846 485 2666 548">
    <p class='ocr_par' dir='ltr' id='par_1_1' title="bbox 846 485 2666 548">
     <span class='ocr_line' id='line_1_1' title="bbox 846 485 2666 548; baseline 0.002 -6"><span class='ocrx_word' id='word_1_1' title='bbox 846 486 1402 545; x_wconf 61' lang='lat' dir='ltr'><strong>INTERPRETATIO</strong></span> <span class='ocrx_word' id='word_1_2' title='bbox 1441 486 1688 544; x_wconf 78' lang='lat' dir='ltr'><strong>SYNODI</strong></span> <span class='ocrx_word' id='word_1_3' title='bbox 1731 485 1813 541; x_wconf 79' lang='lat' dir='ltr'><strong>VII</strong></span> <span class='ocrx_word' id='word_1_4' title='bbox 1852 485 2254 545; x_wconf 71' lang='lat' dir='ltr'><strong>GENERALIS.</strong></span> <span class='ocrx_word' id='word_1_5' title='bbox 2285 522 2350 531; x_wconf 91' lang='lat'><strong>—-</strong></span> <span class='ocrx_word' id='word_1_6' title='bbox 2392 486 2513 547; x_wconf 79' lang='lat' dir='ltr'><strong>AC1</strong></span> <span class='ocrx_word' id='word_1_7' title='bbox 2528 491 2592 548; x_wconf 89' lang='lat' dir='ltr'><strong>lO</strong></span> <span class='ocrx_word' id='word_1_8' title='bbox 2627 490 2666 547; x_wconf 88' lang='lat' dir='ltr'><strong>l.</strong></span> 
     </span>
    </p>
   </div>
   <div class='ocr_carea' id='block_1_2' title="bbox 3281 496 3385 552">
    <p class='ocr_par' dir='ltr' id='par_1_2' title="bbox 3281 496 3385 552">
     <span class='ocr_line' id='line_1_2' title="bbox 3281 496 3385 552; baseline 0 -1"><span class='ocrx_word' id='word_1_9' title='bbox 3281 496 3385 552; x_wconf 68' lang='grc'><strong>210</strong></span> 
     </span>
    </p>
   </div>
   <div class='ocr_carea' id='block_1_3' title="bbox 151 579 3386 677">
    <p class='ocr_par' dir='ltr' id='par_1_3' title="bbox 151 579 3386 677">
     <span class='ocr_line' id='line_1_3' title="bbox 151 579 3386 677; baseline 0.003 -22"><span class='ocrx_word' id='word_1_10' title='bbox 151 598 666 669; x_wconf 78' lang='lat' dir='ltr'><strong>Constantinopoleos</strong></span> <span class='ocrx_word' id='word_1_11' title='bbox 704 598 837 654; x_wconf 79' lang='lat' dir='ltr'><strong>dixit</strong></span> <span class='ocrx_word' id='word_1_12' title='bbox 872 618 886 654; x_wconf 90' lang='lat'><strong>:</strong></span> <span class='ocrx_word' id='word_1_13' title='bbox 917 579 1288 672; x_wconf 83' lang='lat' dir='ltr'><strong>Opportunum</strong></span> <span class='ocrx_word' id='word_1_14' title='bbox 1337 609 1419 657; x_wconf 90' lang='lat' dir='ltr'><strong>est</strong></span> <span class='ocrx_word' id='word_1_15' title='bbox 1451 617 1594 657; x_wconf 91' lang='lat' dir='ltr'><strong>nunc</strong></span> <span class='ocrx_word' id='word_1_16' title='bbox 1618 601 1698 655; x_wconf 92' lang='lat' dir='ltr'><strong>di-</strong></span> <span class='ocrx_word' id='word_1_17' title='bbox 1735 604 1778 661; x_wconf 81' lang='grc' dir='ltr'>Α</span> <span class='ocrx_word' id='word_1_18' title='bbox 1802 600 2084 671; x_wconf 76' lang='lat' dir='ltr'><strong>jusserunt</strong></span> <span class='ocrx_word' id='word_1_19' title='bbox 2109 604 2325 658; x_wconf 88' lang='lat' dir='ltr'><strong>mittere</strong></span> <span class='ocrx_word' id='word_1_20' title='bbox 2349 604 2418 659; x_wconf 91' lang='lat' dir='ltr'><strong>ad</strong></span> <span class='ocrx_word' id='word_1_21' title='bbox 2439 618 2654 660; x_wconf 89' lang='lat' dir='ltr'><strong>omnem</strong></span> <span class='ocrx_word' id='word_1_22' title='bbox 2683 614 2965 660; x_wconf 66' lang='lat' dir='ltr'><strong>sacratum</strong></span> <span class='ocrx_word' id='word_1_23' title='bbox 2988 607 3252 677; x_wconf 69' lang='lat' dir='ltr'><strong>synodum</strong></span> <span class='ocrx_word' id='word_1_24' title='bbox 3296 626 3386 665; x_wconf 81' lang='lat' dir='ltr'><strong>ve-</strong></span> 
     </span>
    </p>
   </div>
   <div class='ocr_carea' id='block_1_4' title="bbox 150 692 1701 764">
    <p class='ocr_par' dir='ltr' id='par_1_4' title="bbox 150 692 1701 764">
     <span class='ocr_line' id='line_1_4' title="bbox 150 692 1701 764; baseline -0.001 -16"><span class='ocrx_word' id='word_1_25' title='bbox 150 705 256 748; x_wconf 82' lang='lat' dir='ltr'><strong>cere</strong></span> <span class='ocrx_word' id='word_1_26' title='bbox 290 693 655 762; x_wconf 82' lang='lat' dir='ltr'><strong>prapbeticam</strong></span> <span class='ocrx_word' id='word_1_27' title='bbox 702 692 842 748; x_wconf 80' lang='lat' dir='ltr'><strong>illam</strong></span> <span class='ocrx_word' id='word_1_28' title='bbox 866 709 1078 758; x_wconf 89' lang='lat' dir='ltr'><strong>vocem,</strong></span> <span class='ocrx_word' id='word_1_29' title='bbox 1112 708 1272 763; x_wconf 86' lang='lat' dir='ltr'><strong>quam</strong></span> <span class='ocrx_word' id='word_1_30' title='bbox 1323 693 1701 764; x_wconf 58' lang='lat' dir='ltr'><strong>saepe-audivi-</strong></span> 
     </span>
    </p>
   </div>
   <div class='ocr_carea' id='block_1_5' title="bbox 152 781 1702 853">
    <p class='ocr_par' dir='ltr' id='par_1_5' title="bbox 152 781 1702 853">
     <span class='ocr_line' id='line_1_5' title="bbox 152 781 1702 853; baseline 0 -17"><span class='ocrx_word' id='word_1_31' title='bbox 152 798 261 837; x_wconf 83' lang='lat' dir='ltr'><strong>mus</strong></span> <span class='ocrx_word' id='word_1_32' title='bbox 285 796 380 851; x_wconf 88' lang='lat' dir='ltr'><strong>per</strong></span> <span class='ocrx_word' id='word_1_33' title='bbox 420 781 765 853; x_wconf 83' lang='lat' dir='ltr'><strong>Evangelium</strong></span> <span class='ocrx_word' id='word_1_34' title='bbox 806 784 1088 853; x_wconf 64' lang='lat' dir='ltr'><strong>praedicari</strong></span> <span class='ocrx_word' id='word_1_35' title='bbox 1118 801 1131 837; x_wconf 90' lang='lat'><strong>:</strong></span> <span class='ocrx_word' id='word_1_36' title='bbox 1167 781 1337 838; x_wconf 80' lang='lat' dir='ltr'><strong>Erunt</strong></span> <span class='ocrx_word' id='word_1_37' title='bbox 1361 801 1524 853; x_wconf 84' lang='lat' dir='ltr'><strong>prava</strong></span> <span class='ocrx_word' id='word_1_38' title='bbox 1546 785 1599 836; x_wconf 84' lang='lat' dir='ltr'><strong>in</strong></span> <span class='ocrx_word' id='word_1_39' title='bbox 1620 784 1702 838; x_wconf 84' lang='lat' dir='ltr'><strong>di-</strong></span> 
     </span>
    </p>
   </div>
   <div class='ocr_carea' id='block_1_6' title="bbox 149 870 1697 945">
    <p class='ocr_par' dir='ltr' id='par_1_6' title="bbox 149 870 1697 945">
     <span class='ocr_line' id='line_1_6' title="bbox 149 870 1697 945; baseline 0.001 -22"><span class='ocrx_word' id='word_1_40' title='bbox 149 880 289 934; x_wconf 77' lang='lat' dir='ltr'><strong>recta,</strong></span> <span class='ocrx_word' id='word_1_41' title='bbox 337 880 386 923; x_wconf 76' lang='lat' dir='ltr'><strong>et</strong></span> <span class='ocrx_word' id='word_1_42' title='bbox 436 886 624 940; x_wconf 75' lang='lat' dir='ltr'><strong>aspera</strong></span> <span class='ocrx_word' id='word_1_43' title='bbox 670 872 726 925; x_wconf 86' lang='lat' dir='ltr'><strong>in</strong></span> <span class='ocrx_word' id='word_1_44' title='bbox 771 872 881 925; x_wconf 74' lang='lat' dir='ltr'><strong>vias</strong></span> <span class='ocrx_word' id='word_1_45' title='bbox 900 870 1093 942; x_wconf 78' lang='lat' dir='ltr'><strong>planas</strong></span> <span class='ocrx_word' id='word_1_46' title='bbox 1123 872 1275 945; x_wconf 76' lang='lat' dir='ltr'><strong>(Luc.</strong></span> <span class='ocrx_word' id='word_1_47' title='bbox 1330 889 1413 937; x_wconf 82' lang='lat' dir='ltr'><strong>nr,</strong></span> <span class='ocrx_word' id='word_1_48' title='bbox 1448 871 1557 927; x_wconf 74' lang='lat' dir='ltr'><strong>Isa.</strong></span> <span class='ocrx_word' id='word_1_49' title='bbox 1591 873 1697 940; x_wconf 69' lang='grc' dir='ltr'><strong>ιι).</strong></span> 
     </span>
    </p>
   </div>
   <div class='ocr_carea' id='block_1_7' title="bbox 148 959 1703 1035">
    <p class='ocr_par' dir='ltr' id='par_1_7' title="bbox 148 959 1703 1035">
     <span class='ocr_line' id='line_1_7' title="bbox 148 959 1703 1035; baseline 0.004 -22"><span class='ocrx_word' id='word_1_50' title='bbox 148 959 537 1027; x_wconf 51' lang='grc' dir='ltr'><strong>ρυιηᾶοιειιίηι</strong></span> <span class='ocrx_word' id='word_1_51' title='bbox 575 963 714 1017; x_wconf 87' lang='lat' dir='ltr'><strong>Deus</strong></span> <span class='ocrx_word' id='word_1_52' title='bbox 735 960 866 1017; x_wconf 77' lang='lat' dir='ltr'><strong>facit</strong></span> <span class='ocrx_word' id='word_1_53' title='bbox 906 963 1125 1033; x_wconf 87' lang='lat' dir='ltr'><strong>aliquid,</strong></span> <span class='ocrx_word' id='word_1_54' title='bbox 1158 965 1334 1019; x_wconf 85' lang='lat' dir='ltr'><strong>omnis</strong></span> <span class='ocrx_word' id='word_1_55' title='bbox 1385 965 1438 1019; x_wconf 91' lang='lat' dir='ltr'><strong>in</strong></span> <span class='ocrx_word' id='word_1_56' title='bbox 1468 964 1552 1020; x_wconf 90' lang='lat' dir='ltr'><strong>his</strong></span> <span class='ocrx_word' id='word_1_57' title='bbox 1583 979 1703 1035; x_wconf 63' lang='lat' dir='ltr'><strong>quae</strong></span> 
     </span>
    </p>
   </div>
   <div class='ocr_carea' id='block_1_8' title="bbox 148 1053 1702 1126">
    <p class='ocr_par' dir='ltr' id='par_1_8' title="bbox 148 1053 1702 1126">
     <span class='ocr_line' id='line_1_8' title="bbox 148 1053 1702 1126; baseline 0.003 -19"><span class='ocrx_word' id='word_1_58' title='bbox 148 1061 358 1123; x_wconf 79' lang='lat' dir='ltr'><strong>aguntur</strong></span> <span class='ocrx_word' id='word_1_59' title='bbox 385 1053 622 1110; x_wconf 73' lang='lat' dir='ltr'><strong>facilitas</strong></span> <span class='ocrx_word' id='word_1_60' title='bbox 670 1056 935 1126; x_wconf 90' lang='lat' dir='ltr'><strong>sequitur,</strong></span> <span class='ocrx_word' id='word_1_61' title='bbox 980 1057 1236 1125; x_wconf 87' lang='lat' dir='ltr'><strong>quoniam</strong></span> <span class='ocrx_word' id='word_1_62' title='bbox 1282 1057 1542 1111; x_wconf 75' lang='lat' dir='ltr'><strong>voluntati</strong></span> <span class='ocrx_word' id='word_1_63' title='bbox 1586 1055 1702 1125; x_wconf 83' lang='lat' dir='ltr'><strong>ejus</strong></span> 
     </span>
    </p>
   </div>
   <div class='ocr_carea' id='block_1_9' title="bbox 147 1143 1699 1217">
    <p class='ocr_par' dir='ltr' id='par_1_9' title="bbox 147 1143 1699 1217">
     <span class='ocr_line' id='line_1_9' title="bbox 147 1143 1699 1217; baseline 0.002 -18"><span class='ocrx_word' id='word_1_64' title='bbox 147 1143 325 1199; x_wconf 69' lang='lat' dir='ltr'><strong>resistit</strong></span> <span class='ocrx_word' id='word_1_65' title='bbox 342 1144 540 1200; x_wconf 86' lang='lat' dir='ltr'><strong>nullus.</strong></span> <span class='ocrx_word' id='word_1_66' title='bbox 565 1144 701 1200; x_wconf 84' lang='lat' dir='ltr'><strong>Nam</strong></span> <span class='ocrx_word' id='word_1_67' title='bbox 716 1146 816 1200; x_wconf 85' lang='lat' dir='ltr'><strong>etsi</strong></span> <span class='ocrx_word' id='word_1_68' title='bbox 839 1160 902 1200; x_wconf 81' lang='lat' dir='ltr'><strong>ex</strong></span> <span class='ocrx_word' id='word_1_69' title='bbox 928 1147 1135 1217; x_wconf 86' lang='lat' dir='ltr'><strong>antiqui</strong></span> <span class='ocrx_word' id='word_1_70' title='bbox 1162 1147 1699 1213; x_wconf 85' lang='lat' dir='ltr'><strong>hostisimmissione,</strong></span> 
     </span>
    </p>
   </div>
   <div class='ocr_carea' id='block_1_10' title="bbox 146 1232 1698 1310">
    <p class='ocr_par' dir='ltr' id='par_1_10' title="bbox 146 1232 1698 1310">
     <span class='ocr_line' id='line_1_10' title="bbox 146 1232 1698 1310; baseline 0.005 -24"><span class='ocrx_word' id='word_1_71' title='bbox 146 1233 225 1301; x_wconf 83' lang='lat' dir='ltr'><strong>qui</strong></span> <span class='ocrx_word' id='word_1_72' title='bbox 270 1232 378 1287; x_wconf 90' lang='lat' dir='ltr'><strong>vult</strong></span> <span class='ocrx_word' id='word_1_73' title='bbox 431 1234 706 1289; x_wconf 87' lang='lat' dir='ltr'><strong>concitare</strong></span> <span class='ocrx_word' id='word_1_74' title='bbox 760 1250 923 1306; x_wconf 86' lang='lat' dir='ltr'><strong>super</strong></span> <span class='ocrx_word' id='word_1_75' title='bbox 978 1234 1217 1307; x_wconf 89' lang='lat' dir='ltr'><strong>[semper</strong></span> <span class='ocrx_word' id='word_1_76' title='bbox 1245 1245 1301 1292; x_wconf 91' lang='lat' dir='ltr'><strong>et</strong></span> <span class='ocrx_word' id='word_1_77' title='bbox 1350 1238 1698 1310; x_wconf 78' lang='lat' dir='ltr'><strong>conturbare]</strong></span> 
     </span>
    </p>
   </div>
   <div class='ocr_carea' id='block_1_11' title="bbox 146 1323 1702 1399">
    <p class='ocr_par' dir='ltr' id='par_1_11' title="bbox 146 1323 1702 1399">
     <span class='ocr_line' id='line_1_11' title="bbox 146 1323 1702 1399; baseline 0.003 -21"><span class='ocrx_word' id='word_1_78' title='bbox 146 1331 364 1399; x_wconf 78' lang='lat' dir='ltr'><strong>sanctam</strong></span> <span class='ocrx_word' id='word_1_79' title='bbox 407 1323 711 1380; x_wconf 79' lang='lat' dir='ltr'><strong>Ecclesium</strong></span> <span class='ocrx_word' id='word_1_80' title='bbox 744 1324 1092 1392; x_wconf 84' lang='lat' dir='ltr'><strong>catholicam,</strong></span> <span class='ocrx_word' id='word_1_81' title='bbox 1118 1326 1394 1396; x_wconf 60' lang='lat' dir='ltr'><strong>praeterito</strong></span> <span class='ocrx_word' id='word_1_82' title='bbox 1410 1342 1561 1383; x_wconf 83' lang='lat' dir='ltr'><strong>anno</strong></span> <span class='ocrx_word' id='word_1_83' title='bbox 1600 1327 1702 1382; x_wconf 84' lang='lat' dir='ltr'><strong>Ka-</strong></span> 
     </span>
    </p>
   </div>
   <div class='ocr_carea' id='block_1_12' title="bbox 144 1415 1702 1490">
    <p class='ocr_par' dir='ltr' id='par_1_12' title="bbox 144 1415 1702 1490">
     <span class='ocr_line' id='line_1_12' title="bbox 144 1415 1702 1490; baseline 0.003 -20"><span class='ocrx_word' id='word_1_84' title='bbox 144 1415 293 1471; x_wconf 86' lang='lat' dir='ltr'><strong>lendis</strong></span> <span class='ocrx_word' id='word_1_85' title='bbox 332 1417 559 1488; x_wconf 76' lang='lat' dir='ltr'><strong>Augusti</strong></span> <span class='ocrx_word' id='word_1_86' title='bbox 613 1416 666 1471; x_wconf 90' lang='lat' dir='ltr'><strong>in</strong></span> <span class='ocrx_word' id='word_1_87' title='bbox 696 1418 806 1472; x_wconf 89' lang='lat' dir='ltr'><strong>Deo</strong></span> <span class='ocrx_word' id='word_1_88' title='bbox 829 1426 1146 1473; x_wconf 90' lang='lat' dir='ltr'><strong>conservata</strong></span> <span class='ocrx_word' id='word_1_89' title='bbox 1164 1419 1323 1490; x_wconf 76' lang='lat' dir='ltr'><strong>regia</strong></span> <span class='ocrx_word' id='word_1_90' title='bbox 1363 1419 1494 1473; x_wconf 92' lang='lat' dir='ltr'><strong>urbe</strong></span> <span class='ocrx_word' id='word_1_91' title='bbox 1517 1421 1702 1489; x_wconf 65' lang='lat' dir='ltr'><strong>praesi-</strong></span> 
     </span>
    </p>
   </div>
   <div class='ocr_carea' id='block_1_13' title="bbox 145 1504 1702 1581">
    <p class='ocr_par' dir='ltr' id='par_1_13' title="bbox 145 1504 1702 1581">
     <span class='ocr_line' id='line_1_13' title="bbox 145 1504 1702 1581; baseline 0.004 -22"><span class='ocrx_word' id='word_1_92' title='bbox 145 1504 555 1562; x_wconf 21' lang='lat' dir='ltr'><strong>dentibus‘nobis</strong></span> <span class='ocrx_word' id='word_1_93' title='bbox 620 1507 673 1561; x_wconf 92' lang='lat' dir='ltr'><strong>in</strong></span> <span class='ocrx_word' id='word_1_94' title='bbox 716 1507 1007 1562; x_wconf 80' lang='lat' dir='ltr'><strong>venerabili</strong></span> <span class='ocrx_word' id='word_1_95' title='bbox 1063 1509 1262 1580; x_wconf 89' lang='lat' dir='ltr'><strong>templo</strong></span> <span class='ocrx_word' id='word_1_96' title='bbox 1312 1511 1563 1565; x_wconf 86' lang='lat' dir='ltr'><strong>tubarum</strong></span> <span class='ocrx_word' id='word_1_97' title='bbox 1594 1512 1702 1581; x_wconf 82' lang='lat' dir='ltr'><strong>spi-</strong></span> 
     </span>
    </p>
   </div>
   <div class='ocr_carea' id='block_1_14' title="bbox 142 1598 1693 1663">
    <p class='ocr_par' dir='ltr' id='par_1_14' title="bbox 142 1598 1693 1663">
     <span class='ocr_line' id='line_1_14' title="bbox 142 1598 1693 1663; baseline 0.005 -12"><span class='ocrx_word' id='word_1_98' title='bbox 142 1598 291 1663; x_wconf 86' lang='lat' dir='ltr'><strong>ritus,</strong></span> <span class='ocrx_word' id='word_1_99' title='bbox 333 1599 956 1656; x_wconf 87' lang='lat' dir='ltr'><strong>sanctorum-videlicet</strong></span> <span class='ocrx_word' id='word_1_100' title='bbox 1033 1610 1089 1655; x_wconf 90' lang='lat' dir='ltr'><strong>et</strong></span> <span class='ocrx_word' id='word_1_101' title='bbox 1139 1601 1693 1659; x_wconf 86' lang='lat' dir='ltr'><strong>laudabilissimorum</strong></span> 
     </span>
    </p>
   </div>
   <div class='ocr_carea' id='block_1_15' title="bbox 143 1689 1701 1759">
    <p class='ocr_par' dir='ltr' id='par_1_15' title="bbox 143 1689 1701 1759">
     <span class='ocr_line' id='line_1_15' title="bbox 143 1689 1701 1759; baseline 0.005 -17"><span class='ocrx_word' id='word_1_102' title='bbox 143 1689 508 1759; x_wconf 77' lang='lat' dir='ltr'><strong>apostolorum,</strong></span> <span class='ocrx_word' id='word_1_103' title='bbox 539 1699 808 1746; x_wconf 88' lang='lat' dir='ltr'><strong>commota</strong></span> <span class='ocrx_word' id='word_1_104' title='bbox 839 1700 923 1747; x_wconf 89' lang='lat' dir='ltr'><strong>est</strong></span> <span class='ocrx_word' id='word_1_105' title='bbox 952 1690 1244 1747; x_wconf 88' lang='lat' dir='ltr'><strong>multorum</strong></span> <span class='ocrx_word' id='word_1_106' title='bbox 1278 1694 1432 1748; x_wconf 90' lang='lat' dir='ltr'><strong>turba</strong></span> <span class='ocrx_word' id='word_1_107' title='bbox 1461 1694 1701 1750; x_wconf 89' lang='lat' dir='ltr'><strong>virorum</strong></span> 
     </span>
    </p>
   </div>
   <div class='ocr_carea' id='block_1_16' title="bbox 143 1781 1702 1859">
    <p class='ocr_par' dir='ltr' id='par_1_16' title="bbox 143 1781 1702 1859">
     <span class='ocr_line' id='line_1_16' title="bbox 143 1781 1702 1859; baseline 0.006 -23"><span class='ocrx_word' id='word_1_108' title='bbox 143 1781 303 1838; x_wconf 82' lang='lat' dir='ltr'><strong>lurore</strong></span> <span class='ocrx_word' id='word_1_109' title='bbox 322 1796 384 1837; x_wconf 89' lang='lat' dir='ltr'><strong>ac</strong></span> <span class='ocrx_word' id='word_1_110' title='bbox 405 1784 772 1839; x_wconf 80' lang='lat' dir='ltr'><strong>amaritudine</strong></span> <span class='ocrx_word' id='word_1_111' title='bbox 792 1785 970 1855; x_wconf 89' lang='lat' dir='ltr'><strong>plena,</strong></span> <span class='ocrx_word' id='word_1_112' title='bbox 995 1794 1054 1840; x_wconf 92' lang='lat' dir='ltr'><strong>ut</strong></span> <span class='ocrx_word' id='word_1_113' title='bbox 1083 1786 1136 1840; x_wconf 92' lang='lat' dir='ltr'><strong>in</strong></span> <span class='ocrx_word' id='word_1_114' title='bbox 1164 1803 1263 1843; x_wconf 90' lang='lat' dir='ltr'><strong>nos</strong></span> <span class='ocrx_word' id='word_1_115' title='bbox 1283 1803 1476 1844; x_wconf 87' lang='lat' dir='ltr'><strong>manus</strong></span> <span class='ocrx_word' id='word_1_116' title='bbox 1515 1789 1702 1859; x_wconf 89' lang='lat' dir='ltr'><strong>injice-</strong></span> 
     </span>
    </p>
   </div>
   <div class='ocr_carea' id='block_1_17' title="bbox 142 1874 1698 1947">
    <p class='ocr_par' dir='ltr' id='par_1_17' title="bbox 142 1874 1698 1947">
     <span class='ocr_line' id='line_1_17' title="bbox 142 1874 1698 1947; baseline 0.006 -20"><span class='ocrx_word' id='word_1_117' title='bbox 142 1881 238 1937; x_wconf 83' lang='lat' dir='ltr'><strong>ret;</strong></span> <span class='ocrx_word' id='word_1_118' title='bbox 262 1888 323 1927; x_wconf 81' lang='lat' dir='ltr'><strong>ex</strong></span> <span class='ocrx_word' id='word_1_119' title='bbox 342 1889 450 1944; x_wconf 87' lang='lat' dir='ltr'><strong>qua</strong></span> <span class='ocrx_word' id='word_1_120' title='bbox 474 1874 647 1927; x_wconf 84' lang='lat' dir='ltr'><strong>manu</strong></span> <span class='ocrx_word' id='word_1_121' title='bbox 680 1875 862 1930; x_wconf 88' lang='lat' dir='ltr'><strong>divina</strong></span> <span class='ocrx_word' id='word_1_122' title='bbox 907 1876 1081 1947; x_wconf 77' lang='lat' dir='ltr'><strong>erepti</strong></span> <span class='ocrx_word' id='word_1_123' title='bbox 1116 1892 1326 1943; x_wconf 84' lang='lat' dir='ltr'><strong>sumus,</strong></span> <span class='ocrx_word' id='word_1_124' title='bbox 1355 1880 1617 1936; x_wconf 85' lang='lat' dir='ltr'><strong>habentes</strong></span> <span class='ocrx_word' id='word_1_125' title='bbox 1646 1881 1698 1936; x_wconf 88' lang='lat' dir='ltr'><strong>in</strong></span> 
     </span>
    </p>
   </div>
   <div class='ocr_carea' id='block_1_18' title="bbox 1808 694 2336 750">
    <p class='ocr_par' dir='ltr' id='par_1_18' title="bbox 1808 694 2336 750">
     <span class='ocr_line' id='line_1_18' title="bbox 1808 694 2336 750; baseline 0.006 -3"><span class='ocrx_word' id='word_1_126' title='bbox 1808 703 1997 748; x_wconf 89' lang='lat' dir='ltr'><strong>stram.</strong></span> <span class='ocrx_word' id='word_1_127' title='bbox 2034 694 2097 748; x_wconf 84' lang='lat' dir='ltr'><strong>Et</strong></span> <span class='ocrx_word' id='word_1_128' title='bbox 2121 695 2336 750; x_wconf 61' lang='lat' dir='ltr'><strong>audite;</strong></span> 
     </span>
    </p>
   </div>
   <div class='ocr_carea' id='block_1_19' title="bbox 1880 782 3386 860">
    <p class='ocr_par' dir='ltr' id='par_1_19' title="bbox 1880 782 3386 860">
     <span class='ocr_line' id='line_1_19' title="bbox 1880 782 3386 860; baseline 0.003 -21"><span class='ocrx_word' id='word_1_129' title='bbox 1880 782 2078 840; x_wconf 86' lang='lat' dir='ltr'><strong>Sancta</strong></span> <span class='ocrx_word' id='word_1_130' title='bbox 2105 787 2340 856; x_wconf 84' lang='lat' dir='ltr'><strong>synodus</strong></span> <span class='ocrx_word' id='word_1_131' title='bbox 2376 786 2515 841; x_wconf 79' lang='lat' dir='ltr'><strong>dixit</strong></span> <span class='ocrx_word' id='word_1_132' title='bbox 2542 805 2554 841; x_wconf 94' lang='lat'><strong>:</strong></span> <span class='ocrx_word' id='word_1_133' title='bbox 2585 786 2879 843; x_wconf 76' lang='lat' dir='ltr'><strong>Confirmet</strong></span> <span class='ocrx_word' id='word_1_134' title='bbox 2921 789 3058 843; x_wconf 86' lang='lat' dir='ltr'><strong>Deus</strong></span> <span class='ocrx_word' id='word_1_135' title='bbox 3101 790 3386 860; x_wconf 84' lang='lat' dir='ltr'><strong>imperium</strong></span> 
     </span>
    </p>
   </div>
   <div class='ocr_carea' id='block_1_20' title="bbox 1807 877 3390 936">
    <p class='ocr_par' dir='ltr' id='par_1_20' title="bbox 1807 877 3390 936">
     <span class='ocr_line' id='line_1_20' title="bbox 1807 877 3390 936; baseline 0.002 -3"><span class='ocrx_word' id='word_1_136' title='bbox 1807 877 2070 933; x_wconf 89' lang='lat' dir='ltr'><strong>bonorum</strong></span> <span class='ocrx_word' id='word_1_137' title='bbox 2097 877 2436 932; x_wconf 89' lang='lat' dir='ltr'><strong>dominorum</strong></span> <span class='ocrx_word' id='word_1_138' title='bbox 2462 886 2769 934; x_wconf 89' lang='lat' dir='ltr'><strong>nostrorum</strong></span> <span class='ocrx_word' id='word_1_139' title='bbox 2794 879 2806 932; x_wconf 91' lang='lat'><strong>!</strong></span> <span class='ocrx_word' id='word_1_140' title='bbox 2842 880 3167 936; x_wconf 78' lang='lat' dir='ltr'><strong>Etdelatam</strong></span> <span class='ocrx_word' id='word_1_141' title='bbox 3196 883 3247 935; x_wconf 90' lang='lat' dir='ltr'><strong>in</strong></span> <span class='ocrx_word' id='word_1_142' title='bbox 3278 897 3390 936; x_wconf 89' lang='lat' dir='ltr'><strong>ma-</strong></span> 
     </span>
    </p>
   </div>
   <div class='ocr_carea' id='block_1_21' title="bbox 1810 968 3386 1039">
    <p class='ocr_par' dir='ltr' id='par_1_21' title="bbox 1810 968 3386 1039">
     <span class='ocr_line' id='line_1_21' title="bbox 1810 968 3386 1039; baseline 0.002 -16"><span class='ocrx_word' id='word_1_143' title='bbox 1810 968 1969 1023; x_wconf 83' lang='lat' dir='ltr'><strong>nibus</strong></span> <span class='ocrx_word' id='word_1_144' title='bbox 2014 968 2434 1039; x_wconf 76' lang='lat' dir='ltr'><strong>gleriosissimus</strong></span> <span class='ocrx_word' id='word_1_145' title='bbox 2480 984 2513 1024; x_wconf 90' lang='lat' dir='ltr'><strong>a</strong></span> <span class='ocrx_word' id='word_1_146' title='bbox 2560 970 2787 1027; x_wconf 88' lang='lat' dir='ltr'><strong>secretis</strong></span> <span class='ocrx_word' id='word_1_147' title='bbox 2832 970 3091 1027; x_wconf 82' lang='lat' dir='ltr'><strong>Leontius</strong></span> <span class='ocrx_word' id='word_1_148' title='bbox 3135 972 3386 1029; x_wconf 84' lang='lat' dir='ltr'><strong>eamdem</strong></span> 
     </span>
    </p>
   </div>
   <div class='ocr_carea' id='block_1_22' title="bbox 1809 1058 2369 1130">
    <p class='ocr_par' dir='ltr' id='par_1_22' title="bbox 1809 1058 2369 1130">
     <span class='ocr_line' id='line_1_22' title="bbox 1809 1058 2369 1130; baseline 0.005 -20"><span class='ocrx_word' id='word_1_149' title='bbox 1809 1058 1952 1129; x_wconf 90' lang='lat' dir='ltr'><strong>piam</strong></span> <span class='ocrx_word' id='word_1_150' title='bbox 1980 1073 2193 1113; x_wconf 88' lang='lat' dir='ltr'><strong>sacram</strong></span> <span class='ocrx_word' id='word_1_151' title='bbox 2218 1058 2369 1130; x_wconf 92' lang='lat' dir='ltr'><strong>legit.</strong></span> 
     </span>
    </p>
   </div>
   <div class='ocr_carea' id='block_1_23' title="bbox 1882 1146 3388 1222">
    <p class='ocr_par' dir='ltr' id='par_1_23' title="bbox 1882 1146 3388 1222">
     <span class='ocr_line' id='line_1_23' title="bbox 1882 1146 3388 1222; baseline 0.004 -20"><span class='ocrx_word' id='word_1_152' title='bbox 1882 1146 2071 1202; x_wconf 84' lang='lat' dir='ltr'><strong>Sacra.</strong></span> <span class='ocrx_word' id='word_1_153' title='bbox 2111 1148 2499 1204; x_wconf 64' lang='lat' dir='ltr'><strong>Constantianus</strong></span> <span class='ocrx_word' id='word_1_154' title='bbox 2540 1158 2595 1205; x_wconf 92' lang='lat' dir='ltr'><strong>et</strong></span> <span class='ocrx_word' id='word_1_155' title='bbox 2633 1151 2787 1207; x_wconf 83' lang='lat' dir='ltr'><strong>[rene</strong></span> <span class='ocrx_word' id='word_1_156' title='bbox 2816 1150 3000 1208; x_wconf 83' lang='lat' dir='ltr'><strong>ﬁdeles</strong></span> <span class='ocrx_word' id='word_1_157' title='bbox 3031 1151 3388 1222; x_wconf 83' lang='lat' dir='ltr'><strong>imperatores</strong></span> 
     </span>
    </p>
   </div>
   <div class='ocr_carea' id='block_1_24' title="bbox 1811 1235 3384 1311">
    <p class='ocr_par' dir='ltr' id='par_1_24' title="bbox 1811 1235 3384 1311">
     <span class='ocr_line' id='line_1_24' title="bbox 1811 1235 3384 1311; baseline 0.005 -24"><span class='ocrx_word' id='word_1_158' title='bbox 1811 1235 2210 1302; x_wconf 72' lang='lat' dir='ltr'><strong>notiianorum,</strong></span> <span class='ocrx_word' id='word_1_159' title='bbox 2257 1238 2614 1294; x_wconf 83' lang='lat' dir='ltr'><strong>sanctissimis</strong></span> <span class='ocrx_word' id='word_1_160' title='bbox 2651 1240 2919 1311; x_wconf 89' lang='lat' dir='ltr'><strong>episcopis</strong></span> <span class='ocrx_word' id='word_1_161' title='bbox 2942 1279 2957 1305; x_wconf 93' lang='lat'><strong>,</strong></span> <span class='ocrx_word' id='word_1_162' title='bbox 2989 1240 3078 1311; x_wconf 89' lang='lat' dir='ltr'><strong>qui</strong></span> <span class='ocrx_word' id='word_1_163' title='bbox 3111 1240 3163 1294; x_wconf 91' lang='lat' dir='ltr'><strong>in</strong></span> <span class='ocrx_word' id='word_1_164' title='bbox 3194 1239 3384 1295; x_wconf 88' lang='lat' dir='ltr'><strong>volun-</strong></span> 
     </span>
    </p>
   </div>
   <div class='ocr_carea' id='block_1_25' title="bbox 1811 1327 3385 1401">
    <p class='ocr_par' dir='ltr' id='par_1_25' title="bbox 1811 1327 3385 1401">
     <span class='ocr_line' id='line_1_25' title="bbox 1811 1327 3385 1401; baseline 0.003 -22"><span class='ocrx_word' id='word_1_165' title='bbox 1811 1335 1918 1381; x_wconf 83' lang='lat' dir='ltr'><strong>tate</strong></span> <span class='ocrx_word' id='word_1_166' title='bbox 1962 1336 2017 1380; x_wconf 90' lang='lat' dir='ltr'><strong>et</strong></span> <span class='ocrx_word' id='word_1_167' title='bbox 2065 1328 2236 1396; x_wconf 83' lang='lat' dir='ltr'><strong>gratia</strong></span> <span class='ocrx_word' id='word_1_168' title='bbox 2288 1329 2415 1390; x_wconf 86' lang='lat' dir='ltr'><strong>Dei,</strong></span> <span class='ocrx_word' id='word_1_169' title='bbox 2464 1336 2519 1384; x_wconf 84' lang='lat' dir='ltr'><strong>et</strong></span> <span class='ocrx_word' id='word_1_170' title='bbox 2551 1327 2796 1397; x_wconf 78' lang='lat' dir='ltr'><strong>iussione</strong></span> <span class='ocrx_word' id='word_1_171' title='bbox 2839 1330 2914 1399; x_wconf 91' lang='lat' dir='ltr'><strong>pii</strong></span> <span class='ocrx_word' id='word_1_172' title='bbox 2954 1329 3167 1401; x_wconf 88' lang='lat' dir='ltr'><strong>imperii</strong></span> <span class='ocrx_word' id='word_1_173' title='bbox 3212 1328 3385 1387; x_wconf 85' lang='lat' dir='ltr'><strong>nostri</strong></span> 
     </span>
    </p>
   </div>
   <div class='ocr_carea' id='block_1_26' title="bbox 1809 1417 2768 1491">
    <p class='ocr_par' dir='ltr' id='par_1_26' title="bbox 1809 1417 2768 1491">
     <span class='ocr_line' id='line_1_26' title="bbox 1809 1417 2768 1491; baseline 0.006 -22"><span class='ocrx_word' id='word_1_174' title='bbox 1809 1425 2183 1471; x_wconf 83' lang='lat' dir='ltr'><strong>convenerunt</strong></span> <span class='ocrx_word' id='word_1_175' title='bbox 2211 1418 2265 1472; x_wconf 89' lang='lat' dir='ltr'><strong>in</strong></span> <span class='ocrx_word' id='word_1_176' title='bbox 2298 1417 2510 1475; x_wconf 71' lang='lat' dir='ltr'><strong>Nicazua</strong></span> <span class='ocrx_word' id='word_1_177' title='bbox 2543 1420 2768 1491; x_wconf 83' lang='lat' dir='ltr'><strong>synodo.</strong></span> 
     </span>
    </p>
   </div>
   <div class='ocr_carea' id='block_1_27' title="bbox 1883 1501 3386 1582">
    <p class='ocr_par' dir='ltr' id='par_1_27' title="bbox 1883 1501 3386 1582">
     <span class='ocr_line' id='line_1_27' title="bbox 1883 1501 3386 1582; baseline 0.001 -19"><span class='ocrx_word' id='word_1_178' title='bbox 1883 1510 2159 1581; x_wconf 87' lang='lat' dir='ltr'><strong>Sapientia</strong></span> <span class='ocrx_word' id='word_1_179' title='bbox 2181 1553 2196 1576; x_wconf 89' lang='lat'><strong>,</strong></span> <span class='ocrx_word' id='word_1_180' title='bbox 2236 1525 2358 1581; x_wconf 74' lang='lat' dir='ltr'><strong>qua:</strong></span> <span class='ocrx_word' id='word_1_181' title='bbox 2397 1527 2525 1565; x_wconf 84' lang='lat' dir='ltr'><strong>vere</strong></span> <span class='ocrx_word' id='word_1_182' title='bbox 2564 1501 2657 1565; x_wconf 85' lang='lat' dir='ltr'><strong>Dei</strong></span> <span class='ocrx_word' id='word_1_183' title='bbox 2700 1519 2756 1564; x_wconf 89' lang='lat' dir='ltr'><strong>et</strong></span> <span class='ocrx_word' id='word_1_184' title='bbox 2793 1511 2970 1567; x_wconf 87' lang='lat' dir='ltr'><strong>Patris</strong></span> <span class='ocrx_word' id='word_1_185' title='bbox 2994 1519 3077 1566; x_wconf 87' lang='lat' dir='ltr'><strong>est</strong></span> <span class='ocrx_word' id='word_1_186' title='bbox 3102 1525 3200 1582; x_wconf 86' lang='lat' dir='ltr'><strong>per</strong></span> <span class='ocrx_word' id='word_1_187' title='bbox 3228 1518 3386 1565; x_wconf 84' lang='lat' dir='ltr'><strong>natu-</strong></span> 
     </span>
    </p>
   </div>
   <div class='ocr_carea' id='block_1_28' title="bbox 1810 1594 3385 1664">
    <p class='ocr_par' dir='ltr' id='par_1_28' title="bbox 1810 1594 3385 1664">
     <span class='ocr_line' id='line_1_28' title="bbox 1810 1594 3385 1664; baseline -0.001 -9"><span class='ocrx_word' id='word_1_188' title='bbox 1810 1617 1923 1655; x_wconf 90' lang='lat' dir='ltr'><strong>ram</strong></span> <span class='ocrx_word' id='word_1_189' title='bbox 1945 1642 1959 1664; x_wconf 96' lang='lat'><strong>,</strong></span> <span class='ocrx_word' id='word_1_190' title='bbox 1995 1600 2255 1655; x_wconf 89' lang='lat' dir='ltr'><strong>Dominus</strong></span> <span class='ocrx_word' id='word_1_191' title='bbox 2280 1599 2529 1654; x_wconf 78' lang='lat' dir='ltr'><strong>videlicet</strong></span> <span class='ocrx_word' id='word_1_192' title='bbox 2557 1597 2715 1654; x_wconf 83' lang='lat' dir='ltr'><strong>.lesus</strong></span> <span class='ocrx_word' id='word_1_193' title='bbox 2751 1594 3000 1656; x_wconf 84' lang='lat' dir='ltr'><strong>Christus</strong></span> <span class='ocrx_word' id='word_1_194' title='bbox 3039 1614 3201 1655; x_wconf 87' lang='lat' dir='ltr'><strong>verus</strong></span> <span class='ocrx_word' id='word_1_195' title='bbox 3242 1600 3385 1654; x_wconf 88' lang='lat' dir='ltr'><strong>Deus</strong></span> 
     </span>
    </p>
   </div>
   <div class='ocr_carea' id='block_1_29' title="bbox 1809 1689 3384 1760">
    <p class='ocr_par' dir='ltr' id='par_1_29' title="bbox 1809 1689 3384 1760">
     <span class='ocr_line' id='line_1_29' title="bbox 1809 1689 3384 1760; baseline -0.001 -16"><span class='ocrx_word' id='word_1_196' title='bbox 1809 1699 1994 1745; x_wconf 88' lang='lat' dir='ltr'><strong>noster</strong></span> <span class='ocrx_word' id='word_1_197' title='bbox 2021 1705 2119 1760; x_wconf 87' lang='lat' dir='ltr'><strong>per</strong></span> <span class='ocrx_word' id='word_1_198' title='bbox 2145 1689 2384 1744; x_wconf 82' lang='lat' dir='ltr'><strong>divinam</strong></span> <span class='ocrx_word' id='word_1_199' title='bbox 2417 1704 2567 1743; x_wconf 88' lang='lat' dir='ltr'><strong>suam</strong></span> <span class='ocrx_word' id='word_1_200' title='bbox 2602 1697 2657 1744; x_wconf 85' lang='lat' dir='ltr'><strong>et</strong></span> <span class='ocrx_word' id='word_1_201' title='bbox 2686 1703 2933 1759; x_wconf 87' lang='lat' dir='ltr'><strong>magnam</strong></span> <span class='ocrx_word' id='word_1_202' title='bbox 2958 1691 3138 1744; x_wconf 90' lang='lat' dir='ltr'><strong>carnis</strong></span> <span class='ocrx_word' id='word_1_203' title='bbox 3164 1689 3384 1759; x_wconf 86' lang='lat' dir='ltr'><strong>dispen-</strong></span> 
     </span>
    </p>
   </div>
   <div class='ocr_carea' id='block_1_30' title="bbox 1810 1779 3386 1843">
    <p class='ocr_par' dir='ltr' id='par_1_30' title="bbox 1810 1779 3386 1843">
     <span class='ocr_line' id='line_1_30' title="bbox 1810 1779 3386 1843; baseline -0.003 -5"><span class='ocrx_word' id='word_1_204' title='bbox 1810 1783 2075 1838; x_wconf 85' lang='lat' dir='ltr'><strong>sationem</strong></span> <span class='ocrx_word' id='word_1_205' title='bbox 2118 1795 2403 1836; x_wconf 87' lang='lat' dir='ltr'><strong>removens</strong></span> <span class='ocrx_word' id='word_1_206' title='bbox 2448 1796 2546 1834; x_wconf 90' lang='lat' dir='ltr'><strong>nos</strong></span> <span class='ocrx_word' id='word_1_207' title='bbox 2586 1782 2653 1834; x_wconf 89' lang='lat' dir='ltr'><strong>ab</strong></span> <span class='ocrx_word' id='word_1_208' title='bbox 2693 1794 2878 1835; x_wconf 89' lang='lat' dir='ltr'><strong>errore</strong></span> <span class='ocrx_word' id='word_1_209' title='bbox 2924 1779 3185 1834; x_wconf 84' lang='lat' dir='ltr'><strong>idolorum</strong></span> <span class='ocrx_word' id='word_1_210' title='bbox 3210 1819 3224 1843; x_wconf 94' lang='lat'><strong>,</strong></span> <span class='ocrx_word' id='word_1_211' title='bbox 3287 1793 3386 1834; x_wconf 85' lang='lat' dir='ltr'><strong>uo-</strong></span> 
     </span>
    </p>
   </div>
   <div class='ocr_carea' id='block_1_31' title="bbox 1810 1870 3385 1942">
    <p class='ocr_par' dir='ltr' id='par_1_31' title="bbox 1810 1870 3385 1942">
     <span class='ocr_line' id='line_1_31' title="bbox 1810 1870 3385 1942; baseline -0.001 -15"><span class='ocrx_word' id='word_1_212' title='bbox 1810 1882 1980 1928; x_wconf 86' lang='lat' dir='ltr'><strong>stram</strong></span> <span class='ocrx_word' id='word_1_213' title='bbox 2027 1873 2346 1941; x_wconf 88' lang='lat' dir='ltr'><strong>assumpsit,</strong></span> <span class='ocrx_word' id='word_1_214' title='bbox 2374 1879 2427 1926; x_wconf 91' lang='lat' dir='ltr'><strong>et</strong></span> <span class='ocrx_word' id='word_1_215' title='bbox 2472 1872 2851 1942; x_wconf 88' lang='lat' dir='ltr'><strong>cooperatione</strong></span> <span class='ocrx_word' id='word_1_216' title='bbox 2892 1871 3256 1926; x_wconf 83' lang='lat' dir='ltr'><strong>connaturalis</strong></span> <span class='ocrx_word' id='word_1_217' title='bbox 3300 1870 3385 1926; x_wconf 88' lang='lat' dir='ltr'><strong>sui</strong></span> 
     </span>
    </p>
   </div>
   <div class='ocr_carea' id='block_1_32' title="bbox 139 1958 3383 2037">
    <p class='ocr_par' dir='ltr' id='par_1_32' title="bbox 139 1958 3383 2037">
     <span class='ocr_line' id='line_1_32' title="bbox 139 1958 3383 2037; baseline -0.001 -21"><span class='ocrx_word' id='word_1_218' title='bbox 139 1960 371 2015; x_wconf 67' lang='lat' dir='ltr'><strong>axilium</strong></span> <span class='ocrx_word' id='word_1_219' title='bbox 418 1962 689 2032; x_wconf 88' lang='lat' dir='ltr'><strong>quosdam</strong></span> <span class='ocrx_word' id='word_1_220' title='bbox 748 1964 1051 2036; x_wconf 78' lang='lat' dir='ltr'><strong>episcopos,</strong></span> <span class='ocrx_word' id='word_1_221' title='bbox 1101 1967 1194 2037; x_wconf 88' lang='lat' dir='ltr'><strong>qui</strong></span> <span class='ocrx_word' id='word_1_222' title='bbox 1224 1966 1379 2023; x_wconf 82' lang='lat' dir='ltr'><strong>facile</strong></span> <span class='ocrx_word' id='word_1_223' title='bbox 1424 1972 1700 2026; x_wconf 75' lang='lat' dir='ltr'><strong>numerari</strong></span> <span class='ocrx_word' id='word_1_224' title='bbox 1738 1958 2068 2034; x_wconf 73' lang='lat' dir='ltr'><strong>BSpirittts.</strong></span> <span class='ocrx_word' id='word_1_225' title='bbox 2093 1964 2367 2018; x_wconf 81' lang='lat' dir='ltr'><strong>renovavit</strong></span> <span class='ocrx_word' id='word_1_226' title='bbox 2391 1972 2639 2017; x_wconf 86' lang='lat' dir='ltr'><strong>naturam</strong></span> <span class='ocrx_word' id='word_1_227' title='bbox 2666 1979 2677 2016; x_wconf 93' lang='lat'>:</span> <span class='ocrx_word' id='word_1_228' title='bbox 2708 1971 2763 2017; x_wconf 87' lang='lat' dir='ltr'><strong>et</strong></span> <span class='ocrx_word' id='word_1_229' title='bbox 2790 1962 2994 2032; x_wconf 84' lang='lat' dir='ltr'><strong>primus</strong></span> <span class='ocrx_word' id='word_1_230' title='bbox 3020 1959 3259 2032; x_wconf 77' lang='lat' dir='ltr'><strong>pontifex</strong></span> <span class='ocrx_word' id='word_1_231' title='bbox 3302 1959 3383 2014; x_wconf 82' lang='lat' dir='ltr'><strong>fa-</strong></span> 
     </span>
    </p>
   </div>
   <div class='ocr_carea' id='block_1_33' title="bbox 139 2055 1698 2130">
    <p class='ocr_par' dir='ltr' id='par_1_33' title="bbox 139 2055 1698 2130">
     <span class='ocr_line' id='line_1_33' title="bbox 139 2055 1698 2130; baseline 0.008 -28"><span class='ocrx_word' id='word_1_232' title='bbox 139 2059 357 2117; x_wconf 81' lang='lat' dir='ltr'><strong>possnnt,</strong></span> <span class='ocrx_word' id='word_1_233' title='bbox 410 2067 654 2121; x_wconf 87' lang='lat' dir='ltr'><strong>quorum</strong></span> <span class='ocrx_word' id='word_1_234' title='bbox 704 2055 921 2109; x_wconf 90' lang='lat' dir='ltr'><strong>nomina</strong></span> <span class='ocrx_word' id='word_1_235' title='bbox 986 2056 1290 2112; x_wconf 84' lang='lat' dir='ltr'><strong>voluntarie</strong></span> <span class='ocrx_word' id='word_1_236' title='bbox 1337 2059 1698 2130; x_wconf 67' lang='lat' dir='ltr'><strong>praeterimus,</strong></span> 
     </span>
    </p>
   </div>
   <div class='ocr_carea' id='block_1_34' title="bbox 141 2141 1700 2210">
    <p class='ocr_par' dir='ltr' id='par_1_34' title="bbox 141 2141 1700 2210">
     <span class='ocr_line' id='line_1_34' title="bbox 141 2141 1700 2210; baseline 0.008 -17"><span class='ocrx_word' id='word_1_237' title='bbox 141 2141 367 2210; x_wconf 82' lang='lat' dir='ltr'><strong>quoniam</strong></span> <span class='ocrx_word' id='word_1_238' title='bbox 406 2144 665 2198; x_wconf 89' lang='lat' dir='ltr'><strong>omnibus</strong></span> <span class='ocrx_word' id='word_1_239' title='bbox 707 2152 832 2199; x_wconf 89' lang='lat' dir='ltr'><strong>nota</strong></span> <span class='ocrx_word' id='word_1_240' title='bbox 877 2154 1039 2202; x_wconf 86' lang='lat' dir='ltr'><strong>sunt:</strong></span> <span class='ocrx_word' id='word_1_241' title='bbox 1073 2155 1128 2202; x_wconf 90' lang='lat' dir='ltr'><strong>et</strong></span> <span class='ocrx_word' id='word_1_242' title='bbox 1177 2148 1243 2202; x_wconf 81' lang='lat' dir='ltr'><strong>ad</strong></span> <span class='ocrx_word' id='word_1_243' title='bbox 1293 2149 1564 2205; x_wconf 89' lang='lat' dir='ltr'><strong>modicum</strong></span> <span class='ocrx_word' id='word_1_244' title='bbox 1599 2151 1700 2206; x_wconf 89' lang='lat' dir='ltr'><strong>visi</strong></span> 
     </span>
    </p>
   </div>
   <div class='ocr_carea' id='block_1_35' title="bbox 138 2235 1701 2310">
    <p class='ocr_par' dir='ltr' id='par_1_35' title="bbox 138 2235 1701 2310">
     <span class='ocr_line' id='line_1_35' title="bbox 138 2235 1701 2310; baseline 0.006 -22"><span class='ocrx_word' id='word_1_245' title='bbox 138 2242 244 2288; x_wconf 78' lang='lat' dir='ltr'><strong>sunt</strong></span> <span class='ocrx_word' id='word_1_246' title='bbox 266 2235 612 2304; x_wconf 83' lang='lat' dir='ltr'><strong>prohibuisse</strong></span> <span class='ocrx_word' id='word_1_247' title='bbox 640 2236 807 2305; x_wconf 86' lang='lat' dir='ltr'><strong>loqui,</strong></span> <span class='ocrx_word' id='word_1_248' title='bbox 847 2244 903 2292; x_wconf 93' lang='lat' dir='ltr'><strong>et</strong></span> <span class='ocrx_word' id='word_1_249' title='bbox 923 2236 1251 2292; x_wconf 82' lang='lat' dir='ltr'><strong>conﬁrmare</strong></span> <span class='ocrx_word' id='word_1_250' title='bbox 1277 2241 1423 2310; x_wconf 90' lang='lat' dir='ltr'><strong>pium</strong></span> <span class='ocrx_word' id='word_1_251' title='bbox 1458 2243 1701 2298; x_wconf 84' lang='lat' dir='ltr'><strong>veritatis</strong></span> 
     </span>
    </p>
   </div>
   <div class='ocr_carea' id='block_1_36' title="bbox 139 2318 1702 2401">
    <p class='ocr_par' dir='ltr' id='par_1_36' title="bbox 139 2318 1702 2401">
     <span class='ocr_line' id='line_1_36' title="bbox 139 2318 1702 2401; baseline 0.007 -22"><span class='ocrx_word' id='word_1_252' title='bbox 139 2341 433 2381; x_wconf 77' lang='lat' dir='ltr'><strong>sermonem.</strong></span> <span class='ocrx_word' id='word_1_253' title='bbox 460 2325 573 2382; x_wconf 86' lang='lat' dir='ltr'><strong>Sed</strong></span> <span class='ocrx_word' id='word_1_254' title='bbox 606 2318 1268 2401; x_wconf 88' lang='lat' dir='ltr'><strong>mitissimiimperatores</strong></span> <span class='ocrx_word' id='word_1_255' title='bbox 1298 2335 1468 2389; x_wconf 91' lang='lat' dir='ltr'><strong>nostri</strong></span> <span class='ocrx_word' id='word_1_256' title='bbox 1498 2335 1702 2390; x_wconf 87' lang='lat' dir='ltr'><strong>divini-</strong></span> 
     </span>
    </p>
   </div>
   <div class='ocr_carea' id='block_1_37' title="bbox 139 2420 1701 2496">
    <p class='ocr_par' dir='ltr' id='par_1_37' title="bbox 139 2420 1701 2496">
     <span class='ocr_line' id='line_1_37' title="bbox 139 2420 1701 2496; baseline 0.007 -24"><span class='ocrx_word' id='word_1_257' title='bbox 139 2428 212 2473; x_wconf 86' lang='lat' dir='ltr'><strong>tus</strong></span> <span class='ocrx_word' id='word_1_258' title='bbox 246 2420 364 2485; x_wconf 86' lang='lat' dir='ltr'><strong>acti,</strong></span> <span class='ocrx_word' id='word_1_259' title='bbox 395 2434 529 2475; x_wconf 90' lang='lat' dir='ltr'><strong>cum</strong></span> <span class='ocrx_word' id='word_1_260' title='bbox 561 2430 747 2477; x_wconf 89' lang='lat' dir='ltr'><strong>essent</strong></span> <span class='ocrx_word' id='word_1_261' title='bbox 785 2423 1121 2478; x_wconf 76' lang='lat' dir='ltr'><strong>orthodoxia:</strong></span> <span class='ocrx_word' id='word_1_262' title='bbox 1163 2435 1611 2496; x_wconf 69' lang='lat' dir='ltr'><strong>propugnatores,</strong></span> <span class='ocrx_word' id='word_1_263' title='bbox 1646 2437 1701 2483; x_wconf 90' lang='lat' dir='ltr'><strong>et</strong></span> 
     </span>
    </p>
   </div>
   <div class='ocr_carea' id='block_1_38' title="bbox 130 2512 1702 2589">
    <p class='ocr_par' dir='ltr' id='par_1_38' title="bbox 130 2512 1702 2589">
     <span class='ocr_line' id='line_1_38' title="bbox 130 2512 1702 2589; baseline 0.005 -24"><span class='ocrx_word' id='word_1_264' title='bbox 130 2512 343 2569; x_wconf 64' lang='lat' dir='ltr'><strong>sinistra:</strong></span> <span class='ocrx_word' id='word_1_265' title='bbox 366 2515 646 2584; x_wconf 84' lang='lat' dir='ltr'><strong>opinionis</strong></span> <span class='ocrx_word' id='word_1_266' title='bbox 673 2515 1058 2589; x_wconf 87' lang='lat' dir='ltr'><strong>ubluctatorcs,</strong></span> <span class='ocrx_word' id='word_1_267' title='bbox 1106 2532 1211 2571; x_wconf 92' lang='lat' dir='ltr'><strong>non</strong></span> <span class='ocrx_word' id='word_1_268' title='bbox 1251 2517 1515 2572; x_wconf 90' lang='lat' dir='ltr'><strong>dederunt</strong></span> <span class='ocrx_word' id='word_1_269' title='bbox 1554 2534 1702 2573; x_wconf 82' lang='lat' dir='ltr'><strong>som-</strong></span> 
     </span>
    </p>
   </div>
   <div class='ocr_carea' id='block_1_39' title="bbox 137 2607 1696 2679">
    <p class='ocr_par' dir='ltr' id='par_1_39' title="bbox 137 2607 1696 2679">
     <span class='ocr_line' id='line_1_39' title="bbox 137 2607 1696 2679; baseline 0.004 -20"><span class='ocrx_word' id='word_1_270' title='bbox 137 2622 244 2660; x_wconf 88' lang='lat' dir='ltr'><strong>nnm</strong></span> <span class='ocrx_word' id='word_1_271' title='bbox 292 2607 463 2664; x_wconf 87' lang='lat' dir='ltr'><strong>oculis</strong></span> <span class='ocrx_word' id='word_1_272' title='bbox 514 2609 650 2673; x_wconf 89' lang='lat' dir='ltr'><strong>suis,</strong></span> <span class='ocrx_word' id='word_1_273' title='bbox 694 2616 748 2663; x_wconf 91' lang='lat' dir='ltr'><strong>et</strong></span> <span class='ocrx_word' id='word_1_274' title='bbox 777 2608 1046 2679; x_wconf 84' lang='lat' dir='ltr'><strong>palpebris</strong></span> <span class='ocrx_word' id='word_1_275' title='bbox 1078 2610 1192 2664; x_wconf 88' lang='lat' dir='ltr'><strong>suis</strong></span> <span class='ocrx_word' id='word_1_276' title='bbox 1238 2609 1696 2675; x_wconf 87' lang='lat' dir='ltr'><strong>dormitationem,</strong></span> 
     </span>
    </p>
   </div>
   <div class='ocr_carea' id='block_1_40' title="bbox 137 2695 1697 2769">
    <p class='ocr_par' dir='ltr' id='par_1_40' title="bbox 137 2695 1697 2769">
     <span class='ocr_line' id='line_1_40' title="bbox 137 2695 1697 2769; baseline 0.004 -21"><span class='ocrx_word' id='word_1_277' title='bbox 137 2695 282 2749; x_wconf 83' lang='lat' dir='ltr'><strong>donec</strong></span> <span class='ocrx_word' id='word_1_278' title='bbox 328 2696 744 2752; x_wconf 86' lang='lat' dir='ltr'><strong>tabernaculum</strong></span> <span class='ocrx_word' id='word_1_279' title='bbox 790 2697 905 2762; x_wconf 89' lang='lat' dir='ltr'><strong>Dei,</strong></span> <span class='ocrx_word' id='word_1_280' title='bbox 934 2698 987 2751; x_wconf 90' lang='lat' dir='ltr'><strong>id</strong></span> <span class='ocrx_word' id='word_1_281' title='bbox 1030 2707 1135 2764; x_wconf 90' lang='lat' dir='ltr'><strong>est,</strong></span> <span class='ocrx_word' id='word_1_282' title='bbox 1160 2697 1456 2754; x_wconf 77' lang='lat' dir='ltr'><strong>Ecclesium</strong></span> <span class='ocrx_word' id='word_1_283' title='bbox 1499 2700 1615 2769; x_wconf 85' lang='lat' dir='ltr'><strong>ejus</strong></span> <span class='ocrx_word' id='word_1_284' title='bbox 1645 2702 1697 2754; x_wconf 84' lang='lat' dir='ltr'><strong>in</strong></span> 
     </span>
    </p>
   </div>
   <div class='ocr_carea' id='block_1_41' title="bbox 134 2787 1695 2860">
    <p class='ocr_par' dir='ltr' id='par_1_41' title="bbox 134 2787 1695 2860">
     <span class='ocr_line' id='line_1_41' title="bbox 134 2787 1695 2860; baseline 0.006 -23"><span class='ocrx_word' id='word_1_285' title='bbox 134 2799 278 2840; x_wconf 86' lang='lat' dir='ltr'><strong>unum</strong></span> <span class='ocrx_word' id='word_1_286' title='bbox 320 2787 696 2853; x_wconf 86' lang='lat' dir='ltr'><strong>restituerent,</strong></span> <span class='ocrx_word' id='word_1_287' title='bbox 730 2798 785 2843; x_wconf 90' lang='lat' dir='ltr'><strong>et</strong></span> <span class='ocrx_word' id='word_1_288' title='bbox 821 2788 1104 2860; x_wconf 80' lang='lat' dir='ltr'><strong>paciﬁcum</strong></span> <span class='ocrx_word' id='word_1_289' title='bbox 1158 2790 1307 2846; x_wconf 87' lang='lat' dir='ltr'><strong>hanc</strong></span> <span class='ocrx_word' id='word_1_290' title='bbox 1327 2792 1695 2847; x_wconf 87' lang='lat' dir='ltr'><strong>habitaculum</strong></span> 
     </span>
    </p>
   </div>
   <div class='ocr_carea' id='block_1_42' title="bbox 137 2874 1704 2946">
    <p class='ocr_par' dir='ltr' id='par_1_42' title="bbox 137 2874 1704 2946">
     <span class='ocr_line' id='line_1_42' title="bbox 137 2874 1704 2946; baseline 0.007 -20"><span class='ocrx_word' id='word_1_291' title='bbox 137 2874 410 2930; x_wconf 78' lang='lat' dir='ltr'><strong>redderent.</strong></span> <span class='ocrx_word' id='word_1_292' title='bbox 446 2875 796 2946; x_wconf 82' lang='lat' dir='ltr'><strong>Quapropter</strong></span> <span class='ocrx_word' id='word_1_293' title='bbox 817 2879 1049 2933; x_wconf 88' lang='lat' dir='ltr'><strong>consillo</strong></span> <span class='ocrx_word' id='word_1_294' title='bbox 1071 2880 1433 2936; x_wconf 41' lang='lat' dir='ltr'><strong>et’voluntate</strong></span> <span class='ocrx_word' id='word_1_295' title='bbox 1459 2882 1557 2937; x_wconf 80' lang='lat' dir='ltr'><strong>Dei</strong></span> <span class='ocrx_word' id='word_1_296' title='bbox 1580 2899 1704 2936; x_wconf 56' lang='lat' dir='ltr'><strong>rure-</strong></span> 
     </span>
    </p>
   </div>
   <div class='ocr_carea' id='block_1_43' title="bbox 138 2969 1699 3044">
    <p class='ocr_par' dir='ltr' id='par_1_43' title="bbox 138 2969 1699 3044">
     <span class='ocr_line' id='line_1_43' title="bbox 138 2969 1699 3044; baseline 0.006 -24"><span class='ocrx_word' id='word_1_297' title='bbox 138 2981 216 3021; x_wconf 85' lang='lat' dir='ltr'><strong>sus</strong></span> <span class='ocrx_word' id='word_1_298' title='bbox 240 2969 289 3022; x_wconf 89' lang='lat' dir='ltr'><strong>in</strong></span> <span class='ocrx_word' id='word_1_299' title='bbox 339 2969 577 3044; x_wconf 85' lang='lat' dir='ltr'><strong>idipsum</strong></span> <span class='ocrx_word' id='word_1_300' title='bbox 605 2980 1070 3041; x_wconf 82' lang='lat' dir='ltr'><strong>congregaverant</strong></span> <span class='ocrx_word' id='word_1_301' title='bbox 1095 2987 1211 3028; x_wconf 90' lang='lat' dir='ltr'><strong>nos.</strong></span> <span class='ocrx_word' id='word_1_302' title='bbox 1245 2972 1444 3029; x_wconf 79' lang='lat' dir='ltr'><strong>Verum</strong></span> <span class='ocrx_word' id='word_1_303' title='bbox 1488 2989 1587 3044; x_wconf 92' lang='lat' dir='ltr'><strong>pro</strong></span> <span class='ocrx_word' id='word_1_304' title='bbox 1615 2976 1699 3031; x_wconf 88' lang='lat' dir='ltr'><strong>his</strong></span> 
     </span>
    </p>
   </div>
   <div class='ocr_carea' id='block_1_44' title="bbox 135 3046 1699 3128">
    <p class='ocr_par' dir='ltr' id='par_1_44' title="bbox 135 3046 1699 3128">
     <span class='ocr_line' id='line_1_44' title="bbox 135 3046 1699 3128; baseline 0.006 -19"><span class='ocrx_word' id='word_1_305' title='bbox 135 3053 278 3111; x_wconf 86' lang='lat' dir='ltr'><strong>bonas</strong></span> <span class='ocrx_word' id='word_1_306' title='bbox 304 3058 578 3128; x_wconf 85' lang='lat' dir='ltr'><strong>recipient</strong></span> <span class='ocrx_word' id='word_1_307' title='bbox 602 3046 999 3115; x_wconf 82' lang='lat' dir='ltr'><strong>vicissitudines</strong></span> <span class='ocrx_word' id='word_1_308' title='bbox 1022 3076 1054 3115; x_wconf 87' lang='lat' dir='ltr'><strong>a</strong></span> <span class='ocrx_word' id='word_1_309' title='bbox 1081 3060 1302 3117; x_wconf 88' lang='lat' dir='ltr'><strong>Christo</strong></span> <span class='ocrx_word' id='word_1_310' title='bbox 1337 3064 1579 3117; x_wconf 91' lang='lat' dir='ltr'><strong>omnium</strong></span> <span class='ocrx_word' id='word_1_311' title='bbox 1606 3080 1699 3119; x_wconf 91' lang='lat' dir='ltr'><strong>no-</strong></span> 
     </span>
    </p>
   </div>
   <div class='ocr_carea' id='block_1_45' title="bbox 137 3148 1701 3223">
    <p class='ocr_par' dir='ltr' id='par_1_45' title="bbox 137 3148 1701 3223">
     <span class='ocr_line' id='line_1_45' title="bbox 137 3148 1701 3223; baseline 0.006 -24"><span class='ocrx_word' id='word_1_312' title='bbox 137 3156 283 3201; x_wconf 86' lang='lat' dir='ltr'><strong>strum</strong></span> <span class='ocrx_word' id='word_1_313' title='bbox 322 3148 703 3218; x_wconf 61' lang='lat' dir='ltr'><strong>imperatore,</strong></span> <span class='ocrx_word' id='word_1_314' title='bbox 732 3150 824 3220; x_wconf 85' lang='lat' dir='ltr'><strong>qui</strong></span> <span class='ocrx_word' id='word_1_315' title='bbox 870 3151 938 3205; x_wconf 90' lang='lat' dir='ltr'><strong>ad</strong></span> <span class='ocrx_word' id='word_1_316' title='bbox 978 3151 1077 3207; x_wconf 89' lang='lat' dir='ltr'><strong>has</strong></span> <span class='ocrx_word' id='word_1_317' title='bbox 1116 3152 1484 3223; x_wconf 88' lang='lat' dir='ltr'><strong>multipliciter</strong></span> <span class='ocrx_word' id='word_1_318' title='bbox 1525 3169 1701 3209; x_wconf 89' lang='lat' dir='ltr'><strong>reme-</strong></span> 
     </span>
    </p>
   </div>
   <div class='ocr_carea' id='block_1_46' title="bbox 135 3230 1694 3313">
    <p class='ocr_par' dir='ltr' id='par_1_46' title="bbox 135 3230 1694 3313">
     <span class='ocr_line' id='line_1_46' title="bbox 135 3230 1694 3313; baseline 0.003 -21"><span class='ocrx_word' id='word_1_319' title='bbox 135 3230 346 3293; x_wconf 87' lang='lat' dir='ltr'><strong>tiendum</strong></span> <span class='ocrx_word' id='word_1_320' title='bbox 389 3240 810 3309; x_wconf 86' lang='lat' dir='ltr'><strong>potentissimus</strong></span> <span class='ocrx_word' id='word_1_321' title='bbox 854 3250 958 3296; x_wconf 88' lang='lat' dir='ltr'><strong>est.</strong></span> <span class='ocrx_word' id='word_1_322' title='bbox 990 3241 1101 3298; x_wconf 90' lang='lat' dir='ltr'><strong>Nos</strong></span> <span class='ocrx_word' id='word_1_323' title='bbox 1142 3259 1291 3313; x_wconf 86' lang='lat' dir='ltr'><strong>ergo,</strong></span> <span class='ocrx_word' id='word_1_324' title='bbox 1333 3245 1531 3300; x_wconf 86' lang='lat' dir='ltr'><strong>sacrati</strong></span> <span class='ocrx_word' id='word_1_325' title='bbox 1571 3245 1694 3309; x_wconf 91' lang='lat' dir='ltr'><strong>viri,</strong></span> 
     </span>
    </p>
   </div>
   <div class='ocr_carea' id='block_1_47' title="bbox 1805 2051 3385 2125">
    <p class='ocr_par' dir='ltr' id='par_1_47' title="bbox 1805 2051 3385 2125">
     <span class='ocr_line' id='line_1_47' title="bbox 1805 2051 3385 2125; baseline -0.003 -14"><span class='ocrx_word' id='word_1_326' title='bbox 1805 2069 1959 2121; x_wconf 81' lang='lat' dir='ltr'><strong>ctus,</strong></span> <span class='ocrx_word' id='word_1_327' title='bbox 2009 2057 2110 2110; x_wconf 85' lang='lat' dir='ltr'><strong>huc</strong></span> <span class='ocrx_word' id='word_1_328' title='bbox 2152 2071 2249 2111; x_wconf 85' lang='lat' dir='ltr'><strong>vos</strong></span> <span class='ocrx_word' id='word_1_329' title='bbox 2280 2054 2652 2125; x_wconf 79' lang='lat' dir='ltr'><strong>appellatione</strong></span> <span class='ocrx_word' id='word_1_330' title='bbox 2690 2054 2880 2125; x_wconf 86' lang='lat' dir='ltr'><strong>dignos</strong></span> <span class='ocrx_word' id='word_1_331' title='bbox 2919 2053 3131 2119; x_wconf 79' lang='lat' dir='ltr'><strong>elTecit,</strong></span> <span class='ocrx_word' id='word_1_332' title='bbox 3169 2068 3203 2109; x_wconf 89' lang='lat'><strong>0</strong></span> <span class='ocrx_word' id='word_1_333' title='bbox 3241 2051 3385 2108; x_wconf 85' lang='lat' dir='ltr'><strong>sacri</strong></span> 
     </span>
    </p>
   </div>
   <div class='ocr_carea' id='block_1_48' title="bbox 1805 2144 3385 2218">
    <p class='ocr_par' dir='ltr' id='par_1_48' title="bbox 1805 2144 3385 2218">
     <span class='ocr_line' id='line_1_48' title="bbox 1805 2144 3385 2218; baseline -0.004 -16"><span class='ocrx_word' id='word_1_334' title='bbox 1805 2148 1924 2202; x_wconf 90' lang='lat' dir='ltr'><strong>viri.</strong></span> <span class='ocrx_word' id='word_1_335' title='bbox 1974 2148 2091 2218; x_wconf 85' lang='lat' dir='ltr'><strong>ipse</strong></span> <span class='ocrx_word' id='word_1_336' title='bbox 2134 2146 2298 2217; x_wconf 83' lang='lat' dir='ltr'><strong>igitur</strong></span> <span class='ocrx_word' id='word_1_337' title='bbox 2335 2155 2519 2216; x_wconf 86' lang='lat' dir='ltr'><strong>pastor</strong></span> <span class='ocrx_word' id='word_1_338' title='bbox 2546 2144 2751 2210; x_wconf 83' lang='lat' dir='ltr'><strong>bonus,</strong></span> <span class='ocrx_word' id='word_1_339' title='bbox 2780 2145 2870 2213; x_wconf 91' lang='lat' dir='ltr'><strong>qui</strong></span> <span class='ocrx_word' id='word_1_340' title='bbox 2897 2158 3052 2199; x_wconf 90' lang='lat' dir='ltr'><strong>ovem</strong></span> <span class='ocrx_word' id='word_1_341' title='bbox 3083 2159 3204 2214; x_wconf 76' lang='lat' dir='ltr'><strong>qua:</strong></span> <span class='ocrx_word' id='word_1_342' title='bbox 3230 2156 3385 2197; x_wconf 85' lang='lat' dir='ltr'><strong>erra-</strong></span> 
     </span>
    </p>
   </div>
   <div class='ocr_carea' id='block_1_49' title="bbox 1805 2237 3383 2311">
    <p class='ocr_par' dir='ltr' id='par_1_49' title="bbox 1805 2237 3383 2311">
     <span class='ocr_line' id='line_1_49' title="bbox 1805 2237 3383 2311; baseline -0.002 -17"><span class='ocrx_word' id='word_1_343' title='bbox 1805 2250 1956 2297; x_wconf 82' lang='lat' dir='ltr'><strong>verat</strong></span> <span class='ocrx_word' id='word_1_344' title='bbox 1996 2256 2161 2311; x_wconf 89' lang='lat' dir='ltr'><strong>super</strong></span> <span class='ocrx_word' id='word_1_345' title='bbox 2206 2242 2462 2295; x_wconf 88' lang='lat' dir='ltr'><strong>bumeros</strong></span> <span class='ocrx_word' id='word_1_346' title='bbox 2503 2241 2767 2310; x_wconf 85' lang='lat' dir='ltr'><strong>portavit,</strong></span> <span class='ocrx_word' id='word_1_347' title='bbox 2802 2240 3076 2295; x_wconf 89' lang='lat' dir='ltr'><strong>hominem</strong></span> <span class='ocrx_word' id='word_1_348' title='bbox 3113 2239 3206 2310; x_wconf 89' lang='lat' dir='ltr'><strong>qui</strong></span> <span class='ocrx_word' id='word_1_349' title='bbox 3235 2237 3383 2295; x_wconf 84' lang='lat' dir='ltr'><strong>deci-</strong></span> 
     </span>
    </p>
   </div>
   <div class='ocr_carea' id='block_1_50' title="bbox 1803 2329 3385 2404">
    <p class='ocr_par' dir='ltr' id='par_1_50' title="bbox 1803 2329 3385 2404">
     <span class='ocr_line' id='line_1_50' title="bbox 1803 2329 3385 2404; baseline -0.003 -15"><span class='ocrx_word' id='word_1_350' title='bbox 1803 2336 1990 2399; x_wconf 87' lang='lat' dir='ltr'><strong>derat,</strong></span> <span class='ocrx_word' id='word_1_351' title='bbox 2022 2332 2243 2403; x_wconf 91' lang='lat' dir='ltr'><strong>proprio</strong></span> <span class='ocrx_word' id='word_1_352' title='bbox 2273 2334 2457 2404; x_wconf 82' lang='lat' dir='ltr'><strong>gregi,</strong></span> <span class='ocrx_word' id='word_1_353' title='bbox 2489 2333 2747 2403; x_wconf 85' lang='lat' dir='ltr'><strong>angelicis</strong></span> <span class='ocrx_word' id='word_1_354' title='bbox 2778 2332 3026 2387; x_wconf 87' lang='lat' dir='ltr'><strong>videlicet</strong></span> <span class='ocrx_word' id='word_1_355' title='bbox 3044 2340 3102 2386; x_wconf 91' lang='lat' dir='ltr'><strong>et</strong></span> <span class='ocrx_word' id='word_1_356' title='bbox 3128 2329 3385 2385; x_wconf 79' lang='lat' dir='ltr'><strong>adminis-</strong></span> 
     </span>
    </p>
   </div>
   <div class='ocr_carea' id='block_1_51' title="bbox 1803 2422 3385 2489">
    <p class='ocr_par' dir='ltr' id='par_1_51' title="bbox 1803 2422 3385 2489">
     <span class='ocr_line' id='line_1_51' title="bbox 1803 2422 3385 2489; baseline -0.002 -10"><span class='ocrx_word' id='word_1_357' title='bbox 1803 2425 2047 2480; x_wconf 90' lang='lat' dir='ltr'><strong>tratoriis</strong></span> <span class='ocrx_word' id='word_1_358' title='bbox 2071 2424 2362 2480; x_wconf 85' lang='lat' dir='ltr'><strong>virtutibus</strong></span> <span class='ocrx_word' id='word_1_359' title='bbox 2389 2425 2504 2480; x_wconf 86' lang='lat' dir='ltr'><strong>suis</strong></span> <span class='ocrx_word' id='word_1_360' title='bbox 2529 2425 2871 2489; x_wconf 86' lang='lat' dir='ltr'><strong>consocians,</strong></span> <span class='ocrx_word' id='word_1_361' title='bbox 2894 2422 3263 2479; x_wconf 88' lang='lat' dir='ltr'><strong>reconciliavit</strong></span> <span class='ocrx_word' id='word_1_362' title='bbox 3285 2435 3385 2483; x_wconf 70' lang='lat' dir='ltr'><strong>nos</strong></span> 
     </span>
    </p>
   </div>
   <div class='ocr_carea' id='block_1_52' title="bbox 1804 2513 3380 2587">
    <p class='ocr_par' dir='ltr' id='par_1_52' title="bbox 1804 2513 3380 2587">
     <span class='ocr_line' id='line_1_52' title="bbox 1804 2513 3380 2587; baseline -0.001 -18"><span class='ocrx_word' id='word_1_363' title='bbox 1804 2516 1856 2569; x_wconf 92' lang='lat' dir='ltr'><strong>in</strong></span> <span class='ocrx_word' id='word_1_364' title='bbox 1891 2516 2226 2587; x_wconf 88' lang='lat' dir='ltr'><strong>semetipso;</strong></span> <span class='ocrx_word' id='word_1_365' title='bbox 2259 2516 2548 2587; x_wconf 82' lang='lat' dir='ltr'><strong>medioque</strong></span> <span class='ocrx_word' id='word_1_366' title='bbox 2590 2516 2841 2572; x_wconf 74' lang='lat' dir='ltr'><strong>maceriae</strong></span> <span class='ocrx_word' id='word_1_367' title='bbox 2880 2515 3098 2571; x_wconf 88' lang='lat' dir='ltr'><strong>sublato</strong></span> <span class='ocrx_word' id='word_1_368' title='bbox 3136 2513 3380 2584; x_wconf 74' lang='lat' dir='ltr'><strong>pariete,</strong></span> 
     </span>
    </p>
   </div>
   <div class='ocr_carea' id='block_1_53' title="bbox 1800 2601 3385 2673">
    <p class='ocr_par' dir='ltr' id='par_1_53' title="bbox 1800 2601 3385 2673">
     <span class='ocr_line' id='line_1_53' title="bbox 1800 2601 3385 2673; baseline -0.002 -14"><span class='ocrx_word' id='word_1_369' title='bbox 1800 2602 1958 2659; x_wconf 87' lang='lat' dir='ltr'><strong>solvit</strong></span> <span class='ocrx_word' id='word_1_370' title='bbox 1979 2603 2315 2659; x_wconf 89' lang='lat' dir='ltr'><strong>inimicitiam</strong></span> <span class='ocrx_word' id='word_1_371' title='bbox 2342 2604 2584 2659; x_wconf 88' lang='lat' dir='ltr'><strong>in-carne</strong></span> <span class='ocrx_word' id='word_1_372' title='bbox 2604 2619 2701 2658; x_wconf 86' lang='lat' dir='ltr'><strong>sua</strong></span> <span class='ocrx_word' id='word_1_373' title='bbox 2718 2644 2732 2668; x_wconf 96' lang='lat'><strong>,</strong></span> <span class='ocrx_word' id='word_1_374' title='bbox 2761 2602 3043 2673; x_wconf 76' lang='lat' dir='ltr'><strong>pariiicam</strong></span> <span class='ocrx_word' id='word_1_375' title='bbox 3070 2601 3225 2658; x_wconf 84' lang='lat' dir='ltr'><strong>nobis</strong></span> <span class='ocrx_word' id='word_1_376' title='bbox 3253 2615 3385 2656; x_wconf 80' lang='lat' dir='ltr'><strong>con-</strong></span> 
     </span>
    </p>
   </div>
   <div class='ocr_carea' id='block_1_54' title="bbox 1804 2690 3377 2765">
    <p class='ocr_par' dir='ltr' id='par_1_54' title="bbox 1804 2690 3377 2765">
     <span class='ocr_line' id='line_1_54' title="bbox 1804 2690 3377 2765; baseline -0.001 -16"><span class='ocrx_word' id='word_1_377' title='bbox 1804 2695 2164 2751; x_wconf 88' lang='lat' dir='ltr'><strong>versationem</strong></span> <span class='ocrx_word' id='word_1_378' title='bbox 2213 2695 2545 2750; x_wconf 86' lang='lat' dir='ltr'><strong>condonans.</strong></span> <span class='ocrx_word' id='word_1_379' title='bbox 2597 2694 2826 2765; x_wconf 85' lang='lat' dir='ltr'><strong>Propter</strong></span> <span class='ocrx_word' id='word_1_380' title='bbox 2870 2694 3011 2763; x_wconf 89' lang='lat' dir='ltr'><strong>quod</strong></span> <span class='ocrx_word' id='word_1_381' title='bbox 3062 2690 3377 2762; x_wconf 68' lang='lat' dir='ltr'><strong>evangelise</strong></span> 
     </span>
    </p>
   </div>
   <div class='ocr_carea' id='block_1_55' title="bbox 1799 2783 3375 2861">
    <p class='ocr_par' dir='ltr' id='par_1_55' title="bbox 1799 2783 3375 2861">
     <span class='ocr_line' id='line_1_55' title="bbox 1799 2783 3375 2861; baseline -0.002 -21"><span class='ocrx_word' id='word_1_382' title='bbox 1799 2786 2049 2840; x_wconf 88' lang='lat' dir='ltr'><strong>omnibus</strong></span> <span class='ocrx_word' id='word_1_383' title='bbox 2099 2785 2395 2854; x_wconf 73' lang='lat' dir='ltr'><strong>pnedicans</strong></span> <span class='ocrx_word' id='word_1_384' title='bbox 2440 2785 2723 2840; x_wconf 89' lang='lat' dir='ltr'><strong>edicebat:</strong></span> <span class='ocrx_word' id='word_1_385' title='bbox 2759 2784 2917 2861; x_wconf 79' lang='lat' dir='ltr'><strong>Beati</strong></span> <span class='ocrx_word' id='word_1_386' title='bbox 2953 2783 3193 2855; x_wconf 74' lang='lat' dir='ltr'><strong>paciﬁci,</strong></span> <span class='ocrx_word' id='word_1_387' title='bbox 3240 2798 3375 2852; x_wconf 81' lang='lat' dir='ltr'><strong>quo-</strong></span> 
     </span>
    </p>
   </div>
   <div class='ocr_carea' id='block_1_56' title="bbox 1802 2873 3381 2947">
    <p class='ocr_par' dir='ltr' id='par_1_56' title="bbox 1802 2873 3381 2947">
     <span class='ocr_line' id='line_1_56' title="bbox 1802 2873 3381 2947; baseline -0.001 -17"><span class='ocrx_word' id='word_1_388' title='bbox 1802 2877 1943 2930; x_wconf 83' lang='lat' dir='ltr'><strong>niam</strong></span> <span class='ocrx_word' id='word_1_389' title='bbox 1974 2876 2070 2945; x_wconf 76' lang='lat' dir='ltr'><strong>ipsi</strong></span> <span class='ocrx_word' id='word_1_390' title='bbox 2094 2875 2194 2945; x_wconf 81' lang='lat' dir='ltr'><strong>ﬁlii</strong></span> <span class='ocrx_word' id='word_1_391' title='bbox 2215 2876 2312 2931; x_wconf 84' lang='lat' dir='ltr'><strong>Dei</strong></span> <span class='ocrx_word' id='word_1_392' title='bbox 2336 2878 2662 2937; x_wconf 65' lang='lat' dir='ltr'><strong>uocabantur</strong></span> <span class='ocrx_word' id='word_1_393' title='bbox 2690 2877 2707 2947; x_wconf 94' lang='lat'>(</span> <span class='ocrx_word' id='word_1_394' title='bbox 2733 2876 2923 2930; x_wconf 75' lang='lat' dir='ltr'><strong>Matth.</strong></span> <span class='ocrx_word' id='word_1_395' title='bbox 2946 2892 2979 2929; x_wconf 90' lang='lat' dir='ltr'><strong>v</strong></span> <span class='ocrx_word' id='word_1_396' title='bbox 3001 2876 3040 2941; x_wconf 93' lang='lat'><strong>).</strong></span> <span class='ocrx_word' id='word_1_397' title='bbox 3071 2875 3211 2943; x_wconf 78' lang='lat' dir='ltr'><strong>Ergo</strong></span> <span class='ocrx_word' id='word_1_398' title='bbox 3234 2873 3381 2929; x_wconf 81' lang='lat' dir='ltr'><strong>intra</strong></span> 
     </span>
    </p>
   </div>
   <div class='ocr_carea' id='block_1_57' title="bbox 1805 2964 3378 3037">
    <p class='ocr_par' dir='ltr' id='par_1_57' title="bbox 1805 2964 3378 3037">
     <span class='ocr_line' id='line_1_57' title="bbox 1805 2964 3378 3037; baseline -0.001 -17"><span class='ocrx_word' id='word_1_399' title='bbox 1805 2966 1943 3021; x_wconf 86' lang='lat' dir='ltr'><strong>hanc</strong></span> <span class='ocrx_word' id='word_1_400' title='bbox 1970 2966 2377 3027; x_wconf 90' lang='lat' dir='ltr'><strong>beatitudinem,</strong></span> <span class='ocrx_word' id='word_1_401' title='bbox 2394 2982 2514 3037; x_wconf 60' lang='lat' dir='ltr'><strong>quae</strong></span> <span class='ocrx_word' id='word_1_402' title='bbox 2537 2967 2691 3023; x_wconf 90' lang='lat' dir='ltr'><strong>nobis</strong></span> <span class='ocrx_word' id='word_1_403' title='bbox 2713 2967 3043 3021; x_wconf 85' lang='lat' dir='ltr'><strong>nobilitatem</strong></span> <span class='ocrx_word' id='word_1_404' title='bbox 3070 2964 3378 3034; x_wconf 72' lang='lat' dir='ltr'><strong>adoptionis</strong></span> 
     </span>
    </p>
   </div>
   <div class='ocr_carea' id='block_1_58' title="bbox 1805 3056 3378 3129">
    <p class='ocr_par' dir='ltr' id='par_1_58' title="bbox 1805 3056 3378 3129">
     <span class='ocr_line' id='line_1_58' title="bbox 1805 3056 3378 3129; baseline 0.001 -19"><span class='ocrx_word' id='word_1_405' title='bbox 1805 3056 2320 3124; x_wconf 74' lang='lat' dir='ltr'><strong>filiorum-donavit,</strong></span> <span class='ocrx_word' id='word_1_406' title='bbox 2355 3059 2585 3113; x_wconf 84' lang='lat' dir='ltr'><strong>inveniri</strong></span> <span class='ocrx_word' id='word_1_407' title='bbox 2622 3059 2769 3129; x_wconf 90' lang='lat' dir='ltr'><strong>pium</strong></span> <span class='ocrx_word' id='word_1_408' title='bbox 2806 3058 3091 3128; x_wconf 88' lang='lat' dir='ltr'><strong>imperium</strong></span> <span class='ocrx_word' id='word_1_409' title='bbox 3131 3065 3378 3113; x_wconf 89' lang='lat' dir='ltr'><strong>nostrum</strong></span> 
     </span>
    </p>
   </div>
   <div class='ocr_carea' id='block_1_59' title="bbox 1801 3149 3381 3221">
    <p class='ocr_par' dir='ltr' id='par_1_59' title="bbox 1801 3149 3381 3221">
     <span class='ocr_line' id='line_1_59' title="bbox 1801 3149 3381 3221; baseline 0.001 -17"><span class='ocrx_word' id='word_1_410' title='bbox 1801 3150 1988 3206; x_wconf 85' lang='lat' dir='ltr'><strong>volens</strong></span> <span class='ocrx_word' id='word_1_411' title='bbox 2010 3190 2026 3216; x_wconf 92' lang='lat'><strong>,</strong></span> <span class='ocrx_word' id='word_1_412' title='bbox 2059 3152 2126 3206; x_wconf 91' lang='lat' dir='ltr'><strong>ad</strong></span> <span class='ocrx_word' id='word_1_413' title='bbox 2158 3166 2345 3221; x_wconf 87' lang='lat' dir='ltr'><strong>pacem</strong></span> <span class='ocrx_word' id='word_1_414' title='bbox 2375 3160 2431 3205; x_wconf 84' lang='lat' dir='ltr'><strong>et</strong></span> <span class='ocrx_word' id='word_1_415' title='bbox 2457 3150 2798 3205; x_wconf 84' lang='lat' dir='ltr'><strong>concordiam</strong></span> <span class='ocrx_word' id='word_1_416' title='bbox 2828 3165 3046 3204; x_wconf 86' lang='lat' dir='ltr'><strong>omnem</strong></span> <span class='ocrx_word' id='word_1_417' title='bbox 3078 3149 3381 3205; x_wconf 82' lang='lat' dir='ltr'><strong>Romanam</strong></span> 
     </span>
    </p>
   </div>
   <div class='ocr_carea' id='block_1_60' title="bbox 1805 3238 3381 3310">
    <p class='ocr_par' dir='ltr' id='par_1_60' title="bbox 1805 3238 3381 3310">
     <span class='ocr_line' id='line_1_60' title="bbox 1805 3238 3381 3310; baseline 0.001 -17"><span class='ocrx_word' id='word_1_418' title='bbox 1805 3240 2194 3310; x_wconf 85' lang='lat' dir='ltr'><strong>rempublicam</strong></span> <span class='ocrx_word' id='word_1_419' title='bbox 2241 3248 2484 3295; x_wconf 91' lang='lat' dir='ltr'><strong>nostram</strong></span> <span class='ocrx_word' id='word_1_420' title='bbox 2533 3240 2765 3310; x_wconf 76' lang='lat' dir='ltr'><strong>dirigete</strong></span> <span class='ocrx_word' id='word_1_421' title='bbox 2812 3238 3053 3294; x_wconf 75' lang='lat' dir='ltr'><strong>festinat.</strong></span> <span class='ocrx_word' id='word_1_422' title='bbox 3104 3238 3381 3309; x_wconf 63' lang='lat' dir='ltr'><strong>Praecipue</strong></span> 
     </span>
    </p>
   </div>
   <div class='ocr_carea' id='block_1_61' title="bbox 134 3309 3381 3405">
    <p class='ocr_par' dir='ltr' id='par_1_61' title="bbox 134 3309 3381 3405">
     <span class='ocr_line' id='line_1_61' title="bbox 134 3309 3381 3405; baseline 0.001 -24"><span class='ocrx_word' id='word_1_423' title='bbox 134 3328 408 3397; x_wconf 74' lang='lat' dir='ltr'><strong>adiutorem</strong></span> <span class='ocrx_word' id='word_1_424' title='bbox 457 3330 615 3386; x_wconf 89' lang='lat' dir='ltr'><strong>illum</strong></span> <span class='ocrx_word' id='word_1_425' title='bbox 649 3331 985 3397; x_wconf 88' lang='lat' dir='ltr'><strong>invocantes,</strong></span> <span class='ocrx_word' id='word_1_426' title='bbox 1012 3341 1067 3387; x_wconf 87' lang='lat' dir='ltr'><strong>et</strong></span> <span class='ocrx_word' id='word_1_427' title='bbox 1096 3333 1149 3388; x_wconf 91' lang='lat' dir='ltr'><strong>in</strong></span> <span class='ocrx_word' id='word_1_428' title='bbox 1168 3345 1389 3405; x_wconf 88' lang='lat' dir='ltr'><strong>pectore</strong></span> <span class='ocrx_word' id='word_1_429' title='bbox 1418 3338 1700 3391; x_wconf 85' lang='lat' dir='ltr'><strong>nostro-ti-</strong></span> <span class='ocrx_word' id='word_1_430' title='bbox 1727 3309 1770 3369; x_wconf 62' lang='grc' dir='ltr'><strong>(ἶ</strong></span> <span class='ocrx_word' id='word_1_431' title='bbox 1794 3342 1987 3386; x_wconf 79' lang='lat' dir='ltr'><strong>autem</strong></span> <span class='ocrx_word' id='word_1_432' title='bbox 2009 3332 2341 3387; x_wconf 86' lang='lat' dir='ltr'><strong>sanctarum</strong></span> <span class='ocrx_word' id='word_1_433' title='bbox 2362 3332 2455 3387; x_wconf 86' lang='lat' dir='ltr'><strong>Dei</strong></span> <span class='ocrx_word' id='word_1_434' title='bbox 2487 3332 2852 3387; x_wconf 86' lang='lat' dir='ltr'><strong>Ecclesiarum</strong></span> <span class='ocrx_word' id='word_1_435' title='bbox 2880 3332 3009 3387; x_wconf 90' lang='lat' dir='ltr'><strong>boni</strong></span> <span class='ocrx_word' id='word_1_436' title='bbox 3037 3332 3244 3387; x_wconf 86' lang='lat' dir='ltr'><strong>ordinis</strong></span> <span class='ocrx_word' id='word_1_437' title='bbox 3273 3329 3381 3387; x_wconf 83' lang='lat' dir='ltr'><strong>sol-</strong></span> 
     </span>
    </p>
   </div>
   <div class='ocr_carea' id='block_1_62' title="bbox 132 3420 1699 3495">
    <p class='ocr_par' dir='ltr' id='par_1_62' title="bbox 132 3420 1699 3495">
     <span class='ocr_line' id='line_1_62' title="bbox 132 3420 1699 3495; baseline 0.008 -25"><span class='ocrx_word' id='word_1_438' title='bbox 132 3433 313 3475; x_wconf 89' lang='lat' dir='ltr'><strong>morem</strong></span> <span class='ocrx_word' id='word_1_439' title='bbox 340 3422 461 3492; x_wconf 84' lang='lat' dir='ltr'><strong>ejus</strong></span> <span class='ocrx_word' id='word_1_440' title='bbox 502 3420 786 3486; x_wconf 87' lang='lat' dir='ltr'><strong>habentes,</strong></span> <span class='ocrx_word' id='word_1_441' title='bbox 826 3423 1443 3495; x_wconf 80' lang='lat' dir='ltr'><strong>futurumquejudicium</strong></span> <span class='ocrx_word' id='word_1_442' title='bbox 1472 3428 1525 3481; x_wconf 91' lang='lat' dir='ltr'><strong>in</strong></span> <span class='ocrx_word' id='word_1_443' title='bbox 1549 3442 1699 3482; x_wconf 87' lang='lat' dir='ltr'><strong>mcu-</strong></span> 
     </span>
    </p>
   </div>
   <div class='ocr_carea' id='block_1_63' title="bbox 132 3510 1699 3580">
    <p class='ocr_par' dir='ltr' id='par_1_63' title="bbox 132 3510 1699 3580">
     <span class='ocr_line' id='line_1_63' title="bbox 132 3510 1699 3580; baseline 0.006 -18"><span class='ocrx_word' id='word_1_444' title='bbox 132 3516 177 3562; x_wconf 87' lang='lat' dir='ltr'><strong>te</strong></span> <span class='ocrx_word' id='word_1_445' title='bbox 195 3510 535 3579; x_wconf 83' lang='lat' dir='ltr'><strong>recipientes,</strong></span> <span class='ocrx_word' id='word_1_446' title='bbox 569 3510 920 3580; x_wconf 79' lang='lat' dir='ltr'><strong>accingamur</strong></span> <span class='ocrx_word' id='word_1_447' title='bbox 949 3511 1161 3567; x_wconf 89' lang='lat' dir='ltr'><strong>lumbos</strong></span> <span class='ocrx_word' id='word_1_448' title='bbox 1187 3514 1386 3570; x_wconf 87' lang='lat' dir='ltr'><strong>mentis</strong></span> <span class='ocrx_word' id='word_1_449' title='bbox 1417 3524 1614 3570; x_wconf 81' lang='lat' dir='ltr'><strong>nostrae</strong></span> <span class='ocrx_word' id='word_1_450' title='bbox 1642 3517 1699 3571; x_wconf 87' lang='lat' dir='ltr'><strong>in</strong></span> 
     </span>
    </p>
   </div>
   <div class='ocr_carea' id='block_1_64' title="bbox 132 3599 1698 3678">
    <p class='ocr_par' dir='ltr' id='par_1_64' title="bbox 132 3599 1698 3678">
     <span class='ocr_line' id='line_1_64' title="bbox 132 3599 1698 3678; baseline 0.008 -28"><span class='ocrx_word' id='word_1_451' title='bbox 132 3599 349 3667; x_wconf 86' lang='lat' dir='ltr'><strong>veritate,</strong></span> <span class='ocrx_word' id='word_1_452' title='bbox 382 3609 438 3655; x_wconf 88' lang='lat' dir='ltr'><strong>et</strong></span> <span class='ocrx_word' id='word_1_453' title='bbox 466 3601 760 3671; x_wconf 80' lang='lat' dir='ltr'><strong>vigilantes</strong></span> <span class='ocrx_word' id='word_1_454' title='bbox 790 3602 844 3658; x_wconf 92' lang='lat' dir='ltr'><strong>in</strong></span> <span class='ocrx_word' id='word_1_455' title='bbox 870 3605 1123 3661; x_wconf 86' lang='lat' dir='ltr'><strong>omnibus</strong></span> <span class='ocrx_word' id='word_1_456' title='bbox 1144 3607 1440 3663; x_wconf 90' lang='lat' dir='ltr'><strong>secundum</strong></span> <span class='ocrx_word' id='word_1_457' title='bbox 1461 3608 1698 3678; x_wconf 81' lang='lat' dir='ltr'><strong>Aposto-</strong></span> 
     </span>
    </p>
   </div>
   <div class='ocr_carea' id='block_1_65' title="bbox 130 3688 1695 3768">
    <p class='ocr_par' dir='ltr' id='par_1_65' title="bbox 130 3688 1695 3768">
     <span class='ocr_line' id='line_1_65' title="bbox 130 3688 1695 3768; baseline 0.01 -27"><span class='ocrx_word' id='word_1_458' title='bbox 130 3688 244 3755; x_wconf 85' lang='lat' dir='ltr'><strong>lum,</strong></span> <span class='ocrx_word' id='word_1_459' title='bbox 270 3693 722 3762; x_wconf 76' lang='lat' dir='ltr'><strong>:equilibraminis</strong></span> <span class='ocrx_word' id='word_1_460' title='bbox 751 3693 1016 3764; x_wconf 78' lang='lat' dir='ltr'><strong>judicium</strong></span> <span class='ocrx_word' id='word_1_461' title='bbox 1035 3698 1370 3768; x_wconf 74' lang='lat' dir='ltr'><strong>iudicemus;</strong></span> <span class='ocrx_word' id='word_1_462' title='bbox 1397 3707 1453 3754; x_wconf 89' lang='lat' dir='ltr'><strong>ct</strong></span> <span class='ocrx_word' id='word_1_463' title='bbox 1477 3715 1695 3756; x_wconf 87' lang='lat' dir='ltr'><strong>omnem</strong></span> 
     </span>
    </p>
   </div>
   <div class='ocr_carea' id='block_1_66' title="bbox 128 3787 1693 3861">
    <p class='ocr_par' dir='ltr' id='par_1_66' title="bbox 128 3787 1693 3861">
     <span class='ocr_line' id='line_1_66' title="bbox 128 3787 1693 3861; baseline 0.006 -25"><span class='ocrx_word' id='word_1_464' title='bbox 128 3798 297 3838; x_wconf 84' lang='lat' dir='ltr'><strong>vocum</strong></span> <span class='ocrx_word' id='word_1_465' title='bbox 337 3787 667 3853; x_wconf 85' lang='lat' dir='ltr'><strong>novitatem,</strong></span> <span class='ocrx_word' id='word_1_466' title='bbox 722 3788 984 3843; x_wconf 87' lang='lat' dir='ltr'><strong>ambitum</strong></span> <span class='ocrx_word' id='word_1_467' title='bbox 1035 3797 1199 3859; x_wconf 87' lang='lat' dir='ltr'><strong>atque</strong></span> <span class='ocrx_word' id='word_1_468' title='bbox 1265 3790 1693 3861; x_wconf 75' lang='lat' dir='ltr'><strong>superfluitatem</strong></span> 
     </span>
    </p>
   </div>
   <div class='ocr_carea' id='block_1_67' title="bbox 131 3878 1696 3949">
    <p class='ocr_par' dir='ltr' id='par_1_67' title="bbox 131 3878 1696 3949">
     <span class='ocr_line' id='line_1_67' title="bbox 131 3878 1696 3949; baseline 0.008 -23"><span class='ocrx_word' id='word_1_469' title='bbox 131 3879 362 3943; x_wconf 77' lang='lat' dir='ltr'><strong>tanquam</strong></span> <span class='ocrx_word' id='word_1_470' title='bbox 412 3892 560 3946; x_wconf 90' lang='lat' dir='ltr'><strong>puro</strong></span> <span class='ocrx_word' id='word_1_471' title='bbox 603 3878 784 3932; x_wconf 90' lang='lat' dir='ltr'><strong>tritico</strong></span> <span class='ocrx_word' id='word_1_472' title='bbox 836 3881 1266 3949; x_wconf 90' lang='lat' dir='ltr'><strong>superscmiuata</strong></span> <span class='ocrx_word' id='word_1_473' title='bbox 1296 3881 1526 3946; x_wconf 86' lang='lat' dir='ltr'><strong>zizania,</strong></span> <span class='ocrx_word' id='word_1_474' title='bbox 1578 3884 1696 3938; x_wconf 89' lang='lat' dir='ltr'><strong>sine</strong></span> 
     </span>
    </p>
   </div>
   <div class='ocr_carea' id='block_1_68' title="bbox 130 3965 1693 4041">
    <p class='ocr_par' dir='ltr' id='par_1_68' title="bbox 130 3965 1693 4041">
     <span class='ocr_line' id='line_1_68' title="bbox 130 3965 1693 4041; baseline 0.006 -24"><span class='ocrx_word' id='word_1_475' title='bbox 130 3965 257 4018; x_wconf 86' lang='lat' dir='ltr'><strong>omni</strong></span> <span class='ocrx_word' id='word_1_476' title='bbox 301 3966 567 4021; x_wconf 88' lang='lat' dir='ltr'><strong>dilatione</strong></span> <span class='ocrx_word' id='word_1_477' title='bbox 596 3967 857 4023; x_wconf 82' lang='lat' dir='ltr'><strong>radicitus</strong></span> <span class='ocrx_word' id='word_1_478' title='bbox 896 3968 1207 4035; x_wconf 85' lang='lat' dir='ltr'><strong>evellamus,</strong></span> <span class='ocrx_word' id='word_1_479' title='bbox 1246 3980 1304 4026; x_wconf 91' lang='lat' dir='ltr'><strong>ut</strong></span> <span class='ocrx_word' id='word_1_480' title='bbox 1326 3981 1450 4041; x_wconf 88' lang='lat' dir='ltr'><strong>pote</strong></span> <span class='ocrx_word' id='word_1_481' title='bbox 1483 3973 1693 4028; x_wconf 83' lang='lat' dir='ltr'><strong>veritati</strong></span> 
     </span>
    </p>
   </div>
   <div class='ocr_carea' id='block_1_69' title="bbox 129 4054 1693 4129">
    <p class='ocr_par' dir='ltr' id='par_1_69' title="bbox 129 4054 1693 4129">
     <span class='ocr_line' id='line_1_69' title="bbox 129 4054 1693 4129; baseline 0.006 -19"><span class='ocrx_word' id='word_1_482' title='bbox 129 4054 398 4125; x_wconf 84' lang='lat' dir='ltr'><strong>obviantia,</strong></span> <span class='ocrx_word' id='word_1_483' title='bbox 428 4059 771 4113; x_wconf 62' lang='lat' dir='ltr'><strong>et&#39;Ecclesiaa</strong></span> <span class='ocrx_word' id='word_1_484' title='bbox 798 4062 1176 4129; x_wconf 78' lang='lat' dir='ltr'><strong>repugnantia.</strong></span> <span class='ocrx_word' id='word_1_485' title='bbox 1225 4060 1354 4128; x_wconf 73' lang='lat' dir='ltr'><strong>Qua:</strong></span> <span class='ocrx_word' id='word_1_486' title='bbox 1380 4064 1524 4118; x_wconf 86' lang='lat' dir='ltr'><strong>enim</strong></span> <span class='ocrx_word' id='word_1_487' title='bbox 1549 4066 1601 4119; x_wconf 88' lang='lat' dir='ltr'><strong>in</strong></span> <span class='ocrx_word' id='word_1_488' title='bbox 1630 4082 1693 4120; x_wconf 90' lang='lat' dir='ltr'><strong>ea</strong></span> 
     </span>
    </p>
   </div>
   <div class='ocr_carea' id='block_1_70' title="bbox 130 4146 1691 4223">
    <p class='ocr_par' dir='ltr' id='par_1_70' title="bbox 130 4146 1691 4223">
     <span class='ocr_line' id='line_1_70' title="bbox 130 4146 1691 4223; baseline 0.008 -26"><span class='ocrx_word' id='word_1_489' title='bbox 130 4146 301 4201; x_wconf 88' lang='lat' dir='ltr'><strong>tradita</strong></span> <span class='ocrx_word' id='word_1_490' title='bbox 324 4156 475 4212; x_wconf 88' lang='lat' dir='ltr'><strong>sunt,</strong></span> <span class='ocrx_word' id='word_1_491' title='bbox 503 4163 612 4202; x_wconf 92' lang='lat' dir='ltr'><strong>non</strong></span> <span class='ocrx_word' id='word_1_492' title='bbox 640 4157 768 4204; x_wconf 90' lang='lat' dir='ltr'><strong>sunt</strong></span> <span class='ocrx_word' id='word_1_493' title='bbox 790 4159 867 4202; x_wconf 75' lang='lat' dir='ltr'><strong>est</strong></span> <span class='ocrx_word' id='word_1_494' title='bbox 884 4158 940 4204; x_wconf 90' lang='lat' dir='ltr'><strong>et</strong></span> <span class='ocrx_word' id='word_1_495' title='bbox 970 4166 1095 4215; x_wconf 84' lang='lat' dir='ltr'><strong>non,</strong></span> <span class='ocrx_word' id='word_1_496' title='bbox 1123 4151 1219 4206; x_wconf 90' lang='lat' dir='ltr'><strong>sed</strong></span> <span class='ocrx_word' id='word_1_497' title='bbox 1247 4162 1322 4205; x_wconf 78' lang='lat' dir='ltr'><strong>est</strong></span> <span class='ocrx_word' id='word_1_498' title='bbox 1351 4150 1435 4219; x_wconf 79' lang='lat' dir='ltr'><strong>(II</strong></span> <span class='ocrx_word' id='word_1_499' title='bbox 1465 4152 1586 4207; x_wconf 86' lang='lat' dir='ltr'><strong>Cor.</strong></span> <span class='ocrx_word' id='word_1_500' title='bbox 1615 4154 1651 4223; x_wconf 89' lang='grc' dir='ltr'><strong>ι)</strong></span> <span class='ocrx_word' id='word_1_501' title='bbox 1676 4172 1691 4211; x_wconf 90' lang='lat'><strong>:</strong></span> 
     </span>
    </p>
   </div>
   <div class='ocr_carea' id='block_1_71' title="bbox 129 4233 1692 4311">
    <p class='ocr_par' dir='ltr' id='par_1_71' title="bbox 129 4233 1692 4311">
     <span class='ocr_line' id='line_1_71' title="bbox 129 4233 1692 4311; baseline 0.006 -23"><span class='ocrx_word' id='word_1_502' title='bbox 129 4233 343 4290; x_wconf 72' lang='lat' dir='ltr'><strong>existunt</strong></span> <span class='ocrx_word' id='word_1_503' title='bbox 369 4237 427 4291; x_wconf 90' lang='lat' dir='ltr'><strong>in</strong></span> <span class='ocrx_word' id='word_1_504' title='bbox 452 4237 708 4303; x_wconf 86' lang='lat' dir='ltr'><strong>veritate,</strong></span> <span class='ocrx_word' id='word_1_505' title='bbox 741 4242 797 4292; x_wconf 82' lang='lat' dir='ltr'><strong>et</strong></span> <span class='ocrx_word' id='word_1_506' title='bbox 816 4249 1143 4306; x_wconf 88' lang='lat' dir='ltr'><strong>permanent</strong></span> <span class='ocrx_word' id='word_1_507' title='bbox 1179 4239 1324 4296; x_wconf 69' lang='lat' dir='ltr'><strong>ineo;</strong></span> <span class='ocrx_word' id='word_1_508' title='bbox 1369 4250 1493 4311; x_wconf 87' lang='lat' dir='ltr'><strong>upta</strong></span> <span class='ocrx_word' id='word_1_509' title='bbox 1519 4244 1692 4297; x_wconf 87' lang='lat' dir='ltr'><strong>etim-</strong></span> 
     </span>
    </p>
   </div>
   <div class='ocr_carea' id='block_1_72' title="bbox 130 4324 1694 4405">
    <p class='ocr_par' dir='ltr' id='par_1_72' title="bbox 130 4324 1694 4405">
     <span class='ocr_line' id='line_1_72' title="bbox 130 4324 1694 4405; baseline 0.007 -29"><span class='ocrx_word' id='word_1_510' title='bbox 130 4324 349 4380; x_wconf 82' lang='lat' dir='ltr'><strong>mutilata</strong></span> <span class='ocrx_word' id='word_1_511' title='bbox 382 4327 436 4382; x_wconf 93' lang='lat' dir='ltr'><strong>in</strong></span> <span class='ocrx_word' id='word_1_512' title='bbox 463 4328 798 4405; x_wconf 84' lang='lat' dir='ltr'><strong>sempiterna</strong></span> <span class='ocrx_word' id='word_1_513' title='bbox 826 4328 1044 4383; x_wconf 54' lang='lat' dir='ltr'><strong>saecula.</strong></span> <span class='ocrx_word' id='word_1_514' title='bbox 1075 4328 1205 4385; x_wconf 90' lang='lat' dir='ltr'><strong>Siue</strong></span> <span class='ocrx_word' id='word_1_515' title='bbox 1236 4332 1519 4387; x_wconf 88' lang='lat' dir='ltr'><strong>mendacio</strong></span> <span class='ocrx_word' id='word_1_516' title='bbox 1539 4334 1694 4403; x_wconf 81' lang='lat' dir='ltr'><strong>quip-</strong></span> 
     </span>
    </p>
   </div>
   <div class='ocr_carea' id='block_1_73' title="bbox 129 4417 1696 4494">
    <p class='ocr_par' dir='ltr' id='par_1_73' title="bbox 129 4417 1696 4494">
     <span class='ocr_line' id='line_1_73' title="bbox 129 4417 1696 4494; baseline 0.006 -25"><span class='ocrx_word' id='word_1_517' title='bbox 129 4426 275 4483; x_wconf 87' lang='lat' dir='ltr'><strong>peest</strong></span> <span class='ocrx_word' id='word_1_518' title='bbox 302 4419 392 4487; x_wconf 87' lang='lat' dir='ltr'><strong>qui</strong></span> <span class='ocrx_word' id='word_1_519' title='bbox 422 4417 739 4488; x_wconf 88' lang='lat' dir='ltr'><strong>repromisit</strong></span> <span class='ocrx_word' id='word_1_520' title='bbox 776 4418 959 4474; x_wconf 91' lang='lat' dir='ltr'><strong>dicens</strong></span> <span class='ocrx_word' id='word_1_521' title='bbox 987 4436 999 4473; x_wconf 92' lang='lat'>:</span> <span class='ocrx_word' id='word_1_522' title='bbox 1031 4418 1209 4474; x_wconf 73' lang='lat' dir='ltr'><strong>Porta:</strong></span> <span class='ocrx_word' id='word_1_523' title='bbox 1251 4421 1408 4491; x_wconf 79' lang='lat' dir='ltr'><strong>inferi</strong></span> <span class='ocrx_word' id='word_1_524' title='bbox 1437 4439 1538 4476; x_wconf 85' lang='lat' dir='ltr'><strong>non</strong></span> <span class='ocrx_word' id='word_1_525' title='bbox 1561 4440 1696 4494; x_wconf 68' lang='lat' dir='ltr'><strong>pra:-</strong></span> 
     </span>
    </p>
   </div>
   <div class='ocr_carea' id='block_1_74' title="bbox 130 4501 1694 4580">
    <p class='ocr_par' dir='ltr' id='par_1_74' title="bbox 130 4501 1694 4580">
     <span class='ocr_line' id='line_1_74' title="bbox 130 4501 1694 4580; baseline 0.009 -26"><span class='ocrx_word' id='word_1_526' title='bbox 130 4501 343 4559; x_wconf 71' lang='lat' dir='ltr'><strong>ralebunt</strong></span> <span class='ocrx_word' id='word_1_527' title='bbox 372 4508 625 4562; x_wconf 78' lang='lat' dir='ltr'><strong>adversus</strong></span> <span class='ocrx_word' id='word_1_528' title='bbox 650 4523 769 4563; x_wconf 81' lang='lat' dir='ltr'><strong>eam</strong></span> <span class='ocrx_word' id='word_1_529' title='bbox 811 4504 1028 4578; x_wconf 68' lang='lat' dir='ltr'><strong>(Matth.</strong></span> <span class='ocrx_word' id='word_1_530' title='bbox 1072 4511 1216 4580; x_wconf 78' lang='lat' dir='ltr'><strong>xvi);</strong></span> <span class='ocrx_word' id='word_1_531' title='bbox 1242 4519 1299 4567; x_wconf 89' lang='lat' dir='ltr'><strong>et</strong></span> <span class='ocrx_word' id='word_1_532' title='bbox 1336 4512 1381 4567; x_wconf 88' lang='lat' dir='ltr'><strong>si</strong></span> <span class='ocrx_word' id='word_1_533' title='bbox 1409 4514 1694 4570; x_wconf 84' lang='lat' dir='ltr'><strong>certilicati</strong></span> 
     </span>
    </p>
   </div>
   <div class='ocr_carea' id='block_1_75' title="bbox 135 4590 1690 4677">
    <p class='ocr_par' dir='ltr' id='par_1_75' title="bbox 135 4590 1690 4677">
     <span class='ocr_line' id='line_1_75' title="bbox 135 4590 1690 4677; baseline 0.008 -33"><span class='ocrx_word' id='word_1_534' title='bbox 135 4590 633 4677; x_wconf 56' lang='lat' dir='ltr'><strong>fuerimuslsumus]</strong></span> <span class='ocrx_word' id='word_1_535' title='bbox 653 4598 796 4667; x_wconf 87' lang='lat' dir='ltr'><strong>quod</strong></span> <span class='ocrx_word' id='word_1_536' title='bbox 817 4598 1079 4668; x_wconf 86' lang='lat' dir='ltr'><strong>placabile</strong></span> <span class='ocrx_word' id='word_1_537' title='bbox 1091 4602 1160 4655; x_wconf 89' lang='lat' dir='ltr'><strong>sit</strong></span> <span class='ocrx_word' id='word_1_538' title='bbox 1182 4602 1236 4655; x_wconf 91' lang='lat' dir='ltr'><strong>in</strong></span> <span class='ocrx_word' id='word_1_539' title='bbox 1258 4611 1546 4671; x_wconf 89' lang='lat' dir='ltr'><strong>conspectu</strong></span> <span class='ocrx_word' id='word_1_540' title='bbox 1571 4604 1690 4669; x_wconf 89' lang='lat' dir='ltr'><strong>Dei,</strong></span> 
     </span>
    </p>
   </div>
   <div class='ocr_carea' id='block_1_76' title="bbox 132 4688 1689 4760">
    <p class='ocr_par' dir='ltr' id='par_1_76' title="bbox 132 4688 1689 4760">
     <span class='ocr_line' id='line_1_76' title="bbox 132 4688 1689 4760; baseline 0.008 -20"><span class='ocrx_word' id='word_1_541' title='bbox 132 4688 429 4743; x_wconf 85' lang='lat' dir='ltr'><strong>conveniant</strong></span> <span class='ocrx_word' id='word_1_542' title='bbox 459 4690 551 4759; x_wconf 87' lang='lat' dir='ltr'><strong>qui</strong></span> <span class='ocrx_word' id='word_1_543' title='bbox 584 4691 865 4760; x_wconf 62' lang='lat' dir='ltr'><strong>praeterito</strong></span> <span class='ocrx_word' id='word_1_544' title='bbox 908 4706 1051 4747; x_wconf 89' lang='lat' dir='ltr'><strong>anno</strong></span> <span class='ocrx_word' id='word_1_545' title='bbox 1086 4694 1337 4749; x_wconf 88' lang='lat' dir='ltr'><strong>restitere</strong></span> <span class='ocrx_word' id='word_1_546' title='bbox 1363 4696 1599 4751; x_wconf 75' lang='lat' dir='ltr'><strong>veritati;</strong></span> <span class='ocrx_word' id='word_1_547' title='bbox 1631 4696 1689 4752; x_wconf 91' lang='lat' dir='ltr'><strong>Si</strong></span> 
     </span>
    </p>
   </div>
   <div class='ocr_carea' id='block_1_77' title="bbox 131 4776 1687 4843">
    <p class='ocr_par' dir='ltr' id='par_1_77' title="bbox 131 4776 1687 4843">
     <span class='ocr_line' id='line_1_77' title="bbox 131 4776 1687 4843; baseline 0.009 -15"><span class='ocrx_word' id='word_1_548' title='bbox 131 4776 234 4843; x_wconf 81' lang='lat' dir='ltr'><strong>quis</strong></span> <span class='ocrx_word' id='word_1_549' title='bbox 260 4786 341 4832; x_wconf 85' lang='lat' dir='ltr'><strong>est</strong></span> <span class='ocrx_word' id='word_1_550' title='bbox 367 4779 425 4833; x_wconf 89' lang='lat' dir='ltr'><strong>in</strong></span> <span class='ocrx_word' id='word_1_551' title='bbox 454 4779 563 4834; x_wconf 86' lang='lat' dir='ltr'><strong>illis</strong></span> <span class='ocrx_word' id='word_1_552' title='bbox 609 4795 794 4835; x_wconf 89' lang='lat' dir='ltr'><strong>sermo</strong></span> <span class='ocrx_word' id='word_1_553' title='bbox 815 4781 899 4834; x_wconf 88' lang='lat' dir='ltr'><strong>vel</strong></span> <span class='ocrx_word' id='word_1_554' title='bbox 936 4783 1392 4839; x_wconf 88' lang='lat' dir='ltr'><strong>contradictionis</strong></span> <span class='ocrx_word' id='word_1_555' title='bbox 1419 4785 1501 4839; x_wconf 90' lang='lat' dir='ltr'><strong>vel</strong></span> <span class='ocrx_word' id='word_1_556' title='bbox 1518 4788 1687 4841; x_wconf 88' lang='lat' dir='ltr'><strong>etiam</strong></span> 
     </span>
    </p>
   </div>
   <div class='ocr_carea' id='block_1_78' title="bbox 132 4868 1691 4946">
    <p class='ocr_par' dir='ltr' id='par_1_78' title="bbox 132 4868 1691 4946">
     <span class='ocr_line' id='line_1_78' title="bbox 132 4868 1691 4946; baseline 0.01 -26"><span class='ocrx_word' id='word_1_557' title='bbox 132 4868 566 4938; x_wconf 86' lang='lat' dir='ltr'><strong>ratiocinationis,</strong></span> <span class='ocrx_word' id='word_1_558' title='bbox 597 4872 802 4928; x_wconf 85' lang='lat' dir='ltr'><strong>dicant.</strong></span> <span class='ocrx_word' id='word_1_559' title='bbox 831 4871 909 4927; x_wconf 74' lang='lat' dir='ltr'><strong>Ita</strong></span> <span class='ocrx_word' id='word_1_560' title='bbox 935 4889 1168 4946; x_wconf 89' lang='lat' dir='ltr'><strong>namque</strong></span> <span class='ocrx_word' id='word_1_561' title='bbox 1207 4877 1388 4933; x_wconf 88' lang='lat' dir='ltr'><strong>omnis</strong></span> <span class='ocrx_word' id='word_1_562' title='bbox 1413 4881 1691 4935; x_wconf 79' lang='lat' dir='ltr'><strong>examina-</strong></span> 
     </span>
    </p>
   </div>
   <div class='ocr_carea' id='block_1_79' title="bbox 134 4954 618 5017">
    <p class='ocr_par' dir='ltr' id='par_1_79' title="bbox 134 4954 618 5017">
     <span class='ocr_line' id='line_1_79' title="bbox 134 4954 618 5017; baseline 0.01 -7"><span class='ocrx_word' id='word_1_563' title='bbox 134 4954 195 5010; x_wconf 84' lang='lat' dir='ltr'><strong>tio</strong></span> <span class='ocrx_word' id='word_1_564' title='bbox 213 4960 490 5016; x_wconf 79' lang='lat' dir='ltr'><strong>manifesta</strong></span> <span class='ocrx_word' id='word_1_565' title='bbox 505 4961 618 5017; x_wconf 75' lang='lat' dir='ltr'><strong>lict.</strong></span> 
     </span>
    </p>
   </div>
   <div class='ocr_carea' id='block_1_80' title="bbox 187 5044 1688 5130">
    <p class='ocr_par' dir='ltr' id='par_1_80' title="bbox 187 5044 1688 5130">
     <span class='ocr_line' id='line_1_80' title="bbox 187 5044 1688 5130; baseline 0.011 -29"><span class='ocrx_word' id='word_1_566' title='bbox 187 5044 560 5107; x_wconf 84' lang='lat' dir='ltr'><strong>Constantinus</strong></span> <span class='ocrx_word' id='word_1_567' title='bbox 606 5053 985 5113; x_wconf 87' lang='lat' dir='ltr'><strong>sanctissimus</strong></span> <span class='ocrx_word' id='word_1_568' title='bbox 1023 5059 1312 5130; x_wconf 89' lang='lat' dir='ltr'><strong>episcopus</strong></span> <span class='ocrx_word' id='word_1_569' title='bbox 1356 5058 1688 5117; x_wconf 62' lang='lat' dir='ltr'><strong>Constanti-ae</strong></span> 
     </span>
    </p>
   </div>
   <div class='ocr_carea' id='block_1_81' title="bbox 131 5129 1684 5225">
    <p class='ocr_par' dir='ltr' id='par_1_81' title="bbox 131 5129 1684 5225">
     <span class='ocr_line' id='line_1_81' title="bbox 131 5129 1684 5225; baseline 0.014 -35"><span class='ocrx_word' id='word_1_570' title='bbox 131 5129 270 5225; x_wconf 83' lang='lat' dir='ltr'><strong>Cypri</strong></span> <span class='ocrx_word' id='word_1_571' title='bbox 292 5140 428 5195; x_wconf 80' lang='lat' dir='ltr'><strong>dixit</strong></span> <span class='ocrx_word' id='word_1_572' title='bbox 453 5161 465 5195; x_wconf 93' lang='lat'>:</span> <span class='ocrx_word' id='word_1_573' title='bbox 495 5142 549 5198; x_wconf 90' lang='lat' dir='ltr'><strong>Si</strong></span> <span class='ocrx_word' id='word_1_574' title='bbox 575 5144 793 5199; x_wconf 86' lang='lat' dir='ltr'><strong>videtur</strong></span> <span class='ocrx_word' id='word_1_575' title='bbox 817 5144 941 5199; x_wconf 88' lang='lat' dir='ltr'><strong>huic</strong></span> <span class='ocrx_word' id='word_1_576' title='bbox 969 5159 1168 5206; x_wconf 67' lang='lat' dir='ltr'><strong>sanctae</strong></span> <span class='ocrx_word' id='word_1_577' title='bbox 1197 5129 1254 5206; x_wconf 90' lang='lat' dir='ltr'><strong>et</strong></span> <span class='ocrx_word' id='word_1_578' title='bbox 1278 5150 1577 5209; x_wconf 81' lang='lat' dir='ltr'><strong>universali</strong></span> <span class='ocrx_word' id='word_1_579' title='bbox 1592 5169 1684 5225; x_wconf 52' lang='grc' dir='ltr'><strong>εγω-</strong></span> 
     </span>
    </p>
   </div>
   <div class='ocr_carea' id='block_1_82' title="bbox 132 5223 1686 5301">
    <p class='ocr_par' dir='ltr' id='par_1_82' title="bbox 132 5223 1686 5301">
     <span class='ocr_line' id='line_1_82' title="bbox 132 5223 1686 5301; baseline 0.011 -23"><span class='ocrx_word' id='word_1_580' title='bbox 132 5223 270 5291; x_wconf 77' lang='lat' dir='ltr'><strong>nodo,</strong></span> <span class='ocrx_word' id='word_1_581' title='bbox 312 5227 608 5285; x_wconf 86' lang='lat' dir='ltr'><strong>secundum</strong></span> <span class='ocrx_word' id='word_1_582' title='bbox 665 5246 795 5301; x_wconf 62' lang='lat' dir='ltr'><strong>quae</strong></span> <span class='ocrx_word' id='word_1_583' title='bbox 823 5231 960 5289; x_wconf 87' lang='lat' dir='ltr'><strong>dicta</strong></span> <span class='ocrx_word' id='word_1_584' title='bbox 990 5247 1114 5292; x_wconf 83' lang='lat' dir='ltr'><strong>sunt</strong></span> <span class='ocrx_word' id='word_1_585' title='bbox 1156 5253 1188 5292; x_wconf 88' lang='lat' dir='ltr'><strong>a</strong></span> <span class='ocrx_word' id='word_1_586' title='bbox 1239 5239 1587 5295; x_wconf 64' lang='lat' dir='ltr'><strong>sanctissimo</strong></span> <span class='ocrx_word' id='word_1_587' title='bbox 1624 5223 1686 5295; x_wconf 83' lang='lat' dir='ltr'><strong>et</strong></span> 
     </span>
    </p>
   </div>
   <div class='ocr_carea' id='block_1_83' title="bbox 1121 5331 1682 5370">
    <p class='ocr_par' dir='ltr' id='par_1_83' title="bbox 1121 5331 1682 5370">
     <span class='ocr_line' id='line_1_83' title="bbox 1121 5331 1682 5370; baseline 0.012 -7"><span class='ocrx_word' id='word_1_588' title='bbox 1121 5331 1426 5364; x_wconf 62' lang='lat' dir='ltr'><strong>&gt;-‘~n‘:&quot;&quot;&quot;‘-</strong></span> <span class='ocrx_word' id='word_1_589' title='bbox 1454 5350 1550 5370; x_wconf 55' lang='lat' dir='ltr'><strong>ann</strong></span> <span class='ocrx_word' id='word_1_590' title='bbox 1588 5335 1682 5370; x_wconf 71' lang='grc' dir='ltr'><strong>Ιῖιι.</strong></span> 
     </span>
    </p>
   </div>
   <div class='ocr_carea' id='block_1_84' title="bbox 1801 3422 3382 3494">
    <p class='ocr_par' dir='ltr' id='par_1_84' title="bbox 1801 3422 3382 3494">
     <span class='ocr_line' id='line_1_84' title="bbox 1801 3422 3382 3494; baseline 0 -18"><span class='ocrx_word' id='word_1_591' title='bbox 1801 3423 2129 3478; x_wconf 85' lang='lat' dir='ltr'><strong>licitndiuem</strong></span> <span class='ocrx_word' id='word_1_592' title='bbox 2171 3437 2400 3478; x_wconf 85' lang='lat' dir='ltr'><strong>sumere</strong></span> <span class='ocrx_word' id='word_1_593' title='bbox 2425 3424 2606 3494; x_wconf 88' lang='lat' dir='ltr'><strong>cupit,</strong></span> <span class='ocrx_word' id='word_1_594' title='bbox 2648 3432 2808 3492; x_wconf 88' lang='lat' dir='ltr'><strong>atque</strong></span> <span class='ocrx_word' id='word_1_595' title='bbox 2849 3422 3192 3478; x_wconf 88' lang='lat' dir='ltr'><strong>sacerdotum</strong></span> <span class='ocrx_word' id='word_1_596' title='bbox 3237 3433 3382 3476; x_wconf 85' lang='lat' dir='ltr'><strong>mer-</strong></span> 
     </span>
    </p>
   </div>
   <div class='ocr_carea' id='block_1_85' title="bbox 1799 3510 3380 3583">
    <p class='ocr_par' dir='ltr' id='par_1_85' title="bbox 1799 3510 3380 3583">
     <span class='ocr_line' id='line_1_85' title="bbox 1799 3510 3380 3583; baseline 0 -17"><span class='ocrx_word' id='word_1_597' title='bbox 1799 3514 1909 3566; x_wconf 85' lang='lat' dir='ltr'><strong>cari</strong></span> <span class='ocrx_word' id='word_1_598' title='bbox 1946 3528 2166 3582; x_wconf 89' lang='lat' dir='ltr'><strong>semper</strong></span> <span class='ocrx_word' id='word_1_599' title='bbox 2206 3514 2467 3567; x_wconf 87' lang='lat' dir='ltr'><strong>unitatem</strong></span> <span class='ocrx_word' id='word_1_600' title='bbox 2513 3522 2799 3583; x_wconf 89' lang='lat' dir='ltr'><strong>procurat,</strong></span> <span class='ocrx_word' id='word_1_601' title='bbox 2840 3511 3109 3578; x_wconf 89' lang='lat' dir='ltr'><strong>Orientis,</strong></span> <span class='ocrx_word' id='word_1_602' title='bbox 3150 3510 3380 3580; x_wconf 84' lang='lat' dir='ltr'><strong>Septen-</strong></span> 
     </span>
    </p>
   </div>
   <div class='ocr_carea' id='block_1_86' title="bbox 1800 3601 3373 3672">
    <p class='ocr_par' dir='ltr' id='par_1_86' title="bbox 1800 3601 3373 3672">
     <span class='ocr_line' id='line_1_86' title="bbox 1800 3601 3373 3672; baseline 0 -17"><span class='ocrx_word' id='word_1_603' title='bbox 1800 3602 2011 3666; x_wconf 85' lang='lat' dir='ltr'><strong>trionis,</strong></span> <span class='ocrx_word' id='word_1_604' title='bbox 2043 3601 2430 3657; x_wconf 20' lang='lat' dir='ltr'><strong>Occidentis‘el</strong></span> <span class='ocrx_word' id='word_1_605' title='bbox 2459 3602 2695 3656; x_wconf 79' lang='lat' dir='ltr'><strong>Meridiei</strong></span> <span class='ocrx_word' id='word_1_606' title='bbox 2724 3619 2736 3656; x_wconf 91' lang='lat'>:</span> <span class='ocrx_word' id='word_1_607' title='bbox 2772 3611 2826 3657; x_wconf 89' lang='lat' dir='ltr'><strong>et</strong></span> <span class='ocrx_word' id='word_1_608' title='bbox 2851 3601 3106 3672; x_wconf 65' lang='lat' dir='ltr'><strong>praesules</strong></span> <span class='ocrx_word' id='word_1_609' title='bbox 3148 3602 3373 3664; x_wconf 89' lang='lat' dir='ltr'><strong>adsunt,</strong></span> 
     </span>
    </p>
   </div>
   <div class='ocr_carea' id='block_1_87' title="bbox 1802 3690 3373 3762">
    <p class='ocr_par' dir='ltr' id='par_1_87' title="bbox 1802 3690 3373 3762">
     <span class='ocr_line' id='line_1_87' title="bbox 1802 3690 3373 3762; baseline -0.001 -15"><span class='ocrx_word' id='word_1_610' title='bbox 1802 3692 1910 3747; x_wconf 86' lang='lat' dir='ltr'><strong>Deo</strong></span> <span class='ocrx_word' id='word_1_611' title='bbox 1935 3691 2180 3757; x_wconf 89' lang='lat' dir='ltr'><strong>volente,</strong></span> <span class='ocrx_word' id='word_1_612' title='bbox 2209 3707 2306 3762; x_wconf 89' lang='lat' dir='ltr'><strong>per</strong></span> <span class='ocrx_word' id='word_1_613' title='bbox 2336 3692 2566 3747; x_wconf 84' lang='lat' dir='ltr'><strong>vicarius</strong></span> <span class='ocrx_word' id='word_1_614' title='bbox 2595 3706 2722 3747; x_wconf 90' lang='lat' dir='ltr'><strong>suos</strong></span> <span class='ocrx_word' id='word_1_615' title='bbox 2762 3707 2868 3747; x_wconf 90' lang='lat' dir='ltr'><strong>una</strong></span> <span class='ocrx_word' id='word_1_616' title='bbox 2912 3706 3035 3747; x_wconf 88' lang='lat' dir='ltr'><strong>cum</strong></span> <span class='ocrx_word' id='word_1_617' title='bbox 3078 3690 3373 3760; x_wconf 85' lang='lat' dir='ltr'><strong>reciprocis</strong></span> 
     </span>
    </p>
   </div>
   <div class='ocr_carea' id='block_1_88' title="bbox 1800 3782 3374 3854">
    <p class='ocr_par' dir='ltr' id='par_1_88' title="bbox 1800 3782 3374 3854">
     <span class='ocr_line' id='line_1_88' title="bbox 1800 3782 3374 3854; baseline -0.001 -18"><span class='ocrx_word' id='word_1_618' title='bbox 1800 3782 2077 3851; x_wconf 88' lang='lat' dir='ltr'><strong>rescriptis</strong></span> <span class='ocrx_word' id='word_1_619' title='bbox 2118 3783 2184 3837; x_wconf 88' lang='lat' dir='ltr'><strong>ad</strong></span> <span class='ocrx_word' id='word_1_620' title='bbox 2225 3783 2509 3854; x_wconf 86' lang='lat' dir='ltr'><strong>synodicas</strong></span> <span class='ocrx_word' id='word_1_621' title='bbox 2558 3782 2766 3837; x_wconf 87' lang='lat' dir='ltr'><strong>litteras</strong></span> <span class='ocrx_word' id='word_1_622' title='bbox 2812 3797 2936 3852; x_wconf 66' lang='lat' dir='ltr'><strong>quae</strong></span> <span class='ocrx_word' id='word_1_623' title='bbox 2976 3782 3153 3836; x_wconf 74' lang='lat' dir='ltr'><strong>missa:</strong></span> <span class='ocrx_word' id='word_1_624' title='bbox 3186 3789 3311 3836; x_wconf 87' lang='lat' dir='ltr'><strong>sunt</strong></span> <span class='ocrx_word' id='word_1_625' title='bbox 3338 3795 3374 3835; x_wconf 86' lang='lat' dir='ltr'><strong>a</strong></span> 
     </span>
    </p>
   </div>
   <div class='ocr_carea' id='block_1_89' title="bbox 1799 3872 3377 3945">
    <p class='ocr_par' dir='ltr' id='par_1_89' title="bbox 1799 3872 3377 3945">
     <span class='ocr_line' id='line_1_89' title="bbox 1799 3872 3377 3945; baseline -0.001 -17"><span class='ocrx_word' id='word_1_626' title='bbox 1799 3872 2144 3928; x_wconf 88' lang='lat' dir='ltr'><strong>sanctissimo</strong></span> <span class='ocrx_word' id='word_1_627' title='bbox 2170 3873 2502 3943; x_wconf 84' lang='lat' dir='ltr'><strong>patriarcha.</strong></span> <span class='ocrx_word' id='word_1_628' title='bbox 2541 3873 2647 3928; x_wconf 87' lang='lat' dir='ltr'><strong>Ista</strong></span> <span class='ocrx_word' id='word_1_629' title='bbox 2677 3874 2826 3928; x_wconf 89' lang='lat' dir='ltr'><strong>enim</strong></span> <span class='ocrx_word' id='word_1_630' title='bbox 2847 3873 3142 3942; x_wconf 90' lang='lat' dir='ltr'><strong>antiquitus</strong></span> <span class='ocrx_word' id='word_1_631' title='bbox 3170 3872 3264 3927; x_wconf 54' lang='lat' dir='ltr'><strong>lexe</strong></span> <span class='ocrx_word' id='word_1_632' title='bbox 3287 3885 3377 3945; x_wconf 81' lang='lat' dir='ltr'><strong>sy-</strong></span> 
     </span>
    </p>
   </div>
   <div class='ocr_carea' id='block_1_90' title="bbox 1800 3960 3379 4035">
    <p class='ocr_par' dir='ltr' id='par_1_90' title="bbox 1800 3960 3379 4035">
     <span class='ocr_line' id='line_1_90' title="bbox 1800 3960 3379 4035; baseline 0.001 -17"><span class='ocrx_word' id='word_1_633' title='bbox 1800 3964 1991 4018; x_wconf 85' lang='lat' dir='ltr'><strong>nodica</strong></span> <span class='ocrx_word' id='word_1_634' title='bbox 2032 3964 2314 4019; x_wconf 73' lang='lat' dir='ltr'><strong>catholica:</strong></span> <span class='ocrx_word' id='word_1_635' title='bbox 2341 3964 2595 4021; x_wconf 82' lang='lat' dir='ltr'><strong>Ecclesiae</strong></span> <span class='ocrx_word' id='word_1_636' title='bbox 2615 4004 2629 4030; x_wconf 93' lang='lat'><strong>,</strong></span> <span class='ocrx_word' id='word_1_637' title='bbox 2659 3979 2779 4035; x_wconf 67' lang='lat' dir='ltr'><strong>quae</strong></span> <span class='ocrx_word' id='word_1_638' title='bbox 2805 3979 2836 4017; x_wconf 91' lang='lat' dir='ltr'><strong>a</strong></span> <span class='ocrx_word' id='word_1_639' title='bbox 2865 3963 3271 4033; x_wconf 72' lang='lat' dir='ltr'><strong>ﬁnibususque</strong></span> <span class='ocrx_word' id='word_1_640' title='bbox 3306 3960 3379 4020; x_wconf 77' lang='lat' dir='ltr'><strong>ad</strong></span> 
     </span>
    </p>
   </div>
   <div class='ocr_carea' id='block_1_91' title="bbox 1799 4055 3377 4129">
    <p class='ocr_par' dir='ltr' id='par_1_91' title="bbox 1799 4055 3377 4129">
     <span class='ocr_line' id='line_1_91' title="bbox 1799 4055 3377 4129; baseline 0 -19"><span class='ocrx_word' id='word_1_641' title='bbox 1799 4055 1933 4111; x_wconf 86' lang='lat' dir='ltr'><strong>lines</strong></span> <span class='ocrx_word' id='word_1_642' title='bbox 1957 4057 2590 4128; x_wconf 56' lang='lat' dir='ltr'><strong>suscepir&#39;Evangelium.</strong></span> <span class='ocrx_word' id='word_1_643' title='bbox 2621 4057 2790 4129; x_wconf 83' lang='lat' dir='ltr'><strong>Igitur</strong></span> <span class='ocrx_word' id='word_1_644' title='bbox 2815 4057 3148 4128; x_wconf 85' lang='lat' dir='ltr'><strong>beneplaeito</strong></span> <span class='ocrx_word' id='word_1_645' title='bbox 3167 4065 3223 4111; x_wconf 92' lang='lat' dir='ltr'><strong>et</strong></span> <span class='ocrx_word' id='word_1_646' title='bbox 3241 4065 3377 4111; x_wconf 83' lang='lat' dir='ltr'><strong>nutu</strong></span> 
     </span>
    </p>
   </div>
   <div class='ocr_carea' id='block_1_92' title="bbox 1796 4148 3371 4220">
    <p class='ocr_par' dir='ltr' id='par_1_92' title="bbox 1796 4148 3371 4220">
     <span class='ocr_line' id='line_1_92' title="bbox 1796 4148 3371 4220; baseline 0.001 -17"><span class='ocrx_word' id='word_1_647' title='bbox 1796 4149 1914 4220; x_wconf 82' lang='lat' dir='ltr'><strong>ejus</strong></span> <span class='ocrx_word' id='word_1_648' title='bbox 1942 4150 2383 4219; x_wconf 78' lang='lat' dir='ltr'><strong>congregavimus</strong></span> <span class='ocrx_word' id='word_1_649' title='bbox 2412 4165 2507 4206; x_wconf 89' lang='lat' dir='ltr'><strong>vos</strong></span> <span class='ocrx_word' id='word_1_650' title='bbox 2551 4160 2768 4206; x_wconf 90' lang='lat' dir='ltr'><strong>sanctos</strong></span> <span class='ocrx_word' id='word_1_651' title='bbox 2805 4151 3120 4205; x_wconf 85' lang='lat' dir='ltr'><strong>sacerdotes</strong></span> <span class='ocrx_word' id='word_1_652' title='bbox 3164 4148 3371 4219; x_wconf 89' lang='lat' dir='ltr'><strong>ipsius,</strong></span> 
     </span>
    </p>
   </div>
   <div class='ocr_carea' id='block_1_93' title="bbox 1796 4241 3373 4313">
    <p class='ocr_par' dir='ltr' id='par_1_93' title="bbox 1796 4241 3373 4313">
     <span class='ocr_line' id='line_1_93' title="bbox 1796 4241 3373 4313; baseline -0.001 -19"><span class='ocrx_word' id='word_1_653' title='bbox 1796 4243 1888 4311; x_wconf 90' lang='lat' dir='ltr'><strong>qui</strong></span> <span class='ocrx_word' id='word_1_654' title='bbox 1919 4241 2202 4310; x_wconf 88' lang='lat' dir='ltr'><strong>disponitis</strong></span> <span class='ocrx_word' id='word_1_655' title='bbox 2232 4250 2617 4296; x_wconf 89' lang='lat' dir='ltr'><strong>testamentum</strong></span> <span class='ocrx_word' id='word_1_656' title='bbox 2643 4242 2761 4313; x_wconf 82' lang='lat' dir='ltr'><strong>ejus</strong></span> <span class='ocrx_word' id='word_1_657' title='bbox 2791 4256 2952 4311; x_wconf 89' lang='lat' dir='ltr'><strong>super</strong></span> <span class='ocrx_word' id='word_1_658' title='bbox 2978 4241 3260 4295; x_wconf 88' lang='lat' dir='ltr'><strong>incruenta</strong></span> <span class='ocrx_word' id='word_1_659' title='bbox 3289 4254 3373 4294; x_wconf 88' lang='lat' dir='ltr'><strong>sa-</strong></span> 
     </span>
    </p>
   </div>
   <div class='ocr_carea' id='block_1_94' title="bbox 1797 4333 3376 4403">
    <p class='ocr_par' dir='ltr' id='par_1_94' title="bbox 1797 4333 3376 4403">
     <span class='ocr_line' id='line_1_94' title="bbox 1797 4333 3376 4403; baseline -0.003 -14"><span class='ocrx_word' id='word_1_660' title='bbox 1797 4334 2039 4398; x_wconf 79' lang='lat' dir='ltr'><strong>criﬁcia,</strong></span> <span class='ocrx_word' id='word_1_661' title='bbox 2097 4341 2153 4387; x_wconf 91' lang='lat' dir='ltr'><strong>ut</strong></span> <span class='ocrx_word' id='word_1_662' title='bbox 2205 4333 2618 4389; x_wconf 86' lang='lat' dir='ltr'><strong>dillinitionibns</strong></span> <span class='ocrx_word' id='word_1_663' title='bbox 2672 4333 3001 4403; x_wconf 88' lang='lat' dir='ltr'><strong>synodorum</strong></span> <span class='ocrx_word' id='word_1_664' title='bbox 3053 4348 3173 4403; x_wconf 63' lang='lat' dir='ltr'><strong>quae</strong></span> <span class='ocrx_word' id='word_1_665' title='bbox 3225 4338 3376 4386; x_wconf 85' lang='lat' dir='ltr'><strong>recte</strong></span> 
     </span>
    </p>
   </div>
   <div class='ocr_carea' id='block_1_95' title="bbox 1795 4420 3376 4496">
    <p class='ocr_par' dir='ltr' id='par_1_95' title="bbox 1795 4420 3376 4496">
     <span class='ocr_line' id='line_1_95' title="bbox 1795 4420 3376 4496; baseline -0.005 -15"><span class='ocrx_word' id='word_1_666' title='bbox 1795 4425 2323 4496; x_wconf 83' lang='lat' dir='ltr'><strong>dogmatizaverunt,</strong></span> <span class='ocrx_word' id='word_1_667' title='bbox 2363 4422 2625 4490; x_wconf 89' lang='lat' dir='ltr'><strong>judicium</strong></span> <span class='ocrx_word' id='word_1_668' title='bbox 2668 4430 2907 4475; x_wconf 85' lang='lat' dir='ltr'><strong>vestrum</strong></span> <span class='ocrx_word' id='word_1_669' title='bbox 2942 4420 3118 4476; x_wconf 90' lang='lat' dir='ltr'><strong>simile</strong></span> <span class='ocrx_word' id='word_1_670' title='bbox 3160 4420 3278 4482; x_wconf 89' lang='lat' dir='ltr'><strong>liat,</strong></span> <span class='ocrx_word' id='word_1_671' title='bbox 3319 4426 3376 4474; x_wconf 87' lang='lat' dir='ltr'><strong>et</strong></span> 
     </span>
    </p>
   </div>
   <div class='ocr_carea' id='block_1_96' title="bbox 1796 4509 3371 4583">
    <p class='ocr_par' dir='ltr' id='par_1_96' title="bbox 1796 4509 3371 4583">
     <span class='ocr_line' id='line_1_96' title="bbox 1796 4509 3371 4583; baseline -0.006 -14"><span class='ocrx_word' id='word_1_672' title='bbox 1796 4516 2007 4569; x_wconf 87' lang='lat' dir='ltr'><strong>cunctis</strong></span> <span class='ocrx_word' id='word_1_673' title='bbox 2035 4514 2290 4583; x_wconf 89' lang='lat' dir='ltr'><strong>splendor</strong></span> <span class='ocrx_word' id='word_1_674' title='bbox 2316 4513 2540 4581; x_wconf 75' lang='lat' dir='ltr'><strong>spiritus</strong></span> <span class='ocrx_word' id='word_1_675' title='bbox 2569 4512 2843 4564; x_wconf 84' lang='lat' dir='ltr'><strong>illucescat</strong></span> <span class='ocrx_word' id='word_1_676' title='bbox 2877 4526 2891 4563; x_wconf 92' lang='lat'><strong>:</strong></span> <span class='ocrx_word' id='word_1_677' title='bbox 2927 4510 3092 4564; x_wconf 82' lang='lat' dir='ltr'><strong>Nemo</strong></span> <span class='ocrx_word' id='word_1_678' title='bbox 3120 4509 3257 4563; x_wconf 84' lang='lat' dir='ltr'><strong>enim</strong></span> <span class='ocrx_word' id='word_1_679' title='bbox 3281 4524 3371 4560; x_wconf 84' lang='lat' dir='ltr'><strong>ac-</strong></span> 
     </span>
    </p>
   </div>
   <div class='ocr_carea' id='block_1_97' title="bbox 1797 4596 3373 4669">
    <p class='ocr_par' dir='ltr' id='par_1_97' title="bbox 1797 4596 3373 4669">
     <span class='ocr_line' id='line_1_97' title="bbox 1797 4596 3373 4669; baseline -0.004 -13"><span class='ocrx_word' id='word_1_680' title='bbox 1797 4603 2021 4657; x_wconf 81' lang='lat' dir='ltr'><strong>cendens</strong></span> <span class='ocrx_word' id='word_1_681' title='bbox 2050 4602 2318 4655; x_wconf 80' lang='lat' dir='ltr'><strong>lucernam</strong></span> <span class='ocrx_word' id='word_1_682' title='bbox 2340 4641 2353 4664; x_wconf 93' lang='lat'><strong>,</strong></span> <span class='ocrx_word' id='word_1_683' title='bbox 2380 4602 2523 4669; x_wconf 81' lang='lat' dir='ltr'><strong>ponit</strong></span> <span class='ocrx_word' id='word_1_684' title='bbox 2555 4617 2670 4653; x_wconf 81' lang='lat' dir='ltr'><strong>eam</strong></span> <span class='ocrx_word' id='word_1_685' title='bbox 2698 4599 2793 4652; x_wconf 81' lang='lat' dir='ltr'><strong>sub</strong></span> <span class='ocrx_word' id='word_1_686' title='bbox 2822 4599 2996 4652; x_wconf 83' lang='lat' dir='ltr'><strong>modio</strong></span> <span class='ocrx_word' id='word_1_687' title='bbox 3015 4639 3030 4663; x_wconf 93' lang='lat'><strong>,</strong></span> <span class='ocrx_word' id='word_1_688' title='bbox 3073 4596 3373 4652; x_wconf 80' lang='lat' dir='ltr'><strong>secundum</strong></span> 
     </span>
    </p>
   </div>
   <div class='ocr_carea' id='block_1_98' title="bbox 1796 4686 3373 4760">
    <p class='ocr_par' dir='ltr' id='par_1_98' title="bbox 1796 4686 3373 4760">
     <span class='ocr_line' id='line_1_98' title="bbox 1796 4686 3373 4760; baseline -0.002 -14"><span class='ocrx_word' id='word_1_689' title='bbox 1796 4693 2007 4746; x_wconf 89' lang='lat' dir='ltr'><strong>Domini</strong></span> <span class='ocrx_word' id='word_1_690' title='bbox 2052 4706 2276 4755; x_wconf 90' lang='lat' dir='ltr'><strong>vocem,</strong></span> <span class='ocrx_word' id='word_1_691' title='bbox 2315 4692 2404 4744; x_wconf 81' lang='lat' dir='ltr'><strong>sed</strong></span> <span class='ocrx_word' id='word_1_692' title='bbox 2456 4707 2612 4760; x_wconf 76' lang='lat' dir='ltr'><strong>super</strong></span> <span class='ocrx_word' id='word_1_693' title='bbox 2649 4689 3055 4753; x_wconf 75' lang='lat' dir='ltr'><strong>candelabrum,</strong></span> <span class='ocrx_word' id='word_1_694' title='bbox 3096 4698 3151 4743; x_wconf 83' lang='lat' dir='ltr'><strong>ut</strong></span> <span class='ocrx_word' id='word_1_695' title='bbox 3200 4686 3373 4743; x_wconf 71' lang='lat' dir='ltr'><strong>luceat</strong></span> 
     </span>
    </p>
   </div>
   <div class='ocr_carea' id='block_1_99' title="bbox 1793 4780 3375 4855">
    <p class='ocr_par' dir='ltr' id='par_1_99' title="bbox 1793 4780 3375 4855">
     <span class='ocr_line' id='line_1_99' title="bbox 1793 4780 3375 4855; baseline -0.001 -19"><span class='ocrx_word' id='word_1_696' title='bbox 1793 4783 2033 4837; x_wconf 79' lang='lat' dir='ltr'><strong>omnibus</strong></span> <span class='ocrx_word' id='word_1_697' title='bbox 2063 4785 2155 4855; x_wconf 80' lang='lat' dir='ltr'><strong>qui</strong></span> <span class='ocrx_word' id='word_1_698' title='bbox 2185 4784 2239 4836; x_wconf 85' lang='lat' dir='ltr'><strong>in</strong></span> <span class='ocrx_word' id='word_1_699' title='bbox 2268 4784 2422 4838; x_wconf 82' lang='lat' dir='ltr'><strong>domo</strong></span> <span class='ocrx_word' id='word_1_700' title='bbox 2454 4793 2576 4836; x_wconf 77' lang='lat' dir='ltr'><strong>sum</strong></span> <span class='ocrx_word' id='word_1_701' title='bbox 2605 4783 2625 4853; x_wconf 89' lang='lat'>(</span> <span class='ocrx_word' id='word_1_702' title='bbox 2649 4780 2843 4836; x_wconf 69' lang='lat' dir='ltr'><strong>Matth.</strong></span> <span class='ocrx_word' id='word_1_703' title='bbox 2872 4798 2900 4835; x_wconf 91' lang='lat' dir='ltr'><strong>v</strong></span> <span class='ocrx_word' id='word_1_704' title='bbox 2924 4785 2966 4852; x_wconf 91' lang='lat'><strong>).</strong></span> <span class='ocrx_word' id='word_1_705' title='bbox 3009 4781 3100 4837; x_wconf 84' lang='lat' dir='ltr'><strong>Sic</strong></span> <span class='ocrx_word' id='word_1_706' title='bbox 3134 4780 3278 4836; x_wconf 87' lang='lat' dir='ltr'><strong>enim</strong></span> <span class='ocrx_word' id='word_1_707' title='bbox 3315 4786 3375 4836; x_wconf 74' lang='lat' dir='ltr'><strong>et</strong></span> 
     </span>
    </p>
   </div>
   <div class='ocr_carea' id='block_1_100' title="bbox 1793 4870 3371 4943">
    <p class='ocr_par' dir='ltr' id='par_1_100' title="bbox 1793 4870 3371 4943">
     <span class='ocr_line' id='line_1_100' title="bbox 1793 4870 3371 4943; baseline -0.002 -17"><span class='ocrx_word' id='word_1_708' title='bbox 1793 4872 2158 4940; x_wconf 81' lang='lat' dir='ltr'><strong>legislationes</strong></span> <span class='ocrx_word' id='word_1_709' title='bbox 2181 4910 2197 4937; x_wconf 50' lang='grc' dir='ltr'><strong>,ν</strong></span> <span class='ocrx_word' id='word_1_710' title='bbox 2224 4888 2344 4942; x_wconf 77' lang='lat' dir='ltr'><strong>quae</strong></span> <span class='ocrx_word' id='word_1_711' title='bbox 2383 4873 2570 4930; x_wconf 81' lang='lat' dir='ltr'><strong>clima</strong></span> <span class='ocrx_word' id='word_1_712' title='bbox 2600 4871 2845 4943; x_wconf 85' lang='lat' dir='ltr'><strong>patribus</strong></span> <span class='ocrx_word' id='word_1_713' title='bbox 2889 4871 3090 4926; x_wconf 78' lang='lat' dir='ltr'><strong>nostris</strong></span> <span class='ocrx_word' id='word_1_714' title='bbox 3129 4870 3218 4941; x_wconf 90' lang='lat' dir='ltr'><strong>pie</strong></span> <span class='ocrx_word' id='word_1_715' title='bbox 3256 4876 3371 4924; x_wconf 82' lang='lat' dir='ltr'><strong>tra-</strong></span> 
     </span>
    </p>
   </div>
   <div class='ocr_carea' id='block_1_101' title="bbox 1793 4958 3373 5034">
    <p class='ocr_par' dir='ltr' id='par_1_101' title="bbox 1793 4958 3373 5034">
     <span class='ocr_line' id='line_1_101' title="bbox 1793 4958 3373 5034; baseline -0.003 -14"><span class='ocrx_word' id='word_1_716' title='bbox 1793 4965 1917 5020; x_wconf 71' lang='lat' dir='ltr'><strong>dita:</strong></span> <span class='ocrx_word' id='word_1_717' title='bbox 1946 4974 2073 5020; x_wconf 89' lang='lat' dir='ltr'><strong>sunt</strong></span> <span class='ocrx_word' id='word_1_718' title='bbox 2103 4964 2258 5019; x_wconf 90' lang='lat' dir='ltr'><strong>nobis</strong></span> <span class='ocrx_word' id='word_1_719' title='bbox 2277 5003 2293 5029; x_wconf 94' lang='lat'><strong>,</strong></span> <span class='ocrx_word' id='word_1_720' title='bbox 2321 4964 2620 5034; x_wconf 87' lang='lat' dir='ltr'><strong>sequemini</strong></span> <span class='ocrx_word' id='word_1_721' title='bbox 2642 5002 2658 5028; x_wconf 91' lang='lat'><strong>,</strong></span> <span class='ocrx_word' id='word_1_722' title='bbox 2686 4970 2743 5017; x_wconf 89' lang='lat' dir='ltr'><strong>et</strong></span> <span class='ocrx_word' id='word_1_723' title='bbox 2768 4970 2968 5017; x_wconf 88' lang='lat' dir='ltr'><strong>sanctae</strong></span> <span class='ocrx_word' id='word_1_724' title='bbox 2995 4961 3089 5016; x_wconf 89' lang='lat' dir='ltr'><strong>Dei</strong></span> <span class='ocrx_word' id='word_1_725' title='bbox 3115 4958 3373 5015; x_wconf 60' lang='lat' dir='ltr'><strong>Ecclesia</strong></span> 
     </span>
    </p>
   </div>
   <div class='ocr_carea' id='block_1_102' title="bbox 1794 5051 3374 5126">
    <p class='ocr_par' dir='ltr' id='par_1_102' title="bbox 1794 5051 3374 5126">
     <span class='ocr_line' id='line_1_102' title="bbox 1794 5051 3374 5126; baseline -0.002 -18"><span class='ocrx_word' id='word_1_726' title='bbox 1794 5054 1846 5108; x_wconf 90' lang='lat' dir='ltr'><strong>in</strong></span> <span class='ocrx_word' id='word_1_727' title='bbox 1886 5053 2116 5121; x_wconf 83' lang='lat' dir='ltr'><strong>paciﬁco</strong></span> <span class='ocrx_word' id='word_1_728' title='bbox 2150 5054 2341 5109; x_wconf 89' lang='lat' dir='ltr'><strong>ordine</strong></span> <span class='ocrx_word' id='word_1_729' title='bbox 2376 5054 2796 5126; x_wconf 87' lang='lat' dir='ltr'><strong>permanebunt.</strong></span> <span class='ocrx_word' id='word_1_730' title='bbox 2837 5051 2987 5106; x_wconf 85' lang='lat' dir='ltr'><strong>Adeo</strong></span> <span class='ocrx_word' id='word_1_731' title='bbox 3020 5051 3217 5122; x_wconf 89' lang='lat' dir='ltr'><strong>quippe</strong></span> <span class='ocrx_word' id='word_1_732' title='bbox 3242 5064 3374 5105; x_wconf 89' lang='lat' dir='ltr'><strong>con-</strong></span> 
     </span>
    </p>
   </div>
   <div class='ocr_carea' id='block_1_103' title="bbox 1792 5141 3370 5215">
    <p class='ocr_par' dir='ltr' id='par_1_103' title="bbox 1792 5141 3370 5215">
     <span class='ocr_line' id='line_1_103' title="bbox 1792 5141 3370 5215; baseline -0.003 -17"><span class='ocrx_word' id='word_1_733' title='bbox 1792 5144 2025 5213; x_wconf 78' lang='lat' dir='ltr'><strong>ﬂigimus</strong></span> <span class='ocrx_word' id='word_1_734' title='bbox 2052 5161 2156 5215; x_wconf 86' lang='lat' dir='ltr'><strong>pro</strong></span> <span class='ocrx_word' id='word_1_735' title='bbox 2180 5146 2443 5210; x_wconf 88' lang='lat' dir='ltr'><strong>veritate,</strong></span> <span class='ocrx_word' id='word_1_736' title='bbox 2474 5155 2532 5200; x_wconf 91' lang='lat' dir='ltr'><strong>et</strong></span> <span class='ocrx_word' id='word_1_737' title='bbox 2567 5143 2634 5199; x_wconf 87' lang='lat' dir='ltr'><strong>ad</strong></span> <span class='ocrx_word' id='word_1_738' title='bbox 2671 5141 2932 5210; x_wconf 86' lang='lat' dir='ltr'><strong>pietatem</strong></span> <span class='ocrx_word' id='word_1_739' title='bbox 2962 5142 3370 5205; x_wconf 83' lang='lat' dir='ltr'><strong>contendimus,</strong></span> 
     </span>
    </p>
   </div>
   <div class='ocr_carea' id='block_1_104' title="bbox 1789 5230 3374 5310">
    <p class='ocr_par' dir='ltr' id='par_1_104' title="bbox 1789 5230 3374 5310">
     <span class='ocr_line' id='line_1_104' title="bbox 1789 5230 3374 5310; baseline -0.004 -20"><span class='ocrx_word' id='word_1_740' title='bbox 1789 5243 1847 5290; x_wconf 91' lang='lat' dir='ltr'><strong>et</strong></span> <span class='ocrx_word' id='word_1_741' title='bbox 1870 5233 2241 5294; x_wconf 87' lang='lat' dir='ltr'><strong>ecclesiastico</strong></span> <span class='ocrx_word' id='word_1_742' title='bbox 2273 5237 2451 5291; x_wconf 90' lang='lat' dir='ltr'><strong>ordini</strong></span> <span class='ocrx_word' id='word_1_743' title='bbox 2480 5231 2836 5298; x_wconf 83' lang='lat' dir='ltr'><strong>consulimus,</strong></span> <span class='ocrx_word' id='word_1_744' title='bbox 2860 5234 3141 5310; x_wconf 77' lang='lat' dir='ltr'><strong>antiquam</strong></span> <span class='ocrx_word' id='word_1_745' title='bbox 3162 5230 3374 5303; x_wconf 58' lang='lat' dir='ltr'><strong>legislao</strong></span> 
     </span>
    </p>
   </div>
   <div class='ocr_carea' id='block_1_105' title="bbox 1815 5321 3339 5338">
    <p class='ocr_par' dir='ltr' id='par_1_105' title="bbox 1815 5321 3339 5338">
     <span class='ocr_line' id='line_1_105' title="bbox 1815 5321 3339 5338; baseline 0 0"><span class='ocrx_word' id='word_1_746' title='bbox 1815 5326 1827 5338; x_wconf 77' lang='grc' dir='ltr'><strong><em>ο</em></strong></span> <span class='ocrx_word' id='word_1_747' title='bbox 2127 5328 2152 5338; x_wconf 72' lang='grc' dir='ltr'><strong>ιι</strong></span> <span class='ocrx_word' id='word_1_748' title='bbox 2426 5325 2441 5338; x_wconf 82' lang='lat' dir='ltr'><strong>I</strong></span> <span class='ocrx_word' id='word_1_749' title='bbox 2520 5333 2529 5338; x_wconf 77' lang='lat'><strong>.</strong></span> <span class='ocrx_word' id='word_1_750' title='bbox 2677 5328 2692 5338; x_wconf 72' lang='grc' dir='ltr'>ι</span> <span class='ocrx_word' id='word_1_751' title='bbox 2722 5329 2763 5338; x_wconf 61' lang='grc' dir='ltr'><strong>,Α</strong></span> <span class='ocrx_word' id='word_1_752' title='bbox 2850 5325 2921 5338; x_wconf 66' lang='lat' dir='ltr'><strong>uno-</strong></span> <span class='ocrx_word' id='word_1_753' title='bbox 2996 5326 3028 5338; x_wconf 75' lang='grc' dir='ltr'>ιι</span> <span class='ocrx_word' id='word_1_754' title='bbox 3268 5321 3339 5338; x_wconf 70' lang='lat' dir='ltr'><strong>Ol&quot;</strong></span> 
     </span>
    </p>
   </div>
   <div class='ocr_carea' id='block_1_106' title="bbox 1792 5321 3370 5362">
    <p class='ocr_par' dir='ltr' id='par_1_106' title="bbox 1792 5321 3370 5362">
     <span class='ocr_line' id='line_1_106' title="bbox 1815 5321 3339 5338; baseline -0.002 0"><span class='ocrx_word' id='word_1_755' title='bbox 1815 5326 1827 5338; x_wconf 68' lang='grc' dir='ltr'><strong><em>ο</em></strong></span> <span class='ocrx_word' id='word_1_756' title='bbox 2850 5327 2861 5337; x_wconf 76' lang='grc' dir='ltr'><strong>ο</strong></span> <span class='ocrx_word' id='word_1_757' title='bbox 2888 5325 2900 5337; x_wconf 69' lang='grc' dir='ltr'><strong>ο</strong></span> <span class='ocrx_word' id='word_1_758' title='bbox 2996 5326 3006 5337; x_wconf 70' lang='grc'><strong>⁸</strong></span> <span class='ocrx_word' id='word_1_759' title='bbox 3268 5322 3280 5335; x_wconf 75' lang='lat'><strong>.</strong></span> <span class='ocrx_word' id='word_1_760' title='bbox 3307 5321 3339 5332; x_wconf 72' lang='grc'><strong>⁸.</strong></span> 
     </span>
     <span class='ocr_line' id='line_1_107' title="bbox 1792 5321 3370 5362; baseline 0 -2"><span class='ocrx_word' id='word_1_761' title='bbox 1792 5335 1990 5360; x_wconf 70' lang='lat' dir='ltr'><strong>“ninam</strong></span> <span class='ocrx_word' id='word_1_762' title='bbox 2015 5328 2335 5362; x_wconf 52' lang='lat' dir='ltr'><strong>anan-omnm:</strong></span> <span class='ocrx_word' id='word_1_763' title='bbox 2356 5325 2593 5362; x_wconf 71' lang='lat' dir='ltr'><strong>vnlnnloa</strong></span> <span class='ocrx_word' id='word_1_764' title='bbox 2635 5328 2693 5360; x_wconf 72' lang='lat' dir='ltr'><strong>nl</strong></span> <span class='ocrx_word' id='word_1_765' title='bbox 2712 5329 2767 5358; x_wconf 71' lang='lat' dir='ltr'><strong>AI</strong></span> <span class='ocrx_word' id='word_1_766' title='bbox 2790 5325 3112 5362; x_wconf 64' lang='lat' dir='ltr'><strong>mil-lanium</strong></span> <span class='ocrx_word' id='word_1_767' title='bbox 3136 5321 3370 5360; x_wconf 67' lang='lat' dir='ltr'><strong>nunc-Iud</strong></span> 
     </span>
    </p>
   </div>
  </div>
