3924 5650
512 473 621 528 "3H

1673 443 2030 521 ANASTASII
2071 460 2607 518 BlBLlOTllECARll

3672 450 3768 505 ΞΙΞ

546 583 836 660 [districta]
867 582 1194 638 exatninatio
1219 582 1343 647 fiat,
1366 588 1417 635 et
1441 580 1611 650 magis
1632 580 1948 634 fiducialiter
1975 579 2110 634 veri-
2141 581 2185 640 B
2219 580 2560 636 sacerdotum
2594 587 2648 632 et
2685 576 3192 650 gloriosissitnorum
3229 573 3529 645 principum
3568 581 3767 626 nostro-

535 683 622 728 tas
651 682 859 744 agatur,
893 679 1156 741 quatenus
1192 680 1245 725 et
1277 670 1636 725 Eeclesiarum
1675 669 1939 724 dissensio
1978 668 2098 723 fun-

525 762 671 816 ditus
717 761 987 832 abigatur,
1035 767 1089 814 et
1141 759 1290 830 pacis
1336 773 1598 829 compago
1645 759 1801 814 nobis
1851 760 2102 814 omnibus

526 864 826 926 coaptetur.
862 856 927 910 Et
956 855 1208 926 quoniam
1241 853 1440 909 Paulus
1467 853 1844 908 sanctissimus
1873 853 2103 923 patriar»

524 947 625 1002 cha
669 961 795 1003 cum
833 945 1124 1001 secundum
1164 945 1398 998 divinam
1439 943 1768 998 voluntatem
1799 959 1829 996 a
1868 957 2105 1013 prmsen-

526 1037 672 1092 tibus
701 1035 932 1091 vinculis
961 1034 1338 1098 absolvendus,
1368 1043 1423 1088 et
1449 1035 1588 1088 hanc
1613 1033 2100 1104 peregrinationem

524 1126 867 1193 dimissurus,
896 1136 1059 1196 atque
1087 1125 1152 1180 ad
1180 1126 1602 1190 habitationem,
1633 1125 1741 1180 imo
1767 1139 1895 1179 vero
1923 1124 1989 1178 ad
2021 1124 2100 1193 ip-

523 1233 643 1271 sum
686 1217 970 1272 Dominum
1011 1216 1283 1272 Christum
1320 1215 1659 1285 profecturus
1689 1223 1860 1279 esset,
1892 1215 2104 1285 episco-

523 1319 710 1379 patum
741 1308 1028 1373 refutavit,
1058 1309 1223 1362 vitam
1253 1308 1456 1378 eligens
1489 1307 1875 1360 monachorum
1903 1324 1914 1359 :
1950 1305 2102 1360 nobis

527 1409 710 1456 autem
741 1401 1206 1470 interrogantibus
1235 1415 1357 1454 cum
1378 1441 1390 1464 ,
1424 1400 1777 1468 quamobrem
1819 1399 1922 1454 hoc
1961 1397 2104 1453 fece-

524 1493 635 1558 rit,
672 1493 989 1563 respondit:
1033 1490 1168 1558 Quia
1208 1491 1251 1546 si
1293 1500 1468 1546 morte
1509 1500 1913 1560 praeoccupatus
1952 1489 2102 1546 fuero

519 1583 574 1638 in
614 1581 930 1653 episc0patu
973 1581 1082 1636 Deo
1120 1580 1506 1636 conservandae
1545 1581 1706 1651 regiae
1747 1581 1929 1645 urbis,
1971 1595 2100 1635 ana-

522 1673 702 1726 thema
733 1671 947 1727 habebo
975 1686 1007 1726 a
1031 1679 1142 1726 tota
1169 1671 1432 1726 catholica
1461 1671 1704 1727 Ecclesia
1726 1713 1740 1738 ,
1775 1673 1916 1741 quod
1957 1671 2104 1726 ducit

520 1759 578 1814 in
607 1760 858 1815 tenebras
887 1760 1186 1817 exteriores
1207 1801 1223 1829 ,
1249 1776 1369 1831 quae
1394 1772 1708 1832 praeparatae
1735 1772 1862 1817 sunt
1887 1761 2102 1817 diabolo

521 1844 576 1905 et
604 1850 811 1923 angelis
838 1849 991 1920 ejus:
1021 1867 1086 1908 eo
1112 1852 1253 1922 quod
1281 1853 1544 1926 synodum
1591 1855 1877 1923 quamdam
1921 1854 2102 1909 dicant

2211 690 2349 738 rum,
2381 683 2436 728 et
2487 673 2649 728 totius
2695 671 2910 727 Christo
2936 668 3183 724 amabilis
3231 667 3409 737 populi
3462 665 3654 726 nostri,
3685 665 3768 732 qni

2207 775 2331 820 tunc
2363 765 2452 820 hic
2485 764 2729 829 aderant,
2761 763 2937 816 virum
2967 760 3271 824 eduximus,
3305 768 3358 813 et
3400 757 3455 812 in
3501 755 3773 825 prmsentia

2206 875 2392 913 corum
2422 856 2681 927 quidquid
2709 855 2865 911 nobis
2915 853 3288 924 responderat,
3330 859 3385 905 et
3414 849 3548 920 ipsis
3593 847 3775 902 affatus

2205 959 2288 1006 est
2314 969 2326 1004 :
2358 960 2413 1006 at
2440 963 2566 1003 vero
2593 948 2828 1004 universi
2867 945 2940 1001 illi
2972 946 3087 999 hmc
3124 943 3405 998 audientes
3442 941 3671 996 libenter
3693 955 3773 994 ac-

2205 1049 2487 1113 ceperunt,
2535 1038 2870 1110 postulantes
2916 1035 3200 1106 pacificum
3238 1043 3292 1089 et
3319 1033 3466 1103 pium
3499 1031 3778 1101 imperium

2207 1143 2473 1198 nostrum,
2527 1141 2586 1186 ut
2632 1131 2786 1186 fieret
2834 1128 3156 1184 universalis
3197 1126 3453 1197 synodus.
3485 1123 3631 1195 Ergo
3667 1121 3782 1175 huic

2207 1223 2453 1294 petitioni
2490 1221 2797 1287 annuimus,
2835 1220 2946 1275 Deo
2969 1233 3088 1284 vos,
3115 1225 3172 1273 ut
3203 1217 3489 1271 veritatem
3519 1213 3780 1276 dicamus,

2206 1325 2538 1382 congregare
2589 1309 2828 1374 volente,
2885 1317 2940 1363 et
2966 1322 3065 1363 nos
3095 1307 3162 1362 ad
3208 1306 3259 1360 id
3287 1305 3576 1376 dirigente.
3629 1301 3784 1373 Igitur

2207 1403 2464 1473 quoniam
2496 1417 2527 1456 a
2577 1411 2690 1456 toto
2727 1410 2996 1456 terrarum
3045 1400 3178 1455 orbe
3225 1397 3441 1469 collegit
3477 1411 3576 1452 vos
3626 1395 3782 1462 Deus,

2207 1491 2495 1548 consilium
2547 1507 2703 1548 suum
2751 1501 2992 1548 statuere
3041 1490 3257 1555 volens;
3321 1503 3449 1545 ecce
3501 1486 3785 1560 propositis

2207 1584 2412 1639 sanctis
2463 1581 2784 1654 Evangeliis,
2832 1591 2887 1638 et
2929 1582 3336 1654 intelligibililer
3385 1580 3782 1645 clamantibus,

2205 1674 2358 1728 Jusle
2373 1674 2616 1746 judicate
2648 1673 2832 1745 (Joan.
2852 1685 2949 1744 vn)
2974 1692 2988 1727 ς
3019 1683 3162 1729 state
3181 1672 3401 1728 stabiles
3427 1671 3652 1742 pietatis
3671 1682 3786 1741 pro.

2207 1775 2558 1838 pugnatores,
2592 1773 2646 1821 et
2669 1780 2886 1821 omnem
2926 1764 3218 1820 novitatem
3241 1779 3455 1828 vocum,
3501 1769 3560 1817 et
3585 1761 3786 1818 naviter

2207 1867 2555 1929 apparentem
2584 1857 2907 1914 seditionem
2957 1857 3196 1912 recidere
3241 1863 3553 1927 procurate,
3604 1869 3787 1924 quem-

523 1944 612 1999 hic
643 1942 922 2010 eﬂectam,
965 1959 1084 2016 quae
1131 1945 1408 2000 subvertat
1456 1945 1778 2016 imaginales
1826 1946 2100 2015 picturas,
2138 1932 2183 1993 Β
2209 1949 2495 2005 admodum
2551 1957 2602 2004 et
2651 1948 2845 2004 Petrus
2885 1948 3093 2019 primus
3135 1947 3386 2017 princeps
3439 1942 3784 2016 [principum]

517 2049 653 2104 quas
696 2033 938 2091 Ecclesia
983 2035 1246 2091 catholica
1291 2043 1472 2104 tenet,
1517 2036 1884 2106 amplectitur,
1931 2047 1986 2092 et
2033 2039 2100 2092 ad

515 2127 1089 2184 commemorationem
1118 2126 1501 2197 principalium
1540 2128 1788 2198 suscipit.
1828 2127 1941 2184 Hoc
1980 2129 2096 2184 ani—

515 2233 660 2275 matn
691 2233 868 2275 meam
897 2219 1221 2284 conturbat,
1262 2219 1367 2274 hoc
1405 2233 1491 2272 me
1530 2217 1585 2273 in
1625 2218 2098 2274 commonitionem

519 2307 774 2373 adducit,
819 2308 1090 2377 quomodo
1136 2307 1389 2376 effugiam
1425 2305 1689 2376 judicium
1722 2307 1852 2371 Dei,
1894 2323 1994 2378 pro
2036 2323 2102 2364 eo

515 2398 660 2467 quod
710 2413 834 2454 cum
884 2397 1189 2467 hujusmodi
1233 2398 1366 2453 viris
1407 2408 1759 2454 conversatus
1807 2398 2000 2453 fuerim
2047 2411 2102 2455 et

517 2496 884 2558 computatus.
926 2487 1054 2545 Haec
1079 2503 1208 2543 vero
1233 2487 1395 2544 etiam
1423 2489 1745 2558 quibusdam
1787 2489 2102 2561 gloriosissi-

515 2596 730 2637 morum
755 2582 1058 2652 principum
1088 2591 1398 2638 nostrorum
1427 2583 1638 2638 locutus
1663 2592 1746 2638 est
1767 2625 1780 2650 ,
1807 2595 1862 2638 et
1889 2585 1968 2639 sic
1991 2585 2101 2639 vita

519 2671 775 2727 excessit.
819 2672 968 2729 lianc
1004 2689 1134 2746 ergo
1175 2675 1470 2732 terribilem
1503 2678 1826 2733 sententiam
1855 2678 2102 2733 conside-

517 2769 677 2815 rante
715 2761 803 2831 pio
834 2761 1063 2834 inperio
1094 2772 1307 2830 nostro,
1335 2779 1644 2834 quanquam
1673 2774 1728 2821 et
1756 2774 1881 2820 ante
1907 2766 2009 2821 hoc
2033 2782 2099 2822 ex

517 2853 704 2908 multis
733 2852 1100 2911 audiverimus
1128 2854 1496 2924 hujuscemodi
1521 2854 1758 2928 jurgium
1777 2897 1792 2922 ,
1815 2857 2098 2912 consilium

521 2946 804 3000 nobiscum
832 2947 1104 3002 coasiliati
1135 2963 1352 3013 sumus,
1383 2948 1641 3018 quidnam
1671 2948 1894 3004 deberet
1925 2947 2062 3003 fieri.

592 3034 660 3090 Et
697 3037 1118 3092 deliberavitnns
1157 3039 1209 3091 in
1251 3038 1475 3094 consilio
1514 3049 1734 3104 nostro,
1775 3040 1916 3109 quod
1975 3056 2099 3094 cum

519 3127 802 3182 ordinatus
830 3127 972 3184 foret
1007 3129 1315 3198 patriarcha
1338 3170 1352 3194 ,
1383 3145 1504 3199 quae
1531 3131 1674 3185 dicta
1703 3130 1942 3194 fuerant,
1976 3147 2096 3186 mox

520 3219 864 3289 perciperent
890 3220 1072 3275 tinem.
1102 3220 1460 3276 Accersentes
1490 3237 1619 3292 ergo
1650 3223 1796 3277 viros
1819 3223 2098 3278 ecclesias-

516 3309 747 3363 tieorutn
788 3309 1122 3380 negotiorum
1170 3320 1459 3380 expertos,
1509 3323 1565 3368 et
1611 3312 1885 3368 Christum
1933 3316 2100 3370 Deum
2130 3282 2175 3344 Ο

518 3409 765 3456 nostrum
797 3401 1140 3465 invocantes,
1173 3411 1226 3457 et
1250 3403 1535 3457 consilium
1563 3419 1682 3458 cum
1711 3404 1790 3457 cis
1819 3404 2098 3471 facientes,

519 3491 768 3560 quisnam
817 3492 1010 3563 dignus
1055 3501 1198 3548 esset
1240 3493 1466 3562 provehi
1493 3494 1559 3549 ad
1589 3495 1886 3558 sacerdotii,
1923 3495 2102 3550 cathe-

519 3583 672 3638 dram
729 3583 890 3655 hujus
931 3585 1042 3642 Deo
1084 3585 1470 3639 conservaudze
1517 3584 1679 3657 regite
1729 3585 1995 3650 civitatis,
2045 3595 2100 3640 et

521 3673 683 3729 unius
743 3673 954 3729 consilii
1007 3674 1284 3744 animique
1339 3662 1590 3730 omnibus
1649 3675 1836 3740 factis,
1893 3677 1944 3730 in
1995 3675 2096 3729 Ta—

518 3763 724 3818 rasiuin
757 3764 850 3834 qui
886 3781 1029 3820 nunc
1065 3766 1118 3819 in
1157 3766 1452 3834 pontificali
1497 3766 1749 3836 pncsidet
1798 3767 2057 3838 dignitate
2081 3809 2094 3832 ,

516 3856 751 3910 dabatur
780 3859 1076 3912 decretum.
1112 3857 1265 3914 llunc
1294 3859 1474 3928 itaque
1501 3861 1826 3914 advocantes
1845 3901 1858 3923 ,
1890 3876 1954 3913 ea
1983 3875 2101 3929 qua:

517 3945 662 4002 dicta
689 3957 818 4002 sunt
844 3956 900 4003 et
929 3949 1147 4003 decreta
1178 3964 1340 4017 super
1365 3965 1450 4014 eo,
1477 3950 1943 4018 pronuntiavimus
1968 3967 1980 4004 :
2009 3951 2098 4020 qui

513 4049 858 4108 nequaquam
903 4054 1144 4094 aunuere
1189 4038 1388 4104 voluit,
1438 4055 1612 4109 neque
1653 4054 1974 4093 consensum
2003 4039 2104 4094 his

514 4142 637 4197 qua:
669 4129 885 4184 decreta
920 4129 1166 4195 fuerant,
1199 4128 1334 4183 efﬁci
1371 4131 1696 4200 postulabat.
1732 4130 1973 4198 Cumque
2006 4145 2102 4184 nos

519 4231 643 4273 eum
673 4256 691 4281 ,ι
727 4218 1080 4289 quamobrem
1119 4219 1343 4274 obedire
1378 4220 1600 4280 minimc
1639 4228 1932 4289 pateretur,
1973 4236 2098 4290 per-

521 4307 726 4360 contati
773 4306 1104 4363 fuissemus:
1139 4309 1315 4377 primo
1359 4310 1578 4379 quidem
1623 4310 1898 4380 respondit
1940 4325 2102 4366 excu-

516 4413 646 4454 sans
681 4412 740 4455 se
777 4407 832 4455 et
869 4416 1031 4471 super
1063 4409 1122 4456 se
1153 4399 1344 4472 jugum
1396 4402 1687 4456 sacerdotii
1735 4402 1943 4457 dicens.
1992 4401 2100 4458 Nos

518 4496 704 4546 autem
750 4489 1142 4564 intelligentes,
1193 4495 1335 4562 quod
1371 4495 1775 4550 excusationem
1809 4497 2096 4567 quamdam

513 4579 722 4638 faceret
754 4597 1060 4653 proponens
1096 4600 1202 4640 non
1231 4585 1625 4651 obediendum,
1659 4602 1997 4662 nequaquam
2032 4589 2100 4644 ab

515 4687 604 4739 eo,
633 4673 728 4729 sed
757 4677 1154 4743 permansimus
1184 4678 1508 4745 persuadere
1541 4679 1611 4732 illi
1644 4690 1922 4745 conantes,
1956 4680 2098 4750 quod

515 4764 821 4835 susciperet
857 4767 1050 4822 summi
1085 4767 1371 4822 sacerdotii
1401 4768 1738 4838 dignitatem.
1771 4770 1887 4840 Ipse
1917 4772 2097 4841 itaque

517 4852 712 4910 videns
760 4853 1075 4910 instantiam
1123 4865 1363 4910 nostram
1383 4899 1402 4922 ,Α
1432 4874 1650 4912 causam
1685 4862 2097 4919 renuntiationis

517 4943 890 5002 annuntiabat.
923 4945 1192 5014 Quoniam
1240 4948 1423 5011 video,
1476 4950 1675 5019 inquit,
1727 4961 1781 5005 et
1821 4955 2096 5025 conspicio

518 5039 850 5105 Ecclesium,
897 5055 1019 5109 qua:
1066 5055 1228 5110 super
1275 5050 1516 5109 petram,
1567 5043 1841 5100 Christtnn
1893 5047 2097 5103 scilicet

520 5127 694 5184 Deum
724 5138 970 5184 nostrum
989 5171 1005 5195 ,
1036 5129 1259 5186 fundata
1289 5140 1402 5197 cst,
1436 5134 1660 5188 scissam
1693 5151 1834 5192 nunc
1863 5145 1920 5192 et
1947 5137 2093 5192 diru-

518 5227 700 5290 ptam,
733 5225 788 5272 et
820 5233 917 5272 nos
946 5219 1088 5277 aliud
1119 5220 1431 5290 loquentes,
1460 5230 1513 5278 et
1538 5238 1631 5278 eos
1663 5225 1752 5293 qui
1787 5241 1848 5280 ex
1883 5225 2101 5284 Oriente

522 5307 682 5362 unius
705 5308 987 5364 nobiscum
1011 5311 1131 5365 fidei
1157 5322 1313 5376 sunt,
1335 5313 1670 5370 Christianos
1695 5316 1977 5384 videlicet,
2006 5320 2101 5374 ali-

523 5405 626 5461 ter,
653 5404 708 5451 et
727 5400 1120 5454 concordantes
1147 5402 1229 5456 his
1259 5405 1351 5472 qui
1373 5419 1436 5457 ex
1465 5405 1756 5464 Occidente
1779 5411 2100 5476 consistunt,

524 5503 730 5544 ιιοδίιυθ
761 5487 1024 5540 alienatos
1049 5491 1116 5538 ah
1145 5492 1247 5537 illi:
1285 5495 1582 5546 universis.
1630 5506 1682 5544 nl
1732 5515 1827 5555 De"
1868 5502 2108 5552 singnlng

2206 2043 2417 2114 collegii
2476 2040 2782 2112 apostolici,
2841 2040 2932 2111 qui
2976 2039 3188 2096 servilis
3236 2037 3574 2106 deceptiouis
3615 2048 3788 2090 amca—-

2207 2137 2280 2191 tia
2338 2151 2616 2207 percussa,
2663 2134 2901 2190 Judaicze
2971 2132 3265 2188 auditionis
3333 2146 3556 2187 sensum
3619 2129 3788 2200 gladio

2206 2228 2432 2284 abstulit
2477 2227 2658 2299 (Joan.
2706 2225 2884 2298 xvttt).
2937 2224 3224 2280 Extendite
3265 2223 3500 2279 securim
3548 2221 3788 2291 spiritus,

2205 2328 2260 2376 et
2284 2334 2499 2376 omnem
2540 2320 2790 2374 arborem
2836 2315 3230 2386 germinantem
3275 2311 3513 2368 fructum
3565 2319 3788 2367 conten-

2206 2410 2368 2464 tinnis
2411 2419 2468 2465 et
2509 2406 2866 2464 dissensionis
2896 2419 2961 2460 ac
3008 2404 3329 2459 introducta:
3372 2399 3661 2465 novitatis,
3706 2406 3792 2454 aut

2206 2498 2658 2572 magisterialibus
2687 2497 2911 2552 vocibus
2942 2493 3358 2566 transplantate,
3391 2499 3485 2546 aut
3514 2488 3791 2546 canonicis

2206 2589 2668 2661 increpationibus
2711 2587 3002 2652 concidite,
3048 2595 3103 2641 et
3155 2585 3208 2640 in
3241 2586 3420 2654 ignem
3462 2581 3668 2637 fatum
3706 2594 3793 2652 ge-

2208 2684 2398 2738 hennte
2441 2677 2840 2735 transmittite:
2889 2686 2952 2731 ut
2994 2675 3262 2744 integrant
3297 2671 3557 2728 Ecclesia:
3601 2684 3793 2740 corpus

2205 2779 2544 2842 compactum
2573 2777 2627 2824 et
2667 2766 2995 2824 conveniens
3027 2773 3190 2834 atque
3232 2770 3453 2833 paterna
3503 2759 3792 2814 traditione

2205 2861 2610 2917 corroboratum
2656 2873 2761 2929 pax
2789 2856 3012 2926 Spiritus
3055 2852 3348 2917 custodiat,
3390 2859 3448 2906 et
3478 2849 3655 2905 totius
3689 2847 3791 2903 Ro-

2207 2969 2380 3008 mana:
2408 2950 2717 3020 reipublica:
2743 2957 2942 3004 nostrze
2965 2944 3286 3003 constitutio
3306 2941 3468 2999 simul
3500 2938 3790 3020 tranquilla

2205 3059 2327 3098 cum
2377 3016 2503 3096 fidei
2543 3038 2936 3110 tranquillitate
2987 3035 3268 3092 consistat.
3322 3033 3562 3087 Litteras
3615 3016 3792 3086 auten!

2205 3133 2540 3204 suscepimus
2597 3131 2794 3185 missas
2843 3129 2912 3184 ab
2961 3126 3199 3181 Adriano
3251 3122 3607 3180 sanctissimo
3660 3135 3792 3192 papa

2207 3223 2434 3280 senioris
2460 3222 2644 3277 Romae
2670 3236 2768 3290 per
2802 3219 3036 3274 vicarios
3079 3216 3272 3288 ipsius,
3307 3215 3532 3270 Petrum
3585 3213 3791 3270 scilicet

2207 3317 2439 3387 primum
2495 3313 2912 3384 presbyterum,
2965 3319 3023 3365 et
3073 3309 3295 3364 Petrum
3343 3307 3454 3364 Deo
3503 3304 3793 3361 amabilem

2206 3409 2577 3479 presbyterum
2605 3413 2660 3460 et
2689 3405 3069 3476 hcgutnenum,
3100 3401 3189 3471 qui
3216 3408 3271 3455 et
3295 3399 3587 3454 vobiscum
3611 3398 3794 3453 sedere

2205 3499 2492 3553 videntur:
2542 3507 2595 3552 et
2633 3495 2882 3565 iubemus
2927 3493 3222 3548 secundum
3248 3490 3339 3560 jus
3368 3489 3699 3561 synodicum
3744 3487 3794 3540 in

2204 3588 2532 3644 audientiam
2561 3587 2804 3640 omnium
2854 3584 3091 3638 recitari.
3139 3582 3206 3638 Et
3244 3597 3369 3637 cum
3398 3581 3593 3636 debito
3628 3577 3789 3634 silen-

2204 3678 2279 3732 tio
2309 3678 2393 3732 his
2420 3676 2621 3732 auditis
2646 3692 2749 3730 una
2780 3690 2900 3730 cum
2933 3673 3181 3744 apicibus
3224 3674 3278 3728 in
3329 3672 3546 3728 duobus
3574 3682 3792 3742 quater-

2205 3768 2456 3822 uionibns
2506 3783 2534 3821 a
2589 3766 2813 3820 summis
2871 3764 3265 3829 sacerdotibus,
3316 3773 3372 3818 et
3417 3761 3793 3818 sacerdotibus

2204 3858 2497 3914 Orientalis
2525 3858 2826 3912 dimccseos
2855 3857 3158 3920 destinatis,
3191 3871 3287 3926 per
3330 3854 3603 3910 Joannem
3648 3867 3792 3910 reve-

2205 3948 2582 4004 rcndissimum
2626 3949 2948 4002 monachum
2996 3957 3049 4002 ct
3097 3946 3300 4001 dudum
3343 3947 3654 4016 syncellum
3697 3961 3791 4018 pa-

2205 4040 2516 4096 triarchalis
2557 4039 2859 4093 Antiochiae
2899 4038 3061 4099 sedis,
3111 4045 3166 4091 et
3197 4037 3461 4090 Thomam
3508 4037 3792 4108 presbyte-

2204 4147 2322 4186 rum
2351 4140 2405 4184 et
2447 4131 2838 4200 hegumennnt;
2872 4128 2963 4196 qui
3013 4135 3067 4180 et
3095 4127 3192 4196 ipsi
3221 4141 3349 4181 cccc
3374 4125 3666 4181 vobiscum
3705 4126 3792 4180 ad-

2203 4231 2327 4277 Sttttl
2354 4237 2368 4276 :
2394 4236 2490 4290 per
2526 4221 2672 4289 ipsos
2695 4216 2888 4290 [ipsas]
2913 4216 3267 4287 cognoscetis,
3305 4215 3482 4286 qualis
3512 4216 3590 4271 sit
3613 4213 3790 4273 Eccle~

2203 4315 2298 4370 sine
2323 4314 2602 4369 catholica:
2635 4326 2848 4366 sensus.

2275 4406 2473 4460 Sancta
2501 4403 2738 4474 synodus
2768 4401 2902 4456 dixit
2927 4418 2940 4454 :
2985 4399 3283 4454 Conservct
3326 4399 3470 4452 Deus
3500 4396 3793 4467 imperium

2205 4497 2442 4569 ipsorum
2468 4495 2481 4548 !
2507 4493 2720 4564 Longos
2746 4491 2910 4546 faciat
2944 4491 3085 4547 Deus
3115 4503 3288 4545 annos
3307 4504 3500 4544 eorum
3529 4490 3543 4542 !
3578 4487 3794 4542 Peram-

2201 4589 2341 4657 plius
2369 4587 2604 4658 gaudere
2634 4584 2894 4641 concedat
2923 4583 3042 4638 illos
3067 4587 3078 4636 !

2279 4681 2344 4736 Et
2391 4681 2652 4735 adductus
2691 4687 2776 4734 est
2818 4677 3048 4733 Basilius
3080 4677 3325 4747 Ancync,
3381 4683 3442 4730 et
3471 4672 3795 4729 Theodorus

2206 4773 2500 4842 Myrorum,
2534 4779 2588 4826 et
2613 4769 2949 4824 Theodosius
2989 4767 3252 4822 Ammorii
3279 4786 3292 4820 ;
3319 4776 3373 4820 et
3413 4764 3697 4820 stantibus
3721 4763 3796 4817 eis

2208 4867 2258 4920 in
2293 4866 2471 4920 medio
2499 4874 2698 4920 sancta:
2733 4860 2946 4933 synodi,
2977 4861 3204 4914 Basilius
3241 4859 3530 4928 episcopus
3560 4857 3793 4924 Ancyra:

2205 4957 2377 5010 dixit:
2407 4956 2676 5022 Quantum
2707 4963 2825 5009 erat
2873 4953 2938 5006 ad
2986 4952 3284 5020 potentiam
3310 4964 3523 5011 omeam,
3559 4947 3789 5008 domini,

2205 5047 2427 5116 qumsivi
2475 5062 2734 5109 causam,
2781 5053 2830 5100 el
2895 5044 3043 5102 omni
3097 5043 3465 5100 satisfactione
3528 5048 3791 5109 accepta,

2203 5136 2407 5191 accessi
2450 5136 2520 5190 ad
2575 5135 2896 5191 catholicam
2960 5135 3262 5190 Ecclesium
3302 5148 3401 5204 ego
3455 5132 3791 5188 novissimus

2204 5241 2391 5281 servus
2445 5233 2644 5282 vester.
2723 5227 2978 5281 'l‘arasius
3040 5225 3417 5282 sanctissimus
3475 5223 3792 5294 patriarcha

2204 5317 2376 5372 dixit:
2409 5317 2590 5373 Gloria
2637 5318 2767 5384 Deo,
2815 5320 2909 5389 qui
2958 5320 3070 5374 vult
3120 5335 3309 5377 omnes
3355 5318 3585 5383 salvari,
3631 5328 3688 5373 et
3731 5315 3792 5370 ad

2207 5409 2533 5480 agnitionem
2560 5410 2804 5466 veritatis
2830 5413 3012 5466 venire
3041 5412 3091 5482 (ι
3135 5411 3267 5465 Tim.
3301 5413 3383 5479 tt).

2283 5499 2512 5554 Basilius
2541 5502 2826 5554 cpiscopus
2850 5505 3075 5555 Ancvra:
3104 5519 3169 5556 ex
3203 5501 3379 5555 libello
3408 5501 3479 5548 ita
3510 5500 3670 5556 legit.
3701 5497 3774 5551 Le
