3924 5666
174 403 282 458 213

858 397 1409 457 ῘΝΤΕΠΡΒΕΤΑΤΙΟ
1448 400 1698 457 SYNODI
1738 403 1747 428 ‘

1860 399 2267 456 CENERALIS.
2308 388 2376 441 ξ·-
2413 400 2615 456 ᾹὈΤΙΟ
2653 401 2692 455 1.

3324 396 3436 455 2η

175 519 281 583 dis,
350 533 448 572 seu
523 517 786 573 localibus
851 518 1092 573 conciliis
1146 534 1266 586 quae
1314 519 1615 574 orthodoxe
1645 518 2177 587 col-Accmphatus
2232 516 2474 589 [infausti
2563 515 2817 587 nominis]
2895 515 3230 570 tricaccahus
3312 514 3434 588 [αι.

176 610 311 664 lecta
336 618 489 674 sunt,
523 619 586 664 ut
623 610 692 664 ab
720 609 905 665 haeresi
938 625 1262 678 quacunque
1292 611 1359 665 ad
1403 610 1760 665 orthodoxam

173 699 582 755 confessionem
612 709 666 754 et
694 701 1035 754 traditionem
1057 701 1340 756 catholica:
1363 701 1618 757 Ecclesia:
1640 716 1762 756 con-

174 792 340 854 versi,
371 793 427 846 in
461 792 689 862 scriptis
716 807 868 847 suam
897 793 1165 862 abnegent
1210 793 1474 857 hieresim,
1518 803 1571 850 et
1603 795 1759 849 fidem

173 882 551 936 conﬁteantur
571 883 949 938 orthodoxam.
984 883 1138 939 Unde
1164 893 1218 939 et
1257 899 1357 955 ego
1387 885 1613 940 Basilius
1644 887 1762 956 epi-

171 987 366 1041 scapus
393 972 644 1028 civitatis
673 972 896 1043 Ancyrae
943 989 1250 1043 preponens
1296 975 1435 1028 uniri
1482 976 1762 1031 catholicre

173 1060 450 1128 Ecclesice,
493 1063 841 1132 Adrianoque
881 1064 1223 1118 sanctissimo
1259 1081 1425 1135 νίψω,
1454 1074 1509 1120 et
1539 1066 1762 1120 Tarasio

172 1153 495 1207 beatissimo
535 1154 880 1223 patriarclne,
912 1169 1005 1210 seu
1034 1156 1388 1211 sanctissimis
1428 1165 1482 1212 et
1507 1157 1762 1227 apostoli-

170 1243 246 1298 cis
273 1245 497 1301 thronis
527 1247 886 1312 Alexandriae,
914 1248 1009 1302 sed
1035 1257 1090 1302 et
1126 1248 1448 1312 Antiochia‘,
1481 1259 1533 1303 et
1562 1261 1761 1305 sancta:

168 1335 432 1401 civitatis,
463 1351 681 1394 necnon
711 1338 957 1392 omnibus
983 1338 1299 1394 orthodoxis
1341 1340 1680 1406 pontilicibus
1707 1349 1761 1394 et

171 1425 579 1490 sacerdotibus,
636 1437 953 1497 praesentem
999 1429 1137 1483 hanc
1180 1427 1573 1483 confessionem
1613 1428 1764 1501 [pro-

170 1514 494 1586 fessionem]
539 1531 717 1570 meam
761 1514 902 1571 facio
933 1517 985 1570 in
1031 1517 1266 1586 scriptis,
1305 1526 1360 1571 et
1396 1515 1562 1572 oﬂ‘ero
1585 1519 1757 1582 vobis,

170 1609 255 1676 qui
282 1624 350 1663 ex
392 1608 696 1678 apostolica
735 1609 1054 1665 auctoritate
1082 1618 1398 1679 potestatem
1433 1610 1756 1680 sumpsistis.

172 1700 222 1754 In
250 1701 354 1756 hoc
389 1700 515 1769 ipso
539 1700 702 1755 etiam
735 1701 944 1755 veniam
977 1709 1172 1770 expeto
1200 1717 1229 1754 a
1257 1701 1514 1756 divinitus
1536 1701 1761 1757 collecta

169 1792 510 1847 beatitudine
540 1801 745 1857 vestra,
776 1809 876 1863 pro
908 1795 1007 1848 hac
1049 1794 1301 1848 tarditate
1344 1808 1486 1849 mea.
1533 1793 1761 1863 Oporte-

1865 607 2110 672 tricacos,
2141 607 2196 660 id
2250 616 2372 671 est,
2418 614 2504 662 ter
2546 605 2776 678 malus];
2829 620 2966 676 quos
3012 606 3230 660 evanuit
3263 614 3439 662 secta-

1864 710 1949 754 tus
2019 701 2184 755 miser
2251 699 2682 762 Constantinus,
2763 700 2855 768 qui
2947 698 3120 754 fuerat
3204 699 3440 770 patriar-

1863 793 1982 848 cha.
2048 792 2173 846 llaac
2231 792 2301 846 ita
2377 790 2678 854 confiteor,
2743 799 2797 846 et
2868 791 2951 844 his
3017 791 3322 854 assentior,
3381 795 3442 848 et

1864 884 2066 938 idcirco
2097 883 2150 936 in
2183 882 2526 952 simplicitate
2571 882 2749 936 cordis
2795 892 2852 935 et
2889 890 3032 936 recta
3083 891 3284 946 mente,
3326 879 3438 938 Deo

1863 976 1992 1030 mihi
2034 974 2404 1030 testimonium
2440 973 2779 1043 perhibente,
2825 971 3094 1039 subjectos
3122 972 3439 1026 anathema-

1863 1064 2053 1118 tismos
2083 1062 2221 1116 facio
2245 1062 2352 1116 hic.
2386 1061 2817 1116 Christianorum
2847 1061 3347 1125 calumniatoribus,
3382 1058 3440 1116 id

1861 1162 1944 1207 est
1994 1152 2283 1222 imaginum
2333 1150 2768 1206 confractoribus
2817 1151 3147 1206 anathema!
3202 1149 3298 1206 llis
3342 1151 3440 1220 qui

1861 1253 2142 1298 assumunt
2185 1241 2419 1311 eloquia,
2468 1255 2587 1311 qua:
2613 1255 2641 1294 a
2669 1241 2849 1295 divina
2873 1240 3148 1310 Scriptura
3178 1239 3440 1297 adversus

1863 1333 1999 1389 idola
2022 1331 2390 1403 proferuntur,
2429 1332 2481 1385 in
2509 1331 2842 1387 venerabiles
2872 1331 3075 1398 iconas,
3107 1332 3435 1388 anathema!

1863 1422 1957 1476 llis
1984 1422 2075 1490 qni
2126 1437 2231 1475 non
2278 1420 2519 1475 salutant
2565 1428 2780 1474 sanctas
2809 1429 2864 1475 et
2884 1420 3220 1476 venerabiles
3245 1421 3436 1492 imagi-

1862 1527 1980 1576 nes,
2023 1511 2340 1565 anathema!
2383 1509 2477 1564 llis
2505 1510 2594 1578 qui
2627 1495 2896 1579 appellant
2939 1524 3122 1564 sacras
3154 1510 3338 1565 ieonas
3365 1510 3438 1564 sii-

1862 1603 2122 1665 mulacra,
2161 1605 2447 1658 anathema
2475 1603 2486 1655 !
2519 1602 2611 1656 His
2641 1604 2732 1672 qui
2764 1603 2968 1668 dicunt,
3003 1603 3144 1673 quod
3177 1604 3332 1660 sicuti
3369 1605 3436 1659 ad

1863 1695 1990 1750 deos
2032 1693 2325 1749 Christiani
2375 1693 2440 1747 ad
2474 1692 2735 1761 imagines
2776 1692 3057 1756 accedunt,
3107 1695 3434 1748 anathema!

1867 1785 1960 1839 llis
1990 1785 2080 1854 qui
2106 1783 2507 1839 communicant
2553 1783 2786 1837 scienter
2823 1783 2904 1836 eis
2945 1783 3035 1852 qui
3067 1783 3440 1838 conviciantur

168 1883 252 1936 bat
281 1883 438 1938 enim
469 1893 530 1937 ut
571 1898 678 1938 non
719 1883 1020 1938 orthodoxa
1047 1882 1388 1939 confessione
1435 1882 1753 1948 frandarer;
1789 1865 1832 1924 Β
1862 1888 1918 1932 ct
1961 1878 2300 1932 exhonorant
2345 1874 2682 1930 venerabiles
2727 1875 2932 1939 iconas,
2965 1875 3291 1929 anathema!
3342 1873 3438 1931 llis

163 1972 251 2026 sed
293 1987 538 2027 summa:
563 1972 1072 2042 indisciplinationis
1095 1989 1248 2038 mem,
1290 1982 1345 2028 et
1374 1974 1554 2044 segnis
1577 1989 1640 2029 ac
1667 1991 1762 2029 ne-

161 2061 420 2132 gligentis
444 2062 644 2118 mentis
669 2071 752 2116 est
783 2063 906 2117 hoc.
938 2063 1090 2118 Unde
1125 2064 1294 2132 magis
1316 2064 1525 2134 postulo
1562 2080 1592 2118 a
1634 2066 1759 2120 bea-

167 2151 399 2206 titudine
426 2159 634 2215 vestra,
680 2161 740 2205 ut
769 2159 823 2206 et
862 2151 1079 2220 pietatis
1111 2151 1424 2225 [expetatis]
1457 2168 1487 2208 a
1535 2153 1644 2209 Deo
1672 2155 1755 2209 in-

164 2238 356 2309 dulgen
369 2239 509 2294 tiam
547 2239 679 2294 mihi
712 2240 953 2295 concedi.

224 2327 416 2384 Credo
445 2330 612 2401 igitur
647 2338 700 2384 et
730 2330 995 2386 confiteor
1029 2331 1080 2386 in
1125 2346 1290 2386 unum
1324 2331 1493 2387 Deum
1538 2332 1778 2388 Patrem.

158 2423 594 2492 omnipotentem
634 2429 689 2477 et
735 2423 788 2476 in
825 2439 989 2477 unum
1038 2423 1322 2479 Dominum
1365 2421 1548 2478 Jesum
1599 2424 1754 2480 Chri-

159 2521 296 2566 stum
329 2513 538 2568 Filium
568 2513 684 2584 ejus
728 2514 1085 2584 unigenitum,
1128 2522 1183 2570 et
1231 2515 1284 2568 in
1329 2513 1590 2584 Spiritum
1621 2531 1752 2570 san-

163 2613 297 2660 etum
329 2605 627 2658 Dominum
660 2613 714 2658 et
741 2605 1134 2669 vivificantem;
1167 2604 1488 2660 Trinitatem
1523 2605 1760 2661 consub-

159 2693 480 2750 stantialem
513 2703 569 2749 et
599 2694 986 2758 consideratam,
1022 2695 1078 2750 in
1114 2710 1220 2750 una
1261 2695 1482 2760 deitate,
1513 2697 1753 2766 potentia

159 2793 513 2856 ctpotestate
553 2785 882 2840 adorandam
926 2793 982 2840 et
1008 2785 1430 2856 gloriﬁcandam.
1480 2785 1755 2841 Confiteor

158 2875 315 2930 etiam
345 2875 538 2930 omnia
565 2891 686 2946 qua:
715 2882 838 2931 sunt
881 2875 1296 2945 dispensationis
1343 2875 1502 2930 unius
1548 2883 1751 2930 sanctae

130 2964 471 3030 'Trinitatis,
508 2965 720 3019 Domini
747 2964 997 3020 videlicet
1025 2974 1078 3020 et
1106 2965 1201 3021 Dei
1234 2966 1408 3020 nostri
1435 2964 1564 3021 Jesu
1587 2965 1748 3021 Chri-

161 3058 247 3122 sti,
277 3055 746 3127 quemadmodum
773 3063 972 3111 sanctae
1001 3066 1055 3111 et
1081 3055 1413 3112 universales
1435 3071 1532 3112 sex
1554 3056 1745 3128 synodi

163 3150 532 3213 tradiderunt;
576 3155 632 3201 et
655 3147 965 3202 universum
995 3147 1309 3202 hmreticum
1338 3147 1456 3204 sine
1476 3146 1642 3217 janua
1681 3161 1744 3203 os

1859 1971 1946 2039 qui
1978 1969 2184 2032 dicunt,
2237 1967 2381 2037 quod
2433 1973 2629 2036 praeter
2680 1965 2955 2022 Christum
3009 1965 3294 2019 Dominum
3340 1981 3439 2020 no:

1857 2069 2028 2114 strum
2057 2057 2193 2112 alius
2223 2071 2321 2110 nos
2355 2057 2423 2110 ab
2455 2055 2610 2110 idolis
2635 2054 2964 2118 liberaverit,
2997 2053 3314 2108 anathema!
3341 2053 3439 2109 His

1856 2148 1947 2218 qui
1981 2155 2244 2217 spernunt
2289 2145 2599 2216 magisteria
2643 2151 2951 2198 sanctorum
2997 2143 3217 2219 Patrum
3246 2151 3302 2197 et
3328 2151 3437 2198 tra-

1858 2238 2116 2292 ditionem
2144 2235 2425 2291 catholica:
2464 2232 2738 2298 Ecclesiae,
2777 2232 3173 2302 praetendentes
3199 2240 3257 2288 et
3283 2248 3434 2288 assu-

1858 2333 2067 2380 mentes
2088 2338 2245 2380 voces
2292 2324 2442 2390 Arii,
2466 2322 2719 2388 Nestorii,
2746 2323 3060 2394 Eutychetis
3085 2333 3139 2379 et
3165 2323 3431 2390 Dioscori,

1855 2425 2019 2484 atque
2068 2415 2438 2485 perhibentes,
2477 2415 2620 2484 quod
2659 2415 2760 2469 nisi
2815 2415 2881 2469 de
2931 2413 3112 2469 Veteri
3160 2429 3226 2470 ac
3279 2414 3432 2472 Novo

1855 2504 2201 2560 Testamento
2241 2504 2520 2560 evidenter
2560 2503 2824 2558 fuerimus
2855 2501 3054 2568 edocti,
3096 2518 3203 2558 non
3237 2518 3430 2576 seque-

1852 2608 1976 2648 mur
2013 2593 2265 2648 docrinas
2300 2601 2611 2648 sanctorum
2641 2593 2886 2658 Patrum,
2919 2608 3092 2662 neque
3118 2601 3428 2649 sanctarum

1853 2684 2234 2758 [generalium]
2278 2685 2629 2756 synodorum,
2671 2694 2833 2754 atque
2869 2685 3212 2740 traditionem
3242 2686 3432 2741 catho-

1850 2775 1968 2831 licae
1989 2775 2266 2841 Ecclesiae,
2294 2773 2581 2830 anathema
2608 2775 2622 2827 !
2655 2773 2750 2829 llis
2774 2775 2866 2844 qui
2907 2775 3112 2840 dicunt,
3137 2775 3280 2845 quod
3315 2774 3430 2829 dia-

1849 2867 2036 2923 bolicze
2072 2867 2554 2938 argumentationis
2596 2867 2838 2921 inventio
2883 2866 2953 2922 sit
2987 2865 3192 2921 factura
3237 2866 3429 2938 imagi-

1849 2974 2000 3023 num,
2023 2966 2205 3012 etnon
2235 2964 2544 3012 sanctorum
2586 2956 2808 3013 Patrum
2848 2967 3158 3013 nostrorum
3186 2959 3425 3026 traditio,

1848 3051 2181 3106 anathema!
2215 3049 2308 3104 llis
2345 3049 2435 3120 qui
2473 3057 2807 3118 praesumunt
2849 3049 3052 3116 dicere,
3099 3050 3426 3106 catholicam

1849 3142 2146 3199 Ecclesiam
2196 3141 2337 3196 idola
2385 3141 2677 3211 aliquando
2725 3141 3046 3213 suscepisse,
3098 3143 3422 3198 anathema!

160 3240 424 3308 abjiciens
453 3208 878 3302 anathematizo,
905 3236 1056 3307 juxta
1083 3237 1226 3307 quod
1249 3208 1741 3293 anathematizave-
1770 3208 1814 3270 Ο
1846 3235 1972 3292 Haec
2019 3237 2236 3307 quidem
2287 3236 2361 3290 ita
2405 3208 2701 3301 confiteor,
2739 3245 2794 3292 et
2833 3208 2919 3292 his
2962 3239 3248 3302 assentior,
3278 3247 3333 3294 et
3357 3254 3431 3294 ex

159 3337 278 3382 runt
305 3338 364 3384 et
391 3329 527 3399 ipsae
553 3346 567 3383 :
595 3337 857 3399 expetens
887 3327 1051 3382 etiam
1079 3336 1135 3382 et
1160 3327 1572 3384 intercessiones
1599 3328 1740 3384 inte-

159 3426 376 3472 merata:
417 3415 654 3472 dominae
693 3425 892 3471 nostrae
932 3424 1133 3471 sanctae
1171 3416 1267 3472 Dei
1298 3415 1586 3472 Genitricis
1630 3415 1745 3471 Ma-

159 3504 290 3572 riae,
358 3514 788 3575 sanctarumque
848 3513 904 3560 et
973 3505 1276 3561 ccelcstium
1333 3507 1631 3574 virtutum,
1685 3513 1742 3562 et

157 3597 400 3651 omnium
448 3595 672 3651 omnino
712 3604 1052 3663 sanctorum;
1089 3605 1250 3667 atque
1287 3608 1475 3653 sancta
1521 3606 1575 3652 et
1618 3613 1741 3669 pre-

161 3687 293 3742 tiosa
318 3687 536 3758 lipsana
563 3686 645 3759 [id
672 3696 769 3751 est,
796 3686 1071 3760 reliquias]
1104 3701 1290 3742 eorum
1317 3702 1438 3742 cum
1461 3688 1609 3742 omni
1642 3689 1738 3744 ho-

159 3788 288 3832 nore
337 3776 647 3845 suscipiens
687 3777 894 3842 saluto,
945 3785 1000 3832 et
1046 3776 1434 3832 honorabiliter
1485 3790 1735 3843 veneror,

161 3868 316 3923 ﬁdem
352 3868 565 3923 habens
617 3867 831 3924 illorum
872 3869 1142 3939 particeps
1187 3868 1304 3924 fieri
1347 3868 1734 3924 sanctimoniae.

163 3955 426 4011 Similiter
463 3966 520 4011 et
555 3957 886 4012 venerabiles
922 3958 1183 4028 imagines
1229 3965 1340 4013 tam
1379 3958 1737 4028 dispensatio-

165 4045 246 4102 nis
285 4045 508 4101 Domini
560 4047 737 4102 nostri
792 4045 918 4103 Jesu
966 4047 1187 4112 Christi,
1252 4048 1544 4104 secundum
1595 4035 1740 4120 quod

163 4135 322 4193 homo
357 4137 537 4194 factus
580 4149 663 4194 est
713 4149 931 4210 propter
960 4141 1187 4196 salutem
1230 4151 1490 4205 nostram,
1519 4151 1576 4197 et
1603 4143 1740 4196 inte-

164 4236 382 4282 meratae
421 4227 650 4283 dominae
677 4238 875 4284 nostrae
916 4239 1118 4286 sancta:
1159 4230 1252 4285 Dei
1282 4228 1736 4310 Genitricis.ﬂ[Gr.

164 4317 286 4371 add.
334 4327 394 4372 et
441 4319 785 4375 deiformium
826 4321 1185 4393 angelorum],
1235 4329 1398 4392 atque
1426 4333 1739 4379 sanctorum

164 4408 553 4478 apostolorum,
598 4413 1005 4482 prophetarum,
1044 4421 1363 4485 martyrum,
1401 4423 1457 4470 et
1495 4416 1736 4471 omnium

166 4495 320 4552 simul
369 4508 695 4564 sanctorum,
746 4501 986 4556 salutans
1033 4503 1238 4578 pariter
1284 4512 1339 4558 et
1382 4505 1732 4574 amplectens,

167 4594 322 4657 atque
367 4589 740 4646 adorationem
795 4607 914 4660 quze
962 4565 1200 4661 pertinet.
1224 4594 1291 4648 ad
1333 4565 1594 4650 honorem
1641 4565 1738 4649 im;
1764 4565 1813 4625 θ

165 4680 436 4748 pendens;
469 4682 758 4752 projiciens
807 4684 1157 4742 nihilominus
1191 4695 1246 4741 et
1271 4688 1735 4743 anathematizans

167 4784 230 4824 ex
257 4780 369 4825 tota
410 4773 585 4828 anima
614 4785 672 4829 et
698 4783 810 4828 tota
839 4784 1019 4830 mente
1054 4777 1333 4845 synodum,
1367 4790 1486 4844 qua:
1517 4791 1583 4830 ex
1627 4784 1734 4831 sto-

169 4857 371 4916 liditate
391 4871 443 4917 et
468 4864 735 4919 dementia
769 4873 1115 4936 congregata,
1146 4874 1198 4920 et
1245 4866 1470 4935 septima
1498 4868 1732 4938 synodus

169 4956 432 5011 nominata
461 4965 573 5024 est;
619 4958 688 5013 ab
727 4956 814 5013 his
850 4973 977 5013 vero
1003 4959 1093 5027 qui
1133 4967 1278 5013 recte
1308 4956 1544 5026 sapiunt,
1575 4972 1734 5026 pseu-

169 5045 462 5119 dosyllogos
511 5048 756 5119 legaliter
794 5057 849 5102 et
887 5048 1205 5119 regulariter
1252 5047 1568 5116 appellatur,
1617 5057 1733 5103 tan-

170 5151 320 5206 quam
353 5154 469 5208 quae
506 5141 670 5196 totius
698 5140 944 5196 veritatis
987 5150 1044 5195 et
1083 5140 1299 5208 pictatis
1341 5139 1412 5192 sit
1456 5140 1648 5204 aliena,
1679 5150 1736 5196 et

170 5235 355 5281 contra
384 5229 632 5287 divinitus
669 5229 925 5284 traditam
975 5231 1402 5286 ecclesiasticam
1442 5230 1735 5298 legislatio—

171 5331 285 5370 nem
317 5319 562 5374 audacter
586 5331 644 5376 et
674 5328 902 5385 temere,
931 5321 1059 5389 quin
1086 5321 1264 5388 potius
1294 5328 1351 5373 et
1391 5319 1594 5388 absque
1620 5324 1731 5377 Deo

169 5400 459 5470 latraverit,
483 5415 532 5459 et
561 5416 786 5462 sanctas
808 5422 870 5462 ac
890 5409 1227 5463 venerabiles
1260 5408 1524 5476 imagines
1547 5411 1735 5466 convi-

171 5491 266 5546 ciis
297 5495 571 5564 appetierit
599 5514 612 5550 :
640 5495 741 5551 sed
770 5505 825 5549 et
851 5497 948 5551 has
977 5496 1297 5566 praeceperit
1329 5485 1530 5549 auferri
1553 5511 1584 5551 a
1612 5513 1734 5552 san-

170 5583 268 5637 ctis
309 5584 404 5640 Dei
456 5587 718 5651 ecclesiis,
753 5586 818 5640 de
849 5603 951 5657 qua
1004 5589 1138 5642 exiit
1178 5586 1319 5659 [Gr.,
1378 5586 1462 5639 cui
1491 5587 1730 5660 przefuit]

1848 3333 1962 3382 toto
1995 3325 2184 3390 corde,
2244 3324 2424 3379 anima
2475 3333 2531 3378 et
2585 3334 2765 3380 mente
2812 3327 3122 3394 pronuntio.
3188 3325 3244 3381 Si
3294 3341 3424 3381 vero

1845 3417 2011 3489 (quod
2031 3417 2192 3487 absit)
2216 3431 2284 3472 ex
2310 3402 2575 3470 diabolica
2598 3416 2958 3471 submissione
2977 3416 3156 3486 aliquo
3181 3425 3422 3487 tempore

1845 3506 2147 3562 voluntarie
2185 3504 2270 3559 vel
2307 3520 2412 3560 non
2445 3503 2746 3558 voluntarie
2772 3519 2998 3558 aversus
3028 3504 3183 3559 fuero
3211 3505 3278 3559 ab
3306 3504 3428 3560 istis

1843 3611 1964 3666 qua:
2000 3593 2112 3664 jam
2154 3594 2429 3664 professus
2470 3609 2606 3656 sum,
2662 3593 2948 3648 anathema
2992 3593 3094 3648 sim
3123 3607 3152 3647 a
3181 3591 3342 3647 Patre
3370 3600 3426 3648 et

1845 3687 1982 3743 Filio
2010 3694 2065 3742 et
2092 3685 2297 3756 Spiritu
2346 3693 2551 3750 sancto,
2597 3692 2759 3754 atque
2797 3699 2826 3737 a
2867 3684 3130 3740 catholica
3183 3683 3424 3740 Ecclesia

1841 3793 1937 3834 seu
1959 3792 2120 3832 sacro
2144 3776 2334 3832 ordine
2359 3776 2572 3846 penitus
2605 3775 2810 3830 alienus
2834 3776 2847 3828 !
2873 3775 3215 3832 Conservabo
3241 3784 3422 3832 autem

1841 3868 2138 3924 secundum
2178 3867 2387 3922 divinos
2421 3882 2656 3922 canones
2691 3876 2800 3922 tam
2841 3877 3153 3922 sanctorum
3203 3876 3421 3937 aposto-

1841 3959 2035 4024 lorum,
2063 3975 2224 4028 quam
2260 3959 2614 4028 probabilium
2662 3958 2884 4014 Patrum
2930 3968 3260 4024 nostrorum,
3311 3973 3423 4014 me-

1841 4049 2126 4118 metipsum
2161 4049 2227 4103 ab
2253 4049 2399 4103 omni
2430 4048 2540 4102 dati
2580 4048 2894 4118 acceptione
2930 4063 3023 4104 seu
3066 4049 3205 4118 turpi
3252 4047 3419 4102 lucro.

1914 4138 2170 4194 Tarasius
2220 4139 2598 4196 sanctissimus
2629 4148 2686 4194 et
2723 4139 3073 4194 beatissimus
3114 4138 3422 4208 patriarcha

1841 4230 1980 4284 dixit
2009 4248 2021 4284 :
2056 4231 2228 4286 Omne
2277 4233 2378 4287 hoc
2421 4240 2693 4286 sacratum
2743 4230 3025 4302 collegium
3058 4230 3168 4285 Deo
3195 4230 3420 4302 gloriam

1841 4331 1897 4376 et
1945 4321 2240 4392 gratiarum
2289 4321 2529 4378 actiones
2576 4321 2823 4391 rependit
2869 4336 3031 4391 super
3069 4321 3170 4376 hac
3203 4318 3421 4377 confes-

1840 4411 2018 4476 sione,
2036 4426 2199 4480 quam
2223 4411 2500 4467 catholica:
2521 4412 2761 4464 obtulisti
2786 4410 3058 4464 Ecclesiae.

1827 4523 1832 4526 ·
1913 4501 2111 4556 Sancta
2153 4500 2388 4571 synodus
2427 4500 2599 4554 dixit:
2631 4499 2814 4552 Gloria
2845 4499 2976 4562 Deo,
3017 4498 3110 4566 qui
3139 4497 3254 4552 unit
3279 4497 3421 4551 inter

1837 4608 1895 4648 se
1933 4592 2277 4647 dissidentia!
2319 4591 2387 4646 Et
2419 4590 2681 4644 adductus
2711 4596 2796 4643 est
2824 4588 3142 4644 Theodorus
3171 4602 3422 4642 reveren-

1838 4681 2093 4736 dissimus
2135 4679 2422 4749 episcopus
2462 4677 2758 4748 Myrorum,
2783 4686 2838 4732 et
2865 4678 3040 4732 dixit:
3074 4678 3142 4734 Et
3165 4691 3262 4748 ego
3294 4691 3420 4746 pec-

1837 4779 1991 4825 cator
2035 4777 2092 4824 et
2137 4768 2405 4836 indignus,
2440 4767 2663 4822 multum
2695 4775 3037 4837 pertractans
3063 4776 3118 4822 ct
3144 4772 3416 4827 scrutans,

1837 4871 1891 4916 et
1910 4861 2052 4930 quod
2074 4860 2268 4917 melius
2289 4869 2376 4916 est
2391 4860 2614 4930 eligens,
2637 4859 2899 4926 deprecor
2919 4856 3087 4912 Deum
3110 4867 3164 4912 et
3183 4863 3420 4910 vestram

1837 4952 2208 5016 sanctitatem,
2252 4959 2312 5005 ut
2353 4966 2474 5006 cum
2504 4947 2753 5005 omnibus
2777 4958 2835 5004 et
2854 4963 2955 5019 ego
2983 4957 3236 5021 peccator
3263 4943 3421 5000 uniar

1834 5051 2036 5098 sanctae
2055 5041 2335 5100 catholicae
2360 5041 2635 5097 Ecclesiae.

1907 5133 2166 5191 Tarasius
2204 5133 2579 5188 sanctissimus
2606 5127 2915 5200 patriarcha
2947 5132 3122 5189 dixit:
3147 5132 3314 5188 Grata
3342 5129 3428 5179 est

1836 5225 2067 5281 Domino
2114 5225 2242 5280 Jesu
2290 5222 2506 5279 Christo
2558 5219 2938 5277 misericordia
2989 5223 3130 5296 [Gr.,
3192 5220 3426 5277 Gratum

1834 5320 1919 5368 est
1964 5314 2194 5370 Domino
2236 5311 2362 5366 Jesu
2408 5311 2628 5366 Christo
2674 5315 2731 5360 et.
2782 5309 3080 5370 humanum
3135 5297 3426 5378 recipere].

1836 5413 1892 5460 et
1919 5404 2040 5461 ideo
2067 5402 2261 5471 recipit
2286 5400 2513 5474 [idcirco
2544 5397 2795 5472 recipile]
2821 5403 3166 5470 poenitentes.

1909 5495 2228 5552 Theodorus
2270 5488 2760 5546 reverendissimus
2818 5494 3102 5566 episcOpus
3146 5489 3425 5560 Myrorum

1837 5586 2116 5656 exemplar
2140 5579 2299 5652 primi
2326 5580 2493 5637 libelli
2521 5579 2652 5650 legit
2675 5595 2688 5630 :
2715 5577 3008 5652 chislatio
3029 5591 3131 5646 est,
3156 5569 3426 5666 etc-Cum
