3924 5426
502 403 641 495 iis.

1644 408 2009 468 ANASTASII
2046 406 2591 469 BlBLlOTilECARli
2639 397 2644 401 ’
3660 419 3754 475 an;

505 532 687 573 rorum
740 527 921 588 grates
968 518 1253 576 referimus
1303 520 1415 577 Deo
1464 530 1650 578 nostro
1698 521 1934 580 Christo.
1970 524 2076 579 Eu—
2108 524 2158 584 Α
2186 530 2305 578 rata
2375 535 2430 580 et
2491 525 2675 580 iconas
2737 526 2929 584 missas
2971 528 3038 584 ad
3087 530 3331 587 civitates
3373 531 3459 588 vel
3517 531 3758 602 regiones

506 607 744 678 thymius
790 610 1162 667 sanctissimus
1208 612 1496 683 episcopus
1539 612 1726 670 Sardis
1778 616 1952 670 dixit:
1981 615 2082 671 Be-

504 697 750 754 nedictus
776 700 918 755 Deus
945 702 1036 770 qui
1067 702 1237 756 univit
1266 718 1390 758 eum
1412 704 1692 760 catholica:
1722 705 2005 762 ECClCaiw!

571 787 640 844 Et
678 790 940 848 adductus
968 800 1053 849 est
1080 792 1416 851 Theodosius
1463 797 1751 869 episcopus
1795 798 2078 866 Ammon-ii,

498 888 560 939 et
585 880 756 937 dixit:

575 973 937 1032 Sacratissimi
965 987 1021 1034 et
1049 980 1159 1035 Deo
1201 981 1544 1037 honorabiles
1574 982 1799 1049 domini,
1826 992 1881 1041 et
1904 978 2082 1042 omnis

499 1056 657 1120 Sacra
702 1066 941 1137 synodus
985 1066 1120 1135 haec,
1169 1080 1224 1125 et
1270 1086 1370 1143 ego
1402 1081 1655 1141 peccator
1683 1082 1738 1128 et
1760 1074 2081 1131 miserabilis

499 1167 662 1230 atque
706 1162 976 1230 seductus,
1011 1164 1100 1234 qui
1130 1164 1296 1219 multa
1336 1166 1472 1219 mala
1504 1165 1715 1221 locutus
1744 1182 1863 1222 sum
1889 1177 2079 1222 contra

497 1253 834 1309 venerabiles
867 1245 1069 1322 iconas,
1099 1250 1280 1327 agnita
1316 1257 1545 1312 veritate
1589 1258 1879 1329 recognovi
1911 1267 1965 1315 et
1996 1274 2077 1314 re-

494 1346 752 1415 prehendi
797 1336 1217 1419 memetipSum;
1270 1358 1326 1405 et
1365 1349 1838 1417 anathematizaVi,
1869 1359 1923 1406 et
1954 1367 2081 1406 ana-

499 1436 791 1493 tbematizo
823 1454 942 1507 qua:
987 1440 1127 1496 male
1173 1440 1329 1496 docui
1379 1449 1435 1496 et
1485 1441 1697 1497 locutus
1746 1457 1863 1497 sum
1894 1442 1945 1497 in
1977 1443 2079 1498 hoc

493 1527 736 1582 mundo:
764 1540 818 1582 et
855 1530 1102 1594 obsecro,
1148 1538 1202 1587 et
1233 1546 1362 1601 rogo
1397 1540 1640 1587 sanctam
1684 1534 1947 1604 synodum
1992 1548 2081 1589 vc-

494 1629 685 1687 stram,
728 1629 786 1676 ut
827 1637 949 1677 cum
984 1616 1236 1680 Omnibus
1260 1624 1583 1681 Christianis
1611 1626 1884 1696 recipiatis
1910 1636 1962 1682 et
1994 1641 2079 1682 me

493 1708 771 1781 indignum
798 1728 1013 1767 servum
1038 1722 1295 1769 vestrum.
1614 1706 1619 1711 δ

496 1800 497 1803 “
566 1803 824 1860 Tarasius
866 1807 1241 1864 sanctissimus
1282 1817 1337 1864 et
1379 1808 1725 1866 beatissimus
1770 1812 2075 1881 patriarcha

2184 612 2329 669 obvii
2357 613 2553 669 adeunt
2582 616 2761 687 populi
2786 633 2908 673 cum
2936 620 3110 674 cereis
3136 630 3189 676 et
3218 622 3472 688 incensis,
3504 637 3611 676 non
3641 635 3757 678 cera

2184 703 2455 776 perfusam
2510 707 2766 773 tabulam,
2811 710 2905 765 sed
2957 710 3338 781 imperatorem
3392 712 3761 779 honorantes;

2183 806 2386 867 quanto
2409 798 2579 867 magis
2592 806 2815 871 oportet
2850 800 2900 855 in
2933 801 3177 858 ecclesiis
3199 788 3646 859 CbristiDomini
3675 816 3763 857 no-

2184 887 2282 942 stri
2316 887 2524 943 iconam
2556 889 2767 962 depingi
2796 890 3091 963 Salvatoris
3115 893 3209 947 Dei
3232 893 3424 958 nostri,
3454 901 3509 949 et
3544 893 3765 948 inteme-

2185 985 2317 1032 rata:
2338 976 2524 1034 Matris
2545 977 2684 1047 ejus,
2708 982 3053 1052 omniumque
3078 991 3386 1038 sanctorum
3410 991 3467 1039 et
3483 983 3764 1037 beatorum

2182 1065 2424 1134 Patrum,
2440 1077 2492 1123 et
2508 1069 2868 1124 studiosorum
2882 1070 3148 1125 virorum?
3162 1069 3626 1139 Quemadmodum
3641 1080 3695 1126 et
3708 1068 3763 1125 S.

2181 1158 2415 1214 Basilius
2426 1159 2663 1215 ait:Nam
2679 1168 2733 1216 et
2747 1175 2910 1232 Opera
2925 1177 3118 1234 magna
3131 1161 3394 1218 bellorum
3408 1161 3706 1233 scriptorcs
3717 1169 3768 1216 ct

2181 1248 2420 1322 pictores
2446 1250 2765 1322 designant;
2801 1251 2873 1306 illi
2910 1252 3127 1324 quidem
3174 1268 3425 1310 sermone
3474 1262 3760 1319 ornantes,

2183 1341 2275 1397 isti
2304 1356 2434 1398 vero
2465 1343 2662 1399 tabulis
2701 1353 3019 1413 exaranlcs;
3053 1353 3108 1399 et
3149 1345 3345 1401 multos
3385 1345 3454 1401 ad
3497 1344 3769 1401 fortitudi-

2182 1449 2307 1490 nem
2335 1444 2627 1491 erexerunt
2665 1437 2898 1507 utrique.
2933 1437 2998 1492 Et
3031 1453 3221 1494 rursus
3252 1438 3365 1509 ipse
3393 1436 3559 1494 idem.
3590 1435 3770 1506 Quan-

2184 1533 2297 1580 tum
2326 1525 2583 1582 laborasti
2616 1526 2935 1600 [laborares]
2983 1529 3167 1598 utique
3192 1530 3376 1596 homo,
3404 1537 3464 1583 ut
3498 1528 3771 1584 invenires

2182 1632 2348 1672 unum
2377 1632 2444 1673 ex
2471 1617 2674 1673 sanctis
2700 1618 3072 1675 obsecrantem
3105 1619 3426 1674 Dominum?
3446 1620 3514 1674 Et
3536 1618 3773 1692 Chryso-

2183 1718 2391 1767 stomus
2421 1711 2551 1767 dicit
2578 1730 2590 1765 :
2626 1710 2949 1767 Sanctorum
2993 1713 3138 1768 enim
3169 1713 3339 1784 gratia
3369 1728 3475 1768 non
3506 1712 3771 1768 reciditur

2184 1811 2377 1868 morte,
2419 1818 2524 1860 non
2568 1805 2813 1860 bebescit
2839 1804 3017 1874 obitu;
3059 1806 3153 1861 sed
3199 1815 3489 1877 postquam
3530 1803 3771 1861 defuncti

491 1895 631 1949 dixit
655 1912 669 1948 :
701 1895 919 1950 Multam
946 1897 1325 1954 contritionem
1361 1900 1539 1956 cordis
1567 1902 1803 1957 ostendit
1832 1917 2071 1958 reveren-

2188 1890 2404 1959 l‘uerint,
2446 1893 2584 1948 vivis
2612 1894 2943 1965 potentiores
2979 1895 3256 1962 existunt;
3290 1904 3346 1953 et
3382 1895 3488 1951 alia
3516 1895 3690 1952 multa
3719 1905 3772 1954 et

492 1986 747 2041 dissimus
773 1987 1127 2055 Theodosius,
1158 1998 1213 2045 et
1237 1988 1432 2061 dignus
1458 2000 1542 2047 est
1568 1993 1897 2064 receptione.

566 2074 765 2161 Sancta
787 2079 1024 2157 synodus
1047 2079 1180 2135 dixit
1205 2098 1218 2134 :
1247 2080 1451 2151 Dignus
1471 2093 1556 2138 est
1578 2083 1871 2139 secundum
1894 2099 2078 2141 sacros

489 2180 744 2224 canones.

575 2255 834 2314 Tarasius
890 2261 1265 2316 sanctissimus
1310 2262 1615 2333 patriarcha
1670 2264 1850 2319 dixit:
1884 2264 1941 2321 Si
1991 2266 2077 2321 ni-

493 2348 567 2403 hil
610 2350 756 2406 aliud
798 2363 881 2408 est
932 2354 1276 2418 canonicum,
1324 2356 1464 2425 quod
1495 2357 1779 2427 prohibeat
1812 2372 1956 2425 eum,
1998 2360 2078 2414 di-

487 2450 627 2509 gnus
654 2449 757 2495 est.

504 2530 507 2535 '
564 2530 899 2589 Theodosius
943 2537 1425 2594 reverendissimus
1474 2538 1759 2611 episcopus
1798 2542 2075 2611 propriam

488 2620 726 2679 libellum
756 2626 883 2694 legit
911 2627 1001 2682 ita.
1402 2622 1405 2625 Α

526 2712 533 2717 ’
563 2714 780 2773 Sanctae
824 2728 879 2773 et
926 2721 1216 2776 universali
1241 2723 1448 2795 synodo
1483 2718 1822 2781 Theodosius
1848 2725 2075 2796 exiguus

488 2811 848 2871 Christianus.
887 2813 1184 2883 Confiteor,
1229 2825 1285 2871 et
1323 2817 1599 2888 polliceor,
1628 2827 1683 2873 et
1713 2818 1936 2889 recipio,
1961 2835 2076 2874 am-

487 2905 696 2980 plector
736 2915 898 2977 atque
946 2908 1112 2963 adoro
1153 2908 1525 2980 principaliter
1562 2909 1939 2965 intemeratam
1966 2910 2076 2966 ico-

490 3011 616 3050 nam
668 2997 879 3051 Domini
928 2998 1097 3053 nostri
1131 2997 1259 3054 Jesu
1294 2998 1495 3055 Christi
1531 3001 1645 3055 veri
1678 3000 1773 3057 Dei
1800 3002 1993 3070 nostri,
2018 3010 2075 3059 et

490 3087 704 3146 iconam
751 3087 845 3142 Dei
888 3088 1183 3159 genitricis,
1213 3105 1335 3160 quae
1365 3089 1515 3145 illum
1538 3092 1657 3147 sine
1687 3092 1894 3148 semine
1913 3108 2075 3164 pepe-

2180 1983 2464 2038 immensa.
2512 1982 2578 2036 Et
2603 1984 2722 2039 ideo
2746 1999 2875 2057 rogo
2900 2000 3015 2051 vos,
3041 1986 3234 2053 sancti,
3272 1994 3331 2041 et
3368 1985 3545 2041 clamo
3577 2002 3591 2041 :
3636 1983 3771 2041 Pec-

2179 2074 2298 2128 cavi
2331 2072 2384 2128 in
2416 2073 2611 2129 cmlum
2642 2082 2696 2129 et
2745 2089 2927 2129 coram
2976 2075 3157 2147 vobis;
3187 2074 3447 2146 suscipite
3497 2090 3609 2142 me,
3635 2075 3775 2131 sicut

2179 2165 2417 2235 suscepit
2460 2165 2603 2221 Deus
2649 2165 3006 2234 luxuriosum,
3039 2176 3094 2224 et
3139 2168 3482 2239 meretricem
3508 2178 3566 2224 et
3604 2168 3774 2226 latro-

2180 2272 2324 2313 nem.
2353 2257 2589 2325 Qumritc
2629 2274 2737 2325 me,
2763 2260 2902 2315 sicut
2928 2261 3174 2331 quaesivit
3199 2261 3448 2318 Christus
3468 2276 3631 2319 ovem
3653 2277 3773 2333 qua:

2178 2348 2359 2419 periit,
2403 2363 2675 2420 quamque
2704 2365 2869 2422 super
2897 2352 3156 2408 humeros
3184 2367 3313 2409 suos
3345 2340 3568 2409 Sustulit
3616 2350 3772 2425 (Luc.

2181 2438 2269 2510 xv)
2296 2455 2311 2506 ;
2345 2447 2405 2494 ut
2442 2440 2538 2495 ﬁat
2566 2442 2820 2512 gaudium
2843 2457 3027 2498 coram
3064 2444 3174 2500 Deo
3202 2453 3258 2500 et
3292 2444 3502 2516 angelis
3530 2445 3652 2516 ejus
3680 2461 3771 2502 su-

2179 2541 2275 2597 per
2310 2528 2483 2584 salnte
2517 2538 2570 2585 et
2617 2531 2930 2600 pamitcntia
2977 2547 3120 2600 mea,
3171 2548 3269 2604 per
3308 2534 3770 2591 interventionem

2182 2628 2438 2697 vestram,
2465 2636 2499 2678 o
2525 2624 2853 2679 sanctissimi
2884 2624 3118 2681 domini.
3148 2623 3244 2681 His
3282 2626 3376 2697 qui
3402 2642 3513 2683 non
3542 2627 3773 2684 adorant

2182 2711 2518 2767 venerabiles
2540 2714 2746 2781 iconas,
2770 2716 3089 2771 anathema!
3130 2716 3226 2772 llis
3249 2717 3341 2788 qui
3370 2716 3769 2788 blasphemiam

2179 2800 2368 2857 dicunt
2400 2802 2453 2858 in
2482 2804 2752 2874 pretiosas
2773 2813 2826 2860 et
2853 2805 3186 2862 venerabiles
3210 2807 3419 2874 iconas,
3436 2808 3766 2864 anathema!

2180 2892 2277 2949 His
2306 2895 2398 2965 qui
2432 2894 2632 2950 audent
2656 2896 2940 2952 detraham
2965 2911 3030 2952 ac
3056 2897 3435 2968 blasphemare
3474 2898 3772 2955 venerabi-

2178 2987 2256 3044 les
2287 2989 2494 3056 iconas,
2527 2990 2608 3046 vel
2642 3006 2835 3047 vocare
2861 2991 2979 3047 illas
3009 2991 3169 3059 idola,
3201 2994 3525 3049 anathema!
3558 2993 3779 3065 Hisquﬁ

2174 3078 2285 3138 non
2325 3082 2523 3139 docent
2567 3083 2853 3152 diligenter
2898 3091 3153 3139 cunctum
3206 3082 3412 3140 Christi
3463 3092 3771 3143 amatorem

488 3178 594 3245 rit;
628 3188 683 3233 et
709 3180 969 3234 auxilium
1012 3188 1068 3236 et
1107 3181 1497 3255 protectionem
1543 3182 1680 3252 eius,
1721 3194 1778 3239 et
1815 3185 2073 3241 interces—
2115 3249 2145 3255 _
2181 3174 2434 3244 ΡοΡυ¹¹¹¹η
2462 3173 2689 3228 adorare
2720 3173 3058 3230 venerabiles
3098 3173 3283 3230 ίε⁰¹¹ί¹⁵
3311 3189 3501 3231 sacras
3542 3185 3599 3231 el
3638 3176 3772 3233 ad“

490 3270 673 3325 siones
714 3269 854 3325 illius
895 3285 1218 3342 unaquaque
1244 3270 1331 3327 die
1354 3287 1418 3327 ac
1442 3279 1600 3326 nocte
1629 3272 1821 3329 invoco
1864 3283 1924 3328 ut
1948 3289 2071 3345 pec.

2188 3263 2381 3319 randas
2419 3265 2660 3319 omnium
2693 3272 3003 3319 sanctorum
3033 3264 3125 3334 qui
3169 3264 3365 3320 sazculo
3398 3265 3514 3320 Deo
3552 3264 3770 3336 placue-

488 3367 641 3413 cator
679 3359 732 3413 in
770 3359 1100 3430 adiutorium
1134 3374 1337 3426 meum,
1368 3370 1619 3431 tanquam
1651 3378 1792 3429 eam,
1832 3380 1951 3434 qua:
1982 3364 2079 3419 ha-

486 3449 611 3504 heat
638 3449 1016 3510 confidentiam
1038 3453 1176 3522 apud
1198 3451 1473 3508 Christum
1497 3454 1782 3511 Dominum
1809 3466 2074 3526 nostrum,

490 3543 583 3613 qui
619 3558 686 3599 ex
714 3559 777 3600 ea
808 3554 966 3599 natus
1000 3553 1104 3602 est.
1137 3545 1266 3600 Pari
1295 3549 1451 3602 modo
1477 3558 1787 3605 sanctorum
1816 3559 1870 3604 et
1893 3549 2075 3605 lauda-

487 3634 874 3691 bilissimorum
919 3638 1307 3708 apostolorum,
1351 3640 1759 3711 pr0phetarum,
1791 3651 1847 3698 et
1875 3652 2077 3716 marty-

489 3739 631 3790 rum,
659 3733 713 3778 et
734 3725 955 3783 Patrum
981 3734 1142 3797 atque
1171 3727 1438 3782 cultorum
1467 3730 1635 3784 eremi
1663 3731 1846 3786 iconas
1874 3732 2075 3801 recipio

489 3825 545 3871 et
580 3816 769 3883 adoro,
808 3833 913 3872 non
951 3827 1205 3889 tanquam
1239 3820 1368 3875 deos
1398 3820 1581 3892 (absit)
1613 3822 1706 3877 sed
1739 3804 1989 3877 aﬂ'ecfum
2021 3833 2076 3879 et

487 3921 729 3961 amonm
770 3908 964 3962 anima:
1007 3923 1163 3976 mea},
1203 3924 1363 3981 quem
1410 3911 1671 3966 habebam
1698 3911 1848 3982 prius
1878 3912 1931 3966 in
1958 3927 2074 3980 eos,

484 3986 649 4051 etiam
707 4011 848 4053 nunc
898 3998 1213 4064 ostendens,
1262 4014 1393 4071 rogo
1448 4010 1673 4056 cunctos
1710 4001 1829 4057 illos
1869 4016 1936 4057 ex
1964 4010 2075 4057 tota

488 4086 667 4142 anima
707 4097 765 4141 ut
793 4089 1131 4145 intercedant
1177 4104 1278 4162 pro
1325 4106 1414 4145 me
1460 4093 1526 4147 ad
1569 4092 1759 4158 Deum,
1810 4101 2076 4164 quatenus

491 4175 583 4234 det
612 4178 743 4237 mihi
781 4194 876 4248 per
905 4179 1322 4237 intercessiones
1350 4196 1537 4236 eorum
1583 4182 1824 4239 invenire
1860 4183 2073 4239 miseri-

490 4267 732 4321 cordiam
772 4282 937 4337 penes
971 4283 1031 4325 se
1061 4269 1115 4324 in
1143 4270 1232 4326 die
1250 4268 1464 4339 judicii.
1500 4272 1761 4328 Similiter
1789 4282 1845 4329 et
1869 4273 2074 4344 lipsana

490 4366 802 4411 sanctorum
841 4359 1007 4416 adoro
1033 4360 1348 4427 ethonoro,
1386 4371 1442 4418 et
1471 4363 1788 4434 amplector,
1821 4347 2073 4436 tanquam

487 4462 678 4519 eorum
721 4452 812 4520 qui
852 4451 1252 4511 decertaverint
1282 4470 1378 4530 pro
1407 4454 1645 4522 Christo,
1678 4464 1732 4511 et
1767 4458 2077 4528 acceperint

488 4540 715 4614 gratiam
745 4540 814 4597 ab
835 4541 951 4617 ipso
975 4543 1041 4599 ad
1067 4544 1324 4599 sanitates
1345 4543 1675 4610 elficicndas,
1706 4555 1761 4601 et
1786 4545 2072 4617 languores

2179 3363 2325 3421 runt,
2363 3355 2650 3408 anathema
2676 3356 2735 3409 II!
2778 3353 3213 3412 Christianorum
3254 3354 3765 3422 calumniatoribus,

2181 3444 2233 3499 id
2272 3452 2375 3509 est,
2400 3444 2666 3515 imagines
2698 3444 3189 3516 confringeutibus,
3228 3445 3552 3500 anathema!

2252 3536 2462 3593 Sahbas
2505 3536 2990 3592 reverendisSimus
3033 3536 3369 3608 hegumenus
3391 3537 3419 3577 δ
3448 3535 3773 3593 monasterii

2179 3627 2355 3683 Studii
2386 3627 2566 3682 dixit:
2607 3625 2769 3682 Juxta
2804 3625 3102 3697 apostolica
3155 3634 3425 3697 prmcepta
3457 3637 3517 3683 et
3553 3626 3774 3683 univer-

2177 3716 2320 3772 sales
2353 3718 2610 3790 synodos,
2639 3717 2838 3789 dignus
2856 3723 2940 3772 est
2969 3718 3301 3788 receptione.
3434 3781 3441 3787 ,

2249 3807 2506 3865 Tarasius
2527 3808 2906 3864 sanctissimus
2924 3808 3233 3878 patriarcha
3254 3808 3420 3865 dixit:
3439 3807 3546 3878 Qui
3567 3808 3772 3866 dudum

2178 3906 2333 3953 erant
2361 3906 2523 3954 rectae
2552 3897 2674 3953 ﬁdei
2700 3897 3143 3964 calumniatores,
3180 3912 3322 3953 nunc
3352 3897 3484 3954 facti
3512 3907 3647 3956 sunt
3669 3884 3769 3954 ve-

2180 3990 2358 4045 ritatis
2388 3991 2768 4045 advocatores.

2250 4079 2638 4135 Constantinus
2685 4078 3063 4135 sanctissimus
3109 4079 3397 4151 episcopus
3430 4078 3772 4136 Constantia

2176 4170 2338 4242 Cypri
2388 4171 2569 4227 dixit:
2615 4170 2836 4225 Multam
2884 4187 2915 4226 a
2963 4171 3119 4227 nobis
3172 4171 3468 4244 lacrymam
3518 4173 3770 4228 evocavit

2181 4260 2337 4336 [Cod.
2360 4261 2499 4329 101.,
2517 4260 2818 4334 evacuavit]
2835 4260 3048 4318 libellus
3071 4263 3769 4335 reverendissimiepiscopi

2177 4352 2461 4407 Ammorii.

2252 4444 2509 4500 Tarasius
2551 4444 2925 4501 sanctissimus
2965 4446 3275 4516 patriarcha
3332 4447 3509 4504 dixit:
3543 4448 3771 4505 Videtur

2180 4535 2350 4600 vobis,
2382 4545 2441 4590 ut
2468 4535 2734 4606 recipiant
2760 4535 2916 4591 sedes
2938 4539 3103 4593 suas?
3488 4524 3499 4533 ’

487 4632 770 4698 curandos,
828 4643 883 4688 et
937 4635 1208 4691 daemones
1253 4635 1567 4706 ejiciendus,
1619 4637 2071 4707 quemadmodum

2251 4624 2550 4679 Reverendi
2580 4626 2827 4682 monachi
2855 4627 3146 4682 dixerunt:
3181 4628 3653 4696 Quemadmodum
3682 4647 3771 4689 su.

488 4724 727 4784 Ecclesia
773 4725 1207 4782 Christianorum
1248 4729 1487 4801 suscepit
1515 4745 1543 4782 a
1572 4731 1775 4782 sanctis
1814 4729 2070 4799 apostolis

487 4823 541 4868 ct
568 4812 837 4880 Patribus,
867 4824 923 4868 et
948 4829 1120 4890 usque
1147 4815 1215 4869 ad
1237 4830 1354 4869 nos.
1388 4814 1539 4885 Piizgi
1578 4824 1756 4869 autem
1787 4816 2069 4871 consentio

488 4901 547 4956 in
590 4903 832 4958 ecclesiis
862 4909 1171 4958 sanctorum
1218 4903 1585 4977 principaliter
1613 4904 1823 4958 ieonam
1854 4904 2067 4961 Domini

491 4994 658 5047 nostri
702 4992 829 5048 Jesu
868 4993 1093 5060 Christi,
1150 5000 1205 5049 et
1253 5002 1457 5049 sancta:
1507 4992 1602 5048 Dei
1648 4992 1960 5060 Cenitricis,
2000 5010 2067 5050 ex

488 5082 639 5137 varia
683 5083 908 5138 materia
948 5083 1067 5141 auri
1105 5090 1161 5141 et
1193 5081 1424 5154 argenti,
1470 5088 1524 5135 et
1561 5083 1706 5136 omni
1755 5082 1974 5139 colore:
2009 5094 2068 5140 ut

489 5185 682 5208 nni-non
722 5171 887 5204 Αἶαν-λγ
977 5172 1012 5188 ’⁸
1083 5171 1095 5184 ⁸
1167 5171 1179 5184 ⁸
1412 5171 1444 5182 ⁸·
1470 5186 1529 5194 --α
1556 5171 1757 5192 :_~-._,
1843 5183 1853 5188 -
1905 5172 1961 5188 η.

2174 4724 2462 4785 sceperunt
2506 4723 2709 4771 sanctae
2758 4726 2813 4771 et
2856 4717 3192 4774 universales
3219 4720 3410 4790 synodi
3456 4736 3525 4778 ex
3570 4723 3767 4778 haeresi

2174 4821 2484 4870 conversos,
2515 4815 2568 4859 et
2594 4821 2692 4860 nos
2723 4806 3068 4877 suscipimus.

2245 4894 2443 4952 Sancta
2493 4898 2730 4967 synodus
2756 4897 2932 4951 dixit:
2963 4897 3146 4954 Placet
3184 4902 3440 4958 omnibus
3477 4905 3657 4960 nobis.
3698 4905 3766 4962 Et

2172 4989 2304 5059 iussi
2320 4998 2446 5045 sunt
2467 4982 2951 5046 reverendissimus
2964 4992 3196 5049 Basilius
3209 4994 3496 5066 episcopus
3507 4997 3762 5069 Λυσι-εξ,

2174 5088 2227 5135 et
2271 5080 2589 5136 Theodorus
2637 5082 3123 5139 reverendissimus
3148 5084 3438 5156 episcopus
3463 5063 3758 5156 Ammorii,
