3924 5744
165 345 248 400 in
859 346 1412 407 lNTERPRETATlO
1446 351 1695 408 SYNODI
1733 352 1816 408 VII
1855 354 2258 413 GENEHALIS.
2302 391 2369 402 —-
2409 362 2609 419 ACTIO
2644 367 2682 420 Ι.
3257 376 3363 432 218

164 465 390 563 Hypatius
408 463 1195 563 lreverendissiitiusnepiscopus
1225 464 1438 563 Nicaxe,
1467 467 1576 522 Leo
1609 484 1690 522 re-
1717 474 1766 532 Α
1796 471 1936 525 niam
1994 475 2202 542 prolixo
2263 486 2504 548 tempore
2559 483 2760 537 malum
2818 493 2874 539 et
2918 501 3148 556 nequam
3197 490 3368 563 magi.

164 554 540 609 verendissimus
565 553 846 623 episcopus
883 553 1082 619 Rhodi,
1119 555 1412 626 Gregorius
1445 567 1692 613 revere'n-
1793 563 2016 616 sterium
2048 566 2421 639 prolongatum
2446 581 2574 628 est:
2611 583 2666 630 et
2693 574 2819 629 dum
2858 553 3059 633 diutius
3097 553 3368 640 ηιοηιιῖω

162 645 380 701 dissimus
399 643 1191 740 episcopus“Pessinuntis,Leo
1216 647 1696 704 reverendissimns
1796 657 2014 724 fuisset,
2075 676 2175 730 pro
2229 667 2470 733 peccatis
2537 669 2740 725 nostris
2792 672 2998 727 seducti
3046 689 3261 740 sumus,
3313 682 3373 732 et

161 732 926 832 episcgrqslconji,G_eorsius
968 737 1447 793 τονθτθηάίεεῖῐηυε
1490 739 1697 808 ερίεθοο
1797 749 2181 811 declinavimus
2328 759 2594 827 veritate;
2658 763 2752 818 sed
2814 778 3094 832 speramus
3146 766 3200 820 in
3248 732 3370 822 'Deo

160 840 241 894 pus
287 823 507 888 Pisidiae,
570 823 821 880 Nicolaus
882 828 1362 883 reverendissimns
1414 829 1698 899 episcopus
1797 845 2014 900 salvari,

161 916 496 986 Hierapoleos,
537 926 593 972 et
614 916 723 973 Leo
751 920 1236 977 reverendissimus
1266 921 1548 992 episcopus
1569 920 1700 977 Car-

1872 936 2128 995 Tarasius
2157 943 2532 1000 sanctissimus
2562 947 2872 1016 patriarcha
2901 949 3036 1004 dixit
3061 968 3074 1003 :
3100 948 3374 1005 Diuturni-

156 1009 298 1077 Ρθιίιί·
1801 1034 1939 1083 tates
1962 1030 2276 1099 passionum
2306 1009 2628 1093 difﬁciliores
2656 1047 2782 1093 sunt
2809 1039 2876 1093 ad
2909 1041 3225 1095 curandum.
3281 1040 3373 1094 Sic

214 1099 448 1197 'l‘arasius
501 1103 875 1160 sanctissimus
934 1107 1242 1176 patriarcha
1283 1107 1417 1162 dixit
1450 1125 1462 1161 :
1506 1106 1700 1162 Nescio
1800 1127 1854 1175 οι
1879 1122 2077 1187 anima,
2109 1139 2230 1192 qua,
2261 1124 2311 1178 in
2351 1112 2582 1182 obscuro
2609 1139 2694 1184 est
2722 1130 3011 1197 harem“,
3060 1131 3242 1187 lumen
3283 1146 3376 1188 or.

157 1191 293 1255 unde,
341 1201 398 1246 ut
443 1194 516 1247 ita
567 1194 764 1261 dicam,
795 1195 1051 1265 impetum
1100 1196 1382 1262 facientes,
1413 1197 1698 1252 consilium
1803 1211 2068 1266 ιιιοαοχίω
2093 1191 2304 1268 ἀίίῃρίιε
2329 1218 2687 1287 recognoscit.

153 1282 580 1382 altunrconstliati
607 1285 761 1350 estis,
807 1293 862 1340 et
885 1302 1003 1382 non
1031 1302 1128 1382 per
1169 1288 1482 1382 Dominum;
1517 1296 1570 1341 ει
1599 1287 1700 1382 ΓΦ·
1871 1302 2252 1362 Constantinus
2301 1282 2672 1366 sanctissimus
2715 1311 2997 1382 episcopus
3044 1310 3376 1368 Constantia;

286 1375 501 1472 ίθείειίες»
535 1386 738 1472 “PO”
771 1394 867 1472 ΡΨ
914 1378 1174 1472 δρῖΐίιιηη
1203 1379 1319 1448 eius
1343 1397 1357 1446 ἲ
1383 1381 1592 1436 οοηθοιί
1623 1381 1700 1434 Vi”
1802 1391 1963 1464 Cypri
2001 1395 2178 1450 dixit:
2225 1396 2519 1466 Oportebat
2563 1415 2658 1456 vos
2699 1375 2821 1456 cum
2860 1375 3070 1457 caneris
3110 1399 3378 1472 episcopis

153 1464 317 1520 delicet
341 1467 479 1558 apud
507 1468 753 1539 vosipsos
778 1469 918 1523 clam
961 1479 1121 1540 atque
1165 1471 1398 1526 latenter
1427 1472 1701 1542 praeterito
1805 1481 2020 1554 [essetis
2047 1464 2304 1558 episcopi]
2344 1489 2582 1545 discendi
2627 1492 2827 1546 nullam
2869 1464 3244 1548 ηερεςείωίεω
3273 1464 3376 1548 lia.

153 1570 288 1650 anno,
317 1556 561 1650 volentes
583 1558 847 1650 depellere
873 1561 1177 1614 veritatem.
1219 1561 1284 1614 Et
1311 1562 1356 1616 si
1385 1562 1599 1631 quidem
1630 1562 1702 1616 ir—
1803 1571 1950 1637 bere,
1983 1575 2076 1628 sed
2102 1556 2386 1646 magistros
2413 1593 2534 1635 esse
2561 1582 2737 1650 potius
2767 1582 3016 1637 aliorum.

156 1645 516 1741 rationabiliter
549 1647 650 1703 hoc
677 1647 903 1741 fecistis,
931 1650 1057 1705 date
1095 1651 1359 1706 rationem
1389 1653 1701 1723 ignorantia:
1872 1662 1982 1717 Leo
2014 1645 2492 1724 τεγεπεηάίεείηιυε
2535 1645 2818 1741 e'piscopus
2865 1671 3036 1726 Rhodi
3067 1670 3202 1726 dixit
3226 1687 3241 1725 ε
3265 1668 3381 1726 Nisi

153 1745 333 1833 ξ’θδίηθ·
364 1736 420 1833 si
448 1753 582 1793 ""0
606 1755 727 1793 cum
755 1739 886 1794 falsa
910 1742 1062 1810 (λυπεῖ
1104 1743 1329 1807 fullone:
1374 1743 1701 1811 PrOducalUI'
1738 1817 1778 1833 η
1806 1755 2185 1823 protenderent
2219 1736 2664 1833 [protendissent]
2709 1736 2784 1828 hi,
2813 1762 2905 1832 qui
2945 1764 2999 1817 in
3040 1762 3154 1832 lege
3193 1770 3382 1829 erant,

289 1831 416 1884 ηίίο
442 1840 735 1926 *θξίτπνὲθῑ
772 1833 954 1886 audita
989 1833 1080 1887 θαι
1123 1849 1305 1926 coram
1339 1835 1586 1890 Omnibus
1611 1851 1705 1906 1³0-
1738 1817 1780 1876 Β
1810 1857 2109 1917 peccatum,
2140 1817 2243 1904 non
2270 1863 2416 1907 esset
2439 1817 2732 1910 necessitas
2763 1817 2970 1926 gratiae.

153 1919 324 1974 biszet
367 1921 818 1978 concinnationes
864 1933 918 1978 et
974 1925 1433 1982 contradictiones
1477 1935 1705 1990 vestras,

153 2011 456 2068 auxiliatrice
483 2029 610 2084 qua:
649 2030 755 2070 non
787 2016 1044 2082 vincitur,
1074 2017 1257 2072 habita
1283 2018 1531 2084 veritate,
1555 2033 1708 2073 sacer

153 2105 237 2160 iste
259 2118 551 2166 conventus
579 2111 923 2180 disrumpens
966 2113 1283 2183 disrumpet,
1322 2121 1377 2168 et
1413 2112 1709 2168 dissolvens

153 2197 376 2255 dissolvet
398 2211 457 2256 ut
486 2202 864 2274 colligationes
888 2204 1140 2260 falsitatis
1171 2214 1227 2261 et
1257 2206 1554 2276 injustitize,
1583 2205 1705 2260 nul-

151 2286 334 2361 lamque
361 2295 631 2352 habentes
659 2299 904 2353 veritatis
929 2299 1309 2353 substantiam.

205 2381 300 2438 Leo
322 2387 814 2444 reverendissimns
850 2390 1132 2459 episcopus
1181 2388 1353 2444 Rhodi
1382 2388 1516 2444 dixit
1541 2405 1554 2442 :
1585 2389 1711 2445 Pec-

151 2476 359 2532 cavimus
397 2478 451 2531 in
488 2487 790 2548 conspectu
841 2478 959 2542 Dei,
1007 2486 1061 2532 et
1105 2480 1156 2532 in
1212 2489 1505 2548 conspectu
1549 2481 1710 2536 totius

151 2568 390 2634 Ecclesiae,
421 2578 477 2625 et
514 2579 722 2625 sancta:
765 2571 951 2641 synodi
987 2571 1182 2641 hujus:
1225 2587 1320 2641 per
1349 2572 1706 2642 insipientiam

150 2659 271 2712 enim
301 2660 621 2726 cecidimus,
651 2670 706 2715 et
735 2676 841 2716 non
871 2661 1129 2717 habemus
1152 2661 1481 2717 defensionis
1515 2672 1710 2718 nostrze

152 2750 405 2805 rationem.

203 2841 480 2913 Gregorius
522 2843 1010 2900 reverendissimns
1047 2845 1330 2916 episcopus
1358 2845 1708 2901 Pisinunten-

147 2930 263 2987 sium
305 2935 476 2987 dixit:
513 2933 842 3002 Secundum.
873 2935 1125 2989 traditam
1169 2935 1326 2990 fidem
1357 2935 1424 2989 ab
1453 2936 1711 3006 apostolis

147 3029 190 3074 et
212 3021 450 3079 Patribus
479 3025 818 3079 confitemur
841 3033 897 3078 et
929 3034 1193 3080 tenemus.

203 3112 446 3170 Taraslus
500 3115 885 3170 sanctissimus
929 3115 1237 3185 patriarcha
1286 3116 1468 3171 dixit:
1523 3117 1579 3171 Si
1628 3125 1711 3172 est

148 3205 262 3258 ratio
281 3205 457 3275 aliqua
490 3207 547 3260 in
586 3206 761 3272 vobis,
807 3206 1259 3276 quemadmodum
1288 3208 1488 3262 dictum
1512 3216 1596 3263 est
1622 3223 1714 3262 vo-

146 3294 231 3359 bis,
262 3297 602 3366 proferatur.

202 3383 476 3457 Hypatius,
516 3397 578 3443 et
627 3387 717 3457 qui
765 3404 888 3443 cum
938 3388 1054 3458 ipso
1081 3396 1239 3443 erant
1272 3388 1523 3443 dixerunt
1555 3407 1567 3442 :
1603 3388 1717 3442 Non

145 3476 398 3546 habemus,
437 3481 817 3535 sacratissime
863 3481 1105 3546 domine,
1134 3480 1278 3550 quod
1308 3482 1581 3546 dicamus;
1625 3497 1721 3551 per

145 3566 481 3638 ignorantiam
515 3571 668 3626 enim
700 3579 755 3624 et
789 3571 1150 3640 insipientiam
1182 3570 1343 3624 locuti
1369 3585 1575 3624 sumus.

201 3661 450 3717 Tarasius
482 3661 873 3717 sanctissimus
897 3661 1205 3730 patriarcha
1245 3661 1382 3716 dixit
1411 3680 1423 3715 :
1469 3660 1598 3728 Qua:
1625 3673 1720 3715 vos

143 3753 260 3806 ratio
284 3753 562 3808 convertit
594 3751 662 3804 ad
702 3750 1027 3804 veritatem?

198 3841 476 3913 llypatius,
505 3849 566 3896 et
599 3841 690 3910 qui
719 3855 840 3894 cum
869 3855 934 3894 eo
961 3847 1138 3904 erant,
1165 3840 1415 3895 dixerunt
1441 3857 1453 3892 :
1493 3838 1719 3894 Sancto-

142 3947 244 3988 rum
268 3935 651 4004 apostolorum
683 3941 740 3986 et
771 3931 988 3986 Patrum
1030 3931 1296 3988 doctrina.

199 4021 487 4095 Gregorius
526 4021 1024 4078 reverendissimns
1051 4022 1335 4092 episcOpus
1371 4020 1720 4074 Pisinunten-

141 4113 261 4168 sium
295 4117 432 4170 dixit
462 4130 477 4168 :
510 4115 572 4169 In
607 4114 819 4184 synodo
843 4123 1154 4168 sanctorum
1186 4113 1569 4183 apostolorum,
1601 4129 1720 4183 qua:

144 4210 264 4276 apud
293 4207 652 4263 Antiochiam
685 4215 1034 4276 congregata,
1079 4205 1317 4259 dicitur:
1359 4205 1423 4257 Et
1469 4222 1535 4258 ne
1582 4205 1719 4258 ultra

142 4309 299 4354 errent
328 4301 380 4354 hi
409 4301 506 4371 qui
540 4299 678 4353 salvi
714 4297 868 4363 finiit,
894 4298 1036 4352 circa
1060 4298 1222 4362 idola,
1247 4299 1339 4353 sed
1366 4314 1463 4369 pro
1491 4299 1569 4352 eis
1592 4299 1722 4352 ima-

144 4391 372 4458 ginentur
424 4391 743 4447 deivirilem
805 4398 1039 4446 statuam
1098 4389 1308 4444 Domini
1373 4390 1540 4444 nostri
1594 4388 1720 4445 Jesu

1880 1939 2191 1996 Stauracius
2257 1945 2631 2001 sanctissimus
2683 1947 2968 2018 episcopus
3031 1944 3388 2002 Chalcedonis

1807 2028 1944 2084 dixit
1973 2047 1986 2082 :
2011 2029 2115 2086 Sed
2144 2047 2262 2098 nos,
2290 2033 2506 2102 fratres,
2537 2051 2644 2091 non
2669 2051 2856 2093 sumus
2882 2038 2982 2094 sub
3008 2037 3143 2106 lege,
3173 2035 3266 2092 sed
3285 2034 3386 2091 sub

1807 2119 2000 2188 gratia.

1880 2206 2173 2278 Hypatius,
2227 2218 2281 2264 et
2336 2211 2428 2281 qui
2477 2227 2599 2267 cum
2643 2228 2711 2270 eo
2755 2223 2910 2270 erant
2953 2209 3390 2268 reverendissimi

1808 2296 2041 2366 episcopi
2066 2298 2316 2354 dixerunt
2339 2319 2351 2354 :
2374 2301 2419 2355 A
2444 2302 2599 2359 malis
2624 2305 2898 2376 magistris
2927 2304 3093 2359 malas
3116 2303 3392 2359 doctrinas

1809 2391 2133 2460 accepimus.

1881 2481 2136 2537 Tarasius
2161 2484 2534 2542 sanctissimus
2570 2488 2877 2558 patriarcha
2903 2488 3041 2543 dixit
3075 2504 3088 2542 :
3122 2485 3388 2553 Quoniam

1809 2571 2022 2640 quidem
2061 2573 2273 2630 dixistis
2319 2575 2585 2631 malorum
2631 2579 3012 2648 magistrorum
3049 2576 3219 2630 malas
3269 2587 3392 2629 esse

1811 2661 2105 2726 doctrinas,
2131 2663 2365 2719 Ecclesia
2393 2681 2459 2721 ex
2484 2667 2639 2722 malis
2665 2668 2935 2737 magistris
2959 2668 3266 2722 sacerdotes
3298 2663 3392 2719 ad-

1813 2754 2026 2807 mittere
2055 2771 2158 2809 non
2189 2757 2474 2812 consentit.

1884 2842 2144 2913 ilypatius
2190 2847 2470 2916 episcopus
2525 2845 2717 2901 Nicaea:
2765 2846 2900 2902 dixit
2951 2863 2964 2900 :

1813 2937 2159 2990 consuetudo.

1883 3025 2174 3095 Gregorius
2213 3028 2690 3084 reverendissimns
2727 3031 3010 3098 episcopus
3042 3027 3395 3097 ,Pisinunten-

1814 3116 1950 3171 sium
1974 3115 2610 3190 [Pessinunsiumydixiu
2642 3121 2870 3174 Sanctus
2893 3119 3128 3174 Joannes
3157 3118 3397 3188 Chryso-

1817 3215 2024 3262 stomus
2057 3206 2187 3261 dicit
2218 3226 2230 3261 :
2262 3207 2372 3278 Ego
2396 3223 2460 3262 ex
2492 3224 2614 3262 cera
2647 3209 2919 3278 perfusam
2946 3208 3102 3264 dilexi
3124 3209 3394 3279 picturam

1814 3296 2016 3364 pietate
2052 3297 2330 3366 repletam.

1887 3386 2096 3442 Sabbas
2131 3387 2609 3443 reverendissimns
2652 3388 2948 3441 monachus
2981 3396 3035 3440 et
3065 3388 3398 3456 hegumenus

1819 3479 2133 3533 monasterii
2175 3478 2348 3534 Studii
2393 3480 2529 3532 dixit
2575 3497 2588 3534 :
2634 3479 2950 3533 Benedictus
2994 3477 3153 3543 Deus,
3199 3477 3290 3548 qui
3316 3477 3400 3533 di-

1820 3558 1961 3623 rexit
1991 3586 2084 3625 vos
2115 3571 2165 3624 in
2189 3571 2504 3626 veritatem!

1889 3660 2146 3716 Tarasius
2173 3661 2546 3716 sanctissimus
2573 3661 2877 3729 patriarcha
2903 3661 3040 3715 dixit
3075 3677 3086 3713 :
3115 3659 3400 3716 Rationem

1817 3756 1870 3802 et
1899 3749 2264 3803 defensionem
2290 3765 2478 3802 eorum
2497 3748 2610 3816 jam
2640 3750 2964 3804 audivimus.

1889 3846 2090 3897 Sancta
2124 3843 2360 3913 synodus
2389 3841 2522 3894 dixit
2551 3856 2566 3894 :
2597 3841 2794 3904 Etiam,
2825 3840 3062 3895 domine.

1888 3936 2120 3991 Joannes
2159 3934 2640 3988 reveremlissimus
2672 3935 2968 3988 monachus
3009 3941 3064 3988 et
3091 3932 3396 4004 presbyter,

1819 4033 1874 4081 et
1901 4025 2134 4078 vicarius
2163 4021 2441 4092 apostolici
2475 4022 2652 4076 throni
2691 4023 2993 4076 Antiochia:
3021 4021 3156 4076 dixit
3189 4038 3202 4075 :
3234 4019 3406 4092 Flagio

1821 4125 1984 4180 tatur,
2026 4114 2366 4169 sanctissime
2414 4113 2590 4176 Pater,
2621 4130 2650 4167 a
2699 4114 2897 4181 nmltis,
2943 4114 3212 4184 quomodo
3237 4127 3402 4183 Opor-

1822 4215 1932 4261 teat
1964 4221 2058 4261 eos
2088 4206 2178 4275 qui
2210 4208 2277 4260 ab
2307 4205 2600 4260 haeresibus
2627 4205 2878 4269 redeunt,
2901 4205 3098 4274 suscipi
3133 4224 3144 4258 :
3177 4214 3231 4260 et
3257 4204 3408 4259 obse-

1822 4312 2038 4351 cramus
2084 4304 2327 4350 sanctam
2378 4305 2430 4350 et
2481 4309 2691 4350 sacram
2736 4296 3034 4365 synodum,
3084 4305 3144 4349 ut
3190 4293 3410 4348 veniant

1824 4387 1943 4441 libri
1995 4396 2306 4442 sanctorum
2350 4384 2603 4449 Patrum,
2658 4392 2714 4438 et
2763 4385 3037 4439 videamus
3071 4393 3126 4438 et
3158 4398 3408 4454 perscru-

3023 2845 3113 2902 Sic
3157 2842 3392 2900 obtinuit

145 4478 339 4537 Christi.
371 4483 483 4538 Sed
516 4490 576 4536 et
603 4481 796 4536 beatus
820 4478 1056 4534 lsidorus
1079 4479 1375 4534 Pelusiotes
1401 4479 1567 4534 dicit:
1596 4479 1719 4550 quia
1749 4518 1798 4576 D
1829 4489 2021 4544 temur,
2074 4487 2234 4545 atque
2277 4475 2397 4530 inde
2445 4489 2720 4529 sumamus
2762 4488 2941 4526 veram
2993 4473 3405 4538 certitudinem,

147 4574 306 4642 templi
332 4575 474 4628 ratio
503 4573 658 4627 nulla
688 4579 796 4636 est,
826 4571 966 4641 quod
995 4587 1099 4626 non
1131 4579 1354 4626 coronat
1377 4572 1576 4642 imago.

203 4665 301 4722 Leo
365 4666 870 4724 reveremlissimus
941 4666 1224 4736 episcopus
1310 4665 1482 4719 Rhodi
1538 4665 1716 4718 dixit:

147 4754 313 4810 Omnia
344 4774 469 4827 quze
505 4759 600 4826 pie
631 4772 694 4810 ac
729 4771 854 4810 vere
895 4755 1197 4819 didicimus,
1246 4755 1368 4809 licet
1418 4753 1616 4823 indigni
1666 4765 1722 4807 et

149 4860 443 4917 peccatores
495 4851 702 4913 simus,
747 4849 1194 4916 perlractavimns
1224 4866 1236 4902 :
1269 4857 1324 4902 et
1349 4863 1414 4902 ex
1453 4846 1626 4916 legali,
1666 4855 1722 4902 et

149 4955 203 4993 ex
229 4943 571 5012 prophetica,
614 4939 1019 5010 apostolicaque
1048 4953 1140 4994 seu
1166 4948 1387 5010 paterna
1432 4953 1562 4992 voce
1588 4939 1720 4993 certi

152 5046 312 5086 sumus
341 5032 549 5094 effecti,
582 5030 712 5098 quia
745 5027 947 5081 veritas
973 5037 1026 5083 et
1049 5031 1222 5098 pietas
1250 5029 1330 5082 sic
1358 5042 1416 5081 se
1455 5028 1634 5093 habet,
1667 5035 1726 5081 ut

151 5120 329 5175 scilicet
354 5125 466 5176 sint
496 5130 708 5174 sanctae
739 5126 797 5172 et
825 5120 1152 5174 venerabiles
1175 5117 1437 5188 imagines
1462 5117 1512 5170 iu
1539 5127 1726 5174 sancta

152 5209 364 5265 Ecclesia
405 5210 723 5265 secundum
774 5207 1022 5262 traditam
1069 5227 1097 5263 a
1147 5209 1341 5278 priscis
1396 5211 1727 5277 temporibus

150 5305 579 5359 consuetudinem
626 5319 657 5356 a
692 5297 918 5353 «sanctis
957 5303 1247 5371 apostolis;
1291 5308 1346 5354 ct
1383 5298 1508 5355 inde
1544 5302 1727 5359 obedi-

148 5395 319 5451 vimus.

203 5484 449 5543 Tarasius
479 5482 888 5542 sanctissimus
924 5485 1226 5550 patriarcha
1275 5481 1457 5538 dixit:
1490 5484 1558 5539 Et
1594 5503 1727 5557 quo-

144 5577 281 5631 modo
309 5593 484 5632 annos
516 5590 702 5645 usque
738 5569 812 5624 ad
861 5580 978 5625 octo
1029 5583 1084 5630 et
1127 5576 1312 5630 decem
1359 5572 1727 5644 episcopatum

143 5683 332 5720 "‘"ns.
367 5684 544 5730 usque
574 5668 626 5722 in
658 5676 912 5736 prz'cscns
941 5666 1156 5722 minime
1183 5664 1415 5725 obedisti
1435 5665 1461 5718 ?

1829 4569 2096 4637 quomodo
2152 4566 2271 4620 illos
2321 4563 2519 4634 suscipi
2567 4571 2843 4634 oporteat;
2900 4564 3210 4618 haesitamus
3263 4561 3410 4616 enim

1829 4677 1946 4715 liOS.
1983 4676 1985 4678 ’

1899 4752 2286 4806 Constantinus
2315 4749 2795 4804 reverendissimus
2823 4747 3106 4818 cpiscopus
3145 4747 3413 4803 Constan-

1832 4842 1916 4896 tia:
1945 4841 2104 4912 Cypri
2147 4840 2284 4897 dixit
2315 4855 2328 4894 :
2378 4839 2688 4910 Expetimus
2723 4852 2751 4888 a
2798 4836 3126 4891 beatitudine
3173 4847 3284 4897 tua,
3313 4835 3413 4889 do-

1832 4933 1995 4995 mine,
2037 4943 2095 4988 ut
2135 4933 2355 4989 veniant
2395 4931 2633 5003 praedicti
2681 4928 2828 4994 lihri,
2865 4945 2970 4998 quo
2995 4928 3131 4985 certi
3161 4925 3312 4992 facti,
3341 4927 3421 4980 sic

1828 5026 2072 5080 ordinem
2105 5025 2426 5082 laudabilem
2459 5024 2736 5080 faciamus.

1903 5115 2157 5174 Tarasius
2218 5117 2589 5170 sanctissimus
2638 5109 2947 5182 palriarcila
3001 5108 3426 5168 dixit:Sct‘nn-

1831 5209 1956 5262 dum
1989 5210 2308 5274 petitionem
2342 5207 2450 5260 Deo
2500 5199 2811 5258 amabilium
2846 5201 3085 5258 virorum
3112 5212 3166 5259 et
3197 5196 3430 5253 vicario-

1833 5313 1973 5361 rum,
2002 5308 2167 5369 atque
2198 5295 2664 5351 sanctissimorum
2697 5288 3096 5362 episcoporum,
3127 5294 3340 5365 Oportet
3367 5281 3431 5334 li-

1832 5389 1960 5443 bros
1986 5390 2190 5445 ail'erri.

1902 5477 2294 5535 Constantinus
2349 5479 2455 5531 Deo
2509 5471 2760 5532 amabilis
2813 5478 3060 5534 notarius
3110 5458 3433 5530 venerabilis

1833 5570 2152 5643 patriarchii
2186 5567 2324 5623 dixit
2359 5586 2370 5620 :
2401 5567 2714 5623 Secundum
2749 5561 3048 5630 iussionem
3089 5569 3281 5617 vestra:
3308 5563 3432 5605 san-

1837 5660 2042 5716 ctitatis
2070 5664 2272 5731 praesto
2296 5672 2482 5711 sumus
2509 5659 2822 5714 deferentes
2866 5667 3051 5709 sacros
3080 5654 3263 5706 lihros,
3297 5649 3436 5706 quo“
