3980 6288
543 363 648 418 εις)

1697 361 2053 418 ANASTASH
2093 362 2630 423 BIBLIOTIIECARII

3627 383 3632 388 ‘
3690 372 3794 429 220

545 479 670 534 bilis
701 466 1032 547 patriarchii
1077 465 1645 546 Cdnstantinopolcos,
1693 485 1800 530 tam
1850 493 2115 532 canonum
2145 481 2188 540 Α
2223 479 2273 532 in
2336 480 2711 537 benedictione
2759 489 2968 536 tantum
3019 482 3105 538 hic
3156 495 3346 537 manus
3396 481 3796 551 impositionem

547 575 856 621 sanctorum
907 568 1287 636 apostolorum,
1329 582 1488 636 quam
1533 575 1839 621 sanctarum
1887 568 2112 639 synodo-

547 673 700 722 rum,
733 666 786 711 et
815 659 988 712 sancti
1019 657 1193 714 Patris
1222 658 1388 712 nostri
1419 657 1634 724 Basilii,
1682 668 1738 712 et
1763 657 1988 712 aliorum
2019 657 2120 712 Pa-

547 756 688 804 trum
719 759 1052 806 sanctorum.

618 841 873 898 Tarasius
917 843 1289 898 sanctissimus
1334 843 1641 912 patriarcha
1679 842 1851 896 dixit:
1893 841 2121 911 Legatur

548 931 603 988 in
649 932 837 1004 primis
876 931 1011 988 liber
1037 933 1422 989 canonicarum
1465 933 1859 989 institutionum
1885 933 2116 1006 [consti-

549 1022 856 1095 tutionUm].

619 1113 816 1170 Sancta
846 1115 1085 1185 synodus
1109 1115 1245 1170 dixit
1273 1132 1286 1171 :
1319 1114 1570 1185 Legatur.

616 1203 682 1257 Et
716 1204 986 1273 accipiens
1012 1205 1148 1259 idem
1177 1205 1564 1259 Constantinus
1595 1204 1707 1258 Deo
1734 1204 1981 1260 amabilis
2006 1206 2120 1261 dia-

546 1307 714 1350 conus
742 1303 798 1348 et
821 1295 1062 1349 notarius
1093 1295 1408 1350 venerabilis
1431 1295 1764 1366 patriarchii,
1794 1294 1921 1364 legit
1963 1314 1974 1349 :

614 1384 797 1440 Canon
852 1395 1164 1442 sanctorum
1215 1386 1576 1456 apostolorum
1643 1387 2122 1457 quinquagesimus

547 1475 780 1532 tertius:
817 1475 874 1531 Si
916 1477 1037 1547 quis
1080 1477 1365 1548 presbyter
1413 1492 1532 1531 eum
1585 1478 1674 1546 qui
1717 1478 2048 1532 convertitur
2090 1493 2119 1531 a

545 1575 786 1636 peccato,
828 1581 934 1621 non
978 1569 1297 1636 susceperil,
1351 1567 1443 1621 sed
1491 1566 1768 1636 ahjecerit,
1801 1569 2118 1639 deponatur,

543 1656 798 1725 quoniam
826 1657 1032 1712 tristem
1072 1656 1248 1713 eﬂ'ccit
1277 1657 1483 1729 [edicit]
1531 1659 1801 1714 Christum
1833 1660 1921 1729 qui
1960 1661 2118 1725 dicit;

544 1745 669 1813 quia
705 1746 956 1814 gaudium
983 1747 1041 1815 ﬁt
1079 1746 1132 1800 in
1165 1746 1290 1801 caelo
1325 1763 1481 1816 super
1515 1765 1619 1802 una
1658 1759 1926 1818 peccatore
1959 1749 2122 1819 pretii-

546 1836 762 1888 tentiam
792 1845 970 1906 agente
998 1835 1130 1907 (Luc
1157 1836 1265 1908 xv).

617 1925 846 1992 Sabbas,
869 1934 922 1982 et
952 1927 1042 1997 qui
1071 1943 1190 1983 cum
1222 1942 1286 1984 eo
1312 1937 1491 1995 erant,
1521 1929 1772 1985 dixerunt
1807 1948 1819 1983 :
1866 1929 1978 1985 lloc
2005 1929 2116 1984 cla-

546 2032 664 2070 rum
693 2026 747 2072 et
769 2017 904 2087 apud
930 2033 1117 2073 omnes
1142 2029 1418 2088 acceptum
1461 2031 1565 2082 est,
1613 2021 1738 2089 quia
1767 2035 2121 2090 unumquem-

545 2123 650 2178 que
677 2109 1048 2176 ptenitcntinm
1079 2111 1316 2165 Ecclesia
1348 2112 1594 2181 suscipit.

615 2197 871 2256 Tarasius
913 2201 1288 2258 sanctissimus
1344 2202 1648 2274 patriarcha
1700 2202 1835 2257 dixit
1873 2220 1884 2255 :
1927 2202 2021 2257 Est
2067 2213 2122 2257 ct

543 2287 680 2344 alius
703 2304 872 2345 canon
901 2305 1064 2361 super
1087 2291 1208 2346 hoc.

612 2381 753 2436 Idem
779 2383 883 2437 hoc
923 2382 1170 2436 amabilis
1198 2382 1442 2437 notarius
1481 2383 1607 2453 legit
1652 2392 1852 2437 sanctae
1891 2382 2122 2436 Nicaeum

545 2474 732 2545 synodi
758 2488 1016 2529 canonem
1044 2485 1292 2529 octavum
1327 2492 1340 2548 :
1382 2474 1456 2530 De
1487 2475 1570 2530 his
1609 2475 1699 2544 qui
1745 2489 1803 2529 se
1849 2475 2120 2546 cognomi-

545 2565 986 2630 nantCatharos,
1034 2565 1084 2619 id
1128 2572 1235 2631 est,
1264 2565 1507 2628 mundos,
1541 2566 1584 2620 si
1630 2565 1918 2633 aliquando
1963 2579 2122 2619 vene-

546 2655 654 2708 rint
693 2656 759 2710 ad
794 2654 1089 2709 Ecclesiam
1112 2655 1462 2721 catholicam;
1489 2655 1682 2725 placuit
1716 2665 1902 2711 sancto
1931 2664 1984 2711 et
2006 2671 2121 2710 ma-

543 2759 648 2814 gno
672 2744 919 2809 concilio,
949 2753 1006 2798 ut
1031 2744 1424 2815 impositionem
1456 2761 1644 2800 manus
1667 2746 2015 2815 accipientes,
2043 2743 2119 2798 sic

542 2831 597 2886 in
625 2830 771 2886 clero
799 2841 1168 2900 permaneant.
1210 2832 1332 2887 Hazc
1356 2843 1534 2888 autem
1555 2849 1664 2903 pra:
1682 2834 1930 2888 omnibus
1950 2849 2042 2888 eos
2065 2833 2116 2887 in

542 2920 757 2988 scriptis
770 2921 1019 2975 convenit
1034 2922 1290 2990 proﬁteri,
1304 2923 1444 2992 quod
1459 2925 1737 2979 catholica:
1750 2933 1801 2980 et
1813 2924 2120 2994 apostolica:

545 3010 800 3064 Ecclesia:
825 3012 1071 3081 dogmata
1105 3013 1398 3082 suscipiant
1425 3023 1479 3067 et
1502 3023 1817 3082 sequantur,
1851 3014 1900 3068 id
1929 3023 2032 3078 est,
2064 3023 2117 3070 et

545 3098 774 3169 bigamis
808 3114 866 3154 sc
890 3101 1309 3168 communicare,
1337 3111 1390 3158 et
1421 3103 1504 3157 his
1541 3103 1630 3170 qui
1661 3104 1712 3158 in
1743 3105 2116 3174 persecutione

2221 569 2370 634 dicit,
2395 578 2564 625 etnon
2587 571 3046 627 consecrationem
3073 571 3147 643 [in
3162 571 3611 645 consecratione].

2288 661 2668 718 Gloriosissimi
2699 664 2968 734 principes
2994 664 3244 718 dixerunt
3271 677 3287 716 :
3319 661 3376 718 Si
3407 662 3550 717 aliud
3581 677 3690 718 non
3713 673 3798 720 est

2218 752 2360 822 quod
2391 754 2692 822 prohibeat,
2739 764 2957 826 propter
2997 755 3136 810 hanc
3178 752 3548 824 pmnitentiam
3600 765 3799 809 eorum

2219 845 2580 915 suscipientur
2594 847 2884 902 secundum
2907 859 3160 900 canones.

2293 935 2547 994 Tarasius
2605 937 2978 993 sanctissimus
3025 936 3330 1006 patriarcha
3381 934 3568 988 dixit:
3628 931 3802 989 Scru-

2220 1037 2394 1084 temur
2431 1037 2485 1081 et
2526 1028 2658 1083 alios
2680 1042 2912 1082 canones
2940 1027 3006 1080 dc
3046 1025 3274 1081 residuis
3304 1025 3619 1080 lneresihus.

2287 1119 2484 1173 Sancta
2519 1118 2758 1190 synodus
2785 1118 2918 1173 dixit
2947 1135 2960 1170 :
2995 1117 3061 1172 Et
3086 1118 3191 1172 hoc
3221 1116 3577 1188 postulamus,
3611 1125 3674 1170 ut
3704 1130 3799 1169 ve-

2219 1209 2368 1262 niant
2391 1223 2646 1264 canones.

2288 1298 2430 1353 llcm
2493 1299 2599 1352 Deo
2655 1297 2899 1352 amabilis
2947 1296 3209 1350 diaconus
3257 1306 3313 1350 et
3379 1296 3623 1350 notarius
3669 1295 3803 1364 legit

2221 1388 2501 1459 Ephesius:
2521 1397 2720 1442 sancta:
2749 1402 2810 1442 ac
2834 1385 3154 1440 universalis
3179 1385 3368 1456 synodi
3395 1399 3659 1440 canonem
3690 1393 3802 1438 ter-

2223 1479 2372 1532 tium.

2295 1568 2351 1622 Si
2377 1568 2465 1638 qui
2491 1567 2652 1624 etiam
2673 1566 3014 1631 clericorum,
3037 1565 3127 1636 qui
3153 1580 3247 1634 per
3289 1563 3530 1635 singulas
3550 1563 3804 1617 civitates

2221 1669 2363 1724 sunt,
2386 1674 2414 1712 a
2438 1658 2703 1721 Nestorio,
2730 1667 2784 1714 et
2805 1653 2890 1712 his
2907 1657 3135 1726 quicum
3156 1671 3224 1710 eo
3242 1664 3420 1718 erant,
3443 1652 3657 1707 inhibiti
3680 1660 3806 1706 sunt

2221 1749 2540 1813 sacerdotio,
2561 1748 2702 1819 quod
2728 1757 2872 1802 recta
2897 1757 3172 1816 saperent,
3195 1746 3362 1800 ethos
3383 1744 3662 1814 proprium
3684 1757 3806 1812 gra-

2158 1832 2199 1890 B
2227 1841 2352 1910 dum
2381 1839 2618 1910 recipere
2648 1839 2918 1894 sancimus
2949 1855 2966 1894 :
3001 1835 3148 1908 [Gr.,
3178 1836 3228 1890 in
3256 1835 3564 1889 universum
3596 1829 3806 1904 autem]

2220 1945 2314 1985 cos
2341 1929 2585 1992 videlicet
2604 1928 2830 1983 clericos
2850 1926 2940 1996 qui
2969 1942 3092 1982 cum
3117 1923 3406 1979 universali
3428 1932 3481 1978 et
3502 1921 3806 1980 orthodoxa

2219 2019 2423 2090 synodo
2469 2018 2706 2072 sentiunt
2751 2017 2835 2072 vel
2871 2015 3083 2071 sensuri
3131 2011 3277 2078 Sunt,
3324 2013 3437 2068 sive
3478 2027 3649 2077 nunc,
3695 2010 3809 2066 sive

2220 2120 2342 2182 post
2371 2112 2484 2166 haec
2513 2111 2565 2165 in
2592 2123 2912 2180 quocunque
2953 2117 3225 2178 tempore,
3273 2120 3372 2160 nec
3413 2104 3512 2159 hos
3536 2102 3816 2173 episcOpis

2221 2203 2312 2270 qui
2342 2209 2683 2256 recesserunt
2719 2199 2801 2254 vel
2853 2197 3197 2263 recesserint,
3241 2204 3335 2250 aut
3377 2195 3807 2266 praevaricantur

2223 2302 2330 2348 tam
2358 2301 2572 2349 sanctos
2619 2307 2874 2358 canones,
2915 2307 3076 2362 quam
3119 2291 3476 2348 orthodoxam
3508 2285 3804 2357 lidem,ju-

2223 2385 2414 2439 bemus
2436 2383 2814 2454 quoquomodo
2843 2382 3057 2450 subjici.

2297 2473 2371 2529 Ta
2382 2475 2554 2529 rasius
2570 2473 2942 2529 sanctissimus
2963 2473 3269 2544 patriarcha
3292 2471 3428 2528 dixit
3455 2490 3465 2526 :
3497 2469 3816 2526 Evidentior

2220 2581 2390 2621 canon
2417 2575 2499 2621 est
2520 2564 2586 2620 de
2610 2565 2850 2635 capitulo
2879 2565 3019 2636 quod
3045 2565 3325 2635 quzeritur.

2291 2654 2562 2726 Legantur
2597 2665 2780 2710 autem
2809 2664 2866 2710 et
2889 2655 3078 2725 reliqui
3107 2669 3362 2710 canones.

2291 2747 2599 2817 Stephanus
2618 2747 3098 2819 reverendissimus
3117 2746 3411 2800 monachus
3427 2753 3479 2798 et
3505 2743 3812 2816 bibliOpby-

2219 2836 2303 2892 lax
2330 2837 2610 2910 [librorum
2655 2837 2860 2910 custos]
2903 2836 3227 2892 venerabilis
3274 2834 3593 2905 patriarchii
3635 2835 3808 2889 dixit:

2217 2931 2410 2986 Adiuro
2429 2947 2537 3002 pra:
2555 2931 2804 2986 manibus
2827 2932 3087 2986 habemus
3100 2929 3354 2999 epistolas
3381 2938 3588 2982 sancta:
3612 2942 3812 2982 memo-

2218 3021 2314 3076 ria:
2331 3021 2504 3076 Patris
2517 3022 2685 3076 nostri
2703 3021 2882 3076 Basilii
2905 3020 2971 3076 de
2988 3020 3238 3090 praedicta
3255 3034 3438 3080 causa,
3457 3017 3502 3070 si
3519 3016 3814 3086 recipiendi

2219 3112 2328 3166 sint
2350 3111 2402 3165 in
2427 3111 2788 3167 sacerdOtium
2812 3151 2826 3177 ,
2856 3111 2948 3182 qui
2979 3126 3042 3165 ex
3077 3109 3267 3166 haeresi
3300 3117 3726 3171 convertuntur;
3763 3115 3817 3161 et

545 3188 779 3258 prolapsi
818 3197 972 3255 sunt;
1014 3205 1142 3260 erga
1173 3207 1308 3261 quos
1347 3202 1402 3247 et
1449 3193 1620 3262 spatia
1649 3194 1939 3248 constituta
1971 3203 2114 3260 sunt,
2145 3179 2190 3240 (ἶ
2222 3201 2268 3257 si
2301 3201 2572 3270 iusseritis
2608 3201 2732 3272 legi,
2762 3179 3030 3272 legantur.

543 3288 600 3333 et
645 3289 882 3348 tempora
934 3281 1149 3336 definita
1185 3297 1199 3336 :
1231 3283 1299 3336 ita
1346 3292 1403 3338 ut
1449 3283 1699 3338 Ecclesia:
1745 3284 2023 3339 catholica:
2065 3292 2121 3340 ct

543 3369 849 3438 apostolica:
877 3369 1069 3440 placita
1102 3381 1396 3441 sequantur
1417 3372 1468 3426 in
1502 3374 1781 3440 ou‘mibus;
1813 3373 2120 3444 ubicunque

544 3474 674 3514 vero
701 3460 814 3516 sive
839 3461 892 3516 in
922 3461 1080 3528 villis,
1106 3463 1218 3517 sive
1247 3463 1299 3518 in
1330 3464 1635 3518 civitatibus
1660 3465 1759 3534 ipsi
1791 3464 1889 3520 soli
1920 3466 2118 3534 reperti

546 3553 742 3608 fuerint
768 3553 1030 3618 ordinati,
1065 3555 1155 3624 qui
1203 3555 1545 3610 inveniuntur
1573 3555 1624 3609 in
1654 3555 1820 3622 clero,
1853 3556 1904 3610 in
1931 3557 2120 3611 eodem

543 3642 724 3696 habitu
752 3652 1119 3714 perseverent,
1145 3655 1248 3699 etc.

614 3732 930 3787 Theodorus
962 3733 1440 3788 reverendissimus
1467 3733 1748 3804 episcopus
1775 3735 1992 3790 Catana:
2035 3735 2121 3790 Si-

544 3820 784 3875 Culorum
810 3821 1096 3890 provincia:
1119 3822 1253 3876 dixit
1277 3839 1289 3875 :
1313 3823 1392 3875 Ad
1422 3824 1666 3877 hmrcsim
1691 3823 1829 3878 hanc
1853 3824 1924 3878 nil
1961 3825 2120 3879 habet

543 3923 716 3966 canon
745 3911 835 3979 qui
873 3910 1042 3964 lectus
1075 3918 1176 3964 est.

615 3999 871 4054 Tarasius
900 3999 1270 4054 sanctissimus
1291 3999 1597 4068 patriarcha
1627 3999 1762 4053 dixit
1789 4019 1800 4052 ε
1837 4000 1942 4057 Sed
1967 4010 2022 4056 et
2053 4002 2120 4058 de

541 4097 689 4154 Omni
720 4096 908 4151 lneresi
929 4105 1030 4151 est.

614 4185 943 4255 Epiphanius
1002 4185 1258 4240 diaconus
1303 4185 1654 4240 sanctissimae
1712 4184 1962 4240 Ecclesia:
2014 4183 2114 4238 Ca-

546 4286 684 4330 tana'
715 4275 1016 4332 Siculorum
1047 4277 1354 4346 provincia,
1389 4285 1444 4330 et
1473 4276 1706 4330 vicarius
1726 4276 1958 4346 episcopi
1991 4274 2119 4330 Sar-

541 4369 721 4434 diniae,
756 4369 931 4424 dixit:
982 4369 1077 4424 Hic
1119 4384 1290 4424 canon
1323 4378 1449 4423 tunc
1485 4369 1554 4424 de
1605 4369 1872 4436 Catharis,
1925 4371 1975 4425 id
2013 4379 2117 4435 est,

543 4459 756 4514 mundis
775 4469 861 4516 est
887 4459 1079 4515 dictus.

613 4550 872 4605 Tarasius
921 4551 1295 4606 sanctissimus
1349 4552 1653 4620 patriarcha
1709 4553 1845 4606 dixit
1898 4570 1910 4605 :

539 4655 670 4709 ergo
693 4647 749 4694 et
780 4654 877 4694 nos
902 4639 954 4693 in
989 4649 1226 4708 tempore
1275 4641 1373 4694 hoc
1406 4651 1648 4695 exortam
1693 4640 1939 4695 lneresitn
1991 4655 2123 4708 quo-

541 4731 699 4786 modo
728 4732 985 4786 debemus
1010 4732 1282 4799 recipere?

615 4820 850 4876 Joannes
890 4821 1000 4874 Deo
1049 4820 1295 4874 amabilis
1342 4822 1577 4876 vicarius
1624 4821 1900 4890 apostolici
1947 4821 2122 4875 throni

544 4915 781 4970 Orientis
808 4913 945 4968 dixit
972 4927 987 4966 :
1026 4912 1255 4966 [heresis
1288 4923 1500 4983 separat
1529 4915 1594 4968 ab
1623 4913 1865 4968 Ecclesia
1907 4929 2122 4967 omnem

543 5003 834 5061 hominem.

612 5092 813 5148 Sancta
840 5093 1076 5164 synodus
1097 5094 1232 5149 dixit
1260 5111 1273 5148 :
1301 5093 1412 5148 lioc
1438 5093 1778 5149 manifestum
1805 5103 1908 5150 est.

613 5190 1066 5247 Reverendissimi
1108 5193 1354 5248 monachi
1397 5194 1690 5247 dixerunt:
1736 5192 1840 5248 Eos
1883 5195 1972 5263 qui
2006 5211 2115 5248 ma-

542 5298 644 5340 nus
674 5282 1064 5351 impositionem
1091 5294 1462 5355 perceperant,
1491 5285 1624 5339 dixit
1651 5285 1830 5354 regula
1857 5287 2076 5356 suscipi.

611 5371 872 5428 Tarasins
911 5373 1281 5429 sanctissimus
1326 5376 1627 5444 patriarcha
1675 5375 1848 5430 dixit:
1886 5375 1950 5430 Et
1984 5393 2114 5445 quo-

541 5465 700 5520 modo
728 5463 1043 5534 intelligitur
1077 5480 1266 5521 manus
1289 5466 1595 5536 impositio?

611 5554 1062 5611 licverendissimi
1096 5558 1345 5612 monachi
1390 5557 1640 5614 dixerunt
1675 5578 1685 5613 :
1735 5559 2112 5630 Deprecamur,

543 5648 777 5712 dmninc,
809 5656 867 5702 ut
895 5646 1206 5702 doceamur.

614 5739 868 5797 Tarasius
929 5741 1297 5799 sanctissimus
1357 5746 1664 5816 patriarcha
1711 5747 1842 5802 dixit
1895 5747 2114 5804 :‘Fortc

1969 4550 2118 4604 Nunc
2148 4529 2194 4586 D

2297 3295 2492 3351 Sancta
2524 3296 2763 3368 synodus
2785 3295 2960 3350 dixit:
3007 3293 3278 3362 Legantur

2296 3387 2605 3457 Stephanus
2673 3387 2972 3442 monachus
3044 3385 3190 3456 legit.
3248 3385 3323 3438 Ex
3405 3385 3582 3454 prima
3643 3398 3813 3438 cano-

2224 3479 2343 3534 nica
2373 3477 2608 3548 cpistola
2632 3475 2809 3533 Patris
2836 3475 3002 3530 nostri
3031 3475 3212 3529 Basilii
3243 3474 3310 3528 ad
3338 3472 3812 3544 Amphilochium:

2294 3570 2692 3625 Encratitarum
2719 3578 2901 3624 autem
2951 3566 3341 3637 malignitatem
3368 3563 3672 3634 intelligere
3717 3577 3816 3620 nos

2221 3659 2625 3732 oportetzquia
2653 3667 2713 3713 ut
2734 3657 2938 3727 indigni
2983 3655 3288 3726 rcceptione
3325 3653 3708 3723 iudicarentur
3746 3653 3814 3707 ab

2223 3749 2483 3816 Ecclesia,
2521 3746 2700 3802 conati
2743 3754 2867 3802 sunt
2894 3745 3007 3816 jam
3045 3744 3263 3815 proprio
3304 3757 3685 3812 praeoccupare
3713 3742 3813 3796 ba-

2221 3841 2492 3912 ptismate.
2529 3837 2682 3895 Unde
2718 3845 2773 3892 et
2803 3825 3245 3892 consuetudinem
3286 3849 3437 3889 suam
3475 3832 3814 3887 adulterave-

2223 3940 2366 3986 runt.
2396 3929 2660 3985 Existimo
2682 3943 2832 3998 ergo,
2863 3926 2989 3996 quia
3029 3941 3149 3979 cum
3182 3924 3316 3979 nihil
3342 3925 3414 3979 sit
3435 3925 3503 3978 de
3549 3923 3660 3978 illis
3702 3937 3814 3977 mae

2223 4020 2469 4075 nil'estius
2493 4017 2912 4089 promulgatum,
2940 4031 3038 4070 nos
3069 4015 3358 4069 conveniat
3387 4029 3576 4068 eorum
3609 4014 3814 4083 impro-

2221 4114 2350 4167 bare
2373 4110 2655 4180 baptisma.
2686 4109 2752 4162 Et
2785 4108 2832 4162 si
2883 4107 3150 4177 quispiam
3188 4105 3349 4160 fuerit
3383 4104 3451 4158 ab
3502 4103 3606 4158 illis
3658 4116 3811 4158 rece-

2221 4215 2343 4272 ptus
2371 4201 2514 4277 [Gr.,
2537 4203 2602 4257 Et
2654 4203 2698 4256 si
2735 4201 2998 4270 quispiam
3048 4198 3116 4252 ab
3145 4198 3250 4252 illis
3297 4194 3606 4266 receperit].
3635 4196 3805 4255 hunc,

2221 4311 2341 4349 cum
2393 4293 2586 4350 adierit
2638 4293 2946 4356 ecclesiam,
2979 4292 3337 4361 baptizemus.
3365 4288 3531 4352 Sane,
3572 4288 3617 4343 si
3668 4287 3813 4342 futu-

2223 4401 2340 4442 rum
2372 4396 2456 4442 est
2481 4388 2556 4440 uti
2589 4385 2874 4440 universali
2902 4383 3290 4452 dispensationi
3335 4384 3428 4437 liat
3456 4380 3814 4449 impedimen-

2221 4484 2354 4540 tum,
2386 4475 2614 4544 pristino
2671 4489 2822 4528 more
2874 4480 3114 4535 utamur,
3145 4481 3199 4527 et
3237 4470 3428 4524 Patres
3479 4469 3570 4538 qui
3624 4477 3810 4524 nostra

2221 4581 2446 4635 qumque
2493 4565 2894 4634 dispensavere,
2944 4577 3256 4631 sequamur.
3285 4561 3489 4617 Vereor
3541 4560 3714 4625 enim,
3742 4573 3812 4614 ne

2223 4653 2361 4708 forte
2389 4670 2510 4709 cum
2567 4653 2896 4708 voluerimus
2942 4653 3124 4722 pigros
3152 4651 3271 4706 illos
3313 4651 3382 4705 ad
3426 4650 3810 4720 baptizandum

2226 4748 2426 4810 facere,
2456 4745 2837 4815 impedimento
2867 4745 3037 4798 simus
3063 4745 3150 4798 his
3177 4743 3269 4812 qui
3309 4742 3549 4804 salvandi
3600 4749 3809 4806 essent,

2222 4838 2290 4890 ob
2323 4837 2541 4906 prolixa:
2596 4835 3023 4906 percontationis
3051 4835 3366 4906 mysterium
3397 4832 3537 4905 [Gr.,
3565 4833 3636 4887 ob
3691 4848 3810 4887 sen—

2225 4927 2401 4980 tentia:
2431 4926 2825 4997 austeritatem]
2863 4945 2874 4980 :
2917 4926 3058 4994 quod
3081 4927 3123 4981 si
3156 4926 3231 4980 illi
3262 4925 3574 4981 custodiunt
3634 4924 3810 4993 bapti-

2221 5031 2334 5069 sma
2369 5024 2631 5080 nostrum,
2661 5016 2762 5070 hoc
2792 5032 2820 5071 a
2867 5017 3022 5070 nobis
3075 5033 3179 5072 non
3231 5015 3652 5088 ﬂagiteturﬂioc
3709 5031 3808 5071 nos

2222 5123 2560 5178 nequaquam
2593 5108 2847 5181 moveat].
2883 5108 2996 5164 Non
3024 5110 3169 5164 enim
3195 5109 3298 5164 illis
3324 5110 3394 5164 ad
3440 5109 3808 5180 pmstandum

2219 5199 2448 5269 gratiam
2483 5199 2754 5256 debitores
2775 5217 2984 5267 sumus,
3009 5201 3102 5256 sed
3133 5200 3401 5256 serviendi
3433 5214 3680 5255 censum
3715 5214 3810 5254 ca-

2219 5291 2442 5345 noniczc.

2293 5383 2448 5439 Omni
2509 5391 2766 5453 prmterea
2815 5384 3022 5438 ratione
3073 5381 3242 5437 forma
3298 5389 3564 5444 teneatur,
3604 5387 3666 5435 ut
3711 5393 3807 5434 eos

2221 5475 2312 5545 qui
2361 5474 2427 5529 ad
2478 5474 2691 5529 illorum
2747 5475 3040 5530 accessisse
3091 5473 3420 5542 baptismum
3482 5472 3804 5542 probantur,

2223 5582 2252 5619 a
2283 5563 2526 5619 ﬁdelibus
2574 5562 2758 5631 procul
2801 5561 2966 5617 dubio
3022 5561 3284 5632 primitus
3307 5567 3592 5629 uagantur,
3623 5563 3680 5612 et
3730 5555 3804 5610 ita

2224 5656 2437 5709 demum
2468 5655 2671 5709 sanctis
2704 5654 2976 5724 mysteriis
3001 5653 3145 5723 digni
3182 5651 3500 5707 efﬁciantur.
3531 5647 3664 5703 Novi
3717 5664 3804 5702 au-

2226 5746 2504 5815 tcnt,qnia
2556 5742 2750 5800 fratres
2812 5745 2901 5815 qui
2953 5744 3096 5798 cirra
3145 5743 3316 5797 lzoem
3355 5749 3406 5795 et
3449 5740 3800 5796 Saturninum
