3924 5844
855 382 1414 443 INTERPRETATIO
1453 385 1702 441 SYNODI
1750 388 1831 442 VII
1868 386 2275 448 GENERALIS.
2314 424 2386 434 —
2416 392 2626 449 Αετιο
2658 393 2698 448 Ι.

3321 400 3430 455 2'22

166 501 332 557 erant,
358 507 489 548 cum
524 503 798 552 Μία
822 496 917 552 illa
956 498 1325 563 ordinatione,
1350 502 1405 554 in
1430 501 1746 557 cathedram
1775 509 1824 566 Α
1850 500 2121 559 Enstathii
2150 504 2593 562 communionem
2636 514 2692 561 et
2733 506 3099 578 reccptionem
3121 510 3191 564 ab
3242 509 3433 565 haeresi

166 586 540 655 episcoporum
603 587 956 658 suscepimus.
1005 589 1191 659 Itaque
1248 604 1345 645 eos
1401 590 1494 660 qui
1539 589 1753 646 illorum

166 688 281 733 sunt
303 679 485 734 ordini
509 681 727 745 sociali,
746 682 857 752 jam
885 698 990 737 non
1019 698 1305 753 possumus
1324 684 1392 738 ab
1416 684 1653 740 Ecclesia
1678 699 1756 740 se-

168 780 470 843 questram;
503 782 565 828 ut
592 783 716 845 pote
753 774 844 845 qui
879 775 1117 845 regulam
1155 775 1445 845 quamdam
1490 775 1556 830 de
1604 790 1753 831 com-

169 862 413 919 munione
438 874 632 919 nostra
661 866 729 919 ad
765 865 884 920 illos
912 864 1357 920 constituerimus
1400 880 1499 936 per
1538 866 1753 935 cpisco—

166 968 344 1024 pontm
375 956 773 1024 receptionem.

228 1044 691 1101 Reverendissimi
742 1046 990 1102 monachi
1046 1046 1299 1103 dixerunt
1345 1066 1358 1102 :
1406 1047 1667 1116 Petimus,
1695 1056 1756 1103 ut

166 1134 433 1191 deferatur
512 1136 690 1191 sancti
754 1136 1037 1192 Anathasii
1100 1137 1170 1192 ad
1229 1138 1580 1193 Ruﬁnianmt
1639 1138 1755 1210 epi-

164 1223 308 1282 stola.

88 1314 97 1317 τ
229 1316 427 1372 Sancta
460 1319 704 1390 synodus
735 1319 912 1376 dixit:
945 1320 1065 1375 Fiat
1091 1321 1386 1377 secundum
1443 1321 1754 1393 petitionem

165 1410 740 1469 merendissimorum
763 1414 1172 1469 monachorum.

223 1503 435 1559 Interea
470 1502 736 1559 Leontius
788 1504 1213 1575 gloriosissimus
1247 1521 1276 1559 a
1305 1506 1535 1561 secretis
1566 1505 1702 1561 dixit
1736 1523 1750 1559 :

160 1591 369 1650 Interim
424 1594 688 1666 legantur
733 1595 952 1665 reliquae
1000 1598 1172 1653 sancti
1211 1597 1393 1653 Basilii
1423 1598 1680 1669 epistolas.

224 1686 539 1763 Stephanus
589 1689 1073 1746 reverendissimns
1135 1693 1433 1748 monachus
1459 1700 1514 1748 et
1562 1693 1755 1749 biblio-

162 1778 431 1837 thecarius
460 1779 612 1851 legit.
634 1781 819 1836 Sancti
844 1781 1022 1838 Patris
1044 1784 1211 1838 nostri
1235 1785 1414 1840 Basilii
1435 1801 1502 1841 ex
1526 1786 1750 1856 epistola

1856 599 2123 655 conversi.

1929 686 2235 756 Stephanus
2260 690 2748 745 reverendissimus
2792 692 3051 748 diaconus
3092 703 3148 747 et
3193 694 3436 749 notarius

1856 780 2182 834 venerabilis
2208 780 2551 849 patriarchici
2579 781 2770 835 secreti
2805 780 2932 850 legit
2964 799 2977 834 :

1926 868 2005 923 Ex
2079 868 2393 923 deﬁnitione
2480 879 2681 924 sanctae
2751 885 2815 923 ac
2882 870 3205 925 universalis
3267 871 3439 925 tertiae

1857 955 2049 1028 synodi
2079 966 2266 1011 contra
2297 957 2490 1028 impios
2538 958 2915 1024 Massalianos,
2963 959 3013 1013 id
3069 970 3180 1025 est,
3228 960 3434 1015 Boebi-

1859 1056 1942 1103 tas
1973 1066 1985 1100 :
3030 1032 3033 1035 ’

1930 1140 2139 1197 Placuit
2157 1141 2407 1196 oumibus
2428 1141 2603 1206 nobis,
2619 1157 2683 1198 ac
2707 1142 2816 1197 Deo
2842 1142 3165 1198 amabilibus
3177 1140 3444 1213 episcopis

1861 1231 2150 1288 Valeriano
2191 1243 2245 1287 et
2291 1232 2686 1302 Amphilochio,
2714 1242 2768 1287 et
2807 1234 3016 1287 cernetis
3041 1233 3446 1304 Pamphylensis

1857 1335 1912 1378 et
1944 1322 2336 1394 Lycaoniensis
2358 1322 2760 1393 provinciarum
2815 1323 3283 1379 reverendissimis
3334 1323 3448 1394 epi-

1859 1418 2061 1489 scopis,
2094 1433 2203 1489 quo
2249 1421 2500 1474 universa
2527 1418 2721 1489 qmein
2752 1418 3006 1489 synodica
3047 1417 3292 1472 chartula
3337 1424 3449 1472 sta-

1860 1519 1974 1567 tuta
2002 1519 2150 1575 sunt,
2179 1518 2484 1575 teneantur,
2508 1518 2564 1564 et
2594 1509 2938 1580 prmvaricari
2961 1508 3108 1563 nullo
3134 1508 3291 1563 modo
3320 1522 3451 1578 pra:-

1859 1611 2162 1666 sumantnr,
2188 1602 2362 1658 ﬁrmis
2393 1602 2644 1657 videlicet
2668 1601 3027 1657 existentibus
3049 1598 3311 1656 etiamhis
3331 1614 3451 1669 qua:

1866 1705 2019 1767 gesta
2054 1704 2180 1750 sunt
2201 1695 2567 1751 Alexandriae.
2595 1694 2786 1764 Itaque
2837 1694 2929 1762 qui
2960 1702 3088 1747 sunt
3117 1707 3213 1761 per
3235 1705 3453 1745 omnem

1860 1789 2199 1859 provinciam
2254 1801 2320 1843 es
2374 1785 2843 1849 Ma’ssalianorum;
2889 1784 2943 1839 id
2999 1792 3083 1838 est
3125 1782 3452 1839 furiosorum

161 1871 221 1925 ad
248 1870 556 1929 Evaisenos
582 1872 747 1926 missa
779 1890 793 1925 :
829 1872 892 1926 lii
917 1883 1098 1928 autem
1114 1889 1249 1944 quos
1295 1876 1463 1946 priori
1509 1854 1652 1931 anno
1687 1878 1754 1933 de
1785 1854 1829 1913 Β
1859 1854 2367 1951 [enthusiastarum]
2417 1875 2633 1941 haeresi,
2663 1883 2755 1928 aut
2782 1874 2828 1929 si
2859 1872 3095 1943 suspecti
3147 1870 3414 1928 habentur
3436 1910 3454 1936 ,

161 1959 355 2017 Galatia
410 1961 802 2027 accersierunt,
828 1978 935 2032 quo
966 1979 1064 2034 per
1107 1981 1203 2021 eos
1242 1977 1465 2037 possent
1503 1968 1754 2023 ﬁduciam

161 2055 501 2127 episcopatus
544 2054 815 2127 accipere,
873 2056 1010 2112 tales
1060 2066 1207 2120 sunt,
1256 2059 1445 2129 quales
1490 2066 1759 2115 noverunt

160 2144 247 2212 illi,
279 2145 373 2216 qui
412 2144 483 2200 ad
515 2144 789 2200 modicum
834 2146 1052 2215 quidem
1084 2148 1345 2204 exstitere
1372 2165 1498 2206 cum
1524 2149 1649 2205 illis.
1690 2149 1760 2205 Et

159 2246 270 2310 post
295 2251 478 2309 pauca
509 2252 523 2291 :
560 2236 619 2292 Si
653 2251 781 2292 vero
810 2237 1016 2303 dicunt,
1053 2239 1177 2309 quia
1211 2241 1585 2310 pmnitentiam
1631 2256 1758 2314 ege-

162 2336 300 2393 rant,
325 2328 630 2384 ostendant
682 2328 737 2383 in
799 2328 1018 2399 scriptis
1069 2331 1444 2399 paenitentiam
1498 2347 1676 2398 suam,
1703 2340 1760 2388 et

160 2419 675 2476 anathematismum
732 2418 1351 2489 Cunstantinopolitanre
1393 2422 1538 2488 ﬁdei,
1569 2430 1624 2478 et
1673 2438 1761 2480 se-

159 2512 498 2583 parationcm
523 2512 606 2566 sui
637 2512 706 2566 ab
731 2511 1000 2567 luereticis
1032 2524 1126 2567 :ct
1158 2530 1263 2568 non
1300 2515 1571 2585 decipiant
1597 2531 1760 2587 quos-

163 2616 259 2672 que
282 2601 674 2674 simpliciores.
726 2601 980 2671 Ejusdem
1010 2618 1072 2657 ex
1107 2604 1333 2673 epistola
1380 2606 1448 2659 ad
1496 2604 1761 2662 Occiden-

167 2694 292 2749 tales
311 2695 529 2750 directa
563 2710 578 2748 :
611 2694 711 2749 Est
752 2694 920 2764 igitur
958 2712 1096 2751 uitus
1148 2712 1357 2763 eorum,
1388 2699 1480 2767 qui
1537 2698 1759 2753 multam

164 2787 310 2843 nobis
346 2787 638 2841 tristitiam
687 2786 1117 2854 fabricaverunt,
1149 2789 1461 2844 Eustathius
1512 2791 1763 2846 videlicet

165 2892 228 2935 ex
254 2878 512 2934 Sehastia
546 2878 775 2934 minoris
803 2879 1074 2934 Armenia:
1114 2880 1378 2949 proditus,
1410 2880 1501 2950 qui
1529 2880 1656 2935 olim
1695 2881 1762 2935 ah

166 2968 287 3025 Δι’ἱο
314 2969 544 3035 doctus,
566 2968 785 3039 quando
813 2968 1132 3040 proﬁciebat
1177 2970 1231 3024 in
1281 2970 1625 3034 Alexandria,
1652 2984 1765 3024 ma-

168 3059 331 3131 lignas
356 3068 558 3115 contra
593 3056 940 3131 Unigenitum
998 3073 1329 3129 componens
1377 3060 1762 3130 blasphemias,

168 3152 499 3221 sequebatur
543 3149 721 3215 illum,
753 3158 809 3205 et
838 3151 929 3216 iis,
954 3151 1045 3222 qui
1081 3150 1155 3205 illi
1192 3150 1377 3206 intima
1409 3151 1765 3221 germanitate

170 3242 547 3308 cohzerebant,
580 3243 863 3313 discipulis
888 3244 1007 3314 ejus
1053 3252 1496 3301 connumeratus.
1526 3244 1766 3314 Denique

168 3335 232 3390 ad
254 3335 658 3392 conscientiam
691 3335 905 3392 rediens
931 3335 1072 3408 [ατη
1097 3337 1165 3391 ad
1186 3351 1282 3391 sua
1320 3335 1620 3409 reversus],
1644 3338 1772 3393 bea-

172 3427 384 3485 tissime
408 3428 675 3498 episcopo
696 3427 1018 3500 Ilermogeui
1047 3427 1386 3493 Caesariensi,
1419 3444 1449 3482 a
1476 3445 1583 3498 quo
1610 3444 1774 3499 super

173 3520 409 3590 maligna
486 3519 748 3590 opinione
803 3536 900 3575 sua
955 3517 1326 3587 jndicabatur,
1380 3518 1772 3590 professionem

173 3609 299 3666 fecit
329 3626 487 3667 sana:
512 3610 639 3666 ﬁdei
665 3630 678 3665 :
703 3618 759 3664 et
788 3610 860 3665 ita
893 3610 1305 3667 consecratione
1333 3611 1403 3665 ab
1426 3610 1543 3680 ipso
1591 3625 1773 3666 susce-

169 3712 281 3775 pta,
314 3702 643 3758 Eustathius
705 3712 828 3774 post
894 3702 1036 3757 illius
1080 3701 1465 3758 dormitionem
1527 3717 1650 3755 mox
1704 3700 1775 3754 ad

170 3793 841 3866 Constantinopolitauum
885 3794 1124 3849 cucurrit
1168 3793 1479 3858 Eusebium,
1504 3791 1773 3848 nihilomi-

172 3901 273 3943 nus
315 3895 375 3942 et
411 3884 595 3957 ipsum
661 3883 887 3963 impium
937 3886 1132 3958 dogma
1196 3885 1312 3939 Arii
1368 3884 1775 3955 prmdicantem.

176 3973 387 4032 Deinde
414 3975 566 4031 illine
585 3975 658 4031 oh
682 3976 920 4045 aliquam
943 3991 1165 4031 causam
1193 3976 1505 4047 propulsus,
1534 3992 1657 4032 cum
1690 3993 1779 4033 ve-

177 4068 348 4125 nisset
377 4069 450 4124 ad
498 4068 889 4138 compatriotas
916 4083 1064 4134 suos,
1092 4082 1153 4123 se
1202 4068 1422 4124 interim
1470 4071 1775 4135 excusavit;

181 4168 232 4213 et
259 4158 493 4229 impium
520 4158 740 4228 quidem
765 4173 984 4214 sensum
1010 4159 1313 4226 occultans,
1338 4160 1626 4217 verborum
1647 4175 1783 4231 quo-

183 4251 437 4303 rumdam
472 4248 857 4304 rectitudinem
887 4251 1225 4305 ostentabat:
1257 4258 1314 4306 et
1362 4261 1635 4322 utcunque
1659 4267 1783 4322 per-

181 4348 340 4410 cepto
368 4340 711 4410 episcopatu,
735 4339 985 4408 protinus
1003 4348 1247 4411 apparet,
1272 4341 1781 4397 anathematismum

185 4430 467 4487 Homousii
490 4431 549 4487 in
576 4431 805 4503 collegio
825 4431 968 4502 quod
995 4434 1064 4488 ab
1090 4433 1173 4488 eis
1197 4433 1340 4503 apud
1381 4435 1650 4504 Ancyram
1706 4430 1784 4485 fa-

188 4535 333 4581 ctum
362 4534 470 4592 est,
491 4525 909 4595 conscripsisse.
936 4525 1138 4580 Deinde
1166 4541 1290 4580 cum
1317 4524 1620 4581 Seleuciam
1664 4539 1783 4595 per-

191 4618 456 4684 venisset,
487 4618 707 4689 scripsit
771 4633 878 4672 una
932 4632 1053 4672 cum
1098 4619 1478 4673 consentaneis
1503 4619 1631 4681 suis,
1666 4632 1787 4688 qua:

189 4712 379 4767 cuncti
402 4719 623 4767 norunt.
649 4710 1117 4782 Constantinopoli
1146 4720 1326 4767 autem
1351 4711 1545 4765 iterum
1571 4711 1654 4766 his
1668 4725 1789 4782 qua:

190 4804 596 4873 praetenderant
625 4802 887 4866 haeretici,
920 4801 1211 4865 consentit,
1237 4810 1291 4856 et
1331 4800 1512 4855 taliter
1557 4802 1626 4855 ab
1677 4800 1785 4870 cpio

192 4902 420 4965 scopatu
446 4894 756 4965 propulsus,
785 4909 886 4965 pro
909 4909 975 4948 eo
1003 4894 1146 4964 quod
1189 4892 1456 4949 Melileme
1499 4902 1655 4945 antea
1702 4890 1791 4945 de-

198 4986 410 5055 positus
479 4984 671 5052 fuerat,
705 4985 813 5041 sibi
862 4984 969 5039 iter
1025 4983 1383 5039 restitutionis
1427 4982 1790 5053 excogitavit,

196 5076 359 5146 quasi
384 5088 412 5117 ι
463 5077 533 5129 ad
562 5091 654 5132 vos
691 5075 1050 5148 proﬁciscens
1081 5092 1094 5127 :
1126 5082 1180 5128 et
1227 5088 1347 5144 quae
1369 5082 1515 5135 sunt,
1546 5087 1667 5142 quae
1718 5072 1794 5128 illi

199 5179 231 5217 a
281 5163 604 5219 beatissimo
656 5166 919 5237 episcopo
971 5162 1189 5220 Liberio
1244 5163 1454 5217 intenta
1485 5158 1806 5232 [intentatal

200 5263 355 5320 sunt,
385 5262 441 5311 et
472 5269 590 5324 qua:
629 5270 714 5322 ea,
744 5270 872 5326 qua:
931 5253 1044 5321 ipse
1092 5253 1403 5323 spepondit,
1454 5250 1799 5322 ignoramus;

201 5345 312 5400 nisi
352 5344 481 5414 quia
524 5345 797 5416 epistolam
860 5344 1055 5399 detulit
1108 5345 1477 5419 restituentem
1501 5358 1562 5397 se
1593 5360 1607 5398 :
1641 5357 1804 5415 quam

202 5438 508 5493 ostendens
560 5440 756 5509 synodo
807 5436 956 5508 apud
1008 5435 1250 5507 Tyanam
1295 5444 1656 5507 congregatas,
1705 5449 1806 5493 suo

206 5529 497 5585 restitutus
522 5538 599 5583 est
630 5529 768 5587 loco.

277 5618 453 5674 Lecta
473 5626 556 5673 est
571 5629 743 5678 autem
767 5628 828 5675 et
851 5617 922 5673 ad
946 5617 1256 5674 Terentium
1281 5614 1535 5673 comitem
1561 5617 1806 5688 ejusdem

202 5705 399 5803 {Patris
427 5712 590 5766 nostri
609 5711 856 5782 epistola,
890 5707 943 5762 in
973 5724 1079 5778 qua
1106 5704 1439 5776 signiﬁcavit
1469 5702 1615 5763 idem
1641 5709 1809 5765 Pater

1857 1972 2002 2042 quod
2026 1970 2334 2041 hujusmodi
2365 1968 2640 2040 languoris
2664 1968 2923 2032 existant,
2955 1967 3071 2021 sive
3102 1963 3287 2019 clerici
3322 1963 3454 2027 sint,

1859 2063 1974 2117 sive
2002 2059 2154 2125 laici,
2183 2066 2515 2123 remeantes,
2546 2065 2602 2112 et
2639 2055 3167 2110 anathematizantes
3216 2051 3272 2106 in
3319 2049 3458 2107 seri-

1859 2152 1965 2221 ptis
1981 2150 2280 2207 secundum
2306 2164 2372 2205 ea
2408 2163 2529 2219 quae
2568 2148 2621 2203 in
2653 2147 2767 2216 jam
2837 2154 3135 2201 memorata
3190 2141 3458 2215 synodica

1857 2242 2054 2297 charta
2079 2239 2419 2311 promulgata
2452 2248 2601 2303 sunt,
2629 2244 2887 2292 maneant
2908 2235 3092 2291 clerici
3133 2233 3354 2304 quidem
3402 2230 3461 2287 in

1859 2334 2030 2399 clero,
2048 2332 2172 2388 laiei
2198 2346 2334 2388 vero
2358 2332 2411 2385 in
2440 2331 2819 2388 communione
2854 2328 3131 2384 Ecclesiae.

1932 2424 2124 2477 Petrus
2157 2420 2640 2477 reverendissimus
2668 2420 2839 2475 lector
2860 2427 2917 2474 et
2964 2417 3209 2474 notarius
3234 2408 3471 2471 venerat?

1859 2517 1984 2571 bilis
2007 2513 2355 2585 patriarchici
2383 2512 2583 2569 Secreti
2607 2511 2735 2582 legit
2771 2529 2785 2566 :

1931 2605 2115 2661 Sancti
2145 2604 2320 2659 Patris
2348 2603 2518 2658 nostri
2570 2600 2754 2673 Cyrilli
2806 2600 3202 2671 archiepiscopi
3232 2597 3464 2653 Alexan-

1860 2698 1994 2752 dria:
2045 2696 2279 2750 Maximo
2326 2694 2554 2748 diacono
2581 2692 2920 2746 Antiocheno
2965 2688 3461 2746 commonitorium.

1940 2788 2111 2843 Didici
2142 2804 2171 2840 a
2200 2784 2472 2856 diligendo
2498 2782 2631 2838 mihi
2677 2780 2847 2836 Paulo
2902 2781 3191 2844 monacho,
3222 2779 3349 2848 quia
3380 2772 3475 2831 re?

1862 2889 2017 2938 cusat
2041 2882 2215 2950 pietas
2242 2886 2332 2931 tua
2366 2890 2536 2945 usque
2562 2875 2722 2930 hodie
2735 2871 3178 2928 communionem
3209 2883 3463 2924 reveren-

1863 2971 2071 3029 dissimi
2097 2968 2337 3039 episcopi
2367 2966 2599 3022 Joannis
2626 2963 2904 3035 amplecti,
2941 2977 3043 3033 pro
3062 2977 3129 3017 eo
3170 2961 3311 3031 quod
3341 2959 3466 3029 qui-

1863 3066 1987 3119 dam
2019 3063 2071 3117 in
2103 3061 2442 3116 Autiochena
2465 3056 2710 3114 Ecclesia
2740 3055 2882 3111 male
2928 3055 3106 3111 adhuc
3134 3070 3255 3110 cum
3281 3050 3472 3107 Nesto-

1868 3156 1951 3210 rio
1980 3153 2064 3210 vel
2089 3153 2349 3216 sentiant,
2377 3150 2460 3204 vel
2478 3147 2591 3219 jam
2617 3148 2890 3206 senserint
2932 3147 3174 3218 quidem,
3206 3144 3302 3204 sed
3356 3142 3467 3199 for-

1870 3247 2011 3303 sitan
2044 3242 2392 3314 resipuerint.
2415 3241 2617 3295 Probet
2644 3238 2812 3309 igitur
2832 3236 3101 3292 modestia
3153 3244 3261 3299 tua,
3285 3240 3468 3287 utrum

1874 3338 2210 3411 (aliquando)
2236 3336 2291 3391 hi
2311 3335 2401 3406 qui
2417 3334 2673 3389 dicuntur
2686 3331 2889 3402 colligi,
2903 3330 3046 3384 unde
3066 3343 3130 3382 ac
3156 3326 3467 3381 irreveren‘

1873 3445 1956 3489 ter
1985 3447 2108 3488 cum
2132 3427 2384 3485 Nestorio
2413 3427 2675 3491 sentiant,
2721 3432 2773 3479 et
2805 3420 3040 3477 invicem
3073 3418 3471 3487 colloquantur;

1872 3528 1959 3580 vel
1981 3522 2276 3594 aliquando
2316 3520 2678 3574 eauteriatam
2726 3514 3018 3570 habuerint
3060 3508 3472 3572 conscientiam,

1875 3616 2203 3685 colliguntur
2227 3620 2406 3667 autem
2435 3624 2577 3664 nunc
2596 3617 2714 3663 acta
2744 3603 3068 3677 poenitentia
3093 3612 3260 3672 super
3279 3600 3385 3664 his,
3417 3598 3475 3653 in

1874 3708 2071 3779 quibus
2136 3704 2376 3774 subrepti
2402 3712 2558 3767 sunt,
2597 3699 2848 3771 quamvis
2915 3694 3164 3753 conﬁteri
3239 3692 3474 3749 fortasse

1878 3807 2230 3857 revereantur
2252 3810 2555 3853 excessum.
2582 3792 2845 3848 Accidunt
2871 3790 3013 3845 enim
3046 3787 3291 3859 quaedam
3314 3783 3476 3853 hujus

1879 3891 2024 3947 modi
2048 3889 2165 3946 ﬁeri
2192 3889 2337 3944 circa
2361 3887 2637 3955 deceptos.
2665 3882 2744 3937 Ae
2766 3882 2810 3937 si
2840 3895 2935 3936 eos
2976 3880 3164 3934 videas
3213 3890 3359 3932 nunc
3406 3874 3478 3957 ad

1884 3994 2087 4041 rectam
2109 3992 2445 4038 concurrere
2482 3978 2664 4039 ﬁdem,
2696 3988 2762 4029 ne
2808 3984 3133 4027 succenseas
3192 3968 3273 4023 eis
3316 3977 3481 4036 super

1884 4079 1970 4133 his
1999 4092 2121 4147 quae
2153 4073 2509 4129 transierunt.
2536 4068 2799 4122 Volumus
2825 4066 2970 4120 enim
3004 4079 3100 4118 eos
3152 4061 3327 4132 magis
3361 4057 3483 4114 illo—

1885 4183 2004 4221 rum
2044 4164 2405 4234 abnegatorcs
2456 4160 2670 4222 videre,
2710 4171 2873 4226 quam
2926 4152 3246 4208 irreverenti
3299 4154 3482 4205 mente

1888 4257 2181 4312 advocatos
2240 4252 2605 4323 nequitiarnm
2662 4263 2783 4303 esse
2845 4244 3097 4300 Nestorii.
3167 4242 3236 4297 Ut
3299 4246 3481 4295 autem

1886 4362 1992 4401 non
2039 4344 2370 4400 mstimemnr
2437 4353 2622 4394 amare
2675 4335 3113 4396 contentionem,
3186 4328 3482 4399 amplecta-

1887 4453 2008 4493 mur
2039 4432 2474 4491 reverendissimi
2527 4428 2748 4484 Joannis
2802 4422 3263 4484 couttnunionem,
3309 4417 3485 4471 indula

1889 4537 2078 4597 gentes
2129 4525 2179 4580 ei
2230 4532 2288 4577 et
2337 4534 2499 4576 causa
2551 4513 2991 4586 dispensationis,
3014 4519 3073 4565 ut
3099 4523 3204 4563 non
3233 4504 3485 4561 subtilius

1891 4619 1974 4673 vel
2000 4614 2300 4671 districtius
2329 4626 2425 4666 seu
2453 4604 2827 4662 vehementius
2850 4615 2982 4671 erga
3009 4613 3070 4653 se
3095 4607 3488 4666 recognoscen-

1890 4719 1971 4766 tes
1999 4717 2190 4779 agatur
2220 4720 2236 4759 :
2276 4701 2682 4773 dispensatione
2710 4695 2878 4760 enim,
2911 4694 3057 4749 sicut
3078 4690 3216 4756 dixi,
3241 4694 3364 4757 eget
3392 4701 3487 4741 ne.

1891 4799 2098 4872 gotinm
2131 4793 2317 4850 multa.

1964 4890 2217 4961 Ejusdem
2245 4882 2424 4939 Patris
2447 4880 2514 4935 ad
2541 4875 2882 4936 Gennadimn
2905 4873 3282 4944 presbyterum
3315 4872 3370 4923 et
3391 4879 3487 4925 ar-

1896 4980 2343 5039 chimandritam.

1971 5075 2336 5129 lntentionem
2384 5064 2605 5136 quidem
2637 5056 2955 5122 reverentiae
2997 5067 3122 5122 tum,
3160 5066 3323 5125 quam
3353 5048 3503 5105 circa

1905 5166 2147 5222 divinum
2168 5160 2417 5238 possides
2445 5154 2679 5223 cultum,
2724 5164 2833 5207 non
2878 5164 3022 5204 nunc
3046 5156 3254 5205 tantum
3285 5141 3503 5213 agnovi,

1908 5257 2001 5313 sed
2032 5258 2101 5313 ab
2123 5246 2254 5315 olim
2296 5250 2556 5309 sciebam,
2590 5259 2650 5303 et
2670 5240 2829 5300 laudo
2862 5240 3210 5295 vehementer
3236 5249 3356 5292 eam
3382 5246 3507 5287 cum

1913 5358 2065 5404 tanta
2115 5349 2387 5405 volentem
2419 5333 2789 5394 districtionis
2835 5329 3115 5402 diligentia
3155 5332 3357 5386 vivere.
3402 5321 3509 5378 Sed

1913 5439 2350 5509 dispensationes
2402 5441 2591 5483 rerum
2643 5437 3038 5492 nonnunquam
3082 5428 3279 5492 cogunt

1914 5500 2042 5598 quid
2068 5546 2099 5585 a
2124 5525 2310 5585 debito
2333 5516 2601 5589 quosdam
2635 5521 2785 5576 foras
2812 5513 2987 5581 exire,
3022 5526 3081 5572 ut
3115 5511 3284 5579 majus
3312 5500 3513 5569 aliquid

1915 5617 2278 5674 lucrifaciant.
2315 5598 2469 5664 Sicut
2493 5609 2646 5666 enim
2677 5608 2731 5664 hi
2758 5602 2849 5672 qui
2880 5619 3031 5658 mare
3065 5601 3337 5663 navigant,
3374 5598 3513 5642 ι²¹¹¹⁶

1916 5714 2125 5777 pestate
2173 5705 2424 5772 urgente,
2459 5697 2702 5771 navique
2732 5690 3099 5766 periclitante,
3132 5679 3334 5743 auxiati
3372 5690 3521 5745 qum-
