3924 5478
449 446 557 503 2‘23

1615 444 1983 502 ANASTASH
2021 443 2560 503 BIBLIOTIIECARII

3603 451 3705 508 Ἠλὶ

449 557 577 616 dam
597 563 915 621 exonerant,
944 564 1006 610 ut
1043 564 1236 613 caetera
1278 555 1423 612 salva
1453 537 1841 627 permaneant:
1872 555 1943 610 ita
1972 562 2030 610 et
2057 561 2102 618 Λ
2134 555 2525 612 incrementum
2558 556 2869 627 impietatis.
2899 554 3190 628 Propterea
3239 557 3404 629 igitur
3432 558 3709 628 dispensa-

451 663 573 714 nos,
604 662 727 703 cum
758 662 866 703 non
900 647 1161 704 habemus
1193 647 1571 703 salvandorum
1605 649 1846 704 omnium
1869 661 2032 719 nego-

450 742 653 797 tiorum
672 741 888 811 penitus
911 742 1315 807 certitudinem,
1338 741 1668 811 despicimus
1695 757 1761 798 ex
1793 741 1876 796 his
1895 754 2033 810 quae-

451 828 600 897 dam,
656 845 725 885 ne
778 837 1095 885 cunctorum
1146 831 1417 902 patiamur
1468 816 1771 903 dispendia.
1804 828 1872 888 Et
1920 832 2035 886 haec

457 920 640 976 scribo
666 935 1016 991 cognoscens,
1050 922 1191 992 quod
1234 923 1409 993 pietas
1438 932 1527 978 tua
1552 923 1801 979 tristetur
1831 923 1885 977 in
1912 938 2036 979 san-

462 1009 767 1065 ctissimum
787 1018 856 1081 et.
866 1010 962 1066 Dei
983 1011 1245 1068 cultorem
1273 1012 1493 1069 fratrem
1515 1021 1569 1069 et
1605 1013 2034 1069 comministrum

462 1108 708 1157 nostrum
737 1101 987 1157 Proclum
1022 1102 1354 1173 episcopum,
1383 1119 1448 1159 eo
1474 1104 1617 1175 quod
1659 1103 1938 1159 admiserit
1982 1103 2036 1158 in

461 1189 895 1249 communionem
920 1190 1242 1248 [Eliensium
1269 1194 1629 1264 hegumenum
1653 1191 2035 1266 [episcopum],

455 1295 617 1351 quem
647 1281 862 1351 quidem
893 1282 1149 1339 Ecclesiae
1178 1283 1325 1355 leges
1353 1284 1654 1341 Palaestina:
1695 1286 2036 1357 praepositum

455 1384 563 1426 non
593 1380 877 1428 noverunt.
905 1371 1148 1429 Su’scitat
1176 1384 1356 1437 autem
1400 1375 1468 1430 ad
1495 1375 1812 1431 infrunitum
1836 1377 2039 1447 negotii

455 1460 786 1517 desiderium
808 1477 965 1519 amor
986 1464 1173 1535 gloriae
1192 1480 1438 1521 amarum
1473 1467 1766 1523 terminum
1806 1468 2041 1523 inaniter

454 1548 682 1608 habens.
710 1550 879 1624 Igitur
929 1569 997 1609 ne
1040 1554 1275 1627 refugiat
1303 1556 1477 1627 pietas
1506 1565 1596 1613 tua
1635 1558 1962 1614 sanctissimi
1987 1567 2042 1615 et

457 1640 570 1698 Deo
610 1644 969 1701 amantissimi
1008 1645 1185 1702 Procli
1236 1648 1473 1720 episcopi
1527 1649 1969 1705 communionem
2022 1666 2047 1706 τε

456 1747 565 1788 una
584 1734 732 1789 enim
767 1734 871 1790 fuit
920 1751 1052 1792 cura
1096 1738 1231 1793 mihi
1275 1746 1330 1793 et
1360 1739 1637 1796 sanctitati
1672 1741 1819 1812 ejus;
1849 1748 1901 1799 et
1927 1742 2038 1798 dis-

454 1822 791 1893 pensationis
818 1824 1009 1881 modus
1038 1826 1169 1881 nulli
1209 1828 1535 1899 sapientium
1571 1829 1866 1901 displicuit.

2133 646 2208 702 tio
2229 648 2374 702 circa
2410 648 2613 703 clermn
2658 647 2848 704 eﬂ'ecta
2877 656 2981 714 est,
3008 657 3169 717 atque
3199 647 3283 703 his
3310 648 3402 718 qui
3425 649 3638 723 decepti
3656 657 3710 704 et

2132 739 2239 793 vim
2268 739 2508 809 perpessi
2561 737 2794 803 fuerant,
2830 737 3157 810 indulgentia
3188 736 3386 791 tributa
3441 738 3711 794 consistit.

2134 826 2260 882 Haec
2287 838 2342 881 et
2388 827 2573 882 Itonia:
2613 828 2837 899 scripta,
2889 835 2945 882 ct
2973 843 3003 881 a
3046 827 3415 883 Romanorum
3473 827 3713 883 Ecclesia

2134 926 2261 973 sunt
2300 927 2537 989 recepta,
2575 919 2691 974 haec
2713 927 2768 973 et
2790 918 3107 974 reverentia:
3131 926 3234 973 tute
3255 917 3503 987 signiﬁco
3525 917 3714 985 ﬁdens,

2135 1009 2277 1080 quod
2309 1026 2371 1064 ea
2402 1025 2523 1080 qtne
2567 1010 2862 1080 approbata
2892 1017 3039 1074 sunt,
3073 1007 3248 1078 pietas
3292 1016 3382 1062 tua
3430 1008 3714 1077 suscipiet.

2137 1091 2143 1095 ’
2208 1098 2416 1155 Sabbas
2445 1109 2502 1154 et
2528 1093 2637 1169 qui
2665 1114 2787 1154 cum
2840 1099 2955 1170 ipso
2992 1097 3434 1153 reverendissimi
3465 1095 3722 1154 monachi

2136 1189 2395 1245 dixerunt
2423 1207 2437 1244 :
2467 1187 2582 1244 Non
2613 1197 2697 1243 est
2723 1202 2830 1244 vox
2868 1186 3149 1242 Athanasii
3176 1196 3405 1252 tantum,
3440 1186 3540 1242 sed
3565 1194 3719 1257 ets!-

2138 1279 2424 1334 nodorum.
2451 1277 2584 1333 Nam
2617 1279 2757 1333 idem
2786 1277 2948 1332 Pater
2974 1277 3124 1345 dicit,
3156 1276 3284 1347 quia
3313 1284 3368 1330 et
3395 1275 3631 1332 Romani
3667 1284 3724 1333 et
3792 1318 3805 1325 -

2137 1370 2311 1427 Graeci
2338 1380 2659 1442 receperunt
2688 1386 2712 1425 ελ
2735 1379 2788 1427 et
2808 1371 2997 1427 deﬁnit
3020 1412 3034 1437 ,
3089 1380 3149 1427 ut
3185 1374 3251 1427 ex
3276 1372 3471 1428 haeresi
3503 1386 3731 1428 conver-

2140 1461 2186 1516 si
2217 1460 2550 1531 recipiantur
2584 1461 2811 1533 quidem.
2849 1461 2918 1516 ad
2964 1463 3364 1533 paenitentiam,
3410 1478 3522 1518 non
3546 1471 3728 1519 tamen

2140 1549 2207 1606 ad
2233 1550 2535 1607 sacerdotia
2562 1550 2935 1606 admittantur.

2213 1639 2471 1697 Tarasius
2521 1640 2896 1696 sanctissimus
2937 1640 3248 1712 patriarcha
3296 1641 3474 1697 dixit:
3505 1639 3627 1697 Non
3662 1641 3728 1698 de

2141 1733 2290 1789 omni
2332 1748 2594 1790 converso
2624 1733 2880 1790 haeretica
2929 1734 3071 1789 idem
3099 1733 3262 1790 Pater
3306 1733 3533 1789 minime
3557 1733 3731 1789 suscio

2140 1825 2341 1895 piendo
2381 1826 2685 1893 denuntiat,
2741 1825 2843 1882 sed
2880 1826 2947 1882 de
2984 1825 3316 1897 principibus
3349 1825 3648 1890 hereseos,
3679 1832 3735 1882 et

444 1962 447 1967 .
529 1909 629 1967 His
665 1910 822 1969 lectis
866 1914 1117 1971 monachi
1142 1916 1393 1973 dixerunt
1424 1932 1439 1972 :
1473 1916 1531 1973 Si
1551 1916 1705 1987 jubet
1733 1929 1919 1975 sancta
1954 1935 2049 1992 sy-
2070 1910 2116 1970 Β
2144 1916 2231 1972 his
2250 1917 2342 1987 qui
2369 1917 2561 1972 vitiose
2588 1927 2750 1986 atque
2787 1915 3078 1972 all‘ectuose
3098 1916 3281 1971 verbis
3314 1915 3733 1985 quidemsimu-

457 1998 654 2068 nodus,
713 2000 975 2058 aﬂ‘eratur
1019 2005 1087 2059 ad
1126 2004 1471 2061 Ruﬁnianum
1536 2006 1804 2062 destinata
1867 2009 2043 2063 sancti

459 2090 742 2149 Athanasii
758 2095 1000 2164 epistola,
1032 2105 1089 2152 et
1108 2096 1337 2168 legatur.

446 2212 451 2223 ι
531 2184 732 2241 Sancta
778 2189 1017 2260 synodus
1071 2189 1246 2246 dixit:
1277 2190 1396 2246 Fiat
1424 2192 1615 2261 petitio
1653 2192 2049 2249 reverendissi-

461 2292 674 2333 morum
699 2281 1110 2335 monachorum.

534 2367 844 2439 Stephanus
877 2370 1170 2440 praedictus
1195 2372 1517 2439 monachus,
1545 2372 1760 2430 habens
1794 2389 1906 2444 prae
1934 2390 2047 2430 ma-

462 2456 623 2514 nibus
641 2457 859 2526 librum,
883 2459 1013 2532 legit
1036 2475 1052 2515 :

639 2589 821 2647 Sancti
849 2574 1129 2650 Athanasii
1157 2595 1377 2667 epistola
1407 2597 1478 2651 ad
1509 2596 1868 2667 Ruﬁnianum.

533 2725 762 2783 Domino
782 2728 982 2785 dilecto
1013 2737 1069 2785 et
1098 2728 1473 2785 amantissimo
1494 2729 1871 2785 comministro
1900 2727 2050 2783 Ruti-

463 2822 628 2879 niano
654 2821 1065 2880 Athanasius'in
1094 2825 1323 2882 Domino
1344 2824 1597 2881 salutem.

532 2913 600 2971 Et
619 2926 741 2985 post
762 2916 866 2972 alia
892 2934 907 2971 :
1328 2918 1333 2921 ’

536 3003 805 3069 Quoniam
834 3019 1020 3061 amore
1044 3004 1304 3062 bonitatis
1326 3014 1383 3062 et
1406 3007 1792 3064 ecclesiasticae
1831 3007 2047 3063 institu-

464 3090 634 3147 tionis
665 3091 792 3164 (hoc
836 3094 981 3148 enim
1032 3110 1221 3152 revera
1272 3098 1429 3152 decet
1463 3098 1821 3153 reverentiam
1880 3098 2047 3163 tuam)

444 3181 816 3253 interrogasti
856 3183 923 3238 de
967 3185 1072 3248 his,
1123 3185 1215 3254 qui
1264 3194 1484 3256 propter
1514 3187 1894 3242 necessitatem
1931 3188 2049 3243 abs-

470 3271 636 3327 tracti
680 3286 788 3328 non
835 3279 945 3328 tam
993 3273 1047 3328 in
1097 3272 1202 3329 ﬁde
1229 3275 1368 3330 mala
1395 3275 1632 3345 corrupti
1663 3284 1818 3342 sunt;
1865 3284 1919 3331 et
1958 3290 2050 3330 κο-
2079 3265 2122 3325 C

469 3361 617 3418 luisti
664 3363 903 3419 scribere
937 3378 1023 3419 me
1051 3380 1172 3435 qua:
1211 3365 1326 3421 visa
1368 3374 1493 3421 sunt
1517 3367 1735 3437 synodis
1769 3376 1824 3422 et
1853 3367 2051 3436 ubique

475 3454 543 3509 de
580 3454 708 3511 illis.
754 3453 925 3522 Scito,
999 3455 1215 3511 domine
1255 3457 1328 3511 mi
1377 3456 1751 3513 amantissime
1778 3497 1795 3522 ,
1845 3458 1969 3528 quia
1998 3459 2050 3513 in

467 3547 768 3618 primordio
793 3548 1011 3619 quidem
1033 3556 1284 3606 cessante
1308 3548 1379 3614 vi,
1408 3563 1528 3618 qua:
1567 3546 1708 3604 facta
1745 3548 2050 3614 exstiterat,

469 3638 742 3694 celebrata
770 3647 855 3695 est
889 3638 1128 3709 synodus
1170 3638 1530 3708 praesentibus
1554 3637 2054 3707 etiamet'episco-

471 3725 580 3797 pis,
605 3725 697 3796 qui
726 3726 963 3796 partium
991 3734 1148 3781 erant
1171 3741 1358 3781 eorum
1386 3724 1595 3798 [earum
1619 3726 1764 3799 quae]
1801 3726 1891 3796 qui
1920 3725 2055 3784 foris

444 3823 621 3877 sunt.
688 3816 855 3872 Facta
906 3826 988 3872 est
1059 3826 1239 3872 autem
1291 3825 1348 3873 et
1398 3832 1562 3888 penes
1613 3818 2052 3885 comministros,

474 3910 569 3979 qui
617 3909 881 3966 Graeciam
927 3910 1205 3977 habitant;
1252 3926 1418 3981 porro
1467 3912 1815 3969 nihilominus
1870 3922 1927 3968 et
1985 3916 2053 3968 ab

440 3997 563 4053 .bis
590 3998 682 4067 qui
730 3998 786 4053 in
835 3997 1090 4069 Hispania
1128 4009 1184 4056 et
1231 3999 1403 4056 Gallia
1454 4011 1610 4068 sunt;
1666 4012 1720 4058 et
1772 4003 1916 4071 quod
1968 4002 2057 4057 hic

442 4138 449 4144 .
475 4087 700 4158 placuit,
740 4097 796 4144 et
819 4089 1019 4158 ubique
1043 4107 1057 4143 :
1088 4089 1163 4145 ita
1191 4098 1249 4144 ut
1278 4091 1364 4147 his
1391 4092 1483 4161 qui
1514 4092 1718 4148 cadunt
1741 4101 1797 4146 et
1817 4098 2055 4160 praesunt

446 4176 766 4246 .impietati,
796 4177 1107 4248 ignoscatur
1135 4180 1354 4249 quidem
1393 4195 1516 4236 cum
1539 4180 1910 4251 paenitentiam
1936 4195 2056 4251 ges-

480 4268 675 4333 seriut,
705 4283 813 4322 non
846 4276 1025 4323 autem
1064 4269 1290 4325 ulterius
1318 4269 1400 4325 eis
1428 4270 1576 4326 locus
1598 4270 1758 4325 detur
1784 4269 1839 4325 in
1862 4268 2010 4325 clero
2040 4285 2054 4322 :

446 4359 568 4416 .his
593 4368 773 4414 autem
803 4359 896 4430 qui
922 4369 1173 4417 auctores
1216 4376 1324 4417 non
1372 4361 1575 4417 fuerint
1602 4360 1917 4431 impietatis,
1962 4360 2057 4416 sed

478 4463 577 4521 per
627 4450 1007 4506 necessitatem
1054 4460 1110 4507 et
1136 4452 1244 4507 vim
1289 4453 1710 4517 abstrahuntur,
1737 4450 2060 4521 ‘placuit,ut

442 4542 635 4603 ,venia
673 4542 848 4608 detur,
889 4552 944 4600 et
978 4545 1214 4601 habeant
1259 4545 1389 4602 cleri
1431 4544 1643 4610 locum;
1677 4546 1910 4603 maxime
1935 4562 2056 4603 cum

440 4679 446 4685 .
476 4634 881 4691 excusationem
930 4635 1616 4715 persuasoriamdederiut
1646 4650 1662 4690 :
1695 4645 1750 4692 et
1779 4636 1978 4707 placuit
2006 4637 2056 4692 id
2092 4622 2137 4679 υ

446 4727 872 4798 .dispensatorie
896 4729 1035 4784 ﬁeri.
1054 4728 1455 4793 Firmaverunt
1475 4729 1621 4785 enim
1645 4733 1789 4802 quod
1817 4748 1920 4787 non
1953 4732 2054 4787 mi-

475 4828 726 4889 grassent
757 4820 825 4875 ad
854 4820 1186 4890 impietatem
1221 4838 1234 4874 :
1269 4835 1337 4875 ne
1369 4830 1551 4877 autem
1581 4822 1813 4879 ordinati
1838 4822 2057 4891 quidam

454 4907 786 4975 .iunpiissimi
826 4909 1087 4985 ecclesias
1119 4920 1550 4981 corrumperent,
1580 4911 1855 4981 elegerunt
1880 4910 2059 4979 potius

482 5012 809 5054 concurrere
844 4998 1134 5066 violentiae,
1173 5008 1228 5056 et
1247 5009 1465 5071 portare
1490 5003 1718 5071 pondus,
1749 5018 1911 5071 quam
1936 5016 2058 5071 per-

480 5086 612 5145 dere
646 5088 893 5154 ροβυιοςι-
939 5088 1050 5132 Hm
1099 5100 1275 5116 ιιι-ομ.
1319 5106 1471 5112 ut-
1628 5099 1639 5106 ε
2040 5101 2050 5106 έ

2146 2005 2260 2061 iant
2283 2005 2566 2061 veritatem
2593 2005 2646 2060 in
2663 2006 2950 2076 praesentia
2972 1992 3399 2060 orthOdoxorum
3416 2043 3433 2067 ,
3460 2002 3519 2058 in
3551 2010 3737 2058 mente

2145 2106 2326 2152 autem
2353 2096 2604 2167 nequiter
2657 2104 2975 2166 Operantur.
3020 2093 3219 2150 Verum
3269 2095 3484 2166 legatur
3531 2093 3732 2167 iterum

2145 2188 2334 2243 eadem
2357 2187 2423 2242 ad
2448 2186 2793 2241 Rutinianum
2818 2187 2986 2242 missa
3008 2184 3250 2258 ejusdem
3273 2172 3453 2241 Patris
3474 2184 3732 2256 epistola.

2145 2278 2391 2349 Cumque
2438 2279 2711 2350 legeretur
2757 2278 2908 2334 locus
2955 2278 3047 2349 qui
3082 2278 3211 2334 dicit
3248 2270 3377 2333 :Ita'
3412 2285 3473 2331 ut
3504 2276 3595 2332 his
3640 2274 3735 2348 qui

2147 2370 2348 2425 cadunt
2368 2380 2421 2425 et
2448 2379 2687 2440 praesunt
2708 2370 2994 2440 impietati,
3022 2369 3335 2440 ignoscatur
3361 2367 3587 2438 quidem
3608 2382 3734 2423 cum

2148 2460 2522 2530 paenitentiam
2555 2461 2842 2530 gesserint,
2884 2474 2990 2514 non
3022 2469 3201 2513 autem
3223 2457 3452 2512 ulterius
3475 2456 3631 2513 locus
3655 2456 3741 2513 eis

2149 2553 2307 2608 detur
2334 2553 2387 2607 in
2434 2552 2599 2608 clero.
2632 2553 2725 2607 llis
2755 2562 2935 2607 autem
2963 2552 3055 2622 qui
3089 2561 3338 2607 auctores
3375 2565 3486 2606 non
3512 2548 3737 2606 fuerunt

2150 2646 2464 2715 impietatis,
2490 2646 2581 2701 sed
2606 2661 2702 2715 per
2719 2646 3096 2701 necessitatem
3121 2652 3177 2700 et
3194 2646 3304 2699 vim
3319 2644 3737 2712 abstrahuntur,

2148 2736 2350 2807 placuit
2386 2747 2448 2790 ut
2495 2737 2649 2791 venia
2683 2736 2860 2800 detur,
2911 2745 2968 2792 et
3026 2736 3264 2791 habeant
3324 2735 3459 2791 cleri
3520 2734 3738 2799 locum;

2153 2827 2391 2881 maxime
2413 2827 2961 2882 etnuexcusationem
3005 2827 3411 2896 persuasoriam
3458 2825 3737 2882 dederint;

2202 2918 2674 2973 'lteverendissimi
2738 2918 2984 2973 monachi
3040 2918 3293 2973 dixerunt
3336 2936 3350 2972 :
3403 2916 3548 2973 Ecce
3594 2918 3741 2973 sicut

2151 3010 2518 3078 praediximus,
2555 3009 2642 3063 hic
2687 3018 2911 3064 sanctus
2956 3007 3119 3063 Pater
3166 3006 3272 3062 no’n
3302 3007 3535 3078 suscipit
3562 3007 3619 3062 in
3659 3021 3742 3063 sa-

2151 3098 2451 3152 cerdotium
2473 3113 2567 3154 eos
2593 3098 2684 3167 qui
2713 3098 2780 3152 ab
2815 3098 3009 3154 haeresi
3036 3105 3448 3154 convertuntur.

2224 3187 2482 3243 Tarasins
2535 3188 2914 3244 sanctissimus
2954 3188 3266 3258 patriarcha
3296 3188 3435 3243 dixit
3462 3205 3478 3243 :
3507 3186 3631 3243 Non
3658 3194 3743 3243 est

2156 3282 2250 3346 ita,
2277 3290 2333 3336 ut
2365 3282 2663 3352 intelligitis
2697 3298 2710 3336 :
2751 3281 2984 3349 denique
3031 3280 3195 3335 Pater
3214 3295 3309 3335 eos
3348 3279 3440 3349 qui
3487 3287 3743 3335 auctores

2156 3373 2379 3427 minimc
2412 3370 2611 3425 fuerint
2638 3358 2948 3440 impietatis,
2982 3369 3183 3440 quique
3213 3369 3369 3424 tracti
3391 3375 3448 3424 et
3463 3368 3575 3423 vim
3596 3366 3742 3438 passi

2154 3475 2304 3529 sunt,
2329 3463 2518 3531 recipit
2549 3462 2601 3515 in
2631 3462 2992 3516 sacerdotium
3027 3479 3039 3515 :
3072 3461 3324 3531 praslatos
3351 3459 3437 3515 vel
3465 3459 3743 3529 genitores

2156 3555 2427 3610 haereseos
2468 3554 2519 3607 in
2543 3553 2905 3608 sacerdotium
2939 3569 3045 3606 non
3092 3552 3339 3617 admisit;
3373 3552 3516 3607 bene
3543 3554 3651 3606 hoc
3690 3557 3743 3604 et

2155 3647 2358 3717 optime
2404 3654 2570 3715 atque
2591 3643 2896 3712 iustissime
2944 3643 3244 3712 proferens.
3294 3641 3362 3696 Et
3404 3651 3563 3697 certo
3588 3639 3745 3711 quin-

2157 3734 2311 3804 quies
2341 3733 2599 3787 victorem
2631 3741 2878 3786 sanctum
2908 3730 3266 3785 Athanasium
3292 3729 3444 3784 novit
3475 3729 3741 3791 Ecclesia,

2157 3825 2412 3895 quoniam
2438 3833 2493 3878 et
2519 3822 2746 3877 Romam
2778 3820 3404 3891 frequentenimpulsus,
3432 3827 3489 3873 et
3522 3816 3745 3888 ignobili

2156 3918 2278 3985 fuga
2296 3914 2375 3987 [id
2396 3925 2492 3977 est,
2526 3915 2662 3984 turpi
2686 3911 2972 3984 ejectione]
3006 3928 3034 3966 a
3056 3910 3358 3981 praepositis
3384 3911 3611 3964 Arianae
3632 3911 3748 3965 bats

2159 4020 2345 4061 reseos
2373 4013 2457 4060 est
2478 4004 2721 4066 abactns.
2748 4016 2803 4059 et
2834 4018 2956 4059 cum
3003 4015 3254 4056 reversus
3290 3999 3560 4056 ecclesias
3606 4000 3745 4056 obti-

2158 4096 2395 4160 nuisset,
2416 4094 2600 4148 hostes
2642 4094 2689 4147 ei
2740 4093 3119 4157 adhaerebant,
3147 4089 3446 4146 secundum
3502 4099 3746 4160 tempora

2159 4183 2499 4241 commutati.
2558 4181 2785 4250 Quando
2861 4189 3042 4236 autem
3093 4178 3433 4251 accipiebant
3491 4172 3743 4235 ﬁduciam

2159 4276 2251 4331 ilio
2290 4274 2639 4338 abscedente,
2674 4272 2740 4326 ad
2781 4272 3019 4342 priorem
3071 4269 3322 4325 haeresim
3372 4268 3650 4332 redibant,
3692 4278 3747 4324 et

2164 4365 2596 4438 persecutionem
2625 4372 2815 4420 contra
2838 4364 2956 4433 pios
2977 4360 3412 4418 commovebant.
3441 4358 3512 4415 Et
3539 4358 3753 4427 idcirco

2161 4459 2409 4515 eumdem
2463 4455 2674 4511 mstimo
2706 4454 2885 4508 dicere
2914 4454 3151 4517 Patrem,
3182 4467 3250 4506 ne
3265 4448 3575 4518 huiusmodi
3604 4449 3738 4506 reci-

2161 4556 2422 4621 perentur
2450 4546 2503 4600 in
2534 4543 2914 4625 sacerdotium.
2943 4541 3076 4594 Nam
3102 4546 3426 4611 perceperat
3453 4547 3570 4593 tam
3609 4538 3742 4611 ipse,

2161 4655 2325 4710 quam
2357 4637 2539 4693 czeteri
2569 4633 2858 4691 orthodoxi
2882 4633 2950 4686 ah
2976 4631 3082 4686 illis
3123 4630 3445 4687 saevissima.

2235 4728 2443 4784 Sabbas
2485 4724 2969 4783 revereudissimus
3025 4722 3324 4776 monachus
3351 4719 3493 4775 dixit
3539 4738 3556 4774 :
3606 4717 3747 4790 Iniu-

2163 4820 2389 4875 riarum.
2418 4818 2701 4872 immemor
2730 4823 2814 4869 est
2859 4812 3038 4866 Pater.

2142 4948 2149 4951 -
2231 4907 2483 4962 Tarasius
2520 4904 2892 4963 sanctissimus
2929 4901 3240 4973 patriarcha
3284 4899 3424 4956 dixit
3460 4918 3475 4953 :
3520 4897 3743 4956 Manife-

2162 5008 2302 5054 stum
2338 5004 2425 5052 est
2461 4997 2591 5063 hoc;
2632 5010 2804 5066 neque
2837 4994 2982 5053 enim
3030 4992 3379 5063 malumpro
3428 4991 3577 5048 malo
3624 4988 3745 5048 red-

2183 5090 2196 5102 ‘
2235 5090 2247 5100 '
2386 5088 2418 5096 “”
2498 5086 2509 5094 ’
2598 5102 2603 5103 ⁷
2725 5094 2736 5102 ‘
2864 5086 3000 5124 “'"m
3031 5093 3211 5138 autent
3246 5082 3340 5139 Dei
3380 5091 3453 5155 et.
3482 5083 3741 5138 munitio-

3475 5188 3561 5198 ,η
3590 5181 3740 5229 Μιθ-
