3924 5560
123 392 221 446 $23

864 381 1419 442 INTEBPRETATIO
1453 377 1704 439 SYNODI
1745 380 1829 436 VII
1869 380 2272 438 GENERALIS.
2298 411 2368 424 —
2395 379 2598 438 ACTlO
2637 380 2676 436 l.

3268 379 3374 437 226

119 502 218 560 vim
256 511 554 568 perpessos
589 495 746 551 Pater
782 495 1014 550 admittit
1045 513 1057 548 :
1091 494 1272 549 dicant
1309 506 1461 562 ergo,
1502 492 1546 544 si
1588 499 1696 544 tra-
1728 497 1772 554 Λ
1871 490 2065 546 Sancta
2097 491 2332 562 synodus
2361 491 2534 547 dixit:
2563 488 2796 558 Quterite
2827 487 3077 560 deinceps
3113 490 3275 546 etiam
3305 491 3375 547 de

119 591 187 644 (ιιὶ
220 589 470 653 fuerint,
507 596 563 642 et
602 588 707 640 vim
743 587 1014 656 perpessi,
1049 593 1103 640 et
1142 586 1262 640 ideo
1302 582 1626 638 recesserint
1663 597 1694 635 a

117 681 358 734 veritate.
497 739 504 746 ι

181 769 471 841 Hypatius,
510 777 568 823 et
600 768 690 838 qui
719 783 837 822 cum
868 783 934 821 eo
961 777 1116 821 erant
1144 769 1377 839 episcopi
1406 771 1691 826 dixerunt:

116 861 241 928 Quia
284 874 384 914 nos
425 875 606 928 neque
645 860 750 912 vim
791 859 1143 913 sustinuimus
1167 900 1181 923 ,
1226 876 1397 930 neque
1437 862 1694 919 abstracti

113 967 297 1008 sumus
323 991 340 1016 ,
391 951 489 1006 sed
538 951 592 1004 in
643 949 743 1004 hac
777 959 959 1004 nostra
1008 949 1198 1004 lueresi
1243 952 1353 1004 nati
1393 961 1447 1007 et
1481 954 1692 1008 educati

113 1058 310 1104 sumus,
351 1050 410 1094 et
449 1040 742 1095 crevimus.

93 1143 103 1180 .‘
175 1130 499 1185 Theodorus
545 1129 658 1182 Deo
705 1129 948 1183 amabilis
998 1129 1281 1199 epiSCOpus
1329 1130 1546 1188 Catanm
1577 1175 1592 1200 ,
1641 1145 1694 1189 et

115 1221 194 1289 qui
232 1236 358 1274 cum
397 1235 466 1273 eo
506 1219 827 1292 sanctissimi
866 1221 1100 1290 episcopi
1144 1219 1341 1274 Sicilia:
1368 1261 1383 1286 ,
1426 1239 1529 1276 una
1569 1239 1693 1278 cum

114 1311 408 1380 Epiphanio
440 1311 673 1365 diacono
711 1310 943 1366 civitatis
979 1311 1219 1379 Catanze,
1255 1322 1310 1366 et
1350 1313 1526 1368 locum
1567 1317 1696 1380 reti:

115 1414 265 1458 nente
311 1403 540 1458 Thomas
583 1403 816 1472 episcopi
867 1401 1130 1456 Sardiniae
1159 1443 1174 1468 ,
1226 1403 1479 1459 dixerunt
1510 1420 1524 1459 :
1557 1406 1692 1473 Quia

115 1509 340 1547 canones
376 1501 692 1547 sanctorum
720 1491 937 1546 Patrum
976 1493 1066 1561 qui
1112 1493 1234 1547 lecti
1280 1503 1424 1559 sunt,
1472 1504 1580 1550 tam
1629 1498 1694 1551 de

114 1583 418 1640 Novatianis
449 1596 505 1640 et
537 1583 846 1649 Encratitis,
875 1600 1035 1654 quam
1067 1585 1132 1638 de
1159 1585 1376 1641 Arianis
1393 1588 1520 1642 dicti
1547 1597 1690 1654 sunt,

112 1674 262 1743 hujus
291 1676 566 1730 [hereseos
596 1689 850 1748 censores
883 1689 1004 1728 cum
1035 1675 1228 1744 quibus
1259 1678 1603 1732 taxabimus?

175 1765 429 1820 Tarasius
454 1765 831 1821 sanctissimus
855 1765 1159 1836 patriarcha
1190 1767 1325 1820 dixit
1351 1787 1363 1820 :
1389 1767 1694 1824 invenimus

111 1865 161 1912 et
186 1855 511 1930 Manicheos
548 1870 655 1909 non
688 1855 1009 1924 recipientes
1055 1855 1262 1919 iconas,
1309 1864 1363 1909 et
1409 1855 1694 1911 Marcioni-
1728 1864 1768 1921 lt

113 1958 232 2012 stas,
263 1956 320 2002 et
344 1961 442 2002 eos
463 1947 557 2024 qui
586 1946 922 2001 confundunt
945 1946 1143 2000 Christi
1174 1957 1428 2013 naturas;
1464 1964 1692 2018 quorum

114 2037 305 2106 primus
332 2035 523 2108 [unus]
555 2044 639 2090 est
663 2036 854 2090 Petrus
882 2035 1191 2105 Cnapheus,
1225 2047 1281 2091 ct
1305 2037 1538 2092 Xenaias
1565 2038 1691 2094 Hie-

113 2128 455 2197 rapolitanns,
484 2128 760 2192 hmretici;
791 2127 885 2181 sed
911 2136 964 2181 et
993 2125 1244 2182 Severus.

174 2219 504 2290 Epiphanius
551 2219 811 2273 diaconus
857 2219 1209 2273 sanctissimae
1251 2235 1314 2275 ac
1353 2236 1561 2290 magna:
1588 2221 1690 2276 Ec—

115 2312 275 2366 clesia:
302 2310 547 2373 Catance,
572 2318 628 2364 et
651 2309 826 2364 locum
859 2311 1095 2365 retinens
1125 2311 1343 2365 Thoma:
1367 2313 1690 2367 sanctissimi

116 2401 491 2471 archiepiscopi
529 2398 814 2465 Sardiniae,
859 2399 993 2454 dixit
1030 2417 1045 2453 :
1086 2400 1256 2456 Minor
1294 2409 1376 2457 est
1420 2404 1694 2472 prioribus

119 2491 396 2546 haeresibus
424 2490 644 2544 novitas
673 2504 930 2560 praesens,
964 2505 1031 2543 an
1062 2488 1280 2556 major?
1597 2562 1600 2566 .

177 2579 429 2633 Tarasins
457 2578 833 2634 sanctissimus
859 2579 1166 2649 patriarcha
1195 2580 1331 2634 dixit
1357 2599 1369 2634 :
1396 2581 1548 2648 Quod
1576 2597 1690 2635 ma-

118 2671 208 2723 lum
237 2681 340 2734 est,
366 2670 484 2738 jam
513 2671 698 2740 utique
726 2670 922 2722 malum
950 2678 1052 2732 est,
1088 2679 1140 2725 et
1174 2671 1406 2726 maxime
1437 2671 1488 2725 in
1525 2687 1690 2741 nego-

118 2762 193 2814 tiis
228 2760 631 2816 ecclesiasticis.
671 2759 727 2813 In
768 2761 1076 2828 dogmatnm
1114 2761 1312 2829 quippe
1352 2776 1537 2823 causa,
1578 2763 1692 2816 sive

115 2851 162 2903 in
197 2866 379 2921 parva,
423 2850 541 2904 sive
580 2850 634 2903 in
674 2865 868 2918 magna
908 2865 1153 2919 peccare,
1195 2850 1428 2920 idipsum
1468 2859 1592 2904 est:
1626 2865 1692 2905 ex

115 2944 342 3012 utrisque
372 2941 520 2997 enim
554 2941 638 2996 lex
679 2941 773 2995 Dei
814 2941 1164 3011 improbatur.

177 3032 410 3087 Joannes
464 3031 947 3086 reverendissimus
1000 3030 1299 3085 monachus
1355 3038 1408 3085 et
1463 3031 1692 3086 vicarius

115 3123 457 3179 Orientalium
482 3123 691 3178 sedium
734 3122 872 3177 dixit
913 3139 926 3175 :
963 3122 1198 3177 llreresis
1236 3123 1353 3176 h:ec
1391 3121 1540 3192 pejor
1573 3139 1690 3175 om-

117 3216 258 3269 nibus
305 3214 606 3269 hmresibus
632 3255 647 3279 ,
688 3221 743 3269 et
785 3212 1050 3267 malarum
1091 3213 1320 3282 pessima
1363 3223 1447 3268 est
1474 3255 1488 3279 ,
1528 3213 1689 3268 veluti

117 3320 223 3372 qua:
255 3304 718 3373 dispensationem
759 3303 1054 3358 Salvatoris
1091 3304 1375 3357 subvertit.

176 3395 433 3450 Tarasins
482 3394 862 3449 sanctissimus
909 3393 1216 3464 patriarcha
1270 3393 1402 3447 dixit
1461 3410 1472 3445 :
1528 3394 1692 3447 Docet

119 3498 205 3539 nos
238 3484 442 3539 dictum
479 3483 805 3553 patriarcha:
842 3482 1013 3538 nostri
1054 3482 1334 3535 Athanasii
1366 3522 1382 3546 ,
1435 3492 1491 3535 nt
1543 3499 1692 3538 reve-

119 3574 412 3629 rendissimi
469 3573 710 3643 episcopi
750 3573 1078 3642 recipiantur
1102 3612 1117 3636 ,
1158 3571 1257 3626 nisi
1299 3572 1402 3625 alia
1441 3572 1693 3642 quaelibet

119 3681 292 3720 eorum
331 3666 492 3734 culpa
533 3662 675 3718 facta
715 3663 805 3716 sit.

182 3758 378 3812 Sancta
418 3756 658 3826 synodus
711 3755 846 3809 dixit
890 3771 903 3808 :
947 3753 1217 3824 Legantur
1265 3762 1446 3808 autem
1497 3744 1691 3810 caetera

121 3849 432 3920 regularium
477 3847 930 3902 testimoniorum.

183 3939 364 3993 Adhuc
397 3937 787 3992 Constantinus
817 3935 1074 3990 diaconus
1093 3944 1149 3990 et
1178 3938 1426 3991 notarius
1458 3953 1690 3992 venera-

123 4025 235 4084 bilis
250 4025 563 4098 patriarcbii
589 4025 718 4095 legit
743 4043 755 4077 :
779 4023 854 4078 De
882 4025 1045 4093 gestis
1069 4035 1268 4080 sancta:
1295 4035 1347 4080 et
1375 4027 1693 4082 universalis

125 4118 296 4189 synodi
339 4125 552 4187 quartae
603 4115 944 4170 Chalcedone
996 4115 1301 4170 celebratae.

124 4216 126 4220 '
185 4205 484 4264 Orientales
529 4213 586 4260 et
630 4203 721 4275 qui
774 4219 895 4259 cum
936 4205 1071 4275 ipsis
1112 4206 1544 4261 reverendissimi
1585 4208 1694 4278 epi-

127 4299 258 4369 scopi
294 4298 666 4353 clamaverunt
696 4312 709 4348 :
735 4293 936 4350 Omnes
974 4295 1336 4365 peccavimus,
1378 4311 1566 4353 omnes
1603 4312 1692 4353 ve-

127 4387 256 4440 niam
293 4387 656 4458 postulamus.

187 4475 248 4531 Et
294 4491 483 4532 rursus
534 4474 849 4530 Thalassius
885 4515 899 4539 ,
956 4474 1222 4530 Eusebius
1274 4485 1330 4531 et
1378 4477 1690 4532 Eustathius

1798 582 2154 636 ordinatione.

1867 671 2128 727 Antonius
2157 671 2638 727 reverendissimus
2665 671 3136 742 monachns'lcgit.

1797 785 1874 841 De
1917 787 2263 842 ecclesiastica
2302 786 2540 841 Historia
2579 785 2759 856 Ruﬁni
2796 786 3077 856 presbyteri
3125 785 3376 842 Romani.

1868 901 2047 972 Pergit
2077 902 2280 956 interea
2308 900 2567 955 Eusebius
2591 899 2995 962 Alexandriam,
3019 899 3199 966 ibique
3237 912 3373 952 cono

1798 990 2060 1046 fessorum
2109 992 2334 1045 concilio
2393 999 2714 1060 congregato
2763 989 2936 1060 (pauci
2989 1004 3228 1051 numero,
3278 986 3374 1042 sed

1798 1083 1901 1136 ﬁde
1943 1083 2133 1152 integri
2164 1091 2217 1136 et
2255 1083 2459 1136 meritis
2499 1083 2672 1150 multi)
2703 1083 2823 1136 aliis
2869 1081 3148 1134 videbatur
3193 1080 3377 1135 calore

1796 1169 2128 1224 ferventibus
2169 1171 2310 1233 ﬁdei,
2346 1170 2546 1224 nullum
2590 1172 2785 1224 debere
2834 1171 2970 1222 ultra
3018 1170 3069 1222 in
3119 1169 3371 1223 sacerdo-

1799 1263 1929 1316 tium
1961 1262 2148 1332 recipi,
2181 1263 2270 1331 qui
2306 1276 2363 1315 se
2393 1271 2661 1329 utcunque
2689 1261 2957 1314 haeretica:
2980 1259 3373 1314 communionis

1795 1354 2114 1421 contagione
2154 1352 2491 1406 maculasset.
2535 1351 2639 1404 Sed
2686 1352 2776 1420 qui
2829 1353 3100 1405 imitantes
3144 1351 3378 1420 Aposto-

1796 1443 1926 1505 lum,
1953 1445 2264 1512 maerebant
2292 1459 2394 1496 non
2439 1444 2577 1511 quod
2619 1443 2720 1497 sibi
2753 1443 2878 1496 utile
2905 1451 3068 1509 esset,
3100 1443 3194 1496 sed
3228 1441 3374 1511 quod

1796 1533 2069 1602 pluribus;
2121 1534 2201 1588 vel
2249 1534 2340 1603 qui
2393 1534 2732 1588 imitarentur
2771 1535 3064 1599 Christum,
3115 1534 3371 1602 quicum

1795 1633 1936 1678 esset
1962 1625 2201 1678 omnium
2233 1627 2358 1687 vita,
2391 1639 2489 1693 pro
2523 1624 3042 1678 salutecunctorum
3082 1622 3372 1677 humilians

1795 1729 1854 1768 se
1883 1716 2154 1768 descendit
2186 1717 2235 1768 in
2271 1725 2496 1768 mortem
2518 1755 2532 1778 ,
2565 1731 2671 1784 quo
2697 1715 2903 1769 scilicet
2944 1715 3274 1768 inveniretur
3311 1722 3372 1767 et

1800 1805 1851 1856 in
1885 1805 2109 1857 mortuis
2135 1805 2277 1870 vita;
2317 1804 2589 1867 dicebant,
2627 1802 2816 1855 melius
2859 1817 2977 1856 esse
3018 1801 3286 1856 humiliari
3315 1817 3372 1854 se

1797 1893 2065 1962 paululum
2094 1904 2310 1962 propter
2338 1895 2572 1963 dejectos
2595 1937 2610 1961 ,
2637 1902 2690 1948 et
2719 1892 2964 1948 inclinari
3013 1901 3230 1962 propter
3272 1893 3373 1947 eli-

1797 1999 1907 2046 sos,
1940 1995 1996 2038 ut
2033 2001 2126 2039 eos
2155 2002 2362 2040 rursum
2393 1988 2680 2056 erigerent.
2721 1986 2830 2041 Nec
2877 1986 3092 2040 sibimet
3121 1985 3248 2040 solis
3277 2001 3374 2054 pu-

1798 2075 1972 2129 ritatis
2019 2077 2212 2130 merito
2260 2077 2516 2130 caalorum
2562 2093 2722 2147 regna
2767 2076 3085 2142 defendere;
3127 2077 3218 2131 sed
3254 2089 3378 2132 esse

1795 2165 2100 2234 gloriosius,
2126 2169 2167 2219 si
2191 2181 2312 2219 cum
2344 2166 2585 2234 pluribus
2617 2164 2742 2221 illuc
2768 2178 3105 2221 mererentur
3134 2167 3373 2232 intrare;

1796 2266 1850 2310 et
1880 2257 1998 2312 ideo
2028 2266 2230 2311 rectum
2255 2256 2353 2310 sibi
2383 2258 2567 2322 videri,
2598 2266 2655 2311 ut
2685 2267 2890 2312 tantum
2919 2259 3154 2328 perﬁdia:
3180 2268 3374 2314 aucto-

1796 2347 1945 2402 ribus
1971 2350 2280 2418 amputatis,
2312 2349 2533 2420 reliquis
2562 2351 2933 2404 sacerdotibus
2960 2351 3178 2405 daretur
3203 2351 3371 2420 optio,

1794 2438 1837 2492 si
1897 2437 2034 2492 forte
2085 2439 2252 2492 velint
2295 2440 2540 2508 abjurato
2580 2455 2763 2495 errore
2812 2441 3049 2510 perﬁdia:
3098 2442 3165 2494 ad
3212 2441 3371 2495 ﬁdem

1794 2528 2014 2582 Patrum
2071 2538 2380 2598 statutaque
2431 2532 2709 2595 converti;
2767 2546 2865 2586 nec
2917 2546 3111 2601 negare
3168 2531 3372 2585 aditum

1796 2621 2156 2685 redeuntibus,
2186 2622 2313 2688 quin
2343 2621 2518 2688 potius
2545 2621 2608 2674 de
2636 2636 2821 2674 eorum
2865 2620 3202 2674 confessione
3245 2636 3374 2690 gan-

1794 2713 1950 2776 dere;
1988 2713 2111 2780 quia
2139 2722 2194 2766 et
2221 2713 2309 2766 ille
2338 2714 2678 2783 evangelicus
2715 2713 2898 2780 junior
2945 2714 3085 2767 ﬁlius
3133 2723 3372 2782 paterna:

1793 2805 2142 2872 depopulator
2169 2805 2504 2869 substantiae,
2538 2805 2591 2858 in
2621 2805 2964 2873 semetipsum
2993 2819 3239 2860 reversus
3263 2821 3369 2859 non

1793 2895 1962 2949 solum
1993 2895 2191 2964 suscipi
2222 2897 2436 2960 meruit,
2473 2897 2567 2950 sed
2610 2906 2664 2950 et
2696 2897 2890 2966 dignus
2909 2897 3150 2966 paternis
3175 2897 3376 2966 ample-

1793 2984 1950 3038 xibus
1974 2986 2281 3053 deputatur,
2310 2995 2364 3040 et
2396 2987 2653 3040 annulum
2701 2987 2823 3041 ﬁdei
2875 2988 3085 3057 recipit,
3136 2996 3192 3042 et
3233 2988 3371 3043 stola

1792 3073 2159 3127 circumdatur
2206 3073 2354 3144 (Luc.
2405 3076 2517 3144 xv),
2555 3090 2649 3143 per
2677 3090 2839 3144 quam
2874 3076 3002 3144 quid
3032 3076 3176 3132 aliud
3206 3092 3368 3146 quam

1796 3163 2082 3217 sacerdotii
2111 3165 2450 3220 declarantur
2477 3166 2736 3236 insignia?
2763 3167 2897 3221 Cum
2930 3167 3092 3237 igitur
3123 3168 3376 3237 hujusce-

1721 3230 1764 3289 (δ
1797 3255 2263 3311 modi-sententias
2307 3272 2373 3311 ex
2423 3257 2732 3327 evangelica
2777 3258 3098 3312 auctoritate
3138 3258 3374 3328 prolatas

1794 3348 1923 3400 ordo
1954 3345 2042 3400 ille
2080 3346 2428 3401 sacerdotalis
2465 3357 2520 3400 et
2549 3346 2875 3416 apostolicus
2907 3347 3279 3417 approbasset,
3305 3363 3372 3402 ex

1793 3436 2002 3490 concilii
2047 3437 2260 3490 decreto
2311 3437 2528 3491 Asterio
2576 3436 2892 3506 ueterisque
2933 3439 3024 3507 qui
3069 3453 3190 3491 cum
3245 3439 3376 3507 ipsis

1793 3535 1967 3590 erant,
1991 3523 2226 3580 Orientis
2250 3525 2543 3596 injungitur
2562 3528 2889 3596 procuratio,
2916 3527 3223 3583 Occidentis
3247 3543 3376 3582 vero

1792 3615 2026 3669 Eusebio
2051 3615 2359 3669 decernitur
2391 3631 2404 3670 :
2433 3618 2648 3671 additur
2671 3633 2802 3673 sane
2832 3618 2884 3672 in
2916 3619 3006 3673 illo
3030 3620 3243 3674 concilii
3280 3620 3374 3675 de-

1794 3715 1944 3760 creto
1970 3707 2136 3759 etiam
2177 3706 2242 3758 de
2274 3704 2478 3775 Spiritu
2521 3715 2710 3762 sancto
2738 3707 2946 3776 plenior
2970 3709 3282 3779 disputatio,
3313 3719 3375 3764 ut

1792 3795 2032 3862 ejusdem
2059 3797 2371 3849 substantia:
2401 3805 2456 3850 et
2477 3796 2789 3860 divinitatis,
2821 3797 2974 3866 cujus
3001 3797 3162 3852 Pater
3201 3809 3256 3854 et
3285 3799 3374 3852 Fi-

1794 3885 1914 3950 lius,
1957 3887 2120 3939 etiam
2177 3884 2412 3956 Spiritus
2452 3893 2672 3940 sanctus
2725 3879 3054 3952 crederetur,
3113 3902 3178 3943 eo
3227 3889 3373 3958 quod

1792 3972 2114 4042 pullularent
2139 3973 2334 4038 denuo,
2365 3973 2457 4044 qui
2497 3975 2744 4030 eumdem
2774 3975 3033 4046 Spiritum
3064 3985 3310 4032 sanctum
3340 3991 3372 4030 a

1792 4064 2184 4135 gloriﬁcatione
2212 4065 2386 4120 Patris
2409 4075 2464 4120 et
2485 4066 2606 4122 Filii
2629 4076 2960 4136 separarent.

1862 4154 2243 4210 Constantinus
2269 4157 2748 4212 reverendissimus
2773 4157 3032 4213 diaconus
3052 4167 3109 4213 et
3128 4157 3374 4214 notarius

1793 4244 1938 4315 legit.

2076 4358 2152 4412 De
2186 4359 2534 4414 ecclesiastica
2561 4360 2796 4416 Historia
2834 4361 3091 4417 Socratis.

1863 4470 2121 4525 Photinus
2175 4470 2356 4525 Sirmii
2414 4473 2681 4542 quondam
2744 4474 3027 4542 episcopus
3082 4473 3375 4542 discipulus

130 4564 547 4622 ι-ειοειιρηιιὶτδὶιηί
585 4564 822 4634 episcopi
863 4561 1117 4616 dixerunt
1161 4581 1172 4615 :
1216 4563 1414 4619 Omnes
1451 4566 1691 4634 peccavi-
1718 4568 1769 4627 ι
1795 4567 1914 4612 erat
1951 4558 2188 4613 Marcelli
2234 4560 2544 4630 Ancyrani;
2601 4569 2654 4613 et
2702 4560 2813 4628 ipse
2861 4577 3054 4629 purum
3101 4561 3375 4616 hominem

131 4673 261 4722 mus,
295 4674 486 4713 omnes
525 4656 738 4710 veniam
775 4653 1128 4724 postulamus.
1181 4654 1245 4708 Et
1284 4666 1403 4722 post
1442 4655 1542 4708 alia
1576 4675 1588 4709 :

187 4748 248 4802 Et
276 4763 506 4818 surgens
553 4745 1036 4801 reverendissimus
1083 4744 1366 4815 episcopus
1418 4743 1692 4801 Iuvenalis

129 4853 220 4891 una
255 4854 374 4893 curn
413 4839 497 4893 eis
545 4835 774 4892 contulit
825 4849 886 4888 se
939 4836 1003 4887 ad
1056 4834 1280 4889 alteram
1335 4844 1582 4904 partem,
1639 4845 1694 4892 et

131 4926 482 4982 clamaverunt
518 4925 847 4989 orientales,
887 4932 943 4978 et
979 4925 1068 4993 qui
1106 4940 1224 4978 cum
1267 4925 1397 4994 ipsis
1437 4941 1690 4982 reveren-

131 5016 316 5073 άξδεξωί
354 5017 588 5088 episcopi
620 5033 635 5071 :
666 5017 812 5071 Deus
841 5015 982 5070 bene
1015 5015 1236 5070 adduxit
1276 5024 1327 5070 te
1359 5017 1689 5086 orthodoxe;

133 5104 252 5162 bene
285 5109 497 5164 venisti.
1577 5114 1582 5118 τ

195 5195 256 5251 Et
280 5207 396 5268 post
419 5197 520 5251 alia
557 5197 734 5268 plura,
781 5192 1070 5263 Illyriciani
1117 5194 1547 5255 reverendissimi
1589 5205 1702 5276 epi-

137 5288 266 5356 scopi
292 5289 532 5343 dixerunt
562 5307 574 5342 :
605 5288 817 5344 Omnes
868 5285 1208 5355 excessimus,
1251 5301 1443 5343 onmes
1485 5297 1700 5354 veniam

142 5377 442 5442 hostulamus
489 5370 876 5455 [mereamur].

200 5466 388 5524 Sabbas
412 5465 905 5537 reverendissimus
943 5467 1226 5524 monachus
1269 5474 1325 5520 et
1359 5465 1698 5542 hegumenus

1797 4648 2007 4724 dicebat
2045 4648 2348 4710 Dominum,
2388 4650 2526 4704 sicut
2561 4656 2616 4702 et
2651 4647 2952 4705 Marcellus.

1869 4739 2079 4811 Rursus
2104 4735 2217 4809 ipse
2239 4740 2366 4810 legit
2387 4741 2453 4795 de
2473 4739 2834 4797 ecclesiastica
2850 4743 3082 4798 Historia
3100 4743 3341 4799 Socratis
3360 4761 3372 4797 :

1801 4831 1900 4898 Qui
1929 4840 2110 4884 autem
2141 4831 2194 4883 in
2227 4829 2448 4886 Sardice
2473 4843 2858 4898 convenerant,
2889 4834 3125 4904 primum
3158 4832 3374 4904 quidem

1801 4921 1992 4975 horum
2039 4921 2368 4977 damnavere
2420 4925 2692 4978 vesaniam
2755 4922 2979 4994 [indicta
3036 4943 3200 4983 causa
3259 4924 3379 4980 illos

1802 5012 2181 5086 damnavere];
2215 5022 2270 5067 et
2292 5013 2580 5086 terminum
2610 5014 2731 5069 ﬁdei
2760 5013 2990 5072 Niczenze
3015 5020 3380 5077 corroboran-

1804 5113 1905 5171 tes,
1938 5105 2357 5175 inaequalitatem
2381 5116 2643 5173 respuunt
2665 5115 2719 5161 et
2740 5107 3226 5169 anathematizant.
3251 5108 3388 5162 Red-

1803 5193 2054 5250 diderunt
2078 5205 2258 5250 autem
2293 5197 2515 5249 thronos
2547 5195 2710 5251 Paulo
2736 5203 2790 5250 et
2815 5196 3143 5271 Athanasio,
3177 5211 3388 5257 necnon

1799 5295 1858 5360 et
1885 5283 2134 5342 Marcello
2175 5286 2403 5356 Ancyrae
2461 5287 2724 5342 rationem
2774 5288 3023 5350 reddenti
3071 5313 3133 5352 ac
3161 5285 3392 5349 dicenti,

1805 5377 1947 5445 quod
1974 5391 2079 5431 non
2106 5375 2311 5430 fuerint
2337 5373 2610 5430 intellecta
2642 5391 2980 5448 quaecunque
3015 5388 3068 5441 iu
3106 5382 3263 5440 libris
3297 5389 3392 5428 ex—

1805 5467 2082 5537 posuerit;
2132 5464 2435 5535 prresertim
2482 5479 2607 5520 cum
2670 5467 2783 5536 ipse
2833 5482 2929 5523 eos
2983 5479 3078 5546 qui
3131 5467 3391 5530 dicebant
