3924 5806
528 418 631 475 227

1718 410 2074 470 assensu
2105 412 2644 473 BIBLIOTHECARII
3522 386 3529 389 ’
3688 432 3772 489 223

529 540 655 587 sunt
677 548 691 585 :
715 538 770 585 et
794 544 859 585 ex
881 529 1073 585 haeresi
1092 541 1383 585 conversos
1402 525 1701 581 docuerunt
1720 539 1817 578 nos
1840 524 2101 594 recipere,
2133 528 2177 586 Α
2207 524 2444 580 dicatum
2480 526 2569 583 est
2617 527 2670 582 in
2713 527 2888 586 medio
2929 538 3124 587 vestrae
3161 538 3363 588 sancta:
3395 535 3587 601 synodi
3627 542 3773 597 ωερε.

529 621 631 676 nisi
658 619 796 676 forte
820 619 1051 690 maligna
1078 619 1132 673 in
1162 618 1242 673 eis
1274 616 1435 671 fuerit
1463 630 1601 670 noxa
1630 622 1863 685 reperta.

599 709 799 765 Sancta
826 708 1064 781 synodus
1091 707 1229 763 dixit
1255 723 1270 761 :
1312 705 1459 760 Bene
1492 704 1689 769 fecisti,
1720 703 1968 768 domine,
2004 712 2111 758 tam

526 815 626 871 per
650 798 925 870 epistolas,
952 813 1114 871 quam
1133 811 1232 869 per
1257 795 1513 867 synodica
1536 793 1847 864 conscripta
1870 792 2113 849 docendo

527 904 626 944 nos
652 887 1025 944 haereticorum
1056 886 1452 957 agnoscendam
1480 882 1863 954 rcccptionem.

598 981 851 1038 Tarasius
863 979 1235 1035 sanctissimus
1249 976 1557 1048 patriarcha
1572 976 1705 1032 dixit
1722 992 1735 1029 :
1752 972 1934 1030 Sancti
1948 973 2113 1028 Atha-

527 1074 664 1130 nasii
691 1074 866 1129 denuo
887 1072 1097 1144 legatur
1125 1072 1268 1141 quod
1297 1069 1495 1125 lectum
1521 1077 1623 1123 est.

598 1165 794 1220 Sancta
818 1163 1055 1236 synodus
1099 1162 1235 1217 dixit
1266 1180 1278 1215 :
1309 1160 1542 1231 Legatur
1570 1157 1867 1216 secundum
1900 1158 2109 1231 jussio-

527 1271 650 1311 nem
680 1256 854 1311 sancti
882 1253 1062 1309 Patris
1089 1253 1283 1310 nostri.

597 1343 850 1413 Tarasius
885 1343 1258 1400 sanctissimus
1301 1341 1611 1412 patriarcha
1639 1341 1813 1396 dixit:
1848 1339 1931 1396 Ad
1968 1340 2107 1411 peti-

527 1446 646 1492 tum
681 1436 1252 1493 reverendissimorum
1281 1434 1664 1490 monachorum
1696 1433 1922 1505 legatur.

597 1528 903 1599 Stephanus
928 1526 1413 1583 reverendissimus
1446 1524 1743 1581 monachus
1771 1535 1825 1579 et
1846 1525 2106 1580 librorum

533 1614 718 1678 custos
762 1620 910 1691 legit,
956 1620 1128 1675 sancti
1170 1618 1453 1675 Athanasii
1478 1618 1546 1674 ad
1572 1616 1937 1685 Rufiniannm,
1968 1618 2109 1673 sicut

523 1712 781 1797 scriptum
816 1719 923 1765 est.

594 1790 852 1858 Tarasius
898 1801 1270 1857 sanctissimus
1322 1800 1632 1873 patriarcha
1682 1802 1859 1858 dixit:
1902 1801 2102 1869 Quem-

2215 630 2416 684 pimus.

2285 703 2481 761 Sancta
2509 705 2745 778 synodus
2784 708 2958 763 dixit:
2992 708 3285 781 Speramus
3312 712 3440 782 quia
3469 723 3596 783 post
3633 730 3777 788 syno-

2212 792 2339 849 dum
2370 810 2530 851 nemo
2556 807 2915 868 pervertetur,
2943 800 3101 870 juxta
3133 802 3276 871 quod
3306 802 3359 856 in
3383 804 3780 863 condescensio-

2214 884 2370 940 nihus
2401 883 2543 957 [Gr.,
2573 889 3022 963 depositiouihus]
3050 891 3162 948 suis
3182 892 3460 964 setnetipsi
3488 896 3783 953 anathem-

2212 976 2518 1034 tizaverunt
2547 994 2562 1033 :
2592 981 2718 1050 quia
2747 982 2791 1037 si
2826 984 3029 1041 reversi
3056 982 3318 1040 fuerimus
3337 986 3404 1041 ad
3427 985 3672 1058 priorem
3691 987 3785 1046 ba-

2213 1068 2396 1133 resim,
2428 1070 2656 1140 depositi
2685 1072 2877 1128 simus.

2279 1157 2662 1217 Constantinus
2707 1162 2816 1219 Deo
2860 1164 3107 1221 amabilis
3140 1166 3425 1238 episcopus
3469 1166 3783 1227 Constantia

2209 1246 2368 1319 Cypri
2396 1250 2531 1306 dixit
2554 1264 2578 1291 ο
2611 1270 2625 1305 ς

2211 1373 2227 1391 0
2282 1377 2295 1391 ο
2359 1376 2374 1391 ο
2452 1378 2469 1395 0
2546 1380 2563 1388 -
2640 1382 2653 1395 0
2734 1380 2749 1397 ο
2826 1381 2844 1399 0
2923 1384 2936 1397 ι
3016 1383 3032 1398 0
3110 1384 3126 1398 ο
3207 1364 3221 1398 ἶ
3300 1387 3315 1400 0
3391 1385 3409 1400 0
3488 1385 3508 1403 0
3585 1385 3606 1403 0
3682 1385 3700 1403 ο
3764 1387 3780 1406 0

2279 1427 2489 1487 Habent
2536 1430 2767 1488 libellos.
2798 1448 2926 1490 suos
2973 1411 3085 1506 pne
3131 1437 3377 1494 manibus
3401 1436 3455 1503 ι’,
3512 1448 3571 1494 et
3621 1436 3785 1513 parati

2206 1530 2334 1576 sunt
2361 1522 2512 1580 dare.
3713 1580 3719 1589 .

2277 1612 2536 1671 Tarasius
2585 1618 2962 1675 sanctissimus
3005 1621 3315 1691 patriarcha
3361 1623 3541 1681 dixit:
3574 1623 3783 1683 Interim

2206 1705 2410 1778 reliqua
2440 1707 2507 1763 de
2535 1710 2813 1781 proposita
2844 1721 3156 1768 sanctorum
3196 1715 3502 1785 qumstioue
3524 1730 3784 1773 canum

2205 1796 2473 1868 legantur.

521 1892 808 1949 admodum
838 1891 1206 1963 praediximus,
1248 1872 1427 1948 itaest
1449 1907 1639 1948 sensus
1664 1890 1840 1948 Patris
1877 1892 2066 1949 nostri.
2135 1872 2179 1931 Β
2277 1888 2499 1945 Cosmas
2538 1894 3018 1952 reverendissimus
3063 1898 3324 1954 diaconus
3354 1907 3408 1955 et
3448 1901 3705 1958 notarius
3738 1907 3787 1959 et

589 1977 1047 2039 Reverendissimi
1084 1982 1333 2036 monachi
1364 1981 1662 2036 dixerunt:
1699 1981 1813 2036 Nos
1853 1992 1909 2036 et
1952 1983 2106 2052 prius

519 2072 755 2130 diximus
789 2072 992 2144 indigni
1022 2072 1165 2128 servi
1209 2072 1515 2127 sanctitatis
1543 2086 1753 2137 vestrae,
1791 2073 1916 2143 quia
1943 2074 2103 2143 quid-

517 2164 646 2236 quid
671 2162 936 2234 recipinnt
963 2156 1166 2217 sancta:
1191 2166 1249 2218 et
1283 2161 1615 2217 universales
1643 2162 1856 2233 synodi,
1904 2164 2103 2234 recipi-

522 2269 677 2321 mus;
712 2253 815 2309 nisi
843 2253 1009 2309 fuerit
1035 2251 1236 2323 aliquid
1266 2252 1409 2321 quod
1438 2250 1686 2306 obsistat.

588 2345 782 2402 Petrus
815 2344 925 2399 Deo
947 2342 1194 2398 amabilis
1227 2342 1513 2413 presbyter
1555 2350 1609 2394 et
1636 2339 1815 2397 locum
1864 2342 2103 2397 retinens

516 2433 826 2506 apostolicae
846 2432 1120 2489 cathedra:
1145 2429 1368 2486 Adriani
1395 2445 1546 2500 papae
1574 2430 1759 2485 Roma:
1788 2430 1922 2486 dixit
1946 2449 1960 2485 :
1992 2431 2104 2487 iloc

513 2526 860 2597 perspicuum
886 2532 1009 2589 est;
1042 2522 1241 2578 etenim
1269 2520 1458 2576 Roma:
1476 2522 1526 2574 in
1549 2520 1739 2575 exsilio
1766 2530 1886 2576 erat
1914 2522 2099 2577 Maca-

515 2619 629 2673 rius
654 2617 937 2672 haereticus
964 2631 995 2670 a
1044 2624 1195 2671 sexta
1237 2613 1444 2685 synodo
1490 2613 1715 2679 missus;
1759 2623 1814 2668 et
1865 2616 2099 2683 quadra—-

512 2708 659 2780 ginta
687 2705 804 2762 dies
832 2706 979 2763 dedit
1019 2705 1071 2760 ei
1111 2704 1344 2775 spatium
1393 2712 1594 2759 sanctae
1632 2705 1907 2775 memoria:
1941 2705 2103 2760 Pater

512 2806 698 2853 noster
722 2812 856 2871 papa
883 2796 1225 2860 Benedictus,
1253 2802 1309 2850 et
1332 2810 1429 2865 per
1445 2795 1685 2866 singulos
1710 2795 1825 2852 dies
1853 2797 2098 2854 mittebat

511 2888 577 2944 ad
606 2902 730 2944 eum
761 2886 1095 2943 Bonifacium
1139 2884 1509 2941 consiliarium
1544 2899 1725 2949 suum,
1760 2893 1815 2939 et
1860 2900 2102 2942 commo-

512 2976 725 3033 nitoriis
758 2976 938 3032 verbis
967 2975 1196 3031 docebat
1223 2989 1344 3028 eum
1376 2988 1441 3029 ex
1470 2974 1647 3029 divina
1686 2973 1965 3043 Scriptura
1992 2992 2006 3041 ;
2044 2985 2100 3032 et

512 3083 787 3139 nunquam
836 3067 1006 3121 voluit
1065 3065 1315 3135 corrigi:
1363 3065 1465 3120 hoc
1506 3073 1687 3121 autem
1736 3063 1990 3131 faciebat,
2042 3075 2102 3121 ut

511 3158 868 3230 persuaderet
890 3164 947 3210 et
975 3154 1241 3225 reciperet
1267 3168 1414 3209 eum.

586 3245 784 3300 Sancta
820 3242 1058 3314 synodus
1108 3240 1240 3297 dixit
1268 3258 1282 3296 :
1318 3242 1373 3296 Si
1408 3250 1519 3296 toto
1547 3242 1731 3296 animo
1757 3243 2100 3299 consentiunt

512 3338 602 3407 qui
650 3335 1030 3392 examinantur
1078 3333 1347 3404 episcopi,
1380 3334 1584 3405 gratias
1626 3333 1738 3391 Deo
1764 3343 1818 3389 et
1857 3334 2004 3404 ipsis.
2040 3333 2098 3389 Si

510 3444 642 3486 vero
674 3428 1015 3485 dolositatem
1061 3425 1283 3489 habent,
1322 3425 1530 3494 judicet
1567 3425 1708 3481 Deus
1755 3440 1920 3497 super
1954 3426 2096 3493 illos,

511 3518 964 3592 quemadmodum
992 3531 1156 3588 super
1184 3515 1375 3570 Arium
1399 3525 1455 3570 et
1480 3514 1810 3571 Nestorium.

580 3610 830 3682 Episcopi
881 3610 974 3681 qui
1010 3608 1460 3673 discutiebantur,
1498 3609 2099 3665 analhematizaverunt

509 3716 592 3768 se,
620 3701 865 3757 dicentes
892 3713 907 3754 :
937 3699 1075 3767 Quia
1104 3713 1212 3754 non
1241 3712 1429 3753 sumus
1462 3699 1563 3757 sub
1589 3698 1748 3765 dolo;
1779 3700 1872 3755 sed
1909 3699 1953 3754 si
1990 3715 2096 3754 non

510 3791 746 3848 confessi
794 3791 1077 3855 fuerimus,
1135 3791 1277 3847 sicut
1330 3790 1595 3846 catholica
1650 3789 1916 3857 Ecclesia,
1967 3805 2098 3845 ana-

512 3881 693 3937 thema
720 3879 1017 3937 habeamus
1043 3894 1073 3933 a
1101 3878 1263 3935 Patre
1287 3888 1342 3936 et
1366 3879 1502 3934 Filio
1528 3888 1584 3934 et
1613 3878 1821 3950 Spiritu
1848 3890 2060 3936 sancto.

583 3971 842 4027 Tarasius
871 3970 1250 4027 sanctissimus
1275 3969 1588 4041 patriarcha
1618 3970 1784 4026 dixit:
1810 3969 2095 4042 Proposita

507 4076 924 4136 prosequamur.

580 4152 773 4208 Petrus
798 4151 911 4206 Deo
942 4148 1190 4206 amabilis
1231 4148 1513 4221 presbyter
1534 4159 1590 4205 et
1628 4148 1806 4206 locum
1851 4150 2095 4206 retinens

510 4241 837 4299 sanctissimi
866 4255 1018 4312 papae
1043 4239 1294 4304 Romani,
1325 4240 1500 4294 dixit:
1535 4239 1606 4296 Ut
1642 4241 1793 4293 aiunt
1835 4240 2092 4295 historio-

509 4335 719 4406 graphi,
752 4342 970 4390 sanctus
995 4332 1239 4388 Meletius
1263 4333 1331 4388 ab
1357 4332 1574 4388 Arianis
1594 4341 1678 4387 est
1700 4333 2004 4395 ordinatus,
2037 4344 2093 4386 et

509 4427 754 4483 ascendit
784 4441 948 4498 super
973 4426 1280 4490 ambonem,
1316 4434 1370 4479 et
1403 4424 1715 4495 praedicavit
1743 4424 2084 4480 homousion.

509 4517 789 4575 Ordinatio
816 4525 996 4572 autem
1024 4514 1140 4584 ejus
1171 4532 1277 4573 non
1305 4523 1388 4571 est
1412 4514 1713 4585 repudiata.

578 4609 895 4666 Theodorus
917 4608 1291 4663 sanctissimus
1312 4607 1592 4678 episcopus
1619 4605 1859 4671 Catame,
1901 4612 1956 4660 et
1999 4605 2089 4675 qui

508 4716 631 4758 cum
655 4714 721 4756 eo
749 4707 906 4755 erant
932 4698 1167 4769 episcopi
1196 4696 1419 4762 Siciliae,
1448 4698 1701 4752 dixerunt
1731 4716 1746 4751 :
1780 4698 1978 4752 Verum
2013 4696 2094 4752 di-

507 4794 584 4849 cit
610 4792 1049 4863 archipresbyter
1070 4788 1381 4858 apostolica:
1407 4789 1700 4844 cathedram

580 4883 837 4937 Tarasius
878 4879 1251 4936 sanctissimus
1299 4878 1603 4948 patriarcha
1640 4879 1819 4933 dixit:
1858 4876 1914 4932 lu
1946 4876 2093 4933 nullo

509 4980 728 5028 sanctos
754 4971 944 5026 Patres
970 4969 1276 5024 invenimus
1301 4967 1603 5032 dissonare,
1642 4967 1736 5021 sed
1764 4974 1822 5021 ut
1851 4965 2092 5033 ejusdem

509 5065 732 5136 spiritus
773 5077 961 5119 omnes
989 5061 1302 5125 existentes,
1367 5058 1507 5113 idem
1565 5058 1740 5128 ipsum
1788 5057 1985 5113 docent
2036 5064 2093 5113 et

510 5155 826 5227 praedicant.
859 5152 966 5207 Sed
991 5151 1151 5205 veluti
1187 5148 1475 5219 quamdam
1510 5147 1962 5217 dispensationem
1991 5164 2086 5202 ex-

510 5242 758 5313 cogitans
783 5249 1001 5294 sanctus
1024 5238 1184 5293 Pater
1203 5238 1530 5292 Athanasius
1550 5237 1626 5291 ita
1646 5237 1911 5307 exposuit.
1938 5234 2091 5292 Unde

508 5327 771 5399 judicavit
795 5326 914 5381 illos
941 5326 994 5381 in
1021 5327 1165 5382 clero
1191 5327 1410 5395 suscipi,
1442 5328 1533 5396 qui
1565 5342 1673 5383 non
1702 5333 1885 5382 essent
1926 5328 2092 5397 magi-

513 5418 611 5474 stri
637 5417 928 5472 bmreseos.
992 5469 997 5474 .

584 5504 1041 5564 Reverendissimi
1086 5505 1330 5561 monachi
1376 5505 1629 5561 dixerunt
1658 5523 1673 5557 :
1702 5503 1972 5574 Quidquid
2009 5502 2092 5574 ju-

586 5650 613 5679 ι
630 5636 725 5692 Gr.
745 5633 871 5688 add.
889 5631 1265 5688 Saeratissime
1284 5631 1519 5702 domine,
1544 5635 1589 5689 si
1616 5634 1829 5702 quidem
1844 5634 2091 5689 deferunt

518 5707 745 5770 libellos,
770 5702 902 5786 dent
920 5719 934 5757 :
966 5703 1048 5786 sin
1070 5703 1269 5783 minus,
1292 5700 1512 5781 faciant,
1537 5700 1697 5756 atque
1725 5704 1795 5753 ita
1833 5704 2088 5750 indicabit

2205 1979 2545 2038 cubuelesius
2573 1983 2894 2042 venerabilis
2919 1986 3233 2056 patriarchii
3263 1989 3411 2059 legit.

2460 2153 2537 2208 De
2573 2153 2693 2210 Vita
2715 2158 2886 2212 sancti
2912 2155 3092 2215 Patris
3113 2161 3278 2217 nostri
3299 2159 3512 2221 Sabim:

2274 2290 2488 2345 Sanctae
2529 2293 2849 2349 venerabilis
2878 2295 3082 2364 quintm
3123 2297 3332 2368 synodi,
3370 2314 3490 2370 qua:
3532 2300 3790 2360 Constan-

2203 2380 2426 2450 tinopoli
2456 2375 2782 2455 congregata
2816 2394 2918 2449 est,
2952 2389 3225 2443 communi
3252 2397 3308 2444 et
3345 2392 3643 2449 universali
3669 2391 3789 2449 sub-

2200 2472 2354 2528 missi
2399 2482 2524 2528 sunt
2565 2475 2898 2530 anathemati
2932 2478 3193 2549 Origenes
3220 2486 3276 2534 et
3300 2478 3621 2538 Theodorus
3648 2482 3791 2555 Mop-

2201 2565 2435 2630 suestize,
2488 2572 2544 2620 et
2577 2579 2643 2620 ea
2686 2578 2807 2635 qua:
2858 2567 2927 2623 ah
2959 2567 3191 2640 Evagrio
3255 2578 3310 2624 et
3374 2570 3607 2643 Didymo
3652 2572 3788 2631 dicta

2200 2665 2325 2709 sunt
2352 2653 2519 2726 [dicta
2544 2664 2671 2709 sunt
2695 2656 2763 2711 de
2788 2658 3187 2727 praeexistentia
3213 2665 3267 2713 et
3290 2661 3681 2735 restitutione},
3724 2663 3788 2717 de

2198 2759 2265 2801 eo
2292 2745 2564 2811 videlicet,
2593 2747 2738 2817 quod
2782 2757 2909 2802 ante
2950 2748 3308 2806 substantiam
3344 2750 3513 2807 fuisse
3541 2752 3787 2823 perhibe-

2198 2836 2349 2904 bant,
2376 2839 2599 2908 etquod
2622 2838 2690 2895 de
2717 2837 3060 2896 restitutione
3085 2840 3138 2895 in
3165 2851 3365 2898 statum
3391 2844 3684 2915 pristinum
3708 2844 3786 2900 fa-

2202 2930 2490 2994 tebantur,
2549 2929 3011 2986 consentientibus
3051 2939 3107 2987 et
3154 2935 3513 3002 praesentibus
3565 2946 3789 3007 quatuor

2197 3020 2544 3086 patriarchis.
2576 3019 2711 3076 Cum
2733 3031 2913 3076 autem
2936 3022 3046 3077 Deo
3071 3027 3477 3082 conservandus
3497 3027 3790 3099 imperator

2200 3118 2383 3165 noster
2409 3110 2643 3166 misisset
2665 3108 3097 3178 Hierosolymam
3129 3127 3192 3167 ea
3222 3129 3342 3184 quae
3372 3114 3423 3169 in
3449 3115 3668 3186 synodo
3702 3132 3788 3188 ge-

2125 3217 2170 3280 ρ
2200 3209 2283 3255 sta
2315 3210 2461 3267 sunt,
2493 3211 2547 3256 et
2571 3216 2761 3257 omnes
2793 3202 3028 3274 episcopi
3063 3201 3365 3260 Palaestina:
3404 3222 3570 3261 manu
3599 3217 3655 3263 et
3697 3222 3790 3265 ore

2201 3289 2608 3345 conﬁrmassent
2655 3298 2710 3346 et
2758 3292 3128 3359 roborassent,
3181 3303 3380 3364 przeter
3420 3295 3788 3353 Alexandrum

2196 3380 2475 3437 Abillaeum
2503 3380 2760 3455 [Abillm],
2788 3383 2879 3453 qui
2934 3384 3004 3439 ob
3051 3384 3154 3440 hoc
3203 3387 3272 3440 ab
3311 3387 3628 3458 episcopatu
3668 3404 3787 3459 pro-

2188 3467 2387 3537 jectus,
2426 3476 2481 3526 et
2524 3472 2768 3543 Byzantii
2804 3488 2835 3527 a
2866 3482 3175 3528 terraemotu
3216 3475 3444 3531 obrutus
3483 3484 3612 3532 est:
3660 3479 3780 3533 novi

2196 3563 2413 3632 quidam
2443 3561 2744 3620 Laurenses
2771 3562 3135 3639 [neolanritze]
3168 3583 3198 3623 a
3228 3568 3494 3624 catholica
3521 3586 3583 3625 se
3635 3586 3787 3642 sepa-

2198 3663 2454 3707 raverunt
2504 3656 2903 3710 communione.
2963 3656 3036 3711 At
3076 3671 3207 3712 vero
3245 3660 3556 3729 patriarcha
3599 3661 3787 3717 Eusto-

2196 3745 2351 3801 chius
2377 3747 2608 3802 diversis
2639 3749 2813 3804 modis
2837 3764 2934 3804 eos
2962 3765 3270 3820 aggressus.
3289 3761 3348 3814 et
3372 3767 3471 3822 per
3495 3761 3623 3809 octo
3644 3770 3786 3809 men-

2195 3850 2283 3891 ses
2312 3836 2728 3894 admonitionem
2762 3837 2892 3894 feeit
2931 3840 3077 3895 circa
3125 3840 3264 3905 illos,
3294 3851 3371 3897 et-
3392 3844 3649 3913 precibus
3676 3845 3787 3900 suis

2198 3924 2375 3999 [usus]
2413 3943 2535 3982 cum
2572 3943 2678 3984 nou
2724 3928 2983 3986 valuisset
3016 3932 3096 3987 eis
3133 3933 3496 4003 persuadere,
3537 3951 3648 4006 quo
3687 3936 3785 3992 Εε-

2195 4016 2374 4072 clesize
2419 4016 2697 4073 catholica
2741 4020 3229 4086 communicarent,
3272 4022 3645 4092 imperialibus
3671 4025 3785 4096 jus.-

2195 4106 2437 4162 sionibus
2479 4122 2632 4174 usus,
2663 4121 2762 4178 per
2794 4108 3146 4166 Auastasium
3174 4111 3363 4168 ducem
3390 4128 3423 4167 a
3473 4127 3616 4169 nova
3665 4115 3787 4171 illos

2195 4194 2371 4251 Laura
2400 4195 2649 4267 proiecit,
2679 4198 3124 4269 provinciamque
3147 4207 3315 4255 totam
3339 4200 3409 4256 ab
3451 4217 3642 4258 eorum
3684 4219 3783 4275 pec

2195 4288 2431 4343 stilentia
2470 4288 2743 4344 liberavit.

2265 4379 2521 4435 Tarasius
2570 4380 2948 4437 sanctissimus
2997 4382 3309 4453 patriarcha
3363 4382 3546 4439 dixit:
3578 4384 3786 4441 Videtis

2194 4470 2321 4541 quia
2351 4478 2476 4525 octo
2505 4484 2723 4526 menses
2747 4472 3010 4542 transegit
3037 4473 3474 4544 archiepiscopus
3508 4490 3699 4546 rogans
3723 4486 3784 4531 et

2077 4568 2173 4634 ει)
2198 4560 2578 4632 longanimiter
2629 4576 2796 4632 agens
2842 4576 3008 4631 super
3049 4562 3201 4625 illos,
3239 4579 3549 4634 quanquam
3600 4575 3782 4621 nosset

2197 4664 2290 4706 eos
2313 4651 2911 4722 praeanatbematizatos
2933 4651 2988 4706 in
3017 4652 3240 4722 synodo.
3284 4653 3453 4723 Igitur
3476 4653 3590 4722 jam
3627 4654 3779 4709 audi-

2197 4740 2375 4796 vimus
2408 4741 2666 4796 canouica
2696 4749 2962 4810 praecepta
3000 4751 3056 4796 et
3099 4742 3384 4812 synodicas
3420 4742 3781 4798 denuntiatio-

2198 4845 2297 4887 nes
2320 4840 2377 4886 et
2396 4840 2707 4887 sanctorum
2743 4829 2961 4886 Patrum
2988 4846 3269 4897 censuras,
3289 4832 3416 4902 quia
3448 4848 3639 4889 omnes
3673 4849 3781 4889 uno

2197 4933 2360 4977 sensu
2388 4920 2714 4976 accedentes
2739 4936 2770 4976 a
2801 4915 3040 4992 qualibet
3064 4922 3253 4978 haeresi
3283 4934 3628 4992 receperunt.

2269 5027 2469 5086 Sancta
2514 5028 2752 5101 synodus
2791 5029 2967 5084 dixit:
3009 5029 3101 5085 Sic
3135 5045 3196 5086 se
3225 5031 3426 5086 veritas
3461 5032 3650 5099 habet,
3676 5034 3773 5088 nisi

2199 5114 2588 5175 alia'canonica
2618 5135 2780 5176 causa
2810 5122 2909 5188 sit,
2940 5136 3059 5197 qua:
3082 5121 3384 5191 prohibeat.

2269 5233 2525 5289 Tarasius
2551 5233 2927 5289 sanctissimus
2962 5234 3268 5303 patriarcha
3298 5234 3466 5289 dixit:
3502 5236 3582 5291 lta
3614 5237 3775 5307 placet

2198 5325 2482 5381 omnibus?
2529 5320 2646 5397 [ατ.
2686 5324 2813 5381 add.
2858 5332 2920 5380 ut
2957 5325 3278 5396 recipiamus
3318 5326 3455 5381 eos?
3507 5339 3667 5397 atque
3709 5331 3771 5381 in

2198 5413 2468 5558 ωέαζιοέίὲ
2490 5501 2728 5573 synodus
2753 5503 2918 5560 dixit:
2950 5503 3136 5561 Placet
3159 5501 3431 5561 omnibus.

2196 5635 2406 5691 libellos
2435 5643 2677 5706 paratos,
2710 5643 2766 5691 et
2790 5635 3039 5706 dabimus
3066 5635 3205 5691 illos.

2266 5706 2294 5745 ιι
2320 5699 2701 5754 01ηὲἰωίςείώὶ
2722 5705 2994 5754 nrineines
3018 5706 3266 5760 dixerunt
3288 5720 3303 5756 :
3327 5700 3542 5759 [labem
3572 5699 3773 5762 [il-cutis
