3980 6288
192 365 288 426 229

905 370 1457 430 INTEBPRETATIO
1494 372 1743 432 SYNODI
1783 375 1871 432 vn
1909 378 2310 440 assensus.
2343 342 2420 425 ’-
2457 386 2659 446 ACTIO
2693 378 2758 446 t.‘

3335 399 3444 460 ΞΖΘ

256 484 698 541 Βενθῐεηιιίεεὶιηί
772 487 1022 542 monachi
1098 488 1350 544 dixerunt
1385 505 1398 544 :
1458 489 1524 544 Et
1601 491 1756 546 nobis
1785 493 1830 552 A
1857 504 1911 551 et
1937 496 2218 554 Anatolius
2245 510 2328 556 est
2357 515 2642 574 receptus.
2675 506 2741 560 Et
2785 523 3008 574 rursus,
3051 523 3179 570 vere
3209 528 3307 570 vox
3347 517 3442 577 Dei

192 576 374 648 placet.
850 631 856 637 ,

254 669 504 725 Tarasius
530 670 906 727 sanctissimus
930 673 1239 742 patriarcha
1264 676 1400 730 dixit
1427 695 1438 730 :
1476 677 1540 732 Et
1566 678 1759 733 iterum

188 765 436 832 dicimus,
475 765 520 821 si
547 765 650 819 alia
681 766 940 821 canonica
971 782 1135 822 causa
1185 783 1306 838 qua:
1345 771 1575 838 deponat
1609 785 1762 825 acce-

188 857 387 913 dentem
441 871 548 912 non
598 865 716 921 est,
773 857 1100 926 recipietur:
1151 859 1266 913 sine
1318 859 1480 914 dubio
1529 875 1762 931 namque

189 955 386 1021 Oportet
411 949 671 1004 canonica
704 949 1012 1004 conservari
1052 957 1342 1020 praecepta.

249 1040 698 1096 Reverendissimi
749 1040 1000 1095 monachi
1048 1041 1338 1096 dixerunt:
1382 1038 1517 1107 Quia
1562 1055 1757 1096 secun-

189 1133 303 1187 dum
339 1147 431 1187 sex
461 1141 681 1187 sanctas
714 1139 772 1186 et
798 1131 1130 1186 universales
1159 1131 1395 1203 synodos
1437 1131 1761 1201 suscipimus

187 1240 270 1281 eos
301 1225 387 1295 qui
418 1241 485 1280 ex
522 1225 712 1279 haeresi
750 1231 1158 1290 convertuntur,
1201 1223 1246 1278 si
1291 1237 1397 1290 non
1439 1231 1524 1279 est
1563 1223 1615 1278 in
1657 1222 1761 1278 illis

189 1312 348 1384 aliqua
376 1327 543 1368 causa
569 1311 798 1367 nefaria.

249 1405 495 1460 Tarasius
547 1403 921 1458 sanctissimus
962 1401 1270 1472 patriarcha
1309 1402 1482 1458 dixit:
1540 1403 1608 1458 Et
1662 1419 1760 1458 nos

188 1493 292 1570 [Gn
325 1494 449 1549 add.
479 1493 696 1568 omnes]
724 1495 799 1549 ita
825 1493 1111 1550 deﬁnimus
1145 1493 1322 1549 edocti
1350 1508 1380 1549 a
1425 1495 1626 1550 sanctis
1663 1495 1761 1548 Pa-

188 1589 342 1644 tribus
371 1588 598 1645 nostris.
1063 1661 1068 1663 _

247 1680 700 1736 Reverendissimi
732 1681 979 1736 monachi
1015 1681 1307 1737 dixerunt:
1351 1680 1407 1735 Si
1441 1682 1604 1752 aliqui
1645 1697 1759 1740 mo-

187 1773 328 1827 nachi
351 1781 555 1827 sanctae
583 1772 787 1844 synodo
816 1772 1032 1838 desunt,
1062 1772 1190 1842 quid
1223 1772 1288 1828 dé
1324 1772 1429 1827 illis
1454 1771 1546 1827 ﬁt?

1867 597 1980 654 est,
2003 589 2127 657 quia
2152 605 2258 644 non
2289 593 2587 648 morientur
2618 595 2708 650 ﬁlii
2739 611 2835 666 pro
2863 601 3126 670 patribus,
3154 607 3246 659 sed
3278 623 3444 664 unus-

1862 677 2088 765 quisque
2109 695 2207 752 suo
2237 695 2457 752 peccato
2482 687 2742 741 morietur
2763 686 2976 759 [Ezech.
3015 693 3170 766 xvm]
3198 713 3211 748 :
3239 705 3296 750 et
3315 697 3444 769 quia

1861 781 1927 823 ex
1974 770 2084 826 Deo
2121 779 2205 827 est
2241 777 2597 830 consecratio.
2629 777 2781 844 Quod
2825 781 2870 836 si
2911 781 3051 840 forte
3088 784 3252 855 aliqui
3292 788 3444 845 duli-

1867 869 1983 915 tant
2009 861 2076 917 de
2100 861 2377 929 Anatolio,
2411 864 2659 936 lcgantur
2679 883 2740 924 ea
2767 884 2887 938 qua:
2916 873 2982 928 de
3011 873 3125 944 ipso
3156 884 3299 933 sunt.

1931 973 2157 1029 Cosmas
2200 975 2458 1032 diaconus
2505 987 2559 1033 et
2597 980 2931 1038 cubuclesius
2981 987 3302 1044 venerabilis
3349 1003 3444 1060 pa-

1863 1067 2106 1122 triarchii
2138 1067 2267 1140 legit
2291 1088 2304 1123 :

1862 1201 2182 1257 Prooemium
2245 1203 2680 1262 Chalcedonensis
2744 1217 2938 1264 sancire
3004 1228 3065 1266 ac
3138 1213 3445 1268 universalis

2555 1281 2760 1346 synodi.

1934 1385 2301 1444 Conveniente
2359 1398 2538 1446 autem
2587 1393 2748 1447 etiam
2807 1404 2996 1449 sancto
3051 1405 3105 1451 et
3151 1396 3444 1452 universali

1859 1478 2092 1534 concilio
2117 1479 2409 1534 secundum
2441 1495 2651 1536 sacram
2677 1485 3088 1554 praeceptionem
3130 1486 3184 1540 in
3214 1485 3442 1541 Chalce-

1861 1569 2082 1624 donensi
2138 1569 2273 1625 urbe
2332 1581 2692 1644 congregato:
2745 1573 2796 1628 id
2843 1584 2956 1639 est,
3009 1575 3342 1632 Paschasino
3388 1585 3444 1630 et

1860 1660 2124 1718 Lucontio
2173 1664 2639 1720 reverendissimis
2709 1665 2993 1736 episcopis,
3059 1675 3114 1721 ct
3168 1666 3444 1722 Bonifacio

1861 1752 2272 1822 religiosissimo
2297 1755 2633 1824 presbytero,
2671 1757 2975 1812 tenentibus
3010 1757 3184 1812 locum
3211 1757 3443 1812 sanctis-

249 1863 494 1918 Tarasius
521 1843 898 1918 sanctissimus
921 1863 1226 1932 patriarcha
1259 1863 1428 1918 dixit:
1461 1862 1751 1919 Persuade-

1864 1843 1986 1898 simi
2017 1844 2410 1914 archiepiscopi
2455 1846 2686 1899 senioris
2729 1846 2912 1900 Romze
2950 1844 3180 1912 Leonis;
3217 1855 3272 1901 et
3306 1847 3447 1900 Ana-

189 1955 346 2012 bimus
371 1957 452 2012 eis
475 1972 547 2011 cx
587 1957 886 2012 canonibus
923 1956 1012 2026 qui
1057 1956 1297 2026 praeleeti
1325 1965 1489 2011 sunt:
1525 1965 1760 2011 attamen

187 2049 523 2116 quamobrem
553 2063 656 2102 non
697 2056 1054 2103 occurrerunt
1089 2048 1156 2102 ad
1191 2047 1332 2103 hanc
1364 2061 1577 2104 sacram
1603 2063 1761 2118 syno-

188 2135 296 2191 dum
317 2137 338 2193 ἓ

246 2225 440 2282 Sabbas
464 2227 958 2283 reverentlissimus
985 2229 1283 2284 monachus
1317 2227 1486 2284 dixit:
1528 2227 1755 2295 Nescio;

186 2315 266 2370 sed
295 2329 540 2372 seorsum
570 2326 716 2371 sunt.

247 2407 560 2478 Euthytnius
603 2408 712 2463 Deo
751 2409 998 2464 amabilis
1033 2411 1318 2481 episcopus
1363 2411 1755 2470 Sartlinorum:

188 2496 554 2568 [Sardeorum;
587 2498 866 2572 Sardium]
904 2501 1040 2555 dixit
1065 2519 1078 2554 :
1109 2501 1568 2568 Quemadmodum
1599 2520 1756 2574 roga-

187 2590 359 2656 vimus,
389 2590 504 2660 iam
533 2592 752 2647 veniant
778 2592 936 2656 libri,
973 2601 1028 2645 et
1063 2591 1341 2664 legantur;
1375 2601 1432 2647 et
1455 2592 1754 2657 videamus,

186 2681 225 2734 si
267 2690 512 2750 oporteat.
560 2680 760 2752 suscipi
803 2697 898 2737 eos
944 2681 1038 2752 qui
1086 2681 1154 2736 ab
1201 2681 1475 2739 haereticis
1521 2684 1756 2738 ordinati

186 2779 314 2826 sunt.
1335 2831 1338 2834 .

245 2857 624 2917 Constantinus
648 2861 1128 2918 reverendissimus
1150 2862 1409 2918 diaconus
1435 2873 1491 2916 et
1515 2863 1757 2918 notarius

189 2949 340 3005 dixit:
388 2951 659 3020 Quoniam
707 2953 920 3008 dixistis
963 2954 1029 3008 de
1077 2953 1338 3009 ordinatis
1383 2954 1452 3008 ab
1491 2954 1757 3008 hatrcticis

189 3037 276 3110 iegi
319 3043 595 3113 exempla,
637 3057 748 3113 pra:
785 3042 1034 3098 manibus
1069 3043 1334 3098 habemus
1372 3043 1575 3099 libros:
1613 3053 1669 3100 et
1707 3045 1754 3101 si

187 3129 386 3199 jubetis,
415 3133 688 3203 legantur.

250 3222 436 3280 Sancta
459 3225 704 3298 synodus
727 3225 897 3280 dixit:
929 3225 1221 3296 Legantur.

248 3315 546 3386 Stephanus
573 3315 1051 3374 reverendissimus
1082 3316 1378 3372 monachus
1407 3325 1462 3371 et
1486 3316 1748 3372 librorum

188 3417 347 3462 custos
373 3408 502 3480 legit
527 3427 543 3463 :

477 3519 560 3575 De
583 3519 929 3575 ecclesiasfica
962 3519 1197 3575 Historia
1227 3518 1428 3588 Ruﬁni.

247 3627 384 3685 Hanc
438 3631 663 3702 quidem
721 3631 1030 3685 intestinam
1091 3632 1558 3700 persecutionem,
1623 3647 1746 3685 cum

191 3721 348 3778 brevis
395 3733 572 3789 esset,
626 3723 856 3794 primum
912 3723 964 3777 in
1017 3724 1386 3794 episcopatum
1442 3723 1750 3779 transiliens

191 3807 508 3870 Macedonius
537 3829 783 3868 crescere
821 3813 967 3868 fecit.
1003 3813 1236 3868 Aeacius
1267 3823 1443 3874 autem
1474 3821 1527 3867 et
1554 3812 1746 3869 Patro-

191 3903 344 3971 philus
397 3905 691 3961 Maximum
763 3905 1303 3977 l-lierosolymitanum
1380 3904 1747 3974 expellentes,

191 3988 417 4060 Cyrillum
455 4009 558 4064 pro
595 4009 660 4048 eo
706 3995 1120 4049 constituerunt.
1161 3993 1230 4048 Et
1261 3995 1485 4064 posthac
1527 3993 1748 4050 Cosmas

194 4084 648 4138 reverendissimus
677 4084 937 4138 diaconus
965 4095 1020 4138 et
1056 4083 1396 4138 cubuclesius
1424 4083 1748 4140 venerabilis

193 4176 482 4242 patriarchii
514 4177 643 4249 legit
668 4195 682 4231 :

190 4304 257 4363 De
299 4308 642 4366 ecclesiastica
699 4309 936 4391 Historia
995 4309 1255 4366 Theodori
1307 4309 1546 4376 lectoris,
1613 4310 1744 4366 libra

848 4391 1048 4451 quinto.

249 4487 518 4547 Dioscorus
547 4490 692 4548 enim
718 4499 905 4546 contra
929 4491 981 4546 id
1007 4493 1148 4562 quod
1178 4490 1377 4562 regulis
1403 4491 1616 4562 placet,
1641 4492 1740 4548 sibi

192 4577 553 4638 ordinationem
580 4581 1154 4652 Constantinopolitani
1195 4584 1538 4654 episcopatus
1571 4585 1744 4640 indul-

189 4681 330 4737 gens,
360 4673 608 4742 provehit
635 4673 689 4728 in
713 4675 831 4745 ejus
857 4674 1203 4744 prtesulatum
1233 4675 1540 4731 Anatolium
1563 4691 1748 4747 quem-

194 4758 293 4816 dam
320 4763 802 4820 Alexandrinorum
840 4763 1096 4821 Ecclesiae
1135 4781 1394 4837 responsa
1432 4766 1744 4823 Constanti-

193 4850 344 4919 nopoli
376 4852 656 4910 facientem
675 4896 689 4920 ,
713 4855 922 4911 habens
949 4865 1148 4925 praesto
1175 4865 1229 4928 et
1267 4857 1562 4928 Eutychem
1593 4873 1743 4914 com-

195 4938 574 5000 ministrantem.
609 4944 690 4999 Ad
728 4959 888 5016 quem
915 4945 1196 5001 Anatolius
1230 4955 1382 5018 grato
1410 4946 1590 5002 animo
1611 4947 1748 5002 dixit

195 5026 331 5102 [scite
372 5035 558 5109 dixit],
611 5037 750 5106 quod
799 5036 1034 5091 futurum
1084 5046 1201 5092 erat
1254 5038 1546 5109 ignorans:
1603 5036 1746 5105 Quo.

193 5131 376 5194 cunque
421 5115 739 5193 ambulasti,
785 5127 1159 5183 sanetiticasti.
1214 5127 1526 5197 Agebantur
1563 5138 1744 5186 autem

194 5207 290 5268 hac
309 5216 575 5271 consulatu
605 5216 918 5289 Protogenis
945 5225 999 5272 et
1026 5217 1246 5274 Asterii.

252 5301 490 5364 Tarasius
558 5310 934 5366 sanctissimus
997 5311 1305 5382 patriarcha
1366 5313 1540 5368 dixit:
1601 5313 1740 5382 Quid

194 5387 346 5452 dicitis
367 5397 428 5454 de
461 5399 741 5458 Anatolio?
775 5400 968 5458 Nonne
1011 5401 1214 5472 primas
1241 5409 1446 5458 sanctae
1475 5416 1500 5444 ει
1547 5405 1739 5475 synodi

199 5476 311 5534 fuit?
334 5484 574 5544 Elecce‘a
597 5490 856 5545 Dioscoro
881 5489 1044 5558 impio
1067 5489 1346 5546 ordinatus
1365 5499 1448 5545 est
1471 5490 1585 5562 [Gn
1610 5493 1736 5547 add.

1864 1937 1992 1992 tolio
2032 1938 2377 1993 sanctissimo
2413 1938 2666 2008 episcopo
2703 1939 2883 2011 magni
2924 1939 3155 1994 nominis
3179 1939 3446 1994 Constan—

1863 2031 2161 2102 tinopoleos
2186 2046 2338 2086 novae
2368 2030 2552 2086 Romae
2577 2045 2591 2084 :

1930 2140 2387 2198 Reverendissimi
2416 2141 2667 2196 monachi
2707 2140 2994 2197 dixerunt:
3031 2139 3097 2195 Et
3132 2141 3233 2196 hoc
3269 2141 3443 2198 susci-

1859 2231 2058 2304 pimus.
3251 2219 3256 2226 ’

1929 2325 2122 2382 Adhuc
2149 2325 2538 2383 Constantinus
2576 2327 2834 2384 diaconus
2861 2335 2915 2384 et
2945 2331 3192 2384 notarius
3220 2341 3450 2384 venera-

1857 2416 1980 2474 bilis
2008 2418 2326 2488 patriarchii
2351 2419 2480 2490 legit
2505 2437 2519 2474 :

2131 2549 2208 2604 De
2235 2549 2356 2606 Vita
2382 2551 2552 2605 sancti
2581 2549 2755 2606 Patris
2780 2553 2944 2606 nostri
2969 2552 3177 2608 Sabba‘.

1929 2680 2186 2736 Flaviano
2213 2682 2373 2751 igitur
2397 2694 2450 2737 ct
2479 2683 2594 2737 Elia
2623 2685 2948 2754 patriarchis
2976 2684 3208 2748 Sidone,
3235 2691 3295 2738 ut
3324 2683 3443 2739 dic-

1860 2783 1972 2828 tum
2003 2784 2124 2839 cst,
2166 2775 2616 2841 consistentibus,
2665 2786 2721 2830 et
2765 2775 2958 2830 litteris
2999 2774 3209 2830 blandis
3239 2783 3296 2831 et
3337 2775 3449 2830 dis-

1858 2865 2183 2934 pensatoriis
2224 2865 2291 2919 ad
2327 2865 2706 2934 imperatorem
2751 2865 3055 2931 utentibus,
3097 2873 3260 2934 atque
3303 2865 3444 2934 apud

1859 2954 2115 3011 Sidonem
2143 2955 2401 3011 adversus
2427 2965 2628 3015 rectam
2668 2956 2826 3011 ﬁdem
2863 2963 3243 3027 congregatam
3274 2969 3442 3026 syno-

1857 3050 1984 3105 dum
2038 3050 2466 3115 destruentihus,
2519 3065 2725 3106 necnon
2798 3050 2867 3105 ad
2930 3050 3152 3105 thronos
3197 3048 3445 3119 proprios

1857 3143 2239 3207 redeuntibus,
2281 3143 2543 3213 indignati
2592 3141 2647 3197 hi
2686 3143 2777 3213 qui
2822 3141 2968 3197 circa
3018 3140 3359 3198 Soterichum
3389 3150 3445 3196 et

1858 3230 2209 3286 Philoxenum
2269 3242 2457 3297 erant,
2507 3231 2560 3286 in
2598 3231 2731 3286 iram
2772 3231 3092 3287 immensam
3139 3243 3446 3287 commove-

1860 3331 1986 3376 runt
2019 3325 2422 3392 imperatorem,
2448 3323 2600 3392 quasi
2631 3323 2914 3393 deceptum
2950 3337 2980 3377 a
3009 3322 3445 3392 patriarcharum

1859 3413 2055 3467 astutia
2097 3421 2154 3467 et
2199 3412 2561 3466 simulatione.
2615 3412 2680 3466 Et
2716 3420 2938 3481 accepta
2979 3420 3243 3483 potestate
3277 3425 3445 3482 quam
3515 3445 3520 3447 -

1857 3505 2146 3560 voluerunt
2165 3545 2182 3570 ,
2223 3515 2277 3560 ct
2311 3521 2444 3560 auro
2474 3503 2755 3561 suiIicienti
2785 3506 3083 3560 Antiochiae
3109 3504 3266 3576 vulgo
3293 3505 3445 3570 dato,

1844 3597 2040 3651 ‘multis
2069 3597 2242 3652 modis
2284 3597 2675 3650 tribulaverunt
2716 3595 3062 3660 Flavianum,
3102 3604 3159 3650 et
3181 3593 3443 3666 quodam-

1859 3688 2018 3742 modo
2095 3686 2526 3752 suil‘ocaverunt,
2604 3696 2862 3757 cogentes
2942 3686 3440 3742 Chalcedonensem

1858 3777 2119 3850 synodum
2149 3779 2638 3832 anathematizato:
2667 3777 2845 3832 taliter
2870 3791 2994 3832 eum
3024 3777 3093 3831 ab
3125 3776 3439 3846 episcopatu

1857 3870 2200 3940 repellentes,
2225 3870 2419 3926 exsilio
2456 3871 2865 3924 damnaverunt.
2893 3867 3012 3934 Quo
3037 3874 3312 3938 comperto
3340 3868 3442 3922 im-

1855 3971 2074 4034 perator
2099 3962 2315 4034 gavisus
2339 3969 2451 4025 est,
2479 3968 2533 4015 et
2573 3959 2832 4015 Severum
2872 3957 3263 4028 Acephalorum
3289 3957 3439 4027 priu-

1855 4055 2028 4126 cipem
2074 4052 2470 4110 Antiochenam
2518 4051 2829 4120 episcopum
2861 4049 3031 4104 misit.
3059 4047 3162 4115 Qui
3205 4047 3440 4104 Severus

1854 4145 2194 4216 apprehenso
2227 4131 2622 4215 patriarchatu,
2651 4141 2819 4197 multa
2857 4140 3072 4210 quidem
3102 4140 3304 4196 atrocia
3334 4139 3439 4196 sibi

1855 4256 1961 4296 non
2015 4237 2537 4295 communicantibus
2580 4234 2989 4291 demonstravit.
3042 4232 3208 4290 Mittit
3256 4242 3440 4288 autem

1852 4331 2106 4404 synodica
2136 4346 2232 4386 sua
2271 4330 2401 4384 Elia:
2439 4328 2882 4397 archiepiscopo:
2916 4332 2972 4380 et
3007 4340 3112 4381 non
3155 4331 3440 4395 receptus,

1853 4430 2153 4478 commovet
2190 4421 2243 4475 in
2284 4421 2416 4474 iram
2462 4419 2876 4491 imperatorem;
2909 4425 2964 4471 et
2991 4431 3180 4471 rursus
3205 4415 3438 4470 destinat

1853 4528 1948 4567 sua
1979 4512 2148 4582 ipsius
2175 4509 2427 4582 synodica
2452 4507 2880 4578 Hierosolymam
2902 4505 3040 4560 Maio
3062 4519 3247 4559 mense
3270 4512 3436 4559 sexta:

1853 4603 2188 4666 indictionis,
2223 4616 2346 4656 cum
2390 4599 2712 4669 quibusdam
2758 4596 2971 4652 clericis
2998 4605 3052 4650 et
3091 4595 3291 4649 virtute
3327 4594 3436 4647 im-

1852 4691 2122 4763 peratoria
2153 4690 2229 4763 [id
2257 4699 2354 4755 est,
2380 4687 2612 4760 militia].
2635 4687 2701 4742 Et
2720 4687 2822 4742 hoc
2843 4685 3046 4756 agnito,
3067 4682 3226 4738 Pater
3245 4692 3436 4737 noster

1854 4783 2060 4838 Sabbas
2122 4789 2323 4838 sanctae
2377 4781 2650 4837 memoriae
2709 4779 3006 4834 ascendens
3055 4777 3108 4831 in
3157 4773 3432 4831 civitatem

1852 4881 2094 4928 sanetam
2140 4887 2246 4927 una
2289 4887 2413 4927 cum
2455 4870 2576 4925 aliis
2605 4869 2774 4925 eremi
2813 4865 3160 4939 begumenis,
3198 4879 3292 4919 eos
3316 4864 3432 4934 qui-

1853 4965 1972 5020 dem
2010 4965 2104 5035 qui
2133 4973 2394 5028 venerant
2438 4979 2558 5020 cum
2598 4963 2870 5036 synodicis
2913 4959 3129 5025 Severi,
3168 4949 3217 5013 a'
3244 4967 3430 5016 sancta

1851 5056 2080 5110 insecuti
2124 5064 2253 5110 sunt
2298 5055 2536 5110 civitate.
2586 5053 2978 5108 Multitudinem
3020 5059 3198 5106 autem
3246 5065 3431 5106 mona-

1847 5147 2073 5201 chorum
2100 5147 2337 5217 undique
2360 5145 2696 5218 colligentes,
2723 5154 2850 5199 ante
2871 5153 3111 5200 sanctam
3137 5143 3428 5200 calvariam

1846 5251 1970 5292 cum
2005 5237 2508 5310 Hierosolymitanis
2528 5236 2858 5302 clamabant,
2884 5237 3123 5292 dicentes
3155 5254 3166 5290 :
3195 5235 3428 5291 Anathe-

1846 5341 1931 5382 ma
1963 5326 2164 5384 Severo
2191 5337 2247 5384 et
2275 5330 2360 5384 his
2388 5329 2477 5397 qui
2515 5326 2914 5383 communicant
2938 5328 2986 5382 ei
3017 5345 3028 5379 :
3071 5326 3429 5396 praesentibus

1844 5427 1896 5473 et
1927 5420 2267 5474 audientibus
2309 5428 2419 5473 tam
2465 5417 2862 5487 magistrianis,
2902 5433 3063 5488 quam
3091 5413 3428 5486 principibus

1844 5519 1898 5565 et
1931 5510 2192 5567 militibus
2234 5510 2322 5578 qui
2365 5507 2577 5564 fuerant
2610 5508 2680 5563 ab
2723 5503 3048 5576 imperatore
3093 5504 3418 5578 transmissi.

198 5579 432 5632 praesente
453 5581 659 5648 quoque
681 5577 971 5650 Eutyche].
1003 5579 1146 5651 Ergo
1170 5587 1226 5635 et
1255 5593 1354 5635 nos
1381 5581 1741 5649 suscipiamus
1841 5581 1946 5638 Istc
1972 5581 2168 5652 quippe
2203 5575 2436 5635 severus
2465 5579 2697 5633 elatione
2727 5575 2842 5633 dira
2871 5581 3114 5634 detentus
3132 5617 3146 5640 ,
3168 5583 3222 5630 et
3256 5575 3424 5643 itnpea

200 5669 278 5713 eos
305 5664 385 5730 qui
421 5666 486 5719 ab
515 5667 1051 5727 luercticisordinati
1091 5679 1217 5734 sunt
1237 5711 1258 5739 ι
1282 5671 1736 5740 quemadmodum

261 5779 281 5806 ⁸
307 5771 526 5836 Quartae.
1541 5785 1544 5788 ’

1843 5674 1959 5728 riali
1981 5672 2230 5743 potentiae
2255 5671 2474 5726 innixus
2491 5711 2508 5735 ,
2529 5669 3020 5726 Chalcedonensem
3048 5661 3306 5738 synodum
3330 5663 3423 5717 de-

3207 5864 3292 5888 .w.
3298 5867 3311 5876 ι
