3924 5442
474 435 580 493 1'51

1627 421 1988 483 suasum
2025 400 2568 480 BIBLIOTHECAmt

3641 424 3739 480 2'59.

476 554 590 607 etes
614 546 810 603 millies
825 544 1104 617 [millenis]
1131 540 1378 599 submisit
1403 538 1857 604 anathematibus,
1884 545 1938 593 et
1957 536 2066 592 Eua
2093 539 2136 597 Α
2169 535 2398 606 lymam,
2427 538 2606 593 subito
2640 539 2785 609 capit
2828 539 3320 611 archiepiscopum,
3351 549 3405 595 et
3438 538 3603 594 mittit
3627 541 3741 595 eum

480 638 708 712 tychetis
731 647 1015 692 externam
1036 635 1342 705 opinionem
1363 630 1689 686 conﬁrmare
1710 628 2060 692 contendens,

476 748 640 788 unam
656 730 865 786 Domini
883 729 1084 784 Christi
1107 728 1222 782 Filii
1240 728 1330 781 Dei
1353 734 1410 781 et
1428 734 1551 795 post
1562 740 1629 779 ex
1650 724 1870 795 Virgine
1894 724 2066 777 incar-

477 825 751 881 nationem
773 831 829 877 et
852 814 1299 876 humanationem
1314 817 1643 889 praedicabat
1664 825 1913 871 naturam
1940 828 2064 868 cor-

479 924 724 985 ruptam;
756 921 810 968 et
842 912 1047 971 amicus
1073 909 1396 964 turbationis
1420 907 1659 964 existens
1687 904 1885 961 multas
1910 903 2063 957 novi-

460 990 620 1065 ltates
646 1003 852 1059 ellinxit
884 1001 1143 1055 adversus
1187 1006 1335 1054 recta
1374 997 1628 1052 Ecclesia:
1666 995 1941 1065 dogmata,
1972 1007 2066 1049 seu

479 1086 627 1167 leges
657 1111 672 1148 :
713 1090 1085 1163 impiissimam
1115 1089 1260 1144 enim
1290 1099 1345 1143 et
1380 1085 1937 1166 latrociniosissimam
1969 1083 2070 1155 [la-

422 1210 431 1216 ’
481 1183 976 1257 trocinalissimam]
1006 1183 1331 1254 Ephesinam
1363 1181 1653 1238 secundam
1687 1180 1946 1251 synodum
1981 1193 2071 1233 re.

482 1280 632 1351 cipit,
663 1287 720 1334 et
761 1275 991 1332 similem
1024 1272 1152 1329 dicit
1190 1287 1311 1328 esse
1352 1275 1494 1326 banc
1524 1270 1596 1324 illi
1624 1310 1638 1335 ,
1665 1283 1797 1339 'qum
1826 1268 1976 1338 prius
2016 1267 2070 1322 in

482 1372 671 1428 eadem
696 1368 966 1441 Ephesina
993 1367 1127 1421 urbe
1154 1362 1427 1421 convenit.
1458 1362 1528 1417 Et
1549 1360 1785 1432 aequales
1811 1361 1864 1414 in
1890 1360 2073 1414 docto-

483 1462 634 1517 ribus
660 1459 970 1530 pronuntiat
998 1455 1255 1528 Cyrillum
1285 1453 1546 1509 deiferum
1586 1451 2072 1508 Alexandrinorum

390 1577 398 1583 -
485 1551 818 1621 episcopum,
846 1556 902 1602 et
929 1547 1243 1603 Dioscorum
1269 1543 1363 1614 qui
1393 1544 1446 1599 in
1470 1542 1901 1598 communionem
1928 1557 2076 1597 rece-

482 1641 566 1714 pit
610 1640 962 1713 Eutycbetem
1013 1637 1323 1693 hzereticum
1350 1677 1364 1702 ,
1412 1644 1599 1706 utpote
1652 1641 2072 1691 consentaneum

485 1747 643 1789 suum
663 1773 677 1798 ,
707 1740 762 1786 et
794 1730 1194 1786 sanctissimum
1222 1736 1277 1783 et
1315 1725 1828 1782 orthodoxissimum
1861 1726 2073 1781 Flavia-

2165 625 2219 679 in
2251 627 2550 682 custodiam
2591 629 2881 698 pttblicam.
2920 630 3119 687 Omnes
3165 641 3344 686 autem
3382 640 3585 686 sanctae
3621 631 3744 686 civi-

2165 720 2295 772 tatis
2321 718 2655 774 habitatores
2686 721 2937 791 gratulati
2964 730 3108 783 sunt,
3141 735 3207 776 eo
3234 723 3373 791 quod
3419 721 3585 776 fuerit
3627 720 3748 776 insi-

2166 811 2346 866 diator
2371 820 2425 867 et
2452 812 2698 881 proditor
2732 813 2862 868 Eliae
2892 815 3302 885 archiepiscopi.
3330 815 3625 869 Zacharias
3661 831 3751 869 au-

2169 909 2276 957 tem
2304 902 2519 970 quidam
2552 902 2965 959 Cmsariensium
3002 906 3154 960 urbis
3184 906 3544 975 principatum
3574 906 3751 960 mode-

2169 1008 2295 1048 rans
2315 1034 2330 1058 ,
2358 994 2496 1050 clam
2527 996 2581 1050 in
2619 996 2972 1052 munitionem
3012 998 3314 1067 ingressus,
3346 998 3634 1053 consilium
3667 998 3752 1054 dat

2169 1081 2384 1150 Joanni,
2411 1084 2595 1140 dicens
2624 1100 2639 1139 :
2673 1086 2718 1139 si
2751 1086 2831 1140 vis
2853 1085 2991 1142 bene
3023 1094 3199 1160 agere,
3231 1098 3287 1144 et
3310 1089 3625 1145 nullatenus
3650 1088 3755 1160 epi—

2171 1182 2390 1244 scopatu
2423 1175 2645 1243 privari,
2676 1191 2834 1231 nemo
2863 1178 2955 1232 tibi
2985 1182 3209 1234 suadeat
3237 1179 3497 1234 Severum
3526 1180 3580 1233 in
3609 1194 3753 1234 com-

2172 1265 2480 1319 munionem
2515 1267 2793 1336 recipere,
2833 1269 2926 1323 sed
2957 1269 3110 1338 quasi
3159 1269 3474 1339 repromitte
3508 1270 3630 1325 duci
3651 1311 3665 1336 ,
3705 1278 3756 1325 et

2172 1354 2290 1420 dic,
2325 1355 2451 1424 quia
2479 1365 2534 1410 et
2565 1357 2653 1412 hic
2688 1357 2903 1426 quidem
2927 1399 2943 1425 ,
2984 1374 3105 1429 qua:
3151 1360 3537 1427 intenduntur,
3584 1359 3755 1416 facere

2174 1461 2281 1500 non
2312 1445 2499 1501 dill‘ero
2529 1465 2542 1500 :
2577 1448 2670 1503 sed
2700 1463 2767 1503 ne
2796 1447 3068 1504 fateantur
3094 1440 3318 1520 quidam.
3345 1467 3443 1521 per
3467 1450 3755 1507 necessita-

2174 1544 2284 1591 tem
2314 1546 2369 1593 et
2395 1537 2699 1594 violentiam
2734 1554 2822 1595 me
2854 1555 3048 1610 agere,
3084 1542 3325 1597 dimittar
3358 1542 3519 1607 hinc;
3561 1550 3618 1597 et
3645 1553 3759 1613 post

2175 1629 2311 1685 duos
2338 1629 2455 1686 dies
2496 1630 2771 1687 Dominica
2808 1633 3074 1705 existente
3110 1650 3265 1706 agam
3302 1634 3559 1691 alacriter
3580 1651 3696 1705 qua:
3730 1651 3757 1690 a

2176 1720 2329 1775 vobis
2354 1717 2645 1788 jnbentur;
2680 1730 2735 1776 et
2763 1721 3134 1791 hujuscemodi
3165 1724 3345 1781 verbis
3375 1725 3631 1781 credulus
3659 1727 3757 1780 dux

486 1838 617 1879 num
648 1822 808 1893 regia:
836 1821 984 1877 urbis
1015 1816 1480 1889 archiepiscopum
1517 1818 1765 1887 deposuit
1794 1827 1849 1872 et
1879 1819 2077 1875 interc.

2196 1809 2415 1863 'estituit
2438 1824 2560 1864 eum
2585 1810 2856 1866 Ecclesize.
2883 1812 3335 1884 Archiepiséopus
3360 1830 3491 1884 ergo
3512 1815 3759 1873 dimissus

488 1913 620 1977 mit;
651 1881 827 1966 etuita
875 1909 926 1964 in
975 1881 1253 1978 impietate
1284 1881 1591 1976 proﬁciens
1634 1905 2072 1971 idem~Severus,
2104 1881 2150 1942 Β
2179 1914 2275 1969 per
2313 1911 2560 1968 noctem,
2607 1903 2915 1958 universum
2955 1906 3331 1961 monachicum
3375 1900 3661 1979 collegium
3698 1911 3759 1963 ad

490 2002 706 2059 exacuit
740 2001 792 2056 in
824 1998 1212 2071 blaSpbcmiam
1240 1997 1332 2053 Dei
1362 1996 1597 2068 linguam
1624 2011 1798 2061 suam,
1825 2003 1880 2050 et
1904 1995 2077 2067 parti-

492 2096 624 2151 titus
649 2102 731 2149 est
760 2092 813 2148 in
844 2092 956 2146 suis
982 2090 1152 2160 ipsius
1186 2088 1526 2144 sermonibus
1551 2102 1658 2142 non
1689 2085 1993 2158 partibilem
2026 2087 2081 2143 in

492 2181 765 2239 Trinitatc
804 2178 1161 2237 divinitatem.
1199 2177 1397 2233 Dicens
1420 2176 1563 2231 enim
1599 2185 1656 2232 et
1689 2174 1961 2233 allirmans
1997 2192 2085 2233 es-

493 2275 726 2333 sentiam
756 2271 898 2347 [Gr.,
930 2267 1361 2341 subsistentiam]
1399 2282 1521 2324 esse
1558 2277 1810 2323 naturam
1840 2276 1896 2323 et
1927 2277 2084 2323 natu-

495 2381 612 2422 ram
644 2380 766 2421 esse
795 2363 1085 2427 essentiam
1119 2359 1260 2433 [Gr.,
1289 2358 1717 2431 subsistentiam]
1736 2399 1752 2425 ,
1782 2368 1838 2414 et
1882 2358 2082 2413 nullam

497 2457 855 2514 diﬂ‘erentiam
905 2456 960 2510 in
1006 2455 1093 2510 his
1131 2453 1441 2508 nominibus
1481 2452 1697 2518 sciens,
1745 2460 1987 2507 sanctam
2031 2458 2087 2507 et

499 2548 827 2619 adorandam
868 2555 924 2601 et
967 2543 1478 2600 consubstantialem
1517 2543 1836 2598 Trinitatem
1880 2542 2087 2597 divina-

499 2656 621 2697 rum
651 2630 1008 2694 essentiarum
1037 2635 1177 2707 [Cr.,
1209 2632 1728 2706 subsistentiarum],
1768 2642 2087 2688 naturarum

499 2739 555 2786 et
580 2729 840 2785 deitatem
867 2736 925 2782 et
950 2727 1174 2782 deorum
1198 2724 1380 2780 dicere
1408 2724 1727 2780 Trinitatem
1763 2739 1928 2779 ausus
1958 2732 2042 2780 est
2071 2742 2084 2778 :

502 2817 807 2890 lntjusmodi
834 2833 965 2889 ergo
988 2817 1291 2871 animarum
1316 2823 1688 2883 corruptorem
1718 2823 1774 2868 et
1802 2812 2092 2885 depopulaé
2126 2821 2130 2824 ‘

503 2922 679 2965 torem
719 2909 1013 2978 imperator
1049 2906 1367 2962 Anastasius
1412 2904 1588 2976 coegit
1626 2904 2089 2974 archiepiscopum

502 3003 674 3058 Eliam
701 3002 1215 3056 communicatorem
1246 2998 1549 3053 admittere.
1577 2998 1678 3065 Qui
1707 3013 1829 3052 cum
1857 2998 2089 3055 nullate-

505 3109 609 3148 nus
637 3093 742 3148 boc
771 3106 931 3160 agere
955 3090 1358 3153 consensisset,
1398 3087 1665 3144 eli‘ervens
1701 3088 1886 3143 furore
1926 3088 2094 3158 impeo

507 3190 660 3239 rator
683 3181 882 3236 direxit
907 3177 1212 3249 Olympium
1244 3177 1530 3246 quemdam
1559 3176 1971 3243 Caesariensem,
1997 3177 2094 3232 dn-

2181 2002 2421 2046 sanctam
2461 1978 2746 2049 accersivit
2782 1990 3094 2062 civitatem,
3127 1998 3359 2068 undique
3386 1991 3662 2071 colligens.
3697 1999 3763 2056 Ut

2183 2092 2363 2138 autem
2393 2084 2610 2153 quidam
2656 2095 3006 2142 numerantes
3041 2078 3434 2145 multitudinem
3484 2093 3761 2148 nuntiave-

2183 2182 2338 2238 runt,
2367 2175 2490 2243 quia
2520 2176 2749 2230 habebat
2788 2180 3130 2248 congregatio
3166 2180 3350 2234 decem
3384 2181 3553 2236 millia
3584 2168 3765 2237 mona-

2183 2264 2928 2335 chornm,etquoniamrnec
2970 2277 3078 2323 tota
3121 2269 3349 2325 ecclesia
3389 2282 3604 2341 poterat
3646 2283 3764 2329 tan-

2187 2364 2298 2411 tum
2346 2372 2540 2426 capere
2601 2359 2892 2429 populum,
2952 2362 3125 2436 visum
3187 2372 3270 2419 est
3317 2374 3376 2419 ut
3421 2369 3766 2424 convenirent

2185 2448 2421 2503 universi
2466 2462 2566 2516 per
2603 2449 2910 2505 Dominicos
2947 2450 3061 2505 dies
3100 2451 3462 2524 [Dominicnm
3510 2456 3675 2530 diem]
3714 2459 3766 2514 in

2187 2538 2404 2593 domum
2431 2538 2605 2592 sancti
2632 2542 3045 2611 protomartyris
3067 2541 3344 2612 Stephani,
3374 2559 3441 2599 eo
3466 2547 3608 2613 quod
3633 2547 3769 2601 sum-

2189 2632 2336 2686 ciens
2357 2640 2499 2685 esset
2522 2632 2589 2685 ad
2615 2633 2973 2702 receptionem
3000 2634 3354 2691 multitudinis
3380 2655 3393 2690 :
3419 2639 3581 2693 simul
3600 2650 3769 2696 autem

2188 2731 2243 2775 et
2270 2731 2622 2790 properarent
2646 2723 2856 2777 obviam
2883 2723 3112 2795 Hypatio
3140 2728 3464 2783 consobrino
3490 2730 3772 2801 imperato-
3858 2770 3867 2779 .

2191 2813 2289 2878 ris,
2324 2821 2449 2868 tunc
2480 2829 2509 2867 a
2540 2814 2785 2869 Vitaliani
2817 2817 3128 2885 captivitate
3157 2818 3353 2883 soluto,
3385 2829 3439 2874 et
3467 2818 3771 2893 Hierosoly-

2192 2920 2334 2959 mam
2375 2905 2639 2975 prationis
2670 2921 2833 2961 causa
2867 2909 3119 2963 venienti.
3151 2909 3610 2967 Convenit-intibus
3650 2929 3774 2984 ergo

2193 2997 2460 3051 universis
2488 2994 2593 3051 ta‘m
2631 2999 2912 3054 monachis
2940 3016 3100 3069 quam
3144 3002 3351 3057 civibus
3382 3002 3432 3057 in
3482 3014 3776 3060 memorata

2197 3086 2416 3142 colenda
2441 3087 2623 3153 domo,
2645 3089 2896 3143 convenit
2921 3095 2974 3143 ‘et
2996 3091 3315 3147 Anastasius
3342 3093 3470 3159 dux,
3495 3103 3550 3148 et
3572 3093 3769 3151 Zaclrao

2195 3183 2307 3237 rias
2344 3182 2663 3238 consularis.
2691 3182 2932 3253 Cumque
2960 3183 3260 3239 consularis
3284 3184 3594 3259 [Hypatius]
3624 3188 3779 3243 adre.

506 3281 687 3329 catum
715 3241 999 3327 habentem
1027 3241 1355 3334 Palaestinae,
1388 3268 1611 3323 mittens
1640 3268 1847 3337 pariter
1871 3282 1993 3323 cum
2029 3281 2095 3322 eo
2120 3241 2168 3305 (ἶ
2198 3273 2398 3339 nisset,
2435 3282 2492 3328 et
2533 3289 2654 3328 cum
2694 3241 3033 3329 iniiltiludine
3063 3275 3114 3329 in
3156 3241 3315 3346 primi
3355 3241 3621 3349 martyris
3663 3278 3781 3336 Ste-

510 3376 566 3422 et
591 3365 874 3437 epistolam
899 3363 1256 3420 univcrsalem
1286 3360 1431 3433 [Gr.,
1460 3358 1956 3433 dispensatoriam].
1978 3375 2097 3430 quae

511 3470 543 3509 a
574 3453 774 3510 Sidone
809 3452 1009 3523 scripta
1038 3455 1152 3516 est,
1188 3450 1530 3520 proﬁtentem
1570 3462 1678 3502 non
1710 3448 2099 3504 admittendam

510 3546 1005 3604 Cbalcedonenscm
1042 3541 1339 3613 synodum,
1368 3550 1423 3592 ut
1455 3538 1705 3594 onmibus
1729 3539 1901 3595 modis
1926 3538 2098 3594 Eliam

513 3640 583 3695 ab
613 3639 920 3710 episcopatu
960 3632 1267 3704 repelleret.
1301 3630 1402 3699 Qui
1435 3630 1716 3701 Olympius
1752 3644 1874 3685 cum
1912 3638 2102 3701 poten-

511 3737 629 3785 tatu
660 3725 920 3797 imperiali
959 3722 1297 3794 perveniens,
1324 3730 1381 3775 et
1409 3720 1591 3776 multis
1615 3720 1789 3776 modis
1813 3729 1869 3776 et
1897 3722 2101 3777 machi-

513 3816 788 3876 namentis
814 3823 1003 3881 utens,
1027 3822 1190 3884 atque
1230 3811 1344 3881 jam
1373 3813 1573 3867 dictam
1611 3812 1894 3883 epistolam
1930 3813 2102 3868 mani-

516 3910 739 3974 festans,
765 3906 936 3962 Eliam
963 3904 1179 3975 quidem
1206 3905 1275 3959 ab
1297 3904 1609 3975 episcopatu
1638 3903 1862 3975 pepulit,
1884 3914 1940 3960 et
1963 3906 2103 3975 apud

517 4000 693 4056 Ailam
739 3997 933 4054 exsilio
966 3996 1240 4067 relegavit
1287 4016 1300 4050 :
1357 3994 1619 4051 Joannem
1669 4011 1799 4051 vero
1847 3996 2102 4053 Marciani

520 4091 688 4147 tilium
719 4090 1068 4160 spondentem
1098 4094 1152 4142 et
1179 4086 1439 4141 Severum
1469 4086 1981 4142 communicatorem
2012 4087 2107 4143 ad-

519 4181 758 4245 mittere,
771 4189 825 4236 et
844 4178 1106 4250 synodum
1122 4176 1608 4233 Cbalcedonensem
1627 4178 2103 4247 anathematizare,

519 4272 832 4342 episcopum
879 4267 1373 4339 Hierosolymorum
1418 4265 1548 4322 fecit
1582 4268 1757 4338 primo
1796 4268 1884 4323 die
1924 4267 2108 4341 [tertio

519 4380 587 4421 ex
613 4363 732 4417 cod.
752 4360 888 4434 10L]
912 4359 1245 4429 Septembris
1266 4359 1468 4416 mensis
1495 4358 1638 4432 [Gr.,
1665 4358 1998 4430 Septembris
2022 4361 2109 4417 die

520 4450 743 4524 tertia],
787 4450 940 4508 initio
989 4449 1210 4521 decimae
1258 4445 1377 4521 [al.,
1424 4448 1752 4522 undecimae]
1780 4450 2106 4506 indictionis.
2148 4450 2149 4453 “

521 4540 658 4597 Cum
714 4548 895 4595 autem
947 4538 1329 4609 cognovissent
1383 4538 1753 4594 sanctiﬁcatus
1803 4537 2011 4595 Sabbas
2056 4548 2113 4594 et

523 4632 715 4689 caeteri
733 4631 898 4686 eremi
926 4629 1138 4694 Patres,
1168 4630 1285 4685 haec
1313 4630 1666 4701 spopondisse
1688 4630 1977 4697 Joannem,
2001 4632 2111 4687 col-

521 4721 647 4778 lecti
675 4720 960 4776 contestati
995 4728 1154 4784 sunt,
1190 4734 1260 4773 ne
1290 4718 1550 4774 Severum
1579 4720 1633 4775 in
1675 4720 2109 4778 communionem

524 4810 813 4881 reciperet,
853 4808 945 4864 sed
985 4809 1156 4877 magis
1184 4823 1282 4879 pro
1308 4807 1733 4865 Cbalccdonensi
1767 4811 1976 4882 synodo
2002 4811 2113 4866 dis—
2171 4806 2175 4811 ’

524 4900 731 4956 crimen
798 4900 1136 4960 incurreret,
1177 4912 1300 4952 cum
1348 4898 1619 4968 profectos
1666 4898 1952 4972 [profecto]
1994 4901 2113 4957 illos

525 4989 753 5047 haberet
789 5002 977 5044 omnes
1006 4985 1360 5051 auxiliantes;
1402 4995 1459 5041 et
1490 4988 1563 5041 ita
1588 4987 1825 5044 Joannes
1852 4999 2116 5059 quotquot

529 5081 652 5136 duci
686 5080 959 5150 pollicitus
994 5088 1079 5134 est
1117 5075 1296 5133 facere
1318 5117 1335 5140 ,
1372 5078 1756 5147 praevaricatus
1782 5088 1894 5145 est,
1925 5078 2115 5136 Patres

529 5171 815 5220 rever-itum-
867 5170 1037 5210 pne-Ion
1082 5170 1265 5204 Ann-“
1311 5169 1322 5180 '
1443 5169 1454 5180 '
1942 5171 2040 5194 -_.2-
2067 5186 2114 5202 η,

2195 3366 2357 3436 phani
2389 3365 2642 3435 templum
2670 3366 2941 3433 intrasset,
2970 3367 3187 3439 duxque
3215 3377 3427 3438 putaret
3453 3370 3781 3428 voluntatem

2198 3456 2539 3526 imperatoris
2585 3454 2918 3511 efﬁciendam
2945 3497 2961 3522 ,
3002 3459 3247 3513 ascendit
3289 3474 3452 3528 super
3498 3461 3779 3517 ambonem

2199 3546 2666 3617 archiepiscopus,
2704 3545 2914 3602 habens
2951 3562 3135 3604 secum
3162 3548 3525 3604 Theodosium
3562 3559 3621 3604 et
3654 3551 3785 3607 Sab-

2198 3640 2322 3696 bam
2347 3640 2732 3695 monachorum
2764 3653 3002 3694 summos
3025 3649 3082 3695 et
3110 3640 3302 3706 duces;
3334 3650 3390 3697 et
3417 3644 3598 3699 omnis
3622 3658 3784 3714 popu-

2200 3730 2286 3785 lus
2328 3745 2427 3801 per
2474 3729 2675 3785 multas
2716 3730 2879 3785 horas
2925 3730 3193 3786 clamabat
3223 3732 3407 3790 dicens
3440 3750 3455 3788 :
3497 3734 3787 3793 Hzereticos

2202 3822 2630 3887 anathematiza,
2678 3829 2735 3876 et
2778 3822 3039 3892 synodum
3088 3822 3306 3877 robora.
3359 3822 3617 3881 Protinus
3662 3840 3787 3898 ergo

2204 3921 2315 3968 tres
2336 3927 2403 3966 ex
2423 3925 2683 3968 consensu
2712 3912 3178 3967 anathematizant
3196 3913 3527 3982 Nestorium,
3550 3926 3607 3971 et
3628 3917 3789 3989 Euty-

2205 4004 2448 4069 chetem,
2479 4011 2536 4058 et
2577 4000 2869 4066 Severum,
2895 4015 2951 4058 et
2978 4001 3317 4059 Soteriehum
3353 4004 3619 4063 Caesareas
3656 4008 3788 4080 Cap-

2203 4093 2462 4166 padocia,
2485 4100 2541 4148 et
2563 4106 2779 4149 omnem
2801 4092 2891 4163 qui
2921 4108 3029 4150 non
3054 4094 3318 4165 reciperet
3343 4098 3613 4167 synodum
3640 4099 3790 4155 Chal-

2204 4182 2583 4238 cedonensem.

2280 4272 2538 4329 Tarasius
2591 4272 2963 4330 sanctissimus
3016 4274 3325 4345 patriarcha
3374 4276 3511 4331 dixit
3559 4294 3575 4332 :
3628 4277 3790 4333 Audi-

2209 4364 2410 4421 tionem
2439 4364 2665 4421 fecimus
2691 4373 3038 4435 paternorum
3069 4366 3443 4421 mandatorum
3469 4382 3488 4421 :
3512 4368 3644 4438 quid
3668 4382 3792 4440 ergo

2209 4456 2462 4527 oportet?
2489 4456 2760 4526 suscipitis
2775 4444 3092 4529 [suscipere]
3108 4456 3175 4512 ab
3196 4458 3463 4513 haereticis
3483 4459 3791 4516 ordinatos?

2292 4545 2489 4601 Sancta
2532 4546 2765 4616 synodus
2791 4546 2961 4601 dixit:
2988 4546 3188 4614 Etiam,
3209 4548 3789 4616 domine,'audivimus.

2214 4640 2269 4689 et
2295 4642 2509 4703 oportet
2531 4634 2824 4704 suscipere.

2286 4723 2543 4780 Tarasius
2570 4725 2944 4781 sanctissimus
2973 4727 3277 4796 patriarcha
3305 4729 3443 4784 dixit
3477 4716 3671 4800 {Quin
3705 4747 3796 4804 po-

2216 4818 2325 4872 tius
2352 4827 2406 4872 et
2432 4817 2614 4887 plures
2641 4833 2826 4872 eorum
2851 4820 2941 4888 qui
2970 4820 3020 4872 in
3049 4830 3201 4875 sexta
3232 4832 3418 4880 sancta
3447 4826 3655 4894 synodo
3675 4840 3793 4881 con-

2216 4908 2505 4972 sederunt,
2537 4924 2565 4962 a
2596 4906 2812 4979 Sergio,
2850 4909 3090 4981 Pyrrho,
3130 4911 3323 4977 Paulo,
3354 4923 3410 4967 et
3446 4915 3638 4981 Petro,
3668 4931 3795 4986 prte-

2218 4998 2524 5067 ceptoribus
2562 4997 2813 5053 videlicet
2854 4998 3122 5054 haereseos
3165 5017 3326 5056 unam
3367 5003 3702 5061 voluntatem
3745 5005 3793 5059 in

2219 5088 2435 5143 Christo
2475 5087 2883 5158 praedicandum
2909 5127 2926 5154 ,
2963 5090 3195 5145 ordinati
3247 5102 3403 5158 sunt;
3454 5096 3708 5164 quoniam
3744 5096 3793 5150 hi

2222 5178 2457 5228 vil-issim
2487 5177 3027 5232 Constantinopolms
3061 5182 3312 5232 thronum
3350 5185 3526 5239 sortiti
3563 5196 3718 5250 sunt;
3748 5192 3797 5239 et
