3924 5718
179 411 268 467 235

177 525 378 576 scuntur
424 535 440 573 :
493 527 550 576 et
588 528 868 591 propterea
918 534 1024 576 non
1072 528 1198 575 sunt
1241 519 1532 590 improbati
1579 536 1594 574 :

178 611 544 681 quinquaginta
601 613 741 666 enim
794 627 962 667 annos
1019 621 1145 666 tunc
1203 612 1423 666 haeresis
1473 611 1736 680 perdura-

175 703 256 755 vit.
301 699 408 755 Sed
461 708 630 757 sexta:
675 701 862 772 synodi
907 701 1094 757 Patres
1141 701 1284 771 ipsos
1329 709 1564 770 quatuor
1610 715 1740 753 ana-

175 792 664 858 thematizaverunt,
705 809 1008 865 quanquam
1029 793 1296 848 ordinatio
1321 807 1508 848 eorum
1531 799 1732 846 essent.

229 883 421 941 Sancta
458 887 694 958 synodus
727 885 861 941 dixit
894 903 906 939 :
945 884 1160 940 Clarum
1195 893 1297 940 est.

229 975 606 1032 Constantinus
646 976 1017 1032 sanctissimus
1045 975 1325 1046 episcopus
1353 972 1513 1044 Cypri
1555 972 1688 1027 dixit
1719 990 1733 1026 :

173 1063 495 1122 Suﬁicienter
536 1075 972 1134 ostensum-est,
1014 1066 1465 1122 honorabilissimi
1517 1065 1734 1131 fratres,

171 1171 216 1217 et
254 1161 317 1216 de
360 1160 500 1226 hoc,
543 1161 668 1232 quia
714 1161 805 1231 qui
845 1161 913 1216 ab
942 1159 1210 1216 haereticis
1239 1161 1527 1224 accedunt,
1569 1159 1736 1213 susci-

168 1253 327 1326 piendi
376 1261 525 1306 sunt.
587 1251 644 1307 Si
681 1251 801 1322 quis
848 1260 1026 1306 autem
1082 1250 1259 1305 studio
1307 1250 1374 1304 ad
1421 1251 1734 1305 haereticum

171 1342 312 1410 ierit,
361 1350 418 1398 et
461 1342 764 1414 susceperit
802 1341 1217 1408 ordinationem,
1262 1339 1382 1397 sine
1425 1339 1735 1409 receptione

225 1523 672 1580 Reverendissimi
719 1524 965 1579 monachi
1010 1525 1261 1579 dixerunt
1299 1539 1314 1578 :
1362 1521 1634 1578 Habemus
1679 1527 1735 1576 et

169 1612 222 1668 de
245 1613 342 1670 hoc
362 1615 538 1670 sancti
565 1613 741 1670 Basilii
767 1613 1048 1685 epistolam
1075 1614 1141 1669 ad
1163 1612 1518 1683 Nicopolitas;
1549 1620 1604 1666 et
1630 1608 1732 1666 ob-

168 1718 424 1761 secramus
456 1705 584 1776 legi.

224 1797 477 1852 Tarasius
513 1797 890 1854 sanctissimus
925 1797 1234 1869 patriarcha
1262 1796 1398 1851 dixit
1431 1813 1443 1850 :
1472 1795 1727 1866 Legatur.

222 1888 600 1946 Constantinus
622 1889 881 1946 diaconus
913 1899 968 1946 et
993 1889 1236 1945 notarius
1262 1888 1407 1960 legit.

334 2022 412 2077 De
438 2022 660 2094 cpistola
685 2022 854 2079 sancti
872 2022 1060 2078 Basilii
1083 2022 1153 2078 ad
1184 2019 1533 2091 Nicopolitas.

222 2152 406 2209 Nescio
455 2156 802 2225 episcopum,
863 2166 967 2209 nec
1032 2149 1536 2207 connumeraverim
1593 2148 1736 2202 inter

164 2245 455 2302 Sacerdotes
485 2245 721 2311 Chriisti,
752 2259 876 2300 eum
906 2244 997 2314 qui
1045 2259 1074 2298 a
1116 2243 1357 2314 profanis
1400 2241 1648 2297 manibus
1678 2240 1733 2294 in

164 2334 569 2392 destructionem
603 2334 728 2390 ﬁdei
761 2334 829 2390 ad
867 2335 1238 2407 pnelationem
1267 2342 1557 2404 provectus
1603 2340 1686 2385 est
1715 2348 1728 2384 :

165 2427 256 2486 hoc
274 2438 351 2485 eat
365 2428 633 2498 judicium
663 2442 861 2482 meum.
890 2425 1000 2482 Vos
1026 2435 1205 2481 autem
1228 2426 1274 2481 si
1306 2425 1538 2494 aliquam
1570 2425 1736 2483 habe-

165 2520 228 2576 tis
253 2520 526 2575 nobiscum
559 2517 884 2588 portionem,
909 2517 1024 2573 haec
1052 2517 1328 2572 nobiscum
1357 2516 1541 2586 procul
1571 2517 1732 2571 dubio

166 2610 392 2666 sentietis
420 2626 434 2663 :
465 2617 526 2664 at
558 2621 688 2664 vero
725 2608 772 2662 si
801 2623 832 2661 a
868 2607 1155 2678 nobisipsis
1183 2606 1464 2662 consilium
1494 2605 1730 2671 sumitis,

167 2700 517 2770 unusquisque
528 2712 642 2753 sua:
657 2697 938 2752 sententiae
949 2697 1198 2753 dominus
1217 2704 1319 2752 est.
1338 2695 1444 2750 Nos
1459 2703 1638 2751 autem
1654 2698 1734 2752 in-

167 2791 650 2859 sontesasanguine
666 2789 789 2844 isto.
809 2789 975 2845 Porro
1004 2789 1116 2844 haec
1146 2787 1356 2858 scripsi,
1377 2785 1564 2842 nonde
1581 2786 1732 2844 vobis

173 2881 393 2938 dilﬁtlens
415 2923 430 2949 ,
457 2882 553 2937 sed
580 2881 938 2952 quorumdam
964 2879 1354 2935 haesitationem
1381 2875 1729 2941 conﬁrmans,

166 2984 228 3026 ex
247 2987 304 3028 eo
325 2972 467 3042 quod
492 2982 675 3028 notam
697 2973 891 3028 faciam
915 2986 1088 3026 meam
1121 2969 1287 3040 ipsius
1315 2967 1634 3023 sententiam
1664 2966 1731 3022 de

167 3076 264 3116 non
283 3063 625 3119 admittendis
645 3063 965 3134 quibusdam
997 3063 1050 3116 in
1071 3060 1530 3124 communionem,
1556 3073 1730 3128 neque

167 3138 262 3209 illis
305 3157 392 3227 qui
444 3172 642 3212 manus
689 3172 876 3212 eorum
920 3155 1312 3226 promotionem
1360 3161 1726 3223 sumpserunt.

887 405 1440 466 INTER‘PRETATIO
1475 404 1723 464 SYNODI
1761 404 1850 462 νη
1887 402 2292 463 GENERAIJS.
2330 432 2405 449 —
2433 401 2639 463 ACTIO
2668 402 2735 461 ll.

1642 534 1740 590 per
1763 525 1815 585 Α
1841 519 2072 590 cogitate
2099 519 2456 591 vosmetipsos
2489 532 2845 575 annumerare
2883 525 3242 576 sacrosanctae
3291 519 3408 589 ple-

3297 399 3405 463 134

1837 608 2084 664 nitudini.
2139 610 2277 666 Ecce
2306 612 2447 667 enim
2488 617 2544 665 et
2583 617 2703 681 post
2738 624 2924 682 pacem
2961 610 3017 667 hi
3051 610 3141 680 qui
3175 610 3412 667 ordinati

1836 711 1982 770 sunt,
2006 719 2112 760 non
2152 704 2500 775 recipiuntur.
3253 685 3264 696 ’

1909 794 2162 852 Tarasius
2189 796 2560 850 sanctissimus
2585 793 2888 866 patriarcha
2914 793 3048 850 dixit
3080 811 3093 848 :
3127 792 3242 849 Non
3271 792 3415 852 dixit

1836 884 2016 953 Pater,
2050 901 2155 941 non
2183 885 2517 957 recipiendos
2543 886 2688 952 fore;
2723 886 2814 942 sed
2843 901 2910 941 ne
2939 885 3076 941 forte
3094 886 3410 943 violentiam

1837 976 2186 1042 sustinerent,
2210 976 2300 1046 qui
2323 976 2617 1033 voluissent
2636 977 2775 1031 uniri
2799 977 2944 1032 clero
2964 976 3409 1033 orthodoxorum.

1837 1065 2048 1122 Etenim
2075 1068 2128 1122 in
2153 1068 2379 1123 veritate
2401 1082 2506 1122 non
2533 1069 2736 1138 absque
2757 1068 3077 1123 necessitate
3097 1082 3163 1126 ac
3185 1066 3416 1124 diﬁicul-

1837 1163 1948 1210 tate
1973 1157 2076 1212 hoc
2104 1156 2212 1211 lict.
2244 1156 2625 1212 Verumtamen
2650 1156 2898 1228 egregius
2928 1155 3089 1212 Pater
3133 1169 3232 1228 per
3277 1163 3416 1212 tem-

1834 1263 1936 1319 pus
1964 1247 2114 1314 illud,
2145 1264 2268 1304 cum
2283 1260 2463 1304 essent
2488 1250 2771 1305 orthodoxi
2793 1250 3028 1321 episcopi
3055 1247 3294 1320 plurimi,
3324 1247 3413 1303 in-

1835 1337 2132 1393 terdicebat
2175 1338 2404 1392 alumnis
2424 1338 2674 1394 Ecclesiae
2699 1338 3034 1395 ordinatione
3074 1339 3149 1394 uti
3182 1337 3412 1392 Ariano-

1834 1445 1953 1485 rum
1975 1447 1986 1483 :
2004 1428 2145 1484 nulla
2159 1430 2298 1485 enim
2313 1429 2550 1486 defensio
2569 1431 2772 1486 aderat.
2791 1429 2924 1498 Quia
2946 1431 3087 1487 enim
3107 1431 3208 1489 hoc
3222 1442 3412 1492 verum

1833 1528 1936 1586 est,
1972 1529 2027 1576 et
2060 1536 2166 1575 non
2199 1521 2518 1590 ignorabant
2542 1536 2758 1577 sensum
2795 1522 2973 1578 Patris
2998 1525 3051 1579 hi
3077 1527 3166 1595 qui
3191 1536 3315 1598 post
3346 1528 3416 1585 ll-

1833 1612 1943 1668 lum
1975 1621 2103 1669 sunt
2136 1611 2390 1667 Ecclesiae
2425 1625 2787 1677 successores,
2813 1614 2879 1668 ab
2906 1613 3174 1671 haereticis
3196 1603 3414 1674 consti-

1836 1713 1997 1770 tutos,
2031 1705 2224 1760 deinde
2256 1705 2566 1760 melioratos
2593 1714 2981 1775 susceperunt,
3025 1715 3087 1761 ut
3129 1708 3414 1766 didicimus

1831 1812 1930 1868 per
1959 1796 2047 1852 illa
2077 1812 2197 1868 quae
2228 1797 2479 1868 praelecta
2515 1807 2660 1852 sunt.
2688 1795 2895 1868 Ubique
2919 1798 3064 1853 enim
3089 1797 3278 1855 Patres
3306 1800 3410 1856 sibi

1835 1891 2064 1947 invicem
2089 1891 2482 1946 concordantes
2507 1898 2650 1954 sunt,
2679 1904 2781 1946 nec
2803 1890 2945 1945 inest
2977 1889 3084 1946 illis
3121 1890 3414 1963 refragatio

1834 1982 1938 2036 ulla
1966 1999 1982 2049 ;
2013 1982 2108 2038 sed
2143 1982 2500 2037 adversantur
2529 1982 2609 2038 eis
2649 1983 2742 2052 qui
2791 1982 3228 2053 dispensationes
3248 1992 3306 2040 et
3327 1984 3414 2041 ln-

1834 2073 2103 2128 tentiones
2124 2087 2310 2127 eorum
2340 2072 2562 2127 minime
2590 2072 2913 2129 didicerunt.

1908 2165 2360 2220 Reverendissimi
2398 2165 2645 2221 monachi
2671 2165 2926 2222 dixerunt
2953 2185 2967 2223 :
2995 2166 3244 2241 Congrua
3267 2185 3416 2242 quae-

1833 2269 1938 2325 que
1961 2254 2219 2309 dissoluta
2247 2264 2391 2310 sunt.

1906 2347 2101 2402 Sancta
2147 2349 2383 2419 synodus
2429 2347 2566 2403 dixit
2596 2365 2609 2403 ε
2639 2347 2846 2420 Legant
2885 2358 3125 2408 astantes
3176 2353 3414 2424 episcopi

1833 2439 2081 2510 proprios
2107 2438 2333 2506 libellos,
2359 2447 2612 2509 tanquam
2638 2440 2957 2498 accedentes
2990 2443 3056 2498 ad
3082 2443 3411 2503 catholicam

1832 2531 2148 2586 Ecclesium.

1905 2620 2160 2676 Tarasius
2201 2621 2572 2677 sanctissimus
2619 2621 2926 2691 patriarcha
2974 2623 3109 2679 dixit
3151 2642 3166 2678 :
3207 2621 3414 2697 Legant

1833 2705 2114 2784 postquam
2167 2713 2394 2767 duorum
2443 2711 2799 2782 capitulorum
2851 2729 2969 2782 quae
3010 2717 3411 2785 quaerebantur,

1834 2804 2104 2860 subtiliter
2144 2818 2308 2858 causa
2341 2803 2641 2859 examinata
2677 2813 2780 2870 est,
2831 2812 2939 2860 tam
2968 2805 3174 2862 scilicet
3219 2808 3285 2864 de
3329 2809 3414 2865 his

1833 2897 1923 2967 qui
1949 2897 2014 2950 ab
2043 2894 2310 2949 hmreticis
2340 2903 2465 2949 sunt
2485 2895 2721 2950 ordinati
2750 2935 2764 2961 ,
2791 2910 2952 2966 quam
2989 2897 3055 2952 de
3083 2897 3169 2952 his
3193 2899 3284 2969 q-ui
3316 2915 3410 2955 ac-

1833 2986 2032 3041 cedunt
2085 2985 2151 3038 ab
2195 2984 2390 3039 lueresi
2446 2985 2513 3040 ad
2565 2994 2804 3040 sanctam
2861 2986 3180 3043 catholicam
3226 2977 3414 3046 Eccle-

1833 3078 1991 3132 siam.
3131 3126 3137 3131 _

1905 3167 2163 3238 Hypatius
2201 3168 2481 3238 cpiscopus
2536 3167 2728 3223 Nicmzn
2779 3169 2905 3240 legit
2949 3169 3184 3226 libellum
3230 3187 3409 3228 suum.

168 3245 436 3319 Propterea
463 3263 598 3319 pace
626 3247 792 3315 facta,
815 3248 1051 3318 cogitate
1084 3245 1439 3314 vosmetipsos
1465 3257 1728 3298 annume-

1851 3258 1927 3314 Est
1955 3267 2131 3313 autem
2163 3259 2277 3329 ipse
2304 3259 2534 3323 libellus,
2559 3274 2717 3329 quem
2744 3269 2801 3316 et
2830 3260 3059 3318 Basilius
3079 3265 3414 3320 reverendis-

168 3351 656 3399 raresacrosanctze
672 3342 989 3413 plenitudini
1020 3338 1159 3413 |Gr.,
1193 3347 1249 3394 et
1277 3355 1344 3392 ne
1371 3351 1563 3391 manus
1583 3336 1730 3405 ipso-

169 3446 273 3484 rum
301 3433 641 3503 impositione
679 3443 922 3503 accepta,
946 3429 1285 3503 postmodum
1315 3443 1447 3500 pace
1471 3426 1610 3482 facta
1638 3441 1732 3482 co-

169 3533 342 3578 nentur
367 3526 575 3595 seipsos
612 3523 856 3596 annum].

229 3615 682 3672 Reverendissimi
736 3613 984 3671 monachi
1042 3613 1292 3669 dixerunt
1333 3611 1520 3667 :Eece
1568 3610 1733 3666 Pater

170 3717 463 3762 exsecratur
521 3707 899 3762 haereticorum
949 3704 1377 3767 ordinationem,
1432 3700 1659 3757 dicendo
1709 3717 1724 3755 :

171 3791 331 3867 Neque
354 3799 855 3854 connumeraverim
876 3797 1016 3852 inter
1035 3796 1340 3850 sacerdotes
1377 3793 1576 3850 Christi
1604 3808 1728 3847 eum

171 3888 248 3957 qui
286 3905 315 3944 a
349 3889 588 3960 profanis
627 3891 878 3946 manibus
924 3889 978 3943 in
1020 3886 1442 3944 destructionem
1487 3883 1613 3940 ﬁdei
1659 3882 1728 3942 ad

171 3980 522 4050 praelationem
547 3992 834 4054 provectus
863 3988 967 4036 est.

227 4067 476 4126 Tarasius
517 4070 894 4126 sanctissimus
937 4067 1245 4140 patriarcha
1290 4067 1424 4122 dixit
1466 4083 1479 4120 :
1516 4064 1582 4119 Et
1627 4078 1729 4136 ego

167 4170 400 4216 exsecror
422 4177 519 4218 eos
546 4163 636 4232 qui
662 4162 733 4217 ob
762 4159 1065 4229 hujusmodi
1112 4173 1331 4214 causam
1367 4165 1420 4213 et
1464 4156 1586 4210 ﬁdei
1633 4156 1729 4210 de-

169 4255 499 4310 structionem
541 4263 662 4310 sunt
709 4255 972 4319 ordinati;
1013 4262 1066 4307 et
1117 4253 1351 4307 maxime
1399 4252 1446 4306 si
1490 4247 1727 4319 cpiscOpi

168 4345 433 4402 orthodoxi
462 4355 756 4416 praesentes
783 4345 1020 4411 fuerunt,
1061 4361 1090 4399 a
1115 4345 1310 4416 quibus
1335 4351 1582 4414 poterant
1602 4357 1732 4398 con-

168 4439 348 4492 secrari
378 4457 393 4490 :
419 4438 500 4492 sic
529 4438 672 4492 enim
719 4447 804 4493 est
848 4447 1107 4508 paternus
1152 4452 1359 4492 sensus.
1407 4436 1502 4490 Sin
1549 4445 1726 4491 autem

168 4530 400 4598 synodica
417 4530 778 4601 promulgatio
796 4539 850 4584 et
872 4529 1161 4586 concordia
1192 4528 1538 4584 ecclesiarum
1564 4542 1726 4584 causa

166 4623 480 4679 orthodoxire
526 4623 663 4679 facta
712 4623 900 4688 fuerit,
946 4624 1035 4694 qui
1068 4623 1469 4694 prmsumpserit
1496 4638 1525 4676 a
1552 4620 1730 4693 profa-

167 4716 239 4767 nis
257 4715 520 4772 haereticis
564 4717 840 4782 ordinari,
871 4716 1187 4785 depositioui
1225 4715 1557 4770 succumbet.
1651 4708 1708 4715 M

225 4802 415 4860 Sancta
448 4807 681 4878 synodus
707 4806 844 4862 dixit
874 4823 887 4858 :
932 4805 1043 4860 Hoc
1074 4803 1274 4873 justum
1303 4804 1585 4874 judicium.

222 4891 664 4952 Reverendissimi
697 4895 949 4952 monachi
973 4896 1221 4951 dixerunt
1245 4911 1258 4948 :
1290 4894 1357 4949 Et
1381 4892 1650 4963 quomodo
1674 4890 1730 4947 in

165 4975 262 5035 ﬁne
303 4985 541 5054 epistola:
581 4988 842 5058 scriptum
890 4994 973 5038 est
1002 5002 1015 5037 :
1042 4983 1334 5055 Propterea
1385 4996 1518 5054 pace
1564 4981 1726 5046 facta,

170 5173 1502 5200 Ἦ

1832 3352 2002 3406 simus
2025 3351 2308 3422 episcopus
2343 3352 2736 3424 Ancyrcnsium
2767 3353 2911 3407 fecit.

1903 3443 2011 3498 Leo
2038 3444 2320 3513 episc0pus
2343 3443 2554 3507 Rhodi,
2586 3441 2836 3498 Nicolaus
2871 3442 3238 3515 l-lierapoleos,
3266 3448 3409 3504 Gre-

1833 3536 2015 3606 gorius
2044 3535 2437 3598 Pessinuntius,
2476 3535 2768 3602 Gregorius
2787 3534 3094 3610 [Georgius]
3113 3540 3414 3598 Antiochia:

1831 3628 2066 3696 Pisidiae,
2090 3628 2198 3684 Leo
2230 3627 2482 3699 Carpathl
2502 3667 2518 3694 ,
2544 3627 2788 3699 legerunt
2815 3629 3142 3700 exemplaria
3172 3630 3412 3700 ejusdem

1831 3719 2018 3776 libelli.

1903 3812 2159 3868 Tarasius
2184 3809 2555 3867 sanctissimus
2581 3809 2890 3881 patriarcha
2910 3809 3081 3866 dixit:
3113 3810 3414 3868 Professio-

1830 3905 1990 3960 nibus
2009 3903 2151 3960 notis
2173 3918 2267 3972 per
2286 3903 2571 3959 lectionem
2593 3901 2914 3967 libellorum,
2938 3903 2990 3957 in
3013 3901 3119 3958 alio
3143 3912 3412 3959 conventu

1831 3997 2068 4066 receptio
2092 4009 2279 4051 eorum
2323 3994 2434 4061 ﬁet,
2465 3994 2512 4050 si
2545 4008 2653 4050 non
2697 3993 2836 4050 inest
2864 3994 2917 4050 in
2952 3993 3058 4051 illis
3091 3993 3236 4052 aliud
3266 3995 3412 4067 quod

1829 4087 2132 4160 prohibeat.

1903 4177 2105 4232 Sancta
2141 4177 2378 4248 synodus
2403 4174 2540 4232 dixit
2574 4193 2587 4230 :
2617 4174 2740 4232 Fiat
2761 4176 2905 4232 sicut
2923 4174 3154 4244 iussisti.

1901 4267 1970 4322 Et
2010 4267 2062 4321 in
2095 4267 2177 4322 his
2203 4281 2497 4338 exsurgens
2527 4273 2712 4322 sancta
2762 4265 2998 4336 synodus
3031 4265 3268 4322 laudavit
3297 4266 3411 4324 ita:

1832 4360 2026 4416 Multos
2078 4375 2249 4416 annos
2296 4357 2914 4430 imperatorumllrenae
2964 4367 3018 4413 et
3077 4358 3414 4416 Constantini

1832 4466 2148 4524 magnorum
2171 4451 2474 4522 principum
2496 4459 2550 4506 et
2575 4450 2961 4518 imperatorum
2983 4447 3183 4504 multos
3200 4465 3368 4504 annos
3391 4451 3408 4504 t

1833 4545 2266 4601 Orthodoxorum
2297 4543 2681 4613 imperatorum
2707 4539 2905 4595 multos
2941 4554 3112 4595 annos
3145 4542 3158 4596 ι
3193 4541 3415 4610 Deposi-

1836 4648 1982 4693 tores
2003 4651 2192 4691 vocum
2216 4634 2468 4690 novitatis
2489 4648 2608 4702 qua:
2625 4632 2767 4688 facta
2788 4638 2891 4698 est,
2909 4631 3154 4702 Domine,
3181 4633 3372 4688 robora
3393 4633 3408 4686 !

1833 4727 1986 4782 Piam
2011 4726 2079 4784 .da
2113 4724 2277 4778 vitam
2311 4723 2393 4778 eis
2426 4724 2439 4777 !

1904 4816 2160 4874 Tarasius
2204 4815 2585 4873 sanctissimus
2611 4811 2921 4888 patriarcha
2949 4813 3128 4871 dixit:
3163 4814 3278 4883 Pax
3315 4811 3416 4872 Dei

1832 4911 2053 4972 sitcum
2073 4906 2326 4965 omnibus
2356 4907 2534 4968 nobis.
2559 4905 2753 4966 Amen.

1504 5165 3412 5204 Μ

1370 5305 1678 5384 ACTlO
1745 5307 2067 5389 SECUN
2076 5305 2232 5382 DA.

1590 5491 1956 5514 ψ

223 5611 280 5671 In
302 5618 516 5674 nomine
539 5616 744 5676 Domini
773 5624 837 5675 et
864 5615 1217 5675 dominatoris
1235 5618 1365 5678 Jesu
1395 5615 1594 5674 Christi
1615 5621 1729 5678 veri

155 5698 195 5718 λ

1829 5625 2104 5677 coronatae
2158 5613 2378 5675 matris
2439 5611 2594 5684 ejus,
2687 5623 2832 5674 anno
2887 5605 3204 5664 consulatus
3268 5607 3455 5656 eorum
3546 5646 3548 5648 τ

2856 5711 2875 5718 -
2907 5694 3096 5718 :-.,l:-_.:
3114 5714 3127 5718 -
3143 5714 3165 5718 __
