3924 5406
155 371 256 443 151

840 378 1394 437 INTERPRETATIO
1426 377 1676 438 SYNODI
1711 377 1805 436 VI
1835 377 2241 436 GENERALIS.
2282 409 2349 420 —
2381 379 2583 445 Αοτιο
2616 380 2676 436 ll.

3277 385 3388 444 238

155 495 464 556 Theodorus
500 485 876 551 Catanensium
920 490 1226 562 episcopus,
1275 497 1330 544 et
1365 491 1454 560 qui
1503 504 1624 544 eum
1655 503 1722 545 eo
1747 491 1798 553 Α
1821 497 2009 544 ctuosa
2035 501 2220 542 amore
2246 491 2555 554 adoramus,
2597 501 2849 560 tanquam
2872 491 2938 546 ad
2963 453 3158 547 nomen
3186 490 3387 549 Christi

155 599 230 648 est
263 587 744 644 reverendissirms
768 585 1026 640 diaconus
1053 583 1401 654 Epiphanius,
1419 582 1510 652 qui
1540 582 1718 637 locum

155 691 293 738 tenet
326 679 719 749 archiepiscopi
766 677 1046 731 Sardinize.
1078 674 1250 730 Ambo
1279 674 1422 730 enim
1468 689 1564 743 per
1603 675 1716 743 jus-

152 768 352 826 sionet'n
407 762 624 839 piorum
676 763 1058 837 imperatorum
1118 771 1424 819 nostrorum
1489 763 1715 834 profecti

153 871 270 917 mut
310 857 543 916 Romam
583 868 704 914 cum
743 857 1192 913 revere‘ndissimo
1220 855 1567 926 apocrisiario
1588 857 1713 910 san-

153 953 372 1011 ctissimi
399 952 722 1024 patriarchae
746 951 939 1005 nostri.

213 1043 532 1099 Theodorus
559 1042 670 1097 Deo
696 1039 942 1095 amabilis
983 1038 1269 1109 episcopus
1295 1034 1514 1090 Catanae
1541 1035 1678 1089 dixit
1699 1051 1718 1089 ι

149 1136 238 1194 Pio
258 1136 489 1206 imperio
509 1135 732 1206 jnbente
768 1145 866 1204 per
896 1129 1237 1187 honorabiles
1269 1128 1539 1199 jussiones
1568 1141 1718 1188 suas,

150 1228 355 1282 mittere
384 1225 624 1281 Leonem
650 1224 750 1279 Dei
778 1224 1036 1279 cultorem
1069 1221 1462 1292 presbyterum,
1495 1218 1588 1288 qui
1611 1229 1734 1272 una;

149 1329 354 1376 mecum
407 1321 494 1374 eet
548 1327 736 1375 servus
776 1308 971 1372 vestrae
1022 1313 1339 1377 sanctitatis,
1394 1311 1556 1367 simul
1596 1325 1718 1365 cum

146 1412 374 1483 pretiosa
403 1405 634 1480 episth
679 1407 1028 1464 sacratissimi
1074 1405 1275 1460 domini
1308 1405 1410 1458 mei
1451 1421 1464 1456 :

148 1503 262 1558 colit
307 1502 653 1557 sanctitatem
686 1507 939 1564 vestram,
996 1497 1295 1552 Siculorum
1339 1496 1546 1550 scilicet
1585 1508 1728 1550 mete-

146 1595 440 1665 provinciae'
460 1593 809 1665 magi’strarns
852 1587 1166 1664 [Strategusj
1195 1589 1339 1644 misit
1375 1604 1463 1643 me
1492 1587 1717 1642 Romam

147 1698 263 1743 cum
305 1689 398 1758 pia
452 1687 702 1757 jussione'
739 1685 1159 1741 orthodoxorum
1192 1682 1582 1752 imperatorum
1625 1694 1728 1734 no-

145 1789 394 1838 strorum.
438 1779 539 1847 Qui
587 1780 866 1842 abeuntes,
893 1777 964 1847 pii
995 1773 1204 1845 imperii
1252 1787 1438 1828 eorum
1480 1771 1636 1825 ﬁdem
1664 1777 1724 1826 et

146 1873 520 1929 orthodoxiam
561 1870 1015 1927 denuntiavinms.

206 1961 269 2019 Et
295 1957 648 2018 beatissimus
677 1971 816 2030 papa
837 1958 1058 2014 audiens
1078 1954 1215 2010 dixit
1240 1969 1254 2008 :
1287 1953 1421 2021 Quia
1447 1953 1492 2006 si
1530 1952 1581 2006 in
1611 1951 1723 2006 die-

144 2051 236 2108 bus
279 2050 498 2121 imperii
528 2061 715 2104 eorum
758 2047 958 2102 factum
1005 2044 1168 2099 fuerit
1218 2043 1343 2107 hoc,
1375 2040 1721 2110 magniﬁcare

147 2143 292 2200 habet
324 2141 478 2196 Deus
513 2141 659 2210 pium
700 2139 981 2209 imperium
1007 2149 1192 2190 eorum
1222 2145 1384 2204 super
1415 2132 1590 2202 priora
1638 2145 1722 2186 re-

144 2245 256 2309 gna.
292 2235 442 2290 Hinc
470 2242 529 2288 et
555 2233 950 2304 suggestionem
982 2244 1103 2300 qua:
1123 2227 1257 2282 lecta
1286 2234 1390 2290 est,
1423 2223 1728 2280 transmisit.

145 2329 206 2385 ad
248 2327 378 2399 pios
425 2327 784 2397 imperatores
833 2329 1048 2376 nostros
1098 2333 1205 2372 una
1257 2331 1380 2371 eum
1415 2315 1608 2369 litteris
1653 2313 1728 2374 ad

143 2425 492 2480 sanctitatem-
531 2430 786 2484 vestram,
814 2427 876 2471 et
896 2415 1111 2472 vicariis
1149 2413 1262 2468 suis
1287 2411 1377 2482 qui
1407 2410 1494 2464 hic
1537 2406 1726 2478 praesi-

143 2515 319 2570 dentes
354 2510 578 2569 adsunt.
1719 2553 1721 2556 .

206 2609 436 2665 Cosmus
467 2607 748 2667 diaconus,
779 2599 1022 2657 nota-rius
1057 2605 1112 2654 et
1158 2593 1499 2651 cuhnclesius
1545 2589 1679 2645 dixit
1703 2603 1726 2644 ::

145 2701 205 2755 Et
249 2701 375 2754 aliae
424 2698 606 2752 missa:
653 2701 780 2748 sunt
831 2692 1020 2746 litterae
1045 2703 1074 2742 a
1104 2685 1445 2742 sanctissimo
1475 2696 1607 2751 papa
1639 2693 1724 2734 se—

146 2777 543 2846 nioriS'Roma‘.
573 2785 648 2839 ad
670 2781 952 2837 Tarasium
991 2775 1388 2834 sanctissimum
1424 2780 1477 2827 et
1508 2769 1722 2826 univer-

145 2882 300 2939 salem
335 2878 721 2950 patriarcham
741 2879 1016 2936 nostrum;
1044 2877 1102 2926 et
1126 2869 1262 2922 sicut
1279 2864 1503 2935 jusserit
1534 2867 1724 2918 sancta

147 2972 384 3030 collectio
405 2969 615 3033 vestra,
643 2975 697 3021 et
722 2967 788 3020 de
819 2965 902 3018 his
936 2962 1048 3018 lict.

209 3065 412 3121 Sancta
445 3061 684 3132 synodus
714 3059 850 3113 dixit
881 3074 895 3111 :
928 3055 1222 3127 Legantur.

209 3155 436 3210 Cosmas
465 3150 758 3222 pradietus
786 3148 914 3218 legit
940 3161 954 3200 :

148 3259 385 3338 Episfoht‘
428 3255 652 3317 Adriani
694 3258 1008 3338 sanctissimi
1054 3269 1203 3338 ηᾳηςε
1249 3251 1467 3338 senioris
1517 3249 1718 3338 lienus,

207 3341 551 3407 interpretata
591 3349 656 3388 ex
697 3329 1006 3383 Latinorum
1049 3322 1273 3379 dictione
1322 3324 1376 3376 in
1420 3322 1721 3378 Gratcorum

208 3423 415 3462 πρεπῆ.-
503 3451 506 3455 -
819 3457 822 3460 ,

402 3496 542 3551 Vide
565 3492 767 3550 Patrol.
802 3500 912 3545 tom
952 3487 1132 3552 XCVI,
1163 3485 1266 3541 col.
1300 3484 1484 3555 1255.)

205 3607 404 3664 Petrus
430 3613 486 3660 et
511 3604 710 3658 Petrus
733 3595 1162 3654 reverendissimi
1191 3594 1486 3665 presbyteri
1533 3609 1596 3648 ac
1639 3595 1721 3648 vi-

146 3701 274 3758 carii
311 3695 652 3756 sanctissimi
677 3707 828 3763 papae
855 3688 1082 3744 senioris
1119 3687 1301 3745 Romae
1329 3687 1548 3740 Adriani
1576 3686 1726 3743 dixe.

145 3803 304 3848 runt:
336 3791 494 3846 Dicat
523 3787 684 3843 nobis
707 3782 1082 3840 sanctissimus
1119 3778 1431 3850 patriarcha
1466 3778 1724 3842 Tarasius

145 3884 304 3953 regiae
350 3880 625 3944 civitatis,
678 3877 727 3934 si
785 3873 1086 3932 consentiat
1142 3869 1336 3928 litteris
1396 3868 1720 3925 sanctissimi

147 3991 290 4049 papae
318 3975 554 4034 senidris
581 3967 769 4026 Rerum
797 3967 1042 4032 Adriani,
1071 3979 1296 4018 art-.non.
1708 4019 1710 4022 I

211 4071 472 4128 Taraslus
497 4059 872 4122 sanctissimus
894 4057 1204 4131 patriarcha
1232 4054 1369 4109 dixit
1399 4072 1411 4108 :
1458 4052 1724 4108 Sacratis-

147 4165 308 4217 simus
347 4160 554 4215 Paulus
589 4153 884 4226 apostolus,
912 4150 1005 4220 qui
1051 4148 1349 4206 illustratus
1393 4154 1476 4200 est
1523 4135 1722 4200 lumine

147 4253 367 4317 Christi,
410 4259 465 4305 et
500 4246 694 4319 genuit
712 4255 810 4298 nos
839 4257 932 4312 per
957 4237 1327 4306 Evangelium,
1367 4251 1489 4290 cum
1528 4235 1724 4309 Roma-7

151 4337 228 4397 uis
250 4337 546 4402 scriberet,
591 4336 896 4405 approbatis
940 4330 1175 4384 studium
1219 4328 1441 4382 sincera:
1471 4327 1590 4381 ﬁdei
1633 4341 1724 4380 co-

151 4447 283 4494 rum,
313 4445 477 4500 quam
514 4429 572 4482 in
598 4425 874 4480 Christum
903 4434 1088 4474 verum
1120 4416 1287 4470 Deum
1329 4415 1618 4477 habebant,
1646 4415 1723 4486 sic

151 4524 258 4576 ait:
307 4518 470 4572 Fides
521 4526 692 4570 castra
736 4509 1079 4565 auunntiatur
1128 4501 1182 4559 in
1245 4506 1478 4558 universo
1533 4503 1724 4560 mundo

151 4611 316 4684 (Rom.
348 4609 392 4682 ι)
426 4628 437 4662 :
479 4609 582 4662 hoc
610 4601 977 4662 testimonium
1021 4597 1170 4666 sequi
1206 4593 1567 4650 necessarium
1617 4601 1720 4657 est,

151 4713 200 4758 et
227 4700 530 4757 inconsulte
571 4697 681 4767 agit
723 4692 969 4764 quiihuic
1005 4695 1232 4744 conatur
1267 4687 1537 4741 resistere.
1570 4684 1721 4760 Unde

152 4785 416 4848 Adrianus
445 4789 638 4861 praesul
663 4783 897 4842 senioris
917 4782 1116 4845 Batnae,
1140 4794 1259 4832 cum
1285 4784 1430 4832 esset
1456 4775 1724 4845 particeps

153 4901 334 4940 eortuu
371 4884 458 4955 qui
503 4881 768 4952 pnedieto
803 4874 1110 4931 testimonio
1141 4870 1338 4926 muniri
1387 4879 1720 4934 meruerunt,

154 4976 374 5046 scripsit
421 4985 676 5041 expresse
723 4983 792 5023 ac
840 4965 1104 5020 veraciter
1152 4962 1254 5032 piis
1309 4958 1722 5029 imperatoribus

154 5068 373 5129 nostris,
427 5074 587 5132 atque
631 5063 696 5116 ad
743 5055 1101 5115 humilitatem
1145 5060 1406 5114 nostram,
1455 5049 1727 5124 afﬁrmans

156 5161 292 5225 bene
343 5173 414 5214 ac
458 5156 656 5225 optime
700 5168 760 5208 se
805 5147 1008 5204 habere
1053 5145 1327 5214 antiquam
1381 5140 1724 5195 traditionem

157 5250 409 5306 Ecclesia:
437 5245 725 5302 catholicze.
754 5241 894 5295 Nam
922 5245 972 5290 et
1002 5237 1098 5306 ipsi
1138 5250 1236 5289 nos
1261 5232 1550 5287 scrutando
1582 5231 1728 5306 Scri-

161 5346 364 5406 pturas,
411 5347 466 5392 et
513 5335 836 5406 syllo‘gistice
882 5325 1247 5396 approbando,
1288 5321 1466 5375 rimati
1497 5335 1720 5386 sumus:

1514 1402 1597 1456 ille
1627 1389 1728 1472 qui-

1818 578 1933 643 Dei,
1965 586 2020 632 et
2055 578 2384 634 intemerata:
2432 579 2660 635 domina:
2703 590 2903 636 sancte
2930 580 3024 636 Dei
3075 580 3386 650 Geuitricis,

1817 676 2235 739 sanctorumque
2285 670 2616 742 angelorum,
2668 686 2732 726 ac
2782 673 3021 728 omnium
3081 683 3389 746 sanctorum

1819 757 2006 822 factas,
2043 759 2482 834 manifestissime
2511 761 2563 816 in
2595 777 2760 816 unum
2789 763 2959 819 solum
3005 765 3172 820 Deum
3203 779 3387 834 verum

1816 851 2132 906 servitutem
2185 829 2330 924 [Cr.,
2381 851 2618 924 latriam]
2670 863 2724 908 et
2791 852 2950 909 fidem
3003 829 3252 911 nostram‘
3295 867 3393 926 po-

1819 950 2032 997 nentes.

1890 1050 2089 1108 Sancta
2118 1053 2353 1124 synodus
2379 1053 2513 1108 dixit
2545 1071 2558 1107 :
2591 1041 2727 1109 Tota
2753 1041 3118 1111 sacratissima
3142 1057 3396 1128 synodus

1818 1143 1892 1198 ita
1919 1145 2114 1211 credit,
2136 1147 2210 1201 ita
2247 1147 2412 1220 sapit,
2443 1148 2516 1202 ita
2549 1147 2895 1220 doguiati-zat.
2939 1182 2942 1184 η
3329 1207 3344 1222 ,

1886 1234 2086 1290 Petrus.
2102 1245 2158 1291 et
2184 1235 2376 1292 Petrus
2405 1238 2512 1292 Deo
2536 1238 2796 1294 amabiles
2820 1239 3120 1311 presbyteri
3147 1248 3204 1294 et
3229 1239 3392 1314 legati

1818 1328 2126 1397 apostolicae
2151 1330 2418 1386 cathedra:
2456 1330 2708 1386 dixerunt
2755 1349 2769 1386 :
2819 1333 2972 1388 Dicat
3015 1333 3171 1388 nobis
3206 1345 3402 1392 sancta.

1819 1418 2073 1487 synodus,
2093 1417 2381 1473 siadmittit
2410 1419 2616 1476 litteras
2643 1421 2964 1480 sanctissimi
2991 1438 3140 1494 papa:
3163 1425 3400 1481 senioris

1820 1506 2024 1574 Romae,
2057 1526 2124 1564 an
2160 1525 2288 1564 non.
2674 1527 2680 1532 '

1891 1618 2086 1677 Sancta
2138 1623 2378 1695 synodus
2419 1623 2590 1679 dixit:
2626 1623 2935 1694 Sequimur,
2965 1625 3020 1682 et'
3047 1628 3404 1700 suscipimus,

1820 1719 1874 1764 et
1898 1713 2247 1769 admittimus.

1887 1801 2119 1859 Joannes
2156 1794 2267 1860 beo
2305 1806 2551 1862 amabilis
2587 1807 2870 1880 presbyter
2905 1817 2959 1864 et
2984 1809 3189 1880 legatus
3213 1811 3394 1868 orieno

1825 1893 1945 1949 talis
1971 1895 2266 1952 dimeeseos
2293 1898 2465 1952 dixit:

1890 2007 2260 2081 Opportunum
2287 2021 2370 2068 est
2403 2013 2566 2068 etiam
2595 2013 2648 2068 in
2675 2015 2925 2085 przescnti
2957 2031 3077 2071 cum
3115 2015 3397 2074 Psalmista'

1821 2113 2016 2178 canere
2047 2119 2060 2154 :
2093 2101 2455 2157 Misericordia
2484 2113 2531 2157 et
2565 2105 2753 2159 veritas
2783 2105 3116 2160 obriarerunt
3152 2106 3270 2171 sibi,
3305 2106 3406 2177 juc-

1819 2193 1964 2245 stitia
2005 2203 2052 2246 et
2081 2209 2186 2262 pax
2219 2192 2498 2263 complexa:
2523 2205 2642 2248 sunt
2687 2211 2740 2249 sc
2767 2193 2936 2265 (Psal.
2972 2196 3210 2262 antv).
3241 2191 3399 2252 Mise-

1819 2283 2052 2339 ricordia
2075 2291 2128 2339 et
2156 2284 2356 2340 veritas
2382 2285 2582 2341 scimus
2603 2287 2727 2356 quia
2756 2287 3015 2342 Dominus
3038 2297 3220 2342 noster
3241 2281 3404 2344 Iesus

1820 2369 2066 2430 Christus
2093 2385 2176 2431 est
2211 2395 2222 2431 :
2255 2378 2664 2448 participatione
2695 2388 2874 2433 autem
2919 2377 3035 2447 ejus
3071 2378 3233 2434 etiam
3273 2383 3408 2434 san-5

1819 2467 2045 2522 etissimi
2073 2469 2394 2538 patriarchae
2419 2478 2473 2524 ct
2497 2470 2643 2524 orbis
2672 2479 2828 2524 terra:
2857 2479 3100 2541 pastores
3129 2475 3182 2525 et
3212 2470 3406 2525 dicun-

1823 2567 1908 2613 tur
1936 2567 1990 2613 et
2020 2570 2162 2614 sunt.
2194 2559 2402 2615 Etenim
2433 2562 2800 2617 misericordia
2830 2571 2884 2618 et
2913 2561 3113 2618 veritas
3139 2563 3408 2618 obviave-‘

1821 2650 2082 2713 runtsibi,
2109 2649 2377 2706 Adrianus
2394 2652 2598 2707 scilicet
2622 2652 2993 2707 sanctissimus
3017 2667 3151 2723 papa
3170 2652 3406 2708 seniorisl

1825 2733 2024 2804 Bonae,
2042 2740 2360 2796 etTarasius
2389 2741 2760 2797 sanctissimus
2785 2743 3092 2813 patriarcha
3124 2731 3398 2814 regnantis

1821 2830 2372 2902 Constantinpoleos.
2431 2831 2529 2900 Qui
2591 2848 2753 2886 unum
2817 2834 3111 2888 sentientes
3165 2841 3218 2888 et
3270 2848 3400 2888 con-

1821 2914 2054 2986 ﬁtentes,
2083 2923 2351 2992 justitiam
2393 2933 2447 2977 ct
2477 2938 2657 2992 pacem
2707 2924 2970 2995 complexi
3003 2929 3150 2979 sunt.
3196 2923 3402 2980 Phero-

1822 3029 1977 3084 nyma
2003 3012 2211 3084 [Coust.
2252 3030 2416 3067 unttm
2449 3014 2743 3070 sentientes
2778 3023 2833 3069 et
2861 3015 3200 3070 confitentes.
3229 3011 3406 3070 Justi-J

1824 3106 1972 3167 tiaet
1996 3111 2100 3173 pari
2125 3105 2379 3160 osculata:
2402 3101 2708 3177 sunt.l’hc.]
2733 3105 2874 3160 enim
2900 3103 3071 3172 lrene,
3098 3116 3149 3160 et
3181 3107 3405 3160 decreto

1754 3204 1800 3266 (ἶ
1831 3199 1922 3252 Dei
1954 3190 2184 3270 regnans
2214 3209 2267 3253 et
2294 3200 2565 3269 imperans
2598 3198 2815 3271 [nomen
2845 3199 3046 3253 habens
3083 3199 3160 3252 rei
3186 3197 3408 3276 veri-tati

1827 3304 2118 3344 consonum
2148 3303 2210 3343 ac
2226 3287 2576 3361 respondens]
2595 3306 2608 3352 ;
2626 3289 2878 3343 divinitus
2895 3296 3059 3352 mota,
3075 3297 3127 3342 et
3148 3289 3402 3342 decorem

1825 3377 2076 3434 Ecclesia:
2105 3379 2418 3435 desiderans
2443 3391 2604 3450 atque
2630 3381 2834 3445 volens,
2868 3380 3061 3434 litteris
3089 3395 3208 3443 usa,
3235 3379 3399 3448 justi-

1827 3459 1951 3528 tiam
1982 3474 2387 3545 pl'icrmaymam,
2418 3474 2808 3528 sanctissimam
2831 3471 3076 3527 videlicet
3103 3471 3402 3528 Ecclesium

1826 3561 2122 3639 Rutuanam
2150 3566 2392 3634 amplexa
2419 3573 2520 3630 est;
2546 3573 2599 3618 et
2621 3565 2782 3618 movit
2812 3564 2862 3616 in
2893 3562 3126 3617 medium
3148 3562 3398 3629 transire,

1824 3665 1878 3712 ct
1906 3672 2140 3726 praesens
2186 3665 2427 3711 sanctum
2466 3655 2734 3709 laetificare
2760 3653 3070 3724 collegium;
3104 3655 3197 3708 sed
3229 3663 3285 3709 et
3305 3667 3399 3709 or-

1824 3745 2112 3800 thodoxam
2157 3743 2458 3815 patefacere
2487 3743 2666 3800 fidem.
2701 3743 2766 3797 Et
2800 3753 2940 3797 nunc
2979 3741 3236 3814 gaudium
3282 3756 3400 3797 tua-ﬁ

1823 3821 1985 3910 gnum
2024 3834 2223 3892 factum
2257 3845 2340 3890 est
2391 3836 2441 3890 iu
2493 3834 2721 3890 lectione
2767 3847 3042 3890 sacrarum
3097 3832 3400 3889 litterarum

1824 3927 2148 3985 sanctissimi
2184 3943 2331 3999 papa:
2373 3928 2614 3994 Adriani,
2650 3934 2759 3982 tam
2790 3927 2855 3982 ad
2887 3927 3144 3983 divinitus
3182 3943 3402 3984 conser-

1824 4023 2023 4077 vandos
2040 4031 2092 4078 et
2116 4020 2581 4094 tranquillissimos
2606 4021 2958 4092 imperatores
2986 4023 3219 4086 nostros,
3237 4033 3398 4092 quam

1824 4115 1889 4170 ad
1917 4113 2312 4168 sanctissimum
2335 4121 2387 4166 et
2406 4120 2485 4165 ter
2503 4113 2714 4166 beatum
2742 4107 3401 4180 patriarchamTarasiuni

1824 4204 2245 4268 destinatarum;
2273 4211 2325 4257 et
2351 4217 2569 4273 inaguas
2607 4203 2658 4256 in
2688 4203 2790 4257 hoc
2813 4201 3020 4270 agimus
3035 4199 3144 4255 Deo
3169 4201 3399 4272 gratias,

1824 4296 1948 4364 quia
1994 4303 2141 4348 tanto
2181 4295 2474 4348 meruimus
2524 4292 2714 4363 gaudio
2763 4292 2966 4362 perfrui
3005 4302 3060 4349 et
3094 4293 3296 4349 laatitia.
3334 4292 3400 4350 Et

1825 4389 2140 4444 benedictus
2170 4387 2330 4451 Deus,
2361 4387 2450 4456 qui
2482 4387 2762 4440 suscitavit
2788 4387 2941 4440 nobis
2964 4386 3068 4441 tale
3091 4387 3396 4456 imperium,

1827 4481 1967 4552 quod
1995 4480 2276 4534 sollicitum
2322 4480 2390 4532 sit
2439 4492 2670 4545 semper,
2723 4486 2776 4532 et
2817 4478 3014 4531 excitet
3058 4477 3283 4547 populos
3331 4478 3400 4532 ad

1831 4590 1990 4627 tuunu
2015 4572 2500 4640 conspiramentum
2526 4577 2578 4622 et
2601 4570 3007 4622 unanimitatem
3036 4579 3196 4640 atque
3221 4577 3400 4624 custo-

1828 4668 1967 4721 diam
2006 4665 2303 4718 divinorum
2346 4677 2629 4726 canonum,
2663 4677 2753 4715 seu
2784 4661 3130 4715 tratlitionum
3171 4660 3400 4716 sanctis-

1828 4758 1976 4812 sima:
2012 4753 2282 4809 Ecclesiae.
2313 4751 2417 4808 Sed
2447 4751 2694 4808 Christus
2723 4752 2863 4806 Deus
2895 4765 2988 4819 per
3011 4752 3314 4823 gignentem
3345 4747 3404 4805 se

1830 4848 2220 4903 sanctissimam
2249 4846 2338 4899 Dci
2354 4843 2702 4910 Genitricem,
2725 4852 2778 4899 ct
2805 4857 2991 4898 crimes
3015 4857 3230 4900 sanctos
3253 4857 3403 4904 suos,

1829 4953 1883 4998 et
1911 4959 2004 4997 vos
2045 4941 2354 4998 sacerdotes
2392 4953 2537 5001 suos,
2570 4943 2660 5010 qui
2695 4952 2855 4996 unum
2893 4938 3101 5006 sapitis,
3142 4949 3197 4995 et
3225 4932 3410 4991 dolum

1831 5038 1882 5090 in
1936 5035 2188 5090 cordibus
2246 5029 2353 5087 non
2415 5032 2630 5089 habetis
2700 5028 2930 5092 vestris,
2983 5031 3076 5086 sed
3147 5026 3419 5088 festinatis

1830 5143 1948 5198 quae
1998 5129 2196 5199 scripta
2258 5134 2386 5179 sunt
2435 5121 2762 5194 adimplere,
2814 5123 3261 5186 repromissiones
3327 5131 3419 5172 ve—

1828 5227 1970 5272 stras
2014 5233 2236 5274 veraces
2275 5213 2560 5275 ostendat.
2604 5227 2658 5272 et
2690 5216 2960 5278 longaevos
2996 5222 3279 5269 conservet
3324 5206 3422 5259 bo-

1827 5327 1926 5366 nos
1971 5309 2220 5366 dominos
2267 5317 2505 5368 nostros,
2564 5317 2622 5362 et
2655 5300 2917 5380 glorificet
2967 5318 3081 5370 eos,
3131 5316 3184 5360 et
3223 5295 3432 5392 exaltet

3320 5382 3400 5406 -.ιι
