3924 5634
483 417 600 481 259

1648 422 2034 482 ,ΑΝΑεΤΑειι
2073 421 2616 481 ΒΙΒΙᾸΟΤΗΕΟΑΒΙΙ

3635 431 3727 486 280

480 535 578 591 cia:
603 535 739 591 dixit
764 551 778 590 :
811 535 1082 608 Scriptum
1102 527 1187 594 est
1216 539 1269 595 in
1298 537 1494 595 divinis
1517 522 1812 610 Scripturis
1839 540 2060 605 nostris,
2091 540 2138 600 A
2167 537 2341 592 saluto
2371 545 2427 592 et
2449 538 2744 608 amplectar
2764 553 2946 596 sacras
2970 540 3174 607 iconas,
3197 555 3318 598 cum
3345 529 3457 598 sint
3482 549 3728 616 tanquam

480 627 607 696 quia
633 626 905 696 separavit
933 625 1073 682 Deus
1113 628 1254 683 inter
1298 628 1470 684 lucem
1513 637 1570 685 et
1619 630 1763 684 inter
1789 631 2056 686 tenebras.

2163 627 2325 681 arrha
2357 627 2545 682 salutis
2574 633 2726 683 meae.
2777 627 2883 684 Eos
2919 637 3100 687 autem
3139 633 3228 702 qui
3251 631 3325 686 ita
3364 647 3472 689 non
3501 629 3727 703 sapiunt,

479 716 623 774 Ecce
649 718 794 773 enim
826 730 1072 774 cessante
1101 720 1382 776 tenebrosa
1415 718 1554 774 male
1583 719 1916 791 opinantium
1949 721 2063 774 hae-
2161 716 2581 773 anathematizo.

476 811 609 877 resi,
639 810 819 867 lumen
845 811 1052 868 cunctis
1076 811 1406 867 orthodoxiae
1435 810 1647 868 refulsit
1668 835 1682 868 ;
1707 812 1848 883 quod
1879 813 2060 866 lumen

477 917 534 960 et
558 921 659 976 ego
691 920 940 976 sequens,
972 905 1203 976 suscipio
1229 915 1285 962 et
1313 905 1490 963 saluto
1520 921 1706 963 sacras
1735 921 1798 962 ac
1827 919 2058 960 venera-

473 996 611 1072 biles
638 997 842 1064 iconas,
869 1006 925 1052 et
949 1011 1042 1053 eos
1071 997 1165 1068 qui
1191 997 1264 1054 ita
1293 1013 1402 1054 non
1438 998 1699 1065 sentiunt,
1724 995 2056 1052 anathemati

474 1090 757 1145 submit-to.

542 1182 778 1238 Joannes
806 1181 1182 1239 sanctissimus
1209 1183 1490 1254 episcopus
1512 1182 1709 1254 Ephesi
1735 1181 1906 1238 dixit:
1936 1181 2055 1238 Sic-

472 1282 533 1328 ut
559 1272 902 1330 honorabiles
924 1271 1117 1329 littera:
1143 1273 1472 1330 sanctissimi
1497 1288 1649 1345 papae.
1677 1271 1904 1328 Romani
1929 1287 2055 1329 con-

473 1364 670 1430 tinent,
702 1363 773 1419 ita
803 1365 986 1430 credo,
1012 1372 1068 1420 et.
1097 1363 1171 1420 ita
1200 1365 1462 1422 conﬁteor
1492 1365 1664 1439 gratia
1703 1363 1905 1421 Christi
1935 1364 2049 1422 veri

476 1451 572 1510 Dei
601 1454 792 1510 nostri.
1317 1449 1334 1464 '

537 1544 924 1600 Constantinus
967 1544 1344 1600 sanctissimus
1391 1544 1674 1616 episcopus
1719 1544 2048 1602 Constantia:

464 1636 626 1708 Cypri
647 1635 996 1692 dixit:Modis
1017 1638 1267 1694 omnibus
1285 1636 1436 1693 lectxe
1464 1639 1812 1710 suggestioni,
1840 1655 1960 1712 quae
1978 1640 2047 1697 ad

463 1727 711 1782 dominos
740 1737 952 1783 nostros
977 1729 1148 1784 bonos
1180 1731 1247 1784 ab
1275 1730 1514 1785 Adriano
1539 1731 1878 1787 sanctissimo
1908 1747 2045 1803 papa

462 1818 707 1875 Romano
737 1819 900 1876 missa
935 1830 1049 1886 est;
1083 1836 1290 1877 necnon
1321 1831 1374 1877 et
1407 1822 1644 1892 epistolae
1673 1837 1792 1892 quas
1819 1822 1885 1877 ad
1913 1838 2041 1878 san-

2231 804 2565 876 Nicephorus
2590 809 2876 880 cpiscopus
2900 809 3182 883 Dyrrachii
3209 811 3344 867 dixit
3369 828 3383 866 :
3428 809 3730 870 Secundum

2157 893 2472 952 relationem
2519 899 2850 969 qua:_missa
2893 910 2977 957 est
3015 903 3086 958 ab
3126 901 3364 958 Adriano
3393 904 3731 962 sanctissimo

2156 1000 2294 1057 papa
2319 987 2554 1044 senioris
2583 988 2770 1045 Romae
2798 989 2864 1046 ad
2893 990 3013 1060 pios
3038 992 3391 1062 imperatores
3415 1001 3653 1058 nostros,
3680 1005 3730 1051 et

2155 1080 2224 1136 ad
2245 1079 2648 1136 sanctissimum
2676 1090 2731 1136 et
2772 1081 3130 1138 universalem
3166 1083 3536 1154 patriarcham
3571 1084 3730 1140 Tara-

2152 1170 2314 1236 sium,
2351 1171 2481 1242 quin
2511 1183 2568 1228 et
2595 1173 2888 1229 secundum
2911 1174 3028 1244 ejus
3047 1175 3374 1231 sanctissimi
3402 1175 3615 1232 Tarasii
3648 1193 3730 1233 ar-

2151 1263 2477 1336 chiepiscopi
2503 1265 2824 1333 doctrinam,
2855 1266 3014 1322 ﬁdem
3037 1275 3095 1324 et
3125 1267 3550 1336 confessionem,
3583 1270 3729 1340 sapio

2150 1363 2414 1441 et_teneo;
2459 1365 2514 1412 et
2563 1371 2686 1413 cum
2736 1358 2838 1414 hac
2877 1357 3215 1416 confessione
3236 1374 3356 1416 mea
3380 1361 3568 1417 brevis
3609 1363 3728 1418 vita:

2148 1461 2284 1503 meae
2333 1458 2544 1522 tempus
2589 1449 2793 1518 ﬁniam,
2826 1459 2883 1506 et
2937 1451 3166 1509 terribili
3220 1452 3474 1509 tribunali
3527 1453 3727 1512 Christi

2149 1539 2426 1596 assistam.

2218 1632 2548 1702 Epiphanius
2586 1631 2845 1690 diaconus
2885 1633 3147 1692 Ecclesia:
3185 1635 3526 1703 Catanensis,
3553 1647 3613 1694 et
3653 1637 3726 1694 lo-

2145 1737 2265 1780 cum
2295 1733 2480 1780 tenens
2513 1725 2900 1798 archiepiscopi
2938 1726 3220 1795 Sardinia,
3246 1729 3420 1785 dixit:
3449 1728 3724 1788 Nitidissi—

2144 1829 2293 1868 mum
2314 1815 2648 1870 orthodoxia:
2675 1816 2965 1871 terminum
2993 1826 3048 1872 et
3080 1815 3181 1872 SS.
3209 1817 3434 1888 apostol.
3483 1820 3724 1875 traditio-

459 1914 766 1969 ctissimum
796 1913 1160 1984 patriarcham
1191 1914 1396 1970 directa
1420 1925 1523 1980 est,
1554 1915 1857 1979 consentio,
1887 1925 1941 1970 et
1963 1915 2028 1970 ita

2145 1917 2267 1958 nem
2304 1902 2496 1957 relatio
2531 1920 2650 1974 quae
2695 1904 2864 1960 missa
2901 1915 2985 1962 est
3023 1907 3089 1962 ad
3124 1907 3242 1978 pios
3286 1917 3342 1963 et
3387 1907 3609 1964 Christo
3651 1911 3721 1964 di-

459 2005 745 2071 conﬁteor,
775 2013 934 2075 atque
955 2021 1077 2061 cum
1100 2007 1203 2064 hac
1228 2005 1334 2063 ﬁde
1368 2006 1682 2078 proﬁciscar
1708 2007 1776 2062 ad
1805 2005 2036 2062 tribunal

458 2095 657 2151 Christi
689 2097 801 2152 veri
827 2097 920 2152 Dei
951 2098 1138 2153 nostri.
1167 2105 1169 2107 ’
2022 2095 2026 2099 ’

529 2185 756 2242 Basilius
803 2188 1177 2244 sanctissimus
1227 2187 1509 2257 episcopus
1559 2187 1786 2258 Ancyrae
1843 2185 1976 2240 dixit
2017 2203 2030 2240 :

457 2277 919 2345 Quemadmodum
942 2279 1216 2333 continent
1238 2278 1432 2334 litterae
1459 2278 1784 2333 sanctissimi
1810 2275 2033 2333 Adriani

455 2385 608 2442 papae
653 2370 884 2426 senioris
912 2370 1114 2435 Romae,
1167 2377 1220 2425 et
1267 2384 1458 2425 sensus
1491 2368 1815 2425 sanctissimi
1857 2367 2034 2423 Patris

455 2461 628 2516 nostri
651 2477 716 2516 ac
736 2460 1053 2516 universalis
1074 2460 1413 2531 patriarchae;
1445 2461 1522 2516 sic
1547 2461 1717 2532 sapio.
1749 2462 1826 2516 sic
1851 2468 2030 2528 teneo,

453 2561 511 2609 et
541 2553 614 2609 ita
657 2552 879 2616 docebo,
912 2561 966 2606 ct
994 2568 1116 2610 cum
1141 2552 1245 2610 hoc
1272 2568 1436 2611 sensu
1460 2568 1582 2611 meo
1607 2553 1851 2615 etiamin
1890 2553 2033 2610 futu-

451 2658 572 2700 rum
603 2645 857 2700 saeculum
888 2645 1222 2714 proﬁciscar.

523 2732 773 2790 Nicolaus
798 2733 1168 2791 sanctissimus
1203 2735 1490 2805 episcopus
1519 2733 1697 2808 Cyzici
1727 2735 1860 2790 dixit
1886 2752 1898 2790 :
1933 2735 2029 2791 Se-

450 2823 685 2879 cundum
737 2823 942 2880 litteras
993 2823 1322 2880 sanctissimi
1379 2839 1530 2895 papa:
1574 2823 1803 2880 senioris
1844 2823 2028 2880 Romae

446 2913 1159 2988 Adriani,etexpositionem
1188 2916 1551 2974 confessionis
1576 2917 1902 2974 sanctissimi
1935 2932 2027 2988 pa-

447 3006 699 3062 triarcha:
725 3008 891 3063 nostri
919 3006 1150 3074 Tarasii,
1177 3007 1326 3080 sapio
1351 3017 1405 3063 et
1431 3008 1657 3078 sapiam,
1687 3018 1742 3063 et
1786 3009 1840 3063 in
1878 3008 2025 3064 illum

449 3098 710 3153 mundum
739 3099 972 3155 adducar
999 3115 1120 3154 cum
1145 3100 1247 3154 hac
1271 3101 1606 3156 confessione
1637 3115 1774 3155 mea.

519 3189 838 3261 Euthymius
884 3191 1257 3247 sanctissimus
1304 3192 1590 3262 episcopus
1628 3191 1814 3248 Sardis
1845 3191 2022 3246 dixit:

2117 1978 2310 2048 'lectos
2337 1993 2691 2062 imperatores
2715 2010 2745 2048 a
2770 1995 3083 2052 beatissimo
3116 2013 3253 2069 papa
3278 2000 3511 2054 senioris
3541 2000 3724 2056 Roma:

2145 2085 2405 2150 Adriano,
2453 2100 2550 2156 per
2598 2085 2882 2142 lectionem
2933 2089 3215 2144 exhibuit:
3258 2091 3352 2146 sed
3396 2100 3453 2146 et
3497 2092 3723 2162 epistola

2137 2179 2276 2249 ejus,
2301 2194 2421 2249 qua:
2467 2178 2731 2235 destinata
2777 2191 2860 2237 est
2903 2181 2968 2237 ad
3011 2181 3294 2238 Tarasium
3321 2184 3724 2239 sanctissimum

2137 2277 2192 2325 et
2224 2269 2581 2324 universalem
2613 2273 3001 2341 patriarcham.
3044 2273 3196 2330 Unde
3215 2285 3268 2328 ct
3297 2290 3395 2346 ego
3420 2290 3521 2346 per
3542 2277 3724 2332 omnia

2135 2361 2224 2418 his
2275 2363 2634 2429 consentiens,
2679 2374 2732 2420 et
2778 2366 2908 2421 recti
2967 2381 3162 2422 sensus
3204 2367 3418 2422 incessu
3465 2381 3722 2439 sequens,

2134 2451 2342 2508 honoro
2367 2460 2424 2507 et
2455 2453 2622 2509 adoro
2649 2462 2706 2509 et
2752 2455 2956 2526 recipio
2985 2455 3054 2512 ab
3081 2456 3209 2511 olim
3239 2457 3294 2512 in
3335 2455 3583 2513 Ecclesia
3618 2465 3724 2512 tra-

2133 2541 2274 2599 ditas
2300 2543 2638 2601 venerabiles
2675 2553 2731 2601 et
2779 2561 2964 2602 sacras
3000 2547 3219 2612 iconas;
3273 2555 3328 2604 et
3375 2563 3502 2603 eum
3549 2548 3723 2619 quiin

2131 2633 2218 2690 his
2245 2649 2351 2689 non
2378 2635 2654 2702 convenit,
2677 2636 2996 2694 uthaeretici
3027 2637 3370 2695 conciliabuli
3398 2638 3723 2710 participem

2132 2735 2344 2793 averto,
2383 2737 2438 2783 et
2460 2727 2924 2785 anathematismis
2949 2731 3275 2787 transmitto.

2201 2819 2311 2876 Leo
2331 2820 2612 2892 presbyter
2651 2823 3002 2880 sanctissimae
3035 2821 3287 2879 Ecclesia:
3322 2823 3712 2881 Constantino-

2129 2910 2334 2982 poleos,
2366 2922 2421 2968 et
2454 2911 2630 2968 locum
2662 2922 2850 2969 tenens
2898 2914 3256 2986 metropoleos
3299 2915 3463 2982 Sidae,
3518 2916 3658 2973 dixit
3703 2932 3717 2971 :

2133 3001 2441 3059 Secundum
2502 3003 2670 3059 lectas
2729 3005 3016 3077 synodicas
3071 3005 3326 3076 epistolas
3385 3008 3720 3064 sanctissimi

2128 3109 2279 3164 papae
2303 3095 2532 3150 senioris
2562 3095 2770 3162 Romae,
2812 3105 2868 3152 et
2910 3097 3208 3153 doctrinam
3250 3098 3581 3154 sanctissimi
3625 3115 3721 3169 pa-

2130 3185 2378 3242 triarcha:
2411 3187 2639 3254 Tarasii,
2664 3188 2899 3259 suscipio
2939 3189 3270 3246 venerabiles
3321 3190 3586 3261 imagines
3635 3207 3720 3246 se-

447 3278 513 3333 Et
540 3293 639 3350 ego
686 3279 968 3350 praelectas
1009 3281 1217 3337 litteras
1256 3283 1580 3338 sanctissimi
1622 3298 1772 3353 papm
1799 3283 2028 3338 senioris
2055 3277 2101 3340 C
2132 3285 2365 3338 cundum
2391 3283 2666 3354 antiquam
2696 3283 3174 3350 consuetudinem;
3223 3291 3279 3340 et
3316 3298 3412 3340 eos
3436 3284 3529 3355 qui
3550 3282 3631 3340 sic
3657 3297 3717 3340 se

446 3367 631 3424 Romae
662 3369 871 3425 sincere
906 3385 971 3426 ac
1002 3371 1370 3428 indubitanter
1397 3387 1649 3442 sequens,
1682 3371 1942 3441 polliceor
1967 3381 2024 3428 et

346 3501 351 3507 .
445 3458 711 3514 conﬁteor
733 3459 808 3514 ita
834 3475 919 3516 me
939 3475 1132 3531 sapere
1160 3471 1265 3516 tam
1288 3463 1354 3517 de
1377 3463 1670 3517 orthodoxa
1696 3461 1818 3528 ﬁde,
1857 3478 2020 3532 quant

446 3553 512 3608 de
556 3553 913 3609 sanctissimis
958 3553 1128 3610 iconis
1153 3572 1166 3608 :
1196 3569 1302 3610 non
1335 3554 1490 3625 quasi
1531 3554 1784 3624 quiddam
1825 3569 2021 3608 novum

444 3645 638 3709 dogma
660 3643 971 3710 admittens,
999 3644 1094 3700 sed
1131 3655 1380 3715 tanquam
1412 3645 1714 3701 certissime
1742 3646 1918 3702 sciens
1955 3644 2021 3699 de

442 3732 552 3790 illis
583 3735 926 3791 traditionem
955 3746 1263 3792 sanctorum
1293 3736 1655 3808 apostolorum
1677 3746 1733 3793 et
1767 3739 2020 3795 sacratis-

441 3824 704 3880 simorum
733 3825 1108 3896 magistrorum
1139 3826 1229 3896 qui
1255 3826 1350 3881 has
1373 3826 1726 3897 reliquerunt,
1753 3827 1805 3881 in
1830 3837 2019 3884 sancta

441 3913 540 3972 Dei
586 3904 822 3972 Ecclesia
849 3918 1217 3973 constitutam.
1265 3918 1490 3989 Propter
1525 3919 1666 3988 quod
1698 3929 1807 3972 tota
1838 3921 2017 3975 anima

440 4004 646 4075 recipio
691 4005 994 4076 hujusmodi
1039 4006 1369 4061 venerabiles
1418 4007 1601 4061 iconas
1648 4024 1771 4062 cum
1817 4023 2016 4063 conve—

417 4097 610 4152 ‘nienti
641 4096 846 4152 ho:.ore
883 4113 945 4152 ac
976 4097 1290 4153 salutatoria
1327 4096 1658 4152 adoratione.
1705 4097 1810 4153 Eos
1835 4106 2014 4153 autem

439 4188 536 4259 qui
562 4188 719 4242 aliter
739 4187 822 4242 vel
842 4187 1067 4243 adverse
1089 4188 1304 4256 sapiunt
1327 4195 1419 4240 aut
1447 4186 1808 4257 dogmatizant
1829 4197 2016 4242 contra

440 4290 658 4336 sanctas
681 4279 884 4346 iconas,
903 4280 1145 4336 alienosa
1163 4280 1428 4336 catholica
1457 4279 1694 4335 Ecclesia
1719 4280 2014 4348 mstimans,

441 4371 659 4448 abjicio,
686 4381 742 4427 et
766 4373 1048 4428 luereticos
1074 4371 1352 4428 denuntio.

440 4497 442 4500 ν
508 4465 701 4522 Petrus
742 4466 1109 4522 sanctissimus
1159 4466 1440 4536 episcopus
1477 4464 1801 4522 Nicomedia:
1831 4467 2012 4524 dixit:

439 4556 747 4616 Secundum
795 4558 962 4613 lectas
1006 4557 1212 4613 litteras
1247 4557 1571 4612 sanctissimi
1597 4575 1748 4629 papae
1785 4560 2015 4615 senioris

2129 3389 2234 3430 non
2267 3374 2482 3439 habent,
2506 3375 2920 3429 anathematizo.

2199 3464 2448 3520 Nicolaus
2477 3466 2806 3536 hegumenus
2844 3466 2994 3535 Apri,
3019 3473 3074 3521 el
3101 3465 3281 3522 locum
3333 3475 3526 3523 tenens
3574 3467 3714 3538 Tya-

2127 3558 2371 3613 nensium
2422 3557 2798 3628 metropoleos,
2847 3558 3024 3612 dixit:
3065 3558 3369 3614 Secundum
3420 3559 3710 3632 synodicas

2127 3638 2382 3720 epistolas
2408 3649 2628 3703 Adriani
2658 3649 2955 3704 beatissimi
2994 3665 3167 3720 papae,
3194 3665 3313 3719 qua:
3366 3649 3524 3704 lecta:
3563 3659 3707 3714 sunt,

2125 3741 2361 3810 suscipio
2388 3741 2720 3798 venerabiles
2748 3743 2933 3796 iconas
2965 3741 3258 3797 secundum
3290 3741 3572 3812 antiquam
3602 3753 3710 3796 tra-

2123 3832 2380 3887 ditionem
2407 3850 2419 3886 :
2445 3843 2498 3887 et
2525 3834 2616 3904 qui
2647 3849 2705 3889 se
2735 3835 2809 3889 ita
2833 3850 2936 3889 non
2967 3835 3182 3900 habent,
3215 3835 3636 3891 anathematizo.

2193 3924 2575 3980 Constantinus
2601 3927 2975 3983 sanctissimus
2995 3927 3278 3997 episcopus
3305 3925 3704 3999 Gangrensium

2122 4017 2296 4071 dixit:
2331 4018 2634 4073 Secundum
2672 4019 2962 4074 relationes
2996 4033 3112 4088 qua:
3142 4017 3292 4073 lecta:
3333 4029 3460 4074 sunt
3503 4019 3704 4076 beatis-

2123 4111 2242 4164 simi
2268 4126 2416 4181 papm
2444 4112 2672 4168 senioris
2695 4113 2876 4168 Roma:
2894 4112 3141 4176 Adriani,
3163 4111 3396 4182 suscipio
3421 4112 3706 4169 venerabi-

2121 4203 2201 4258 les
2231 4204 2418 4261 iconas
2449 4204 2603 4275 juxta
2635 4207 2866 4276 priscam
2895 4207 3256 4262 traditionem.
3304 4206 3412 4263 Eos
3455 4221 3588 4264 vero
3614 4207 3703 4278 qui

2122 4296 2201 4352 sic
2231 4313 2334 4352 non
2367 4299 2601 4370 sapiunt,
2636 4301 2962 4355 anathemati
2993 4299 3269 4356 subntilto.

2190 4388 2375 4445 Niceta
2397 4392 2766 4459 sanctissimus
2785 4393 3067 4464 episcopus
3088 4391 3504 4463 Clandiopoleos
3532 4393 3699 4448 dixit:

2121 4476 2423 4534 Secundum
2453 4480 2619 4536 lectas
2650 4483 2934 4554 synodicas
2954 4481 3210 4552 epistolas
3231 4481 3533 4537 beatissimi
3555 4497 3700 4552 papa

2119 4570 2350 4624 senioris
2392 4571 2572 4625 [tenue
2604 4572 2828 4626 Adriani
2852 4573 3085 4641 suscipio
3131 4571 3466 4628 venerabiles
3519 4574 3697 4628 iconas

437 4648 622 4705 Romae
653 4650 896 4716 Adriani,
947 4659 1001 4704 et
1042 4651 1334 4705 secundum
1381 4649 1540 4705 ﬁdem
1592 4652 1918 4706 sanctissimi
1959 4663 2015 4708 et
2043 4655 2092 4716 D
2118 4657 2410 4711 secundum
2437 4658 3210 4728 antiquamconsuetudinem;
3253 4668 3309 4715 et
3348 4661 3440 4731 qui
3470 4660 3552 4718 sic
3592 4676 3696 4717 non

435 4740 758 4796 universalis
808 4741 1127 4810 patriarchae
1175 4739 1404 4806 Tarasii,
1448 4741 1780 4798 venerabiles
1829 4745 2014 4800 iconas

435 4831 692 4901 suscipio,
723 4841 776 4887 et
799 4833 985 4896 adoro,
1011 4839 1068 4886 et
1095 4831 1316 4894 docebo.
1347 4841 1600 4902 tanquam
1629 4835 1935 4891 redditurus
1957 4837 2010 4891 in

437 4921 523 4975 die
539 4922 728 4991 judicii
758 4923 1018 4976 rationem
1038 4921 1206 4992 judici
1233 4932 1285 4976 et
1314 4923 1419 4977 Deo
1449 4933 1654 4978 nostro.

505 5011 650 5068 Elias
673 5013 1047 5068 sanctissimus
1070 5013 1351 5082 episcopus
1393 5012 1566 5068 Cretae
1594 5014 1729 5068 dixit
1759 5032 1771 5068 :
1806 5014 2008 5072 Secun-

435 5100 562 5156 dum
607 5102 943 5158 honorabiles
970 5101 1178 5157 litteras
1206 5102 1529 5157 sanctissimi
1580 5119 1729 5174 papa:
1775 5108 2010 5164 senioris

437 5189 624 5245 Romae
659 5191 897 5255 Adriani,
941 5193 1019 5248 sic
1059 5192 1319 5249 conﬁteor
1346 5201 1401 5248 et
1429 5202 1599 5270 teneo
1645 5197 1908 5264 pretiosas
1956 5207 2010 5253 et

437 5295 625 5332 sacras
668 5281 875 5332 iconas.
917 5296 1189 5340 nunquam
1247 5281 1533 5350 aliquando
1575 5287 2003 5355 commutandus,

2115 4749 2348 4818 sapiunt,
2376 4749 2703 4825 anathemati
2731 4752 3008 4806 submitte.

2186 4841 2498 4896 Theodorus
2524 4843 2899 4899 sanctissimus
2923 4844 3205 4915 episcopus
3229 4843 3560 4917 Myrensium
3597 4845 3693 4918 Ly-

2112 4934 2211 4987 cire
2241 4932 2378 4986 dixit
2406 4949 2419 4986 :
2457 4931 2759 4988 Secundum
2791 4936 3077 5005 synodicas
3105 4935 3359 5004 epistolas
3380 4950 3504 5006 qua:
3547 4936 3692 4992 lectze

2113 5031 2238 5078 sunt
2266 5023 2557 5078 beatissimi
2581 5038 2732 5093 papa:
2761 5023 2946 5080 Roma:
2970 5025 3214 5089 Adriani,
3245 5026 3407 5081 credo
3431 5034 3489 5081 et
3529 5025 3691 5096 proﬁ-

2112 5121 2248 5177 teor,
2276 5121 2437 5181 atque
2465 5113 2630 5166 adoro
2653 5123 2706 5167 et
2721 5113 3256 5183 amplectorsanctas
3283 5123 3339 5170 et
3357 5115 3690 5171 venerabiles

2112 5204 2326 5269 iconas;
2356 5214 2409 5259 et
2433 5204 2628 5274 qui‘ita
2659 5221 2763 5261 non
2794 5205 3038 5276 sapiunt,
3063 5207 3468 5263 anathematizo
3507 5217 3565 5264 et
3605 5207 3687 5264 de-

2113 5295 2278 5351 cliuo.

2183 5386 2611 5438 '“hennhvlaetns
2632 5389 2889 5440 diamnus
2913 5399 2970 5442 et
2993 5390 3280 5447 exarchus.
3298 5390 3480 5446 locum
3503 5400 3688 5451 tenens
