3980 6288
230 384 320 458 2a

906 398 1455 460 lNTEtiPltETATlO
1491 399 1740 460 SYNODI
1778 400 1867 460 vn
1903 401 2306 460 cenemus.
2361 431 2432 445 —
2467 389 2668 460 AC'i‘lU
2706 404 2790 459 n.‘

3319 402 3432 460 24$

231 517 386 572 dixit:
427 513 724 569 Secundum
767 516 1052 586 synodicas
1101 515 1356 585 epistolas
1384 531 1413 570 a
1440 498 1754 571 beatissimo
1776 516 1832 578 Α
1855 516 2014 584 Quam
2062 516 2401 570 traditionem
2431 516 2707 570 catholicae
2747 509 3016 568 Ecclesiae.
3045 511 3150 569 Eos
3181 526 3308 567 vero
3335 513 3431 582 qui

229 620 340 677 papa
358 604 578 660 Adriano
603 605 832 660 senioris
868 604 1052 661 Roma:
1109 606 1342 661 directas
1391 606 1676 672 conﬁteor,
1705 613 1762 660 et

229 695 424 749 admitto
443 692 593 762 juxta
619 696 856 766 priscam
887 697 1228 752 traditionem
1272 713 1456 754 sacras
1499 705 1554 753 et
1599 712 1765 753 vene-

227 786 632 855 rabilesiconas:
667 797 722 844 et
761 787 852 859 qui
895 788 970 845 ita
1015 803 1122 844 non
1169 789 1491 860 suscipiunt,
1537 787 1763 844 anathe-

225 878 334 932 mati
353 875 617 936 Submitto.

284 969 571 1026 Eustathius
590 971 964 1028 sanctissimus
980 972 1262 1043 episcopus
1281 971 1564 1029 Laodiceae
1587 971 1721 1028 dixit
1742 987 1759 1029 :

224 1060 494 1119 Secundum
525 1064 780 1122 recitatas
823 1067 1112 1138 synodicas
1155 1066 1411 1136 epistolas
1460 1065 1761 1123 beatissimi

210 1167 350 1229 papa:
381 1151 600 1208 senioris
641 1153 826 1210 Romae
859 1154 1083 1211 Adriani
1129 1156 1412 1223 conﬁteor,
1451 1165 1506 1213 et
1555 1155 1761 1228 recipio

219 1245 450 1315 pretiosas
471 1254 524 1303 et
543 1261 728 1304 sacras
749 1247 932 1306 iconas
945 1248 1096 1318 juxta
1121 1250 1352 1320 priscam
1379 1251 1719 1308 traditionem
1741 1267 1757 1310 :

218 1343 263 1392 et
285 1337 364 1408 qui
391 1337 459 1392 ita
489 1353 594 1394 non
623 1339 859 1412 sapiunt,
884 1342 1216 1398 anathemati
1242 1344 1521 1400 submitto.

275 1429 639 1487 Constantinus
685 1433 970 1503 episcopus
1016 1435 1202 1506 Perga:
1242 1435 1420 1492 dixit:
1454 1435 1760 1496 Secundum

215 1517 358 1575 lectas
382 1521 662 1592 synodicas
698 1524 954 1594 epistolas
997 1527 1291 1582 beatissimi
1341 1543 1492 1600 papte
1533 1529 1759 1588 senioris

214 1607 371 1665 Romae
416 1612 640 1668 Adriani
691 1615 972 1686 conﬁteor,
1024 1627 1079 1672 ct
1127 1619 1329 1690 recipio
1385 1621 1651 1692 pretiosas
1703 1630 1760 1678 et

213 1712 372 1753 sacras
392 1698 651 1772 imagines
674 1705 968 1762 secundum
1015 1708 1294 1778 antiquam
1347 1711 1688 1770 traditionem
1736 1729 1752 1770 :

211 1799 256 1844 et
279 1792 357 1862 qui
379 1792 447 1847 ita
483 1809 591 1850 non
617 1797 850 1868 sapiunt,
875 1799 1204 1856 anathemati
1247 1802 1526 1860 submitto.

1864 608 1935 661 ita
1971 623 2078 662 non
2103 607 2338 678 sapiunt,
2371 605 2785 661 anathematizo.

1932 697 2206 755 Marianus
2257 699 2628 755 sanctissimus
2671 697 2953 768 episcopus
2991 693 3434 765 Pompeiopoleos

1861 789 2036 844 dixit:
2067 789 2371 844 Secundum
2410 788 2576 844 lectas
2623 787 2906 859 synodicas
2946 785 3199 856 epistolas
3236 784 3436 840 beatise

1861 881 1982 938 simi
2015 896 2166 954 papae
2184 880 2412 938 senioris
2441 882 2624 938 Roma:
2648 881 2870 938 Adriani
2897 881 3177 946 conﬁteor,
3199 877 3437 951 suscipio

1861 982 1916 1030 et
1941 975 2107 1030 adoro
2131 989 2314 1032 sacras
2339 982 2394 1030 et
2429 974 2974 1031 venerabilesiconas
3001 973 3295 1030 secundum
3328 986 3429 1028 an-

1863 1063 2064 1135 tiquam
2090 1065 2430 1121 traditionem
2459 1065 2731 1121 Ecclesiae.
2755 1065 2860 1121 Eos
2898 1080 3028 1122 vero
3075 1065 3166 1136 qui
3212 1063 3288 1120 ita
3323 1077 3434 1120 non

1860 1155 2094 1226 sapiunt,
2120 1156 2538 1214 anathematizo.

1928 1249 2162 1307 Joannes
2180 1251 2556 1308 sanctissimus
2575 1251 2858 1324 episcopus
2877 1250 3246 1307 Tauromenire
3265 1248 3431 1306 dixit:

1859 1341 1992 1398 Cum
2018 1342 2185 1398 veluti
2215 1342 2427 1399 divinus
2449 1343 2781 1400 orthodoxia:
2809 1345 3070 1400 terminus
3095 1343 3204 1400 sint
3241 1341 3434 1398 littera

1859 1449 1978 1504 qua:
2006 1434 2073 1490 ab
2100 1434 2340 1491 Adriano
2363 1451 2499 1507 papa
2527 1435 2756 1491 senioris
2781 1434 2966 1490 Romm
2997 1435 3062 1490 ad
3101 1433 3220 1506 pios
3265 1432 3435 1504 impeo

1859 1535 2090 1594 ratores,
2110 1543 2317 1583 necnon
2336 1536 2390 1584 et
2419 1528 2484 1582 ad
2517 1527 2802 1582 Tarasium
2829 1524 3182 1582 universalem
3207 1524 3440 1599 patriar-

1857 1615 2012 1671 cham
2049 1624 2312 1684 nostrum,
2349 1617 2527 1672 inissa:
2555 1623 2696 1679 sunt,
2727 1615 2799 1670 ita
2830 1613 3107 1685 proﬁteor,
3134 1612 3434 1685 suscipiens

1857 1723 2043 1764 sacras
2069 1707 2252 1764 iconas
2272 1707 2562 1764 secundum
2585 1706 2859 1778 antiquam
2885 1705 3222 1761 traditionem
3248 1703 3435 1759 Eccle«

1857 1799 1950 1855 sia:
1977 1798 2274 1856 catholicae.
2302 1799 2408 1855 Eos
2432 1813 2562 1855 vero
2585 1798 2676 1870 qui
2704 1799 2774 1854 ita
2803 1812 2911 1854 non
2941 1795 3156 1866 sapiunt
3205 1795 3432 1850 anathe-

265 1886 564 1944 Anastasius
583 1889 954 1948 sanctissimus
981 1893 1264 1965 episcopus
1303 1894 1618 1968 Nicopoleos
1658 1910 1751 1955 ve-
1777 1879 1827 1944 Β
1854 1893 2128 1950 matizato.

211 1978 317 2033 teris
361 1979 501 2050 Epiri
551 1980 727 2038 dixit:
759 1983 1063 2042 Secundum
1113 1989 1410 2046 recensitas
1463 1991 1750 2064 synodicas

1852 1996 1886 2040 ξ..
1921 1983 2153 2057 Cyrillus
2186 1999 2252 2040 ex
2290 1998 2518 2056 persona
2557 1980 2879 2040 sanctissimi
2919 1978 3159 2051 episcopi
3206 1975 3419 2034 Gothiae

208 2067 433 2138 epistolas
460 2071 764 2129 beatissimi
806 2090 955 2147 papa:
1010 2078 1239 2136 senioris
1295 2079 1481 2137 Romae
1527 2082 1750 2140 Adriani
1851 2075 2212 2148 promulgavit
2245 2075 2513 2132 Similiter-

207 2159 454 2228 conﬁteor,
493 2171 549 2218 et
592 2165 846 2237 suscipio,
891 2177 946 2223 et
988 2170 1154 2226 adoro
1205 2187 1389 2230 sacras
1434 2181 1492 2230 et
1535 2185 1753 2236 sanctas

209 2249 368 2310 iconas
388 2253 544 2324 juxta
575 2258 809 2327 priscam
849 2260 1212 2320 traditionem.
1238 2264 1344 2322 Eos
1368 2279 1498 2323 vero
1537 2267 1630 2340 qui
1677 2268 1752 2324 ita

205 2355 293 2396 non
316 2345 542 2416 sapiunt,
575 2349 994 2406 anathematizo.

263 2436 674 2513 Christophorus
732 2445 1105 2503 sanctissimus
1158 2448 1445 2521 episcopus
1505 2451 1754 2513 Phasidis

204 2526 318 2584 dixit
346 2547 358 2584 :
386 2531 696 2590 Secundum
727 2534 893 2592 lectas
931 2539 1215 2610 synodicas
1257 2541 1512 2611 epistolas
1551 2542 1752 2601 beatis-

204 2620 304 2677 simi
328 2639 472 2694 papre
505 2627 734 2683 Adriani
783 2629 1064 2702 conﬁteor,
1107 2640 1161 2687 et
1204 2633 1438 2706 suscipio
1479 2651 1546 2692 ac
1588 2636 1754 2695 adoro

203 2717 509 2774 venerabiles
534 2719 722 2776 iconas
751 2722 1045 2777 secundum
1089 2723 1366 2796 antiquam
1413 2729 1757 2784 consuetudi-

203 2817 326 2858 nem.
349 2806 448 2862 Eos
477 2823 612 2884 vero
639 2809 729 2879 qui
759 2808 832 2864 ita
862 2825 967 2867 non
992 2813 1226 2884 sapiunt,
1258 2816 1680 2874 anathematizo.

261 2894 565 2955 Theodorus
593 2900 964 2958 sanctissimus
987 2903 1269 2976 episcopus
1293 2904 1551 2964 Seleucia:
1571 2909 1706 2965 dixit
1734 2925 1750 2964 :

203 2981 479 3044 Secundum
515 2989 690 3046 lectas
727 2992 1015 3063 synodicas
1046 2993 1254 3052 litteras
1277 2995 1576 3054 beatissimi
1604 3015 1756 3072 papa:

203 3076 402 3133 senioris
430 3078 620 3136 Roma:
643 3082 863 3138 Adriani
895 3085 1174 3152 conliteor,
1207 3096 1262 3143 et
1297 3089 1532 3160 suscipio
1571 3105 1758 3150 sacras

201 3176 248 3220 et
273 3172 604 3228 venerabiles
631 3173 815 3230 iconas
842 3175 1134 3234 secundum
1183 3179 1459 3252 antiquam
1509 3183 1756 3240 traditio-

203 3271 325 3313 nem.
356 3261 457 3318 Eos
487 3279 621 3320 vero
648 3265 738 3336 qui
763 3265 836 3322 ita
863 3282 967 3324 non
999 3269 1233 3339 sapiunt,
1266 3271 1681 3330 anathematizo.

258 3347 538 3424 Gregorius
569 3356 853 3429 presbyter
874 3355 1412 3431 Constantinopoleos
1447 3371 1757 3422 sanctorum

202 3441 564 3510 apostolorum,
597 3452 651 3500 et
678 3444 853 3502 locum
893 3454 1080 3504 tenens
1124 3451 1480 3520 metropoleos
1520 3453 1754 3524 Mocissi,

201 3530 319 3588 dixit
349 3551 365 3589 :
397 3533 711 3593 Secundum
735 3537 905 3595 lectas
931 3540 1214 3612 synodicas
1251 3543 1506 3615 epistolas
1555 3545 1760 3604 beatis-

201 3621 304 3677 simi
329 3637 475 3696 papa:
502 3628 738 3686 senioris
758 3628 962 3687 Romae.‘
985 3630 1210 3688 Adriani
1256 3635 1538 3704 conﬁteor,
1571 3646 1628 3694 et
1669 3653 1760 3696 su-

199 3712 371 3785 scipio,
393 3725 448 3774 et
484 3720 658 3776 adoro
697 3705 888 3778 sacras
900 3731 955 3780 et
978 3724 1312 3782 venerabiles
1340 3727 1523 3786 iconas
1560 3745 1756 3788 secun-

200 3803 308 3862 dum
337 3812 618 3882 antiquam
647 3815 1010 3874 traditionem.
1043 3816 1150 3874 Eos
1175 3827 1355 3878 autem
1393 3821 1484 3894 qui
1528 3822 1603 3880 ita
1650 3840 1758 3883 non

200 3895 414 3966 sapiunt,
435 3902 860 3960 anathematizo.

259 3985 480 4080 Basilius
535 3994 911 4053 sanctissimus
957 3997 1240 4071 episcopus
1285 3999 1512 4075 Syllegre
1563 4003 1757 4080 [Silaei]

198 4076 356 4136 dixit:
395 4081 710 4142 Secundum
744 4086 912 4145 lectas
942 4090 1227 4162 synodicas
1270 4093 1524 4164 epistolas
1561 4076 1764 4152 beatis:-

200 4170 305 4225 simi
331 4189 482 4245 papae
501 4177 736 4234 senioris
755 4179 938 4236 Romae
959 4181 1181 4238 Adriani
1201 4183 1466 4241 conﬁteor
1497 4194 1554 4242 et
1579 4188 1764 4244 susci-

198 4259 276 4330 pio
299 4279 360 4322 ac
380 4267 551 4326 adoro
579 4272 914 4330 venerabiles
945 4283 1001 4329 et
1037 4289 1222 4332 sacras
1261 4275 1525 4347 imagines
1568 4293 1762 4336 secun-

205 4351 314 4450 dum
341 4360 624 4431 antiquam
657 4363 992 4421 traditionem
1017 4364 1288 4424 Ecclesiae.
1343 4368 1447 4426 Eos
1490 4386 1620 4427 vero
1665 4372 1760 4442 qui

203 4451 266 4496 tta
291 4459 390 4502 non
412 4450 653 4520 sapiunt,
677 4453 1088 4512 anathematizo.

263 4533 577 4596 Theodorus
603 4543 974 4600 sanctissimus
999 4545 1280 4618 episcopus
1309 4547 1526 4605 Catenae
1567 4549 1706 4606 dixit
1739 4568 1756 4611 :

203 4617 341 4681 Omni
363 4630 686 4687 orthodoxia
722 4633 934 4703 plenam
960 4617 1274 4692 relationem
1293 4678 1309 4704 ,
1342 4653 1462 4708 quae
1487 4641 1649 4696 missa
1677 4648 1762 4698 est

203 4727 228 4766 a
250 4719 585 4778 sanctissimo
604 4739 739 4795 papa
769 4726 998 4782 senioris
1021 4726 1204 4784 Romae
1222 4728 1459 4786 Adriano
1481 4731 1546 4786 ad
1569 4730 1687 4802 pios
1705 4741 1762 4789 et

204 4809 384 4866 amicos
410 4812 619 4870 Christi
655 4815 1005 4888 imperatores
1036 4827 1268 4885 nostros,
1288 4820 1382 4876 sed
1403 4829 1458 4877 et
1477 4820 1760 4880 Tarasium

202 4893 381 4954 almum
429 4911 488 4958 et
537 4904 892 4961 universalem
938 4909 1324 4978 patriarcham,
1352 4925 1447 4981 per
1476 4910 1760 4971 lectionem

203 4993 397 5056 agnovi.
427 4993 587 5052 Unde
609 5005 664 5053 et
692 5012 791 5069 ego
826 4999 910 5055 his
935 4987 1221 5067 assentior,
1248 5011 1302 5058 et
1325 5017 1545 5072 prorsus
1570 4995 1755 5074 adoro,

205 5078 484 5148 amplector
511 5095 569 5139 et
601 5087 826 5148 admitto
850 5103 1034 5145 sacras
1059 5090 1262 5147 iconas.
1289 5092 1395 5148 Eos
1420 5107 1548 5150 vero
1569 5095 1658 5166 qui
1685 5096 1761 5152 ita

204 5179 296 5259 non
334 5173 573 5243 sapiunt,
634 5180 1096 5240 anathematismis
1145 5185 1474 5254 transmitto,
1505 5194 1759 5259 tanquam

201 5254 386 5318 alienos
415 5265 486 5320 ab
510 5266 747 5324 Ecclesia
768 5271 1054 5330 catholica.

264 5347 470 5409 Manuel
543 5358 912 5418 sanctissimus
983 5363 1266 5434 episcOpus
1337 5365 1764 5440 Adrianopoleos

206 5433 434 5529 ihraeiae
459 5445 597 5501 dixit
622 5466 635 5502 :
669 5447 977 5506 Secundmn
1007 5433 1174 5509 lectas
1196 5457 1480 5525 synodicas
1507 5433 1763 5529 epistolas

202 5524 486 5590 beatissimi
507 5551 658 5608 papae
679 5539 907 5598 senioris
946 5541 1130 5599 Romae
1153 5524 1374 5602 Adriani
1403 5524 1685 5617 conﬁteor,
1707 5558 1763 5606 et

203 5621 390 5692 recipio
417 5637 634 5686 sanctas
678 5632 1009 5692 venerabiles
1055 5635 1238 5692 iconas
1284 5638 1578 5697 secundum
1625 5643 1762 5698 anti-

1924 2168 2240 2226 Theodorus
2285 2168 2659 2225 sanctissimus
2703 2165 2985 2238 episcopus
3031 2159 3204 2218 Μία-ω
3249 2155 3430 2234 [οη.

1852 2259 2032 2332 Bizyte
2057 2277 2122 2316 e1:-
2149 2277 2250 2315 πη.
2276 2258 2385 2315 Jol.
2410 2257 2430 2332 ]
2465 2256 2825 2329 promulgavit
2851 2252 3118 2310 similiter.

1888 2351 2218 2424 vGregorius
2264 2349 2569 2421 presbyter,
2617 2355 2673 2405 et
2717 2346 2894 2402 locum
2945 2353 3133 2400 tenens
3181 2335 3422 2412 episcopi

1856 2445 2103 2517 Smyrnae
2123 2485 2138 2511 ,
2170 2441 2531 2516 promulgavit
2561 2439 2833 2496 similiter.

1925 2536 2250 2594 Gaudiosius
2279 2535 2570 2606 episcopus
2603 2531 2849 2586 Messina:
2877 2525 3144 2584 similiter.

1926 2627 2248 2685 Eustachius
2295 2620 2682 2698 [Eustratius]
2726 2618 3100 2677 sanctissimus
3141 2611 3427 2686 episcopus

1854 2718 2096 2792 Apamice
2124 2715 2398 2773 similiter.

1925 2812 2161 2868 Joannes
2211 2808 2502 2872 diaconus,
2553 2812 2610 2860 et
2664 2801 2842 2859 locum
2890 2807 3077 2856 tenens
3123 2791 3429 2866 apostolica:

1855 2901 2002 2959 sedis
2029 2913 2079 2967 ι,
2106 2897 2375 2956 similiter.

1927 2993 2120 3050 Petrus
2147 2989 2431 3062 episcopus
2459 2985 2800 3044 Germiorum
2825 2980 3096 3039 similiter.

1933 3055 2250 3139 Theodorus
2300 3055 2674 3135 sanctissimus
2721 3073 3004 3144 episcOpus
3048 3065 3301 3152 Panormi
3350 3055 3428 3122 si-

1858 3175 2081 3232 militet.

1857 3358 2230 3522 nugtghanus
2250 3443 2622 3505 sanctissimus
2643 3439 2928 3514 episcopus
2945 3433 3327 3493 Bibonensium
3349 3431 3428 3488 si-

1856 3541 2078 3689 milar)?
2105 3667 2121 3685 .
2163 3668 2179 3686 .
2217 3666 2234 3685 .
2269 3626 2506 3684 vicarius
2530 3619 2922 3694 Leontopoleos
2947 3614 3218 3674 similiter.

1927 3719 2198 3778 Sisinnius
2225 3715 2599 3775 sanctissimus
2627 3711 2910 3784 episcopus
2934 3705 3079 3762 Parii
3105 3701 3373 3759 similiter.

1781 3237 1828 3302 θ
2189 3259 2570 3320 sanctissimus
2597 3257 2882 3331 episcopus
2907 3217 3324 3325 Arcadiopoleos
3355 3249 3431 3306 si-

1927 3813 2313 3872 Constantinus
2342 3809 2716 3868 sanctissimus
2742 3805 3025 3878 episc0pus
3049 3798 3326 3857 Leontina:
3357 3795 3432 3852 si-

1856 3906 2079 3964 militer.

1929 3985 2265 4069 Epiphanius
2301 3991 2678 4051 sanctissimus
2713 3986 2998 4059 episcopus
3029 3980 3196 4038 Mileti
3231 3977 3432 4054 [Mitoo

1859 4089 2021 4164 rum]
2053 4088 2322 4146 similiter.

1931 4160 2247 4238 Theodorus
2283 4175 2659 4234 sanctissimus
2691 4173 2974 4245 episcopus
3021 4165 3303 4224 Tauriana:
3353 4160 3434 4220 si-

1864 4275 2085 4332 militer.

1931 4365 2115 4421 Niceta
2161 4360 2538 4419 sanctissimus
2582 4357 2863 4427 episcopus
2897 4346 3236 4406 Pracconnesi
3274 4340 3430 4401 siml-

1858 4456 2000 4512 liter.

1932 4543 2352 4615 Christophorus
2380 4538 2752 4596 sanctissimus
2785 4534 3068 4606 episcopus
3094 4536 3296 4585 sancta:
3323 4525 3431 4599 Cy-

1863 4637 2024 4692 riacae
2053 4632 2320 4690 similiter.

1941 4723 2264 4780 Eustachius
2298 4714 2689 4793 [Eustratius]
2722 4713 3096 4774 sanctissimus
3141 4710 3430 4785 episcOpus

1861 4817 2186 4888 Methymna:
2213 4812 2484 4871 similiter.

1935 4909 2253 4964 Theotimus
2291 4905 2665 4964 sanctissimus
2704 4903 2987 4976 episcopus
3023 4893 3435 4955 Crotonensium

1861 4999 2130 5058 similiter.

1933 5091 2260 5162 Theophilus
2289 5089 2659 5146 sanctissimus
2692 5087 2974 5158 episcopus
3017 5082 3136 5139 Chii
3163 5079 3429 5138 similiter.

1933 5185 2043 5244 Leo
2065 5185 2436 5242 sanctissimus
2460 5185 2742 5253 episcopus
2770 5179 2849 5236 Cii
2879 5177 3149 5233 similiter.

1933 5277 2161 5332 Basilius
2180 5274 2549 5332 sanctissimus
2563 5273 2844 5343 episcopus
2858 5268 3142 5325 Nesiorum
3164 5263 3432 5322 similiter.

1932 5368 2165 5425 Joannes
2187 5365 2559 5423 sanctissimus
2583 5363 2869 5433 episcopus
2891 5361 3022 5432 Apri
3048 5359 3320 5416 similiter.

1931 5460 2168 5532 lgnatius
2187 5457 2559 5514 sanctissimus
2582 5455 2865 5526 cpiscopus
2889 5453 3064 5508 Prinne
3091 5450 3358 5508 similiter.

1935 5550 2369 5620 Theophylactus
2415 5546 2790 5604 sanctissimus
2833 5545 3120 5618 cpiscopus
3155 5537 3430 5612 Cypsello—

1867 5656 1986 5696 rum
2018 5639 2288 5696 similiter.

267 5805 294 5834 ι
329 5795 482 5856 Sedis
519 5799 669 5863 deest
702 5804 758 5865 in
793 5821 898 5866 ms.
937 5805 1076 5882 Jolyi
1110 5809 1560 5883 quemadmodum
1604 5781 1659 5873 et
1701 5777 1766 5874 in.
1790 5816 2001 5876 Graeco.
