1962 2895
436 184 711 215 INTERPRETATIO
727 184 854 214 SYNODI
872 184 917 213 VH
934 184 1184 213 GENERALIS.—
1202 184 1303 214 ACTIO
1322 184 1355 213 ll.

1658 181 1717 211 246·

120 242 283 272 Theodorus
306 242 493 272 sanctissimus
515 243 657 279 episcopus
687 242 774 278 Abydi
798 241 874 269 siuti-
887 243 912 274 Α
926 241 1050 268 viderunt
1063 247 1089 268 et
1104 232 1217 269 ministri
1234 230 1343 268 ruerunt
1356 239 1488 267 sermonis
1505 239 1574 275 (Act.
1590 239 1623 274 ι),
1643 244 1669 267 et
1687 241 1712 267 ill

88 289 155 316 liter.

119 333 284 362 Anastasius
306 334 496 363 sanctissimus
516 335 661 370 episcopus
680 331 821 368 Tripoleos
840 331 878 359 si-

87 377 197 405 militer.

120 422 176 451 Leo
196 423 386 453 unctissims
409 425 551 461 episcopus
572 424 777 453 Traculeusitnn
799 422 877 450 simi-

87 466 159 495 liter.

118 513 280 548 Stephanus
301 514 490 544 sanctissimus
509 515 651 550 episcopus
670 513 823 543 Salensium
842 512 882 540 si-

89 560 199 588 militer.

120 605 241 634 Joannes
261 605 455 634 Tabalcnsim
477 607 667 635 saeuissimus
684 607 828 642 episcopus
843 605 880 633 si-

90 651 200 679 uiliter.

125 697 281 732 Stephanus
302 698 492 728 sanctissimus
516 700 658 735 episcopus
680 699 783 728 Silandi
806 697 881 727 simi-

88 743 160 771 liter.

125 789 254 819 Nicotaus
281 790 471 819 sanctissimus
497 791 641 827 episcopus
673 789 881 818 Pericomutatis

89 836 221 865 similiter.

122 883 243 913 Joannes
268 884 458 924 sanctissimus
472 884 616 921 episcopus
636 883 789 912 Setensium
806 882 882 911 simi-

89 928 158 957 liter.

124 974 240 1003 Basilius
259 975 450 1003 sanctissimus
465 975 608 1011 episcopus
622 974 793 1010 Liprensium
807 972 882 1002 simi-

92 1020 163 1049 liter.
256 1014 257 1017 “
291 1023 293 1025 '
353 1014 356 1016 ’

125 1066 308 1102 Theophanes
328 1066 516 1095 sanctissimus
536 1067 678 1102 episcopus
701 1066 821 1094 Idmoniae
844 1066 883 1094 si-

91 1112 200 1140 utiliter.

126 1157 243 1187 Michael
263 1158 456 1187 sanctissimus
468 1158 611 1195 episcopus
625 1157 797 1187 Stt'atoniciae
809 1158 885 1187 simi-

92 1203 161 1232 liter.

128 1251 265 1286 Lyeastus
299 1252 487 1280 sanctissimus
521 1252 663 1287 episcopus
694 1251 885 1287 Philadelphia

96 1296 232 1324 similiter.
883 1296 889 1303 '

128 1341 243 1370 Michael
261 1343 450 1371 sanctissimus
460 1343 602 1379 episc0pus
619 1343 716 1382 Τηιιιίε
731 1343 866 1371 similiter.

127 1388 278 1424 Gregorius
307 1389 497 1417 sanctissimus
531 1389 672 1425 episcopus
704 1388 885 1417 Gordensiunt

95 1436 229 1463 similiter.

127 1480 246 1509 Joannes
260 1481 448 1509 sanctissimus
470 1481 612 1517 episcopus
635 1480 727 1509 Daldze
748 1481 883 1510 similiter.

96 1571 163 1600 liter.

129 1616 248 1663 Joannes
267 1617 389 1655 [Joseph]
413 1618 602 1660 sanctissimus
614 1619 756 1655 episcopus
778 1617 887 1663 Attalia‘.
899 1602 923 1634 θ

97 1662 174 1690 simili
179 1667 230 1691 ter.

130 1708 278 1737 Zacharias
304 1710 494 1749 sanctissimus
517 1710 659 1745 episcopus
686 1710 887 1739 Hierocaesaria:

99 1753 230 1781 similiter.
636 1753 639 1756 ’

132 1798 217 1828 David
231 1800 424 1829 sanctissimus
439 1800 582 1837 episcopus
602 1800 796 1838 Helenopoleos
811 1801 887 1830 simi-

99 1844 164 1873 liter.
714 1840 717 1846 ’

131 1891 213 1928 Cyrio
226 1892 416 1921 sanctissimus
430 1892 573 1928 episcopus
589 1892 676 1929 Lophi
694 1892 829 1921 similiter.

131 1938 324 1978 Constantinus
342 1939 529 1968 sanctissimus
542 1939 684 1975 episcopus
701 1939 824 1968 Cazsarite
840 1939 886 1968 Bi-

100 1984 194 2019 thynia:
205 1982 338 2013 similiter.
506 1984 507 1987 “
703 1985 705 1988 ⁷

133 2028 348 2067 Tlteophylactus
368 2030 555 2059 sanctissimus
575 2031 717 2067 episcopus
731 2030 887 2067 Apollonia-

100 2073 139 2102 αἱς
152 2074 290 2104 similiter.
401 2079 402 2082 ‘
595 2085 597 2087 ί

133 2118 265 2156 Georgius
278 2120 465 2159 sanctissimus
480 2121 624 2157 episcopus
639 2121 832 2157 Basinupoleos
846 2121 885 2153 sl-

101 2166 209 2194 ntiliter.
850 2162 854 2174 ⁵

133 2213 186 2242 Leo
201 2214 390 2244 sanctissimus
403 2215 546 2252 episcopus
565 2215 663 2245 Aristae
682 2216 816 2246 similiter.

102 2303 169 2334 liter.

134 2351 248 2381 Basilius
258 2353 374 2382 vicarius
390 2353 507 2393 Dascylii
523 2354 655 2393 similiter.

134 2396 324 2427 Constantinus
352 2390 539 2428 sanctissimus
557 2391 704 2436 episcopus
723 2400 827 2430 Carinae
849 2400 886 2429 si-

104 2442 211 2482 militer.
816 2470 819 2472 .
865 2440 868 2445 ’

104 2486 108 2490 ’
136 2488 227 2517 Niceta
239 2490 429 2519 sanctissimus
441 2490 580 2527 episcopus
591 2489 666 2519 Melae
680 2491 812 2521 similiter.
849 2488 852 2491 ’

135 2534 288 2575 Neophytus
300 2536 489 2566 sanctissimus
503 2538 643 2575 episcopus
655 2529 886 2579 Gordoservorum

104 2580 234 2609 similiter.
248 2583 251 2586 ‘
862 2592 866 2596 '

137 2625 192 2654 Leo
204 2627 386 2656 sanctissimus
401 2626 540 2664 episcopus
556 2629 647 2658 Linoae
659 2629 791 2661 similiter.

136 2671 251 2701 Joannes
267 2674 453 2703 sanctissimus
470 2676 608 2712 episcopus
620 2667 792 2708 Etenensinm
817 2675 886 2715 [Ne-

104 2719 288 2757 cennensium]
307 2720 446 2748 similiter.

137 2763 319 2796 Constantinus
351 2765 536 2797 sanctissimus
560 2769 701 2805 episcopus
730 2770 887 2802 Zelensium

104 2807 313 2848 [Hecenensium]
326 2810 463 2840 similiter.

136 2853 275 2889 Gregorius
297 2854 486 2885 sanctissimus
509 2859 649 2894 episcopus
669 2858 776 2895 Sinopae
791 2859 885 2890 dixit:

129 1526 287 1555 Eustathius
309 1527 497 1555 sanctissimus
517 1528 658 1563 episcopus
682 1525 794 1556 Orcana:
808 1526 897 1555 simir

928 288 972 322 qui
988 287 1021 313 ab
1032 288 1070 315 eis
1082 288 1166 315 etioeti
1181 292 1253 320 sunt,
1268 287 1353 314 sancti
1368 287 1490 316 \‘itlelicet
1504 291 1529 313 et
1543 286 1612 313 lteati
1625 290 1714 322 patres

928 335 1027 366 nostri;
1050 334 1087 361 ita
1102 334 1252 361 certiSSime
1271 326 1438 368 comperiens
1457 333 1594 360 continere
1612 332 1715 359 litteras

928 388 987 414 qua:
1014 388 1083 406 nunc
1117 380 1150 406 al)
1173 380 1290 406 Adriano
1315 379 1484 406 sanctissimo
1512 386 1578 413 papa
1602 372 1716 404 senioris

928 424 1019 451 l'lomze
1041 429 1095 451 tam
1116 424 1147 450 ad
1175 424 1232 458 pios
1253 428 1279 450 et
1297 423 1397 451 amicos
1418 423 1520 450 Christi
1539 423 1717 457 imperatores

930 476 1046 501 nostros,
1063 478 1142 504 quam
1157 471 1190 496 atl
1204 470 1343 497 Tarasiuut
1357 469 1556 496 sanctissimum
1568 473 1595 495 et
1611 467 1719 495 univer-

929 517 1010 543 saletu
1030 516 1209 550 patriareham
1233 515 1320 542 missae
1336 511 1407 548 sunt,
1427 514 1461 541 ita
1478 514 1570 545 credo,
1585 514 1620 540 ita
1635 512 1718 540 conli-

930 569 997 595 teor,
1015 568 1040 589 et
1055 563 1090 590 ita
1108 568 1184 589 teneo
1198 567 1224 589 et
1240 563 1335 589 tenebo
1349 569 1432 596 usque
1447 561 1479 588 ad
1494 560 1614 587 ttltintttnt
1630 559 1718 594 spira-

930 614 1049 636 tneutum
1072 615 1175 639 meum,
1197 607 1286 635 colens
1305 611 1385 642 atque
1406 606 1522 633 adorans
1543 605 1676 640 pretiosas
1693 608 1719 631 et

930 663 1021 682 sacras
1033 655 1133 682 iconas.
1150 654 1201 681 Eos
1212 661 1277 681 vero
1291 654 1335 688 qui
1351 653 1387 680 ita
1402 660 1455 680 non
1470 648 1588 680 sentiunt
1602 649 1642 678 \‘el
1657 658 1719 678 cou-

931 701 1051 732 liteutur.
1067 699 1274 727 anatltetnatizo.

942 744 945 745 ⁷
965 745 1157 773 Constantinus
1170 739 1357 772 sanctissimus
1369 743 1509 779 episcopus
1521 741 1717 770 Sasimensium

931 791 999 819 tlxit
1013 799 1020 820 :
1036 790 1187 819 Secundum
1203 791 1287 818 lectas
1309 790 1454 826 synodicas
1478 789 1604 825 epistolas
1615 788 1720 817 ‘ltcatis-

932 836 994 865 simi
1025 843 1102 871 papzn
1127 835 1240 863 senioris
1266 834 1358 863 Romm
1379 834 1492 862 'Adriani
1517 834 1664 866 conﬁteor,
1692 839 1719 860 ct

933 882 1034 915 adoro,
1059 888 1139 918 atque
1153 882 1270 918 suscipio
1285 889 1376 910 sacras
1396 885 1423 909 et
1446 881 1570 908 colendas
1593 881 1721 915 imagines

894 924 918 954 Β
932 930 1081 958 secundum
1096 929 1233 964 antiquam
1248 928 1418 959 traditionem
1440 926 1574 954 Ecclesiae.
1592 926 1643 953 150s
1658 932 1721 953 vero

935 976 981 1011 qui
1001 975 1038 1003 ita
1052 983 1103 1003 non
1120 967 1237 1010 snpiunt,
1251 973 1458 1001 anatltematizo.

968 1020 1062 1048 Niceta
1083 1020 1269 1048 sanctissimus
1289 1020 1430 1055 episcoous
1449 1017 1663 1053 Dadybrensium
1686 1015 1724 1046 si-

933 1066 1042 1095 militer.
1663 1062 1666 1064 ⁷

968 1112 1132 1148 TheOphilus
1161 1112 1347 1142 sanctissimus
1366 1111 1507 1148 episcopus
1528 1109 1666 1138 Prusiadis
1684 1108 1722 1137 si-

934 1158 1042 1186 utiliter.

970 1205 1061 1233 Niceta
1075 1204 1261 1233 sattctissimus
1274 1204 1418 1240 episcopus
1427 1202 1636 1239 Adrianopolcos
1649 1202 1724 1229 simi-

936 1251 1007 1279 liter.
1324 1284 1327 1285 ν

971 1297 1087 1326 Joannes
1108 1297 1295 1325 sanctissimus
1320 1297 1462 1332 episcopus
1495 1295 1625 1324 Heraclito
1646 1294 1724 1322 Ponti

936 1344 1069 1371 similiter.

972 1389 1163 1417 Constantinus
1181 1389 1366 1417 sanctissimus
1384 1387 1525 1424 episcopus
1538 1388 1637 1416 Gratim
1651 1387 1726 1416 sinti-

937 1435 1008 1463 liter.

973 1481 1063 1509 Niceta
1080 1481 1264 1509 sanctissimus
1278 1481 1418 1517 cpiscopus
1432 1481 1520 1517 [ιγεωὶ
1536 1480 1669 1509 similiter.

972 1526 1139 1562 Nicepltorus
1169 1527 1355 1555 sanctissimus
1384 1528 1523 1563 episcopus
1551 1527 1723 1555 Clancusiutn

938 1571 1070 1599 similiter.

973 1617 1028 1645 Leo
1047 1618 1233 1646 sanctissimus
1251 1618 1393 1654 cpiscopus
1407 1617 1634 1646 Trocnadensiunt
1652 1618 1729 1647 δίιιιίτ

938 1665 1008 1693 liter.

972 1711 1132 1738 Anastasius
1156 1709 1343 1738 sanctissimus
1370 1709 1511 1746 episcopus
1536 1708 1723 1737 Palat-ensiqu

938 1757 1071 1785 similiter.
1728 1752 1730 1754 '

944 1801 1118 1838 ‘Crcgorius
1149 1800 1330 1839 [Georgius]
1365 1800 1551 1830 sanctissimus
1584 1801 1726 1838 episcopus

938 1849 1030 1886 Nyssae
1047 1848 1178 1877 similiter.
1662 1843 1665 1845 ’

974 1893 1142 1921 TheodOsius
1169 1892 1356 1923 sanctissimus
1379 1892 1520 1930 episcopus
1538 1892 1725 1921 Pinarensiutn

938 1934 1074 1967 similiter.
1276 1934 1278 1936 ’

974 1985 1136 2014 Nieodemus
1155 1985 1342 2015 sanctissimus
1364 1984 1505 2022 episcopus
1527 1983 1629 2022 Sidymi
1649 1980 1725 2012 simi-

939 2033 1010 2061 t'm.
1569 2025 1572 2029 ’

939 2091 946 2103 ι
973 2080 1118 2115 Gregorius
1141 2079 1294 2117 [Georgius]
1313 2079 1498 2109 sanctissimus
1512 2077 1654 2114 episcopus
1667 2074 1724 2104 Hu-

939 2125 1107 2154 nlatleusium
1120 2126 1252 2154 similiter.

974 2173 1164 2202 Constantinus
1178 2173 1319 2209 episcopus
1329 2170 1537 2200 Candibensium
1552 2169 1687 2198 similiter.

975 2218 1131 2247 Stauracius
1147 2217 1334 2246 sanctissitnus
1348 2216 1491 2252 episcopus
1507 2209 1674 2250 Zenopolcos
1688 2213 1725 2241 si-

134 2259 300 2296 Nicephorus
313 2261 502 2292 sanctissimus
523 2262 664 2300 episcopus
683 2263 785 2293 Adi-ani
808 2263 885 2293 simi-
898 2277 927 2312 ῃ
941 2265 1051 2298 utiliter.

973 2310 1029 2340 Leo
1052 2309 1239 2339 sanctissimus
1263 2308 1406 2346 episcopus
1430 2303 1627 2345 Limyrensium
1652 2305 1726 2333 sinti-

939 2356 1009 2384 liter.

974 2399 1127 2436 Stephanus
1153 2399 1341 2430 sanctissimus
1380 2398 1522 2435 episcopus
1547 2395 1727 2426 Cannensium

938 2447 1073 2476 similiter.
1400 2481 1419 2485 _
1578 2438 1581 2441 ’
1735 2478 1737 2480 _

975 2491 1168 2521 Constantinus
1203 2490 1393 2523 sanctissimus
1431 2490 1570 2527 episcopus
1602 2486 1731 2531 'l'ensium

942 2536 1013 2574 [Gr.,
1026 2534 1106 2573 Tlon]
1127 2536 1264 2568 similiter.

977 2583 1170 2612 Constantinus
1183 2584 1379 2615 sanctissimus
1393 2582 1540 2620 episcopus
1551 2575 1736 2608 Combensium

917 2626 919 2628 ’
942 2629 1077 2658 similiter.

977 2677 1074 2706 Petrus
1089 2674 1281 2706 sanctissimus
1293 2673 1444 2712 episcopus
1458 2670 1649 2704 Orcadensium
1667 2664 1738 2712 [ετξ.

940 2721 1038 2751 Petrus
1061 2720 1188 2749 diaconus
1210 2726 1242 2749 et.
1261 2718 1385 2752 vicarius
1412 2713 1639 2757 Hyrcanensium]
1665 2711 1741 2741 simi-

939 2767 1013 2797 liter.

976 2812 1095 2842 Joannes
1118 2810 1254 2843 diaconus
1278 2818 1307 2844 οι
1331 2810 1497 2845 vicegerens
1516 2800 1745 2841 Phaselidensium

940 2859 1076 2887 similiter.
