3924 5386
124 403 230 461 249‘

826 408 1376 469 INTERPRETATIO
1411 411 1660 470 SYNODI
1699 413 1784 473 VII
1825 417 2227 476 GENERALIS.
2249 419 2532 478 —ACTlO
2569 418 2652 476 Ili.

3249 425 3355 480 250

169 517 436 591 Georgius
504 519 876 579 sanctissimus
942 525 1227 597 episcopus
1283 525 1682 597 Plutinopoleos
1709 533 1756 592 Λ
1785 544 1974 600 porum
2019 530 2274 586 illibatam
2323 531 2502 597 tidem,
2549 548 2668 602 qua:
2718 529 2872 586 nobis
2915 539 3022 586 tam
3073 546 3102 586 a
3149 533 3351 586 sanctis

117 612 365 670 similiter.

169 703 394 762 Basilius
439 707 821 766 sanctissimus
861 709 1149 782 episcopus
1185 710 1485 768 Perbereos
1531 711 1682 768 simi-

111 794 229 850 liter.

108 977 123 1034 Ι
166 887 388 945 Michael
433 893 815 952 sanctissimus
850 895 1136 968 episcopus
1183 894 1464 966 Pamphyli
1513 895 1667 952 simio

125 981 227 1034 iter.

125 981 227 1036 iter.

161 1069 341 1127 Ruben
374 1075 756 1132 sanctissimus
779 1076 1068 1149 episcopus
1098 1077 1330 1150 Scopelii
1357 1077 1628 1134 similiter.

158 1163 428 1222 Sisinnius
478 1169 857 1226 sanctissimus
911 1171 1198 1243 episcopus
1248 1170 1472 1228 Garialli
1523 1170 1674 1227 simi-

108 1256 228 1310 liter.

156 1347 342 1406 Petrus
382 1352 768 1411 sanctissimus
791 1353 1074 1427 episcopus
1113 1353 1492 1413 Monembasize
1519 1354 1671 1411 simi-

100 1438 222 1495 liter.

154 1532 368 1589 Gabriel
397 1537 784 1596 sanctissimus
817 1541 1104 1612 episcopus
1139 1541 1334 1612 Egenae
1359 1540 1624 1596 similiter.

152 1622 254 1678 Leo
282 1627 671 1685 sanctissimus
690 1630 973 1702 episcopus
994 1631 1237 1686 Porthmi
1262 1631 1528 1687 similiter.

150 1715 452 1774 Dardanius
521 1720 901 1777 sanctissimus
963 1721 1250 1792 episcopus
1309 1721 1661 1777 Doarensium

93 1807 340 1863 similiter.

1784 621 2040 691 apostolis
2065 630 2120 676 et
2145 623 2438 692 prophetis,
2472 639 2632 692 quam
2670 639 2700 677 a
2731 623 3040 679 doctoribus
3069 624 3121 679 in
3166 625 3354 678 catho-

1781 709 1881 766 lica
1919 711 2156 767 Ecclesia
2185 722 2268 768 est
2320 715 2536 778 tradita,
2583 723 2638 768 et
2683 714 2989 770 secundum.
3027 714 3351 769 destinatam

1780 803 2036 873 syllabam
2068 819 2098 858 a
2132 812 2214 859 ter
2240 805 2396 859 beato
2433 816 2486 861 et
2516 805 2807 877 apostolico
2833 821 2970 876 papa
3008 806 3246 861 Adriano
3283 805 3352 862 ad

1777 896 1893 966 pios
1925 897 2276 966 imperatores
2313 907 2524 954 nostros
2563 908 2618 953 et
2660 899 2943 955 Tarasium
2985 897 3348 953 universalem

1775 986 2163 1056 patriarcham,
2220 1003 2338 1056 qua:
2385 987 2787 1044 illustraverunt
2838 996 2893 1042 et
2944 987 3351 1058 fulguraverunt

1774 1084 1983 1132 mentes
2034 1084 2270 1142 nostras,
2319 1078 2612 1133 secundum
2666 1077 2822 1132 [idem
2855 1077 3184 1134 audientes:
3220 1091 3352 1134 eon-

1774 1166 1930 1224 liteor
1957 1176 2012 1224 et
2040 1168 2203 1224 credo
2236 1167 2352 1240 [Gr.
2387 1170 2511 1224 add.
2556 1179 2610 1225 et
2638 1171 2804 1225 adoro
2832 1185 3014 1226 sacras
3060 1169 3343 1239 imagines.

1771 1255 1878 1314 Eos
1903 1267 2084 1314 autem
2111 1259 2200 1329 qui
2229 1274 2334 1314 non
2369 1259 2440 1314 ita
2465 1260 2725 1327 sentiunt,
2757 1257 3201 1332 anathematizo.]

1770 1372 1796 1408 ιλ
1839 1346 2131 1419 Gregorius
2179 1350 2660 1404 reverendissimus
2710 1351 3006 1406 monachus
3058 1359 3113 1406 et
3167 1350 3338 1421 hegu-

1769 1452 1958 1493 menus
1985 1439 2156 1494 sancti
2201 1438 2373 1511 Sergii
2416 1441 2550 1495 dixit
2581 1459 2594 1494 :
2630 1440 2936 1497 Secundum
2979 1441 3254 1512 antiquam
3289 1449 3346 1494 et

1766 1531 2065 1604 priscorum
2103 1540 2400 1601 temporum
2435 1532 2847 1603 legislationcm,
2879 1550 2996 1604 quae
3037 1533 3229 1588 tradita
3260 1539 3344 1586 est

1766 1624 1820 1678 in
1856 1633 2042 1678 sancta
2077 1623 2170 1678 Dei
2200 1640 2387 1694 magna
2413 1623 2650 1680 Ecclesia
2677 1641 2742 1680 ex
2773 1625 2975 1681 sanctis
3003 1639 3066 1679 ac
3094 1622 3337 1677 laudabi-

1765 1714 1903 1771 libus
1932 1716 2205 1785 apostolis,
2238 1725 2293 1772 et
2319 1726 2638 1772 conservata
2669 1725 2751 1773 est
2781 1733 2810 1772 a
2837 1717 3039 1772 sanctis
3072 1725 3127 1772 et
3152 1730 3338 1770 sacra-

1764 1809 1987 1864 tissimis
2017 1809 2267 1865 Patribus
2290 1819 2344 1866 et
2372 1812 2641 1882 magistris
2669 1812 2888 1876 nostris,
2921 1811 2971 1865 id
3003 1818 3104 1874 est,
3136 1808 3339 1864 sanctis

145 1899 483 1957 Andronicus
513 1880 840 1975 presbyter,
885 1912 940 1960 et
969 1918 1034 1959 ex
1079 1919 1309 1975 persona
1361 1905 1661 1976 Leontopo-
1691 1889 1736 1948 Β
1761 1912 1856 1954 sex
1884 1900 2278 1956 universalibus
2315 1880 2566 1972 synodis;
2602 1913 2764 1973 atque
2801 1901 3116 1957 orthodoxis
3143 1899 3338 1955 litteris

87 1985 187 2043 [eos
214 2003 304 2044 seu
323 1989 554 2057 Zalichi,
583 1991 852 2050 similiter.

145 2079 249 2134 Leo
276 2081 658 2138 sanctissimus
677 2083 968 2157 episcopus
992 2083 1232 2139 Sebasta:
1254 2085 1523 2140 similiter.

142 2167 323 2224 Niceta
356 2169 622 2226 diaconus
645 2186 710 2226 ex
739 2187 968 2242 persona
993 2173 1354 2229 llalicarnassi
1382 2173 1651 2228 similiter.

139 2257 248 2316 Leo
290 2262 673 2318 sanctissimus
703 2263 986 2334 episcopus
1017 2262 1458 2334 Corydalensium
1498 2263 1654 2318 simi-

82 2353 213 2409 liter.

141 2446 454 2504 Theodorus
503 2447 880 2505 sanctissimus
921 2448 1207 2520 episcopus
1234 2447 1652 2505 Cremnensium

80 2537 333 2592 similiter.

141 2627 527 2685 Constantinus
601 2631 979 2689 sanctissimus
1047 2632 1332 2702 episcopus
1399 2630 1651 2687 Adrianae

81 2716 334 2772 similiter.

141 2808 331 2866 Sancta
364 2812 608 2884 synodus
648 2813 782 2868 dixit
811 2831 824 2868 :
857 2813 1068 2870 Iustum
1096 2824 1200 2881 est,
1229 2824 1288 2870 ut
1317 2823 1372 2871 et
1397 2828 1649 2871 reveren-

77 2901 263 2958 dissimi
293 2905 547 2960 monachi
579 2906 952 2974 pronuntient.

138 2994 595 3051 Reverendissimi
645 2998 898 3052 monachi
948 2999 1198 3053 dixerunt
1241 3014 1256 3053 :
1300 2999 1356 3053 Si
1392 2997 1526 3053 ordo
1563 3005 1646 3054 est

76 3086 201 3152 talis,
225 3098 285 3143 ut
310 3097 366 3144 et
397 3105 498 3144 nos
527 3089 776 3144 monachi
801 3092 1241 3160 pronuntiemus;
1275 3091 1570 3161 utjubetis.

135 3176 384 3233 Tarasius
424 3179 806 3235 sanctissimus
842 3181 1149 3249 patriarcha
1186 3182 1358 3236 dixit:
1391 3179 1534 3237 Ordo
1559 3190 1644 3237 est

1764 2005 1883 2060 qure
1911 1991 2088 2046 missae
2115 2001 2240 2046 sunt
2269 1993 2336 2046 ab
2363 1992 2601 2047 Adriano
2633 1992 2860 2048 senioris
2890 1992 3072 2047 Romae
3108 1989 3340 2046 sanctis-

1761 2087 1898 2142 simo
1925 2096 1978 2141 et
2013 2089 2308 2157 apostolico
2338 2104 2473 2158 papa
2523 2089 2589 2142 ad
2634 2090 2750 2159 pios
2795 2097 2850 2143 et
2892 2087 3090 2142 Christi
3131 2085 3338 2140 amicos

1760 2177 2112 2246 imperatores
2151 2189 2381 2244 nostros,
2427 2188 2481 2234 et
2521 2179 2804 2233 Tarasium
2847 2179 3244 2234 sanctissimum
3281 2183 3336 2228 et

1757 2269 2114 2326 universalem
2145 2271 2528 2340 patriarcham,
2557 2287 2674 2340 qua:
2704 2270 3106 2326 illustraverunt
3134 2278 3188 2322 ct
3218 2267 3336 2320 illn-

1757 2359 2098 2415 miuaverunt
2147 2377 2335 2418 sensus
2388 2372 2622 2428 nostros,
2669 2378 2790 2418 cum
2844 2360 3109 2416 desiderio
3153 2359 3333 2414 cordis

1755 2451 1861 2506 mei
1899 2451 2219 2522 suscipiens,
2257 2453 2331 2508 ita
2372 2454 2654 2518 conﬁteor,
2691 2453 2766 2506 ita
2804 2451 3055 2522 pra-dico,
3103 2453 3334 2506 credens

1754 2558 1852 2613 per
1878 2544 2017 2599 hanc
2039 2561 2220 2600 veram
2243 2544 2639 2601 confessionem
2670 2561 2775 2600 una
2807 2561 2927 2600 cum
2956 2545 3093 2598 bona
3121 2544 3330 2600 actione

1755 2631 2139 2705 indulgentiam
2171 2635 2415 2705 accipere
2448 2643 2789 2704 peccatorum
2821 2650 2940 2704 quae
2968 2633 3128 2704 gessi.

1821 2721 2056 2780 Joannes
2084 2725 2415 2795 hegumenus
2441 2725 2653 2793 Pagurii
2683 2725 2949 2778 similiter.

1821 2815 2130 2869 Eustathius
2152 2815 2482 2883 hegumenus
2509 2814 2782 2868 Maximini
2815 2813 3085 2868 similiter.

1823 2903 2054 2974 Symeon
2079 2903 2407 2974 hegumenus
2438 2903 2629 2958 Chora:
2663 2902 2932 2957 similiter.

1819 2993 2108 3065 Gregorius
2139 2992 2443 3065 [Georgius]
2477 2994 2806 3060 hegumenus
2827 2991 2981 3062 chae
3007 2991 3273 3046 similiter.

1820 3085 2051 3157 Symcon
2075 3085 2406 3156 hegumenus
2431 3084 2885 3139 Abramitensium
2911 3082 3178 3139 similiter.

1816 3175 2015 3246 Joseph
2040 3176 2372 3246 hegumenus
2403 3173 2633 3228 Heraclii
2663 3173 2930 3228 similiter.

73 3268 362 3340 unicuique,
402 3269 496 3341 qui
545 3269 815 3341 reperitur
843 3243 903 3326 in
949 3272 1177 3342 synodo,
1227 3280 1286 3328 ut
1333 3243 1716 3343 pronuntietC
1816 3243 1969 3325 Plato
1996 3243 2326 3341 hegumenus
2349 3266 2678 3322 Sacudeonis
2703 3265 2966 3322 similiter.

75 3360 449 3418 confessionem
483 3378 661 3418 suam.

135 3450 332 3507 Sabbas
370 3453 858 3510 reverendissimus
892 3455 1186 3511 monachus
1211 3462 1266 3511 et
1309 3455 1640 3526 hegumenus

74 3541 227 3599 Studii
256 3545 431 3599 dixit:
464 3545 781 3601 Secundum
804 3547 1078 3618 antiquam
1102 3558 1155 3602 et
1176 3546 1475 3618 priscorum
1504 3555 1640 3602 tem-

1816 3359 2112 3432 Gregorius
2141 3361 2473 3431 hegumenus
2498 3357 2780 3430 Hyacinthi
2803 3357 3071 3414 similiter.

1817 3450 1884 3506 Et
1909 3450 2092 3508 caeteri
2125 3464 2316 3508 omnes
2359 3449 2609 3506 monachi
2655 3448 3141 3520 pronuntiaverunt
3172 3446 3321 3502 simi-

1744 3544 1888 3602 liter.

90 3729 3305 3758 Μ

1286 3909 1592 3990 ACTIO
1649 3909 2055 3989 TERTIA.

127 4189 177 4247 ln
211 4195 428 4250 nomine
482 4193 704 4251 Domini
759 4203 812 4249 et
861 4195 1215 4253 dominatoris
1258 4196 1387 4254 Jesu
1432 4197 1635 4256 Christi

72 4284 164 4337 veri
195 4287 282 4340 Dei
324 4286 530 4342 nostri.
576 4285 810 4356 Imperio
837 4288 1200 4359 piissimorum
1247 4299 1300 4346 et
1340 4291 1634 4349 amicorum

73 4374 242 4430 Christi
269 4377 620 4433 dominorum
652 4385 959 4433 nostrorum
991 4379 1328 4436 Constantini
1375 4389 1428 4435 et
1469 4381 1636 4438 lrenaa

75 4481 98 4520 a
125 4469 218 4523 Deo
247 4469 517 4525 redimitae
546 4468 742 4524 matris
770 4468 902 4539 ejus,
939 4485 1081 4527 anno
1105 4479 1296 4526 octavo
1325 4471 1635 4528 consulatus

73 4569 252 4622 eorum,
284 4560 446 4614 tertio
477 4556 599 4629 [.Gr.
653 4567 703 4612 et
747 4574 845 4612 ms.
889 4557 1022 4626 Joh,
1054 4558 1129 4633 IV]
1171 4560 1436 4617 Kalendas
1472 4562 1634 4620 Octo-

73 4647 210 4714 brias,
236 4651 531 4705 indictione
562 4649 647 4703 ll.

129 4738 482 4794 Convenieute
513 4749 704 4796 sancta
737 4747 792 4795 et
817 4740 1108 4798 universali
1136 4745 1360 4814 synodo,
1394 4758 1512 4813 quas
1540 4759 1636 4815 per

76 4826 279 4885 divinam
309 4832 542 4902 gratiam
573 4840 628 4886 et
663 4831 811 4902 piam
842 4833 1175 4888 sanctionem
1203 4836 1518 4889 eorumdem
1553 4833 1634 4888 di-

79 4921 246 4980 rinitus
274 4926 730 4980 contirmatorum
768 4924 1149 4992 imperatorum
1192 4934 1512 4996 congregata
1551 4933 1635 4980 est

75 5009 120 5068 ln
146 5014 440 5071 Niccnsium
467 5017 619 5072 clara
649 5016 936 5085 metropoli
960 5015 1386 5087 Bithyniensium
1411 5017 1633 5087 provino

75 5103 155 5161 εἴτε
180 5125 192 5161 :
225 5109 272 5163 id
299 5119 403 5176 est,
434 5109 598 5165 Petro
627 5109 1079 5165 reverendissimo
1110 5110 1283 5179 primo
1314 5111 1628 5182 presbytero

77 5207 248 5253 sancta:
290 5199 545 5255 Romana:
575 5196 840 5254 Ecclesiae
867 5199 1034 5254 sancti
1083 5199 1310 5269 apostoli
1361 5199 1528 5270 Petri,
1574 5207 1632 5255 et

75 5282 207 5338 pili!)
227 5291 688 5349 memndiccsmn
724 5287 1032 5320 ηκΛοΙνιυοΛνιη
1066 5301 1114 5322 nl
1149 5292 1413 5324 mnuunhn
1442 5301 1490 5326 nl
1533 5292 1618 5328 Ιιο.

1738 4199 1956 4256 vicariis
1987 4199 2400 4270 apostolicarum
2435 4197 2644 4255 sedium
2687 4195 2968 4254 orientalis
2997 4197 3310 4253 dimeeseos.

1808 4291 2184 4347 Residentibus
2229 4306 2441 4361 quoque
2489 4299 2617 4345 ante
2661 4288 3084 4345 sacratissimum
3130 4289 3314 4343 ambo-

1737 4395 1860 4436 nem
1905 4381 2466 4451 templisanctissimae
2507 4395 2714 4451 magna:
2757 4377 2852 4435 Dei
2901 4377 3155 4434 Ecclesiae
3192 4393 3313 4448 quae

1737 4472 2146 4542 cognominatur
2193 4470 2425 4540 Sophia;
2465 4469 2819 4540 przescntibus
2868 4478 2924 4524 et
2969 4469 3313 4525 audientibus

1735 4562 2140 4634 gloriosissimis
2187 4571 2241 4615 et
2295 4559 2842 4629 magniﬁcentissimis
2893 4559 3204 4628 judicibus,
3255 4556 3314 4616 id

1735 4661 1839 4719 cst,
1893 4653 2120 4706 Petrona
2167 4649 2590 4706 laudabilissimo
2637 4648 2925 4704 exconsule
2969 4648 3217 4718 patricio,
3255 4656 3312 4704 et

1735 4744 1931 4800 comite
1986 4742 2097 4796 Deo
2149 4740 2454 4798 conservati
2523 4738 2854 4808 imperatorii
2913 4739 3194 4807 obsequii,
3257 4748 3312 4795 et

1733 4832 1940 4890 Joanne
1973 4832 2240 4904 imperiali
2268 4831 2495 4888 ostiario
2531 4840 2587 4886 et
2620 4831 2893 4900 logothcta
2940 4830 3187 4886 militaris
3229 4829 3310 4885 Io-

1735 4926 1986 4998 gothesii,
2027 4934 2080 4982 et
2113 4932 2224 4980 tota
2255 4931 2441 4980 saneta
2471 4923 2676 4996 synodo
2725 4925 3020 4979 secundum
3067 4923 3312 4979 ordinem

1735 5020 1825 5090 qui
1874 5019 2222 5090 praescriptus
2259 5017 2421 5072 estin
2454 5019 2626 5090 prima
2661 5017 2906 5083 actione;
2959 5015 3314 5087 praesentibus

1736 5111 1898 5167 etiam
1939 5112 2049 5169 Deo
2081 5109 2400 5166 amabilibus
2430 5107 2869 5168 archimandritis
2897 5117 2950 5164 et
2977 5107 3312 5179 hegumeuis,

1737 5209 1899 5272 atque
1928 5203 2073 5257 omni
2107 5198 2427 5256 monachica
2456 5196 2818 5274 plenitudine;
2870 5198 3160 5270 prepositis
3186 5213 3314 5255 san-
