3924 5572
551 414 647 474 251

1731 414 2090 474 ANASTASH
2126 409 2668 472 ΒΙΒΙᾸΟΤΗΕΩΑΒΙῘ

3700 413 3791 468 252

547 530 783 585 ordinati
826 539 986 598 sunt.
1037 530 1390 588 assumendus
1417 546 1573 602 :prte
1600 529 1808 588 foribus
1837 531 2034 586 adsunt
2067 530 2123 586 hi
2152 533 2200 596 Α
2229 529 2414 595 mitte;
2441 542 2508 584 eo
2526 526 2670 599 quod
2693 540 2882 611 manus
2897 522 3018 599 [01.
3045 525 3172 582 add.
3197 525 3249 581 in
3271 525 3480 607 synodo
3501 523 3790 611 latrocinali

551 617 649 687 qui
684 618 892 674 libellos
921 636 1048 676 suos
1085 620 1196 689 jam
1238 622 1536 678 orthodoxe
1577 623 1821 694 legerunt
1866 623 2123 694 episcOpi,

553 717 608 762 et
673 711 949 778 postulant
993 712 1201 783 ingredi
1254 723 1310 768 et
1354 712 1589 783 iudicari
1643 715 1934 772 secundum
1986 715 2129 786 quod

549 795 702 854 vobis
734 799 1012 870 placuerit.

617 890 820 948 Sancta
856 897 1092 968 synodus
1119 897 1292 953 dixit:
1324 896 1573 954 Veniant.

617 979 874 1063 Tarasius
921 987 1294 1045 sanctissimus
1343 991 1651 1062 patriarcha
1697 992 1834 1049 dixit
1871 1009 1886 1047 :
1937 991 1992 1049 Is
2035 994 2127 1063 qui

547 1088 720 1146 nuper
749 1061 895 1134 venit
927 1067 1034 1134 Deo
1063 1061 1481 1138 amabilissimus
1521 1084 1804 1155 episcopus
1838 1083 2125 1142 Neocaesa-

547 1165 642 1222 rize
673 1167 861 1224 reddat
892 1171 1154 1226 rationem
1186 1188 1338 1228 suam
1367 1188 1466 1244 per
1488 1174 1749 1231 libeilum.

613 1259 905 1332 Gregorius
971 1261 1078 1317 Deo
1137 1264 1384 1321 amabilis
1441 1267 1727 1339 episcopus
1775 1266 2126 1324 Neocaesarite

543 1349 704 1405 dixit:
725 1343 1019 1409 Conﬁrmet
1036 1355 1174 1411 Deus
1196 1357 1479 1428 imperium
1501 1360 1764 1416 bonorum
1782 1361 2122 1418 dominorum

541 1452 880 1511 nostrorum;
900 1445 1134 1502 lmtilicet
1154 1463 1246 1503 cos
1263 1443 1403 1504 Deus
1423 1451 1475 1505 in
1497 1461 1684 1507 sancto
1705 1453 1841 1509 solio
1858 1453 2118 1523 ipsorum.

543 1533 955 1595 Sanctissimum
986 1542 1259 1597 dominum
1295 1553 1535 1599 nostrum
1575 1545 1715 1602 Deus
1751 1546 1968 1618 largiori
2005 1563 2121 1604 tero

540 1615 689 1700 l‘ungi
738 1627 900 1685 faciat
949 1634 1249 1703 pontilicio,
1289 1644 1344 1690 et
1385 1644 1628 1690 sanctam
1667 1615 1928 1708 synodum
1979 1638 2120 1696 Deus

538 1721 796 1779 stabiliat.
827 1723 995 1780 Orate
1040 1743 1137 1797 pro
1181 1738 1418 1799 egestate
1466 1745 1604 1786 mea.
1648 1729 1713 1784 Et
1744 1729 2022 1801 proferens
2047 1732 2119 1786 ii—

537 1811 734 1869 bellnm
765 1832 919 1872 suum
951 1817 1079 1891 legit
1115 1823 1477 1878 continentem
1525 1823 1852 1895 exemplaria
1905 1824 2115 1880 libello-

537 1920 658 1959 rum
687 1908 779 1978 qui
805 1911 1104 1983 praescripti
1135 1923 1261 1969 sunt
1292 1915 1343 1970 in
1377 1917 1590 1973 actione
1620 1917 1812 1988 prima.

607 1993 674 2049 Et
703 2008 986 2070 postquam
1015 2002 1189 2060 lectus
1223 2015 1304 2060 est
1336 2005 1570 2075 libellus,
1602 2007 1858 2065 Tarasius
1883 2010 2114 2067 sanctis-

534 2083 704 2142 simus
729 2090 1036 2158 patriarcha
1069 2093 1204 2150 dixit
1229 2113 1242 2150 :
1271 2095 1397 2153 Haec
1421 2112 1543 2152 cum
1570 2098 1912 2170 simplicitate
1938 2101 2116 2156 cordis

533 2176 672 2232 conﬁ
683 2179 846 2237 teris?
988 2187 990 2190 ’

603 2265 894 2341 Gregorius
955 2273 1068 2331 Deo
1131 2277 1378 2335 amabilis
1434 2279 1717 2352 episc0pus
1765 2281 2115 2338 Neocmsarite

532 2357 714 2415 dixit:
761 2361 818 2417 In
871 2366 1087 2422 nomine
1137 2368 1231 2423 Dei
1284 2379 1339 2426 et
1380 2386 1480 2442 per
1524 2383 1766 2428 sanctam
1813 2368 2112 2429 Orationem

535 2456 681 2506 tuam
722 2462 777 2508 et
805 2466 1116 2513 sanctorum
1147 2459 1390 2528 Patrum,
1435 2463 1489 2518 in
1537 2463 1734 2520 munda
1782 2465 2111 2522 conscientia

528 2548 584 2595 et
610 2545 754 2599 omni
785 2545 1124 2619 simplicitate
1149 2552 1693 2624 conﬁteor,etquaeso
1721 2556 2110 2614 beatitudinem

531 2642 767 2690 vestram
795 2644 850 2692 et
879 2646 1044 2694 totam
1075 2644 1334 2713 synodum
1368 2659 1525 2700 orare
1550 2660 1647 2715 pro
1681 2662 1787 2702 me.

602 2721 860 2785 Tarasius
904 2733 1278 2790 sanctissimus
1316 2738 1629 2807 patriarcha
1678 2741 1857 2797 dixit:
1894 2741 2109 2813 Aliquid

529 2817 594 2868 ad
619 2817 732 2871 lucc
754 2821 1173 2894 promulgemus.
1205 2824 1321 2898 [σν.
1351 2828 1476 2884 add.
1508 2829 1844 2888 Sanctissimi
1870 2833 2108 2907 episcOpi

528 2907 723 2963 Sicilia:
753 2910 1024 2968 dixerunt.
1061 2914 1214 2984 Quod
1241 2916 1294 2972 in
1325 2918 1443 2975 aliis
1473 2919 1674 2977 factum
1706 2934 1818 2992 est,
1851 2924 1944 2979 liat
1973 2941 2109 2997 quo-

526 3013 628 3066 que
660 2998 710 3052 in
744 2999 905 3075 istis.]

597 3090 795 3148 Sancta
827 3097 1065 3166 synodus
1095 3098 1232 3155 dixit
1256 3115 1271 3156 :
1297 3103 1440 3160 Fiat.

597 3223 852 3335 :l‘arasius
885 3232 1260 3290 sanctissimus
1273 3239 1585 3306 patriarcha
1605 3242 1773 3298 dixit:
1795 3242 1902 3302 Sed
1924 3260 2103 3304 seruo
2129 3269 2174 3335 ρ

524 3315 738 3382 quidam
768 3322 1000 3379 rumoris
1017 3325 1303 3398 obstrepit,
1332 3332 1476 3400 quod
1499 3333 1553 3388 in
1583 3343 1823 3405 tempore
1849 3352 2103 3408 persecu-

525 3406 687 3462 tionis
713 3409 934 3479 quidam
961 3415 1340 3493 qaiscoporum
1369 3422 1738 3484 intolerabiles
1768 3406 2100 3498 persecutio-

522 3515 617 3557 nes
655 3503 756 3573 piis
784 3505 913 3564 viris
943 3509 1218 3569 intulerint
1244 3535 1256 3570 :
1288 3517 1484 3587 quibus
1514 3523 1695 3578 verbis
1735 3523 1946 3594 injectis
1985 3544 2099 3590 non

521 3607 902 3668 usquequaque
925 3601 1040 3659 sine
1070 3607 1453 3676 approbatione
1488 3615 1778 3672 credimus.
1805 3615 1965 3674 Novit
1987 3627 2096 3676 tota

520 3696 703 3740 sancta
735 3690 971 3759 synodus
990 3693 1140 3762 haec,
1179 3699 1308 3769 quia
1339 3717 1516 3759 canon
1531 3716 1855 3764 sanctorum
1881 3721 2100 3781 aposto-

519 3775 691 3832 lorum
735 3782 1065 3854 episcopum,
1109 3789 1192 3844 vel
1237 3792 1633 3866 presbyterum,
1680 3799 1765 3854 vel
1814 3775 2095 3858 diaconum

519 3871 908 3936 percutientem
937 3875 1118 3935 ﬁdeles
1148 3870 1538 3954 delinquentes,
1586 3898 1678 3944 aut
1721 3891 1965 3948 infideles
1991 3893 2094 3950 ini-

519 3974 622 4028 quc
648 3972 890 4033 agentes,
928 3975 982 4022 et
1017 3983 1113 4040 per
1141 3972 1509 4043 hujuscemodi
1558 3980 1734 4038 timeri
1801 3985 2092 4055 volentem,

519 4049 710 4120 deponi
743 4057 1002 4127 praecipit.

587 4137 786 4198 Sancta
808 4147 1044 4216 synodus
1067 4149 1203 4207 dixit
1230 4170 1243 4208 :
1271 4153 1350 4212 Ita
1379 4156 1717 4218 denuntiant.

587 4274 844 4336 Tarasius
867 4283 1240 4361 sanctissimus
1271 4289 1575 4358 patriarcha
1607 4295 1740 4351 dixit
1765 4311 1780 4350 :
1810 4297 1876 4353 Et
1912 4300 1958 4355 si
1988 4299 2091 4358 hoc

517 4363 588 4420 ita
619 4375 720 4435 est,
753 4371 882 4441 quid
905 4371 1059 4432 vobis
1076 4375 1335 4434 videtur?

540 4449 545 4456 ’
585 4457 898 4523 Theodorus
926 4469 1297 4529 sanctissimus
1339 4475 1619 4547 episcopus
1664 4478 1883 4537 Catanre
1907 4482 2088 4540 dixit:

513 4547 820 4612 Secundum
857 4570 1039 4616 sacras
1064 4562 1338 4620 catholica
1368 4565 1619 4625 Ecclesia:
1661 4571 1872 4640 regulas
1894 4573 1964 4629 ita
1996 4575 2090 4632 de-

509 4637 631 4701 tlnit
656 4659 840 4706 sancta
869 4654 1102 4724 synodus
1136 4657 1269 4712 haec.
1663 4651 1666 4654 ’

468 4751 477 4769 ο
579 4733 836 4794 Tarasius
868 4743 1236 4802 sanctissimus
1264 4749 1570 4817 patriarcha
1598 4753 1732 4810 dixit
1759 4775 1773 4812 :
1809 4756 1866 4812 Si
1908 4757 2086 4814 intulit

507 4825 794 4899 episcopus
818 4848 1168 4907 quascunque
1187 4840 1371 4911 plagas
1385 4851 1439 4897 et
1458 4853 1722 4901 tormenta
1745 4849 1878 4904 viris
1893 4851 2085 4906 timen-

511 4912 654 4973 tibus
677 4919 977 4988 Dominum,
993 4919 1093 4996 'qui
1121 4937 1244 4984 tunc
1267 4935 1692 5000 persecutionem
1717 4940 2082 5010 patiebantur,

510 5019 615 5061 non
647 5016 730 5063 est
755 5009 947 5085 dignus
973 5015 1298 5087 episcOpatu.
1786 5031 1795 5037 '

579 5142 780 5200 Sancta
799 5149 1032 5235 synodus
1051 5151 1186 5224 dixit
1209 5172 1224 5209 :
1249 5154 1364 5212 Non
1395 5167 1480 5214 est
1498 5159 1706 5240 dignus.

579 5235 835 5294 Tarasius
865 5246 1568 5324 sanctissimuspatriareha
1598 5238 1732 5310 dix'it
1761 5271 1775 5310 :
1817 5254 2081 5328 Quoniam

503 5329 567 5386 αι
589 5325 735 5382 sicut
751 5341 1071 5402 persecutor
1099 5337 1272 5412 (aedes
1295 5340 1510 5410 inﬂixit.

1645 5475 1673 5482 α

2231 619 2443 694 manus]
2485 619 2729 691 iniecerit
2759 609 2920 691 super
2941 618 3088 674 viros
3107 618 3366 674 insontes.

2295 711 2534 770 Joannes
2569 711 3054 794 reverendissimus
3100 710 3382 793 presbyter
3407 717 3461 776 et
3499 709 3678 794 locum
3726 718 3794 788 te.

2227 820 2364 861 nens
2391 805 2669 862 orientalis
2714 805 3011 861 dioeceseos
3035 791 3183 859 'dixit
3212 817 3227 858 :
3269 791 3356 858 Et,
3389 801 3598 875 Spiritu
3621 791 3798 868 sancto

2228 898 2484 969 inspirata
2500 908 2689 976 sancta
2701 898 2940 972 synodus
2958 896 3301 976 sponsionem
3313 880 3794 982 {constitutioner

2225 991 2365 1047 hanc
2400 991 2665 1062 exposuit.
3043 983 3046 986 ’

2297 1083 2553 1139 Tarasius
2595 1081 2970 1144 sanctissimus
3007 1081 3314 1156 patriarcha
3335 1080 3520 1160 dixit:
3562 1077 3720 1162 Sicut
3750 1087 3800 1135 et

2221 1174 2591 1246 praediximus,
2614 1175 2794 1238 verbis
2823 1190 2952 1256 [qua
2973 1173 3452 1258 circumferuntur,
3493 1189 3603 1254 non
3631 1173 3796 1232 credi-

2226 1282 2366 1322 mus.

2291 1355 2494 1414 Sancta
2539 1357 2780 1430 synodus
2821 1357 2956 1446 dixit
2991 1376 3006 1414 ε
3049 1359 3106 1446 1η
3136 1367 3376 1437 ῑβμὲρρτίέ
3417 1374 3522 1440 ⁵μο
3563 1359 3798 1443 (παίξῴ

2222 1448 2366 1514 hanc
2391 1449 2555 1505 habet
2581 1445 2995 1520 querimoniam,
3025 1445 3286 1522 queratur
3329 1453 3471 1522 apud
3519 1451 3661 1506 hanc
3686 1467 3800 1508 san-

2223 1547 2366 1598 ctam
2419 1541 2702 1613 synodum,
2749 1543 2838 1602 vel
2865 1544 3007 1618 apud
3055 1545 3395 1620 sanctitatem
3442 1539 3683 1620 vestram
3711 1555 3798 1602 :et

2220 1641 2435 1686 ostensa
2467 1633 2714 1697 veritate,
2747 1615 3192 1703 sicutrdeﬁnituat
3215 1644 3302 1706 est
3321 1651 3358 1690 a
3377 1645 3578 1713 sancta
3604 1615 3795 1720 synodo

2220 1721 2340 1788 hac,
2363 1711 2670 1794 proveniet.
3019 1787 3023 1793 _

2291 1813 2331 1869 G
2341 1817 2513 1886 regeri
2522 1833 2583 1871 us
2598 1816 2969 1873 sanctissimus
2981 1818 3261 1890 episcopus
3275 1817 3630 1898 Necessaria:
3642 1821 3790 1878 dixit:

2142 1897 2197 1959 Β
2224 1907 2339 1963 Non
2383 1925 2470 1966 me
2514 1894 2679 1967 homo
2723 1911 3024 1978 accusabit,
3053 1911 3178 1984 quia
3202 1911 3448 1997 percussi
3498 1894 3584 1968 vel
3631 1914 3790 1970 occidi

2220 1997 2361 2071 [Gr.,
2399 2000 2612 2073 cecidi].

2291 2090 2488 2148 Sancta
2541 2091 2782 2164 synodus
2831 2093 3025 2156 dixit:
3077 2093 3136 2150 In
3195 2094 3282 2154 his
3331 2103 3392 2152 et
3447 2110 3549 2166 nos
3599 2096 3790 2168 gaude-

2216 2197 2357 2240 mus.

2285 2274 2329 2331 G
2337 2273 2576 2346 regorius
2587 2273 2961 2348 sanctissimus
2969 2275 3254 2358 episcopus
3266 2273 3625 2347 Neocmsaria:
3636 2274 3765 2346 dixit
3776 2290 3791 2330 :

2215 2368 2401 2439 Neque
2445 2369 2497 2424 in
2538 2367 2798 2422 divinitus
2826 2367 3173 2423 custodienda
3213 2367 3364 2433 urbe,
3407 2383 3587 2438 neque
3632 2369 3685 2423 in
3709 2383 3796 2425 re-

2212 2459 2369 2530 gione
2397 2475 2516 2516 mea
2543 2459 2704 2514 homo
2727 2473 2799 2515 ex
2831 2472 2920 2517 me
2948 2457 3211 2528 ultionem
3223 2474 3425 2532 passus
3449 2470 3555 2516 est.

2285 2551 2482 2607 Sancta
2512 2551 2749 2622 synodus
2772 2551 2944 2608 dixit:
2986 2549 3044 2608 Si
3075 2551 3218 2607 istud
3256 2559 3355 2618 est,
3391 2554 3722 2624 suscipiatur
3745 2554 3792 2609 in

2210 2644 2329 2702 loco
2360 2660 2479 2701 suo.
3123 2664 3125 2666 '

2283 2736 2490 2792 Sabbas
2520 2735 3002 2793 reverendissimus
3045 2738 3341 2793 monachus
3365 2747 3418 2794 et
3463 2738 3793 2810 begumenus

2212 2827 2524 2883 monasterii
2573 2827 2750 2884 Studii
2781 2829 2920 2884 dixit
2950 2843 2966 2882 :
3006 2828 3318 2901 Principem
3362 2830 3640 2887 haereseos
3667 2847 3788 2887 con-

2208 2917 2335 2974 fessi
2368 2928 2492 2974 sunt
2524 2919 2806 2988 pontifices
2854 2935 2976 2975 eum
3018 2935 3138 2976 esse
3165 2938 3176 2974 :
3207 2929 3264 2976 et
3291 2930 3351 2980 ut
3376 2919 3619 2992 iubetis;
3674 2939 3790 2978 nam

2209 3005 2370 3062 Pater
2396 3017 2580 3063 noster
2615 3007 2944 3066 Athanasius
2983 3010 3050 3068 ad
3091 3010 3434 3068 Ruﬁnianum
3467 3012 3631 3081 dixit,
3675 3015 3791 3083 quia

2208 3098 2286 3154 eis
2315 3099 2405 3168 qui
2430 3100 2704 3171 principes
2731 3100 2950 3156 fuerunt
2969 3102 3240 3168 haereseos
3267 3103 3485 3171 sufﬁcit,
3515 3106 3564 3161 si
3591 3114 3791 3162 tantum

2209 3191 2273 3245 ad
2300 3191 2672 3260 paenitentiam
2695 3193 3067 3254 admittautur.

2274 3298 2536 3357 Tarasius
2560 3304 2934 3360 sanctissimus
2960 3307 3264 3376 patriarcha
3287 3307 3425 3363 dixit
3449 3323 3468 3362 :
3505 3308 3618 3366 Sed
3641 3311 3788 3374 dixit,

2203 3392 2326 3463 quia
2352 3410 2455 3448 non
2487 3395 2700 3478 cecidit,
2731 3411 2905 3467 neque
2933 3410 3247 3467 persecutus
3273 3409 3357 3456 est

2265 3482 2654 3541 Constanti-nus
2703 3489 3075 3545 sanctissimus
3117 3485 3406 3562 episcopus
3455 3493 3787 3550 Constantia:

2115 3593 2119 3597 ·
2199 3573 2356 3646 Cypri
2387 3576 2564 3631 dixit:
2605 3575 2899 3644 Iuvenalis,
2955 3588 3011 3635 et
3070 3583 3158 3651 qui
3213 3585 3356 3638 circa
3385 3585 3578 3655 ipsum
3608 3596 3782 3650 erant,

2199 3673 2446 3722 auctores
2478 3666 2794 3743 [principes]
2822 3670 3152 3727 latrocinalis
3193 3674 3382 3745 synodi
3412 3678 3779 3742 exstiterunt;

2197 3755 2291 3814 sed
2319 3757 2368 3813 in
2394 3769 2582 3830 quarta
2615 3763 2820 3833 synodo
2850 3765 3052 3834 recepti
3078 3774 3224 3821 sunt.

2265 3851 2505 3909 Joannes
2530 3855 3094 3934 magniﬁcentissimos
3115 3859 3385 3932 logotheta
3421 3861 3565 3917 dixit
3591 3881 3605 3917 :
3631 3862 3782 3918 Sulli-

2195 3942 2274 3998 cit'
2290 3946 2494 4015 synodo
2523 3955 2715 4002 vestra:
2755 3948 3010 4005 divinitus
3033 3963 3388 4025 congregatae,
3416 3957 3546 4024 quia
3578 3957 3775 4030 Grego-

2196 4034 2307 4102 rius
2334 4034 2703 4105 Neocmsarim,
2747 4048 2802 4094 et
2829 4040 2920 4110 qui
2947 4050 3135 4097 auctor
3160 4044 3366 4099 exstitit
3405 4050 3777 4116 praetereuntis

2195 4126 2372 4196 impia:
2398 4129 2607 4199 synodi,
2637 4142 2990 4190 conservatus
3016 4143 3101 4190 est
3148 4151 3317 4206 usque
3362 4137 3416 4192 in
3458 4139 3773 4196 hodiernum

2191 4220 2332 4275 diem
2363 4221 2432 4275 ad
2471 4215 2625 4277 suain
2661 4218 2908 4282 bwresim
2941 4236 3000 4282 et
3039 4229 3338 4284 doctrinam
3386 4229 3772 4289 damnandam.

2259 4329 2494 4390 Joannes
2528 4337 3010 4394 reverendissimus
3055 4341 3342 4414 presbyter
3369 4352 3424 4400 et
3473 4345 3655 4403 locum
3703 4359 3773 4404 te-

2191 4438 2324 4478 nens
2376 4425 2653 4483 orientalis
2706 4429 3003 4487 dimceseos
3050 4432 3184 4488 dixit
3227 4426 3246 4488 ἐ
3295 4432 3518 4493 Gratias
3569 4441 3770 4510 agimus

2167 4513 2323 4585 .Deo,
2367 4521 2489 4590 quia
2527 4513 2903 4604 remanserunt
2927 4525 3028 4582 viri
3053 4541 3083 4582 e
3113 4527 3253 4584 male
3279 4519 3505 4614 collecta
3546 4534 3766 4605 synodo,

2110 4637 2165 4698 Β
2192 4621 2480 4681 arguentes
2510 4623 2564 4670 et
2592 4630 2709 4684 quae
2730 4615 2798 4672 ab
2816 4617 2945 4687 ipsis
2972 4616 3112 4674 male
3136 4627 3260 4688 sunt
3280 4628 3454 4693 gesta,
3471 4631 3528 4680 et
3548 4626 3766 4683 subver-

2196 4713 2366 4763 tentes
2388 4717 2548 4778 atque
2573 4709 2941 4769 confusionem
2971 4714 3244 4786 propriam
3273 4715 3638 4787 publicantes.

2174 4817 2212 4876 ᾗ
2262 4816 2514 4875 Tarasius
2566 4821 2939 4900 sanctissimus
2983 4812 3291 4895 patriarcha
3343 4828 3523 4894 dixit:
3558 4829 3762 4895 Scimus

2161 4962 2164 4965 _
2188 4925 2375 4972 clunes
2397 4909 2709 4984 Juvenalem
2743 4918 3110 4985 patriarcham
3138 4917 3304 5002 fuisse
3328 4919 3759 4997 Hierosolymita-

2187 5019 2345 5070 num;
2377 5011 2433 5062 et
2478 5007 2770 5064 secundum
2800 5008 3113 5082 dignitatem
3138 5027 3289 5068 suam
3309 5013 3501 5084 utique
3528 5025 3587 5071 et
3613 5016 3757 5086 prin-

2186 5109 2311 5163 ceps
2335 5097 2521 5167 synodi
2549 5097 2650 5154 fuit
2678 5119 2692 5154 :
2721 5110 2775 5155 et
2804 5102 2881 5157 sic
2903 5099 3047 5174 [ϐω
3071 5103 3184 5178 hic]
3215 5113 3336 5178 post
3356 5108 3753 5178 praevaricatio

2184 5201 2307 5256 nem
2338 5203 2488 5244 suam
2517 5191 2839 5260 paenitentia
2864 5204 3015 5265 gesta
3045 5205 3294 5267 receptus
3315 5205 3415 5254 est.

2254 5299 2584 5371 Epiphanius
2639 5308 3119 5365 reverendissimus
3181 5309 3438 5368 diaconus
3499 5311 3752 5380 Ecclesia

2180 5391 2417 5448 Catenae.
2455 5400 2510 5446 el.
2535 5395 2708 5446 locum
2755 5398 2992 5450 retinens
3035 5399 3250 5452 Thnnw
3290 5421 3294 5426 -
3511 5401 3522 5406 “
3578 5401 3612 5412 "
3695 5403 3724 5424 νε
