3924 5680
124 326 227 381 153

806 326 1365 401 munitm
1396 326 1655 391 ssnon!
1692 326 1787 387 vn
1824 327 2230 387 usususus.
2261 358 2332 370 -
2366 325 2569 384 ACTIO
2604 326 2691 384 ιιι.

3276 322 3383 395 ᾔει

122 442 832 511 mMnianot-um
855 461 871 499 :
898 444 992 502 sed
1018 459 1142 500 cum
1166 442 1345 503 libello
1364 450 1582 499 sanctus
1607 440 1708 496 Bs-
1735 446 1784 513 Α
1811 444 2081 515 poscimus
2108 453 2168 499 ut
2205 443 2398 513 litterae
2426 441 2754 509 sanctissimi
2798 437 3118 515 patriarcha:
3151 400 3386 512 Tarasii.

123 532 272 591 silius
286 531 466 590 Pater
486 543 669 591 noster
693 535 926 611 suscepit
950 535 1116 591 illum.

1807 552 1926 609 quae
1963 536 2141 593 missa:
2181 546 2307 593 sunt
2334 536 2402 592 ad
2442 536 2813 593 sanctissimos
2836 544 2891 593 et
2918 548 3158 593 summos
3200 549 3386 590 sacer-

190 620 657 684 Beverendissimi
709 628 960 684 monachi
1006 629 1260 687 dixerunt
1306 645 1320 681 :
1373 625 1575 681 Verum
1599 630 1705 692 est,
1806 631 1958 689 dotes
2009 632 2272 700 orientis,
2328 631 2478 704 prius
2534 631 2820 702 ιεεεωιωιε
2878 638 2933 689 ει
2985 629 3060 687 ira
3116 627 3390 699 rescripta

123 718 216 776 sed
240 718 373 788 quia
407 727 602 776 tacens
623 720 819 777 mansit
843 719 1136 785 Iuvenalis,
1179 718 1300 793 ideo
1332 716 1710 789 respondimus
1803 735 2011 778 earum.

126 809 235 883 {Gn
284 812 420 867 add.
472 812 730 873 Tarasius
776 812 1149 875 sanctissimus
1178 810 1487 884 patriarcha
1527 807 1705 865 dixit:

126 901 436 960 Laudamus
462 921 583 971 vos,
611 914 862 978 tanquam
883 904 1224 961 aemulatores
1248 902 1628 961 canonicarum
1654 905 1711 956 et

124 984 559 1062 evangelicarum
588 994 1078 1069 constitutionem]

189 1082 405 1141 Sabbas
433 1087 921 1145 reverendissimus
963 1085 1257 1142 monachus
1284 1091 1340 1143 et
1378 1083 1712 1154 begumcnus

124 1177 441 1233 monasterii
489 1175 669 1232 Studii
709 1177 889 1231 dixit:
934 1174 1225 1231 Conservet
1272 1175 1414 1229 Deus
1466 1172 1711 1228 dominos

126 1272 335 1322 nostros
352 1267 559 1335 bonos,
586 1268 780 1339 quibus
805 1267 1149 1338 dignantibus
1172 1267 1274 1322 hoc
1303 1264 1504 1320 factum
1546 1271 1629 1318 est
1656 1268 1713 1318 et

127 1367 514 1429 congregatum
545 1359 832 1414 concilium
876 1358 942 1413 ad
972 1357 1226 1414 Ecclesiae
1258 1356 1511 1412 unionem
1550 1363 1712 1424 atque

124 1446 498 1503 concordiam.
737 1463 741 1467 '

124 1534 397 1684 huSlaucta
438 1538 684 1609 synodus
730 1535 912 1594 dixit:
958 1535 1273 1593 Gratiarum
1319 1535 1461 1593 actio
1498 1534 1610 1591 Deo
1656 1539 1712 1590 et

1812 885 1823 893 .
1878 812 2075 868 Sancta
2109 776 2346 885 synodus
2381 812 2513 871 dixit
2547 831 2560 869 :
2601 812 2890 897 Legantur.

1878 903 1944 957 Et
1977 901 2105 975 legit
2146 903 2446 974 Stephanus
2476 903 2737 959 diaconus
2768 903 2877 959 Deo
2917 900 3164 961 amabilis
3203 907 3261 959 et
3292 912 3393 959 nov

1810 994 1977 1050 tarius
2004 995 2324 1053 venerabilis
2350 994 2694 1067 patriarchin
2720 994 2937 1051 secreti.

1810 1126 2097 1198 Exemplar
2143 1128 2437 1184 litterarum
2486 1144 2605 1199 qua
2646 1128 2999 1199 misceant
3045 1124 3116 1199 ad
3160 1135 3392 1199 sunt!!!“

1878 1194 2172 1257 sacerdotes
2214 1208 2265 1255 et
2310 1194 2604 1255 sacerdotes
2645 1197 2938 1261 Antiochia
2962 1234 2978 1262 ,
3023 1194 3390 1260 Mandris.

1879 1279 1929 1341 ei
1958 1278 2155 1341 scyria:
2178 1269 2431 1341 civitatis,
2453 1287 2484 1324 a
2512 1266 2729 1325 Ter-asia
2757 1278 2805 1328 et
2830 1267 3127 1341 beatissimo
3156 1265 3393 1341 patriar-

1880 1339 1977 1393 clm
2006 1337 2541 1410 Constantinopoleos.
2610 1346 2611 1351 ‘
2944 1340 2949 1347 ’

1882 1448 2044 1502 Multa
2080 1457 2135 1504 et
2174 1463 2366 1520 magna
2392 1447 2727 1520 providentia
2756 1425 3015 1503 Dominus
3043 1443 3186 1501 Deus
3219 1440 3393 1499 homi-

1812 1555 1940 1619 num
1985 1540 2120 1597 vitas
2162 1555 2356 1611 regens
2395 1547 2450 1595 et
2486 1538 2834 1611 protrahens,
2870 1545 3029 1608 atque
3064 1542 3389 1606 proventum

1813 1631 1936 1701 vita:
1985 1630 2407 1703 uniuscujusque
2459 1630 2702 1689 consulte
2757 1627 3026 1687 deducens
3075 1626 3231 1698 (sine
3272 1624 3391 1695 ipso

144 1718 147 1725 ’
187 1716 454 1776 Tal-asins
474 1718 850 1775 sanctissimus
873 1716 1180 1789 patriarcha
1200 1717 1335 1773 dixit
1366 1734 1381 1772 :
1409 1714 1528 1772 Jam
1555 1712 1720 1770 antea‘
1814 1740 2049 1795 namque
2069 1724 2268 1780 factum
2290 1734 2376 1780 est
2400 1722 2555 1790 nihil,
2576 1722 2702 1794 quia
2728 1730 2782 1778 et
2807 1719 2981 1793 capilli
3002 1718 3196 1789 capitis
3219 1712 3393 1773 nostri

125 1810 235 1869 hac
258 1821 460 1868 sancta
488 1808 727 1886 synodus
754 1811 1135 1884 promulgavit,
1165 1819 1352 1867 secuta
1380 1818 1597 1865 sanctos
1618 1824 1712 1879 pa-
1742 1796 1788 1865 Β
1818 1794 2081 1870 numerati
2113 1824 2238 1870 sunt
2266 1812 2337 1885 ei)
2379 1822 2433 1869 et
2476 1827 2561 1870 me
2604 1811 2657 1869 in
2696 1810 2961 1869 laicorum
2993 1808 3185 1864 ordine
3222 1818 3394 1877 usque

124 1909 229 1960 tres
248 1913 498 1970 nostros,
527 1904 669 1974 quod
693 1901 890 1973 Suscipi
913 1910 1162 1973 oporteat
1183 1899 1302 1974 [Gn
1333 1901 1457 1955 add.
1491 1899 1715 1956 venien-

127 2001 202 2050 [es
226 1996 295 2047 ab
322 1991 576 2066 heresi],
608 1993 713 2049 nisi
748 1992 852 2047 alia
882 2007 1045 2048 causa
1076 1989 1378 2063 huiusmodi
1406 2006 1433 2044 a
1460 1988 1713 2046 sacerdo-

128 2084 214 2139 tali
255 2085 446 2157 eiiciat
489 2085 722 2142 ordine:
754 2083 985 2163 idipSum
1037 2097 1167 2154 ergo
1195 2092 1251 2139 et
1284 2082 1478 2137 iterum
1525 2080 1715 2135 didici-

127 2190 256 2230 mus.
830 2194 837 2201 '
972 2197 981 2205 '

191 2262 391 2320 Sancta
420 2264 670 2337 synodus
690 2263 828 2320 dixit
853 2302 873 2323 .
910 2262 1113 2321 Omnes
1137 2263 1367 2334 idipsum
1391 2261 1644 2317 dicimus;

186 2352 430 2413 Joannes
479 2352 961 2412 reverendisSimus
990 2355 1272 2429 presbyter
1313 2361 1368 2408 et
1395 2352 1711 2417 monachus,

125 2443 295 2504 locum
349 2455 554 2504 tenens
618 2444 960 2502 orientalium
1014 2444 1477 2516 patriarcharum,
1528 2441 1709 2497 dixit:

128 2533 268 2594 Bona
297 2553 429 2610 qua:
478 2538 693 2594 diverso
745 2534 902 2593 modo
944 2538 1216 2603 dicuntur,
1257 2543 1442 2592 saneta
1489 2539 1614 2589 sunt
1659 2539 1715 2588 et

131 2628 292 2685 utilia.

196 2720 393 2777 Petrus
440 2720 555 2779 Deo
578 2720 832 2797 amabilis
859 2720 1171 2793 presbyter,
1216 2727 1271 2774 et
1315 2719 1490 2775 locum
1526 2727 1716 2772 tenens

130 2811 345 2867 Adriani
370 2811 687 2868 beatissimi
719 2828 869 2884 papa:
893 2812 1121 2868 senioris
1148 2811 1355 2877 Romm,
1398 2821 1452 2868 et
1480 2809 1716 2865 Joannes

130 2917 189 2958 ac
212 2903 468 2959 Thomas
488 2902 599 2959 Deo
616 2902 878 2959 amabiles
905 2903 1226 2974 presbyteri,
1248 2912 1302 2959 et
1330 2901 1514 2957 vicarii
1536 2900 1718 2957 orien-

130 2993 215 3062 tis,
240 2995 508 3073 dixerunt
540 3012 553 3049 :
582 2988 876 3073 Reei'piant
898 2995 1056 3050 sedes
1082 3009 1229 3049 suas.

150 3102 157 3107 ·
194 3085 397 3142 Sancta
424 3086 668 3158 synodus
691 3086 870 3145 dixit:
900 3082 1015 3144 Hoc
1042 3086 1214 3158 ipsum
1239 3086 1488 3153 dicimus,
1505 3093 1560 3142 et
1585 3099 1716 3141 con-

132 3176 389 3233 sentimus
423 3190 636 3253 omnes.
702 3202 705 3205 -

192 3269 259 3325 Et
292 3268 672 3327 ascenderunt
712 3270 764 3324 in
794 3280 1156 3341 competentes
1182 3270 1281 3325 sibi
1312 3266 1601 3324 cathedras
1626 3281 1716 3323 re—

130 3364 502 3422 verendissimi
525 3364 787 3435 episcopi,
812 3362 1294 3429 Nicaeaeyidelicet,
1344 3360 1717 3425 Neoctesarire,

128 3451 319 3522 Rhodi,
366 3452 560 3529 loonii,
612 3450 979 3533 Hie'rappleos,
1040 3452 1398 3509 Pisinuntium
1427 3440 1546 3519 ,‘et
1587 3448 1720 3506 Car-

129 3544 307 3619 patbi.‘

195 3636 402 3695 Sancta
435 3637 680 3711 synodus
703 3638 876 3695 dixit:
920 3636 1064 3694 Deus
1092 3639 1229 3695 bene
1268 3636 1487 3694 adduxit
1530 3635 1720 3692 ortho-

194 3819 594 3879 Constantinus
649 3821 1027 3878 sanctissimus
1074 3821 1357 3892 episcopus
1393 3814 1722 3874 Constantia:

132 3911 285 3987 Cypri
310 3913 490 3969 dixit:
529 3913 669 3982 Quia
698 3914 751 3968 in
774 3912 939 3984 priori
959 3914 1201 3970 sessione
1227 3921 1425 3969 saneta:
1452 3909 1613 3980 hujus
1633 3924 1723 3966 ve-

131 4003 389 4061 nerabilis
412 4005 606 4078 synodi
634 4004 934 4076 piissimam
960 4018 1171 4061 sacram
1201 4006 1311 4060 Deo
1341 4011 1722 4063 coronatorum

1816 1924 1960 1963 nunc
1987 1914 2450 1972 conuulneratum,
2478 1913 2534 1960 et
2563 1902 2932 1976 imperialibus
2956 1898 3273 1959 ministeriis
3303 1896 3397 1954 de-

1814 2011 2083 2073 putatum,
2110 2002 2295 2057 nescio
2324 2001 2517 2071 quibus
2547 1997 2767 2071 iudiciis
2794 1999 2931 2079 (ipse
2964 1995 3091 2069 scil)
3128 1994 3183 2051 in
3210 1995 3396 2065 cathe-

1815 2094 1966 2150 dram
2015 2094 2376 2165 pontiﬁcalem
2407 2094 2614 2159 evexit,
2642 2092 2860 2149 hortatu
2889 2089 3066 2147 valido
3090 2103 3120 2144 a
3149 2084 3395 2143 veritatis

1816 2184 2328 2261 propugnatoribus,
2361 2182 2619 2261 piissimis
2665 2180 2917 2239 videlicet
2962 2194 3029 2234 ac
3074 2172 3393 2243 orthodoxis

1816 2260 2235 2346 imperatoribus
2270 2260 2495 2340 nostris,
2524 2283 2686 2345 atque
2721 2269 3076 2337 sanctissimis
3104 2264 3393 2338 episcopis,

1816 2384 1908 2424 seu
1942 2367 2170 2432 clericis,
2197 2367 2251 2422 in
2276 2381 2362 2422 me
2380 2365 2646 2422 violenter
2666 2362 2859 2425 eﬂ‘ecto
2883 2380 2897 2418 :
2925 2360 3011 2419 cui
3037 2357 3396 2416 succumbens

1816 2460 1978 2515 annui
1999 2501 2013 2523 ,
2061 2469 2113 2514 et
2144 2458 2463 2514 obediemize
2492 2456 2726 2513 fructum
2762 2455 2849 2513 his
2877 2439 3203 2527 carpendum
3246 2461 3395 2503 com-

1817 2551 1961 2607 misi.
1996 2551 2060 2605 Et
2096 2564 2224 2618 rogo
2255 2564 2349 2606 vos
2396 2544 2813 2612 sacratissimos,
2837 2552 3179 2613 utianquam
3208 2547 3394 2610 patres

1818 2657 1904 2713 me
1933 2640 2324 2712 pusillanimem
2358 2638 2551 2695 baculo
2594 2637 2881 2708 potentize,
2926 2635 2979 2711 id
3022 2641 3105 2688 est
3152 2628 3393 2702 paternis

1818 2733 2012 2788 vestris
2055 2729 2380 2802 magisteriis
2423 2726 2689 2793 iniciatis,
2718 2734 2773 2781 et
2801 2723 2962 2781 veluti
3005 2721 3205 2777 fratres
3242 2715 3393 2788 puris

1817 2822 2150 2878 orationibus
2188 2819 2383 2875 vestris
2433 2834 2532 2874 nos
2575 2833 2697 2873 cum
2739 2823 3013 2870 armatura
3061 2810 3156 2865 Dei
3205 2815 3393 2863 contra

1819 2912 2084 2969 versuti-as
2130 2910 2335 2981 antiqui
2376 2909 2548 2966 hostis
2590 2906 2885 2976 adiuvetis,
2939 2914 3100 2973 atque
3142 2896 3393 2954 ﬂuetibus

1740 3030 1743 3031 ν
1820 3000 2049 3081 invicem
2080 3003 2423 3074 surgentibus
2451 3001 2786 3058 vacillantem
2820 2996 3168 3068 gubernetis,
3206 2998 3397 3065 quate-

1822 3114 1923 3153 nus
1971 3097 2271 3168 pertingam
2312 3095 2383 3151 ad
2438 3102 2653 3167 portum
2703 3090 2991 3148 voluntatis
3046 3086 3245 3145 Christi
3300 3083 3394 3140 Dei

1742 3169 1789 3234 ο
1820 3188 2009 3275 nostri.
2040 3189 2133 3246 Est
2158 3189 2301 3244 enim
2325 3201 2550 3259 prorsus
2573 3186 2713 3258 apud
2741 3200 2838 3241 nos
2856 3182 3127 3255 quoddam
3153 3178 3394 3251 prmlitttn

1820 3271 1936 3344 sine
1965 3286 2131 3353 ferro,
2170 3285 2294 3351 dum
2326 3298 2606 3341 sermones
2639 3281 2843 3351 iaciant
2868 3290 2923 3336 et
2952 3278 3244 3351 iaciantur.
3286 3271 3395 3343 Sed

1822 3364 2145 3450 triumphale
2194 3376 2455 3434 habemus
2501 3385 2791 3447 tropaeum,
2819 3373 3100 3433 veritatem
3134 3383 3255 3440 qure
3286 3379 3394 3422 non

1818 3473 2072 3541 vincitur.
2103 3470 2305 3526 Deinde
2346 3483 2559 3540 quoque
2602 3476 2657 3525 et
2702 3465 2950 3539 procellis
2990 3459 3396 3533 vehementibus

1820 3562 2209 3641 inspirantibus
2235 3600 2251 3627 ,
2295 3561 2349 3617 in
2394 3559 2648 3641 auxilium
2690 3558 2840 3636 vobis
2864 3554 3172 3627 assumptis,
3200 3552 3394 3607 harum

1820 3638 2112 3728 pauxillum
2144 3653 2273 3725 quid
2303 3638 2619 3709 suil‘erenles
2644 3658 2857 3715 sestum,
2884 3647 3158 3715 Christum
3184 3642 3283 3721 itas
3316 3641 3398 3699 in-

1822 3756 2132 3820 crepantem
2152 3745 2509 3809 inveniemus,
2531 3751 2586 3799 et
2605 3742 2769 3801 vitam
2794 3737 3080 3815 tranquille
3101 3751 3199 3810 per
3215 3734 3396 3793 omnia

1822 3840 2204 3915 transigemus.
2252 3838 2321 3894 Et
2359 3837 2445 3893 his
2478 3835 2696 3906 quidem
2738 3832 3067 3907 suﬁcienter
3109 3830 3163 3885 in
3202 3827 3399 3901 praela-

1825 3932 1970 4000 tionc
2013 3939 2196 3991 nostra
2224 3927 2548 4002 praemissis,
2577 3928 2631 3982 in
2657 3926 2869 3995 caeteris
2903 3924 3175 3981 evidenter
3203 3921 3397 3989 borum

1825 4020 2059 4101 cognitio
2082 4018 2508 4101 denuntiabitur.
2534 4016 2687 4073 Nune
2715 4023 2896 4089 autem
2918 4013 2992 4069 ad
3022 4011 3181 4067 aliam
3224 4010 3399 4081 inten-

134 4105 438 4153 nostrorum
469 4088 862 4169 imperatorum
892 4098 1187 4155 meruimus
1220 4112 1315 4169 per
1345 4096 1548 4168 regium
1580 4109 1611 4149 a
1639 4110 1717 4152 se-

1828 4088 2028 4191 tiovnem
2055 4096 2265 4166 dicendi
2294 4089 2568 4191 [dicendo]
2590 4088 2925 4180 progredior.
2953 4104 3089 4183 Quia
3121 4103 3264 4159 enim
3288 4101 3398 4174 pri-

133 4189 292 4246 cretis
310 4189 624 4260 suscipere;
653 4188 709 4244 in
740 4203 843 4259 qua
876 4182 1273 4275 continebatur,
1306 4187 1446 4259 quod
1472 4186 1664 4275 litteris
1694 4200 1726 4241 a
1827 4182 1916 4275 5:03
1944 4201 2186 4275 quaedam
2205 4240 2219 4265 ,
2245 4203 2301 4257 ει·
2325 4186 2385 4259 in
2411 4198 2593 4255 verius
2627 4198 2926 4263 taleam”,
2956 4182 3251 4269 apostolica
3292 4202 3400 4251 ιη..

134 4280 356 4337 senioris
367 4281 552 4339 Romae
564 4279 800 4351 praesule
830 4270 1003 4346 missa:
1027 4278 1245 4334 fuerunt
1264 4278 1331 4332 ad
1354 4272 1717 4361 tranquillissif

1828 4270 1978 4348 ditior
2006 4293 2058 4348 in
2105 4276 2357 4349 omnibus
2402 4290 2646 4347 ccclesiis
2693 4286 2932 4357 inolevit,
2977 4296 3034 4344 ut
3082 4287 3137 4347 hi
3184 4286 3277 4357 qui
3330 4281 3400 4349 ad

139 4386 276 4429 mum
302 4370 596 4446 imperium
628 4370 890 4442 ipsorum,
919 4379 973 4427 et
999 4371 1103 4427 duo
1125 4372 1504 4451 quaterniones
1518 4371 1583 4427 ad
1598 4360 1725 4457 san-

136 4462 428 4518 ctissimum
457 4463 826 4535 pa'triarcham
840 4461 907 4517 ab
930 4462 1278 4518 orientalibus
1300 4463 1523 4533 summis
1549 4477 1727 4519 sacer—

1828 4382 2159 4455 pontiiicium
2183 4380 2569 4453 provehuutur,
2591 4378 3017 4459 praecedentibus
3042 4391 3103 4433 se
3129 4378 3185 4447 in
3210 4375 3400 4443 eodem

1828 4476 2055 4539 ordine,
2100 4474 2331 4555 qualiter
2375 4488 2433 4527 se
2474 4469 2709 4527 habeant
2752 4486 2872 4540 qua:
2911 4484 3025 4545 suae
3067 4466 3190 4551 ﬁdei
3239 4472 3401 4530 sunt,

138 4549 351 4607 dotibus
376 4565 394 4605 :
421 4525 478 4607 ei
509 4526 963 4622 litterasqbldem
988 4540 1217 4606 Romani
1240 4530 1388 4623 papae
1402 4553 1717 4620 audivimus,

1829 4525 2143 4635 exponendo
2186 4561 2563 4629 commendent
2606 4576 2621 4614 :
2667 4525 2854 4617 Visum
2896 4532 2982 4617 est
3024 4538 3254 4613 α’.ὼίὺὶ
3301 4555 3405 4627 hoc

138 4647 189 4696 et
225 4655 348 4713 qua
393 4642 448 4696 in
486 4640 595 4697 illis
625 4636 1065 4707 continebantur,
1099 4636 1435 4712 agnovimus.
1485 4638 1729 4698 Postula-

141 4746 253 4789 mus
274 4732 469 4804 itaque
493 4748 524 4788 a
551 4722 800 4789 claritate
827 4741 1030 4799 vestra,
1058 4732 1373 4804 amplissimi
1402 4728 1636 4803 patricii,
1669 4738 1730 4787 ut

138 4838 253 4894 qua
283 4825 356 4882 ab
392 4824 604 4882 oriente
636 4810 799 4880 missa
842 4818 997 4891 Sunt,
1027 4824 1274 4896 legantur
1309 4836 1492 4880 coram
1539 4828 1728 4879 sancta

142 4915 242 4973 kta
267 4925 325 4976 et
350 4916 647 4976 universali
676 4908 911 4991 syriodo,
938 4908 1045 4991 quo
1078 4902 1514 4989 eomperiamus,
1546 4918 1593 4974 si
1629 4932 1724 4974 ea-

144 5008 257 5066 dem
310 5010 551 5068 sentiant
595 5018 652 5067 et
690 4997 876 5072 eadem
914 5012 1207 5083 prtedicent
1232 5019 1340 5067 tam
1372 5011 1597 5068 senioris
1619 5011 1730 5068 Ro-

145 5104 242 5155 ma:
274 5115 448 5174 papa,
487 5104 654 5173 quam
701 5101 1071 5159 sanctissimus
1113 5101 1420 5175 patriarcha
1446 5100 1728 5177 Tarasius,

145 5190 232 5263 qui
279 5200 339 5249 et
382 5192 644 5267 presidet
696 5194 856 5271 regiae
910 5196 1068 5283 urbi,
1122 5190 1283 5273 quam
1340 5196 1564 5271 orientis
1615 5194 1732 5283 epi-

146 5282 309 5354 seOpi.
780 5286 785 5291 '
914 5276 919 5283 ’
1358 5286 1367 5295 ’
1652 5276 1657 5285 ’

198 5372 733 5447 Magniﬁcentissimi
756 5378 1019 5452 principes
1039 5388 1094 5438 et
1114 5387 1299 5437 sancta
1326 5381 1560 5452 synodus
1580 5378 1732 5439 dixe.

148 5462 270 5519 runt
298 5485 312 5521 :
344 5467 468 5524 Fiat
493 5465 793 5525 secundum
820 5458 1233 5540 postulationem
1258 5478 1512 5528 vestram.

213 5542 447 5643 Joannes
487 5564 545 5641 et
581 5554 831 5649 Thomas
861 5559 968 5651 Deo
1006 5561 1266 5619 amabiles
1304 5560 1635 5653 presbyteri,
1676 5573 1735 5622 et
1831 5554 1907 5647 es
1931 5542 2088 5616 Patre
2112 5548 2210 5643 per
2233 5555 2429 5613 Filiam
2463 5553 2871 5631 procedentem,
2905 5574 2963 5620 ει

710 5640 1040 5680 ηκὲηηέὲιτῖιιιή
1085 5650 1507 5680 ηαδ-ἶΛ-ιιιιεΛ-ιιν

150 5634 322 5680 Ιινέππι
357 5636 661 5680 κηρία-11ρα

1828 4655 2076 4722 sectanti,
2105 4668 2192 4715 me
2212 4652 2366 4711 vobis
2393 4650 2673 4727 inclinare,
2699 4658 2754 4706 et
2782 4649 2984 4720 liquido
3010 4646 3402 4704 confessionem

1828 4743 2194 4820 pronuntiare,
2225 4742 2675 4816 quemadmodum
2704 4757 2735 4797 a
2771 4741 2913 4799 tubis
2952 4740 3123 4809 sancti
3171 4737 3404 4815 Spiritus

1829 4836 2079 4907 (quarum
2111 4851 2275 4891 sonus
2312 4833 2365 4889 in
2392 4849 2608 4891 omnem
2650 4842 2851 4889 terram
2882 4821 3078 4899 exivit,
3103 4839 3159 4886 et
3188 4829 3242 4884 in
3273 4829 3405 4885 ﬁnes

1832 4935 1990 4981 terrae
2010 4925 2195 5000 verba)
2220 4924 2392 5000 [PsaL
2420 4924 2577 5000 xvut]
2607 4932 2660 4980 et
2690 4925 2756 4979 ab
2778 4939 2967 4985 earum
2993 4922 3223 4981 alumnis
3250 4928 3409 4995 atque

1831 5017 2075 5090 asseclis,
2100 5015 2487 5074 sacratissimis
2506 5013 2756 5075 videlicet
2787 5013 3043 5076 Patribus
3067 5011 3266 5070 nostris
3284 5010 3412 5066 edu-

1830 5116 2008 5175 catus,
2039 5126 2105 5166 ex
2133 5109 2263 5182 ipsis
2294 5106 2547 5168 mollibus
2574 5103 2785 5174 ungulis
2807 5106 2994 5170 didici.

1902 5200 2077 5257 .Credo
2103 5199 2154 5257 in
2184 5214 2350 5256 unum
2378 5196 2548 5257 Deum
2575 5196 2791 5269 Patrem
2816 5203 3265 5279 omnipotentem,
3284 5198 3340 5249 et
3368 5186 3422 5241 in

1830 5306 1999 5349 unum
2018 5291 2301 5347 Dominum
2326 5285 2512 5345 Jesum
2538 5282 2813 5343 Christum
2840 5282 3041 5357 Filium
3063 5284 3156 5344 Dei
3179 5293 3234 5340 et
3256 5282 3424 5338 Deum

1831 5389 2098 5463 nostrum,
2127 5370 2317 5435 natum
2346 5391 2410 5430 ex
2444 5377 2609 5435 Patre
2634 5371 2752 5429 sine
2786 5362 3036 5457 tempore
3058 5378 3382 5436 οοωιειιιιιιιιι
3409 5373 3426 5415 :

1831 5461 1889 5528 et
1931 5471 1985 5529 in
2019 5469 2276 5543 Spiritum
2323 5476 2610 5530 sanctum,
2644 5464 2939 5531 Dominum
2968 5483 3024 5532 ει
3052 5461 3429 5522 viviﬁcantem,

2987 5553 3236 5618 eumdem
3261 5545 3434 5599 Deum
3460 5616 3465 5617 γ

2966 5638 3233 5680 λωιηηιίψ
3278 5628 3436 5676 unius
