3924 5620
459 415 566 474 255

1586 413 1944 474 auasrasu
1985 411 2523 474 mmsoruecsnu
2806 382 2861 410 ⁷”
2933 381 2938 386 ’
2981 376 3026 392 ”
3594 409 3686 468 256

461 544 830 593 creaturarum
864 542 1212 592 conmtrtcem
1242 553 1256 591 ε
1287 551 1451 591 unum
1489 536 1838 606 principium,
1873 549 2032 590 unam
2061 535 2110 598 Α
2140 535 2346 591 naturis
2386 545 2440 590 et
2472 537 2521 590 in
2549 534 2752 592 duabus
2782 522 2987 590 neturis
3017 549 3178 590 unum
3203 542 3400 589 sancta:
3426 531 3690 586 Trinitatis

463 629 715 684 deitatem
740 637 793 684 et
823 629 1242 684 dominationem
1261 669 1276 693 ,
1304 644 1469 683 unum
1501 629 1783 698 imperium
1803 668 1817 691 ,
1849 635 2037 697 poten-

463 727 632 773 tatum
654 727 706 774 et
733 727 1052 790 potestatem
1083 720 1135 774 in
1160 719 1329 774 tribus
1358 719 1740 782 subsistentiis,
1764 719 2038 773 individuo

461 811 677 880 quidem
706 811 950 876 divisam,
967 821 1020 866 et
1045 811 1213 866 divise
1233 812 1466 865 unitam:
1491 825 1594 865 nou
1617 827 1681 866 ex
1706 810 2034 881 imperfectis

455 902 636 986 .tribus
661 918 823 957 unum
851 901 1049 972 aliquid
1081 902 1408 972 perfectum;
1441 902 1533 957 sed
1561 916 1624 956 ex
1663 901 1832 956 tribus
1853 900 2038 970 perfe-

462 993 564 1050 ctis
591 1009 756 1048 unum
807 993 1260 1065 superpcrfectum
1307 1003 1360 1049 et
1386 993 1667 1064 plusquam
1714 991 2032 1062 perfectum,

462 1083 540 1138 uti
573 1099 798 1155 magnus
826 1084 1034 1140 locutus
1055 1093 1138 1140 est
1160 1083 1444 1154 Dionysius
1466 1095 1512 1136 ι.
1541 1083 1720 1152 Itaque
1743 1082 2036 1138 secundum

463 1174 844 1245 proprietatem
881 1190 1230 1246 personarum
1270 1175 1372 1230 tria
1401 1175 1614 1246 quidem
1644 1175 1944 1240 adoranda;
1981 1182 2040 1230 at

463 1282 591 1323 vero
631 1269 923 1324 secundum
967 1281 1306 1325 communem
1353 1277 1560 1323 natura:
1601 1267 1862 1321 rationem
1900 1279 2038 1322 unus

464 1357 606 1413 Deus
629 1359 868 1414 omnium
899 1358 1068 1415 factor
1095 1357 1384 1414 visibilium
1415 1367 1469 1413 et
1511 1357 1856 1413 invisibilium
1876 1398 1891 1424 ,
1918 1373 2039 1412 om-

463 1451 610 1506 nium
639 1452 898 1522 provisor.
935 1451 1207 1508 Conﬁteor
1235 1461 1412 1507 autem
1458 1452 1655 1505 factam
1695 1460 1914 1520 propter
1953 1465 2040 1505 sa-

461 1539 624 1596 lutem
657 1551 896 1597 nostram
931 1542 982 1597 in
1020 1542 1328 1598 novissimis
1366 1541 1554 1596 diebus
1595 1541 1885 1596 secundum
1915 1556 2037 1596 car-

463 1646 583 1685 nem
612 1633 946 1687 nativitatem
980 1632 1140 1686 unius
1167 1641 1366 1698 sanctae
1392 1629 1702 1695 Trinitatis,
1737 1629 1855 1684 Filii
1894 1629 2040 1684 scili-

462 1734 548 1780 cet
592 1725 686 1779 Dei
735 1734 790 1780 et
831 1724 1038 1778 Domini
1070 1723 1238 1778 nostri
1265 1721 1388 1778 Jesu
1417 1722 1614 1776 Clu-isti
1637 1763 1650 1787 ,
1679 1736 1740 1775 ex
1773 1721 2040 1776 veraciter

462 1825 647 1870 sancta
677 1815 768 1870 Dei
797 1816 1054 1887 genitrice
1086 1828 1402 1884 semperque
1428 1811 1644 1884 Virgine
1671 1811 1835 1866 Maria
1862 1830 1874 1866 :
1903 1827 2033 1866 cou-

2136 626 2409 682 Christum
2456 627 2622 682 Deum
2672 637 2912 683 nostrum
2962 643 3125 683 carne
3175 627 3384 682 venisse
3434 625 3694 688 sentiens,

2139 718 2534 773 anathematizo
2571 719 2943 790 Eutychetem,
2984 718 3314 782 Dioscorum,
3344 725 3399 772 et
3430 724 3600 771 totam
3622 716 3696 784 ip-

2137 825 2317 864 sorum
2349 810 2463 865 sine
2503 810 2677 880 capite
2705 809 3117 875 multitudinem,
3164 823 3268 864 una
3296 822 3419 863 cum
3451 806 3700 862 divinitus

2138 897 2467 957 fulminando
2487 901 2705 966 Severo,
2731 911 2782 957 et
2806 900 3021 957 infando
3044 899 3255 956 Juliano
3275 897 3700 960 l-lalicarnasseo,

2137 993 2225 1065 qui
2255 991 2495 1049 fabulose
2525 992 2808 1048 Domiumn
2839 1001 3081 1049 nostrum
3113 992 3483 1062 incorruptum
3513 1003 3704 1059 corpus

2137 1083 2438 1152 suscepisse
2477 1083 2767 1154 perhibuit.
2819 1082 3056 1152 Denique
3094 1082 3147 1137 in
3185 1081 3394 1153 quinta,
3426 1094 3552 1151 quae
3572 1078 3706 1135 sicut

2139 1175 2403 1230 machaera
2432 1175 2652 1245 Spiritus
2681 1174 2732 1229 in
2754 1173 3039 1244 superficie
3060 1172 3453 1242 quodammodo
3477 1186 3546 1226 ex
3568 1169 3707 1240 prio-

2139 1268 2288 1325 ribus
2315 1269 2644 1339 temporibus
2687 1267 3000 1338 navigantes
3037 1266 3246 1337 iniquas
3282 1265 3505 1321 rescidit
3541 1264 3707 1320 haere-
3749 1337 3756 1350 ι
3835 1290 3837 1302 ι

2139 1377 2246 1426 ses,
2274 1369 2324 1416 et
2355 1360 2662 1414 inventores
2699 1359 2950 1430 patefecit
2983 1374 3190 1422 earum,
3225 1355 3516 1428 Origenem
3562 1356 3707 1411 vide-

2139 1451 2283 1517 licet,
2315 1461 2368 1506 et
2395 1451 2702 1523 Didymum,
2727 1461 2779 1506 et
2809 1451 3121 1520 Evagrium;
3161 1450 3231 1505 ita
3261 1459 3313 1505 et
3342 1465 3443 1520 ego
3470 1451 3591 1515 has,
3623 1458 3704 1502 ut-

2137 1553 2261 1616 pote
2298 1555 2641 1616 portentosas
2668 1543 3043 1600 luereticorum
3075 1542 3452 1608 fabulationcs,
3486 1540 3702 1613 repello.

2139 1635 2306 1694 Porro
2332 1655 2426 1708 per
2447 1647 2651 1693 sextam
2684 1638 2824 1692 sicut
2849 1654 2915 1694 ex
2945 1638 3151 1693 duabus
3178 1637 3384 1693 naturis
3405 1636 3701 1701 Christum,

2138 1745 2202 1785 ex
2241 1731 2436 1801 quibus
2465 1741 2518 1787 et
2547 1739 2649 1796 est,
2685 1729 2812 1785 olim
2846 1744 2968 1786 esse
2994 1729 3322 1795 didiceram;
3375 1729 3448 1784 ita
3484 1737 3540 1784 et
3577 1727 3704 1783 duas

2139 1821 2413 1875 naturales
2451 1820 2752 1875 voluntates
2793 1831 2846 1876 et
2887 1820 3223 1890 operationes
3251 1819 3366 1890 ejus
3394 1820 3445 1875 in
3483 1827 3705 1888 utraque

462 1906 867 1961 snhstautialem
898 1907 1112 1976 quidem
1145 1904 1342 1960 factum
1382 1903 1535 1958 nobis
1581 1904 1754 1958 modis
1787 1902 2037 1958 omnibus
2066 1889 2112 1950 Β
2139 1919 2329 1964 natura
2365 1911 2588 1976 credidi,
2618 1911 2850 1967 humana
2887 1889 3092 1967 scilicet
3128 1921 3183 1968 et
3223 1889 3424 1966 divina.
3466 1908 3704 1964 Submit-

462 1998 662 2069 ahsque
709 2007 962 2069 peccato,
1012 2013 1117 2052 non
1163 1984 1339 2052 autem
1370 1995 1700 2050 desinentem
1737 2009 1855 2050 esse
1895 1992 2035 2062 quod

461 2098 610 2156 erat;
643 2089 735 2144 sed
767 2089 972 2144 duabus
1003 2088 1213 2143 naturis
1244 2085 1520 2141 inconfuse
1545 2084 1904 2147 mancutilms,
1929 2096 2036 2136 una

461 2195 581 2235 cum
611 2179 1028 2235 consistentibus
1053 2179 1105 2232 in
1132 2192 1190 2233 se
1211 2176 1416 2232 duabus
1440 2174 1802 2230 voluntatibus
1827 2184 1881 2229 et
1905 2189 2034 2246 epe-

462 2271 755 2326 rationibus
781 2288 793 2324 :
821 2268 1132 2324 crucifixum
1158 2282 1254 2338 pro
1279 2265 1433 2321 nobis
1459 2279 1640 2330 carne,
1667 2274 1721 2320 et
1744 2263 2032 2336 sepultum,

460 2369 510 2414 et
544 2361 923 2424 resurrexisse,
948 2359 1001 2414 in
1023 2357 1296 2427 crelosque
1323 2355 1648 2422 ascendisse,
1675 2365 1728 2410 et
1753 2364 2036 2411 venturum

457 2451 700 2520 judicare
723 2452 873 2506 vivos
896 2460 950 2506 et
972 2458 1231 2505 mortuos.
1255 2448 1478 2518 Insuper
1503 2463 1660 2518 spero
1684 2448 2038 2503 resurrectio-

463 2557 582 2596 nem
622 2551 973 2608 mortuorum,
1003 2549 1057 2596 ct
1091 2539 1420 2610 singulorum
1465 2548 1736 2610 gestorum
1785 2538 2036 2593 redditio-

463 2649 581 2688 nem
627 2632 740 2705 [Gn
775 2634 898 2688 add.
939 2631 1217 2704 aeternam]
1255 2633 1517 2688 honorum
1560 2631 1805 2698 scilicet,
1852 2641 1906 2687 et
1953 2633 2038 2688 his

460 2727 874 2782 contrariorum.
925 2726 1193 2795 Expetcns
1239 2725 1401 2779 etiam
1450 2723 1863 2780 intercessiones
1908 2739 2036 2779 san-

461 2819 716 2874 ctissimae
755 2827 809 2874 et
852 2819 1180 2874 intemeratae
1209 2817 1436 2872 dominae
1467 2825 1664 2872 nostrae
1695 2816 1786 2872 Dei
1817 2817 2039 2887 genitri-

460 2911 536 2966 cis
567 2922 620 2966 ct
646 2927 857 2979 semper
882 2910 1113 2981 Virginis
1145 2910 1342 2975 Maria},
1377 2919 1794 2982 sanctorumque
1822 2912 2038 2981 angelo.

463 3019 600 3065 rmn,
628 3011 682 3057 et
704 3012 1011 3057 sanctorum
1036 3010 1089 3057 et
1113 3002 1622 3073 gloriosissimorum
1643 3003 2034 3073 apostolorum,

465 3093 867 3160 prOphetarum,
897 3101 1216 3161 martyrum,
1247 3090 1641 3157 confessorum,
1668 3100 1724 3148 et
1752 3094 2038 3164 magistro-

465 3198 576 3236 rum
629 3182 975 3254 [doctorum],
1007 3184 1246 3238 salutans
1271 3192 1326 3239 et
1354 3184 1687 3240 venerabiles
1728 3186 1910 3240 ieonas
1940 3199 2034 3240 co-

2140 2009 2300 2071 toque
2329 2003 2657 2058 anathemati
2687 2001 2910 2072 Cyrum,
2938 2001 3206 2072 Sergium,
3237 2000 3556 2062 Honorium,
3583 1998 3709 2069 Pyr-

2137 2091 2327 2157 rhum,
2384 2092 2628 2159 Paulum,
2679 2101 2734 2147 et
2786 2107 2973 2148 onmes
3021 2100 3424 2148 consectatores
3479 2104 3707 2146 eorum:

2138 2185 2327 2256 dogma
2373 2200 2588 2257 quoque
2632 2187 2892 2256 ipsorum,
2934 2194 2992 2241 ut
3021 2185 3406 2242 Sodomiticam
3434 2185 3623 2248 vitem,
3661 2189 3714 2238 et

2137 2275 2592 2333 Gomorrhiticam
2644 2277 3014 2348 propaginem,
3062 2275 3438 2332 amaritudinis
3489 2275 3708 2344 botryo-

2138 2382 2262 2423 nem
2293 2368 2572 2434 habentes,
2596 2368 2758 2424 odivi.
2794 2368 2964 2438 Ipsius
2995 2377 3172 2423 autem
3203 2375 3405 2423 sancta:
3431 2373 3603 2421 sexta:
3623 2379 3712 2436 sy-

2138 2459 2263 2514 nodi
2291 2474 2410 2514 cum
2439 2458 2691 2515 erunibus
2721 2459 3085 2529 dogmatibus,
3121 2475 3238 2530 quae
3265 2457 3515 2529 legaliter
3545 2473 3612 2512 ac
3635 2456 3714 2510 di-

2137 2548 2338 2604 vinitus
2392 2549 2458 2604 ab
2489 2563 2550 2603 ea
2582 2548 2913 2620 promulgata
2956 2556 3104 2614 sunt,
3157 2548 3319 2604 etiam
3365 2547 3716 2618 depromptu:

2137 2653 2371 2694 canones
2420 2639 2658 2710 recipio;
2692 2638 2742 2693 in
2773 2640 2968 2709 quibus
2999 2639 3269 2694 refertur:
3300 2637 3356 2692 ln
3388 2637 3715 2707 quibusdam

2138 2729 2522 2785 vcnerahilium
2571 2731 2861 2802 imaginum
2905 2731 3130 2803 picturis
3171 2747 3339 2803 agnus
3370 2731 3544 2802 digito
3582 2748 3714 2801 pm

2138 2823 2375 2878 cursoris
2415 2832 2671 2878 exaratur
2712 2834 2976 2890 ostensus,
3020 2824 3110 2896 qui
3157 2823 3208 2878 in
3239 2823 3406 2895 figura
3439 2826 3716 2894 prmeessit

2138 2915 2344 2985 gratize,
2372 2931 2556 2970 verum
2587 2915 2738 2970 nobis
2769 2931 2863 2986 per
2893 2915 3063 2986 legem
3087 2915 3466 2971 demonstrans
3492 2932 3711 2987 agnum,

2138 3009 2411 3065 Christum
2445 3009 2691 3064 videlicet
2719 3007 3000 3063 Dominum
3029 3019 3298 3064 nostrum.
3335 3006 3563 3064 Veteres
3587 3023 3714 3078 ergo

2140 3099 2337 3170 figuras
2364 3107 2418 3154 et
2446 3097 2686 3164 umbras,
2718 3108 2903 3168 utpote
2939 3097 3183 3153 veritatis
3225 3097 3444 3163 indicia,
3497 3108 3553 3153 et
3582 3113 3717 3168 pne-

2140 3190 2392 3243 eedentes
2425 3189 2768 3244 characteres
2806 3187 3060 3244 Ecclesia:
3110 3188 3336 3245 traditos
3387 3187 3712 3252 salutantes,

463 3289 613 3338 rum,
651 3281 705 3327 et
749 3289 962 3328 onmem
1011 3275 1321 3332 luereticmn
1371 3275 1688 3330 abominans
1738 3276 2038 3331 contentio-
2064 3261 2110 3324 C
2141 3279 2370 3349 gratiam
2413 3279 2617 3335 honore
2663 3277 2998 3350 praeferimus
3041 3289 3096 3336 et
3136 3279 3443 3345 veritatem,
3490 3279 3633 3334 hanc
3660 3288 3716 3332 ut

463 3378 618 3427 nem,
665 3378 870 3418 necnon
917 3372 971 3418 et
1009 3379 1196 3420 eorum
1239 3365 1490 3420 ductores
1533 3375 1696 3436 atque
1747 3366 2034 3436 primores,

467 3453 737 3511 Simonem
764 3455 1033 3524 videlicet,
1085 3455 1432 3521 Marcionem,
1480 3457 1764 3526 Manetem,
1813 3457 2035 3515 Paulum

466 3564 677 3620 quoque
706 3549 1138 3616 Samosatenum,
1162 3558 1216 3605 et
1237 3550 1530 3608 Sabellium
1555 3550 1800 3624 Libyam,
1824 3567 2038 3608 eorum-

463 3659 567 3712 qne
595 3645 841 3716 dogmata
873 3644 1099 3700 nefaria.
1138 3644 1362 3714 Recipio
1389 3645 1551 3701 etiam
1592 3653 1807 3702 sanctas
1836 3653 1891 3702 et
1919 3645 2040 3701 uni-

464 3735 702 3790 versales
727 3750 820 3790 sex
849 3736 1100 3806 synodos,
1128 3744 1182 3791 et
1205 3750 1388 3792 earum
1431 3737 1611 3792 divina
1651 3736 1898 3810 dogmata
1939 3753 2036 3808 pa-

461 3823 592 3877 riter
620 3832 672 3878 et
700 3823 1006 3891 doctrinas,
1035 3834 1288 3899 tanquam
1321 3841 1440 3896 quas
1477 3827 1658 3882 divina
1690 3827 2038 3899 inspiratione

464 3913 620 3970 nobis
653 3915 846 3970 tradita
878 3913 1096 3970 fuerint.
1127 3898 1194 3972 Et
1218 3932 1338 3972 cum
1364 3919 1535 3988 prima
1566 3898 1790 3986 quidem,
1813 3919 2038 3973 homon-

465 4006 581 4061 sion
612 4014 666 4061 et
694 4022 796 4062 una
827 4023 947 4062 cum
993 4008 1152 4064 Patre
1180 4009 1295 4065 sine
1335 4010 1485 4065 initio
1513 4010 1708 4065 Filium
1747 4025 1868 4067 esse
1915 4025 2036 4066 cre-

465 4097 618 4163 dens,
649 4099 1044 4157 anathematizo
1079 4099 1297 4170 impium
1326 4099 1546 4167 Arium,
1581 4100 1814 4167 Aetium,
1852 4101 2034 4155 Euno-

467 4192 631 4245 mium
653 4233 666 4256 ,
723 4191 1019 4248 Eudoxium
1055 4202 1110 4249 et
1137 4193 1506 4263 Demophilum
1536 4211 1550 4248 :
1579 4203 1700 4265 post
1725 4195 1825 4250 hos
1853 4202 1908 4249 et
1943 4208 2038 4249 eos

465 4283 554 4351 qui
576 4281 698 4352 jure
721 4283 969 4340 dicuntur
992 4285 1288 4342 Dissimiles
1311 4294 1365 4342 et
1386 4285 1725 4349 Semiariani,
1745 4296 1905 4356 atque
1921 4301 2039 4341 om-

467 4389 588 4429 nem
631 4377 1029 4446 coinquinatam
1068 4394 1254 4435 eorum
1295 4389 1589 4436 catervam.
1629 4379 1761 4436 Cum
1803 4381 2038 4436 secunda

466 4481 594 4523 vero
622 4469 788 4524 Deum
820 4483 942 4526 esse
982 4469 1240 4540 Spiritum
1278 4479 1525 4528 sanctum
1562 4479 1618 4526 et
1653 4471 2037 4527 vivificatorem

465 4559 753 4628 conﬁtens,
791 4559 984 4632 abjicio
1026 4561 1392 4617 Macedonium
1429 4570 1484 4616 et
1520 4576 1708 4617 omnes
1746 4561 1835 4632 qui
1878 4562 2036 4617 unius

465 4664 589 4706 cum
609 4650 700 4707 illo
724 4661 850 4708 sunt
870 4667 1078 4717 sensus,
1105 4667 1226 4706 eum
1256 4651 1342 4707 his
1370 4661 1550 4706 autem
1573 4662 1626 4708 et
1645 4651 1754 4708 Deo
1781 4665 2032 4723 perosum

468 4742 887 4814 Apollinarium,
931 4744 1022 4815 qui
1061 4745 1332 4801 insensate
1362 4745 1593 4816 desipuit
1627 4742 1766 4817 [Gr.,
1794 4745 1884 4815 qui
1915 4745 2035 4801 sine

471 4843 649 4891 mente
660 4837 910 4907 opinatus
925 4835 1188 4909 est].Cum
1204 4838 1361 4892 tertia
1376 4846 1553 4893 autem
1569 4853 1732 4893 unum
1748 4837 2032 4893 Dominum

465 4923 645 4981 Jesum
679 4926 953 4982 Christum
1006 4942 1192 4982 verum
1239 4927 1406 4982 Deum
1460 4937 1704 4984 nostrum
1763 4943 1828 4982 ex
1873 4927 2034 4984 Patre

467 5017 724 5088 genitum,
765 5018 1119 5088 eumdcmque
1169 5019 1220 5072 in
1260 5019 1565 5073 novissimis
1601 5018 1788 5073 diebus
1816 5026 2034 5087 propter

466 5107 692 5155 salutem
719 5118 957 5163 nostram
988 5109 1325 5163 incarnatum
1347 5123 1413 5162 ex
1441 5115 1625 5162 sancta
1654 5109 1748 5162 Dei
1777 5107 2035 5178 genitrice

1198 5202 1238 5223 ὐ
1305 5200 1620 5264 «medicans,
1655 5199 1886 5254 hominis
1915 5197 2032 5253 cul-

1732 5287 1903 5340 "eum
1931 5293 2034 5352 est,

2141 3371 2274 3443 legis
2321 3370 2709 3442 plenitudinem
2760 3371 3128 3427 admittentes.
3177 3369 3246 3428 Ut
3285 3385 3413 3441 ergo
3451 3370 3714 3442 perfectio

2139 3462 2299 3517 etiam
2341 3477 2438 3533 per
2480 3461 2719 3518 colorum
2763 3462 3104 3532 operationes
3131 3461 3185 3516 in
3209 3462 3448 3516 omnium
3479 3461 3714 3516 vultibus

2139 3555 2480 3627 depingatur,
2507 3555 2876 3610 characterem
2905 3553 3027 3625 agni
3053 3554 3145 3609 Dei
3169 3552 3336 3609 nostri
3365 3552 3593 3620 Christi,
3623 3551 3712 3623 qui

2140 3648 2278 3705 tollit
2303 3657 2522 3719 peccata
2552 3647 2762 3712 mundi,
2803 3648 3096 3702 secundum
3131 3644 3523 3701 humanitatem
3550 3645 3712 3700 etiam

2139 3740 2194 3795 in
2220 3739 2391 3795 iconis
2415 3754 2482 3794 ex
2515 3740 2617 3794 hoc
2646 3753 2745 3809 pro
2773 3737 2942 3793 veteri
2975 3751 3112 3808 agno
3141 3735 3424 3791 deﬁnimus
3451 3735 3668 3806 depingi
3693 3749 3708 3788 :

2139 3845 2236 3901 per
2258 3845 2378 3885 eum
2405 3828 2654 3885 videlicet
2679 3827 3053 3885 celsitudinem
3081 3825 3400 3882 humilitatis
3425 3825 3524 3881 Dei
3553 3823 3711 3880 Verbi

2139 3921 2586 3986 considerantes,
2652 3929 2708 3976 et
2769 3920 2834 3975 ad
2902 3918 3217 3974 memoriam
3283 3919 3712 3974 conversationis

2140 4027 2300 4082 quam
2329 4011 2382 4066 in
2408 4026 2569 4068 carne
2595 4011 2780 4081 gessit,
2821 4010 3087 4081 passionis
3123 4022 3334 4079 quoque
3362 4023 3426 4063 ac
3455 4009 3710 4063 salutaris

2139 4102 2329 4157 mortis
2379 4100 2492 4170 ejus
2533 4101 2770 4167 adducti,
2817 4110 2977 4171 atque
3014 4099 3395 4169 redemptionis
3430 4113 3554 4169 quae
3589 4100 3710 4153 hinc

2139 4200 2222 4248 est
2247 4193 2446 4248 mundo
2474 4190 2680 4249 effecta.
2714 4191 3024 4262 Superlluas
3053 4200 3232 4247 autem
3267 4190 3707 4245 tumultuationes

2139 4294 2194 4340 et
2220 4285 2564 4354 garrulitates
2587 4293 2709 4354 post
2750 4284 2864 4340 hcce
2907 4283 3206 4339 inconsulte
3229 4281 3624 4353 promulgatas,
3654 4289 3707 4334 ut

2140 4375 2280 4446 apud
2307 4391 2400 4431 vos
2428 4375 2650 4430 minime
2676 4383 2950 4444 receptas,_
2977 4373 3150 4443 neque
3191 4388 3286 4442 per
3324 4372 3562 4427 divinam
3591 4388 3706 4443 gra-

2142 4467 2268 4520 tiam
2293 4465 2481 4529 dietas,
2509 4465 2689 4520 irritas
2707 4465 3038 4520 mstimamus
3064 4481 3078 4518 :
3101 4471 3157 4518 et
3177 4477 3277 4518 ave
3301 4463 3422 4518 istis
3443 4461 3703 4524 dicentes,

2140 4558 2460 4630 fugacesque
2503 4555 2716 4624 facturi,
2768 4556 3101 4628 accingimus
3142 4554 3352 4610 lumbos
3389 4555 3587 4610 mentis
3616 4568 3706 4607 no-

2141 4659 2269 4706 strae
2295 4650 2347 4705 in
2378 4651 2624 4716 veritate,
2657 4658 2711 4704 et
2738 4648 3064 4705 suscitantur
3085 4662 3194 4702 una
3219 4660 3339 4702 cum
3371 4647 3475 4717 piis
3498 4654 3555 4700 et
3581 4645 3705 4698 ﬁde-

2141 4740 2282 4796 libus
2303 4740 2719 4810 imperatoribus
2747 4740 2967 4806 nostris,
3006 4736 3496 4810 propugnatoribus
3521 4735 3706 4791 videli-

2140 4840 2226 4888 cet
2269 4830 2530 4898 veritatis,
2562 4831 2628 4885 ad
2666 4831 2925 4886 unitatem
2969 4837 3170 4885 sanctae
3217 4827 3310 4884 Dei
3352 4825 3610 4884 Ecclesia
3637 4844 3649 4882 :
3674 4841 3704 4881 a

2139 4922 2332 4993 quibus
2371 4931 2426 4978 et
2465 4923 2726 4994 synodum
2771 4921 3128 4978 universalem
3171 4919 3462 4992 petivimus
3493 4919 3546 4973 in
3574 4933 3704 4990 pne-

2139 5013 2310 5068 sentia
2356 5013 2520 5068 totius
2559 5028 2746 5068 eorum
2773 5013 2884 5068 Deo
2908 5011 3156 5068 amabilis
3185 5009 3399 5082 populi;
3434 5018 3490 5066 et
3518 5020 3700 5081 postu-

2135 5103 2322 5158 lationi
2369 5111 2566 5159 nostra:
2607 5102 2692 5173 pie
2731 5109 3055 5158 annueruut.
3088 5099 3240 5157 Unde
3268 5114 3365 5156 vos
3388 5099 3486 5168 qui
3516 5114 3698 5168 supcr—

2135 5192 2382 5250 aediftcati
2425 5194 2556 5249 estis
2600 5207 2761 5264 super
2805 5193 3210 5250 fundamentum
3253 5188 3618 5258 apostolorum
3650 5196 3700 5242 et

2136 5285 2546 5353 prophetarum,
2596 5285 2770 5354 ipsum
2813 5282 3062 5341 videlicet
3098 5295 3365 5338 summum
3395 5290 3452 5336 et
3479 5277 3700 5349 angula-

2228 5390 2249 5408 π
2297 5375 2523 5428 "Ibidem
2570 5374 2843 5430 Christum
2877 5374 3060 5424 Iesum
3093 5372 3309 5424 (Euius.
3332 5369 3421 5428 Ill.
3443 5367 3703 5423 auemad-
