3924 5752
142 324 229 391 m
780 309 1331 382 tarsumenno
1367 322 1616 381 svnom
1652 321 1659 333 ε

1775 323 2179 383 GENERALIS.
2218 355 2287 366 —-
2319 326 2522 383 ACTIO
2559 325 2642 382 Ill.

3222 292 3409 390 ass‘

143 448 313 505 cientes
352 453 530 498 sumus
566 430 802 512 cogitare
829 432 1030 510 aliquid
1059 453 1089 493 a
1120 439 1294 505 nobis,
1321 439 1472 510 quasi
1496 454 1525 493 a
1552 453 1650 493 no-
1679 442 1731 502 Α
1757 436 2095 514 Sanctissimo
2125 458 2188 495 ac
2215 442 2511 514 beatissimo
2532 440 2765 514 domino-
2793 438 3011 514 Tarutio
3068 445 3329 514 archiepi-

142 536 224 599 bis,
263 532 345 589 sed
382 529 686 586 suﬂicientia
714 539 899 585 nostra
928 544 993 585 ex
1024 528 1133 584 Deo
1161 537 1249 584 est
1274 526 1358 600 (ll
1382 527 1506 583 Cor.
1534 527 1651 598 III);

142 625 243 696 quia
275 621 500 691 disrupta
544 620 787 676 membra
826 627 882 675 et
917 618 1140 675 discissa
1182 618 1235 672 in
1263 632 1429 673 unum
1461 632 1657 689 corpus

140 716 435 782 compactum
458 716 515 764 et
536 720 834 763 connexum
861 721 1110 764 crescere
1138 705 1319 773 faciet,
1370 707 1424 762 in
1459 707 1657 777 quibus

140 809 269 873 caput
289 809 365 857 est
384 797 663 866 Christus;
696 807 751 855 et
777 797 917 855 ultra
933 796 1047 868 jam
1071 814 1178 854 non
1200 807 1361 854 erunt
1389 797 1653 868 dispersa.

139 895 200 953 De
232 900 408 949 cetero
439 905 693 963 rogamus
731 892 1075 948 sanctitatem
1110 899 1371 960 vestram,
1396 907 1568 963 usque
1589 891 1658 948 ad

139 988 247 1043 deos
264 981 525 1058 [vicarius]
554 982 659 1040 loci
688 992 994 1040 servatores
1020 982 1236 1039 mittere
1263 996 1385 1038 cum
1409 982 1656 1053 deiloqua

136 1074 324 1149 epistola
359 1088 483 1139 sua;
524 1081 580 1130 et
605 1073 864 1144 quidquid
894 1073 998 1132 sibi
1023 1071 1188 1129 fuerit
1207 1073 1468 1129 divinitus
1494 1088 1660 1145 super

137 1166 219 1223 hoc
257 1164 460 1238 negotio
494 1163 813 1231 revelatum,
853 1163 1012 1221 nobis
1044 1162 1233 1221 facere
1267 1161 1654 1220 manifestum:

136 1266 181 1313 ut
202 1253 472 1313 secundum
500 1255 646 1327 quod
674 1254 915 1311 debitum
940 1263 1044 1322 est,
1067 1263 1181 1310 tam
1201 1253 1305 1311 loci
1332 1262 1655 1322 servatores,

135 1361 265 1418 quam
298 1346 483 1403 litterae
523 1353 720 1402 vestra:
761 1345 1016 1419 synodiee
1061 1345 1177 1402 sive
1214 1345 1283 1402 ad
1309 1344 1655 1417 loquendum,

134 1437 224 1494 sive
249 1437 310 1492 ad
331 1433 612 1509 legendum
639 1435 694 1491 in
717 1436 968 1492 omnibus
991 1436 1354 1503 inveniantur,
1390 1444 1658 1507 quatenus

130 1539 209 1603 per
226 1530 317 1585 hoc
337 1542 453 1598 quae
477 1528 649 1584 scissa
674 1536 821 1595 sunt,
853 1528 1113 1584 uniantur
1137 1544 1151 1582 :
1174 1526 1404 1599 idipsum
1431 1527 1573 1583 enim
1603 1535 1659 1584 et

130 1619 374 1693 aprtesule
413 1620 648 1677 senioris
693 1619 879 1675 Roma:
923 1618 1250 1690 petivimus;
1287 1628 1344 1674 et
1387 1632 1517 1689 rogo
1560 1632 1658 1675 vos

130 1713 344 1780 fraterne,
369 1713 718 1785 apostolicam
743 1711 897 1768 vobis
922 1726 1108 1768 vocem
1139 1710 1514 1783 pronuntians,
1538 1718 1656 1766 tan-

1825 524 1981 590 scopo
2001 509 2530 590 Constantinopoleos
2580 521 2627 565 et
2674 509 2953 590 universali
2995 509 3326 590 patrium/ite,

1826 579 2039 700 orientis
2061 581 2251 635 summi
2274 579 2564 637 sacerdotes
2597 590 2643 637 et
2684 580 2977 637 sacerdotes
2998 579 3068 639 Vin
3104 579 3329 641 Domino

1828 664 1886 700 sa
1912 659 2072 700 utem.

1828 659 2072 703 salutem.

1827 799 2221 858 Sacratissimis
2267 811 2321 860 et
2369 818 2438 860 ex
2484 804 2663 860 divina
2717 805 2932 863 deitatis
2979 805 3331 878 inspiratione

1755 890 1951 949 libellis
1995 892 2303 963 apostolicae
2355 909 2422 950 ac
2480 903 2718 966 paterna:
2764 897 3073 955 sanctitatis
3139 909 3332 957 vestrae

1755 982 2044 1056 praelectis,
2083 998 2116 1038 ο
2142 983 2464 1051 beatissimi,
2496 1000 2597 1042 nos
2642 987 2891 1053 humiles,
2922 996 2978 1044 et
3019 1002 3209 1045 eorum
3234 988 3329 1058 qui

1756 1073 2030 1130 desertqu
2061 1072 2299 1130 incolere
2325 1073 2586 1145 gestiunt,
2612 1074 2811 1142 ultimi,
2849 1084 3083 1133 tremore
3128 1077 3332 1147 pariter

1755 1174 1811 1222 et
1835 1165 2031 1239 gaudio
2056 1180 2243 1223 sumus
2269 1165 2494 1222 detenti.
2522 1166 2779 1224 Tremore
2822 1167 3061 1238 quidem,
3110 1174 3332 1237 propter

1757 1257 2006 1314 timorem
2053 1271 2243 1314 eorum
2290 1257 2486 1330 quibus
2510 1259 2581 1315 ob
2613 1266 2834 1329 peccata
2888 1268 3072 1316 nostra
3123 1259 3332 1315 servire

1755 1345 1961 1403 decreti
2012 1361 2220 1414 sumus,
2250 1347 2451 1419 quique
2484 1361 2612 1404 vere
2655 1357 2785 1405 sunt
2809 1348 2982 1418 impii,
3030 1356 3087 1405 et
3130 1348 3185 1404 in
3224 1350 3332 1405 cir.

1756 1435 1924 1501 cuitu,
1949 1436 2243 1493 secundum
2271 1437 2414 1507 quod
2439 1437 2696 1509 scriptum
2722 1446 2808 1495 est
2830 1436 3006 1508 (Paul.
3047 1435 3148 1509 xi),
3176 1437 3330 1507 impii

1755 1526 2057 1593 ambulant,
2102 1543 2168 1584 ac
2223 1543 2324 1599 per
2371 1528 2615 1601 singulos
2668 1544 2805 1600 pene
2852 1529 2967 1586 dies
3016 1529 3333 1587 occasiones

1756 1617 2069 1689 exquirunt,
2096 1628 2157 1675 ut
2185 1633 2283 1675 nos
2312 1620 2474 1675 morti
2507 1621 2722 1677 tradant
2749 1627 2804 1675 et
2827 1619 3058 1691 perdant
3090 1636 3102 1674 :
3133 1618 3332 1691 gaudio

1755 1730 1904 1782 vero,
1935 1724 2156 1786 prepter
2182 1715 2465 1772 veritatem
2502 1716 2818 1771 orthodoxae
2845 1713 2969 1770 fidei
3006 1728 3126 1784 qua:
3166 1712 3335 1786 fulget

129 1823 258 1880 quam
280 1807 382 1864 Deo
404 1807 733 1864 exhortante
751 1820 851 1877 per
880 1794 1226 1872 nos;‘omuia
1251 1811 1655 1875 perscrutantes
1682 1824 1733 1888 Β
1760 1806 1813 1861 in
1838 1808 1917 1861 eis
1945 1806 2198 1861 solarium
2219 1807 2398 1878 [more
2441 1807 2736 1871 radiorum,
2765 1814 2821 1861 et
2848 1804 3332 1860 luculentissimam

128 1899 377 1955 secundum
420 1897 713 1954 consilium
755 1905 996 1951 vestrum
1036 1896 1181 1967 quod
1218 1896 1271 1950 in
1312 1895 1423 1951 Deo
1450 1892 1658 1965 patefa-

131 1989 215 2045 cite
238 1988 397 2045 nobis.
447 1987 726 2059 Scriptum
773 1995 859 2042 est
901 1985 1085 2041 enim:
1116 1986 1281 2040 Lobia
1326 1985 1656 2041 sacerdotum

127 2079 368 2134 custodiant
412 2078 709 2139 scientiam,
757 2085 807 2131 et
855 2074 1014 2147 legem
1066 2076 1335 2146 exquirent
1369 2090 1435 2130 ea:
1458 2090 1544 2129 ore
1572 2089 1660 2129 εο-

128 2170 482 2243 ηίηιψαιαειι.
511 2168 603 2242 ιι).
653 2168 801 2225 Certi
842 2168 988 2225 enim
1026 2182 1234 2231 sumus,
1277 2167 1419 2239 quod
1449 2167 1655 2221 semina

124 2262 328 2318 veritatis
354 2263 405 2318 in
431 2260 592 2317 vobis
619 2259 768 2316 salva
799 2256 1137 2314 custodiatis.
1171 2257 1277 2311 Sed
1306 2264 1359 2311 et
1388 2255 1461 2327 pii
1490 2256 1657 2326 impe-

126 2363 299 2411 ratores
320 2352 487 2410 nostri
515 2363 577 2409 et
602 2366 699 2424 per
720 2358 916 2406 cuncta
953 2348 1266 2405 orthodoxae
1291 2347 1539 2402 veritatis
1565 2344 1656 2399 tir-

124 2446 324 2501 nitatem
363 2451 666 2508 sectantur,
698 2450 755 2498 et
781 2440 1010 2497 Domino
1052 2439 1163 2495 Deo
1206 2437 1505 2510 supplicum
1550 2449 1656 2491 non

124 2543 315 2601 cessant,
337 2533 637 2592 secundum
657 2531 976 2604 Gregorium
1000 2530 1091 2601 qui
1113 2544 1143 2584 a
1169 2528 1435 2600 theologia
1458 2542 1658 2600 cogno-

125 2640 221 2681 tuen
245 2627 455 2682 sortitus
483 2632 611 2681 est:
644 2631 707 2679 ut
732 2621 1025 2679 efﬁciamur
1066 2635 1181 2685 nos,
1229 2619 1323 2691 qui
1365 2618 1524 2674 unius
1562 2616 1655 2672 Dei

125 2714 380 2782 existimus,
422 2730 638 2771 unum:
682 2722 738 2769 et
774 2713 866 2784 qui
891 2726 1077 2767 sumus
1102 2710 1407 2775 Trinitatis,
1438 2709 1573 2765 uniti
1601 2716 1658 2765 et

122 2803 289 2862 beoore
328 2818 503 2878 pares,
548 2814 715 2877 atque
749 2804 1029 2859 unanimes
1070 2801 1125 2858 in
1164 2802 1371 2860 cunctis
1417 2800 1658 2857 invenia-

122 2909 251 2950 mur:
273 2905 326 2952 et
365 2896 458 2967 qui
501 2910 696 2952 sumus
732 2894 905 2951 sancti
933 2892 1188 2965 Spiritus,
1216 2908 1321 2948 non
1355 2890 1654 2964 contrajin-

124 2988 281 3057 vicem,
318 2990 409 3046 sed
439 3005 541 3062 pro
580 2989 812 3045 invicem
843 2989 1013 3045 simus
1044 3006 1060 3044 :
1086 2998 1141 3046 et
1174 2989 1263 3059 qui
1306 3003 1492 3045 sumus
1518 2988 1659 3044 veri-

122 3080 240 3147 tatis,
274 3081 498 3152 idipsum
529 3081 808 3152 sapientes
831 3088 992 3150 atque
1020 3079 1261 3136 dicentes
1282 3079 1665 3144 exhibeamur,.

1758 1896 2189 1969 explanationem
2220 1895 2638 1967 apostolicorum
2666 1897 2975 1965 dogmatum
3002 1904 3060 1951 et
3084 1902 3336 1966 paterno-

1755 1999 1897 2041 rum.
1932 1985 2009 2042 De
2033 1985 2231 2056 quibus
2259 1993 2382 2055 apte
2423 1986 2718 2057 genitorem
2741 1985 2893 2041 vocis
2916 1985 3103 2051 Verbi,
3133 1985 3187 2041 id
3227 1994 3331 2052 est,

1707 2133 1716 2143 ,
1754 2076 2073 2147 prophetam
2123 2074 2440 2131 Zachariam
2494 2076 2562 2130 ad
2621 2075 2936 2131 memoriam
2987 2075 3332 2141 reducentes,

1757 2182 1952 2238 magna
1983 2181 2116 2222 voce
2142 2165 2444 2222 clamamus
2475 2184 2489 2221 :
2534 2164 2769 2221 Visitacit
2798 2182 2891 2220 nos
2921 2166 3093 2220 oriens
3120 2181 3185 2220 ea:
3225 2164 3335 2222 alto

1758 2256 1908 2329 (Luc.
1941 2255 1983 2327 ι)
2021 2256 2331 2327 splendidus
2377 2255 2616 2312 theorica
2662 2266 2719 2312 et
2769 2255 2949 2310 divina
2997 2253 3338 2326 providentia

1757 2348 2037 2404 illustratus
2063 2347 2280 2414 mentis,
2321 2347 2376 2402 in
2406 2347 2642 2403 tenebris
2683 2354 2739 2403 et
2766 2346 2958 2401 umbra
2980 2344 3173 2400 mortis
3221 2357 3340 2402 mn-

1757 2435 1886 2507 ligni
1917 2437 2139 2501 erroris,
2171 2436 2225 2494 id
2271 2444 2376 2503 est,
2420 2436 2664 2493 Arabicae
2704 2435 3020 2508 impietatis,
3064 2436 3334 2504 sedentes,

1758 2527 1826 2581 ad
1852 2526 2163 2598 dirigendos
2191 2525 2550 2598 intelligibiles
2590 2526 2755 2597 pedes
2782 2534 2998 2582 nostros
3025 2525 3081 2579 in
3104 2525 3247 2580 viam
3280 2533 3337 2581 et

1758 2624 1979 2681 semitas
2002 2622 2252 2694 pacifera:
2285 2620 2705 2679 constitutionis.
2737 2620 2867 2686 Quis
2893 2619 3130 2691 loquetur
3155 2628 3336 2690 poten-

1759 2717 1863 2771 tias
1884 2714 2136 2769 Domini?
2164 2714 2442 2773 uobiscum
2471 2712 2665 2784 psallat
2690 2712 2858 2768 David
2898 2720 3056 2783 pater
3085 2711 3212 2778 Dei;
3241 2720 3335 2766 aut

1759 2808 1968 2864 auditas
1993 2807 2149 2879 faciet
2174 2822 2349 2861 omnes
2377 2804 2558 2860 laudes
2579 2805 2731 2876 ejus?
2755 2802 2926 2876 (Psal.
2966 2804 3054 2874 ev)
3081 2803 3336 2875 quoniam

1760 2901 2016 2958 misertus
2042 2907 2127 2954 est
2160 2899 2303 2953 Deus
2330 2895 2600 2968 desperati
2626 2894 2806 2967 populi
2846 2896 2952 2961 sui,
2982 2901 3038 2949 et
3078 2893 3335 2951 distantia

1762 2993 1827 3048 ad
1854 3007 2016 3048 uuam
2048 2990 2169 3047 tidei
2200 2989 2416 3062 collegit
2457 2987 2812 3044 harmoniam.
2861 2987 2929 3041 Et
2968 2987 3131 3042 erexit
3171 3002 3336 3040 cornu

1760 3084 1946 3140 salutis
1973 3082 2119 3137 nobis
2151 3079 2302 3152 (Luc.
2328 3079 2395 3151 ι),
2422 3089 2477 3135 et
2504 3078 2816 3134 directionis
2843 3077 2898 3132 in
2928 3078 3109 3143 domo,
3138 3084 3193 3131 et
3232 3077 3339 3133 Do-

122 3177 273 3226 elm
292 3171 663 3228 Iitconlentio
689 3170 774 3227 vel
798 3170 1065 3227 dissensio
1088 3170 1142 3225 in
1181 3169 1371 3226 nobis:
1403 3168 1496 3225 sed
1517 3168 1657 3225 sicut
1684 3180 1730 3245 ο
1761 3176 1966 3232 miuum
1994 3173 2288 3244 recipiente
2312 3171 2510 3243 templo
2543 3169 2801 3240 unigeniti
2830 3168 2952 3225 Filii
2978 3170 3082 3235 sui,
3124 3169 3336 3227 Domini

122 3260 338 3319 habemus
375 3280 542 3320 unum
595 3263 884 3334 baptisma,
934 3277 1094 3317 unam
1136 3262 1320 3326 fidem,
1353 3261 1426 3316 ita
1451 3268 1506 3318 et
1530 3276 1659 3317 con-

121 3353 383 3410 sonantiam
419 3369 589 3410 unam
638 3353 694 3409 in
737 3351 887 3409 omni
917 3351 1286 3409 ecclesiastico
1314 3352 1544 3423 negotio.
1589 3351 1656 3406 Et

119 3456 199 3514 par
234 3444 321 3499 Dei
365 3459 486 3516 quae
524 3452 824 3514 exsuperat
866 3458 1079 3499 omnem
1127 3456 1366 3506 sensum,
1407 3442 1461 3496 in
1490 3457 1660 3498 unum

118 3537 486 3602 uoseonducat,
515 3546 575 3592 et
605 3535 777 3590 divisa
807 3535 979 3600 uniat,
1015 3543 1178 3603 atque
1212 3533 1521 3589 diuturnum
1545 3532 1660 3588 vul-

121 3644 200 3684 uus
221 3632 386 3696 Sanet,
419 3638 475 3686 et
520 3627 898 3685 incolumitate
945 3627 1066 3681 fidei
1094 3627 1330 3696 integros
1372 3633 1570 3690 servet,
1606 3633 1662 3680 et

118 3716 160 3772 in
183 3734 292 3774 vera
315 3718 666 3776 confessione
690 3724 853 3788 atque
877 3717 1164 3772 concordia
1185 3716 1422 3770 stabiliat
1447 3729 1659 3780 omnes,

118 3808 334 3881 uniatque
364 3820 621 3867 sanctam
672 3808 970 3864 Ecclesium
1013 3822 1191 3870 suam,
1242 3814 1297 3862 et
1353 3796 1663 3876 compescat

117 3900 331 3955 scandala
378 3917 501 3973 qua:
556 3897 907 3972 superjacent
950 3898 998 3953 ei
1025 3915 1038 3950 :
1068 3897 1544 3952 intercessionibus
1582 3898 1664 3952 in-

120 3997 354 4048 temerata:
392 3993 636 4048 dominae
670 4000 869 4045 nostrae
905 3988 996 4044 Dei
1022 3986 1315 4043 Genitrieis
1343 3996 1398 4043 et
1421 3988 1660 4042 omnium

118 4093 385 4139 sanctorum
416 4083 535 4138 ﬁat.
567 4085 765 4137 Amen.

170 4174 341 4232 Petrus
388 4185 447 4231 et
492 4175 697 4231 Petrus
745 4172 857 4228 Deo
904 4171 1164 4226 amabiles
1212 4171 1546 4242 presbyteri,
1610 4179 1665 4227 et

118 4262 263 4320 locum
291 4269 592 4322 retinentes
632 4262 931 4319 beatissimi
979 4277 1128 4331 papae
1170 4262 1391 4316 Adriani
1437 4263 1663 4317 senioris

119 4354 286 4423 Romae,
337 4362 636 4417 dixerunt:
672 4355 985 4427 Huiusmodi
1034 4355 1243 4409 litteras
1290 4354 1664 4410 sanctissimus

120 4462 230 4519 papa
276 4452 498 4524 recepit,
551 4458 615 4505 et
656 4448 862 4503 ideirco
892 4446 1090 4502 direxit
1113 4460 1212 4501 nos
1240 4459 1363 4500 cum
1388 4446 1664 4517 rescriptis

121 4548 328 4616 quatiam
350 4548 490 4604 lecta
518 4552 674 4603 sunt.

174 4635 386 4693 Joannes
409 4636 521 4693 Deo
544 4634 801 4691 amabilis
821 4635 1125 4706 presbyter,
1149 4638 1205 4687 et
1222 4632 1400 4684 locum
1429 4629 1667 4684 retinens

122 4727 420 4784 orientalium
467 4727 781 4800 principum
831 4726 1190 4788 sacerdotum,
1234 4721 1412 4778 dixit:
1447 4719 1541 4774 Ha:
1580 4719 1670 4773 lit-

125 4824 246 4884 terae,
280 4827 331 4874 et
354 4819 531 4890 pietas
572 4816 785 4886 imperii
814 4814 941 4869 fecit
971 4829 1067 4868 nos
1105 4813 1292 4867 venire
1321 4811 1448 4873 huc,
1496 4820 1552 4863 et
1589 4807 1667 4863 ef-

124 4905 277 4978 fugere
334 4911 654 4982 iniquorum
716 4906 933 4963 illorum
995 4903 1255 4960 Ecclesia:
1321 4900 1666 4957 inimicorum

188 5086 371 5147 Sancta
431 5088 678 5167 synodus
730 5085 873 5142 dixit
918 5103 930 5139 :
979 5084 1122 5141 Deus
1191 5096 1293 5139 vos
1359 5080 1497 5137 bene
1568 5080 1668 5137 ad-

127 5182 268 5241 duit.

180 5274 549 5335 Constantinus
609 5273 724 5328 Deo
788 5270 1029 5328 amabilis
1083 5274 1348 5329 diaconus
1394 5278 1448 5326 et
1501 5278 1669 5327 nota-

127 5366 218 5422 rius
253 5370 418 5426 dixit:
452 5369 573 5424 Prae
605 5362 859 5419 manibus
894 5362 1064 5421 habeo
1098 5371 1425 5422 memoratos
1449 5370 1671 5430 quater-

126 5457 284 5515 nioues
314 5460 404 5531 qui
439 5456 602 5517 missi
641 5461 775 5514 sunt
811 5453 879 5509 ab
903 5455 1108 5513 oriente
1135 5474 1151 5512 :
1179 5463 1238 5513 et
1266 5452 1310 5508 si
1333 5449 1551 5520 iubetis,
1583 5449 1669 5506 le-

125 5562 298 5617 gemas.

1760 3269 2009 3325 videlicet
2032 3268 2126 3323 Dei
2149 3282 2214 3322 ac
2242 3266 2538 3322 Salvatoris
2568 3266 2735 3321 nostri
2764 3264 2889 3320 Jesu
2916 3264 3116 3320 Christi
3148 3283 3162 3319 :
3194 3265 3338 3335 quod

1761 3366 1896 3422 estis
1919 3379 2013 3419 vos
2054 3361 2380 3418 sanctissimi
2413 3373 2462 3427 ο,
2486 3368 2648 3431 atque
2669 3360 2724 3414 bi
2751 3360 2842 3429 qui
2868 3367 3049 3428 partes
3073 3359 3338 3414 secundas

1762 3455 2004 3513 ecclesia:
2031 3461 2249 3525 portant
2274 3467 2369 3524 per
2398 3454 2569 3522 legem
2594 3460 2651 3505 et
2677 3451 2921 3505 ordinem
2964 3448 3206 3505 ecclesiae
3245 3464 3338 3504 no-

1763 3561 1908 3615 strae,
1957 3549 2370 3617 triumphatores
2415 3543 2556 3618 [Gr.,
2603 3553 2766 3614 atque
2820 3542 2896 3607 hi,
2947 3542 3036 3612 qui
3076 3558 3192 3611 par.
3223 3554 3333 3597 sec.

1757 3641 1909 3713 juxta
1943 3639 2113 3711 legem
2141 3649 2195 3692 et
2218 3637 2459 3692 ordinem
2491 3637 2542 3689 in
2572 3634 2799 3691 ecclesia
2830 3634 3077 3689 obtinent
3099 3640 3219 3704 post
3242 3647 3338 3688 vos

1765 3727 2104 3801 triumphat.]
2147 3726 2349 3782 scilicet
2401 3741 2464 3782 ac
2519 3724 2777 3780 divinitus
2827 3722 3057 3779 redimiti
3103 3736 3196 3778 seu
3246 3722 3340 3776 de-

1763 3824 1896 3878 creti
1932 3821 2202 3893 principcs
2245 3819 2413 3874 nostri
2444 3825 2498 3874 et
2521 3816 2723 3871 domini
2753 3827 3016 3870 terrarum
3043 3814 3212 3870 orbis.
3244 3813 3340 3869 Sa-

1765 3914 2062 3970 cerdotium
2087 3912 2229 3965 enim
2256 3910 2467 3980 imperii
2498 3906 2855 3964 sanctificatio
2880 3916 2966 3962 est
2990 3915 3045 3961 et
3075 3905 3337 3960 constitu-

1766 4006 1862 4071 tio,
1904 4014 1960 4060 et
2006 4004 2285 4074 imperium
2314 4000 2600 4057 sacerdotii
2646 3998 2904 4053 fortitudo
2931 4005 2986 4053 et
3029 3996 3340 4052 llrmameu~

1767 4106 1915 4161 tum;
1945 4094 2010 4149 de
2034 4093 2229 4162 quibus
2271 4090 2487 4161 sapiens
2516 4089 2733 4160 quidam
2773 4088 3024 4159 princeps
3052 4095 3108 4140 et
3137 4088 3188 4140 in
3219 4096 3345 4141 sane

1766 4188 1868 4242 etis
1893 4185 2110 4255 regibus
2138 4184 2482 4238 beatissimus
2504 4180 2580 4235 ait
2610 4196 2624 4235 :
2657 4178 2947 4234 Maximum
2971 4178 3169 4233 donum
3199 4177 3342 4232 Deus

1767 4276 2073 4331 hominibus
2097 4274 2366 4344 prmstitit,
2394 4272 2763 4327 sacerdotium
2781 4280 2836 4325 et
2861 4271 3139 4339 imperium
3169 4288 3182 4325 :
3212 4270 3341 4325 illud

1768 4369 1983 4439 quidem
2023 4368 2293 4422 adornatis
2319 4374 2375 4420 et
2412 4380 2605 4436 regens
2636 4364 2911 4427 caelestia;
2940 4363 3043 4417 hoc
3074 4378 3200 4418 vero
3247 4378 3344 4433 gu-

1768 4462 2006 4517 bernans
2051 4460 2254 4530 legibus
2301 4456 2463 4525 justis
2528 4455 2824 4511 terrestria.
2877 4452 3027 4508 Nunc
3076 4453 3344 4508 veraciter

1690 4533 1746 4593 Β
1771 4552 1977 4607 medius
2006 4550 2256 4605 maceriae
2290 4548 2468 4617 paries
2495 4546 2703 4601 solutus
2727 4553 2834 4608 eSt,
2857 4552 2911 4597 et
2939 4542 3226 4597 concordia
3261 4542 3342 4595 di-

1770 4640 1994 4697 seordim
2044 4638 2398 4709 principatur,
2435 4645 2490 4690 et
2542 4635 2857 4690 incurvatur
2904 4632 3097 4687 unitati
3127 4630 3340 4697 divisio,

1771 4742 1827 4789 et
1851 4731 1972 4801 fuga
2000 4731 2145 4801 lapsa
2177 4729 2440 4800 disparuit
2467 4725 2796 4785 dissonantia
2822 4742 2835 4778 :
2867 4732 2923 4778 et
2959 4738 3061 4794 pax
3090 4722 3184 4779 Dei
3225 4737 3345 4791 quae

1769 4831 2061 4891 exsuperat
2102 4834 2318 4875 onmem
2349 4833 2587 4877 sensmn.
2609 4814 2845 4887 iucundo
2878 4814 3025 4868 vultu
3057 4811 3349 4881 triumphat

1772 4926 1828 4971 et
1869 4913 2190 4970 ﬁtlueialiter
2226 4923 2597 4968 conversatur.
2646 4907 2798 4962 Nune
2833 4922 2933 4962 nos
2955 4907 3044 4978 qui
3082 4905 3205 4962 facti
3236 4902 3352 4961 fue-

1777 5020 1964 5059 ramus
1997 5003 2343 5076 0pprobrimn
2372 5002 2564 5058 vicinis
2593 5006 2650 5055 et
2678 4993 2924 5051 amnibus
2967 4998 3185 5061 nostris,
3226 4995 3354 5051 sub—

1778 5096 2028 5152 sannatio
2055 5102 2112 5151 et
2153 5094 2352 5148 derisio
2391 5093 2481 5150 his
2512 5093 2603 5168 qui
2646 5088 2699 5142 iu
2738 5086 2966 5143 circuitu
2995 5098 3181 5147 nostro
3206 5094 3356 5153 sunt,

1780 5197 1845 5239 ac
1872 5199 1970 5255 per
1991 5188 2093 5242 hoc
2118 5184 2184 5238 ad
2217 5193 2416 5239 terram
2445 5200 2559 5254 pm
2594 5174 2909 5233 confusione
2945 5179 3355 5250 prospicientes,

1787 5276 1852 5329 ad
1882 5278 2052 5334 caelos
2079 5274 2320 5330 unanimi
2362 5272 2648 5331 alacritate
2673 5266 3018 5337 suspicimus,
3052 5280 3107 5327 et
3133 5265 3362 5340 psallen-

1779 5372 1863 5423 tes
1909 5370 1963 5425 in
2014 5366 2373 5425 essultatione
2415 5365 2856 5433 proclamantes:
2890 5358 2959 5416 In
2994 5365 3091 5418 hoc
3126 5353 3360 5428 cognovi,

1775 5462 2029 5528 quoniam
2067 5458 2275 5515 voluisti
2318 5470 2420 5519 me,
2476 5459 2603 5529 quia
2662 5465 2765 5504 non
2823 5453 3065 5520 gaudebit
3120 5446 3363 5505 inimicus

1776 5565 1925 5604 meus
1979 5565 2137 5621 super
2179 5563 2260 5601 me
2309 5542 2485 5616 (Psal.
2539 5543 2654 5611 χι).
2700 5540 2780 5594 Me
2824 5551 3003 5597 autem
3033 5530 3369 5621 prepterpin-

1774 5619 2088 5699 nocentium
2156 5644 2211 5689 et
2268 5635 2673 5705 simplicitatem
2720 5630 2923 5686 erroris
2966 5623 3192 5703 [errore]
3236 5619 3369 5677 titu-
