3924 5496
552 391 658 471 23.9

1690 400 1826 456 ΔΝΔ
1833 397 2052 456 STASl'l
2088 394 2632 453 BIBLIOTHECARII

540 531 757 587 bantem
782 523 1091 596 Suscepisti,
1116 529 1168 577 et
1197 520 1402 576 salvum
1432 533 1522 574 me
1558 513 1764 572 faciens
1793 512 2031 573 erexisti,
2061 518 2118 566 et
2143 513 2192 573 A
2217 508 2387 578 gratia
2431 505 2732 577 Pacmcalis
2758 503 3022 596 ἓβοιθεῖεε,
3056 502 3139 596 "fil
3185 501 3384 596 Populi?
3397 502 3788 596 Amisefifbilim

540 633 700 692 super
746 625 953 687 petram
1003 611 1303 685 apostolicae
1369 608 1488 664 fidei
1537 606 1902 662 claudicantes
1952 601 2114 672 pedes

540 724 690 764 meos
734 706 977 762 infixisti.
1009 704 1132 760 Haec
1158 711 1211 758 et
1240 700 1324 757 his
1367 697 1702 754 concinentia
1748 695 1982 750 scribere
2015 708 2113 748 nos

539 798 786 854 fecerunt
813 797 1068 853 divinitus
1091 802 1308 849 exarata
1339 792 1606 847 volumina
1647 798 1846 852 vestra,
1882 802 2000 855 quae
2023 800 2112 840 ca-

539 880 734 944 nonica
765 879 899 942 moti
927 879 1061 958 lege,
1091 893 1148 940 et
1183 878 1420 954 paterna:
1473 877 1776 936 traditionis
1831 876 2108 946 disciplina

537 979 716 1044 ducti,
768 971 855 1031 his
900 976 990 1046 qui
1044 974 1453 1045 apostolicarum
1509 971 1714 1028 sodium
1769 969 2110 1026 moderamen

537 1061 716 1124 sortiti
750 1074 895 1131 sunt,
924 1078 1022 1136 per
1064 1064 1389 1120 reverendas
1417 1072 1471 1118 et
1495 1078 1524 1117 a
1552 1063 1664 1118 Deo
1697 1062 1931 1117 directas
1962 1060 2117 1130 bigas.

537 1159 760 1216 misistis
789 1177 802 1212 :
831 1159 924 1230 qui
943 1158 1339 1228 pervenientes,
1369 1167 1424 1211 et
1448 1170 1544 1226 per
1571 1155 1664 1210 Dei
1692 1155 2021 1208 voluntatem
2049 1167 2112 1208 ac

534 1259 723 1306 nutum
749 1256 1099 1305 occurrentes
1127 1248 1223 1304 Dei
1254 1247 1552 1303 cultoribus
1585 1247 1840 1301 fratribus
1887 1246 2108 1308 nostris,

533 1341 664 1396 viris
691 1340 910 1405 sanctis,
939 1340 1031 1410 qui
1060 1339 1322 1395 dederunt
1343 1339 1553 1393 ani-mas
1581 1352 1706 1392 snas
1733 1351 1828 1407 pro
1858 1336 2114 1391 ecclesia-

535 1445 655 1486 rum
681 1430 1044 1495 correctione;
1092 1436 1146 1482 et
1186 1427 1447 1498 recogniti
1491 1441 1558 1483 ex
1602 1427 1770 1482 veteri
1809 1435 1862 1480 et
1893 1425 2110 1493 antiqua

536 1519 966 1583 conversatione,
997 1517 1152 1573 valde
1179 1517 1344 1589 gavisi
1377 1526 1502 1572 sunt
1535 1535 1548 1572 :
1595 1526 1650 1572 et
1691 1516 1923 1570 maxime
1962 1529 2114 1584 repe-

534 1610 737 1665 rientes
767 1611 956 1664 ambos
989 1608 1041 1664 in
1074 1621 1189 1665 uno
1217 1609 1340 1663 loco
1359 1609 1631 1679 degentes,
1655 1615 1709 1662 et
1739 1607 1954 1661 modum
2002 1607 2109 1660 Deo

533 1699 789 1771 placitum
817 1700 1221 1770 persequentes.
1263 1698 1328 1752 Et
1351 1713 1470 1753 sese
1497 1698 1818 1764 revelant'es,
1860 1698 2112 1752 ostende-

535 1795 668 1844 runt
707 1789 796 1844 eis.
827 1789 1163 1844 ortltodoxitc
1206 1798 1399 1844 vestrae
1427 1789 1536 1843 Deo
1564 1788 1818 1843 decentes
1840 1796 1896 1843 et
1920 1787 2118 1855 dignos

2209 596 2340 667 ,ἰυςο
2389 596 2664 651 servitutis
2715 595 2931 661 alllicto,
2982 603 3040 650 et
3088 593 3504 663 importabilium
3554 593 3788 649 illatione

2167 721 2179 740 .
2216 688 2538 742 tributorum
2568 702 2845 758 oppresso.
2875 685 2945 742 At
2987 685 3062 740 illi
3100 686 3213 741 haec
3259 686 3483 740 moleste
3531 684 3789 752 ferentes,

2214 776 2488 842 dicebant,
2530 779 2654 848 quia
2683 778 2738 833 in
2779 779 2883 832 hoc
2906 778 3163 833 destinati
3183 793 3387 841 sumus,
3414 787 3480 833 ut
3520 780 3792 838 tradetqu

2215 874 2426 923 nostras
2454 868 2508 921 in
2533 879 2762 922 mortem
2790 868 2998 936 animas
3034 881 3132 937 pro
3161 867 3424 930 Ecclesia,
3448 877 3504 922 et
3543 870 3790 938 proposi-

2216 966 2326 1013 tum
2341 959 2671 1018 sanctissimi
2685 959 3010 1029 patriarcha:
3025 975 3088 1014 ac
3109 958 3473 1028 piissimemm
3506 960 3792 1029 imperato-

2213 1065 2331 1102 rum
2359 1050 2716 1120 perducamus
2741 1050 2798 1106 in
2826 1050 3005 1105 finem.
3037 1050 3142 1105 Sed
3163 1051 3204 1104 si
3237 1051 3290 1104 in
3317 1061 3528 1106 vestras
3552 1059 3789 1104 tantum-

2213 1141 2372 1197 modo
2411 1141 2642 1204 anitnas,
2670 1139 2909 1198 diximus.
2929 1140 2996 1194 ad
3034 1153 3148 1205 eos,
3174 1141 3553 1196 eohauriretur
3585 1139 3788 1210 pericu-

2212 1232 2342 1297 lum,
2379 1234 2603 1289 haberet
2625 1232 2768 1289 forte
2785 1247 2970 1288 sermo
2989 1243 3167 1288 vester
3190 1232 3432 1303 aliquam.
3453 1231 3784 1288 divinitatem.

2209 1323 2279 1378 At
2299 1339 2428 1378 vero
2448 1323 2571 1392 quia
2601 1332 2785 1378 contra
2803 1337 3096 1379 commune
3117 1334 3311 1391 corpus
3337 1322 3582 1392 procedit.
3611 1320 3792 1376 Eccte-

2211 1415 2332 1478 site,
2358 1413 2531 1482 (malis
2554 1416 2656 1470 erit
2683 1413 2998 1484 profectus?
3029 1415 3136 1468 into
3156 1413 3329 1482 qualis
3354 1429 3464 1468 non
3491 1413 3595 1468 erit
3625 1412 3790 1476 laesio,

2215 1502 2498 1558 aedili-cium
2542 1514 2856 1559 construere
2907 1517 3067 1573 super
3111 1502 3468 1572 putredinem,
3523 1513 3593 1558 et
3639 1504 3789 1558 firmo

2212 1591 2563 1650 fundamento
2612 1595 2918 1666 priVatum?
2958 1606 3014 1650 et
3059 1594 3345 1664 (plorando,
3397 1595 3672 1664 inquiunt,
3713 1594 3790 1648 vcl

2211 1698 2312 1752 qua
2344 1683 2572 1742 facie-ad
2592 1700 2690 1742 eos
2715 1686 2806 1756 qui
2837 1699 2935 1740 nos
2964 1685 3252 1750 miserunt,
3297 1685 3616 1751 redibimus,
3660 1685 3788 1740 nihil

2212 1790 2400 1831 eorum
2429 1791 2548 1845 qua
2579 1777 2874 1832 secundum
2903 1789 3083 1832 votum
3132 1791 3288 1832 suum
3318 1778 3632 1847 sperabant,
3676 1793 3788 1832 om-

535 1877 902 1934 a‘dmirat-ione
946 1877 1182 1943 libellos,
1233 1877 1532 1932 referentes-
1575 1893 1671 1948 per
1714 1877 1954 1933 ordinem
2000 1877 2110 1931 Deo
2140 1865 2190 1940 Β
2215 1865 2343 1919 “illo
2369 1864 2645 1922 Γθνθηιθεῗ
2682 1867 2761 1922 Ad
2800 1868 2913 1923 hinc
2941 1865 3252 1931 deﬁcientes
3291 1884 3414 1934 nos,
3454 1868 3791 1938 sciuth

535 1964 748 2036 placita!
773 1966 1078 2022 sanctitatis
1105 1975 1298 2022 vestrae
1325 1967 1540 2032 mentis,
1572 1975 1627 2021 et
1653 1967 1798 2036 pium
1833 1968 1940 2020 Deo
1975 1981 2110 2021 con-

535 2060 874 2110 servatorem
925 2055 1268 2113 dominorum
1332 2065 1638 2112 nostrorum
1706 2057 2010 2122 consili-um,
2055 2066 2116 2111 et

534 2145 838 2204 communis
876 2148 1114 2201 omnium
1159 2146 1348 2202 salutis
1385 2149 1863 2227 exspectationem,
1887 2158 1946 2202 et
1963 2149 2110 2204 circa

535 2235 702 2291 Deum
732 2236 849 2291 sine
876 2236 1192 2293 confusione
1218 2253 1387 2308 spem.
1416 2239 1486 2292 At
1515 2239 1588 2292 illi
1616 2239 1768 2309 quasi
1800 2254 1958 2294 unam
1989 2239 2108 2292 ani-

533 2339 684 2384 nam:
708 2329 770 2383 in:
790 2329 996 2384 duobus
1032 2331 1348 2400 corporibus
1391 2331 1665 2397 habentes,
1705 2341 1760 2386 et
1801 2347 1972 2385 tutum
2009 2347 2106 2385 se-

537 2421 774 2476 cundum
800 2419 1102 2490 apostolum
1129 2423 1416 2494 sapientes,
1440 2433 1495 2478 et
1525 2440 1556 2479 a
1581 2424 1762 2479 divino
1785 2425 1968 2496 agitati
1999 2425 2109 2494 spi-

535 2510 662 2576 ritu,
694 2521 906 2566 secreto
948 2511 1152 2582 pariter
1200 2522 1256 2566 et
1300 2513 1656 2584 intelligentcr
1706 2515 1896 2570 fratres
1927 2526 2113 2570 eonte-

533 2608 722 2670 gentes
769 2609 829 2656 et-
863 2602 1198 2659 crcultantes
1229 2613 1445 2672 propter
1477 2604 1815 2660 formidinem
1863 2605 2114 2662 inimico-

538 2705 662 2745 rum
683 2692 884 2758 crucis,
915 2708 1034 2762 quae
1063 2694 1188 2752 hinc
1217 2694 1343 2748 inde
1365 2693 1620 2763 disposita
1643 2693 1836 2758 fuerat,
1862 2711 1966 2750 non
1994 2695 2110 2750 ausi

532 2789 689 2848 sunt,
736 2786 859 2837 cum
911 2791 1096 2838 essent
1139 2783 1432 2853 sapientes,
1473 2783 1554 2838 vel
1587 2784 1808 2838 credere
1850 2785 2114 2841 visionem

531 2872 794 2944 ipsorum,
840 2874 923 2929 vel
964 2889 1139 2929 causa
1168 2875 1380 2944 operari
1421 2875 1705 2930 decursum
1750 2895 1761 2929 ε
1809 2878 2114 2946 praesertim

532 2979 654 3019 eum
691 2965 747 3019 in
779 2965 974 3021 timore
1003 2981 1090 3021 res
1116 2966 1427 3032 haberetur,
1449 2975 1504 3022 et
1530 2983 1690 3037 quam
1733 2970 1964 3024 maxime
1994 2985 2111 3024 cre-

531 3053 795 3108 brescens
826 3053 1112 3109 consilium
1139 3062 1193 3110 et
1233 3056 1463 3125 ditigens
1505 3057 1970 3128 cireumSpiciendi
2005 3069 2112 3114 tra-

532 3149 710 3196 elatus
736 3142 1074 3212 exigeretur.
1101 3141 1385 3198 Consilium
1431 3147 1568 3200 enim
1609 3133 1800 3201 bonum
1835 3150 2114 3213 custodiet,

535 3209 851 3302 inquit,.te,—
879 3234 1122 3303 cogitatio
1151 3250 1270 3288 vero
1301 3237 1433 3290 bona
1482 3236 1700 3294 servabit
1731 3246 1778 3290 te
1809 3236 1988 3307 (Prov.
2022 3209 2111 3307 tl).
2138 3209 2182 3270 Ο

533 3322 608 3378 Ει
631 3337 758 3379 ecce
787 3325 911 3380 dum
940 3323 1131 3380 lateret
1153 3339 1246 3380 eos
1276 3326 1365 3394 qui
1394 3341 1453 3382 se
1473 3328 1572 3382 sub
1603 3327 1827 3381 tuitione
1853 3329 2110 3386 custodiae

536 3414 698 3488 [quos
725 3417 780 3472 in
810 3432 920 3472 suae
945 3416 1188 3472 tuitiouis
1215 3418 1544 3490 custodiam].
1574 3431 1886 3488 posuerant,
1915 3436 2109 3476 cucur-

537 3517 720 3563 rerunt
770 3523 939 3578 usque
969 3509 1036 3564 ad
1073 3523 1176 3565 nos
1210 3526 1223 3563 :
1265 3517 1320 3564 et
1364 3511 1416 3565 in
1465 3511 1700 3581 idipsum-
1724 3525 2112 3586 congregantes

535 3599 782 3668 silenter,
822 3601 1190 3682 humilitatem?
1213 3613 1474 3670 nostram,
1508 3605 1682 3674 primo
1717 3607 1930 3675 quidem
1960 3607 2112 3676 adju-

534 3705 780 3752 ra-mento
811 3695 928 3769 [Gn
954 3705 1003 3752 et
1027 3714 1126 3754 ms.
1150 3697 1257 3752 let.
1299 3699 1532 3754 maxime
1569 3699 1838 3772 horribili]
1870 3703 2110 3760 vincien-

534 3797 638 3855 tes,
675 3805 774 3846 nos
817 3805 1036 3846 servare
1080 3800 1293 3847 secreto
1319 3807 1383 3847 ac
1410 3793 1526 3849 sine
1568 3794 1958 3865 propalatione,
1993 3812 2110 3865 quae

536 3883 604 3937 ab
645 3883 726 3938 eis
770 3892 927 3938 erant
954 3883 1204 3950 dicenda,
1233 3893 1289 3938 et
1329 3884 1386 3938 in
1419 3885 1563 3940 hunc
1609 3887 1824 3941 modum
1854 3887 2112 3957 quidquid

537 3975 605 4029 ad
655 3974 922 4030 cautelam
973 3975 1206 4045 pertinet
1258 3985 1681 4049 exaggerantes,
1740 3978 2115 4034 revelaverunt

535 4064 691 4118 nobis
737 4079 953 4120 omnem
1003 4066 1080 4121 rei
1128 4074 1246 4136 quae
1277 4066 1378 4122 sibi
1413 4067 1714 4130 acciderat,
1760 4069 2113 4124 circumstano

536 4156 690 4210 tiam.
739 4153 1038 4226 Stupefacti
1069 4165 1247 4212 autem
1280 4167 1335 4212 et
1375 4158 1680 4228 compuneti
1728 4160 1907 4221 corde,
1942 4159 2113 4230 lacry-r

537 4247 748 4317 nisque
773 4247 976 4317 perfusi
1019 4247 1350 4303 ferventibus
1381 4264 1543 4318 super
1573 4247 1875 4316 hujusmodi
1919 4264 2111 4303 narra-

541 4337 704 4392 tionis
744 4336 1004 4392 miraculo
1040 4335 1384 4409 [inopinato],
1414 4347 1469 4391 et
1509 4337 1676 4408 gloria
1725 4347 1886 4392 tanta;
1931 4352 2110 4394 rerum

540 4430 874 4496 mutationis,
904 4430 1152 4486 stetimus
1190 4431 1257 4484 ad
1302 4430 1624 4496 orationem,
1662 4429 1820 4486 veluti
1869 4439 2114 4500 peccato-

2215 1955 2326 2012 Deo
2363 1957 2620 2012 amabiles
2663 1957 2858 2014 fratres
2901 1969 3135 2023 nostros,
3181 1957 3448 2015 Joannem
3483 1960 3694 2016 scilicet
3733 1969 3792 2018 et

2212 2046 2516 2115 Thomam,
2589 2049 2704 2104 zelo
2760 2049 2942 2104 divino
2996 2050 3310 2106 orthodoxae
3373 2050 3498 2111 fidei
3556 2051 3784 2107 adorna-

2211 2148 2314 2206 tos,
2339 2149 2500 2209 atque
2523 2141 2747 2196 duorum
2777 2151 3090 2198 sanctorum
3121 2151 3176 2198 et
3215 2157 3536 2214 magnorum
3562 2147 3789 2214 patriar-

2212 2230 2440 2284 charum
2481 2230 2744 2301 syncellos
2769 2272 2782 2296 ,
2825 2231 2954 2300 quin
3008 2240 3063 2288 et
3110 2233 3526 2290 sanetilleandos
3567 2235 3789 2306 [saticu-

2211 2319 2319 2392 fici]
2361 2323 2559 2378 silentii
2596 2333 2886 2388 amatores,
2927 2325 3168 2380 diximus
3196 2327 3263 2380 ad
3302 2341 3440 2382 eos:
3475 2327 3620 2382 Ecce
3659 2338 3788 2384 tein-

2209 2426 2329 2482 pus,
2371 2412 2584 2481 fratres,
2625 2423 2904 2486 acceptum
2945 2416 3154 2479 salutis,
3193 2418 3496 2494 etvsilentio
3522 2419 3786 2474 excellen-

2211 2503 2338 2558 tius.
2394 2505 2472 2560 lte
2527 2520 2650 2560 cum
2700 2507 2830 2562 viris
2885 2507 3045 2572 istis,
3103 2516 3157 2562 et
3211 2524 3314 2578 pro
3358 2509 3438 2562 eis
3489 2511 3784 2580 apologiaut

2210 2596 2510 2662 assumite;
2550 2606 2603 2652 et
2640 2608 2890 2653 euarrate
2933 2599 3046 2652 viva
3087 2613 3216 2654 voce
3241 2640 3255 2664 ,
3295 2615 3414 2670 (piae
3449 2617 3547 2670 per
3586 2602 3787 2656 litteras

2212 2686 2461 2744 intimare
2499 2689 2734 2744 dorninis
2781 2691 2980 2746 nostris
3017 2705 3176 2761 supra
3219 2691 3365 2747 vires
3402 2707 3523 2746 esse
3574 2692 3785 2760 conﬁci-

2210 2793 2348 2834 mus.
2399 2780 2580 2836 Nostis
2616 2784 2760 2837 enim
2799 2783 3030 2853 qualiter
3067 2799 3162 2854 per
3203 2784 3448 2853 pusillam
3489 2787 3786 2840 accusatio-

2211 2887 2334 2927 nem
2368 2875 2522 2930 exsul
2558 2875 2728 2931 factus
2765 2877 2835 2933 sit
2872 2895 2902 2932 a
2952 2879 3037 2934 bis
3085 2879 3320 2934 millibus
3370 2881 3652 2952 signorum
3706 2882 3788 2938 ille

2211 2964 2300 3034 qui
2341 2967 2410 3019 ad
2448 2969 2736 3036 regendum
2773 2970 3023 3024 thronum
3059 2970 3242 3026 fratris
3299 2971 3511 3026 Domini
3565 2974 3786 3029 sortitus

2211 3065 2296 3111 est
2331 3056 2534 3114 Jacobi.
2573 3059 2727 3115 ~Cum
2785 3073 2964 3116 autem
3021 3079 3155 3132 opus
3202 3064 3294 3120 Dei
3345 3066 3784 3136 adimplcveritis,

2213 3155 2267 3200 et
2302 3149 2648 3216 apostolicam
2689 3153 3027 3209 traditionem
3065 3169 3184 3222 quin
3215 3159 3422 3209 tenetur
3457 3157 3510 3210 in
3549 3158 3790 3212 ecclesiis

2212 3251 2308 3306 per
2345 3241 2632 3311 Egyptum
2667 3252 2719 3297 et
2757 3244 2986 3316 Syriam,
3027 3246 3259 3301 dominis
3295 3249 3494 3303 nostris
3523 3251 3787 3320 cognitam

2212 3327 2467 3396 feceritis,
2518 3341 2643 3388 tunc
2677 3337 2816 3402 quod
2857 3352 2884 3390 a
2919 3337 3076 3392 vobis
3108 3338 3480 3405 desideratur,
3520 3342 3790 3412 amplecti-

2212 3422 2362 3476 mini.
2401 3423 2466 3477 Et
2494 3428 2760 3494 quomodo
2805 3443 2925 3493 nos,
2975 3433 3388 3498 responderunt,
3443 3433 3632 3487 idiotze
3673 3449 3786 3488 cum

2212 3512 2381 3568 simus
2425 3523 2481 3569 et
2517 3516 2822 3586 inexpertes
2853 3516 2992 3589 [ϐω
3023 3521 3236 3592 ignoti],
3258 3530 3314 3575 et
3336 3523 3404 3575 ad
3436 3532 3646 3577 tantam
3674 3539 3788 3578 cau-

2212 3615 2326 3656 sam
2351 3603 2549 3662 infirmi
2578 3617 2632 3662 et
2655 3608 2876 3674 indocti,
2919 3625 3306 3679 prtesumemus
3334 3613 3580 3682 arripere
3629 3631 3785 3686 nego-

2214 3696 2344 3752 tium
2387 3697 2526 3768 quod
2564 3698 2820 3753 virtutem
2854 3708 3092 3754 nostram
3118 3705 3449 3772 exsuperat?
3489 3706 3598 3758 Sed
3643 3704 3791 3761 Chri-

2213 3798 2328 3844 stus
2360 3789 2500 3843 Deus
2537 3797 2737 3852 noster,
2769 3790 2856 3858 qui
2887 3805 2982 3859 per
3008 3791 3297 3847 vilissimas
3324 3802 3381 3846 et
3401 3794 3622 3860 idio:as,
3651 3810 3681 3850 e
3706 3810 3788 3851 vos

2213 3880 2372 3951 stigio
2426 3879 2680 3944 diximus,
2731 3889 3047 3948 cooperatus
3095 3889 3199 3948 est,
3249 3892 3496 3950 sanctos,
3548 3889 3784 3956 inquam,

2215 3972 2502 4041 apostolos,
2550 3979 2603 4025 et
2633 3987 2727 4040 per
2771 3987 2864 4027 eos
2913 3973 3096 4028 orbem
3145 3983 3409 4040 terra-rum
3456 3981 3697 4047 captavit
3725 3980 3786 4034 ad

2212 4064 2575 4119 obedientiam
2637 4063 2784 4117 verbi
2825 4065 3238 4133 dispensationis
3281 4083 3429 4134 stite,
3478 4079 3672 4139 potens
3713 4080 3788 4127 est

2215 4154 2344 4208 dare
2396 4154 2546 4207 vobis
2583 4167 2883 4207 sermonem
2924 4155 2976 4207 in
3017 4156 3296 4223 apes-tione
3329 4159 3441 4212 oris
3476 4162 3641 4214 vestri
3674 4201 3689 4225 ,
3727 4161 3786 4214 ad

2213 4245 2562 4315 supplendum
2588 4245 2933 4300 intentionem
2961 4255 3016 4299 et
3042 4261 3257 4300 sensum
3284 4261 3472 4302 eorum
3503 4252 3598 4318 qui
3626 4265 3788 4320 neque

2216 4336 2427 4391 litteras
2455 4337 2737 4406 quiverunt
2768 4337 3060 4405 suscipere,
3113 4352 3285 4406 neque
3327 4339 3443 4393 ausi
3493 4349 3624 4393 sunt
3662 4339 3788 4394 scri-

2215 4427 2362 4491 bere,
2405 4428 2484 4481 vel
2527 4443 2686 4496 super
2729 4427 2919 4482 talibus
2956 4428 3192 4497 quolibet;
3227 4429 3386 4484 modo
3426 4431 3646 4485 tnutire.
3693 4430 3787 4497 Qui

540 4536 646 4588 res,
679 4537 800 4577 cum
829 4522 1018 4577 timore
1059 4535 1124 4577 ac
1165 4530 1442 4577 tremore:
1479 4533 1530 4575 et
1559 4522 1608 4576 ei
1638 4522 1728 4591 qui
1761 4521 1891 4576 facit
1933 4523 2110 4577 omnia
2141 4562 2190 4622 Β
2217 4535 2336 4575 cum
2380 4520 2474 4575 Dei
2512 4530 2696 4576 essent
2739 4529 3008 4575 amatores
3039 4559 3054 4585 ,
3104 4520 3421 4575 obedientia:
3481 4523 3578 4576 lilii
3637 4536 3790 4592 appa-

538 4619 595 4666 et
625 4609 880 4666 transfert
901 4610 969 4665 ad
1000 4611 1051 4665 id
1083 4611 1223 4680 quod
1255 4610 1444 4666 melius
1472 4619 1570 4674 est,
1602 4612 1878 4666 decentem
1904 4611 2110 4666 laudem

542 4700 857 4765 referentes.
883 4701 1171 4772 petivimus
1199 4701 1400 4757 obnixe
1427 4703 1812 4772 benignitatem
1840 4702 1978 4770 ejus,
2009 4719 2115 4772 quo

541 4792 597 4848 in
645 4793 882 4848 minimis
936 4793 1091 4848 nobis
1141 4792 1297 4848 fieret
1351 4794 1579 4858 medius,
1611 4802 1662 4847 et
1711 4809 1806 4862 per
1855 4792 2115 4862 Spiritum

543 4893 791 4938 sanctum
838 4882 1178 4938 illucesceret
1221 4882 1312 4940 lux
1361 4883 1598 4937 scientiae
1645 4883 1696 4935 in
1727 4883 1979 4936 cordibus
2022 4896 2118 4936 no—

543 4972 694 5038 stris,
724 4981 884 5042 atque
911 4972 1213 5027 communis
1233 4971 1480 5026 utilitatis
1508 4971 1718 5027 consilii
1757 4972 1982 5027 donaret
2008 4973 2109 5029 vir-

547 5072 736 5129 tutem,
780 5064 1242 5134 cogitationesque
1283 5062 1452 5119 bonas
1503 5065 1568 5118 ad
1617 5064 2115 5120 determinationem

548 5153 738 5221 optimi
778 5154 942 5208 vestri
991 5153 1247 5224 propositi
1293 5167 1308 5207 :
1358 5153 1498 5222 quod
1543 5162 1598 5207 et
1640 5153 1787 5219 fecit,
1823 5169 1944 5208 cum
1979 5165 2123 5211 esset

550 5243 812 5294 henimus
853 5253 1016 5300 atoue
1061 5245 1394 5299 misericors.
1437 5245 1906 5296 Constiterat-imus
1939 5247 2118 5302 ἱαίιιη,

2217 4618 2398 4664 rentes
2427 4651 2440 4675 ,
2480 4610 2795 4664 obedierunt
2834 4610 2996 4665 verbo
3048 4619 3252 4674 nostro,
3301 4619 3355 4663 et
3409 4612 3790 4679 acquieverunt

2213 4700 2504 4756 hortationi
2533 4719 2545 4754 :
2578 4715 2716 4770 quos
2745 4715 2872 4758 cum,
2890 4698 3094 4769 prolixa
3123 4700 3499 4768 promittentes
3527 4702 3785 4764 oratione,

2216 4800 2271 4846 et
2307 4792 2559 4859 gaudium
2599 4807 2702 4847 non
2737 4791 3106 4862 qualecunque
3159 4791 3242 4846 his
3294 4793 3387 4861 qui
3437 4794 3589 4852 missi
3649 4802 3785 4857 sunt,

2216 4882 2584 4946 conciliantes,
2618 4882 2793 4936 taliter
2830 4882 3021 4937 divulsi
3064 4897 3250 4952 sumus
3285 4881 3353 4936 ab
3397 4881 3634 4938 invicem
3675 4897 3787 4945 eum

2217 4973 2385 5028 milita
2424 4973 2778 5044 lacrymarum
2810 4973 3088 5030 eﬂ'usione.
3134 4973 3350 5039 Verum,
3393 4989 3429 5030 ο
3467 4973 3788 5048 sanctissimi

2219 5072 2274 5118 et
2297 5063 2614 5128 beatissimi,
2657 5071 2713 5116 ut
2748 5063 2903 5118 decet
2927 5073 3205 5133 paternam
3251 5063 3677 5121 dominationem
3709 5080 3790 5120 vo-

2221 5163 2408 5218 stram,
2438 5155 2672 5224 be‘nigne
2692 5154 2885 5210 fratres
2915 5163 3130 5210 nostros
3154 5156 3408 5224 suscipite
3428 5195 3444 5222 ,
3477 5167 3533 5212 et
3569 5157 3791 5213 dominis

2221 5246 2368 5300 orbis
2394 5246 2598 5298 absone
2625 5247 2986 5300 subtractione
3015 5248 3096 5303 vel
3138 5250 3327 5304 timore
3351 5249 3638 5304 hominum
3669 5263 3793 5321 prte-
