3924 5720
794 353 1358 411 lNTERPRETATID‘
1388 354 1634 409 SYNODI
1671 354 1766 410 vn
1800 354 2210 411 GENERALIS.
2243 386 2314 398 —
2339 355 2543 413 ACTIO
2571 356 2654 412 Ill.

3234 357 3344 414 S63

102 481 211 526 rum
238 465 297 522 ut
318 465 524 522 dudum
570 461 626 520 in
663 465 1076 537 epistolicarum
1123 472 1180 521 et
1222 466 1661 536 magi'stcrialinm
1690 470 1740 530 Α
1766 466 1880 520 sine
1907 457 2169 537 principio
2197 469 2410 537 penitus
2446 477 2504 524 et
2525 468 2932 540 sempiternum,
2982 467 3218 524 omnium
3262 470 3340 526 vi-

102 559 442 616 traditionum
466 558 871 628 depositioncm,
897 567 1055 628 atque
1080 569 1355 613 sacrarum
1398 574 1461 613 ac
1507 573 1669 612 vene-

101 650 334 708 rabilium
383 650 675 720 nuaginum
701 650 1166 719 intcremptionem
1199 657 1258 705 et
1299 649 1664 715 abolitionem,

101 742 389 798 collectam.
427 739 538 795 Vos
584 749 762 796 autem
808 741 1156 806 sanctissimi,
1189 741 1372 796 divino
1418 741 1668 798 illustrati

103 833 222 895 zelo,
249 838 647 886 consentaneus
683 839 897 902 quoque
946 831 1206 888 habentes
1243 833 1498 888 divinitus
1535 847 1667 888 eon-

102 924 380 982 scrvandos
406 923 674 986 dominos,
703 925 798 993 qui
819 924 967 994 justo
1007 926 1228 980 decreto
1279 925 1372 979 Dei
1417 925 1474 980 in
1514 925 1666 980 vobis

101 1018 352 1086 imperare
384 1015 734 1085 prmordinati
774 1025 929 1080 sunt,
977 1016 1138 1071 simul
1183 1017 1347 1072 etiam
1384 1024 1442 1072 et
1479 1031 1512 1070 s
1554 1017 1666 1072 Deo

101 1107 476 1178 protegendum
500 1114 557 1162 et
585 1107 930 1162 rnunicndum
965 1118 1233 1173 senum,
1279 1109 1566 1178 pravaletc
1611 1119 1666 1166 es

100 1195 312 1254 viriliter
342 1201 506 1272 agite,
541 1205 594 1254 et
621 1199 956 1254 eonfortetur
995 1215 1090 1255 cor
1136 1208 1399 1266 vestrum,
1446 1216 1662 1256 omnem

101 1288 503 1344 inobedicntiam
534 1289 826 1360 apostolice
872 1288 1214 1357 ulciscentes,
1254 1298 1310 1346 ct
1351 1291 1418 1345 ad
1463 1290 1664 1346 Christi

101 1381 442 1436 obedientiam
464 1389 797 1452 coaptantes.
837 1379 968 1435 Illud
995 1389 1172 1436 autem
1202 1387 1454 1452 tanquam
1483 1397 1666 1437 neces-

102 1471 286 1525 sarium
310 1485 480 1541 penes
506 1470 867 1541 pontiﬁcalem
895 1469 1106 1540 apicem
1138 1479 1380 1527 vestrum
1421 1483 1663 1527 commo-

101 1562 316 1617 nendum
341 1563 624 1628 ducimus;
654 1569 712 1616 ut
739 1563 788 1617 si
807 1562 1138 1632 beneplacito
1161 1572 1473 1619 cunctorum
1500 1564 1670 1635 regis,

101 1651 279 1708 Christi
313 1651 567 1708 videlicet
592 1652 685 1707 Dei
716 1655 907 1717 nostri,
948 1662 1004 1708 et
1053 1667 1244 1708 eorum
1287 1655 1388 1725 qui.
1429 1671 1553 1711 cum
1596 1671 1666 1711 eo

103 1757 306 1814 regnare
329 1749 672 1806 meruerunt,
695 1743 787 1798 Dei
815 1744 1026 1800 scilicet
1055 1745 1358 1800 amicOrum
1382 1753 1438 1800 et
1472 1746 1662 1800 trium-

101 1834 359 1905 phaturum
417 1829 760 1891 dotuinorum
815 1846 1120 1892 nostrorum
1150 1877 1166 1903 ,
1212 1837 1486 1895 volueritis
1529 1839 1666 1894 cele-

102 1928 240 1983 brare
278 1929 593 2000 synodum:
622 1943 690 1983 ne
723 1928 948 1984 molesta
997 1929 1148 1985 vobis
1199 1938 1455 2000 appareat
1501 1930 1666 1984 trium

101 2019 504 2090 apostolicam
543 2019 753 2074 sodium
803 2019 1066 2075 simorum
1112 2021 1566 2090 patriarcharum,
1610 2029 1666 2077 et

103 2113 550 2167 sanctissimon
578 2112 972 2182 episcoporum,
1002 2113 1094 2183 qui
1137 2113 1238 2168 sub
1267 2114 1400 2184 ipsis
1442 2115 1663 2184 degunt,

103 2203 342 2266 alscntia,
377 2213 486 2256 non
511 2217 580 2257 ex
609 2203 826 2273 proprio
863 2217 1048 2258 eorum
1086 2203 1338 2260 accidens
1368 2205 1662 2274 pr0posito,

104 2293 184 2347 scd
203 2308 263 2348 cx
291 2294 597 2348 tenentium
619 2303 714 2348 seu
745 2293 1138 2349 dominantium
1182 2293 1287 2350 illis
1334 2294 1664 2350 terribilibus

105 2382 244 2436 minis
269 2390 322 2438 et
355 2381 658 2437 mortiferis
689 2383 878 2452 pinnis.
919 2381 1034 2437 Hoc
1075 2390 1256 2439 autem
1293 2382 1542 2438 subtilius
1582 2391 1666 2437 est

104 2474 536 2529 considerandum
573 2474 738 2531 etiam
785 2474 854 2529 ab
900 2473 1016 2544 ipsa
1061 2487 1215 2530 sacra
1266 2482 1322 2529 et
1379 2473 1664 2530 universali

104 2572 233 2619 sexta
263 2563 494 2636 synodo,
524 2565 582 2619 in
620 2578 726 2634 qua
771 2563 950 2618 mlius
1001 2577 1190 2619 corum
1239 2564 1330 2633 qui
1373 2579 1468 2634 per
1521 2563 1663 2618 idem

105 2665 288 2726 tempus
318 2659 370 2712 in
423 2657 512 2713 his
552 2657 799 2728 partibus
853 2657 1088 2728 episcopi
1130 2667 1308 2722 erant,
1349 2657 1666 2713 convenisse

105 2757 322 2816 repertus
347 2756 439 2803 est
460 2755 689 2818 propter
703 2747 1081 2802 obscenorum
1128 2747 1506 2804 obtinentium.
1556 2745 1663 2802 Sed

102 2840 284 2894 nudum-
308 2855 377 2896 ex
415 2839 523 2895 hoc
557 2847 757 2894 sancte
786 2839 1009 2894 adhaesit
1032 2839 1236 2910 synodo
1254 2838 1662 2910 praeiudicium:

103 2946 252 3000 neque
285 2931 446 2986 vires
490 2930 681 2985 habuit
725 2930 1018 2999 prohibitio
1067 2928 1244 3000 aliqua
1294 2927 1562 2985 statuendi
1612 2935 1668 2983 et

104 3020 362 3076 manifesta
411 3021 645 3076 faciendi
683 3029 829 3076 recta
857 3021 1102 3092 dogmata
1133 3020 1368 3091 pictatis,
1397 3018 1666 3090 praecipue

104 3125 208 3164 cum
231 3110 609 3167 sanctissimus
641 3118 696 3165 ct
723 3110 1047 3180 apostolicus
1073 3123 1210 3182 papa
1239 3113 1513 3168 Romanus
1532 3124 1662 3167 con-

1766 557 2001 612 sibilium
2033 568 2085 612 et
2113 558 2456 614 invisibilium
2487 558 2743 615 factorem
2768 574 2783 613 :
2807 568 2862 614 et
2891 559 2944 614 in
2974 575 3136 615 unum
3160 560 3344 616 Domi-

1765 664 1892 702 num
1935 647 2121 704 Jesum
2165 649 2435 706 Christum
2489 649 2683 730 Filium
2732 649 2825 706 Dei
2873 650 3228 721 unigenitum,
3274 666 3344 709 ex

1765 742 1881 810 ipso
1925 741 2036 798 Deo
2076 751 2132 812 et
2171 743 2330 797 Patre
2371 742 2697 814 sempiterno
2726 757 2789 797 ac
2814 743 3213 812 impassibiliter
3244 756 3344 800 nsa-

1766 841 1910 902 tnm,
1935 849 2036 889 nec
2056 833 2197 888 aliud
2228 834 2550 904 principium
2594 849 2756 904 quam
2778 832 3009 888 Patrem
3059 833 3345 903 scientem,

1763 933 1824 980 ct
1857 939 1925 979 es
1970 925 2090 996 ipso
2137 925 2490 980 substantiam
2533 927 2858 992 habentem;
2909 925 3086 980 lumen
3144 941 3212 981 ex
3259 923 3344 984 ln-

1762 1016 1934 1081 miue,
1968 1015 2138 1071 Deum
2175 1031 2360 1072 verum
2399 1031 2465 1072 ex
2511 1017 2619 1073 Deo
2667 1032 2816 1072 vero.
2874 1015 2939 1070 Et
2977 1014 3032 1070 in
3076 1013 3335 1088 Spiritum

1763 1119 2008 1166 sanctum
2046 1127 2114 1166 ex
2159 1110 2320 1164 Patre
2367 1111 2744 1180 procedentem
2781 1150 2797 1174 ,
2850 1109 3030 1166 lumen
3073 1117 3130 1164 et
3167 1108 3337 1166 Deum

1763 1216 1859 1270 per
1899 1217 1960 1258 se
2006 1201 2092 1273 [et
2120 1202 2294 1272 ipsum
2339 1218 2434 1272 per
2475 1201 2556 1274 se]
2602 1203 2895 1274 cognitum,
2935 1212 2989 1256 et
3020 1201 3340 1259 existentem

1763 1291 2030 1345 veraciter
2073 1290 2220 1346 Patri
2269 1299 2327 1346 ct
2375 1291 2512 1347 Filio
2567 1300 2889 1368 coaeternum
2930 1291 3244 1346 liomousion
3286 1298 3344 1346 et

1764 1384 2119 1448 contribulem
2164 1393 2219 1438 et
2257 1382 2504 1452 ejusdem
2535 1383 2782 1438 essentne
2807 1399 2870 1438 ac
2897 1393 3121 1446 naturai,
3152 1381 3345 1439 simili-

1764 1483 1849 1531 ter
1903 1484 2082 1529 autem
2134 1484 2190 1529 ct
2243 1473 2478 1529 diritatis.
2543 1474 2862 1529 Trinitatem
2912 1472 3223 1527 liomousion
3278 1487 3344 1527 ac

1767 1567 1924 1620 unius
1989 1566 2206 1621 honoris
2273 1575 2327 1618 ct
2381 1565 2614 1629 throni,
2670 1580 2792 1634 qua:
2852 1563 2901 1617 in
2958 1579 3117 1617 unam
3185 1578 3339 1618 reca-

1763 1655 2022 1726 pitulatur
2053 1663 2108 1708 ct
2130 1655 2400 1727 colligitur
2429 1654 2680 1708 deitatem
2713 1661 2766 1707 et
2806 1667 3143 1707 communem
3170 1652 3342 1708 domi-

1767 1748 2063 1812 nationem,
2108 1747 2226 1802 sine
2258 1745 2529 1818 pcrsonali
2567 1754 2622 1799 ct
2658 1743 3044 1801 subsistentiali
3074 1743 3344 1801 refusione

1695 1819 1750 1882 Ι
1774 1840 1856 1894 vel
1906 1840 2170 1894 divisione
2217 1837 2362 1914 [ϐω
2396 1837 2808 1910 contractione].
2851 1837 3168 1892 Trinitatem
3196 1837 3342 1892 enim

1767 1929 1820 1984 in
1851 1929 2057 1984 unitate
2087 1930 2380 1995 credimus,
2408 1937 2466 1984 ct
2493 1929 2756 1984 unitatem
2798 1928 2852 1983 in
2883 1926 3146 1988 Triuitate
3177 1927 3342 1998 glori-

1765 2020 1995 2088 ﬁcamus.
2036 2037 2049 2072 :
2099 2019 2417 2075 'lrinitatem
2470 2020 2687 2091 quidem
2739 2019 2909 2074 tribus
2957 2017 3344 2086 subsistentiis,

1764 2112 2027 2170 unitatem
2074 2127 2201 2166 vero
2247 2111 2622 2183 singularitate
2665 2109 2881 2166 deitatis
2929 2127 2943 2162 :
2999 2124 3118 2180 qua:
3168 2123 3345 2180 neque

1765 2218 1928 2258 unum
1950 2203 2091 2271 quod
2118 2203 2391 2273 proprium
2417 2201 2674 2272 possidet,
2699 2199 2980 2256 confusum
3004 2198 3167 2254 habet
3191 2195 3344 2270 [[οτι.

1763 2308 1884 2362 qua:
1913 2308 2092 2363 neque
2119 2309 2285 2350 unum
2312 2295 2591 2350 confusum
2629 2294 2809 2360 habet,
2842 2291 2996 2365 ctc.j,
3045 2306 3221 2362 neque
3259 2291 3344 2363 ip-

1765 2398 1882 2438 sum
1911 2385 2112 2439 trinum
2143 2400 2244 2455 per
2282 2393 2452 2440 totum
2498 2385 2750 2448 divisum,
2779 2386 2872 2440 sed
2902 2377 3078 2454 potius
3110 2384 3164 2439 in
3196 2392 3344 2440 utro-

1764 2492 1868 2548 quc
1890 2485 2269 2532 conservatum
2294 2485 2579 2548 utrumque
2601 2475 2742 2548 [Cr.,
2771 2476 2864 2531 sed
2886 2477 3062 2546 potius
3091 2475 3143 2530 in
3169 2475 3342 2530 altero

1765 2567 2015 2639 alterum]
2045 2584 2059 2622 :
2090 2567 2260 2621 divisa
2295 2576 2376 2621 cst
2416 2567 2560 2622 enim
2607 2565 2908 2621 numeratis
2955 2563 3341 2630 subsistentiis,

1764 2667 1820 2713 et
1859 2667 2134 2712 numerata
2181 2673 2534 2726 personarum
2583 2655 3004 2721 diversitatibus,
3059 2655 3344 2710 identitate

1766 2755 1946 2801 autem
1975 2747 2287 2801 substantia:
2323 2756 2378 2802 et
2416 2755 2623 2802 natura:
2648 2747 2820 2812 unita,
2850 2745 3068 2801 omnino
3092 2746 3341 2817 partitio-

1766 2851 1889 2892 nem
1925 2852 2032 2891 non
2059 2837 2269 2907 recipit.
2310 2835 2461 2892 Unus
2497 2837 2640 2892 enim
2676 2837 2816 2892 Deus
2851 2845 2959 2901 est,
3003 2836 3129 2908 quia
3171 2837 3350 2892 deitas

1767 2942 1872 2982 una
1900 2927 2260 2982 famosissimc
2299 2927 2642 2998 praedicatur,
2680 2935 2738 2982 et
2769 2927 2822 2982 in
2860 2925 3124 2982 Trinitatc
3160 2941 3345 3001 perso-

1767 3035 1964 3076 narum
2008 3019 2384 3090 cognoscitur;
2422 3027 2476 3075 et
2504 3033 2680 3089 neque
2708 3019 3000 3074 secundum
3032 3017 3172 3088 quod
3208 3009 3348 3090 unus

1769 3111 1908 3166 Deus
1950 3118 2006 3165 et
2049 3125 2152 3164 una
2179 3110 2352 3164 dcitas
2374 3117 2478 3175 est,
2531 3099 2848 3164 dividendus
2876 3117 2931 3164 et
2978 3109 3031 3163 in
3066 3119 3176 3164 tres
3207 3107 3343 3162 Deos

105 3201 406 3268 tardaverit,
441 3210 496 3256 et
531 3201 586 3256 in
627 3215 689 3256 ca
735 3172 982 3257 inventus
1033 3172 1103 3257 sit
1143 3172 1244 3273 per
1287 3207 1664 3274 apocrisiarios
1692 3172 1740 3236 ο
1767 3179 2164 3274 dispertiendus
2193 3219 2207 3254 :
2238 3172 2562 3258 Arianorum
2601 3201 2745 3256 enim
2787 3209 2870 3256 est
2913 3201 3011 3255 ista
3057 3200 3340 3271 impietas;

106 3309 225 3349 suos.
265 3295 330 3350 Et
357 3308 530 3358 nunc,
556 3292 904 3358 sanctissimi,
929 3293 1034 3348 hoc
1061 3309 1183 3350 cum
1227 3296 1426 3352 auxilio
1455 3299 1549 3354 Dei
1595 3299 1667 3355 si-

107 3383 284 3440 militer
300 3385 421 3439 ﬁat.
463 3381 598 3438 Nam
620 3382 760 3438 sicut
786 3391 913 3437 tunc
933 3382 1076 3438 illius
1102 3383 1234 3439 tides
1259 3385 1315 3439 in
1340 3386 1488 3442 orbis
1508 3395 1666 3444 terra:

106 3474 355 3543 personuit
393 3473 535 3529 ﬁnes
557 3513 576 3539 ,
613 3472 688 3528 ita
725 3479 780 3526 et
815 3473 1004 3543 synodi
1041 3487 1161 3543 qua:
1209 3490 1351 3530 nunc
1401 3490 1498 3546 per
1542 3493 1668 3549 gra-

107 3568 214 3622 tiam
248 3568 342 3624 Dci
383 3567 768 3638 congreganda
813 3574 895 3621 est
935 3580 1034 3636 per
1081 3567 1532 3625 interventionem
1577 3585 1668 3626 ve-

107 3661 272 3723 stram,
300 3667 358 3714 et
386 3655 509 3728 ejus
529 3657 624 3728 qui
649 3657 961 3712 moderatur
987 3656 1350 3726 apostolorum
1401 3657 1666 3727 Principis

107 3745 286 3811 sulem,
311 3744 704 3816 pradicabitur
729 3744 782 3802 in
811 3746 958 3802 omni
992 3746 1110 3802 loco
1153 3746 1244 3818 qui
1280 3749 1380 3804 sub
1402 3747 1512 3804 sole
1552 3757 1666 3817 est;

109 3835 478 3908 videbeetquae
507 3837 788 3909 tyrannica
821 3837 1092 3896 destructa
1142 3846 1286 3906 sunt,
1327 3840 1566 3911 erigens,
1611 3849 1668 3896 et

111 3928 154 3980 in
181 3929 460 4000 antiquam
478 3936 536 3984 et
563 3928 913 3999 apmtoiicam
958 3929 1256 3986 reformans
1301 3930 1662 3987 traditionem.

111 4016 256 4074 Porro
281 4021 354 4076 ad:
381 4018 742 4076 munitionem
785 4019 1066 4074 humilium
1107 4019 1408 4076 litterarum
1458 4029 1667 4076 nostra-

113 4123 250 4176 rum,
299 4109 838 4181 satisfactionemque
889 4109 1235 4168 beatitudinis
1290 4112 1668 4171 dominationis

115 4211 304 4268 testi-ar,
347 4212 510 4272 atque
552 4201 818 4258 victorum
866 4209 920 4256 et
948 4202 1394 4272 triumphaturum
1437 4203 1670 4276 impera—

117 4300 269 4346 terum
324 4302 638 4348 nostrorum
669 4333 688 4358 ,
748 4294 1126 4364 conspeximus
1177 4294 1340 4349 etiam
1394 4297 1669 4366 exemplar

115 4382 472 4450 modicorum
510 4382 782 4439 Theodori
808 4392 1010 4439 sanctae
1039 4384 1313 4440 memoria:
1355 4384 1533 4442 Patris
1574 4402 1663 4441 no-

1766 3303 1938 3362 neque
1967 3291 2258 3346 secundum
2287 3292 2428 3361 quod
2460 3300 2566 3346 tres
2591 3306 2730 3346 unus
2759 3289 2900 3346 Deus
2931 3299 3014 3346 est
3049 3299 3104 3345 et
3134 3307 3340 3362 cogno-

1766 3381 1954 3445 scitur,
1983 3380 2146 3435 etiam
2178 3381 2540 3436 subsistentia;
2565 3389 2675 3436 tres
2701 3380 3079 3450 praedicantur,
3109 3389 3164 3436 et
3185 3380 3348 3437 Pater

1767 3479 1821 3527 et
1849 3471 2020 3526 Filius
2041 3481 2095 3526 et
2125 3470 2360 3539 Spiritus
2396 3473 2768 3527 sanctissimus
2798 3471 3016 3537 dicitur,
3036 3480 3347 3528 contractus

1765 3561 1854 3616 vel
1885 3545 2222 3630 compactus,
2265 3568 2320 3613 et
2361 3561 2412 3613 in
2467 3575 2624 3614 unam
2670 3575 2787 3615 sesc
2828 3557 3184 3616 commiscens
3223 3562 3348 3617 sub-

1767 3652 2064 3710 sistentiam
2099 3669 2114 3706 :
2149 3649 2576 3708 Sabelliauorum
2605 3653 2748 3707 enim
2794 3660 2878 3706 est
2920 3652 3023 3706 ista
3068 3652 3344 3723 nequitia;

1767 3753 1822 3800 et
1864 3743 1984 3799 ideo
2032 3745 2168 3799 bene
2213 3758 2244 3798 a
2299 3743 2563 3814 dciloquis
2601 3744 2864 3800 sancitum
2912 3753 3016 3810 cst,
3065 3727 3346 3801 monadeni

1767 3834 1982 3905 quidem
2032 3848 2129 3889 nos
2173 3833 2367 3888 debere
2414 3848 2604 3903 sapere
2653 3833 2704 3888 in
2737 3831 2843 3888 una
2885 3841 2938 3888 et
2983 3831 3033 3887 in
3086 3831 3350 3903 singulari

1767 3924 1990 3988 deitate,
2017 3922 2270 3978 Triadem
2302 3937 2428 3978 vero
2455 3924 2506 3978 in
2539 3923 2833 3980 inconl‘usis
2857 3921 3028 3979 tribus
3051 3925 3354 3978 subsisten-

1768 4015 1880 4080 tiis,
1913 4029 2017 4069 non
2053 4002 2232 4069 autem
2266 4013 2426 4067 alium
2459 4031 2622 4086 unum
2661 4012 2827 4069 Deum
2859 4025 3054 4084 prmtcr
3097 4013 3201 4068 tres
3230 4027 3350 4084 pcr-

1769 4121 1928 4162 sonas
1956 4105 2329 4175 agnoscimus;
2369 4119 2543 4173 neque
2584 4112 2694 4157 tres
2723 4101 3006 4158 Trinitatis
3036 4103 3194 4158 unius
3224 4104 3349 4157 sub-

1769 4199 1978 4255 stantia:
2005 4214 2285 4269 pcrsonas,
2324 4213 2441 4268 quze
2466 4205 2591 4252 sunt
2623 4195 2784 4252 Pater
2810 4205 2863 4250 et
2901 4195 3072 4252 Filius
3102 4206 3154 4249 ct
3182 4197 3352 4266 Spiri-

1771 4298 1857 4345 tus
1884 4296 2122 4356 sanctus,
2172 4289 2306 4343 alias
2347 4296 2544 4359 prmtcr
2587 4302 2750 4341 unum
2801 4283 2966 4339 Deum
3016 4285 3236 4340 scimus.
3286 4283 3352 4338 Et

1769 4387 2051 4452 propterea
2096 4395 2262 4434 unum
2293 4377 2423 4444 tria;
2467 4377 2518 4432 in
2566 4377 2760 4448 quibus
2789 4376 2960 4430 dcitas
3000 4388 3104 4432 est.
3154 4374 3346 4444 piandi-

118 4475 270 4528 strict
293 4474 620 4546 patriarcha!
651 4473 1144 4547 Hierosolymorum
1169 4474 1557 4545 subjiciendum
1585 4451 1674 4533 his
1772 4451 1992 4536 camus;
2033 4480 2090 4526 et
2118 4471 2217 4524 tria
2253 4484 2440 4535 unum,
2470 4483 2700 4538 quorum
2729 4467 2902 4520 deitas
2934 4475 3037 4530 cst,
3070 4464 3352 4519 annuntia-

119 4576 218 4634 quc
241 4545 438 4636 scripta
462 4574 643 4624 sunt:
671 4564 848 4620 nobis.
883 4545 1035 4621 llunc
1079 4575 1258 4638 autem
1302 4566 1537 4621 libellum
1578 4581 1672 4622 se-
1695 4545 1748 4607 D
1771 4577 1924 4618 mus:
1950 4563 2081 4626 imo,
2103 4571 2160 4615 ut
2187 4560 2365 4615 verius
2393 4558 2622 4622 dicatur,
2653 4571 2772 4628 qua:
2801 4557 2900 4611 tria
2929 4557 3098 4614 dcitas
3119 4563 3172 4611 et
3197 4562 3277 4610 cst
3299 4549 3354 4608 ct

119 4657 328 4714 modum
352 4657 568 4714 solitum
597 4655 854 4713 Ecclesiae
883 4657 1068 4724 ritum,
1096 4657 1236 4713 idem
1262 4665 1462 4712 sanctae
1488 4672 1672 4713 recor-

122 4751 326 4809 sum
352 4752 571 4825 scripsit
604 4752 778 4808 beatis
806 4760 861 4808 et
896 4751 1020 4806 almi
1064 4751 1281 4807 termini
1313 4750 1670 4814 sanctissimis

122 4845 412 4912 patriarchis
435 4844 648 4901 Cosmaa
670 4842 877 4900 scilicet
901 4842 1260 4909 Alexandriae,
1289 4859 1351 4897 ac
1385 4829 1672 4898 Theodoro

123 4932 400 4992 Antiochia
432 4935 801 5006 Theopoleos;
845 4935 934 5004 qui
987 4943 1042 4990 et
1087 4935 1362 5006 reciproca
1417 4933 1670 5005 synodica

125 5037 303 5092 eorum,
348 5026 469 5082 dum
501 5026 684 5082 adhuc
729 5024 947 5088 viveret,
999 5025 1269 5096 recepisse
1317 5022 1666 5094 dignoscitur.

127 5112 393 5172 incolumes
413 5133 508 5173 vos
540 5129 644 5188 pro
670 5113 824 5169 nobis
854 5123 1064 5172 orantes
1091 5113 1350 5173 Dominus
1369 5119 1671 5178 conservet,

129 5210 420 5264 sanctissimi
443 5217 500 5266 et
526 5206 787 5262 divinitus
807 5207 1070 5263 honorati.

132 5400 386 5475 Exemplar
413 5403 784 5477 synodicoer
823 5401 1073 5477 Theodori
1097 5397 1414 5464 sanctissimi
1442 5399 1678 5470 patriar-

556 5473 674 5529 olue
712 5470 1212 5544 Hierosolymorum.

189 5649 449 5709 Credimus
479 5655 673 5720 igitur,
717 5653 1031 5720 beatissimi,
1073 5648 1528 5720 quemadmodum
1561 5643 1683 5703 cre-

1771 4653 2097 4725 agnoscitur.

1841 4827 2124 4883 Credimus
2147 4834 2325 4881 autem
2358 4833 2412 4881 ct
2445 4824 2499 4880 in
2523 4841 2689 4882 unum
2726 4822 2967 4894 ejusdem
2997 4833 3195 4882 sanctm
3227 4839 3354 4904 conf
3445 4885 3456 4891 θ

1772 4917 2142 4976 substantialis
2202 4915 2488 4972 Trinitatis
2538 4917 2822 4974 Dominum
2873 4927 3116 4974 nostrum
3171 4911 3357 4968 Jcsum

1773 5009 2044 5066 Christum
2080 5026 2092 5063 :
2123 5008 2212 5080 qui
2233 5024 2350 5063 cum
2386 5007 2442 5061 in
2480 5009 2651 5080 [arma
2679 5005 2778 5060 Dei
2813 5018 2965 5075 esset,
2994 5025 3094 5063 non
3120 5006 3364 5074 rapinam

1774 5097 2060 5153 arbitratus
2083 5107 2180 5164 est,
2203 5108 2260 5152 ut
2285 5096 2359 5150 ait
2388 5093 2697 5165 Apostolus.
2725 5110 2835 5149 esse
2858 5115 2913 5155 se
2941 5097 3190 5171 a'qualem
3219 5093 3366 5152 Deo;

1773 5185 1869 5242 sed
1910 5188 2242 5257 semetipsum
2287 5184 2605 5252 exinanivit,
2657 5183 2887 5252 formam
2927 5188 3055 5242 servi
3105 5181 3369 5251 accipiens

1781 5277 2000 5350 (Philip.
2025 5279 2108 5350 ιι).
2133 5277 2280 5334 Patri
2304 5273 2447 5330 enim
2475 5294 2597 5334 cum
2620 5275 2690 5330 sit
2710 5275 3185 5336 consubstantialis
3205 5279 3377 5339 atque

1779 5385 2085 5436 consessor,
2139 5369 2192 5424 in
2242 5365 2555 5425 novissimis
2602 5367 2936 5436 tempOribu‘s
2991 5385 3096 5426 non
3142 5372 3224 5417 est
3277 5360 3373 5413 de-

1778 5461 2027 5534 dignatus
2047 5460 2196 5516 nasci
2221 5475 2285 5516 ex
2311 5466 2502 5514 sancta
2533 5466 2586 5515 et
2608 5459 2926 5518 intemerata
2947 5460 3158 5518 domina
3185 5458 3370 5506 nostra

1779 5554 1876 5610 Dei
1937 5553 2232 5618 Genitrice,
2289 5561 2514 5606 carnem
2565 5567 2631 5606 ex
2691 5560 3030 5630 casumens
3074 5537 3372 5602 animatum

1780 5645 1959 5700 anima
2012 5641 2316 5700 rationabili
2366 5647 2420 5694 et
2474 5642 2816 5714 intelligibili,
2864 5642 3134 5716 primitias
3177 5637 3374 5688 Ιῐιὶιεείε
