  <div class='ocr_page' id='page_1' title='image "/cluster/home/n/w/nwhite01/storage/ocr_20150623/129/hvd.32044015471709/137.png"; bbox 0 0 3924 5908; ppageno 0'>
   <div class='ocr_carea' id='block_1_1' title="bbox 583 405 692 463">
    <p class='ocr_par' dir='ltr' id='par_1_1' title="bbox 583 405 692 463">
     <span class='ocr_line' id='line_1_1' title="bbox 583 405 692 463; baseline 0.018 -2"><span class='ocrx_word' id='word_1_1' title='bbox 583 405 692 463; x_wconf 75' lang='grc'><strong>265</strong></span> 
     </span>
    </p>
   </div>
   <div class='ocr_carea' id='block_1_2' title="bbox 1715 404 2652 472">
    <p class='ocr_par' dir='ltr' id='par_1_2' title="bbox 1715 404 2652 472">
     <span class='ocr_line' id='line_1_2' title="bbox 1715 404 2652 472; baseline 0.002 -5"><span class='ocrx_word' id='word_1_2' title='bbox 1715 404 1985 468; x_wconf 80' lang='lat' dir='ltr'><strong>ANASTA</strong></span> <span class='ocrx_word' id='word_1_3' title='bbox 1992 409 2076 468; x_wconf 80' lang='lat' dir='ltr'><strong>Sil</strong></span> <span class='ocrx_word' id='word_1_4' title='bbox 2111 406 2652 472; x_wconf 74' lang='lat' dir='ltr'><strong>BIBLIOTHECARII</strong></span> 
     </span>
    </p>
   </div>
   <div class='ocr_carea' id='block_1_3' title="bbox 3712 419 3804 476">
    <p class='ocr_par' dir='ltr' id='par_1_3' title="bbox 3712 419 3804 476">
     <span class='ocr_line' id='line_1_3' title="bbox 3712 419 3804 476; baseline 0 0"><span class='ocrx_word' id='word_1_5' title='bbox 3712 419 3804 476; x_wconf 68' lang='grc'><strong>264</strong></span> 
     </span>
    </p>
   </div>
   <div class='ocr_carea' id='block_1_4' title="bbox 580 531 3808 607">
    <p class='ocr_par' dir='ltr' id='par_1_4' title="bbox 580 531 3808 607">
     <span class='ocr_line' id='line_1_4' title="bbox 580 531 3808 607; baseline 0 -19"><span class='ocrx_word' id='word_1_6' title='bbox 580 540 846 589; x_wconf 84' lang='lat' dir='ltr'><strong>sanctum.</strong></span> <span class='ocrx_word' id='word_1_7' title='bbox 875 533 952 589; x_wconf 87' lang='lat' dir='ltr'><strong>lta</strong></span> <span class='ocrx_word' id='word_1_8' title='bbox 981 535 1275 606; x_wconf 81' lang='lat' dir='ltr'><strong>procedens</strong></span> <span class='ocrx_word' id='word_1_9' title='bbox 1311 548 1449 591; x_wconf 90' lang='lat' dir='ltr'><strong>unus</strong></span> <span class='ocrx_word' id='word_1_10' title='bbox 1477 547 1544 589; x_wconf 89' lang='lat' dir='ltr'><strong>ex</strong></span> <span class='ocrx_word' id='word_1_11' title='bbox 1585 534 1792 591; x_wconf 91' lang='lat' dir='ltr'><strong>duobus</strong></span> <span class='ocrx_word' id='word_1_12' title='bbox 1824 534 2149 590; x_wconf 78' lang='lat' dir='ltr'><strong>contrariis-</strong></span> <span class='ocrx_word' id='word_1_13' title='bbox 2178 536 2228 597; x_wconf 81' lang='grc' dir='ltr'>Α</span> <span class='ocrx_word' id='word_1_14' title='bbox 2253 539 2469 587; x_wconf 97' lang='lat' dir='ltr'><strong>centum</strong></span> <span class='ocrx_word' id='word_1_15' title='bbox 2491 532 2880 604; x_wconf 79' lang='lat' dir='ltr'><strong>quinquagan</strong></span> <span class='ocrx_word' id='word_1_16' title='bbox 2918 532 3142 591; x_wconf 81' lang='lat' dir='ltr'><strong>Palmm</strong></span> <span class='ocrx_word' id='word_1_17' title='bbox 3175 535 3414 607; x_wconf 82' lang='lat' dir='ltr'><strong>synodus</strong></span> <span class='ocrx_word' id='word_1_18' title='bbox 3433 540 3628 591; x_wconf 86' lang='lat' dir='ltr'><strong>contra</strong></span> <span class='ocrx_word' id='word_1_19' title='bbox 3649 531 3808 603; x_wconf 78' lang='lat' dir='ltr'><strong>Spiri-</strong></span> 
     </span>
    </p>
   </div>
   <div class='ocr_carea' id='block_1_5' title="bbox 580 624 2149 699">
    <p class='ocr_par' dir='ltr' id='par_1_5' title="bbox 580 624 2149 699">
     <span class='ocr_line' id='line_1_5' title="bbox 580 624 2149 699; baseline 0.001 -20"><span class='ocrx_word' id='word_1_20' title='bbox 580 624 721 681; x_wconf 88' lang='lat' dir='ltr'><strong>Deus</strong></span> <span class='ocrx_word' id='word_1_21' title='bbox 751 625 1003 693; x_wconf 80' lang='lat' dir='ltr'><strong>Verbum,</strong></span> <span class='ocrx_word' id='word_1_22' title='bbox 1037 643 1158 683; x_wconf 91' lang='lat' dir='ltr'><strong>cum</strong></span> <span class='ocrx_word' id='word_1_23' title='bbox 1190 627 1459 699; x_wconf 87' lang='lat' dir='ltr'><strong>perfectus</strong></span> <span class='ocrx_word' id='word_1_24' title='bbox 1486 635 1676 682; x_wconf 89' lang='lat' dir='ltr'><strong>natura</strong></span> <span class='ocrx_word' id='word_1_25' title='bbox 1702 629 1845 683; x_wconf 86' lang='lat' dir='ltr'><strong>Deus</strong></span> <span class='ocrx_word' id='word_1_26' title='bbox 1869 630 2149 695; x_wconf 78' lang='lat' dir='ltr'><strong>existeret,</strong></span> 
     </span>
    </p>
   </div>
   <div class='ocr_carea' id='block_1_6' title="bbox 576 715 2151 789">
    <p class='ocr_par' dir='ltr' id='par_1_6' title="bbox 576 715 2151 789">
     <span class='ocr_line' id='line_1_6' title="bbox 576 715 2151 789; baseline 0.004 -20"><span class='ocrx_word' id='word_1_27' title='bbox 576 715 751 771; x_wconf 81' lang='lat' dir='ltr'><strong>factus</strong></span> <span class='ocrx_word' id='word_1_28' title='bbox 777 727 964 771; x_wconf 88' lang='lat' dir='ltr'><strong>natura</strong></span> <span class='ocrx_word' id='word_1_29' title='bbox 993 717 1265 787; x_wconf 79' lang='lat' dir='ltr'><strong>perfectus</strong></span> <span class='ocrx_word' id='word_1_30' title='bbox 1290 718 1451 772; x_wconf 86' lang='lat' dir='ltr'><strong>homo</strong></span> <span class='ocrx_word' id='word_1_31' title='bbox 1478 718 1620 774; x_wconf 88' lang='lat' dir='ltr'><strong>idem</strong></span> <span class='ocrx_word' id='word_1_32' title='bbox 1645 718 1778 789; x_wconf 89' lang='lat' dir='ltr'><strong>ipse,</strong></span> <span class='ocrx_word' id='word_1_33' title='bbox 1808 734 1914 775; x_wconf 90' lang='lat' dir='ltr'><strong>non</strong></span> <span class='ocrx_word' id='word_1_34' title='bbox 1938 728 2151 775; x_wconf 87' lang='lat' dir='ltr'><strong>mutans</strong></span> 
     </span>
    </p>
   </div>
   <div class='ocr_carea' id='block_1_7' title="bbox 576 808 2150 878">
    <p class='ocr_par' dir='ltr' id='par_1_7' title="bbox 576 808 2150 878">
     <span class='ocr_line' id='line_1_7' title="bbox 576 808 2150 878; baseline 0.005 -20"><span class='ocrx_word' id='word_1_35' title='bbox 576 813 846 872; x_wconf 87' lang='lat' dir='ltr'><strong>naturam,</strong></span> <span class='ocrx_word' id='word_1_36' title='bbox 877 823 1049 877; x_wconf 87' lang='lat' dir='ltr'><strong>neque</strong></span> <span class='ocrx_word' id='word_1_37' title='bbox 1078 808 1340 864; x_wconf 85' lang='lat' dir='ltr'><strong>simulans</strong></span> <span class='ocrx_word' id='word_1_38' title='bbox 1365 808 1851 878; x_wconf 78' lang='lat' dir='ltr'><strong>dispensationem;</strong></span> <span class='ocrx_word' id='word_1_39' title='bbox 1880 810 1974 866; x_wconf 89' lang='lat' dir='ltr'><strong>sed</strong></span> <span class='ocrx_word' id='word_1_40' title='bbox 1998 810 2150 866; x_wconf 87' lang='lat' dir='ltr'><strong>carni</strong></span> 
     </span>
    </p>
   </div>
   <div class='ocr_carea' id='block_1_8' title="bbox 576 896 2151 976">
    <p class='ocr_par' dir='ltr' id='par_1_8' title="bbox 576 896 2151 976">
     <span class='ocr_line' id='line_1_8' title="bbox 576 896 2151 976; baseline 0.004 -23"><span class='ocrx_word' id='word_1_41' title='bbox 576 896 968 954; x_wconf 90' lang='lat' dir='ltr'><strong>rationabiliter</strong></span> <span class='ocrx_word' id='word_1_42' title='bbox 1014 909 1069 956; x_wconf 91' lang='lat' dir='ltr'><strong>et</strong></span> <span class='ocrx_word' id='word_1_43' title='bbox 1117 900 1524 971; x_wconf 86' lang='lat' dir='ltr'><strong>intelligibiliter</strong></span> <span class='ocrx_word' id='word_1_44' title='bbox 1575 897 1713 975; x_wconf 82' lang='lat' dir='ltr'><strong>[Gr.,</strong></span> <span class='ocrx_word' id='word_1_45' title='bbox 1763 901 2037 976; x_wconf 70' lang='lat' dir='ltr'><strong>animatae]</strong></span> <span class='ocrx_word' id='word_1_46' title='bbox 2082 917 2151 960; x_wconf 81' lang='lat' dir='ltr'><strong>ex</strong></span> 
     </span>
    </p>
   </div>
   <div class='ocr_carea' id='block_1_9' title="bbox 577 989 2144 1063">
    <p class='ocr_par' dir='ltr' id='par_1_9' title="bbox 577 989 2144 1063">
     <span class='ocr_line' id='line_1_9' title="bbox 577 989 2144 1063; baseline 0.005 -19"><span class='ocrx_word' id='word_1_47' title='bbox 577 998 765 1045; x_wconf 88' lang='lat' dir='ltr'><strong>sancta</strong></span> <span class='ocrx_word' id='word_1_48' title='bbox 794 989 1013 1061; x_wconf 75' lang='lat' dir='ltr'><strong>Virgine</strong></span> <span class='ocrx_word' id='word_1_49' title='bbox 1039 1000 1284 1063; x_wconf 74' lang='lat' dir='ltr'><strong>sumptae,</strong></span> <span class='ocrx_word' id='word_1_50' title='bbox 1331 1001 1388 1048; x_wconf 95' lang='lat' dir='ltr'><strong>et</strong></span> <span class='ocrx_word' id='word_1_51' title='bbox 1415 993 1468 1048; x_wconf 93' lang='lat' dir='ltr'><strong>in</strong></span> <span class='ocrx_word' id='word_1_52' title='bbox 1507 993 1622 1063; x_wconf 92' lang='lat' dir='ltr'><strong>ipso</strong></span> <span class='ocrx_word' id='word_1_53' title='bbox 1647 1003 1705 1049; x_wconf 92' lang='lat' dir='ltr'><strong>ut</strong></span> <span class='ocrx_word' id='word_1_54' title='bbox 1736 1003 1881 1051; x_wconf 89' lang='lat' dir='ltr'><strong>esset</strong></span> <span class='ocrx_word' id='word_1_55' title='bbox 1917 994 2144 1061; x_wconf 78' lang='lat' dir='ltr'><strong>sortitae,</strong></span> 
     </span>
    </p>
   </div>
   <div class='ocr_carea' id='block_1_10' title="bbox 578 1064 2143 1151">
    <p class='ocr_par' dir='ltr' id='par_1_10' title="bbox 578 1064 2143 1151">
     <span class='ocr_line' id='line_1_10' title="bbox 578 1064 2143 1151; baseline 0.005 -20"><span class='ocrx_word' id='word_1_56' title='bbox 578 1079 764 1134; x_wconf 88' lang='lat' dir='ltr'><strong>unitus</strong></span> <span class='ocrx_word' id='word_1_57' title='bbox 802 1089 886 1135; x_wconf 90' lang='lat' dir='ltr'><strong>est</strong></span> <span class='ocrx_word' id='word_1_58' title='bbox 908 1064 1006 1151; x_wconf 78' lang='lat' dir='ltr'><strong>per</strong></span> <span class='ocrx_word' id='word_1_59' title='bbox 1045 1080 1448 1137; x_wconf 89' lang='lat' dir='ltr'><strong>subsistentiam</strong></span> <span class='ocrx_word' id='word_1_60' title='bbox 1474 1081 1755 1139; x_wconf 85' lang='lat' dir='ltr'><strong>inconfuse</strong></span> <span class='ocrx_word' id='word_1_61' title='bbox 1788 1096 1851 1139; x_wconf 88' lang='lat' dir='ltr'><strong>ac</strong></span> <span class='ocrx_word' id='word_1_62' title='bbox 1879 1082 2143 1151; x_wconf 89' lang='lat' dir='ltr'><strong>indivise;</strong></span> 
     </span>
    </p>
   </div>
   <div class='ocr_carea' id='block_1_11' title="bbox 486 1170 2146 1244">
    <p class='ocr_par' dir='ltr' id='par_1_11' title="bbox 486 1170 2146 1244">
     <span class='ocr_line' id='line_1_11' title="bbox 486 1170 2146 1244; baseline 0.006 -22"><span class='ocrx_word' id='word_1_63' title='bbox 486 1232 493 1244; x_wconf 27' lang='grc' dir='ltr'><strong>ὁ</strong></span> <span class='ocrx_word' id='word_1_64' title='bbox 576 1184 682 1224; x_wconf 84' lang='grc' dir='ltr'><strong>ηοη</strong></span> <span class='ocrx_word' id='word_1_65' title='bbox 710 1170 1044 1226; x_wconf 81' lang='lat' dir='ltr'><strong>transferens</strong></span> <span class='ocrx_word' id='word_1_66' title='bbox 1077 1171 1293 1229; x_wconf 91' lang='lat' dir='ltr'><strong>deitatis</strong></span> <span class='ocrx_word' id='word_1_67' title='bbox 1321 1187 1431 1230; x_wconf 84' lang='lat' dir='ltr'><strong>suae</strong></span> <span class='ocrx_word' id='word_1_68' title='bbox 1453 1185 1700 1230; x_wconf 87' lang='lat' dir='ltr'><strong>naturam</strong></span> <span class='ocrx_word' id='word_1_69' title='bbox 1732 1174 1785 1231; x_wconf 91' lang='lat' dir='ltr'><strong>in</strong></span> <span class='ocrx_word' id='word_1_70' title='bbox 1813 1175 1990 1232; x_wconf 88' lang='lat' dir='ltr'><strong>carnis</strong></span> <span class='ocrx_word' id='word_1_71' title='bbox 2020 1177 2146 1232; x_wconf 77' lang='lat' dir='ltr'><strong>sub-</strong></span> 
     </span>
    </p>
   </div>
   <div class='ocr_carea' id='block_1_12' title="bbox 487 1250 2147 1333">
    <p class='ocr_par' dir='ltr' id='par_1_12' title="bbox 487 1250 2147 1333">
     <span class='ocr_line' id='line_1_12' title="bbox 487 1250 2147 1333; baseline 0.004 -18"><span class='ocrx_word' id='word_1_72' title='bbox 574 1260 856 1327; x_wconf 86' lang='lat' dir='ltr'><strong>stantiam,</strong></span> <span class='ocrx_word' id='word_1_73' title='bbox 888 1262 980 1316; x_wconf 91' lang='lat' dir='ltr'><strong>sed</strong></span> <span class='ocrx_word' id='word_1_74' title='bbox 1015 1277 1189 1333; x_wconf 90' lang='lat' dir='ltr'><strong>neque</strong></span> <span class='ocrx_word' id='word_1_75' title='bbox 1221 1265 1575 1321; x_wconf 86' lang='lat' dir='ltr'><strong>substantiam</strong></span> <span class='ocrx_word' id='word_1_76' title='bbox 1614 1266 1794 1322; x_wconf 88' lang='lat' dir='ltr'><strong>carnis</strong></span> <span class='ocrx_word' id='word_1_77' title='bbox 1819 1281 1928 1322; x_wconf 67' lang='lat' dir='ltr'><strong>suae</strong></span> <span class='ocrx_word' id='word_1_78' title='bbox 1963 1266 2017 1321; x_wconf 93' lang='lat' dir='ltr'><strong>in</strong></span> <span class='ocrx_word' id='word_1_79' title='bbox 2048 1282 2147 1322; x_wconf 82' lang='lat' dir='ltr'><strong>na-</strong></span> 
     </span>
    </p>
   </div>
   <div class='ocr_carea' id='block_1_13' title="bbox 497 1352 2145 1442">
    <p class='ocr_par' dir='ltr' id='par_1_13' title="bbox 497 1352 2145 1442">
     <span class='ocr_line' id='line_1_13' title="bbox 497 1352 2145 1442; baseline 0.004 -35"><span class='ocrx_word' id='word_1_80' title='bbox 497 1411 515 1442; x_wconf 38' lang='grc' dir='ltr'>υ</span> <span class='ocrx_word' id='word_1_81' title='bbox 575 1360 749 1408; x_wconf 90' lang='lat' dir='ltr'><strong>turam</strong></span> <span class='ocrx_word' id='word_1_82' title='bbox 770 1367 879 1407; x_wconf 85' lang='lat' dir='ltr'><strong>suae</strong></span> <span class='ocrx_word' id='word_1_83' title='bbox 899 1352 1132 1409; x_wconf 89' lang='lat' dir='ltr'><strong>deitatis.</strong></span> <span class='ocrx_word' id='word_1_84' title='bbox 1168 1353 1299 1411; x_wconf 84' lang='lat' dir='ltr'><strong>Duae</strong></span> <span class='ocrx_word' id='word_1_85' title='bbox 1334 1356 1496 1428; x_wconf 78' lang='lat' dir='ltr'><strong>igitur</strong></span> <span class='ocrx_word' id='word_1_86' title='bbox 1522 1364 1734 1412; x_wconf 75' lang='lat' dir='ltr'><strong>naturm</strong></span> <span class='ocrx_word' id='word_1_87' title='bbox 1767 1357 2145 1413; x_wconf 87' lang='lat' dir='ltr'><strong>inconvertibi-</strong></span> 
     </span>
    </p>
   </div>
   <div class='ocr_carea' id='block_1_14' title="bbox 492 1444 2138 1529">
    <p class='ocr_par' dir='ltr' id='par_1_14' title="bbox 492 1444 2138 1529">
     <span class='ocr_line' id='line_1_14' title="bbox 492 1444 2138 1529; baseline 0.004 -29"><span class='ocrx_word' id='word_1_88' title='bbox 492 1478 515 1529; x_wconf 37' lang='lat'><strong>1;</strong></span> <span class='ocrx_word' id='word_1_89' title='bbox 570 1444 693 1501; x_wconf 84' lang='lat' dir='ltr'><strong>liter</strong></span> <span class='ocrx_word' id='word_1_90' title='bbox 719 1445 946 1502; x_wconf 87' lang='lat' dir='ltr'><strong>invicem</strong></span> <span class='ocrx_word' id='word_1_91' title='bbox 974 1447 1221 1503; x_wconf 79' lang='lat' dir='ltr'><strong>adunatae</strong></span> <span class='ocrx_word' id='word_1_92' title='bbox 1248 1447 1303 1502; x_wconf 92' lang='lat' dir='ltr'><strong>in</strong></span> <span class='ocrx_word' id='word_1_93' title='bbox 1332 1463 1436 1503; x_wconf 89' lang='lat' dir='ltr'><strong>una</strong></span> <span class='ocrx_word' id='word_1_94' title='bbox 1463 1449 1557 1505; x_wconf 89' lang='lat' dir='ltr'><strong>Dei</strong></span> <span class='ocrx_word' id='word_1_95' title='bbox 1584 1447 1746 1505; x_wconf 80' lang='lat' dir='ltr'><strong>Verbi</strong></span> <span class='ocrx_word' id='word_1_96' title='bbox 1772 1450 2138 1519; x_wconf 86' lang='lat' dir='ltr'><strong>subsistentia,</strong></span> 
     </span>
    </p>
   </div>
   <div class='ocr_carea' id='block_1_15' title="bbox 500 1534 2143 1599">
    <p class='ocr_par' dir='ltr' id='par_1_15' title="bbox 500 1534 2143 1599">
     <span class='ocr_line' id='line_1_15' title="bbox 500 1534 2143 1599; baseline 0.005 -8"><span class='ocrx_word' id='word_1_97' title='bbox 500 1544 523 1564; x_wconf 85' lang='lat'><strong><em>&quot;</em></strong></span> <span class='ocrx_word' id='word_1_98' title='bbox 570 1552 735 1592; x_wconf 87' lang='lat' dir='ltr'><strong>unum</strong></span> <span class='ocrx_word' id='word_1_99' title='bbox 771 1537 968 1594; x_wconf 91' lang='lat' dir='ltr'><strong>Filium</strong></span> <span class='ocrx_word' id='word_1_100' title='bbox 1014 1547 1071 1594; x_wconf 91' lang='lat' dir='ltr'><strong>et</strong></span> <span class='ocrx_word' id='word_1_101' title='bbox 1107 1538 1392 1595; x_wconf 89' lang='lat' dir='ltr'><strong>Dominum</strong></span> <span class='ocrx_word' id='word_1_102' title='bbox 1439 1540 1596 1597; x_wconf 88' lang='lat' dir='ltr'><strong>nobis</strong></span> <span class='ocrx_word' id='word_1_103' title='bbox 1637 1534 2143 1599; x_wconf 78' lang='lat' dir='ltr'><strong>demonstraverunt</strong></span> 
     </span>
    </p>
   </div>
   <div class='ocr_carea' id='block_1_16' title="bbox 567 1628 2136 1703">
    <p class='ocr_par' dir='ltr' id='par_1_16' title="bbox 567 1628 2136 1703">
     <span class='ocr_line' id='line_1_16' title="bbox 567 1628 2136 1703; baseline 0.004 -20"><span class='ocrx_word' id='word_1_104' title='bbox 567 1628 831 1684; x_wconf 72' lang='lat' dir='ltr'><strong>visibilem</strong></span> <span class='ocrx_word' id='word_1_105' title='bbox 873 1641 928 1685; x_wconf 89' lang='lat' dir='ltr'><strong>et</strong></span> <span class='ocrx_word' id='word_1_106' title='bbox 965 1629 1312 1698; x_wconf 89' lang='lat' dir='ltr'><strong>invisibilem,</strong></span> <span class='ocrx_word' id='word_1_107' title='bbox 1342 1631 1625 1688; x_wconf 89' lang='lat' dir='ltr'><strong>mortalem</strong></span> <span class='ocrx_word' id='word_1_108' title='bbox 1666 1641 1721 1689; x_wconf 94' lang='lat' dir='ltr'><strong>et</strong></span> <span class='ocrx_word' id='word_1_109' title='bbox 1756 1633 2136 1703; x_wconf 89' lang='lat' dir='ltr'><strong>immortalem,</strong></span> 
     </span>
    </p>
   </div>
   <div class='ocr_carea' id='block_1_17' title="bbox 566 1722 2135 1799">
    <p class='ocr_par' dir='ltr' id='par_1_17' title="bbox 566 1722 2135 1799">
     <span class='ocr_line' id='line_1_17' title="bbox 566 1722 2135 1799; baseline 0.002 -19"><span class='ocrx_word' id='word_1_110' title='bbox 566 1722 1031 1794; x_wconf 88' lang='lat' dir='ltr'><strong>circumscriptmn</strong></span> <span class='ocrx_word' id='word_1_111' title='bbox 1055 1723 1302 1793; x_wconf 83' lang='lat' dir='ltr'><strong>eumdem</strong></span> <span class='ocrx_word' id='word_1_112' title='bbox 1333 1733 1386 1780; x_wconf 93' lang='lat' dir='ltr'><strong>et</strong></span> <span class='ocrx_word' id='word_1_113' title='bbox 1402 1724 1945 1799; x_wconf 88' lang='lat' dir='ltr'><strong>incircumscriptum,</strong></span> <span class='ocrx_word' id='word_1_114' title='bbox 1966 1726 2135 1783; x_wconf 92' lang='lat' dir='ltr'><strong>Deum</strong></span> 
     </span>
    </p>
   </div>
   <div class='ocr_carea' id='block_1_18' title="bbox 564 1813 2132 1886">
    <p class='ocr_par' dir='ltr' id='par_1_18' title="bbox 564 1813 2132 1886">
     <span class='ocr_line' id='line_1_18' title="bbox 564 1813 2132 1886; baseline 0.005 -18"><span class='ocrx_word' id='word_1_115' title='bbox 564 1813 859 1885; x_wconf 85' lang='lat' dir='ltr'><strong>perfectum</strong></span> <span class='ocrx_word' id='word_1_116' title='bbox 890 1824 944 1870; x_wconf 89' lang='lat' dir='ltr'><strong>et</strong></span> <span class='ocrx_word' id='word_1_117' title='bbox 973 1815 1241 1871; x_wconf 86' lang='lat' dir='ltr'><strong>hominem</strong></span> <span class='ocrx_word' id='word_1_118' title='bbox 1267 1813 1591 1886; x_wconf 88' lang='lat' dir='ltr'><strong>perfectum,</strong></span> <span class='ocrx_word' id='word_1_119' title='bbox 1619 1816 1672 1872; x_wconf 92' lang='lat' dir='ltr'><strong>in</strong></span> <span class='ocrx_word' id='word_1_120' title='bbox 1701 1817 1908 1874; x_wconf 89' lang='lat' dir='ltr'><strong>duabus</strong></span> <span class='ocrx_word' id='word_1_121' title='bbox 1928 1819 2132 1875; x_wconf 84' lang='lat' dir='ltr'><strong>naturis</strong></span> 
     </span>
    </p>
   </div>
   <div class='ocr_carea' id='block_1_19' title="bbox 2254 621 3809 692">
    <p class='ocr_par' dir='ltr' id='par_1_19' title="bbox 2254 621 3809 692">
     <span class='ocr_line' id='line_1_19' title="bbox 2254 621 3809 692; baseline 0.001 -16"><span class='ocrx_word' id='word_1_122' title='bbox 2254 629 2342 676; x_wconf 91' lang='lat' dir='ltr'><strong>tus</strong></span> <span class='ocrx_word' id='word_1_123' title='bbox 2366 621 2799 692; x_wconf 84' lang='lat' dir='ltr'><strong>impugnatorem</strong></span> <span class='ocrx_word' id='word_1_124' title='bbox 2840 622 3230 689; x_wconf 84' lang='lat' dir='ltr'><strong>Macedonium,</strong></span> <span class='ocrx_word' id='word_1_125' title='bbox 3256 632 3312 679; x_wconf 92' lang='lat' dir='ltr'><strong>et</strong></span> <span class='ocrx_word' id='word_1_126' title='bbox 3349 624 3458 679; x_wconf 90' lang='lat' dir='ltr'><strong>Deo</strong></span> <span class='ocrx_word' id='word_1_127' title='bbox 3484 636 3685 680; x_wconf 80' lang='lat' dir='ltr'><strong>exosus</strong></span> <span class='ocrx_word' id='word_1_128' title='bbox 3722 622 3809 678; x_wconf 86' lang='lat' dir='ltr'><strong>Se-</strong></span> 
     </span>
    </p>
   </div>
   <div class='ocr_carea' id='block_1_20' title="bbox 2254 713 3808 786">
    <p class='ocr_par' dir='ltr' id='par_1_20' title="bbox 2254 713 3808 786">
     <span class='ocr_line' id='line_1_20' title="bbox 2254 713 3808 786; baseline 0.003 -20"><span class='ocrx_word' id='word_1_129' title='bbox 2254 713 2553 770; x_wconf 89' lang='lat' dir='ltr'><strong>miarianos</strong></span> <span class='ocrx_word' id='word_1_130' title='bbox 2579 714 2756 770; x_wconf 88' lang='lat' dir='ltr'><strong>socios</strong></span> <span class='ocrx_word' id='word_1_131' title='bbox 2780 713 2938 784; x_wconf 85' lang='lat' dir='ltr'><strong>ejus:</strong></span> <span class='ocrx_word' id='word_1_132' title='bbox 2965 730 3086 785; x_wconf 69' lang='lat' dir='ltr'><strong>quae</strong></span> <span class='ocrx_word' id='word_1_133' title='bbox 3104 723 3295 772; x_wconf 87' lang='lat' dir='ltr'><strong>sancta</strong></span> <span class='ocrx_word' id='word_1_134' title='bbox 3321 715 3561 786; x_wconf 78' lang='lat' dir='ltr'><strong>synodus</strong></span> <span class='ocrx_word' id='word_1_135' title='bbox 3578 715 3808 771; x_wconf 80' lang='lat' dir='ltr'><strong>eumdem</strong></span> 
     </span>
    </p>
   </div>
   <div class='ocr_carea' id='block_1_21' title="bbox 2253 803 3811 876">
    <p class='ocr_par' dir='ltr' id='par_1_21' title="bbox 2253 803 3811 876">
     <span class='ocr_line' id='line_1_21' title="bbox 2253 803 3811 876; baseline 0.001 -17"><span class='ocrx_word' id='word_1_136' title='bbox 2253 803 2517 874; x_wconf 88' lang='lat' dir='ltr'><strong>Spiritum</strong></span> <span class='ocrx_word' id='word_1_137' title='bbox 2547 815 2793 861; x_wconf 88' lang='lat' dir='ltr'><strong>sanctum</strong></span> <span class='ocrx_word' id='word_1_138' title='bbox 2816 807 3009 862; x_wconf 89' lang='lat' dir='ltr'><strong>ducem</strong></span> <span class='ocrx_word' id='word_1_139' title='bbox 3040 821 3119 861; x_wconf 42' lang='lat' dir='ltr'><strong>ac»</strong></span> <span class='ocrx_word' id='word_1_140' title='bbox 3147 805 3464 876; x_wconf 86' lang='lat' dir='ltr'><strong>magistrum</strong></span> <span class='ocrx_word' id='word_1_141' title='bbox 3506 805 3731 871; x_wconf 81' lang='lat' dir='ltr'><strong>habens,</strong></span> <span class='ocrx_word' id='word_1_142' title='bbox 3751 818 3811 861; x_wconf 75' lang='lat' dir='ltr'><strong>ex</strong></span> 
     </span>
    </p>
   </div>
   <div class='ocr_carea' id='block_1_22' title="bbox 2247 890 3808 968">
    <p class='ocr_par' dir='ltr' id='par_1_22' title="bbox 2247 890 3808 968">
     <span class='ocr_line' id='line_1_22' title="bbox 2247 890 3808 968; baseline -0.001 -16"><span class='ocrx_word' id='word_1_143' title='bbox 2247 890 2408 952; x_wconf 81' lang='lat' dir='ltr'><strong>Patre</strong></span> <span class='ocrx_word' id='word_1_144' title='bbox 2460 897 2581 952; x_wconf 84' lang='lat' dir='ltr'><strong>sine</strong></span> <span class='ocrx_word' id='word_1_145' title='bbox 2642 906 2887 967; x_wconf 88' lang='lat' dir='ltr'><strong>tempore</strong></span> <span class='ocrx_word' id='word_1_146' title='bbox 2931 912 2998 953; x_wconf 90' lang='lat' dir='ltr'><strong>ac</strong></span> <span class='ocrx_word' id='word_1_147' title='bbox 3048 896 3371 968; x_wconf 85' lang='lat' dir='ltr'><strong>sempiterne</strong></span> <span class='ocrx_word' id='word_1_148' title='bbox 3423 895 3808 965; x_wconf 75' lang='lat' dir='ltr'><strong>processimiers</strong></span> 
     </span>
    </p>
   </div>
   <div class='ocr_carea' id='block_1_23' title="bbox 2248 986 3809 1058">
    <p class='ocr_par' dir='ltr' id='par_1_23' title="bbox 2248 986 3809 1058">
     <span class='ocr_line' id='line_1_23' title="bbox 2248 986 3809 1058; baseline 0.001 -16"><span class='ocrx_word' id='word_1_149' title='bbox 2248 986 2630 1058; x_wconf 80' lang='lat' dir='ltr'><strong>dogmatizavit</strong></span> <span class='ocrx_word' id='word_1_150' title='bbox 2672 988 2895 1056; x_wconf 87' lang='lat' dir='ltr'><strong>habere,</strong></span> <span class='ocrx_word' id='word_1_151' title='bbox 2939 995 2997 1045; x_wconf 91' lang='lat' dir='ltr'><strong>et</strong></span> <span class='ocrx_word' id='word_1_152' title='bbox 3040 987 3361 1046; x_wconf 87' lang='lat' dir='ltr'><strong>homousion</strong></span> <span class='ocrx_word' id='word_1_153' title='bbox 3406 986 3557 1044; x_wconf 86' lang='lat' dir='ltr'><strong>Patri</strong></span> <span class='ocrx_word' id='word_1_154' title='bbox 3600 995 3660 1043; x_wconf 93' lang='lat' dir='ltr'><strong>et</strong></span> <span class='ocrx_word' id='word_1_155' title='bbox 3684 987 3809 1044; x_wconf 86' lang='lat' dir='ltr'><strong>Filio</strong></span> 
     </span>
    </p>
   </div>
   <div class='ocr_carea' id='block_1_24' title="bbox 2246 1077 3807 1151">
    <p class='ocr_par' dir='ltr' id='par_1_24' title="bbox 2246 1077 3807 1151">
     <span class='ocr_line' id='line_1_24' title="bbox 2246 1077 3807 1151; baseline -0.001 -17"><span class='ocrx_word' id='word_1_156' title='bbox 2246 1077 2364 1134; x_wconf 86' lang='lat' dir='ltr'><strong>fore</strong></span> <span class='ocrx_word' id='word_1_157' title='bbox 2388 1077 2789 1134; x_wconf 89' lang='lat' dir='ltr'><strong>coadorandum</strong></span> <span class='ocrx_word' id='word_1_158' title='bbox 2832 1086 2888 1133; x_wconf 90' lang='lat' dir='ltr'><strong>et</strong></span> <span class='ocrx_word' id='word_1_159' title='bbox 2918 1077 3478 1151; x_wconf 84' lang='lat' dir='ltr'><strong>congloritieandum:</strong></span> <span class='ocrx_word' id='word_1_160' title='bbox 3507 1086 3607 1133; x_wconf 88' lang='lat' dir='ltr'><strong>eos</strong></span> <span class='ocrx_word' id='word_1_161' title='bbox 3642 1087 3807 1133; x_wconf 83' lang='lat' dir='ltr'><strong>autem</strong></span> 
     </span>
    </p>
   </div>
   <div class='ocr_carea' id='block_1_25' title="bbox 2244 1166 3808 1240">
    <p class='ocr_par' dir='ltr' id='par_1_25' title="bbox 2244 1166 3808 1240">
     <span class='ocr_line' id='line_1_25' title="bbox 2244 1166 3808 1240; baseline -0.001 -16"><span class='ocrx_word' id='word_1_162' title='bbox 2244 1170 2337 1239; x_wconf 86' lang='lat' dir='ltr'><strong>qui</strong></span> <span class='ocrx_word' id='word_1_163' title='bbox 2378 1168 2889 1240; x_wconf 83' lang='lat' dir='ltr'><strong>blasphemaverunt</strong></span> <span class='ocrx_word' id='word_1_164' title='bbox 2924 1168 2981 1224; x_wconf 92' lang='lat' dir='ltr'><strong>in</strong></span> <span class='ocrx_word' id='word_1_165' title='bbox 3013 1169 3265 1225; x_wconf 84' lang='lat' dir='ltr'><strong>eumdem</strong></span> <span class='ocrx_word' id='word_1_166' title='bbox 3299 1166 3669 1234; x_wconf 87' lang='lat' dir='ltr'><strong>Paracletum,</strong></span> <span class='ocrx_word' id='word_1_167' title='bbox 3705 1168 3808 1223; x_wconf 85' lang='lat' dir='ltr'><strong>sine</strong></span> 
     </span>
    </p>
   </div>
   <div class='ocr_carea' id='block_1_26' title="bbox 2244 1257 3804 1323">
    <p class='ocr_par' dir='ltr' id='par_1_26' title="bbox 2244 1257 3804 1323">
     <span class='ocr_line' id='line_1_26' title="bbox 2244 1257 3804 1323; baseline -0.001 -6"><span class='ocrx_word' id='word_1_168' title='bbox 2244 1261 2562 1317; x_wconf 85' lang='lat' dir='ltr'><strong>remissione</strong></span> <span class='ocrx_word' id='word_1_169' title='bbox 2580 1260 3049 1317; x_wconf 88' lang='lat' dir='ltr'><strong>anathematismis</strong></span> <span class='ocrx_word' id='word_1_170' title='bbox 3069 1259 3320 1316; x_wconf 89' lang='lat' dir='ltr'><strong>submisit</strong></span> <span class='ocrx_word' id='word_1_171' title='bbox 3343 1257 3804 1323; x_wconf 82' lang='lat' dir='ltr'><strong>inenarrabilibus,</strong></span> 
     </span>
    </p>
   </div>
   <div class='ocr_carea' id='block_1_27' title="bbox 2242 1349 3807 1423">
    <p class='ocr_par' dir='ltr' id='par_1_27' title="bbox 2242 1349 3807 1423">
     <span class='ocr_line' id='line_1_27' title="bbox 2242 1349 3807 1423; baseline -0.001 -17"><span class='ocrx_word' id='word_1_172' title='bbox 2242 1366 2353 1407; x_wconf 86' lang='lat' dir='ltr'><strong>una</strong></span> <span class='ocrx_word' id='word_1_173' title='bbox 2407 1367 2531 1408; x_wconf 87' lang='lat' dir='ltr'><strong>cum</strong></span> <span class='ocrx_word' id='word_1_174' title='bbox 2599 1352 2896 1423; x_wconf 85' lang='lat' dir='ltr'><strong>desipiente</strong></span> <span class='ocrx_word' id='word_1_175' title='bbox 2950 1350 3319 1422; x_wconf 81' lang='lat' dir='ltr'><strong>Apollinario,</strong></span> <span class='ocrx_word' id='word_1_176' title='bbox 3376 1351 3470 1421; x_wconf 89' lang='lat' dir='ltr'><strong>qui</strong></span> <span class='ocrx_word' id='word_1_177' title='bbox 3525 1349 3807 1406; x_wconf 81' lang='lat' dir='ltr'><strong>Salvatoris</strong></span> 
     </span>
    </p>
   </div>
   <div class='ocr_carea' id='block_1_28' title="bbox 2239 1434 3806 1517">
    <p class='ocr_par' dir='ltr' id='par_1_28' title="bbox 2239 1434 3806 1517">
     <span class='ocr_line' id='line_1_28' title="bbox 2239 1434 3806 1517; baseline -0.002 -17"><span class='ocrx_word' id='word_1_178' title='bbox 2239 1444 2413 1500; x_wconf 78' lang='lat' dir='ltr'><strong>nostri</strong></span> <span class='ocrx_word' id='word_1_179' title='bbox 2458 1444 2734 1499; x_wconf 85' lang='lat' dir='ltr'><strong>hominem</strong></span> <span class='ocrx_word' id='word_1_180' title='bbox 2776 1442 2921 1517; x_wconf 87' lang='lat' dir='ltr'><strong>[Gr.,</strong></span> <span class='ocrx_word' id='word_1_181' title='bbox 2950 1440 3288 1497; x_wconf 81' lang='lat' dir='ltr'><strong>Salvatorem</strong></span> <span class='ocrx_word' id='word_1_182' title='bbox 3327 1434 3577 1496; x_wconf 83' lang='lat' dir='ltr'><strong>nostrum</strong></span> <span class='ocrx_word' id='word_1_183' title='bbox 3626 1454 3806 1497; x_wconf 84' lang='lat' dir='ltr'><strong>secun-</strong></span> 
     </span>
    </p>
   </div>
   <div class='ocr_carea' id='block_1_29' title="bbox 2239 1534 3801 1610">
    <p class='ocr_par' dir='ltr' id='par_1_29' title="bbox 2239 1534 3801 1610">
     <span class='ocr_line' id='line_1_29' title="bbox 2239 1534 3801 1610; baseline -0.004 -16"><span class='ocrx_word' id='word_1_184' title='bbox 2239 1536 2366 1594; x_wconf 91' lang='lat' dir='ltr'><strong>dum</strong></span> <span class='ocrx_word' id='word_1_185' title='bbox 2410 1535 2706 1610; x_wconf 89' lang='lat' dir='ltr'><strong>hominem]</strong></span> <span class='ocrx_word' id='word_1_186' title='bbox 2749 1537 2867 1592; x_wconf 90' lang='lat' dir='ltr'><strong>sine</strong></span> <span class='ocrx_word' id='word_1_187' title='bbox 2907 1534 3202 1601; x_wconf 89' lang='lat' dir='ltr'><strong>intellectu,</strong></span> <span class='ocrx_word' id='word_1_188' title='bbox 3251 1549 3374 1591; x_wconf 87' lang='lat' dir='ltr'><strong>cum</strong></span> <span class='ocrx_word' id='word_1_189' title='bbox 3425 1542 3570 1590; x_wconf 84' lang='lat' dir='ltr'><strong>esset</strong></span> <span class='ocrx_word' id='word_1_190' title='bbox 3611 1548 3801 1599; x_wconf 85' lang='lat' dir='ltr'><strong>amens,</strong></span> 
     </span>
    </p>
   </div>
   <div class='ocr_carea' id='block_1_30' title="bbox 2236 1625 3804 1701">
    <p class='ocr_par' dir='ltr' id='par_1_30' title="bbox 2236 1625 3804 1701">
     <span class='ocr_line' id='line_1_30' title="bbox 2236 1625 3804 1701; baseline -0.003 -17"><span class='ocrx_word' id='word_1_191' title='bbox 2236 1628 2463 1686; x_wconf 80' lang='lat' dir='ltr'><strong>verbose</strong></span> <span class='ocrx_word' id='word_1_192' title='bbox 2494 1628 2790 1701; x_wconf 82' lang='lat' dir='ltr'><strong>perhibuit.</strong></span> <span class='ocrx_word' id='word_1_193' title='bbox 2830 1627 2900 1683; x_wconf 86' lang='lat' dir='ltr'><strong>Et</strong></span> <span class='ocrx_word' id='word_1_194' title='bbox 2929 1626 3091 1683; x_wconf 89' lang='lat' dir='ltr'><strong>tertia</strong></span> <span class='ocrx_word' id='word_1_195' title='bbox 3126 1626 3277 1697; x_wconf 87' lang='lat' dir='ltr'><strong>prior</strong></span> <span class='ocrx_word' id='word_1_196' title='bbox 3316 1625 3517 1697; x_wconf 83' lang='lat' dir='ltr'><strong>Ephesi</strong></span> <span class='ocrx_word' id='word_1_197' title='bbox 3558 1627 3804 1681; x_wconf 85' lang='lat' dir='ltr'><strong>ducento-</strong></span> 
     </span>
    </p>
   </div>
   <div class='ocr_carea' id='block_1_31' title="bbox 2235 1716 3804 1791">
    <p class='ocr_par' dir='ltr' id='par_1_31' title="bbox 2235 1716 3804 1791">
     <span class='ocr_line' id='line_1_31' title="bbox 2235 1716 3804 1791; baseline -0.004 -13"><span class='ocrx_word' id='word_1_198' title='bbox 2235 1737 2355 1778; x_wconf 87' lang='lat' dir='ltr'><strong>rum</strong></span> <span class='ocrx_word' id='word_1_199' title='bbox 2372 1731 2687 1779; x_wconf 89' lang='lat' dir='ltr'><strong>sanctorum</strong></span> <span class='ocrx_word' id='word_1_200' title='bbox 2706 1720 2928 1776; x_wconf 87' lang='lat' dir='ltr'><strong>Patrum</strong></span> <span class='ocrx_word' id='word_1_201' title='bbox 2952 1718 3220 1791; x_wconf 75' lang='lat' dir='ltr'><strong>refulgens</strong></span> <span class='ocrx_word' id='word_1_202' title='bbox 3255 1718 3491 1789; x_wconf 83' lang='lat' dir='ltr'><strong>synodus</strong></span> <span class='ocrx_word' id='word_1_203' title='bbox 3530 1716 3588 1774; x_wconf 89' lang='lat' dir='ltr'><strong>in</strong></span> <span class='ocrx_word' id='word_1_204' title='bbox 3613 1716 3804 1773; x_wconf 79' lang='lat' dir='ltr'><strong>destru-</strong></span> 
     </span>
    </p>
   </div>
   <div class='ocr_carea' id='block_1_32' title="bbox 2239 1812 3801 1887">
    <p class='ocr_par' dir='ltr' id='par_1_32' title="bbox 2239 1812 3801 1887">
     <span class='ocr_line' id='line_1_32' title="bbox 2239 1812 3801 1887; baseline -0.003 -12"><span class='ocrx_word' id='word_1_205' title='bbox 2239 1819 2473 1876; x_wconf 91' lang='lat' dir='ltr'><strong>ctionem</strong></span> <span class='ocrx_word' id='word_1_206' title='bbox 2526 1828 2581 1873; x_wconf 90' lang='lat' dir='ltr'><strong>et</strong></span> <span class='ocrx_word' id='word_1_207' title='bbox 2620 1816 2972 1887; x_wconf 79' lang='lat' dir='ltr'><strong>dejectionem</strong></span> <span class='ocrx_word' id='word_1_208' title='bbox 3002 1814 3273 1871; x_wconf 88' lang='lat' dir='ltr'><strong>hominem</strong></span> <span class='ocrx_word' id='word_1_209' title='bbox 3307 1812 3801 1870; x_wconf 79' lang='lat' dir='ltr'><strong>colentisNestorii</strong></span> 
     </span>
    </p>
   </div>
   <div class='ocr_carea' id='block_1_33' title="bbox 565 1882 3799 1977">
    <p class='ocr_par' dir='ltr' id='par_1_33' title="bbox 565 1882 3799 1977">
     <span class='ocr_line' id='line_1_33' title="bbox 565 1882 3799 1977; baseline 0.001 -19"><span class='ocrx_word' id='word_1_210' title='bbox 565 1882 982 1973; x_wconf 64' lang='lat' dir='ltr'><strong>agnoscendum,</strong></span> <span class='ocrx_word' id='word_1_211' title='bbox 1022 1914 1074 1958; x_wconf 90' lang='lat' dir='ltr'><strong>et</strong></span> <span class='ocrx_word' id='word_1_212' title='bbox 1100 1904 1152 1958; x_wconf 93' lang='lat' dir='ltr'><strong>in</strong></span> <span class='ocrx_word' id='word_1_213' title='bbox 1182 1882 1390 1961; x_wconf 76' lang='lat' dir='ltr'><strong>duabus</strong></span> <span class='ocrx_word' id='word_1_214' title='bbox 1429 1905 1612 1962; x_wconf 89' lang='lat' dir='ltr'><strong>liberis</strong></span> <span class='ocrx_word' id='word_1_215' title='bbox 1643 1907 2045 1977; x_wconf 86' lang='lat' dir='ltr'><strong>operationibus</strong></span> <span class='ocrx_word' id='word_1_216' title='bbox 2080 1915 2135 1963; x_wconf 89' lang='lat' dir='ltr'><strong>et</strong></span> <span class='ocrx_word' id='word_1_217' title='bbox 2161 1882 2212 1944; x_wconf 75' lang='grc' dir='ltr'><strong>Β</strong></span> <span class='ocrx_word' id='word_1_218' title='bbox 2238 1919 2295 1968; x_wconf 92' lang='lat' dir='ltr'><strong>et</strong></span> <span class='ocrx_word' id='word_1_219' title='bbox 2330 1882 2810 1965; x_wconf 40' lang='lat' dir='ltr'><strong>consentaneo&#39;rum</strong></span> <span class='ocrx_word' id='word_1_220' title='bbox 2848 1906 3003 1977; x_wconf 86' lang='lat' dir='ltr'><strong>ejus:</strong></span> <span class='ocrx_word' id='word_1_221' title='bbox 3031 1905 3123 1976; x_wconf 90' lang='lat' dir='ltr'><strong>qui</strong></span> <span class='ocrx_word' id='word_1_222' title='bbox 3160 1920 3229 1962; x_wconf 82' lang='lat' dir='ltr'><strong>ex</strong></span> <span class='ocrx_word' id='word_1_223' title='bbox 3273 1904 3508 1976; x_wconf 87' lang='lat' dir='ltr'><strong>propriis</strong></span> <span class='ocrx_word' id='word_1_224' title='bbox 3556 1919 3799 1962; x_wconf 80' lang='lat' dir='ltr'><strong>exsecra-</strong></span> 
     </span>
    </p>
   </div>
   <div class='ocr_carea' id='block_1_34' title="bbox 562 1989 2137 2067">
    <p class='ocr_par' dir='ltr' id='par_1_34' title="bbox 562 1989 2137 2067">
     <span class='ocr_line' id='line_1_34' title="bbox 562 1989 2137 2067; baseline 0.002 -19"><span class='ocrx_word' id='word_1_225' title='bbox 562 1993 927 2050; x_wconf 77' lang='lat' dir='ltr'><strong>voluntatibus</strong></span> <span class='ocrx_word' id='word_1_226' title='bbox 949 1995 1300 2050; x_wconf 87' lang='lat' dir='ltr'><strong>adorandum.</strong></span> <span class='ocrx_word' id='word_1_227' title='bbox 1324 1993 1457 2050; x_wconf 85' lang='lat' dir='ltr'><strong>Nam</strong></span> <span class='ocrx_word' id='word_1_228' title='bbox 1482 1989 1592 2051; x_wconf 79' lang='lat' dir='ltr'><strong>non&#39;</strong></span> <span class='ocrx_word' id='word_1_229' title='bbox 1609 1996 1796 2067; x_wconf 88' lang='lat' dir='ltr'><strong>utique</strong></span> <span class='ocrx_word' id='word_1_230' title='bbox 1822 2005 2137 2065; x_wconf 87' lang='lat' dir='ltr'><strong>operaretur</strong></span> 
     </span>
    </p>
   </div>
   <div class='ocr_carea' id='block_1_35' title="bbox 564 2084 2130 2158">
    <p class='ocr_par' dir='ltr' id='par_1_35' title="bbox 564 2084 2130 2158">
     <span class='ocr_line' id='line_1_35' title="bbox 564 2084 2130 2158; baseline 0.003 -20"><span class='ocrx_word' id='word_1_231' title='bbox 564 2084 766 2150; x_wconf 91' lang='lat' dir='ltr'><strong>divine,</strong></span> <span class='ocrx_word' id='word_1_232' title='bbox 796 2085 897 2139; x_wconf 90' lang='lat' dir='ltr'><strong>nisi</strong></span> <span class='ocrx_word' id='word_1_233' title='bbox 927 2095 1069 2141; x_wconf 82' lang='lat' dir='ltr'><strong>esset</strong></span> <span class='ocrx_word' id='word_1_234' title='bbox 1091 2088 1459 2143; x_wconf 88' lang='lat' dir='ltr'><strong>naturaDeus:</strong></span> <span class='ocrx_word' id='word_1_235' title='bbox 1484 2102 1656 2158; x_wconf 88' lang='lat' dir='ltr'><strong>neque</strong></span> <span class='ocrx_word' id='word_1_236' title='bbox 1672 2102 1859 2143; x_wconf 91' lang='lat' dir='ltr'><strong>rursus</strong></span> <span class='ocrx_word' id='word_1_237' title='bbox 1876 2088 2130 2157; x_wconf 87' lang='lat' dir='ltr'><strong>humane,</strong></span> 
     </span>
    </p>
   </div>
   <div class='ocr_carea' id='block_1_36' title="bbox 560 2177 2132 2251">
    <p class='ocr_par' dir='ltr' id='par_1_36' title="bbox 560 2177 2132 2251">
     <span class='ocr_line' id='line_1_36' title="bbox 560 2177 2132 2251; baseline 0.004 -19"><span class='ocrx_word' id='word_1_238' title='bbox 560 2177 664 2233; x_wconf 85' lang='lat' dir='ltr'><strong>nisi</strong></span> <span class='ocrx_word' id='word_1_239' title='bbox 695 2186 888 2233; x_wconf 88' lang='lat' dir='ltr'><strong>natura</strong></span> <span class='ocrx_word' id='word_1_240' title='bbox 920 2178 1073 2233; x_wconf 86' lang='lat' dir='ltr'><strong>ﬁeret</strong></span> <span class='ocrx_word' id='word_1_241' title='bbox 1111 2178 1290 2235; x_wconf 91' lang='lat' dir='ltr'><strong>homo.</strong></span> <span class='ocrx_word' id='word_1_242' title='bbox 1332 2178 1483 2234; x_wconf 79' lang='lat' dir='ltr'><strong>Hunc</strong></span> <span class='ocrx_word' id='word_1_243' title='bbox 1513 2178 1848 2247; x_wconf 89' lang='lat' dir='ltr'><strong>conﬁtemur,</strong></span> <span class='ocrx_word' id='word_1_244' title='bbox 1887 2181 1979 2251; x_wconf 89' lang='lat' dir='ltr'><strong>qui</strong></span> <span class='ocrx_word' id='word_1_245' title='bbox 2006 2196 2132 2238; x_wconf 82' lang='lat' dir='ltr'><strong>vere</strong></span> 
     </span>
    </p>
   </div>
   <div class='ocr_carea' id='block_1_37' title="bbox 558 2269 2131 2342">
    <p class='ocr_par' dir='ltr' id='par_1_37' title="bbox 558 2269 2131 2342">
     <span class='ocr_line' id='line_1_37' title="bbox 558 2269 2131 2342; baseline 0.004 -18"><span class='ocrx_word' id='word_1_246' title='bbox 558 2276 644 2324; x_wconf 90' lang='lat' dir='ltr'><strong>est</strong></span> <span class='ocrx_word' id='word_1_247' title='bbox 686 2269 825 2324; x_wconf 91' lang='lat' dir='ltr'><strong>Deus</strong></span> <span class='ocrx_word' id='word_1_248' title='bbox 847 2276 900 2324; x_wconf 91' lang='lat' dir='ltr'><strong>et</strong></span> <span class='ocrx_word' id='word_1_249' title='bbox 931 2271 1112 2334; x_wconf 91' lang='lat' dir='ltr'><strong>homo,</strong></span> <span class='ocrx_word' id='word_1_250' title='bbox 1158 2280 1379 2342; x_wconf 90' lang='lat' dir='ltr'><strong>propter</strong></span> <span class='ocrx_word' id='word_1_251' title='bbox 1404 2271 1628 2329; x_wconf 84' lang='lat' dir='ltr'><strong>salutem</strong></span> <span class='ocrx_word' id='word_1_252' title='bbox 1669 2280 1912 2329; x_wconf 88' lang='lat' dir='ltr'><strong>nostram</strong></span> <span class='ocrx_word' id='word_1_253' title='bbox 1957 2274 2131 2330; x_wconf 81' lang='lat' dir='ltr'><strong>cruci-</strong></span> 
     </span>
    </p>
   </div>
   <div class='ocr_carea' id='block_1_38' title="bbox 558 2360 2128 2443">
    <p class='ocr_par' dir='ltr' id='par_1_38' title="bbox 558 2360 2128 2443">
     <span class='ocr_line' id='line_1_38' title="bbox 558 2360 2128 2443; baseline 0.004 -26"><span class='ocrx_word' id='word_1_254' title='bbox 558 2361 723 2443; x_wconf 75' lang='lat' dir='ltr'><strong>fixum</strong></span> <span class='ocrx_word' id='word_1_255' title='bbox 744 2360 931 2429; x_wconf 84' lang='lat' dir='ltr'><strong>fuisse,</strong></span> <span class='ocrx_word' id='word_1_256' title='bbox 955 2371 1009 2417; x_wconf 92' lang='lat' dir='ltr'><strong>et</strong></span> <span class='ocrx_word' id='word_1_257' title='bbox 1031 2378 1195 2419; x_wconf 90' lang='lat' dir='ltr'><strong>carne</strong></span> <span class='ocrx_word' id='word_1_258' title='bbox 1231 2372 1457 2420; x_wconf 87' lang='lat' dir='ltr'><strong>mortem</strong></span> <span class='ocrx_word' id='word_1_259' title='bbox 1484 2368 1748 2436; x_wconf 86' lang='lat' dir='ltr'><strong>gustasse,</strong></span> <span class='ocrx_word' id='word_1_260' title='bbox 1775 2366 2128 2438; x_wconf 82' lang='lat' dir='ltr'><strong>sepulturam-</strong></span> 
     </span>
    </p>
   </div>
   <div class='ocr_carea' id='block_1_39' title="bbox 557 2455 2127 2527">
    <p class='ocr_par' dir='ltr' id='par_1_39' title="bbox 557 2455 2127 2527">
     <span class='ocr_line' id='line_1_39' title="bbox 557 2455 2127 2527; baseline 0.005 -19"><span class='ocrx_word' id='word_1_261' title='bbox 557 2470 663 2527; x_wconf 87' lang='lat' dir='ltr'><strong>que</strong></span> <span class='ocrx_word' id='word_1_262' title='bbox 696 2455 854 2510; x_wconf 90' lang='lat' dir='ltr'><strong>trium</strong></span> <span class='ocrx_word' id='word_1_263' title='bbox 886 2456 1186 2527; x_wconf 89' lang='lat' dir='ltr'><strong>suscepisse</strong></span> <span class='ocrx_word' id='word_1_264' title='bbox 1210 2457 1434 2524; x_wconf 87' lang='lat' dir='ltr'><strong>dierum,</strong></span> <span class='ocrx_word' id='word_1_265' title='bbox 1461 2467 1515 2515; x_wconf 92' lang='lat' dir='ltr'><strong>et</strong></span> <span class='ocrx_word' id='word_1_266' title='bbox 1536 2461 1895 2517; x_wconf 81' lang='lat' dir='ltr'><strong>resurrexisse</strong></span> <span class='ocrx_word' id='word_1_267' title='bbox 1923 2476 1953 2515; x_wconf 92' lang='lat' dir='ltr'><strong>a</strong></span> <span class='ocrx_word' id='word_1_268' title='bbox 1982 2474 2127 2516; x_wconf 85' lang='lat' dir='ltr'><strong>mor-</strong></span> 
     </span>
    </p>
   </div>
   <div class='ocr_carea' id='block_1_40' title="bbox 553 2544 2121 2620">
    <p class='ocr_par' dir='ltr' id='par_1_40' title="bbox 553 2544 2121 2620">
     <span class='ocr_line' id='line_1_40' title="bbox 553 2544 2121 2620; baseline 0.003 -21"><span class='ocrx_word' id='word_1_269' title='bbox 553 2545 663 2601; x_wconf 90' lang='lat' dir='ltr'><strong>tuis</strong></span> <span class='ocrx_word' id='word_1_270' title='bbox 691 2544 918 2616; x_wconf 76' lang='lat' dir='ltr'><strong>propria:</strong></span> <span class='ocrx_word' id='word_1_271' title='bbox 942 2546 1180 2617; x_wconf 88' lang='lat' dir='ltr'><strong>potentia</strong></span> <span class='ocrx_word' id='word_1_272' title='bbox 1209 2546 1447 2613; x_wconf 78' lang='lat' dir='ltr'><strong>deitatis,</strong></span> <span class='ocrx_word' id='word_1_273' title='bbox 1482 2549 1749 2604; x_wconf 82' lang='lat' dir='ltr'><strong>infernum</strong></span> <span class='ocrx_word' id='word_1_274' title='bbox 1781 2549 2121 2620; x_wconf 87' lang='lat' dir='ltr'><strong>dispoliasse,</strong></span> 
     </span>
    </p>
   </div>
   <div class='ocr_carea' id='block_1_41' title="bbox 552 2636 2120 2707">
    <p class='ocr_par' dir='ltr' id='par_1_41' title="bbox 552 2636 2120 2707">
     <span class='ocr_line' id='line_1_41' title="bbox 552 2636 2120 2707; baseline 0.003 -17"><span class='ocrx_word' id='word_1_275' title='bbox 552 2643 610 2691; x_wconf 91' lang='lat' dir='ltr'><strong>et</strong></span> <span class='ocrx_word' id='word_1_276' title='bbox 634 2651 727 2691; x_wconf 91' lang='lat' dir='ltr'><strong>eos</strong></span> <span class='ocrx_word' id='word_1_277' title='bbox 750 2637 843 2706; x_wconf 91' lang='lat' dir='ltr'><strong>qui</strong></span> <span class='ocrx_word' id='word_1_278' title='bbox 869 2651 898 2690; x_wconf 87' lang='lat' dir='ltr'><strong>a</strong></span> <span class='ocrx_word' id='word_1_279' title='bbox 925 2636 1124 2692; x_wconf 68' lang='lat' dir='ltr'><strong>saeculo</strong></span> <span class='ocrx_word' id='word_1_280' title='bbox 1146 2638 1310 2694; x_wconf 91' lang='lat' dir='ltr'><strong>vincti</strong></span> <span class='ocrx_word' id='word_1_281' title='bbox 1340 2638 1568 2706; x_wconf 88' lang='lat' dir='ltr'><strong>fuerant,</strong></span> <span class='ocrx_word' id='word_1_282' title='bbox 1599 2639 1847 2697; x_wconf 88' lang='lat' dir='ltr'><strong>libertate</strong></span> <span class='ocrx_word' id='word_1_283' title='bbox 1871 2641 2120 2707; x_wconf 89' lang='lat' dir='ltr'><strong>donasse,</strong></span> 
     </span>
    </p>
   </div>
   <div class='ocr_carea' id='block_1_42' title="bbox 549 2727 2123 2805">
    <p class='ocr_par' dir='ltr' id='par_1_42' title="bbox 549 2727 2123 2805">
     <span class='ocr_line' id='line_1_42' title="bbox 549 2727 2123 2805; baseline 0.004 -22"><span class='ocrx_word' id='word_1_284' title='bbox 549 2727 604 2805; x_wconf 84' lang='lat' dir='ltr'><strong>in</strong></span> <span class='ocrx_word' id='word_1_285' title='bbox 634 2727 797 2784; x_wconf 83' lang='lat' dir='ltr'><strong>caelos</strong></span> <span class='ocrx_word' id='word_1_286' title='bbox 826 2728 1156 2798; x_wconf 86' lang='lat' dir='ltr'><strong>ascendisse,</strong></span> <span class='ocrx_word' id='word_1_287' title='bbox 1189 2737 1243 2786; x_wconf 92' lang='lat' dir='ltr'><strong>et</strong></span> <span class='ocrx_word' id='word_1_288' title='bbox 1274 2730 1327 2785; x_wconf 93' lang='lat' dir='ltr'><strong>in</strong></span> <span class='ocrx_word' id='word_1_289' title='bbox 1358 2732 1577 2787; x_wconf 80' lang='lat' dir='ltr'><strong>dextera</strong></span> <span class='ocrx_word' id='word_1_290' title='bbox 1616 2732 1790 2787; x_wconf 84' lang='lat' dir='ltr'><strong>Patris</strong></span> <span class='ocrx_word' id='word_1_291' title='bbox 1815 2733 2034 2801; x_wconf 82' lang='lat' dir='ltr'><strong>sedisse,</strong></span> <span class='ocrx_word' id='word_1_292' title='bbox 2068 2743 2123 2790; x_wconf 89' lang='lat' dir='ltr'><strong>et</strong></span> 
     </span>
    </p>
   </div>
   <div class='ocr_carea' id='block_1_43' title="bbox 548 2820 2119 2897">
    <p class='ocr_par' dir='ltr' id='par_1_43' title="bbox 548 2820 2119 2897">
     <span class='ocr_line' id='line_1_43' title="bbox 548 2820 2119 2897; baseline 0.008 -28"><span class='ocrx_word' id='word_1_293' title='bbox 548 2825 832 2872; x_wconf 87' lang='lat' dir='ltr'><strong>venturum</strong></span> <span class='ocrx_word' id='word_1_294' title='bbox 855 2820 1148 2874; x_wconf 89' lang='lat' dir='ltr'><strong>secundum</strong></span> <span class='ocrx_word' id='word_1_295' title='bbox 1173 2836 1358 2876; x_wconf 91' lang='lat' dir='ltr'><strong>vocem</strong></span> <span class='ocrx_word' id='word_1_296' title='bbox 1384 2822 1796 2893; x_wconf 86' lang='lat' dir='ltr'><strong>incorporalium</strong></span> <span class='ocrx_word' id='word_1_297' title='bbox 1823 2825 1888 2880; x_wconf 90' lang='lat' dir='ltr'><strong>ad</strong></span> <span class='ocrx_word' id='word_1_298' title='bbox 1913 2833 2119 2897; x_wconf 83' lang='lat' dir='ltr'><strong>aposto-</strong></span> 
     </span>
    </p>
   </div>
   <div class='ocr_carea' id='block_1_44' title="bbox 2232 1996 3799 2070">
    <p class='ocr_par' dir='ltr' id='par_1_44' title="bbox 2232 1996 3799 2070">
     <span class='ocr_line' id='line_1_44' title="bbox 2232 1996 3799 2070; baseline -0.001 -13"><span class='ocrx_word' id='word_1_299' title='bbox 2232 2000 2430 2057; x_wconf 89' lang='lat' dir='ltr'><strong>bilibus</strong></span> <span class='ocrx_word' id='word_1_300' title='bbox 2475 1998 2894 2070; x_wconf 86' lang='lat' dir='ltr'><strong>cogitationibus</strong></span> <span class='ocrx_word' id='word_1_301' title='bbox 2943 1998 3220 2068; x_wconf 88' lang='lat' dir='ltr'><strong>deceptus,</strong></span> <span class='ocrx_word' id='word_1_302' title='bbox 3268 1996 3433 2053; x_wconf 86' lang='lat' dir='ltr'><strong>alium</strong></span> <span class='ocrx_word' id='word_1_303' title='bbox 3472 2010 3597 2052; x_wconf 88' lang='lat' dir='ltr'><strong>esse</strong></span> <span class='ocrx_word' id='word_1_304' title='bbox 3641 1996 3799 2055; x_wconf 82' lang='lat' dir='ltr'><strong>Deum</strong></span> 
     </span>
    </p>
   </div>
   <div class='ocr_carea' id='block_1_45' title="bbox 2237 2086 3793 2161">
    <p class='ocr_par' dir='ltr' id='par_1_45' title="bbox 2237 2086 3793 2161">
     <span class='ocr_line' id='line_1_45' title="bbox 2237 2086 3793 2161; baseline -0.002 -16"><span class='ocrx_word' id='word_1_305' title='bbox 2237 2089 2490 2157; x_wconf 86' lang='lat' dir='ltr'><strong>Verbum,</strong></span> <span class='ocrx_word' id='word_1_306' title='bbox 2516 2091 2607 2161; x_wconf 91' lang='lat' dir='ltr'><strong>qui</strong></span> <span class='ocrx_word' id='word_1_307' title='bbox 2640 2099 2764 2145; x_wconf 88' lang='lat' dir='ltr'><strong>ante</strong></span> <span class='ocrx_word' id='word_1_308' title='bbox 2803 2088 2996 2145; x_wconf 63' lang='lat' dir='ltr'><strong>sarcula</strong></span> <span class='ocrx_word' id='word_1_309' title='bbox 3025 2096 3128 2154; x_wconf 92' lang='lat' dir='ltr'><strong>est,</strong></span> <span class='ocrx_word' id='word_1_310' title='bbox 3168 2098 3226 2143; x_wconf 92' lang='lat' dir='ltr'><strong>et</strong></span> <span class='ocrx_word' id='word_1_311' title='bbox 3253 2086 3417 2142; x_wconf 83' lang='lat' dir='ltr'><strong>alium</strong></span> <span class='ocrx_word' id='word_1_312' title='bbox 3445 2100 3573 2143; x_wconf 88' lang='lat' dir='ltr'><strong>eum</strong></span> <span class='ocrx_word' id='word_1_313' title='bbox 3613 2087 3703 2158; x_wconf 82' lang='lat' dir='ltr'><strong>qui</strong></span> <span class='ocrx_word' id='word_1_314' title='bbox 3728 2101 3793 2143; x_wconf 80' lang='lat' dir='ltr'><strong>ex</strong></span> 
     </span>
    </p>
   </div>
   <div class='ocr_carea' id='block_1_46' title="bbox 2230 2180 3795 2255">
    <p class='ocr_par' dir='ltr' id='par_1_46' title="bbox 2230 2180 3795 2255">
     <span class='ocr_line' id='line_1_46' title="bbox 2230 2180 3795 2255; baseline 0.001 -21"><span class='ocrx_word' id='word_1_315' title='bbox 2230 2180 2455 2255; x_wconf 80' lang='lat' dir='ltr'><strong>Virgine</strong></span> <span class='ocrx_word' id='word_1_316' title='bbox 2496 2192 2721 2253; x_wconf 89' lang='lat' dir='ltr'><strong>propter</strong></span> <span class='ocrx_word' id='word_1_317' title='bbox 2771 2181 2998 2237; x_wconf 91' lang='lat' dir='ltr'><strong>salutem</strong></span> <span class='ocrx_word' id='word_1_318' title='bbox 3052 2187 3291 2237; x_wconf 87' lang='lat' dir='ltr'><strong>nostram</strong></span> <span class='ocrx_word' id='word_1_319' title='bbox 3337 2180 3653 2236; x_wconf 81' lang='lat' dir='ltr'><strong>incarnatus</strong></span> <span class='ocrx_word' id='word_1_320' title='bbox 3697 2186 3795 2245; x_wconf 81' lang='lat' dir='ltr'><strong>est,</strong></span> 
     </span>
    </p>
   </div>
   <div class='ocr_carea' id='block_1_47' title="bbox 2228 2267 3797 2347">
    <p class='ocr_par' dir='ltr' id='par_1_47' title="bbox 2228 2267 3797 2347">
     <span class='ocr_line' id='line_1_47' title="bbox 2228 2267 3797 2347; baseline -0.004 -17"><span class='ocrx_word' id='word_1_321' title='bbox 2228 2273 2444 2347; x_wconf 85' lang='lat' dir='ltr'><strong>garrula</strong></span> <span class='ocrx_word' id='word_1_322' title='bbox 2499 2288 2635 2329; x_wconf 85' lang='lat' dir='ltr'><strong>voce</strong></span> <span class='ocrx_word' id='word_1_323' title='bbox 2685 2272 2931 2342; x_wconf 88' lang='lat' dir='ltr'><strong>profatus</strong></span> <span class='ocrx_word' id='word_1_324' title='bbox 2981 2278 3101 2337; x_wconf 90' lang='lat' dir='ltr'><strong>est,</strong></span> <span class='ocrx_word' id='word_1_325' title='bbox 3163 2276 3411 2340; x_wconf 88' lang='lat' dir='ltr'><strong>quartam</strong></span> <span class='ocrx_word' id='word_1_326' title='bbox 3467 2267 3797 2336; x_wconf 85' lang='lat' dir='ltr'><strong>sceleratus,</strong></span> 
     </span>
    </p>
   </div>
   <div class='ocr_carea' id='block_1_48' title="bbox 2226 2361 3797 2434">
    <p class='ocr_par' dir='ltr' id='par_1_48' title="bbox 2226 2361 3797 2434">
     <span class='ocr_line' id='line_1_48' title="bbox 2226 2361 3797 2434; baseline -0.004 -12"><span class='ocrx_word' id='word_1_327' title='bbox 2226 2368 2389 2422; x_wconf 88' lang='lat' dir='ltr'><strong>etiam</strong></span> <span class='ocrx_word' id='word_1_328' title='bbox 2430 2365 2640 2431; x_wconf 92' lang='lat' dir='ltr'><strong>nolens,</strong></span> <span class='ocrx_word' id='word_1_329' title='bbox 2667 2378 2956 2434; x_wconf 87' lang='lat' dir='ltr'><strong>personam</strong></span> <span class='ocrx_word' id='word_1_330' title='bbox 2986 2363 3040 2418; x_wconf 91' lang='lat' dir='ltr'><strong>in</strong></span> <span class='ocrx_word' id='word_1_331' title='bbox 3067 2369 3308 2418; x_wconf 86' lang='lat' dir='ltr'><strong>sanctam</strong></span> <span class='ocrx_word' id='word_1_332' title='bbox 3352 2369 3409 2416; x_wconf 89' lang='lat' dir='ltr'><strong>et</strong></span> <span class='ocrx_word' id='word_1_333' title='bbox 3450 2361 3797 2416; x_wconf 82' lang='lat' dir='ltr'><strong>consubstan-</strong></span> 
     </span>
    </p>
   </div>
   <div class='ocr_carea' id='block_1_49' title="bbox 2225 2450 3799 2521">
    <p class='ocr_par' dir='ltr' id='par_1_49' title="bbox 2225 2450 3799 2521">
     <span class='ocr_line' id='line_1_49' title="bbox 2225 2450 3799 2521; baseline -0.004 -9"><span class='ocrx_word' id='word_1_334' title='bbox 2225 2454 2409 2512; x_wconf 90' lang='lat' dir='ltr'><strong>tialem</strong></span> <span class='ocrx_word' id='word_1_335' title='bbox 2466 2454 2791 2510; x_wconf 85' lang='lat' dir='ltr'><strong>Trinitatem</strong></span> <span class='ocrx_word' id='word_1_336' title='bbox 2866 2453 3125 2508; x_wconf 89' lang='lat' dir='ltr'><strong>inducens</strong></span> <span class='ocrx_word' id='word_1_337' title='bbox 3175 2470 3191 2507; x_wconf 88' lang='lat'><strong>:</strong></span> <span class='ocrx_word' id='word_1_338' title='bbox 3245 2466 3353 2507; x_wconf 91' lang='lat' dir='ltr'><strong>non</strong></span> <span class='ocrx_word' id='word_1_339' title='bbox 3415 2450 3592 2508; x_wconf 87' lang='lat' dir='ltr'><strong>solum</strong></span> <span class='ocrx_word' id='word_1_340' title='bbox 3652 2465 3799 2521; x_wconf 79' lang='lat' dir='ltr'><strong>sepa-</strong></span> 
     </span>
    </p>
   </div>
   <div class='ocr_carea' id='block_1_50' title="bbox 2221 2541 3797 2603">
    <p class='ocr_par' dir='ltr' id='par_1_50' title="bbox 2221 2541 3797 2603">
     <span class='ocr_line' id='line_1_50' title="bbox 2221 2541 3797 2603; baseline -0.003 0"><span class='ocrx_word' id='word_1_341' title='bbox 2221 2562 2352 2603; x_wconf 89' lang='lat' dir='ltr'><strong>rans</strong></span> <span class='ocrx_word' id='word_1_342' title='bbox 2394 2546 2575 2601; x_wconf 90' lang='lat' dir='ltr'><strong>unitas</strong></span> <span class='ocrx_word' id='word_1_343' title='bbox 2631 2546 2768 2600; x_wconf 90' lang='lat' dir='ltr'><strong>duas</strong></span> <span class='ocrx_word' id='word_1_344' title='bbox 2814 2543 3017 2601; x_wconf 89' lang='lat' dir='ltr'><strong>Christi</strong></span> <span class='ocrx_word' id='word_1_345' title='bbox 3070 2551 3294 2599; x_wconf 85' lang='lat' dir='ltr'><strong>naturas</strong></span> <span class='ocrx_word' id='word_1_346' title='bbox 3341 2541 3396 2598; x_wconf 89' lang='lat' dir='ltr'><strong>in</strong></span> <span class='ocrx_word' id='word_1_347' title='bbox 3445 2542 3581 2598; x_wconf 90' lang='lat' dir='ltr'><strong>duas</strong></span> <span class='ocrx_word' id='word_1_348' title='bbox 3628 2542 3797 2599; x_wconf 83' lang='lat' dir='ltr'><strong>subsi-</strong></span> 
     </span>
    </p>
   </div>
   <div class='ocr_carea' id='block_1_51' title="bbox 2238 2630 3794 2704">
    <p class='ocr_par' dir='ltr' id='par_1_51' title="bbox 2238 2630 3794 2704">
     <span class='ocr_line' id='line_1_51' title="bbox 2238 2630 3794 2704; baseline -0.003 -12"><span class='ocrx_word' id='word_1_349' title='bbox 2238 2636 2505 2704; x_wconf 87' lang='lat' dir='ltr'><strong>stentias,</strong></span> <span class='ocrx_word' id='word_1_350' title='bbox 2562 2650 2746 2690; x_wconf 85' lang='lat' dir='ltr'><strong>verum</strong></span> <span class='ocrx_word' id='word_1_351' title='bbox 2803 2633 2966 2689; x_wconf 87' lang='lat' dir='ltr'><strong>etiam</strong></span> <span class='ocrx_word' id='word_1_352' title='bbox 3020 2646 3246 2698; x_wconf 81' lang='lat' dir='ltr'><strong>vocem,</strong></span> <span class='ocrx_word' id='word_1_353' title='bbox 3297 2646 3404 2702; x_wconf 89' lang='lat' dir='ltr'><strong>qua</strong></span> <span class='ocrx_word' id='word_1_354' title='bbox 3435 2630 3537 2686; x_wconf 85' lang='lat' dir='ltr'><strong>Dei</strong></span> <span class='ocrx_word' id='word_1_355' title='bbox 3558 2630 3794 2687; x_wconf 79' lang='lat' dir='ltr'><strong>Genitrix</strong></span> 
     </span>
    </p>
   </div>
   <div class='ocr_carea' id='block_1_52' title="bbox 2219 2722 3793 2800">
    <p class='ocr_par' dir='ltr' id='par_1_52' title="bbox 2219 2722 3793 2800">
     <span class='ocr_line' id='line_1_52' title="bbox 2219 2722 3793 2800; baseline -0.004 -16"><span class='ocrx_word' id='word_1_356' title='bbox 2219 2729 2535 2800; x_wconf 84' lang='lat' dir='ltr'><strong>appellatur,</strong></span> <span class='ocrx_word' id='word_1_357' title='bbox 2569 2727 2887 2782; x_wconf 87' lang='lat' dir='ltr'><strong>maledictus</strong></span> <span class='ocrx_word' id='word_1_358' title='bbox 2912 2724 3168 2795; x_wconf 86' lang='lat' dir='ltr'><strong>abjurans</strong></span> <span class='ocrx_word' id='word_1_359' title='bbox 3194 2763 3211 2790; x_wconf 86' lang='lat'><strong>,</strong></span> <span class='ocrx_word' id='word_1_360' title='bbox 3243 2722 3627 2781; x_wconf 86' lang='lat' dir='ltr'><strong>Christotocon</strong></span> <span class='ocrx_word' id='word_1_361' title='bbox 3660 2723 3793 2779; x_wconf 81' lang='lat' dir='ltr'><strong>hanc</strong></span> 
     </span>
    </p>
   </div>
   <div class='ocr_carea' id='block_1_53' title="bbox 2217 2814 3793 2889">
    <p class='ocr_par' dir='ltr' id='par_1_53' title="bbox 2217 2814 3793 2889">
     <span class='ocr_line' id='line_1_53' title="bbox 2217 2814 3793 2889; baseline -0.003 -15"><span class='ocrx_word' id='word_1_362' title='bbox 2217 2819 2396 2876; x_wconf 84' lang='lat' dir='ltr'><strong>vocari</strong></span> <span class='ocrx_word' id='word_1_363' title='bbox 2433 2817 2761 2889; x_wconf 85' lang='lat' dir='ltr'><strong>nequissime</strong></span> <span class='ocrx_word' id='word_1_364' title='bbox 2817 2814 3035 2883; x_wconf 77' lang='lat' dir='ltr'><strong>sanxit,</strong></span> <span class='ocrx_word' id='word_1_365' title='bbox 3099 2830 3219 2887; x_wconf 62' lang='lat' dir='ltr'><strong>quae</strong></span> <span class='ocrx_word' id='word_1_366' title='bbox 3279 2829 3406 2872; x_wconf 87' lang='lat' dir='ltr'><strong>vere</strong></span> <span class='ocrx_word' id='word_1_367' title='bbox 3471 2815 3569 2872; x_wconf 89' lang='lat' dir='ltr'><strong>Dei</strong></span> <span class='ocrx_word' id='word_1_368' title='bbox 3631 2815 3793 2871; x_wconf 68' lang='lat' dir='ltr'><strong>Mater</strong></span> 
     </span>
    </p>
   </div>
   <div class='ocr_carea' id='block_1_54' title="bbox 543 2901 3791 2982">
    <p class='ocr_par' dir='ltr' id='par_1_54' title="bbox 543 2901 3791 2982">
     <span class='ocr_line' id='line_1_54' title="bbox 543 2901 3791 2982; baseline 0.002 -24"><span class='ocrx_word' id='word_1_369' title='bbox 543 2901 629 2959; x_wconf 92' lang='lat' dir='ltr'><strong>los</strong></span> <span class='ocrx_word' id='word_1_370' title='bbox 656 2903 916 2971; x_wconf 84' lang='lat' dir='ltr'><strong>delatam,</strong></span> <span class='ocrx_word' id='word_1_371' title='bbox 949 2906 1002 2961; x_wconf 92' lang='lat' dir='ltr'><strong>in</strong></span> <span class='ocrx_word' id='word_1_372' title='bbox 1034 2908 1270 2963; x_wconf 88' lang='lat' dir='ltr'><strong>secundo</strong></span> <span class='ocrx_word' id='word_1_373' title='bbox 1296 2925 1393 2965; x_wconf 93' lang='lat' dir='ltr'><strong>suo</strong></span> <span class='ocrx_word' id='word_1_374' title='bbox 1433 2910 1660 2968; x_wconf 89' lang='lat' dir='ltr'><strong>adventu</strong></span> <span class='ocrx_word' id='word_1_375' title='bbox 1701 2912 1941 2982; x_wconf 83' lang='lat' dir='ltr'><strong>judicare</strong></span> <span class='ocrx_word' id='word_1_376' title='bbox 1967 2915 2117 2971; x_wconf 81' lang='lat' dir='ltr'><strong>vivos</strong></span> <span class='ocrx_word' id='word_1_377' title='bbox 2216 2923 2299 2968; x_wconf 88' lang='lat' dir='ltr'><strong>est</strong></span> <span class='ocrx_word' id='word_1_378' title='bbox 2357 2921 2412 2967; x_wconf 93' lang='lat' dir='ltr'><strong>et</strong></span> <span class='ocrx_word' id='word_1_379' title='bbox 2457 2920 2580 2968; x_wconf 92' lang='lat' dir='ltr'><strong>ante</strong></span> <span class='ocrx_word' id='word_1_380' title='bbox 2636 2918 2847 2982; x_wconf 86' lang='lat' dir='ltr'><strong>partum</strong></span> <span class='ocrx_word' id='word_1_381' title='bbox 2877 2917 2934 2964; x_wconf 94' lang='lat' dir='ltr'><strong>et</strong></span> <span class='ocrx_word' id='word_1_382' title='bbox 2976 2918 3096 2980; x_wconf 88' lang='lat' dir='ltr'><strong>post</strong></span> <span class='ocrx_word' id='word_1_383' title='bbox 3141 2915 3356 2980; x_wconf 87' lang='lat' dir='ltr'><strong>partum</strong></span> <span class='ocrx_word' id='word_1_384' title='bbox 3416 2906 3613 2981; x_wconf 80' lang='lat' dir='ltr'><strong>Virgo,</strong></span> <span class='ocrx_word' id='word_1_385' title='bbox 3640 2919 3791 2980; x_wconf 82' lang='lat' dir='ltr'><strong>atque</strong></span> 
     </span>
    </p>
   </div>
   <div class='ocr_carea' id='block_1_55' title="bbox 545 2994 3791 3074">
    <p class='ocr_par' dir='ltr' id='par_1_55' title="bbox 545 2994 3791 3074">
     <span class='ocr_line' id='line_1_55' title="bbox 545 2994 3791 3074; baseline 0.003 -26"><span class='ocrx_word' id='word_1_386' title='bbox 545 3001 602 3048; x_wconf 90' lang='lat' dir='ltr'><strong>et</strong></span> <span class='ocrx_word' id='word_1_387' title='bbox 627 3003 865 3050; x_wconf 89' lang='lat' dir='ltr'><strong>mortuos</strong></span> <span class='ocrx_word' id='word_1_388' title='bbox 887 2995 1025 3067; x_wconf 73' lang='lat' dir='ltr'><strong>(Acr.</strong></span> <span class='ocrx_word' id='word_1_389' title='bbox 1051 2998 1112 3069; x_wconf 82' lang='lat' dir='ltr'><strong>l).</strong></span> <span class='ocrx_word' id='word_1_390' title='bbox 1150 2996 1476 3055; x_wconf 78' lang='lat' dir='ltr'><strong>Conﬁtentur</strong></span> <span class='ocrx_word' id='word_1_391' title='bbox 1504 3010 1679 3056; x_wconf 87' lang='lat' dir='ltr'><strong>autem</strong></span> <span class='ocrx_word' id='word_1_392' title='bbox 1701 3012 1753 3057; x_wconf 89' lang='lat' dir='ltr'><strong>et</strong></span> <span class='ocrx_word' id='word_1_393' title='bbox 1783 3013 2115 3060; x_wconf 89' lang='lat' dir='ltr'><strong>mortuorum</strong></span> <span class='ocrx_word' id='word_1_394' title='bbox 2215 3005 2392 3061; x_wconf 88' lang='lat' dir='ltr'><strong>omnis</strong></span> <span class='ocrx_word' id='word_1_395' title='bbox 2440 3003 2786 3074; x_wconf 90' lang='lat' dir='ltr'><strong>intelligibilis</strong></span> <span class='ocrx_word' id='word_1_396' title='bbox 2842 3017 2904 3058; x_wconf 88' lang='lat' dir='ltr'><strong>ac</strong></span> <span class='ocrx_word' id='word_1_397' title='bbox 2962 2994 3235 3058; x_wconf 81' lang='lat' dir='ltr'><strong>sensibilis</strong></span> <span class='ocrx_word' id='word_1_398' title='bbox 3284 3009 3491 3059; x_wconf 68' lang='lat' dir='ltr'><strong>natura:</strong></span> <span class='ocrx_word' id='word_1_399' title='bbox 3553 3002 3791 3074; x_wconf 85' lang='lat' dir='ltr'><strong>gloriaet</strong></span> 
     </span>
    </p>
   </div>
   <div class='ocr_carea' id='block_1_56' title="bbox 545 3077 3791 3165">
    <p class='ocr_par' dir='ltr' id='par_1_56' title="bbox 545 3077 3791 3165">
     <span class='ocr_line' id='line_1_56' title="bbox 545 3077 3791 3165; baseline 0.002 -25"><span class='ocrx_word' id='word_1_400' title='bbox 545 3083 600 3140; x_wconf 87' lang='lat' dir='ltr'><strong>in</strong></span> <span class='ocrx_word' id='word_1_401' title='bbox 631 3087 915 3142; x_wconf 88' lang='lat' dir='ltr'><strong>novissima</strong></span> <span class='ocrx_word' id='word_1_402' title='bbox 946 3077 1171 3160; x_wconf 14' lang='lat' dir='ltr'><strong>die’per</strong></span> <span class='ocrx_word' id='word_1_403' title='bbox 1209 3105 1393 3146; x_wconf 88' lang='lat' dir='ltr'><strong>vocem</strong></span> <span class='ocrx_word' id='word_1_404' title='bbox 1437 3094 1823 3165; x_wconf 66' lang='lat' dir='ltr'><strong>archangelicze</strong></span> <span class='ocrx_word' id='word_1_405' title='bbox 1864 3097 2002 3151; x_wconf 65' lang='lat'><strong>1111):!)</strong></span> <span class='ocrx_word' id='word_1_406' title='bbox 2031 3112 2113 3152; x_wconf 89' lang='lat' dir='ltr'><strong>re-</strong></span> <span class='ocrx_word' id='word_1_407' title='bbox 2215 3094 2457 3151; x_wconf 85' lang='lat' dir='ltr'><strong>claritate</strong></span> <span class='ocrx_word' id='word_1_408' title='bbox 2495 3100 2674 3148; x_wconf 88' lang='lat' dir='ltr'><strong>creata</strong></span> <span class='ocrx_word' id='word_1_409' title='bbox 2710 3090 3011 3147; x_wconf 89' lang='lat' dir='ltr'><strong>sublimior.</strong></span> <span class='ocrx_word' id='word_1_410' title='bbox 3045 3090 3197 3147; x_wconf 88' lang='lat' dir='ltr'><strong>Hunc</strong></span> <span class='ocrx_word' id='word_1_411' title='bbox 3232 3090 3393 3159; x_wconf 86' lang='lat' dir='ltr'><strong>igitur</strong></span> <span class='ocrx_word' id='word_1_412' title='bbox 3437 3091 3631 3146; x_wconf 80' lang='lat' dir='ltr'><strong>eadem</strong></span> <span class='ocrx_word' id='word_1_413' title='bbox 3674 3105 3791 3147; x_wconf 79' lang='lat' dir='ltr'><strong>san-</strong></span> 
     </span>
    </p>
   </div>
   <div class='ocr_carea' id='block_1_57' title="bbox 539 3176 3784 3255">
    <p class='ocr_par' dir='ltr' id='par_1_57' title="bbox 539 3176 3784 3255">
     <span class='ocr_line' id='line_1_57' title="bbox 539 3176 3784 3255; baseline 0.002 -25"><span class='ocrx_word' id='word_1_414' title='bbox 539 3176 954 3244; x_wconf 87' lang='lat' dir='ltr'><strong>surrectionem,</strong></span> <span class='ocrx_word' id='word_1_415' title='bbox 1003 3188 1058 3235; x_wconf 92' lang='lat' dir='ltr'><strong>et</strong></span> <span class='ocrx_word' id='word_1_416' title='bbox 1095 3195 1317 3250; x_wconf 91' lang='lat' dir='ltr'><strong>operum</strong></span> <span class='ocrx_word' id='word_1_417' title='bbox 1363 3197 1393 3235; x_wconf 88' lang='lat' dir='ltr'><strong>a</strong></span> <span class='ocrx_word' id='word_1_418' title='bbox 1441 3183 1596 3238; x_wconf 90' lang='lat' dir='ltr'><strong>nobis</strong></span> <span class='ocrx_word' id='word_1_419' title='bbox 1646 3187 1778 3238; x_wconf 85' lang='lat' dir='ltr'><strong>bene</strong></span> <span class='ocrx_word' id='word_1_420' title='bbox 1825 3185 1909 3240; x_wconf 84' lang='lat' dir='ltr'><strong>vel</strong></span> <span class='ocrx_word' id='word_1_421' title='bbox 1955 3186 2182 3255; x_wconf 60' lang='lat' dir='ltr'><strong>alitern</strong></span> <span class='ocrx_word' id='word_1_422' title='bbox 2214 3196 2296 3242; x_wconf 89' lang='lat' dir='ltr'><strong>cta</strong></span> <span class='ocrx_word' id='word_1_423' title='bbox 2340 3189 2690 3242; x_wconf 90' lang='lat' dir='ltr'><strong>ducentorum</strong></span> <span class='ocrx_word' id='word_1_424' title='bbox 2750 3184 2973 3239; x_wconf 89' lang='lat' dir='ltr'><strong>Patrum</strong></span> <span class='ocrx_word' id='word_1_425' title='bbox 3020 3183 3256 3255; x_wconf 83' lang='lat' dir='ltr'><strong>synodus</strong></span> <span class='ocrx_word' id='word_1_426' title='bbox 3295 3182 3784 3250; x_wconf 81' lang='lat' dir='ltr'><strong>anathematizavit,</strong></span> 
     </span>
    </p>
   </div>
   <div class='ocr_carea' id='block_1_58' title="bbox 539 3266 3782 3347">
    <p class='ocr_par' dir='ltr' id='par_1_58' title="bbox 539 3266 3782 3347">
     <span class='ocr_line' id='line_1_58' title="bbox 539 3266 3782 3347; baseline 0.004 -27"><span class='ocrx_word' id='word_1_427' title='bbox 539 3274 834 3335; x_wconf 86' lang='lat' dir='ltr'><strong>gestorum,</strong></span> <span class='ocrx_word' id='word_1_428' title='bbox 860 3267 1003 3336; x_wconf 91' lang='lat' dir='ltr'><strong>juste</strong></span> <span class='ocrx_word' id='word_1_429' title='bbox 1042 3266 1256 3325; x_wconf 88' lang='lat' dir='ltr'><strong>Christo</strong></span> <span class='ocrx_word' id='word_1_430' title='bbox 1295 3272 1405 3326; x_wconf 90' lang='lat' dir='ltr'><strong>Deo</strong></span> <span class='ocrx_word' id='word_1_431' title='bbox 1431 3282 1615 3328; x_wconf 91' lang='lat' dir='ltr'><strong>nostro</strong></span> <span class='ocrx_word' id='word_1_432' title='bbox 1637 3273 1930 3344; x_wconf 88' lang='lat' dir='ltr'><strong>judicante,</strong></span> <span class='ocrx_word' id='word_1_433' title='bbox 1956 3280 2111 3335; x_wconf 86' lang='lat' dir='ltr'><strong>retri-</strong></span> <span class='ocrx_word' id='word_1_434' title='bbox 2138 3266 2184 3297; x_wconf 58' lang='lat' dir='ltr'><strong>u</strong></span> <span class='ocrx_word' id='word_1_435' title='bbox 2214 3294 2318 3335; x_wconf 89' lang='lat' dir='ltr'><strong>una</strong></span> <span class='ocrx_word' id='word_1_436' title='bbox 2372 3293 2492 3334; x_wconf 89' lang='lat' dir='ltr'><strong>cum</strong></span> <span class='ocrx_word' id='word_1_437' title='bbox 2542 3279 2777 3333; x_wconf 89' lang='lat' dir='ltr'><strong>animam</strong></span> <span class='ocrx_word' id='word_1_438' title='bbox 2823 3277 3142 3332; x_wconf 80' lang='lat' dir='ltr'><strong>laedentibus</strong></span> <span class='ocrx_word' id='word_1_439' title='bbox 3206 3276 3582 3332; x_wconf 88' lang='lat' dir='ltr'><strong>deliramentis</strong></span> <span class='ocrx_word' id='word_1_440' title='bbox 3642 3279 3782 3347; x_wconf 85' lang='lat' dir='ltr'><strong>ejus;</strong></span> 
     </span>
    </p>
   </div>
   <div class='ocr_carea' id='block_1_59' title="bbox 536 3353 3786 3435">
    <p class='ocr_par' dir='ltr' id='par_1_59' title="bbox 536 3353 3786 3435">
     <span class='ocr_line' id='line_1_59' title="bbox 536 3353 3786 3435; baseline 0.005 -25"><span class='ocrx_word' id='word_1_441' title='bbox 536 3353 833 3425; x_wconf 87' lang='lat' dir='ltr'><strong>butionem,</strong></span> <span class='ocrx_word' id='word_1_442' title='bbox 878 3368 933 3415; x_wconf 82' lang='lat' dir='ltr'><strong>et</strong></span> <span class='ocrx_word' id='word_1_443' title='bbox 970 3360 1025 3415; x_wconf 90' lang='lat' dir='ltr'><strong>in</strong></span> <span class='ocrx_word' id='word_1_444' title='bbox 1055 3359 1234 3417; x_wconf 78' lang='lat' dir='ltr'><strong>futuro</strong></span> <span class='ocrx_word' id='word_1_445' title='bbox 1258 3371 1515 3419; x_wconf 67' lang='lat' dir='ltr'><strong>mternam</strong></span> <span class='ocrx_word' id='word_1_446' title='bbox 1546 3366 1709 3420; x_wconf 82' lang='lat' dir='ltr'><strong>vitam</strong></span> <span class='ocrx_word' id='word_1_447' title='bbox 1739 3377 1793 3423; x_wconf 89' lang='lat' dir='ltr'><strong>et</strong></span> <span class='ocrx_word' id='word_1_448' title='bbox 1822 3358 2108 3428; x_wconf 72' lang='lat' dir='ltr'><strong>terminum</strong></span> <span class='ocrx_word' id='word_1_449' title='bbox 2208 3388 2373 3428; x_wconf 90' lang='lat' dir='ltr'><strong>unum</strong></span> <span class='ocrx_word' id='word_1_450' title='bbox 2396 3371 2588 3426; x_wconf 86' lang='lat' dir='ltr'><strong>Filium</strong></span> <span class='ocrx_word' id='word_1_451' title='bbox 2616 3387 2683 3426; x_wconf 84' lang='lat' dir='ltr'><strong>ex</strong></span> <span class='ocrx_word' id='word_1_452' title='bbox 2718 3370 2878 3425; x_wconf 87' lang='lat' dir='ltr'><strong>Patre</strong></span> <span class='ocrx_word' id='word_1_453' title='bbox 2907 3378 3032 3425; x_wconf 86' lang='lat' dir='ltr'><strong>ante</strong></span> <span class='ocrx_word' id='word_1_454' title='bbox 3051 3366 3242 3425; x_wconf 74' lang='lat' dir='ltr'><strong>saecula</strong></span> <span class='ocrx_word' id='word_1_455' title='bbox 3264 3367 3524 3435; x_wconf 79' lang='lat' dir='ltr'><strong>illuxisse,</strong></span> <span class='ocrx_word' id='word_1_456' title='bbox 3556 3377 3612 3424; x_wconf 89' lang='lat' dir='ltr'><strong>et</strong></span> <span class='ocrx_word' id='word_1_457' title='bbox 3638 3384 3786 3425; x_wconf 59' lang='lat' dir='ltr'><strong>eum.</strong></span> 
     </span>
    </p>
   </div>
   <div class='ocr_carea' id='block_1_60' title="bbox 534 3451 984 3508">
    <p class='ocr_par' dir='ltr' id='par_1_60' title="bbox 534 3451 984 3508">
     <span class='ocr_line' id='line_1_60' title="bbox 534 3451 984 3508; baseline 0.011 -6"><span class='ocrx_word' id='word_1_458' title='bbox 534 3461 642 3504; x_wconf 85' lang='lat' dir='ltr'><strong>nen</strong></span> <span class='ocrx_word' id='word_1_459' title='bbox 674 3451 984 3508; x_wconf 90' lang='lat' dir='ltr'><strong>habentem.</strong></span> 
     </span>
    </p>
   </div>
   <div class='ocr_carea' id='block_1_61' title="bbox 543 3537 2104 3625">
    <p class='ocr_par' dir='ltr' id='par_1_61' title="bbox 543 3537 2104 3625">
     <span class='ocr_line' id='line_1_61' title="bbox 543 3537 2104 3625; baseline 0.008 -31"><span class='ocrx_word' id='word_1_460' title='bbox 543 3617 551 3625; x_wconf 15' lang='grc' dir='ltr'>ἡ</span> <span class='ocrx_word' id='word_1_461' title='bbox 608 3537 943 3612; x_wconf 89' lang='lat' dir='ltr'><strong>Suscipimus</strong></span> <span class='ocrx_word' id='word_1_462' title='bbox 972 3552 1170 3612; x_wconf 91' lang='lat' dir='ltr'><strong>autem,</strong></span> <span class='ocrx_word' id='word_1_463' title='bbox 1211 3555 1265 3602; x_wconf 92' lang='lat' dir='ltr'><strong>et</strong></span> <span class='ocrx_word' id='word_1_464' title='bbox 1299 3546 1596 3616; x_wconf 89' lang='lat' dir='ltr'><strong>ﬁrmamus,</strong></span> <span class='ocrx_word' id='word_1_465' title='bbox 1628 3557 1682 3605; x_wconf 92' lang='lat' dir='ltr'><strong>et</strong></span> <span class='ocrx_word' id='word_1_466' title='bbox 1711 3549 1962 3606; x_wconf 88' lang='lat' dir='ltr'><strong>alacriter</strong></span> <span class='ocrx_word' id='word_1_467' title='bbox 1986 3569 2104 3607; x_wconf 89' lang='lat' dir='ltr'><strong>am-</strong></span> 
     </span>
    </p>
   </div>
   <div class='ocr_carea' id='block_1_62' title="bbox 531 3634 2106 3716">
    <p class='ocr_par' dir='ltr' id='par_1_62' title="bbox 531 3634 2106 3716">
     <span class='ocr_line' id='line_1_62' title="bbox 531 3634 2106 3716; baseline 0.008 -28"><span class='ocrx_word' id='word_1_468' title='bbox 531 3634 817 3705; x_wconf 90' lang='lat' dir='ltr'><strong>plectimur</strong></span> <span class='ocrx_word' id='word_1_469' title='bbox 862 3647 1075 3693; x_wconf 86' lang='lat' dir='ltr'><strong>sanctas</strong></span> <span class='ocrx_word' id='word_1_470' title='bbox 1103 3648 1157 3693; x_wconf 92' lang='lat' dir='ltr'><strong>et</strong></span> <span class='ocrx_word' id='word_1_471' title='bbox 1187 3640 1518 3697; x_wconf 86' lang='lat' dir='ltr'><strong>universales</strong></span> <span class='ocrx_word' id='word_1_472' title='bbox 1561 3658 1651 3698; x_wconf 84' lang='lat' dir='ltr'><strong>sex</strong></span> <span class='ocrx_word' id='word_1_473' title='bbox 1685 3646 1934 3716; x_wconf 86' lang='lat' dir='ltr'><strong>synodos,</strong></span> <span class='ocrx_word' id='word_1_474' title='bbox 1986 3660 2106 3714; x_wconf 59' lang='lat' dir='ltr'><strong>quae</strong></span> 
     </span>
    </p>
   </div>
   <div class='ocr_carea' id='block_1_63' title="bbox 531 3723 2104 3806">
    <p class='ocr_par' dir='ltr' id='par_1_63' title="bbox 531 3723 2104 3806">
     <span class='ocr_line' id='line_1_63' title="bbox 531 3723 2104 3806; baseline 0.01 -30"><span class='ocrx_word' id='word_1_475' title='bbox 531 3737 632 3793; x_wconf 84' lang='lat' dir='ltr'><strong>per</strong></span> <span class='ocrx_word' id='word_1_476' title='bbox 670 3723 927 3793; x_wconf 90' lang='lat' dir='ltr'><strong>Spiritum</strong></span> <span class='ocrx_word' id='word_1_477' title='bbox 975 3736 1219 3782; x_wconf 90' lang='lat' dir='ltr'><strong>sanctum</strong></span> <span class='ocrx_word' id='word_1_478' title='bbox 1264 3738 1454 3783; x_wconf 89' lang='lat' dir='ltr'><strong>contra</strong></span> <span class='ocrx_word' id='word_1_479' title='bbox 1509 3745 1721 3787; x_wconf 91' lang='lat' dir='ltr'><strong>omnem</strong></span> <span class='ocrx_word' id='word_1_480' title='bbox 1769 3744 2104 3806; x_wconf 70' lang='lat' dir='ltr'><strong>congregatae</strong></span> 
     </span>
    </p>
   </div>
   <div class='ocr_carea' id='block_1_64' title="bbox 531 3813 2100 3895">
    <p class='ocr_par' dir='ltr' id='par_1_64' title="bbox 531 3813 2100 3895">
     <span class='ocr_line' id='line_1_64' title="bbox 531 3813 2100 3895; baseline 0.009 -27"><span class='ocrx_word' id='word_1_481' title='bbox 531 3822 658 3868; x_wconf 86' lang='lat' dir='ltr'><strong>sunt</strong></span> <span class='ocrx_word' id='word_1_482' title='bbox 707 3813 951 3871; x_wconf 60' lang='lat' dir='ltr'><strong>haresim</strong></span> <span class='ocrx_word' id='word_1_483' title='bbox 998 3817 1052 3873; x_wconf 90' lang='lat' dir='ltr'><strong>in</strong></span> <span class='ocrx_word' id='word_1_484' title='bbox 1101 3819 1327 3875; x_wconf 83' lang='lat' dir='ltr'><strong>diversis</strong></span> <span class='ocrx_word' id='word_1_485' title='bbox 1375 3820 1507 3877; x_wconf 81' lang='lat' dir='ltr'><strong>locis</strong></span> <span class='ocrx_word' id='word_1_486' title='bbox 1537 3834 1698 3894; x_wconf 88' lang='lat' dir='ltr'><strong>atque</strong></span> <span class='ocrx_word' id='word_1_487' title='bbox 1749 3827 2100 3895; x_wconf 89' lang='lat' dir='ltr'><strong>temporibus,</strong></span> 
     </span>
    </p>
   </div>
   <div class='ocr_carea' id='block_1_65' title="bbox 530 3906 2101 3974">
    <p class='ocr_par' dir='ltr' id='par_1_65' title="bbox 530 3906 2101 3974">
     <span class='ocr_line' id='line_1_65' title="bbox 530 3906 2101 3974; baseline 0.011 -18"><span class='ocrx_word' id='word_1_488' title='bbox 530 3916 668 3974; x_wconf 82' lang='lat' dir='ltr'><strong>quas</strong></span> <span class='ocrx_word' id='word_1_489' title='bbox 724 3906 988 3963; x_wconf 69' lang='lat' dir='ltr'><strong>universae</strong></span> <span class='ocrx_word' id='word_1_490' title='bbox 1038 3908 1139 3965; x_wconf 91' lang='lat' dir='ltr'><strong>sub</strong></span> <span class='ocrx_word' id='word_1_491' title='bbox 1201 3910 1314 3966; x_wconf 91' lang='lat' dir='ltr'><strong>sole</strong></span> <span class='ocrx_word' id='word_1_492' title='bbox 1365 3914 1788 3970; x_wconf 84' lang='lat' dir='ltr'><strong>ortliodoxorum</strong></span> <span class='ocrx_word' id='word_1_493' title='bbox 1848 3917 2101 3974; x_wconf 73' lang='lat' dir='ltr'><strong>Ecclesia:</strong></span> 
     </span>
    </p>
   </div>
   <div class='ocr_carea' id='block_1_66' title="bbox 530 4000 2101 4077">
    <p class='ocr_par' dir='ltr' id='par_1_66' title="bbox 530 4000 2101 4077">
     <span class='ocr_line' id='line_1_66' title="bbox 530 4000 2101 4077; baseline 0.007 -26"><span class='ocrx_word' id='word_1_494' title='bbox 530 4009 722 4066; x_wconf 78' lang='lat' dir='ltr'><strong>magna</strong></span> <span class='ocrx_word' id='word_1_495' title='bbox 751 4012 881 4053; x_wconf 88' lang='lat' dir='ltr'><strong>voce</strong></span> <span class='ocrx_word' id='word_1_496' title='bbox 920 4000 1299 4069; x_wconf 68' lang='lat' dir='ltr'><strong>prmdicantes,</strong></span> <span class='ocrx_word' id='word_1_497' title='bbox 1341 4005 1502 4060; x_wconf 89' lang='lat' dir='ltr'><strong>rectis</strong></span> <span class='ocrx_word' id='word_1_498' title='bbox 1547 4021 1610 4061; x_wconf 89' lang='lat' dir='ltr'><strong>ac</strong></span> <span class='ocrx_word' id='word_1_499' title='bbox 1652 4006 1904 4062; x_wconf 92' lang='lat' dir='ltr'><strong>divinitus</strong></span> <span class='ocrx_word' id='word_1_500' title='bbox 1936 4008 2101 4077; x_wconf 59' lang='lat' dir='ltr'><strong>inspi-</strong></span> 
     </span>
    </p>
   </div>
   <div class='ocr_carea' id='block_1_67' title="bbox 2207 3453 3786 3532">
    <p class='ocr_par' dir='ltr' id='par_1_67' title="bbox 2207 3453 3786 3532">
     <span class='ocr_line' id='line_1_67' title="bbox 2207 3453 3786 3532; baseline -0.003 -11"><span class='ocrx_word' id='word_1_501' title='bbox 2207 3466 2327 3521; x_wconf 89' lang='lat' dir='ltr'><strong>dem</strong></span> <span class='ocrx_word' id='word_1_502' title='bbox 2353 3467 2406 3521; x_wconf 91' lang='lat' dir='ltr'><strong>in</strong></span> <span class='ocrx_word' id='word_1_503' title='bbox 2439 3453 2749 3519; x_wconf 76' lang='lat' dir='ltr'><strong>novissimis</strong></span> <span class='ocrx_word' id='word_1_504' title='bbox 2772 3462 2962 3519; x_wconf 90' lang='lat' dir='ltr'><strong>diebus</strong></span> <span class='ocrx_word' id='word_1_505' title='bbox 2987 3464 3055 3518; x_wconf 91' lang='lat' dir='ltr'><strong>de</strong></span> <span class='ocrx_word' id='word_1_506' title='bbox 3081 3462 3401 3517; x_wconf 88' lang='lat' dir='ltr'><strong>intemerata</strong></span> <span class='ocrx_word' id='word_1_507' title='bbox 3460 3459 3681 3532; x_wconf 81' lang='lat' dir='ltr'><strong>Virgine</strong></span> <span class='ocrx_word' id='word_1_508' title='bbox 3724 3474 3786 3517; x_wconf 78' lang='lat' dir='ltr'><strong>ac</strong></span> 
     </span>
    </p>
   </div>
   <div class='ocr_carea' id='block_1_68' title="bbox 2207 3554 3783 3625">
    <p class='ocr_par' dir='ltr' id='par_1_68' title="bbox 2207 3554 3783 3625">
     <span class='ocr_line' id='line_1_68' title="bbox 2207 3554 3783 3625; baseline -0.002 -13"><span class='ocrx_word' id='word_1_509' title='bbox 2207 3557 2303 3612; x_wconf 89' lang='lat' dir='ltr'><strong>Dei</strong></span> <span class='ocrx_word' id='word_1_510' title='bbox 2326 3556 2585 3625; x_wconf 87' lang='lat' dir='ltr'><strong>genitrice</strong></span> <span class='ocrx_word' id='word_1_511' title='bbox 2612 3554 2777 3610; x_wconf 89' lang='lat' dir='ltr'><strong>Maria</strong></span> <span class='ocrx_word' id='word_1_512' title='bbox 2811 3563 2993 3610; x_wconf 90' lang='lat' dir='ltr'><strong>natum</strong></span> <span class='ocrx_word' id='word_1_513' title='bbox 3037 3554 3223 3620; x_wconf 89' lang='lat' dir='ltr'><strong>fuisse,</strong></span> <span class='ocrx_word' id='word_1_514' title='bbox 3252 3562 3499 3609; x_wconf 88' lang='lat' dir='ltr'><strong>naturam</strong></span> <span class='ocrx_word' id='word_1_515' title='bbox 3548 3563 3783 3610; x_wconf 81' lang='lat' dir='ltr'><strong>nostram</strong></span> 
     </span>
    </p>
   </div>
   <div class='ocr_carea' id='block_1_69' title="bbox 2205 3643 3782 3714">
    <p class='ocr_par' dir='ltr' id='par_1_69' title="bbox 2205 3643 3782 3714">
     <span class='ocr_line' id='line_1_69' title="bbox 2205 3643 3782 3714; baseline -0.001 -13"><span class='ocrx_word' id='word_1_516' title='bbox 2205 3647 2448 3702; x_wconf 89' lang='lat' dir='ltr'><strong>indutum</strong></span> <span class='ocrx_word' id='word_1_517' title='bbox 2473 3646 2726 3710; x_wconf 91' lang='lat' dir='ltr'><strong>edocens,</strong></span> <span class='ocrx_word' id='word_1_518' title='bbox 2756 3654 2811 3700; x_wconf 91' lang='lat' dir='ltr'><strong>et</strong></span> <span class='ocrx_word' id='word_1_519' title='bbox 2849 3645 3017 3700; x_wconf 90' lang='lat' dir='ltr'><strong>Deum</strong></span> <span class='ocrx_word' id='word_1_520' title='bbox 3076 3643 3371 3714; x_wconf 88' lang='lat' dir='ltr'><strong>perfectum</strong></span> <span class='ocrx_word' id='word_1_521' title='bbox 3410 3652 3467 3697; x_wconf 93' lang='lat' dir='ltr'><strong>et</strong></span> <span class='ocrx_word' id='word_1_522' title='bbox 3510 3643 3782 3699; x_wconf 83' lang='lat' dir='ltr'><strong>hominem</strong></span> 
     </span>
    </p>
   </div>
   <div class='ocr_carea' id='block_1_70' title="bbox 2202 3731 3780 3810">
    <p class='ocr_par' dir='ltr' id='par_1_70' title="bbox 2202 3731 3780 3810">
     <span class='ocr_line' id='line_1_70' title="bbox 2202 3731 3780 3810; baseline -0.003 -16"><span class='ocrx_word' id='word_1_523' title='bbox 2202 3736 2498 3810; x_wconf 89' lang='lat' dir='ltr'><strong>perfectum</strong></span> <span class='ocrx_word' id='word_1_524' title='bbox 2542 3737 2789 3791; x_wconf 89' lang='lat' dir='ltr'><strong>eumdem</strong></span> <span class='ocrx_word' id='word_1_525' title='bbox 2841 3734 3037 3790; x_wconf 88' lang='lat' dir='ltr'><strong>Filium</strong></span> <span class='ocrx_word' id='word_1_526' title='bbox 3085 3733 3179 3789; x_wconf 91' lang='lat' dir='ltr'><strong>Dei</strong></span> <span class='ocrx_word' id='word_1_527' title='bbox 3231 3731 3576 3798; x_wconf 86' lang='lat' dir='ltr'><strong>denuntians,</strong></span> <span class='ocrx_word' id='word_1_528' title='bbox 3607 3732 3661 3787; x_wconf 92' lang='lat' dir='ltr'><strong>id</strong></span> <span class='ocrx_word' id='word_1_529' title='bbox 3682 3739 3780 3797; x_wconf 78' lang='lat' dir='ltr'><strong>est,</strong></span> 
     </span>
    </p>
   </div>
   <div class='ocr_carea' id='block_1_71' title="bbox 2201 3824 3779 3890">
    <p class='ocr_par' dir='ltr' id='par_1_71' title="bbox 2201 3824 3779 3890">
     <span class='ocr_line' id='line_1_71' title="bbox 2201 3824 3779 3890; baseline -0.004 -5"><span class='ocrx_word' id='word_1_530' title='bbox 2201 3847 2367 3886; x_wconf 91' lang='lat' dir='ltr'><strong>unum</strong></span> <span class='ocrx_word' id='word_1_531' title='bbox 2406 3829 2602 3884; x_wconf 87' lang='lat' dir='ltr'><strong>Filium</strong></span> <span class='ocrx_word' id='word_1_532' title='bbox 2632 3838 2687 3883; x_wconf 93' lang='lat' dir='ltr'><strong>et</strong></span> <span class='ocrx_word' id='word_1_533' title='bbox 2715 3828 2988 3884; x_wconf 88' lang='lat' dir='ltr'><strong>Christum</strong></span> <span class='ocrx_word' id='word_1_534' title='bbox 3019 3834 3072 3882; x_wconf 91' lang='lat' dir='ltr'><strong>et</strong></span> <span class='ocrx_word' id='word_1_535' title='bbox 3100 3825 3405 3890; x_wconf 88' lang='lat' dir='ltr'><strong>Dominum,</strong></span> <span class='ocrx_word' id='word_1_536' title='bbox 3435 3832 3492 3881; x_wconf 91' lang='lat' dir='ltr'><strong>et</strong></span> <span class='ocrx_word' id='word_1_537' title='bbox 3539 3824 3779 3880; x_wconf 82' lang='lat' dir='ltr'><strong>absolute</strong></span> 
     </span>
    </p>
   </div>
   <div class='ocr_carea' id='block_1_72' title="bbox 2200 3913 3774 3986">
    <p class='ocr_par' dir='ltr' id='par_1_72' title="bbox 2200 3913 3774 3986">
     <span class='ocr_line' id='line_1_72' title="bbox 2200 3913 3774 3986; baseline -0.005 -11"><span class='ocrx_word' id='word_1_538' title='bbox 2200 3936 2359 3975; x_wconf 91' lang='lat' dir='ltr'><strong>unam</strong></span> <span class='ocrx_word' id='word_1_539' title='bbox 2388 3930 2633 3975; x_wconf 87' lang='lat' dir='ltr'><strong>naturam</strong></span> <span class='ocrx_word' id='word_1_540' title='bbox 2679 3920 2773 3975; x_wconf 93' lang='lat' dir='ltr'><strong>Dei</strong></span> <span class='ocrx_word' id='word_1_541' title='bbox 2808 3918 2967 3974; x_wconf 89' lang='lat' dir='ltr'><strong>Verbi</strong></span> <span class='ocrx_word' id='word_1_542' title='bbox 2996 3917 3330 3974; x_wconf 81' lang='lat' dir='ltr'><strong>incarnatam</strong></span> <span class='ocrx_word' id='word_1_543' title='bbox 3361 3929 3376 3968; x_wconf 91' lang='lat'><strong>:</strong></span> <span class='ocrx_word' id='word_1_544' title='bbox 3432 3915 3583 3985; x_wconf 90' lang='lat' dir='ltr'><strong>quod</strong></span> <span class='ocrx_word' id='word_1_545' title='bbox 3609 3913 3774 3986; x_wconf 86' lang='lat' dir='ltr'><strong>signi-</strong></span> 
     </span>
    </p>
   </div>
   <div class='ocr_carea' id='block_1_73' title="bbox 2199 4002 3779 4074">
    <p class='ocr_par' dir='ltr' id='par_1_73' title="bbox 2199 4002 3779 4074">
     <span class='ocr_line' id='line_1_73' title="bbox 2199 4002 3779 4074; baseline -0.006 -7"><span class='ocrx_word' id='word_1_546' title='bbox 2199 4010 2326 4067; x_wconf 83' lang='lat' dir='ltr'><strong>ﬁeat</strong></span> <span class='ocrx_word' id='word_1_547' title='bbox 2351 4012 2576 4066; x_wconf 89' lang='lat' dir='ltr'><strong>duarum</strong></span> <span class='ocrx_word' id='word_1_548' title='bbox 2601 4017 2917 4064; x_wconf 89' lang='lat' dir='ltr'><strong>naturarum</strong></span> <span class='ocrx_word' id='word_1_549' title='bbox 2962 4006 3274 4071; x_wconf 85' lang='lat' dir='ltr'><strong>unitionem,</strong></span> <span class='ocrx_word' id='word_1_550' title='bbox 3304 4018 3424 4074; x_wconf 70' lang='lat' dir='ltr'><strong>qua:</strong></span> <span class='ocrx_word' id='word_1_551' title='bbox 3471 4018 3573 4074; x_wconf 86' lang='lat' dir='ltr'><strong>per</strong></span> <span class='ocrx_word' id='word_1_552' title='bbox 3611 4002 3779 4059; x_wconf 79' lang='lat' dir='ltr'><strong>subsi-</strong></span> 
     </span>
    </p>
   </div>
   <div class='ocr_carea' id='block_1_74' title="bbox 528 4086 3776 4170">
    <p class='ocr_par' dir='ltr' id='par_1_74' title="bbox 528 4086 3776 4170">
     <span class='ocr_line' id='line_1_74' title="bbox 528 4086 3776 4170; baseline 0.004 -29"><span class='ocrx_word' id='word_1_553' title='bbox 528 4086 664 4141; x_wconf 86' lang='lat' dir='ltr'><strong>ratis</strong></span> <span class='ocrx_word' id='word_1_554' title='bbox 689 4103 875 4142; x_wconf 88' lang='lat' dir='ltr'><strong>earum</strong></span> <span class='ocrx_word' id='word_1_555' title='bbox 907 4089 1243 4160; x_wconf 84' lang='lat' dir='ltr'><strong>dogmatibus</strong></span> <span class='ocrx_word' id='word_1_556' title='bbox 1273 4092 1588 4161; x_wconf 87' lang='lat' dir='ltr'><strong>fulciuntur,</strong></span> <span class='ocrx_word' id='word_1_557' title='bbox 1614 4099 1935 4168; x_wconf 90' lang='lat' dir='ltr'><strong>recipientes</strong></span> <span class='ocrx_word' id='word_1_558' title='bbox 1962 4115 2098 4170; x_wconf 82' lang='lat' dir='ltr'><strong>quos</strong></span> <span class='ocrx_word' id='word_1_559' title='bbox 2197 4104 2449 4161; x_wconf 82' lang='lat' dir='ltr'><strong>stentiam</strong></span> <span class='ocrx_word' id='word_1_560' title='bbox 2495 4102 2633 4157; x_wconf 88' lang='lat' dir='ltr'><strong>facta</strong></span> <span class='ocrx_word' id='word_1_561' title='bbox 2683 4110 2784 4157; x_wconf 92' lang='lat' dir='ltr'><strong>est.</strong></span> <span class='ocrx_word' id='word_1_562' title='bbox 2818 4100 2910 4156; x_wconf 90' lang='lat' dir='ltr'><strong>Dei</strong></span> <span class='ocrx_word' id='word_1_563' title='bbox 2947 4114 3074 4155; x_wconf 91' lang='lat' dir='ltr'><strong>vero</strong></span> <span class='ocrx_word' id='word_1_564' title='bbox 3115 4098 3442 4155; x_wconf 87' lang='lat' dir='ltr'><strong>Genitricem</strong></span> <span class='ocrx_word' id='word_1_565' title='bbox 3471 4098 3687 4170; x_wconf 88' lang='lat' dir='ltr'><strong>proprie</strong></span> <span class='ocrx_word' id='word_1_566' title='bbox 3713 4111 3776 4154; x_wconf 81' lang='lat' dir='ltr'><strong>ac</strong></span> 
     </span>
    </p>
   </div>
   <div class='ocr_carea' id='block_1_75' title="bbox 526 4175 3777 4265">
    <p class='ocr_par' dir='ltr' id='par_1_75' title="bbox 526 4175 3777 4265">
     <span class='ocr_line' id='line_1_75' title="bbox 526 4175 3777 4265; baseline 0.003 -31"><span class='ocrx_word' id='word_1_567' title='bbox 526 4175 634 4234; x_wconf 72' lang='lat' dir='ltr'><strong>illa:</strong></span> <span class='ocrx_word' id='word_1_568' title='bbox 663 4179 949 4249; x_wconf 85' lang='lat' dir='ltr'><strong>recipiunt,</strong></span> <span class='ocrx_word' id='word_1_569' title='bbox 977 4190 1032 4236; x_wconf 90' lang='lat' dir='ltr'><strong>et</strong></span> <span class='ocrx_word' id='word_1_570' title='bbox 1059 4181 1373 4251; x_wconf 89' lang='lat' dir='ltr'><strong>abjicientes</strong></span> <span class='ocrx_word' id='word_1_571' title='bbox 1390 4200 1524 4255; x_wconf 85' lang='lat' dir='ltr'><strong>quos</strong></span> <span class='ocrx_word' id='word_1_572' title='bbox 1555 4187 1681 4257; x_wconf 78' lang='lat' dir='ltr'><strong>ipsa:</strong></span> <span class='ocrx_word' id='word_1_573' title='bbox 1720 4190 1998 4256; x_wconf 90' lang='lat' dir='ltr'><strong>abjiciunt.</strong></span> <span class='ocrx_word' id='word_1_574' title='bbox 2030 4190 2097 4245; x_wconf 87' lang='lat' dir='ltr'><strong>Et</strong></span> <span class='ocrx_word' id='word_1_575' title='bbox 2193 4210 2293 4265; x_wconf 91' lang='lat' dir='ltr'><strong>per</strong></span> <span class='ocrx_word' id='word_1_576' title='bbox 2338 4193 2616 4249; x_wconf 71' lang='lat' dir='ltr'><strong>veritatem</strong></span> <span class='ocrx_word' id='word_1_577' title='bbox 2666 4202 2906 4248; x_wconf 82' lang='lat' dir='ltr'><strong>sanctam</strong></span> <span class='ocrx_word' id='word_1_578' title='bbox 2972 4190 3196 4245; x_wconf 81' lang='lat' dir='ltr'><strong>Mariam</strong></span> <span class='ocrx_word' id='word_1_579' title='bbox 3228 4189 3494 4245; x_wconf 89' lang='lat' dir='ltr'><strong>nominari</strong></span> <span class='ocrx_word' id='word_1_580' title='bbox 3547 4190 3777 4261; x_wconf 82' lang='lat' dir='ltr'><strong>legitime</strong></span> 
     </span>
    </p>
   </div>
   <div class='ocr_carea' id='block_1_76' title="bbox 523 4268 3773 4358">
    <p class='ocr_par' dir='ltr' id='par_1_76' title="bbox 523 4268 3773 4358">
     <span class='ocr_line' id='line_1_76' title="bbox 523 4268 3773 4358; baseline 0.004 -37"><span class='ocrx_word' id='word_1_581' title='bbox 523 4268 700 4358; x_wconf 81' lang='lat' dir='ltr'><strong>prima</strong></span> <span class='ocrx_word' id='word_1_582' title='bbox 730 4270 942 4340; x_wconf 84' lang='lat' dir='ltr'><strong>quidem</strong></span> <span class='ocrx_word' id='word_1_583' title='bbox 975 4273 1116 4342; x_wconf 89' lang='lat' dir='ltr'><strong>apud</strong></span> <span class='ocrx_word' id='word_1_584' title='bbox 1158 4273 1390 4331; x_wconf 79' lang='lat' dir='ltr'><strong>Nicaeam</strong></span> <span class='ocrx_word' id='word_1_585' title='bbox 1422 4277 1690 4350; x_wconf 75' lang='lat' dir='ltr'><strong>celebrata</strong></span> <span class='ocrx_word' id='word_1_586' title='bbox 1731 4290 2093 4338; x_wconf 85' lang='lat' dir='ltr'><strong>trecentorum</strong></span> <span class='ocrx_word' id='word_1_587' title='bbox 2192 4288 2401 4345; x_wconf 89' lang='lat' dir='ltr'><strong>statuit.</strong></span> <span class='ocrx_word' id='word_1_588' title='bbox 2426 4286 2887 4358; x_wconf 89' lang='lat' dir='ltr'><strong>Opportunissime</strong></span> <span class='ocrx_word' id='word_1_589' title='bbox 2915 4292 3095 4340; x_wconf 89' lang='lat' dir='ltr'><strong>autem</strong></span> <span class='ocrx_word' id='word_1_590' title='bbox 3138 4282 3477 4339; x_wconf 87' lang='lat' dir='ltr'><strong>Chalcedone</strong></span> <span class='ocrx_word' id='word_1_591' title='bbox 3522 4283 3773 4338; x_wconf 88' lang='lat' dir='ltr'><strong>divinitus</strong></span> 
     </span>
    </p>
   </div>
   <div class='ocr_carea' id='block_1_77' title="bbox 524 4357 3774 4446">
    <p class='ocr_par' dir='ltr' id='par_1_77' title="bbox 524 4357 3774 4446">
     <span class='ocr_line' id='line_1_77' title="bbox 524 4357 3774 4446; baseline 0.004 -30"><span class='ocrx_word' id='word_1_592' title='bbox 524 4357 707 4433; x_wconf 76' lang='lat' dir='ltr'><strong>decem</strong></span> <span class='ocrx_word' id='word_1_593' title='bbox 730 4372 785 4416; x_wconf 88' lang='lat' dir='ltr'><strong>et</strong></span> <span class='ocrx_word' id='word_1_594' title='bbox 814 4372 936 4418; x_wconf 92' lang='lat' dir='ltr'><strong>octo</strong></span> <span class='ocrx_word' id='word_1_595' title='bbox 961 4370 1269 4421; x_wconf 73' lang='lat' dir='ltr'><strong>Sanctorum</strong></span> <span class='ocrx_word' id='word_1_596' title='bbox 1295 4367 1515 4422; x_wconf 88' lang='lat' dir='ltr'><strong>Patrum</strong></span> <span class='ocrx_word' id='word_1_597' title='bbox 1538 4370 1772 4442; x_wconf 87' lang='lat' dir='ltr'><strong>synodus</strong></span> <span class='ocrx_word' id='word_1_598' title='bbox 1803 4374 1854 4426; x_wconf 89' lang='lat' dir='ltr'><strong>in</strong></span> <span class='ocrx_word' id='word_1_599' title='bbox 1885 4374 2094 4444; x_wconf 88' lang='lat' dir='ltr'><strong>deposi-</strong></span> <span class='ocrx_word' id='word_1_600' title='bbox 2192 4380 2413 4435; x_wconf 87' lang='lat' dir='ltr'><strong>collecta</strong></span> <span class='ocrx_word' id='word_1_601' title='bbox 2436 4357 2551 4435; x_wconf 81' lang='lat' dir='ltr'><strong>orta</strong></span> <span class='ocrx_word' id='word_1_602' title='bbox 2584 4385 2667 4433; x_wconf 90' lang='lat' dir='ltr'><strong>est</strong></span> <span class='ocrx_word' id='word_1_603' title='bbox 2715 4377 2950 4446; x_wconf 79' lang='lat' dir='ltr'><strong>synodus</strong></span> <span class='ocrx_word' id='word_1_604' title='bbox 2976 4383 3348 4431; x_wconf 79' lang='lat' dir='ltr'><strong>sexcentarum</strong></span> <span class='ocrx_word' id='word_1_605' title='bbox 3389 4374 3617 4445; x_wconf 87' lang='lat' dir='ltr'><strong>triginta</strong></span> <span class='ocrx_word' id='word_1_606' title='bbox 3651 4388 3774 4429; x_wconf 65' lang='lat' dir='ltr'><strong>sano</strong></span> 
     </span>
    </p>
   </div>
   <div class='ocr_carea' id='block_1_78' title="bbox 522 4449 3772 4536">
    <p class='ocr_par' dir='ltr' id='par_1_78' title="bbox 522 4449 3772 4536">
     <span class='ocr_line' id='line_1_78' title="bbox 522 4449 3772 4536; baseline 0.005 -30"><span class='ocrx_word' id='word_1_607' title='bbox 522 4449 725 4507; x_wconf 81' lang='lat' dir='ltr'><strong>tionem</strong></span> <span class='ocrx_word' id='word_1_608' title='bbox 754 4451 869 4508; x_wconf 85' lang='lat' dir='ltr'><strong>Arii</strong></span> <span class='ocrx_word' id='word_1_609' title='bbox 900 4469 930 4509; x_wconf 90' lang='lat' dir='ltr'><strong>a</strong></span> <span class='ocrx_word' id='word_1_610' title='bbox 966 4454 1105 4511; x_wconf 89' lang='lat' dir='ltr'><strong>furia</strong></span> <span class='ocrx_word' id='word_1_611' title='bbox 1143 4460 1531 4530; x_wconf 82' lang='lat' dir='ltr'><strong>cognominati,</strong></span> <span class='ocrx_word' id='word_1_612' title='bbox 1575 4471 1630 4516; x_wconf 89' lang='lat' dir='ltr'><strong>et</strong></span> <span class='ocrx_word' id='word_1_613' title='bbox 1670 4464 1838 4534; x_wconf 88' lang='lat' dir='ltr'><strong>ipsius</strong></span> <span class='ocrx_word' id='word_1_614' title='bbox 1883 4468 2092 4522; x_wconf 88' lang='lat' dir='ltr'><strong>animas</strong></span> <span class='ocrx_word' id='word_1_615' title='bbox 2191 4481 2399 4525; x_wconf 88' lang='lat' dir='ltr'><strong>ctorum</strong></span> <span class='ocrx_word' id='word_1_616' title='bbox 2424 4468 2643 4522; x_wconf 89' lang='lat' dir='ltr'><strong>Patrum</strong></span> <span class='ocrx_word' id='word_1_617' title='bbox 2671 4467 2724 4522; x_wconf 89' lang='lat' dir='ltr'><strong>in</strong></span> <span class='ocrx_word' id='word_1_618' title='bbox 2781 4467 3168 4536; x_wconf 90' lang='lat' dir='ltr'><strong>depositionem</strong></span> <span class='ocrx_word' id='word_1_619' title='bbox 3221 4466 3459 4534; x_wconf 67' lang='lat' dir='ltr'><strong>deceptae</strong></span> <span class='ocrx_word' id='word_1_620' title='bbox 3508 4465 3772 4520; x_wconf 64' lang='lat' dir='ltr'><strong>haresces</strong></span> 
     </span>
    </p>
   </div>
   <div class='ocr_carea' id='block_1_79' title="bbox 521 4544 3770 4642">
    <p class='ocr_par' dir='ltr' id='par_1_79' title="bbox 521 4544 3770 4642">
     <span class='ocr_line' id='line_1_79' title="bbox 521 4544 3770 4642; baseline 0.002 -33"><span class='ocrx_word' id='word_1_621' title='bbox 521 4544 976 4642; x_wconf 56' lang='lat' dir='ltr'><strong>forniml’emilfm</strong></span> <span class='ocrx_word' id='word_1_622' title='bbox 1004 4544 1458 4618; x_wconf 63' lang='lat' dir='ltr'><strong>blasphemiarum</strong></span> <span class='ocrx_word' id='word_1_623' title='bbox 1490 4568 1504 4606; x_wconf 74' lang='lat'><strong>=</strong></span> <span class='ocrx_word' id='word_1_624' title='bbox 1537 4567 1693 4621; x_wconf 71' lang='grc' dir='ltr'><strong>(ιιιεειη</strong></span> <span class='ocrx_word' id='word_1_625' title='bbox 1726 4563 1782 4608; x_wconf 60' lang='lat' dir='ltr'><strong>ut</strong></span> <span class='ocrx_word' id='word_1_626' title='bbox 1803 4556 2087 4611; x_wconf 73' lang='grc' dir='ltr'><strong>άίνίεοτθηι</strong></span> <span class='ocrx_word' id='word_1_627' title='bbox 2114 4582 2167 4642; x_wconf 76' lang='grc' dir='ltr'><strong>ι)</strong></span> <span class='ocrx_word' id='word_1_628' title='bbox 2194 4566 2447 4623; x_wconf 86' lang='lat' dir='ltr'><strong>confusas</strong></span> <span class='ocrx_word' id='word_1_629' title='bbox 2466 4564 2664 4620; x_wconf 85' lang='lat' dir='ltr'><strong>Christi</strong></span> <span class='ocrx_word' id='word_1_630' title='bbox 2696 4571 2918 4618; x_wconf 87' lang='lat' dir='ltr'><strong>naturas</strong></span> <span class='ocrx_word' id='word_1_631' title='bbox 2953 4560 3286 4632; x_wconf 90' lang='lat' dir='ltr'><strong>perhibentis</strong></span> <span class='ocrx_word' id='word_1_632' title='bbox 3313 4578 3325 4613; x_wconf 92' lang='lat'><strong>:</strong></span> <span class='ocrx_word' id='word_1_633' title='bbox 3351 4574 3516 4629; x_wconf 87' lang='lat' dir='ltr'><strong>quam</strong></span> <span class='ocrx_word' id='word_1_634' title='bbox 3571 4562 3770 4628; x_wconf 86' lang='lat' dir='ltr'><strong>primus</strong></span> 
     </span>
    </p>
   </div>
   <div class='ocr_carea' id='block_1_80' title="bbox 519 4630 3769 4725">
    <p class='ocr_par' dir='ltr' id='par_1_80' title="bbox 519 4630 3769 4725">
     <span class='ocr_line' id='line_1_80' title="bbox 519 4630 3769 4725; baseline 0.002 -28"><span class='ocrx_word' id='word_1_635' title='bbox 519 4630 789 4725; x_wconf 57' lang='lat' dir='ltr'><strong>insnum&quot;.</strong></span> <span class='ocrx_word' id='word_1_636' title='bbox 817 4643 873 4689; x_wconf 81' lang='lat' dir='ltr'><strong>et</strong></span> <span class='ocrx_word' id='word_1_637' title='bbox 902 4635 1194 4693; x_wconf 79' lang='lat' dir='ltr'><strong>inconl&#39;usae</strong></span> <span class='ocrx_word' id='word_1_638' title='bbox 1235 4641 1520 4697; x_wconf 84' lang='lat' dir='ltr'><strong>incisorem</strong></span> <span class='ocrx_word' id='word_1_639' title='bbox 1550 4645 1785 4712; x_wconf 83' lang='lat' dir='ltr'><strong>deitatis,</strong></span> <span class='ocrx_word' id='word_1_640' title='bbox 1809 4657 1864 4702; x_wconf 85' lang='lat' dir='ltr'><strong>et</strong></span> <span class='ocrx_word' id='word_1_641' title='bbox 1890 4648 2083 4706; x_wconf 82' lang='lat' dir='ltr'><strong>Filium</strong></span> <span class='ocrx_word' id='word_1_642' title='bbox 2114 4630 2161 4642; x_wconf 61' lang='grc'><strong>⁷</strong></span> <span class='ocrx_word' id='word_1_643' title='bbox 2188 4656 2496 4712; x_wconf 87' lang='lat' dir='ltr'><strong>insensatus</strong></span> <span class='ocrx_word' id='word_1_644' title='bbox 2522 4654 2787 4725; x_wconf 77' lang='lat' dir='ltr'><strong>Etllycltes</strong></span> <span class='ocrx_word' id='word_1_645' title='bbox 2846 4667 2913 4708; x_wconf 83' lang='lat' dir='ltr'><strong>ex</strong></span> <span class='ocrx_word' id='word_1_646' title='bbox 2954 4630 3277 4720; x_wconf 61' lang='lat' dir='ltr'><strong>insipientia</strong></span> <span class='ocrx_word' id='word_1_647' title='bbox 3316 4663 3412 4703; x_wconf 90' lang='lat' dir='ltr'><strong>sua</strong></span> <span class='ocrx_word' id='word_1_648' title='bbox 3438 4648 3696 4713; x_wconf 77' lang='lat' dir='ltr'><strong>instituit,</strong></span> <span class='ocrx_word' id='word_1_649' title='bbox 3718 4648 3769 4703; x_wconf 85' lang='lat' dir='ltr'><strong>in</strong></span> 
     </span>
    </p>
   </div>
   <div class='ocr_carea' id='block_1_81' title="bbox 517 4719 3768 4810">
    <p class='ocr_par' dir='ltr' id='par_1_81' title="bbox 517 4719 3768 4810">
     <span class='ocr_line' id='line_1_81' title="bbox 517 4719 3768 4810; baseline 0.007 -33"><span class='ocrx_word' id='word_1_650' title='bbox 517 4719 693 4778; x_wconf 84' lang='lat' dir='ltr'><strong>Patris</strong></span> <span class='ocrx_word' id='word_1_651' title='bbox 719 4734 1023 4781; x_wconf 86' lang='lat' dir='ltr'><strong>creaturam</strong></span> <span class='ocrx_word' id='word_1_652' title='bbox 1053 4729 1268 4798; x_wconf 90' lang='lat' dir='ltr'><strong>garrula</strong></span> <span class='ocrx_word' id='word_1_653' title='bbox 1301 4733 1627 4790; x_wconf 89' lang='lat' dir='ltr'><strong>verbositale</strong></span> <span class='ocrx_word' id='word_1_654' title='bbox 1665 4735 1942 4807; x_wconf 81' lang='lat' dir='ltr'><strong>fatentem,</strong></span> <span class='ocrx_word' id='word_1_655' title='bbox 1987 4755 2087 4810; x_wconf 88' lang='lat' dir='ltr'><strong>per</strong></span> <span class='ocrx_word' id='word_1_656' title='bbox 2190 4764 2297 4804; x_wconf 88' lang='lat' dir='ltr'><strong>uno</strong></span> <span class='ocrx_word' id='word_1_657' title='bbox 2325 4747 2541 4804; x_wconf 88' lang='lat' dir='ltr'><strong>Christo</strong></span> <span class='ocrx_word' id='word_1_658' title='bbox 2595 4719 2728 4801; x_wconf 72' lang='lat' dir='ltr'><strong>(luas</strong></span> <span class='ocrx_word' id='word_1_659' title='bbox 2781 4751 3006 4797; x_wconf 85' lang='lat' dir='ltr'><strong>naturas</strong></span> <span class='ocrx_word' id='word_1_660' title='bbox 3056 4719 3546 4796; x_wconf 69' lang='lat' dir='ltr'><strong>inconvertibilitel&#39;</strong></span> <span class='ocrx_word' id='word_1_661' title='bbox 3591 4741 3768 4796; x_wconf 72' lang='lat' dir='ltr'><strong>unitas</strong></span> 
     </span>
    </p>
   </div>
   <div class='ocr_carea' id='block_1_82' title="bbox 516 4815 2084 4889">
    <p class='ocr_par' dir='ltr' id='par_1_82' title="bbox 516 4815 2084 4889">
     <span class='ocr_line' id='line_1_82' title="bbox 516 4815 2084 4889; baseline 0.014 -22"><span class='ocrx_word' id='word_1_662' title='bbox 516 4827 676 4887; x_wconf 79' lang='lat' dir='ltr'><strong>quem</strong></span> <span class='ocrx_word' id='word_1_663' title='bbox 702 4815 945 4887; x_wconf 89' lang='lat' dir='ltr'><strong>profecto</strong></span> <span class='ocrx_word' id='word_1_664' title='bbox 976 4827 1167 4873; x_wconf 87' lang='lat' dir='ltr'><strong>cuncta</strong></span> <span class='ocrx_word' id='word_1_665' title='bbox 1198 4832 1403 4888; x_wconf 86' lang='lat' dir='ltr'><strong>creata,</strong></span> <span class='ocrx_word' id='word_1_666' title='bbox 1430 4834 1485 4878; x_wconf 91' lang='lat' dir='ltr'><strong>et</strong></span> <span class='ocrx_word' id='word_1_667' title='bbox 1505 4841 1570 4880; x_wconf 86' lang='lat' dir='ltr'><strong>ex</strong></span> <span class='ocrx_word' id='word_1_668' title='bbox 1599 4842 1706 4882; x_wconf 92' lang='lat' dir='ltr'><strong>non</strong></span> <span class='ocrx_word' id='word_1_669' title='bbox 1730 4830 2084 4889; x_wconf 81' lang='lat' dir='ltr'><strong>existentibus</strong></span> 
     </span>
    </p>
   </div>
   <div class='ocr_carea' id='block_1_83' title="bbox 404 4907 2086 4979">
    <p class='ocr_par' dir='ltr' id='par_1_83' title="bbox 404 4907 2086 4979">
     <span class='ocr_line' id='line_1_83' title="bbox 404 4907 2086 4979; baseline 0.014 -23"><span class='ocrx_word' id='word_1_670' title='bbox 404 4912 427 4921; x_wconf 79' lang='lat'><strong><em>&#39;</em></strong></span> <span class='ocrx_word' id='word_1_671' title='bbox 520 4911 578 4958; x_wconf 92' lang='lat' dir='ltr'><strong>ut</strong></span> <span class='ocrx_word' id='word_1_672' title='bbox 603 4915 780 4960; x_wconf 89' lang='lat' dir='ltr'><strong>essent</strong></span> <span class='ocrx_word' id='word_1_673' title='bbox 806 4907 1067 4977; x_wconf 89' lang='lat' dir='ltr'><strong>producta</strong></span> <span class='ocrx_word' id='word_1_674' title='bbox 1096 4918 1238 4975; x_wconf 90' lang='lat' dir='ltr'><strong>sunt,</strong></span> <span class='ocrx_word' id='word_1_675' title='bbox 1263 4914 1738 4971; x_wconf 67' lang='lat' dir='ltr'><strong>anathematizavit</strong></span> <span class='ocrx_word' id='word_1_676' title='bbox 1760 4936 1881 4976; x_wconf 92' lang='lat' dir='ltr'><strong>cum</strong></span> <span class='ocrx_word' id='word_1_677' title='bbox 1908 4924 2086 4979; x_wconf 76' lang='lat' dir='ltr'><strong>omni~</strong></span> 
     </span>
    </p>
   </div>
   <div class='ocr_carea' id='block_1_84' title="bbox 515 4992 2084 5072">
    <p class='ocr_par' dir='ltr' id='par_1_84' title="bbox 515 4992 2084 5072">
     <span class='ocr_line' id='line_1_84' title="bbox 515 4992 2084 5072; baseline 0.013 -23"><span class='ocrx_word' id='word_1_678' title='bbox 515 4992 617 5049; x_wconf 85' lang='lat' dir='ltr'><strong>bus</strong></span> <span class='ocrx_word' id='word_1_679' title='bbox 639 4997 1016 5053; x_wconf 86' lang='lat' dir='ltr'><strong>consentaneis</strong></span> <span class='ocrx_word' id='word_1_680' title='bbox 1055 4997 1190 5067; x_wconf 88' lang='lat' dir='ltr'><strong>ejus,</strong></span> <span class='ocrx_word' id='word_1_681' title='bbox 1229 5009 1284 5055; x_wconf 90' lang='lat' dir='ltr'><strong>et</strong></span> <span class='ocrx_word' id='word_1_682' title='bbox 1320 5003 1565 5072; x_wconf 91' lang='lat' dir='ltr'><strong>procula</strong></span> <span class='ocrx_word' id='word_1_683' title='bbox 1599 5007 1794 5064; x_wconf 88' lang='lat' dir='ltr'><strong>divinis</strong></span> <span class='ocrx_word' id='word_1_684' title='bbox 1830 5014 2084 5070; x_wconf 84' lang='lat' dir='ltr'><strong>sacrariis</strong></span> 
     </span>
    </p>
   </div>
   <div class='ocr_carea' id='block_1_85' title="bbox 513 5084 2091 5158">
    <p class='ocr_par' dir='ltr' id='par_1_85' title="bbox 513 5084 2091 5158">
     <span class='ocr_line' id='line_1_85' title="bbox 513 5084 2091 5158; baseline 0.015 -22"><span class='ocrx_word' id='word_1_685' title='bbox 513 5084 736 5154; x_wconf 88' lang='lat' dir='ltr'><strong>pepulit,</strong></span> <span class='ocrx_word' id='word_1_686' title='bbox 786 5088 1086 5157; x_wconf 75' lang='lat' dir='ltr'><strong>praedicans</strong></span> <span class='ocrx_word' id='word_1_687' title='bbox 1116 5090 1397 5146; x_wconf 84' lang='lat' dir='ltr'><strong>Dominum</strong></span> <span class='ocrx_word' id='word_1_688' title='bbox 1436 5103 1676 5150; x_wconf 90' lang='lat' dir='ltr'><strong>nostrum</strong></span> <span class='ocrx_word' id='word_1_689' title='bbox 1715 5097 1898 5154; x_wconf 85' lang='lat' dir='ltr'><strong>Jesum</strong></span> <span class='ocrx_word' id='word_1_690' title='bbox 1939 5103 2091 5158; x_wconf 86' lang='lat' dir='ltr'><strong>Chri-</strong></span> 
     </span>
    </p>
   </div>
   <div class='ocr_carea' id='block_1_86' title="bbox 513 5177 2088 5250">
    <p class='ocr_par' dir='ltr' id='par_1_86' title="bbox 513 5177 2088 5250">
     <span class='ocr_line' id='line_1_86' title="bbox 513 5177 2088 5250; baseline 0.016 -26"><span class='ocrx_word' id='word_1_691' title='bbox 513 5178 658 5225; x_wconf 92' lang='lat' dir='ltr'><strong>stum</strong></span> <span class='ocrx_word' id='word_1_692' title='bbox 681 5182 807 5228; x_wconf 90' lang='lat' dir='ltr'><strong>ante</strong></span> <span class='ocrx_word' id='word_1_693' title='bbox 831 5177 1011 5231; x_wconf 89' lang='lat' dir='ltr'><strong>omnia</strong></span> <span class='ocrx_word' id='word_1_694' title='bbox 1040 5180 1233 5233; x_wconf 70' lang='lat' dir='ltr'><strong>saacula</strong></span> <span class='ocrx_word' id='word_1_695' title='bbox 1262 5181 1327 5235; x_wconf 90' lang='lat' dir='ltr'><strong>de</strong></span> <span class='ocrx_word' id='word_1_696' title='bbox 1354 5180 1534 5239; x_wconf 90' lang='lat' dir='ltr'><strong>Patris</strong></span> <span class='ocrx_word' id='word_1_697' title='bbox 1560 5188 1858 5243; x_wconf 87' lang='lat' dir='ltr'><strong>substantia</strong></span> <span class='ocrx_word' id='word_1_698' title='bbox 1886 5201 1941 5246; x_wconf 87' lang='lat' dir='ltr'><strong>et</strong></span> <span class='ocrx_word' id='word_1_699' title='bbox 1961 5195 2088 5250; x_wconf 90' lang='lat' dir='ltr'><strong>sub-</strong></span> 
     </span>
    </p>
   </div>
   <div class='ocr_carea' id='block_1_87' title="bbox 494 5261 2088 5345">
    <p class='ocr_par' dir='ltr' id='par_1_87' title="bbox 494 5261 2088 5345">
     <span class='ocr_line' id='line_1_87' title="bbox 494 5261 2088 5345; baseline 0.015 -27"><span class='ocrx_word' id='word_1_700' title='bbox 494 5261 781 5342; x_wconf 82' lang='lat' dir='ltr'><strong>_sistentia,</strong></span> <span class='ocrx_word' id='word_1_701' title='bbox 810 5266 925 5321; x_wconf 92' lang='lat' dir='ltr'><strong>sine</strong></span> <span class='ocrx_word' id='word_1_702' title='bbox 952 5277 1189 5339; x_wconf 88' lang='lat' dir='ltr'><strong>tempore</strong></span> <span class='ocrx_word' id='word_1_703' title='bbox 1212 5286 1276 5326; x_wconf 87' lang='lat' dir='ltr'><strong>ac</strong></span> <span class='ocrx_word' id='word_1_704' title='bbox 1299 5274 1416 5328; x_wconf 90' lang='lat' dir='ltr'><strong>sine</strong></span> <span class='ocrx_word' id='word_1_705' title='bbox 1443 5273 1587 5330; x_wconf 82' lang='lat' dir='ltr'><strong>ﬁuxu</strong></span> <span class='ocrx_word' id='word_1_706' title='bbox 1620 5289 1828 5345; x_wconf 87' lang='lat' dir='ltr'><strong>natum,</strong></span> <span class='ocrx_word' id='word_1_707' title='bbox 1855 5286 2088 5341; x_wconf 86' lang='lat' dir='ltr'><strong>consub-</strong></span> 
     </span>
    </p>
   </div>
   <div class='ocr_carea' id='block_1_88' title="bbox 512 5352 2085 5436">
    <p class='ocr_par' dir='ltr' id='par_1_88' title="bbox 512 5352 2085 5436">
     <span class='ocr_line' id='line_1_88' title="bbox 512 5352 2085 5436; baseline 0.015 -26"><span class='ocrx_word' id='word_1_708' title='bbox 512 5356 819 5410; x_wconf 80' lang='lat' dir='ltr'><strong>stantialem</strong></span> <span class='ocrx_word' id='word_1_709' title='bbox 863 5356 1010 5413; x_wconf 90' lang='lat' dir='ltr'><strong>Patri</strong></span> <span class='ocrx_word' id='word_1_710' title='bbox 1052 5371 1108 5415; x_wconf 89' lang='lat' dir='ltr'><strong>et</strong></span> <span class='ocrx_word' id='word_1_711' title='bbox 1144 5376 1331 5420; x_wconf 78' lang='lat' dir='ltr'><strong>saneto</strong></span> <span class='ocrx_word' id='word_1_712' title='bbox 1377 5366 1600 5436; x_wconf 89' lang='lat' dir='ltr'><strong>Spiritui</strong></span> <span class='ocrx_word' id='word_1_713' title='bbox 1628 5352 1948 5428; x_wconf 85' lang='lat' dir='ltr'><strong>existentem</strong></span> <span class='ocrx_word' id='word_1_714' title='bbox 1983 5394 1996 5430; x_wconf 94' lang='lat'>:</span> <span class='ocrx_word' id='word_1_715' title='bbox 2028 5387 2085 5433; x_wconf 92' lang='lat' dir='ltr'><strong>et</strong></span> 
     </span>
    </p>
   </div>
   <div class='ocr_carea' id='block_1_89' title="bbox 509 5445 2075 5537">
    <p class='ocr_par' dir='ltr' id='par_1_89' title="bbox 509 5445 2075 5537">
     <span class='ocr_line' id='line_1_89' title="bbox 509 5445 2075 5537; baseline 0.018 -41"><span class='ocrx_word' id='word_1_716' title='bbox 509 5459 608 5515; x_wconf 87' lang='lat' dir='ltr'><strong>per</strong></span> <span class='ocrx_word' id='word_1_717' title='bbox 657 5445 978 5515; x_wconf 85' lang='lat' dir='ltr'><strong>symbolum,</strong></span> <span class='ocrx_word' id='word_1_718' title='bbox 1028 5450 1079 5504; x_wconf 89' lang='lat' dir='ltr'><strong>id</strong></span> <span class='ocrx_word' id='word_1_719' title='bbox 1130 5462 1231 5520; x_wconf 90' lang='lat' dir='ltr'><strong>est,</strong></span> <span class='ocrx_word' id='word_1_720' title='bbox 1279 5456 1402 5511; x_wconf 86' lang='lat' dir='ltr'><strong>ﬁdei</strong></span> <span class='ocrx_word' id='word_1_721' title='bbox 1455 5470 1614 5516; x_wconf 71' lang='lat' dir='ltr'><strong>recta:</strong></span> <span class='ocrx_word' id='word_1_722' title='bbox 1664 5462 2075 5537; x_wconf 77' lang='lat' dir='ltr'><strong>confessionem,</strong></span> 
     </span>
    </p>
   </div>
   <div class='ocr_carea' id='block_1_90' title="bbox 508 5537 2081 5630">
    <p class='ocr_par' dir='ltr' id='par_1_90' title="bbox 508 5537 2081 5630">
     <span class='ocr_line' id='line_1_90' title="bbox 508 5537 2081 5630; baseline 0.015 -38"><span class='ocrx_word' id='word_1_723' title='bbox 508 5553 670 5593; x_wconf 81' lang='lat' dir='ltr'><strong>autne</strong></span> <span class='ocrx_word' id='word_1_724' title='bbox 698 5537 898 5594; x_wconf 89' lang='lat' dir='ltr'><strong>Christi</strong></span> <span class='ocrx_word' id='word_1_725' title='bbox 922 5540 1334 5612; x_wconf 87' lang='lat' dir='ltr'><strong>dispensationis</strong></span> <span class='ocrx_word' id='word_1_726' title='bbox 1362 5553 1576 5608; x_wconf 84' lang='lat' dir='ltr'><strong>edocuit</strong></span> <span class='ocrx_word' id='word_1_727' title='bbox 1600 5570 1849 5625; x_wconf 74' lang='lat' dir='ltr'><strong>expresse</strong></span> <span class='ocrx_word' id='word_1_728' title='bbox 1880 5570 2081 5630; x_wconf 84' lang='lat' dir='ltr'><strong>myste-</strong></span> 
     </span>
    </p>
   </div>
   <div class='ocr_carea' id='block_1_91' title="bbox 507 5628 2079 5721">
    <p class='ocr_par' dir='ltr' id='par_1_91' title="bbox 507 5628 2079 5721">
     <span class='ocr_line' id='line_1_91' title="bbox 507 5628 2079 5721; baseline 0.012 -37"><span class='ocrx_word' id='word_1_729' title='bbox 507 5628 670 5685; x_wconf 77' lang='lat' dir='ltr'><strong>rium.</strong></span> <span class='ocrx_word' id='word_1_730' title='bbox 731 5631 979 5689; x_wconf 89' lang='lat' dir='ltr'><strong>Secunda</strong></span> <span class='ocrx_word' id='word_1_731' title='bbox 1032 5649 1162 5701; x_wconf 83' lang='lat' dir='ltr'><strong>vero</strong></span> <span class='ocrx_word' id='word_1_732' title='bbox 1213 5639 1435 5697; x_wconf 88' lang='lat' dir='ltr'><strong>collecta</strong></span> <span class='ocrx_word' id='word_1_733' title='bbox 1478 5654 1562 5700; x_wconf 86' lang='lat' dir='ltr'><strong>est</strong></span> <span class='ocrx_word' id='word_1_734' title='bbox 1617 5628 2079 5721; x_wconf 82' lang='lat' dir='ltr'><strong>Constantinopoli</strong></span> 
     </span>
    </p>
   </div>
   <div class='ocr_carea' id='block_1_92' title="bbox 2187 4830 3768 4914">
    <p class='ocr_par' dir='ltr' id='par_1_92' title="bbox 2187 4830 3768 4914">
     <span class='ocr_line' id='line_1_92' title="bbox 2187 4830 3768 4914; baseline -0.006 -17"><span class='ocrx_word' id='word_1_735' title='bbox 2187 4842 2477 4914; x_wconf 85' lang='lat' dir='ltr'><strong>abnegans,</strong></span> <span class='ocrx_word' id='word_1_736' title='bbox 2502 4848 2556 4896; x_wconf 91' lang='lat' dir='ltr'><strong>et</strong></span> <span class='ocrx_word' id='word_1_737' title='bbox 2574 4852 2735 4893; x_wconf 90' lang='lat' dir='ltr'><strong>unam</strong></span> <span class='ocrx_word' id='word_1_738' title='bbox 2751 4844 2996 4891; x_wconf 88' lang='lat' dir='ltr'><strong>naturam</strong></span> <span class='ocrx_word' id='word_1_739' title='bbox 3016 4848 3084 4889; x_wconf 89' lang='lat' dir='ltr'><strong>ex</strong></span> <span class='ocrx_word' id='word_1_740' title='bbox 3095 4831 3302 4889; x_wconf 84' lang='lat' dir='ltr'><strong>duabus</strong></span> <span class='ocrx_word' id='word_1_741' title='bbox 3324 4830 3524 4888; x_wconf 89' lang='lat' dir='ltr'><strong>factam</strong></span> <span class='ocrx_word' id='word_1_742' title='bbox 3547 4841 3604 4887; x_wconf 91' lang='lat' dir='ltr'><strong>et</strong></span> <span class='ocrx_word' id='word_1_743' title='bbox 3629 4847 3768 4888; x_wconf 85' lang='lat' dir='ltr'><strong>eom-</strong></span> 
     </span>
    </p>
   </div>
   <div class='ocr_carea' id='block_1_93' title="bbox 2187 4922 3765 5003">
    <p class='ocr_par' dir='ltr' id='par_1_93' title="bbox 2187 4922 3765 5003">
     <span class='ocr_line' id='line_1_93' title="bbox 2187 4922 3765 5003; baseline -0.008 -14"><span class='ocrx_word' id='word_1_744' title='bbox 2187 4933 2415 5003; x_wconf 88' lang='lat' dir='ltr'><strong>positam</strong></span> <span class='ocrx_word' id='word_1_745' title='bbox 2461 4929 2769 5002; x_wconf 89' lang='lat' dir='ltr'><strong>prodigiose</strong></span> <span class='ocrx_word' id='word_1_746' title='bbox 2812 4924 3148 4997; x_wconf 88' lang='lat' dir='ltr'><strong>conjiciens:</strong></span> <span class='ocrx_word' id='word_1_747' title='bbox 3181 4924 3273 4994; x_wconf 87' lang='lat' dir='ltr'><strong>qui</strong></span> <span class='ocrx_word' id='word_1_748' title='bbox 3342 4930 3400 4978; x_wconf 90' lang='lat' dir='ltr'><strong>et</strong></span> <span class='ocrx_word' id='word_1_749' title='bbox 3453 4922 3765 4980; x_wconf 82' lang='lat' dir='ltr'><strong>Dioscorum</strong></span> 
     </span>
    </p>
   </div>
   <div class='ocr_carea' id='block_1_94' title="bbox 2188 5013 3763 5080">
    <p class='ocr_par' dir='ltr' id='par_1_94' title="bbox 2188 5013 3763 5080">
     <span class='ocr_line' id='line_1_94' title="bbox 2188 5013 3763 5080; baseline -0.007 0"><span class='ocrx_word' id='word_1_750' title='bbox 2188 5024 2405 5080; x_wconf 87' lang='lat' dir='ltr'><strong>noxium</strong></span> <span class='ocrx_word' id='word_1_751' title='bbox 2420 5023 2676 5078; x_wconf 87' lang='lat' dir='ltr'><strong>fautorem</strong></span> <span class='ocrx_word' id='word_1_752' title='bbox 2691 5030 2744 5077; x_wconf 90' lang='lat' dir='ltr'><strong>et</strong></span> <span class='ocrx_word' id='word_1_753' title='bbox 2758 5015 3090 5074; x_wconf 78' lang='lat' dir='ltr'><strong>defensorem</strong></span> <span class='ocrx_word' id='word_1_754' title='bbox 3109 5016 3332 5079; x_wconf 87' lang='lat' dir='ltr'><strong>habens,</strong></span> <span class='ocrx_word' id='word_1_755' title='bbox 3344 5013 3763 5071; x_wconf 84' lang='lat' dir='ltr'><strong>orthodoxorum</strong></span> 
     </span>
    </p>
   </div>
   <div class='ocr_carea' id='block_1_95' title="bbox 2185 5105 3765 5185">
    <p class='ocr_par' dir='ltr' id='par_1_95' title="bbox 2185 5105 3765 5185">
     <span class='ocr_line' id='line_1_95' title="bbox 2185 5105 3765 5185; baseline -0.006 -16"><span class='ocrx_word' id='word_1_756' title='bbox 2185 5114 2491 5185; x_wconf 68' lang='lat' dir='ltr'><strong>dogmatum</strong></span> <span class='ocrx_word' id='word_1_757' title='bbox 2522 5110 2898 5171; x_wconf 86' lang='lat' dir='ltr'><strong>calumniator,</strong></span> <span class='ocrx_word' id='word_1_758' title='bbox 2924 5117 2979 5164; x_wconf 90' lang='lat' dir='ltr'><strong>et</strong></span> <span class='ocrx_word' id='word_1_759' title='bbox 2998 5105 3244 5162; x_wconf 78' lang='lat' dir='ltr'><strong>veritatis</strong></span> <span class='ocrx_word' id='word_1_760' title='bbox 3291 5105 3468 5160; x_wconf 87' lang='lat' dir='ltr'><strong>hostis</strong></span> <span class='ocrx_word' id='word_1_761' title='bbox 3516 5106 3765 5161; x_wconf 76' lang='lat' dir='ltr'><strong>inventus</strong></span> 
     </span>
    </p>
   </div>
   <div class='ocr_carea' id='block_1_96' title="bbox 2183 5198 3763 5273">
    <p class='ocr_par' dir='ltr' id='par_1_96' title="bbox 2183 5198 3763 5273">
     <span class='ocr_line' id='line_1_96' title="bbox 2183 5198 3763 5273; baseline -0.005 -12"><span class='ocrx_word' id='word_1_762' title='bbox 2183 5214 2284 5261; x_wconf 90' lang='lat' dir='ltr'><strong>est.</strong></span> <span class='ocrx_word' id='word_1_763' title='bbox 2311 5206 2415 5260; x_wconf 89' lang='lat' dir='ltr'><strong>Sed</strong></span> <span class='ocrx_word' id='word_1_764' title='bbox 2438 5205 2538 5259; x_wconf 90' lang='lat' dir='ltr'><strong>hos</strong></span> <span class='ocrx_word' id='word_1_765' title='bbox 2568 5203 2754 5257; x_wconf 89' lang='lat' dir='ltr'><strong>ambos</strong></span> <span class='ocrx_word' id='word_1_766' title='bbox 2775 5201 3011 5273; x_wconf 89' lang='lat' dir='ltr'><strong>synodus</strong></span> <span class='ocrx_word' id='word_1_767' title='bbox 3054 5207 3239 5254; x_wconf 87' lang='lat' dir='ltr'><strong>saneta</strong></span> <span class='ocrx_word' id='word_1_768' title='bbox 3269 5198 3563 5264; x_wconf 83' lang='lat' dir='ltr'><strong>destruxit,</strong></span> <span class='ocrx_word' id='word_1_769' title='bbox 3591 5208 3648 5252; x_wconf 89' lang='lat' dir='ltr'><strong>et</strong></span> <span class='ocrx_word' id='word_1_770' title='bbox 3675 5198 3763 5253; x_wconf 87' lang='lat' dir='ltr'><strong>de-</strong></span> 
     </span>
    </p>
   </div>
   <div class='ocr_carea' id='block_1_97' title="bbox 2182 5286 3765 5363">
    <p class='ocr_par' dir='ltr' id='par_1_97' title="bbox 2182 5286 3765 5363">
     <span class='ocr_line' id='line_1_97' title="bbox 2182 5286 3765 5363; baseline -0.004 -14"><span class='ocrx_word' id='word_1_771' title='bbox 2182 5295 2312 5351; x_wconf 89' lang='lat' dir='ltr'><strong>liras</strong></span> <span class='ocrx_word' id='word_1_772' title='bbox 2336 5308 2524 5350; x_wconf 85' lang='lat' dir='ltr'><strong>vocum</strong></span> <span class='ocrx_word' id='word_1_773' title='bbox 2563 5292 2822 5347; x_wconf 83' lang='lat' dir='ltr'><strong>novitates</strong></span> <span class='ocrx_word' id='word_1_774' title='bbox 2857 5287 3000 5363; x_wconf 84' lang='lat' dir='ltr'><strong>[Gr.,</strong></span> <span class='ocrx_word' id='word_1_775' title='bbox 3028 5286 3315 5360; x_wconf 89' lang='lat' dir='ltr'><strong>vanitates]</strong></span> <span class='ocrx_word' id='word_1_776' title='bbox 3340 5301 3534 5343; x_wconf 89' lang='lat' dir='ltr'><strong>eorum</strong></span> <span class='ocrx_word' id='word_1_777' title='bbox 3562 5286 3765 5343; x_wconf 83' lang='lat' dir='ltr'><strong>severis</strong></span> 
     </span>
    </p>
   </div>
   <div class='ocr_carea' id='block_1_98' title="bbox 2183 5373 3762 5450">
    <p class='ocr_par' dir='ltr' id='par_1_98' title="bbox 2183 5373 3762 5450">
     <span class='ocr_line' id='line_1_98' title="bbox 2183 5373 3762 5450; baseline -0.006 -7"><span class='ocrx_word' id='word_1_778' title='bbox 2183 5403 2305 5443; x_wconf 90' lang='lat' dir='ltr'><strong>cum</strong></span> <span class='ocrx_word' id='word_1_779' title='bbox 2335 5387 2438 5441; x_wconf 90' lang='lat' dir='ltr'><strong>illis</strong></span> <span class='ocrx_word' id='word_1_780' title='bbox 2472 5383 2906 5440; x_wconf 83' lang='lat' dir='ltr'><strong>anathematibus</strong></span> <span class='ocrx_word' id='word_1_781' title='bbox 2935 5381 3191 5447; x_wconf 90' lang='lat' dir='ltr'><strong>subdidit,</strong></span> <span class='ocrx_word' id='word_1_782' title='bbox 3227 5379 3532 5450; x_wconf 71' lang='lat' dir='ltr'><strong>prmdicans</strong></span> <span class='ocrx_word' id='word_1_783' title='bbox 3563 5373 3762 5434; x_wconf 87' lang='lat' dir='ltr'><strong>Christi</strong></span> 
     </span>
    </p>
   </div>
   <div class='ocr_carea' id='block_1_99' title="bbox 2181 5470 3759 5533">
    <p class='ocr_par' dir='ltr' id='par_1_99' title="bbox 2181 5470 3759 5533">
     <span class='ocr_line' id='line_1_99' title="bbox 2181 5470 3759 5533; baseline -0.004 -1"><span class='ocrx_word' id='word_1_784' title='bbox 2181 5478 2292 5533; x_wconf 90' lang='lat' dir='ltr'><strong>veri</strong></span> <span class='ocrx_word' id='word_1_785' title='bbox 2321 5478 2412 5532; x_wconf 86' lang='lat' dir='ltr'><strong>Dei</strong></span> <span class='ocrx_word' id='word_1_786' title='bbox 2437 5477 2606 5532; x_wconf 90' lang='lat' dir='ltr'><strong>nostri</strong></span> <span class='ocrx_word' id='word_1_787' title='bbox 2634 5477 2764 5531; x_wconf 88' lang='lat' dir='ltr'><strong>duas</strong></span> <span class='ocrx_word' id='word_1_788' title='bbox 2786 5484 3009 5530; x_wconf 88' lang='lat' dir='ltr'><strong>naturas</strong></span> <span class='ocrx_word' id='word_1_789' title='bbox 3044 5470 3529 5533; x_wconf 85' lang='lat' dir='ltr'><strong>inconvertibiliter</strong></span> <span class='ocrx_word' id='word_1_790' title='bbox 3576 5481 3634 5527; x_wconf 87' lang='lat' dir='ltr'><strong>et</strong></span> <span class='ocrx_word' id='word_1_791' title='bbox 3676 5471 3759 5526; x_wconf 86' lang='lat' dir='ltr'><strong>in-</strong></span> 
     </span>
    </p>
   </div>
   <div class='ocr_carea' id='block_1_100' title="bbox 2180 5562 3761 5630">
    <p class='ocr_par' dir='ltr' id='par_1_100' title="bbox 2180 5562 3761 5630">
     <span class='ocr_line' id='line_1_100' title="bbox 2180 5562 3761 5630; baseline -0.005 -8"><span class='ocrx_word' id='word_1_792' title='bbox 2180 5567 2630 5624; x_wconf 88' lang='lat' dir='ltr'><strong>commutabiliter</strong></span> <span class='ocrx_word' id='word_1_793' title='bbox 2660 5568 2833 5622; x_wconf 91' lang='lat' dir='ltr'><strong>unitas</strong></span> <span class='ocrx_word' id='word_1_794' title='bbox 2863 5565 2916 5620; x_wconf 90' lang='lat' dir='ltr'><strong>in</strong></span> <span class='ocrx_word' id='word_1_795' title='bbox 2946 5580 3052 5619; x_wconf 91' lang='lat' dir='ltr'><strong>una</strong></span> <span class='ocrx_word' id='word_1_796' title='bbox 3075 5562 3417 5619; x_wconf 86' lang='lat' dir='ltr'><strong>subsistentia</strong></span> <span class='ocrx_word' id='word_1_797' title='bbox 3462 5576 3598 5626; x_wconf 87' lang='lat' dir='ltr'><strong>sua;</strong></span> <span class='ocrx_word' id='word_1_798' title='bbox 3647 5573 3761 5630; x_wconf 29' lang='lat' dir='ltr'><strong>pere</strong></span> 
     </span>
    </p>
   </div>
   <div class='ocr_carea' id='block_1_101' title="bbox 2179 5647 3759 5725">
    <p class='ocr_par' dir='ltr' id='par_1_101' title="bbox 2179 5647 3759 5725">
     <span class='ocr_line' id='line_1_101' title="bbox 2179 5647 3759 5725; baseline -0.006 -16"><span class='ocrx_word' id='word_1_799' title='bbox 2179 5656 2485 5725; x_wconf 74' lang='lat' dir='ltr'><strong>rectumque</strong></span> <span class='ocrx_word' id='word_1_800' title='bbox 2504 5656 2556 5709; x_wconf 92' lang='lat' dir='ltr'><strong>in</strong></span> <span class='ocrx_word' id='word_1_801' title='bbox 2580 5656 2775 5711; x_wconf 89' lang='lat' dir='ltr'><strong>deitate</strong></span> <span class='ocrx_word' id='word_1_802' title='bbox 2795 5652 2954 5710; x_wconf 88' lang='lat' dir='ltr'><strong>simul</strong></span> <span class='ocrx_word' id='word_1_803' title='bbox 2979 5651 3225 5707; x_wconf 90' lang='lat' dir='ltr'><strong>eumdem</strong></span> <span class='ocrx_word' id='word_1_804' title='bbox 3252 5657 3307 5704; x_wconf 91' lang='lat' dir='ltr'><strong>et</strong></span> <span class='ocrx_word' id='word_1_805' title='bbox 3336 5648 3390 5704; x_wconf 90' lang='lat' dir='ltr'><strong>in</strong></span> <span class='ocrx_word' id='word_1_806' title='bbox 3422 5647 3759 5703; x_wconf 81' lang='lat' dir='ltr'><strong>humanitate</strong></span> 
     </span>
    </p>
   </div>
   <div class='ocr_carea' id='block_1_102' title="bbox 579 5772 3756 5853">
    <p class='ocr_par' dir='ltr' id='par_1_102' title="bbox 579 5772 3756 5853">
     <span class='ocr_line' id='line_1_102' title="bbox 579 5772 3756 5853; baseline 0.002 -24"><span class='ocrx_word' id='word_1_807' title='bbox 579 5786 607 5814; x_wconf 69' lang='grc' dir='ltr'>ι</span> <span class='ocrx_word' id='word_1_808' title='bbox 645 5772 959 5826; x_wconf 69' lang='lat' dir='ltr'><strong>l‘mitrarias</strong></span> <span class='ocrx_word' id='word_1_809' title='bbox 983 5785 1165 5834; x_wconf 74' lang='lat' dir='ltr'><strong>vocat.</strong></span> <span class='ocrx_word' id='word_1_810' title='bbox 1194 5780 1323 5834; x_wconf 74' lang='lat' dir='ltr'><strong>auia</strong></span> <span class='ocrx_word' id='word_1_811' title='bbox 1355 5785 1584 5834; x_wconf 72' lang='lat' dir='ltr'><strong>visibilis</strong></span> <span class='ocrx_word' id='word_1_812' title='bbox 1616 5801 1720 5832; x_wconf 80' lang='lat' dir='ltr'><strong>Ima</strong></span> <span class='ocrx_word' id='word_1_813' title='bbox 1753 5796 1808 5830; x_wconf 77' lang='grc' dir='ltr'>ρι</span> <span class='ocrx_word' id='word_1_814' title='bbox 1863 5789 2111 5840; x_wconf 68' lang='lat' dir='ltr'><strong>mortalis</strong></span> <span class='ocrx_word' id='word_1_815' title='bbox 2144 5798 2251 5849; x_wconf 77' lang='lat' dir='ltr'><strong>est.</strong></span> <span class='ocrx_word' id='word_1_816' title='bbox 2281 5789 2487 5848; x_wconf 85' lang='lat' dir='ltr'><strong>.altera</strong></span> <span class='ocrx_word' id='word_1_817' title='bbox 2534 5788 2816 5845; x_wconf 86' lang='lat' dir='ltr'><strong>invisibilis</strong></span> <span class='ocrx_word' id='word_1_818' title='bbox 2856 5795 2916 5845; x_wconf 88' lang='lat' dir='ltr'><strong>et</strong></span> <span class='ocrx_word' id='word_1_819' title='bbox 2959 5782 3303 5849; x_wconf 81' lang='lat' dir='ltr'><strong>immortalis,</strong></span> <span class='ocrx_word' id='word_1_820' title='bbox 3336 5789 3398 5837; x_wconf 92' lang='lat' dir='ltr'><strong>ut</strong></span> <span class='ocrx_word' id='word_1_821' title='bbox 3437 5781 3556 5853; x_wconf 87' lang='lat' dir='ltr'><strong>ipse</strong></span> <span class='ocrx_word' id='word_1_822' title='bbox 3598 5776 3756 5852; x_wconf 85' lang='lat' dir='ltr'><strong>paulo</strong></span> 
     </span>
    </p>
   </div>
  </div>
