3924 5422
188 400 272 454 265
803 395 1356 451 lNTEIlPltETATIO
1397 396 1644 452 SYNODI
1688 396 1772 452 VII
1812 397 2213 454 GENERALIS.
2281 429 2348 443 —-
2386 400 2585 455 ACTIO
2624 400 2705 454 111.

3276 406 3381 460 ἳϐϐ

187 510 546 573 wnsistere,ex
571 508 773 565 duabus
796 522 854 565 et
902 514 952 565 in
985 513 1189 568 duabus
1220 516 1425 568 naturis
1485 530 1711 568 noscen-
1744 525 1782 575 Α
1815 523 1922 569 tur.
1950 515 2064 570 Non
2092 526 2272 571 autem
2298 517 2616 581 refutamus,
2658 518 2751 572 sed
2779 517 2975 586 oppido
3003 517 3384 573 conﬁrmamus

184 604 304 658 dum.
327 602 571 658 Praeterea
608 612 662 657 et
704 620 930 673 nequam
991 607 1223 663 Nestorii
1282 609 1621 673 divisionem,
1651 618 1710 665 et

185 696 328 765 ipsum
361 709 562 763 quoque
584 710 711 751 cum
766 698 869 752 sibi
918 701 1377 756 consentientibus
1420 702 1704 757 abdicavit.

183 787 405 856 Deinceps
423 796 677 845 autemet
715 790 903 859 quinta
944 793 1194 847 convenit
1246 799 1479 862 synodus
1526 794 1577 847 iu
1618 794 1712 847 do—

182 882 381 935 minante
407 880 727 945 civitatibus,
753 891 968 937 centum
1008 883 1286 951 sexaginta
1333 893 1564 953 quatuor
1587 898 1713 939 san-

179 979 351 1025 ctorum
384 970 598 1025 Patrum
622 986 901 1026 numerum
924 971 1173 1026 salvans:
1206 977 1326 1039 dum
1348 973 1416 1027 ah
1440 972 1553 1041 ipso
1583 987 1709 1026 san-

176 1068 248 1115 eto
269 1059 449 1130 Spiritu
473 1070 615 1126 acta,
654 1069 778 1115 ante
802 1076 861 1116 se
895 1060 1199 1116 celebratas
1224 1069 1441 1115 sanctas
1480 1069 1713 1130 quatuor

177 1154 372 1223 synodos
398 1153 685 1217 roboravit,
713 1161 768 1209 et
794 1168 980 1209 earum
1010 1162 1158 1209 recta
1181 1155 1432 1225 dogmata
1458 1168 1710 1223 sequens,

174 1243 612 1298 anathematizavit
655 1243 961 1299 Nestorium
983 1283 997 1307 ,
1020 1242 1314 1315 Eutychem
1332 1283 1348 1308 ,
1372 1241 1710 1298 Theodorum

177 1334 470 1405 Mopsuestia!
514 1350 636 1390 cum
676 1334 1026 1404 hlasphemiis
1068 1336 1222 1390 suis:
1255 1335 1431 1390 adhuc
1459 1335 1620 1389 etiam
1656 1343 1712 1389 et

176 1426 438 1496 Origenem,
460 1435 512 1481 et
549 1426 859 1497 Evagrium,
890 1427 1171 1498 Didymum
1201 1441 1415 1497 quoque
1437 1435 1491 1481 ct
1530 1428 1710 1482 omnia

174 1515 377 1571 labulosa
403 1524 458 1570 et
504 1531 712 1586 pagana
753 1526 917 1585 atque
969 1517 1273 1586 prodigiosa
1322 1516 1559 1587 ipsorum
1604 1516 1713 1570 elo-

174 1610 289 1677 quia,
318 1624 508 1664 necnon
539 1617 597 1663 et
617 1608 897 1678 epistolam
919 1624 1039 1678 quae
1066 1609 1262 1664 dicitur
1285 1609 1387 1663 Iba:
1424 1608 1493 1663 ad
1524 1608 1710 1663 Marini

171 1701 383 1765 Persam;
412 1709 467 1755 et
490 1699 915 1769 conscriptiones
943 1700 1287 1755 Theodoreti.
1339 1714 1475 1770 quas
1525 1708 1710 1753 contra

175 1801 287 1846 recta
334 1791 610 1847 duodecim
661 1791 899 1862 capitula
942 1780 1143 1847 sancta:
1199 1790 1475 1847 memoria:
1521 1790 1707 1861 Cyriili

170 1883 466 1951 conscripsit.

228 1973 486 2043 Postquam
534 1982 723 2030 sancta
767 1984 918 2029 sexta
973 1975 1209 2047 synodus
1264 1975 1709 2045 quemadmodum

169 2064 280 2119 alius
311 2065 381 2118 sol
403 2064 648 2129 emicuit,
674 2066 1031 2120 ducentorum
1058 2065 1335 2136 octoginta
1372 2080 1560 2120 novem
1586 2080 1711 2119 sau-

168 2166 339 2211 ctorum
363 2155 599 2223 Patrum,
632 2157 834 2228 regiam
864 2159 1052 2213 urbem
1100 2158 1288 2213 sortita
1344 2172 1440 2229 pro
1484 2158 1669 2227 requie
1693 2197 1708 2222 ,

172 2248 212 2302 in
245 2264 334 2319 qua
364 2249 649 2313 celebrata,
680 2264 773 2305 eos
802 2251 892 2319 qui
939 2250 1073 2305 duas
1113 2251 1359 2320 proprias
1407 2249 1709 2304 voluntates

169 2340 540 2408 etoperationes
586 2339 643 2394 in
694 2340 1096 2409 dispensatione
1140 2340 1318 2394 carnis
1368 2339 1568 2394 Christi
1608 2339 1706 2395 Dei

170 2431 305 2486 nostri
330 2433 613 2503 denegant,
642 2441 698 2485 et
724 2448 884 2487 unam
908 2432 1237 2488 voluntatem
1267 2440 1321 2487 et
1370 2447 1531 2486 unam
1582 2426 1709 2502 por-

169 2534 342 2579 tentose
367 2534 623 2579 asserunt
656 2525 1025 2593 operationem
1053 2524 1352 2579 Salvatoris
1382 2524 1555 2579 nostri
1597 2524 1710 2579 dei-

166 2615 267 2668 tatis
304 2616 494 2684 pariter
531 2621 590 2669 et
647 2614 1021 2678 humanitatis,
1057 2614 1543 2669 auathemalizavit
1584 2631 1597 2667 :
1658 2614 1710 2669 id

166 2718 248 2771 est,
268 2707 519 2779 Sergium,
540 2708 832 2778 Pyrrhum,
869 2706 1112 2772 Petrum,
1138 2706 1361 2778 Cyrum,
1392 2706 1709 2771 Honorium,

168 2796 456 2852 Theodorum
487 2798 940 2862 Pharanitanuin,
964 2805 1019 2852 et
1044 2796 1459 2867 Polychronium
1481 2795 1707 2851 delirum

165 2900 331 2951 senem,
357 2898 516 2958 atque
560 2903 756 2943 omnes
792 2887 881 2956 qui
932 2886 1275 2951 deﬁnierunt,
1300 2884 1383 2942 vel
1429 2885 1705 2951 deﬁnient,

165 2976 458 3031 autdclinire
491 2985 835 3048 prmsutnunt
870 2991 1032 3030 unam
1055 2975 1386 3031 voluntatem
1426 2984 1482 3031 et
1522 2990 1709 3045 opera-

166 3066 326 3120 tionem
352 3068 403 3122 iu
437 3070 653 3123 duabus
682 3068 882 3123 Christi
925 3067 1150 3121 naturis.
1181 3065 1237 3121 Si
1270 3066 1437 3133 enim,
1466 3074 1526 3120 ut
1567 3080 1694 3135 quo-

164 3156 258 3210 dam
285 3158 466 3213 inloco
493 3160 721 3229 quidam
763 3159 976 3228 sapiens
1029 3159 1127 3223 ait,
1157 3159 1273 3213 sine
1323 3158 1598 3213 voluntate
1652 3166 1707 3213 et

164 3246 253 3300 sine
274 3249 576 3316 operatione
619 3248 906 3302 humanam
932 3248 1141 3303 Domini
1190 3255 1437 3302 naturam
1488 3247 1707 3302 dimise-

165 3336 315 3398 rimus,
345 3338 429 3392 ubi
459 3338 853 3408 perfectionem
881 3338 934 3392 in
966 3338 1303 3393 humanitate
1333 3337 1708 3393 saivahimus?

165 3423 278 3481 Duas
301 3427 454 3497 igitur
477 3427 790 3485 voluntates
808 3438 863 3483 et
883 3429 1017 3484 duas
1041 3429 1379 3499 operationes
1403 3444 1707 3499 congruen-

164 3522 225 3567 tes
247 3516 432 3571 duabus
457 3517 664 3573 Christi
691 3519 897 3572 naturis
919 3560 933 3584 ,
968 3527 1027 3572 ut
1053 3518 1319 3572 naturalia
1350 3534 1537 3573 earum
1586 3535 1709 3573 coa-

161 3616 337 3673 ptantes
359 3609 634 3671 idiomata,
665 3610 748 3664 sic
773 3624 1025 3680 magnum
1051 3610 1304 3665 salutaris
1351 3611 1709 3679 dispensatio-

162 3694 225 3749 nis
264 3700 566 3769 mysterium
606 3699 911 3755 luculenter
953 3701 1393 3770 explanaverunt,
1422 3708 1477 3756 et
1525 3701 1710 3755 ortho-

159 3785 319 3842 doxam
349 3790 502 3845 ﬁdem
521 3791 770 3845 omnium
800 3790 1148 3846 ecclesiarum
1174 3792 1267 3846 Dei
1298 3791 1417 3847 sine
1441 3791 1708 3847 calumnia

163 3877 348 3950 sineque
401 3883 744 3940 dubitatione
798 3892 944 3937 recte
978 3882 1310 3952 sapientibus
1335 3891 1707 3937 servaverunt.

160 3964 248 4023 llas
272 3980 476 4027 sanctas
498 3987 596 4027 sex
625 3972 859 4042 synodos
884 3972 1028 4027 solas
1057 3986 1177 4027 esse
1204 3971 1536 4028 universales
1560 3973 1710 4027 novi-

160 4071 271 4124 mus,
291 4060 441 4116 aliam
463 4072 590 4132 post
621 4063 723 4118 has
749 4076 853 4115 non
884 4063 1227 4117 admittentes
1251 4062 1511 4133 synodum
1550 4080 1563 4117 :
1616 4079 1711 4118 ne-

160 4160 240 4216 que
261 4151 393 4205 enim
423 4152 747 4207 derelictum
798 4159 879 4205 est
918 4151 1045 4219 quid
1079 4152 1147 4206 ab
1182 4151 1493 4221 apostolicis
1544 4152 1713 4207 tradi-

160 4235 376 4305 tionibus,
402 4242 485 4295 vel
514 4240 764 4310 paternis
784 4255 877 4295 seu
909 4241 1162 4311 legitimis
1181 4241 1528 4307 editionihus,
1552 4256 1715 4313 egens

160 4332 489 4395 correctionis,
518 4331 608 4386 vel
636 4330 925 4399 cujuslibet
953 4332 1257 4385 ornamenti
1291 4346 1507 4402 quoquo
1528 4334 1707 4388 modo.

159 4411 324 4473 Omnes
344 4420 523 4490 itaque
586 4420 732 4473 male
776 4420 1072 4474 sentientes
1121 4419 1424 4484 haereticos,
1456 4430 1713 4491 tanquam

161 4514 323 4568 saton's
347 4517 681 4571 zizaniorum
701 4516 916 4570 Satanas
943 4516 1252 4587 discipulos,
1277 4527 1333 4571 et
1358 4518 1564 4573 animas
1590 4533 1707 4573 cor-

163 4610 433 4670 rumpentes
461 4605 766 4667 ministros,
791 4605 857 4659 ab
886 4604 1075 4659 horum
1107 4606 1249 4660 malo
1275 4608 1494 4671 vertice,
1525 4608 1713 4662 videli-

160 4698 231 4743 cet
253 4689 454 4748 Simone
481 4692 658 4765 Mago,
686 4708 857 4762 usque
879 4694 945 4747 ad
971 4710 1156 4749 eorum
1188 4696 1558 4750 detestabilem
1586 4713 1711 4751 cau-

164 4780 296 4834 dam:
329 4793 380 4839 et
404 4793 462 4839 ut
485 4782 823 4853 complexive
850 4783 1110 4844 dicamus,
1148 4795 1374 4840 caeteros
1415 4801 1603 4841 omnes
1644 4801 1709 4839 ex

164 4875 252 4925 tota
276 4889 481 4942 prorsus
504 4875 1029 4931 anathematizamus
1056 4877 1233 4931 anima
1259 4878 1419 4932 simul
1442 4887 1495 4933 et
1510 4888 1707 4933 mente:

164 4962 357 5017 maxime
380 4964 517 5031 illos,
542 4980 683 5036 quos
734 4964 970 5034 praelatae
1024 4977 1225 5021 sancta:
1278 4975 1333 5021 et
1380 4969 1712 5023 universales

164 5056 237 5106 te:
278 5057 454 5126 synodi
507 5056 1128 5122 anathematizaverunt,
1184 5073 1288 5111 una
1330 5073 1452 5111 cum
1512 5056 1713 5114 Severo

164 5138 514 5213 Acephalorum
574 5156 805 5201 auctore
855 5145 1032 5219 [duce]
1079 5147 1155 5219 [id
1206 5155 1324 5213 est,
1375 5164 1561 5203 eorum
1618 5147 1711 5220 qui

165 5227 395 5292 m"istum
454 5238 618 5292 unius
672 5244 886 5290 naturae
930 5251 1051 5292 esse
1097 5237 1427 5308 fatentura].
1460 5238 1597 5305 Quin
1659 5245 1714 5291 et

678 5345 701 5347 "
738 5336 963 5380 inmbnto
987 5329 1238 5380 Cnnnhao
1306 5332 1395 5368 ιιιιῖ

1440 5333 1490 5366 in
1551 5335 1711 5368 Issico-

1810 613 1865 657 et
1885 605 2217 659 admittimus
2242 606 2402 659 etiam
2424 605 2620 661 locales
2643 614 2859 661 sanctas
2906 608 3162 677 synodos,
3184 617 3239 662 et
3268 623 3385 664 cor-

1812 695 2077 751 rectiones
2098 696 2387 751 canonicas
2453 712 2571 765 qua:
2593 698 2769 752 divina
2799 706 2923 752 sunt
2952 700 3017 754 ah
3055 699 3133 753 eis
3162 700 3387 769 inspira-

1813 786 1954 839 tione
1976 788 2507 857 depromptae,atque
2540 788 2906 859 legislationes
2946 806 3130 845 earum
3176 793 3387 846 animas

1811 875 2163 931 illustrantes.
2192 877 2526 946 Apostolicas
2563 888 2740 934 autem
2770 881 3023 936 Ecclesia:
3048 883 3385 941 traditiones.

1810 983 1906 1037 per
1926 984 2060 1037 quas
2082 970 2348 1025 honorare
2380 980 2435 1025 et
2455 972 2681 1028 adorare
2705 984 2924 1031 sanctos
2947 984 3003 1032 et
3026 975 3260 1032 salutare
3287 978 3383 1031 do-

1806 1072 2014 1122 cemur,
2043 1059 2363 1129 suscipimus
2404 1068 2459 1115 et
2513 1061 2903 1132 amplectimur,
2930 1074 3249 1130 venerantes
3292 1080 3388 1121 eos

1810 1158 1871 1202 ut
1900 1148 2129 1206 famulos
2154 1159 2209 1205 et
2258 1152 2462 1207 amicos
2522 1163 2680 1223 atque
2706 1154 2841 1209 ﬁlios
2867 1156 2981 1211 Dei.
3018 1156 3199 1211 llonor
3240 1158 3383 1213 enim

1810 1238 1900 1306 qui
1940 1239 2084 1294 circa
2122 1240 2344 1295 devotos
2368 1256 2745 1298 conservorum
2774 1245 2969 1315 agitur,
3013 1247 3382 1316 probationem

1815 1329 1975 1384 habet
2020 1332 2172 1386 hohae
2238 1332 2530 1388 voluntatis
2574 1349 2701 1405 erga
2742 1350 3078 1391 communem
3133 1338 3385 1394 exhibita:

1814 1422 2121 1478 Dominum.
2164 1422 2255 1479 isti
2283 1426 2427 1480 enim
2477 1426 2577 1496 ipsi
2603 1427 2819 1482 cellaria
2846 1427 2940 1483 Dei
2977 1438 3032 1484 et
3084 1429 3384 1485 habitacula

1812 1514 2031 1580 munda,
2080 1517 2363 1587 sanctique
2390 1516 2622 1589 Spiritus
2652 1519 2937 1589 purissima
2989 1523 3205 1591 specula
3256 1522 3384 1576 tacti

1812 1615 1938 1661 sunt
1964 1605 2118 1677 (Sap.
2174 1608 2279 1679 ιιι).
2310 1609 2417 1664 Sed
2478 1619 2534 1663 et
2588 1610 2825 1680 ipsorum
2861 1612 3053 1668 animas
3109 1614 3162 1668 in
3223 1630 3384 1669 manu

1814 1696 1907 1752 Dei
1930 1708 2073 1764 sunt,
2098 1708 2159 1753 ut
2184 1701 2445 1769 scriptum
2472 1709 2577 1755 est.
2606 1701 2739 1756 Cum
2782 1702 2925 1757 enim
2974 1704 3079 1757 vita
3128 1705 3200 1759 sit
3245 1706 3385 1761 Deus

1814 1794 1870 1841 et
1895 1786 2007 1851 lux,
2040 1797 2096 1842 et
2125 1789 2301 1844 sancti
2340 1804 2555 1859 quoque
2591 1791 2687 1860 qui
2735 1792 2786 1845 in
2817 1807 2976 1846 manu
3018 1793 3111 1849 Dei
3150 1804 3294 1861 sunt,
3329 1797 3382 1851 in

1741 1858 1784 1917 Β
1813 1878 1922 1932 vita
1943 1886 1998 1933 et
2026 1878 2145 1935 luce
2170 1858 2412 1950 profecto
2450 1858 2772 1937 consistunt.
2800 1881 2866 1938 Et
2904 1882 3024 1938 ideo
3066 1858 3299 1954 pretiosa
3331 1887 3384 1941 in

1810 1980 2101 2039 conspectu
2127 1970 2335 2025 Domini
2365 1986 2511 2026 mors
2542 1981 2851 2027 sanctorum
2873 1971 2990 2042 ejus
3024 1974 3196 2045 (Psal.
3234 1974 3383 2047 ειν).

1810 2057 1905 2113 lsti
1936 2060 2181 2114 viventes
2213 2059 2533 2115 liducialiter
2556 2062 2665 2116 Deo
2691 2062 2979 2117 astiterunt
3020 2080 3032 2116 :
3095 2062 3273 2119 fontes
3296 2079 3385 2119 sa-

1812 2146 2013 2203 lutares
2038 2148 2297 2203 Dominus
2320 2147 2568 2204 Christus
2596 2158 2904 2205 sanctorum
2929 2151 3086 2207 nobis
3132 2151 3387 2223 reliquias

1809 2239 2056 2310 praebuit,
2095 2238 2408 2295 multimode
2430 2239 2690 2296 beneﬁcia
2713 2241 3109 2299 inﬁrmantibus
3126 2244 3385 2314 rigantes,

1808 2342 2139 2407 unguentum
2163 2335 2445 2391 suavitatis
2492 2344 2905 2402 emanantes_,et
2951 2336 3219 2393 daemones
3272 2338 3390 2393 abi-

1808 2434 1995 2498 gen'es
2021 2444 2035 2482 :
2063 2435 2118 2482 et
2144 2427 2282 2482 sicut
2317 2427 2448 2482 dicit
2471 2442 2695 2498 magnus
2716 2427 2971 2497 magister
2994 2438 3048 2484 et
3076 2428 3142 2483 ab
3169 2428 3385 2484 immor-

1811 2516 2018 2573 talitate
2060 2515 2467 2586 cognominatus
2502 2516 2553 2581 ι’,
2584 2525 2879 2587 martyrum
2927 2531 3051 2573 ossa
3102 2517 3386 2589 languores

1809 2603 2015 2676 fugant,
2052 2604 2295 2660 inﬁrmes
2322 2612 2533 2669 curant,
2573 2605 2731 2681 caecis
2757 2605 2941 2660 videre
2969 2606 3189 2670 donant,
3213 2607 3385 2671 lepra-

1808 2711 1899 2752 sos
1934 2696 2217 2760 mundant,
2248 2696 2569 2751 tentationes
2621 2706 2677 2751 et
2727 2711 2988 2752 maerores
3036 2697 3378 2752 dissolvunt:

1808 2796 1861 2843 et
1886 2788 2001 2842 haec
2043 2801 2140 2856 per
2177 2786 2450 2841 Christum
2481 2788 2571 2855 qui
2601 2787 2865 2842 habitavit
2892 2788 2945 2841 in
2977 2788 3099 2843 illis.
3125 2788 3191 2842 Et
3243 2789 3380 2843 bene

1807 2874 2091 2930 Psalmista
2143 2875 2341 2931 cecinit
2384 2889 2399 2928 :
2459 2874 2720 2930 Mirabilis
2776 2875 2918 2929 Deus
2958 2877 3013 2930 in
3050 2879 3245 2931 sanctis
3270 2879 3381 2932 suis

1809 2964 1982 3038 (Psal.
2013 2967 2203 3036 van).
2236 2966 2303 3021 Et
2330 2981 2515 3022 rursus
2558 2984 2570 3021 :
2626 2965 2836 3021 Sanctis
2861 2967 2952 3037 qui
2994 2978 3114 3022 sunt
3160 2968 3213 3022 in
3242 2977 3382 3023 terra

1806 3056 1942 3126 ejus,
1996 3056 2291 3125 miri/ienuit
2341 3072 2516 3110 omnes
2578 3055 2875 3110 voluntates
2918 3056 3035 3127 ejus
3077 3057 3214 3112 inter
3266 3057 3383 3111 illos

1809 3145 1980 3218 (Psal.
2008 3148 2121 3218 xv).
2145 3147 2279 3203 Cum
2310 3147 2394 3202 his
2432 3156 2606 3202 autem
2647 3155 2701 3203 et
2734 3156 2949 3204 sanctas
2995 3158 3051 3203 et
3103 3147 3385 3204 venerabi~

1808 3237 1887 3294 les
1940 3238 2202 3309 imagines
2256 3239 2544 3294 adorantes
2599 3239 2989 3309 amplectimur,
3020 3240 3071 3295 id
3093 3250 3200 3305 est,
3222 3240 3384 3296 Verbi
3410 3272 3419 3279 π

1808 3331 1926 3396 Dei,
1987 3331 2196 3387 Domini
2265 3330 2516 3387 videlicet
2573 3340 2627 3386 et
2679 3330 2974 3387 Salvatoris
3045 3332 3216 3387 nostri
3257 3330 3383 3387 iesu

1808 3421 2029 3487 Christi,
2056 3422 2146 3493 qui
2193 3436 2292 3492 pro
2336 3423 2490 3477 nobis
2540 3422 2850 3477 incarnatus
2894 3431 2999 3488 est,
3043 3431 3098 3477 et
3154 3422 3385 3478 formam

1810 3511 1950 3566 servi
2009 3511 2247 3580 suscepit
2286 3509 2542 3579 (Philipp.
2576 3510 2660 3580 ιι).
2691 3510 2853 3575 Cujus
2908 3511 3083 3580 imago
3111 3521 3168 3567 et
3215 3511 3382 3583 ﬁgura

1811 3615 1917 3654 non
1945 3599 2183 3664 deitatis,
2216 3614 2334 3669 quae
2372 3598 2685 3654 inconvulse
2725 3600 3058 3655 intemeratae
3079 3601 3229 3655 carni
3265 3602 3383 3670 ejus

1810 3690 1963 3745 unita
2009 3698 2112 3753 est,
2164 3688 2380 3760 praefert
2427 3689 2795 3744 characterem
2839 3706 2851 3742 :
2905 3690 3187 3745 invisibilis
3241 3693 3383 3747 enim

1811 3789 1896 3835 est
1947 3788 2002 3835 et
2054 3779 2517 3848 incircumscripta
2555 3786 2609 3833 et
2654 3777 2899 3833 informis
2939 3779 3117 3834 divina
3149 3790 3337 3834 natura
3370 3800 3381 3832 :

1812 3868 1981 3925 Deum
2005 3870 2191 3939 quippe
2219 3884 2366 3923 nemo
2412 3868 2537 3922 uidit
2583 3885 2812 3939 unquam
2866 3887 2884 3926 :
2932 3870 3042 3940 ipse
3082 3868 3387 3939 Unigenitus

1810 3964 2074 4016 enarravit
2108 3962 2288 4032 (Joan.
2322 3959 2364 4032 ι)
2410 3977 2425 4015 :
2457 3960 2551 4016 sed
2580 3961 2927 4017 humanitatis
2962 3962 3078 4031 ejus
3116 3964 3389 4018 coloribus

1816 4052 2075 4109 facientes
2103 4053 2314 4109 icunam
2346 4054 2652 4109 adoramus.
2683 4055 2946 4124 Apparuit
2966 4056 3107 4110 enim
3133 4056 3274 4112 Deus
3299 4072 3386 4111 su-

1815 4159 1915 4214 per
1942 4153 2142 4199 terram
2165 4144 2328 4199 etiam
2344 4159 2467 4199 cum
2506 4153 2651 4199 esset
2693 4145 2999 4210 invisibilis,
3027 4155 3081 4201 et
3110 4147 3255 4203 visus
3279 4156 3383 4212 est,

1816 4244 1872 4290 et
1898 4250 2018 4290 cum
2050 4235 2360 4291 hominibus
2404 4246 2757 4291 conversatus
2777 4246 2882 4300 est,
2915 4248 2968 4292 et
2995 4238 3248 4309 fatigatus
3276 4249 3383 4305 est,

1817 4333 1874 4380 et
1900 4326 2145 4391 esurivit,
2176 4332 2231 4380 et
2255 4326 2424 4380 sitivit
2454 4325 2571 4396 lege
2590 4326 2804 4380 nostra:
2832 4335 2992 4396 quam
3021 4330 3257 4399 suscepit
3285 4345 3383 4384 na-

1819 4423 1974 4469 turae.
1998 4415 2299 4471 Adoramus
2321 4416 2521 4470 Christi
2547 4416 2778 4479 iconam,
2804 4417 2855 4470 id
2881 4425 2983 4482 est,
3004 4431 3247 4486 personae
3267 4434 3385 4488 quae

1820 4506 2126 4561 hominibus
2157 4505 2269 4559 visa
2301 4513 2405 4569 est,
2434 4521 2538 4558 non
2562 4505 2747 4558 divisas
2777 4506 2844 4558 ab
2869 4505 2969 4560 hac
2986 4505 3247 4561 invisibili
3268 4507 3385 4574 ejuu

1818 4595 2139 4650 divinitate:
2169 4594 2343 4659 absit;
2400 4594 2491 4647 sed
2546 4594 2710 4646 unita:
2755 4593 2881 4647 huic
2910 4609 2976 4648 ex
3024 4610 3231 4650 summa
3260 4612 3386 4652 ceu-

1814 4688 2083 4756 ceptione.
2118 4685 2251 4740 Nam
2278 4685 2377 4739 etsi
2406 4684 2536 4739 dicit
2559 4682 2759 4738 Iudaeis
2791 4702 2803 4736 :
2847 4683 2987 4749 Quid
3012 4685 3161 4741 vultis
3186 4701 3268 4740 me
3301 4703 3387 4740 ορ·-

1818 4779 2008 4841 cidere,
2057 4778 2319 4831 hominem
2380 4777 2468 4848 qui
2517 4778 2778 4830 veritatem
2830 4775 3035 4833 locutus
3087 4795 3202 4833 sum
3249 4781 3387 4832 vobis

1818 4866 1998 4937 (Joan.
2043 4865 2199 4931 vui)?
2233 4881 2339 4919 non
2367 4875 2482 4919 crat
2510 4867 2671 4920 homo
2694 4873 2923 4929 tantum.
2955 4867 3048 4922 sed
3070 4875 3124 4923 et
3144 4867 3305 4932 Deus,
3337 4883 3392 4919 ct

1818 4956 2003 5009 dicens
2040 4974 2052 5009 :
2087 4955 2200 5025 Ego
2224 4964 2275 5008 et
2317 4954 2476 5008 Pater
2501 4972 2663 5011 unum
2706 4971 2885 5008 sumus
2917 4956 3097 5028 (Joan.
3136 4956 3194 5027 Χ)
3236 4971 3248 5008 :
3285 4973 3390 5011 non

1816 5046 2049 5117 denegat
2097 5057 2347 5104 naturam
2384 5058 2626 5103 nostram
2659 5066 2671 5102 :
2704 5048 2943 5101 humano
2977 5051 3176 5122 quippe
3215 5063 3309 5102 ore
3333 5062 3395 5100 ac

1817 5138 2070 5204 organica
2103 5142 2218 5194 luce
2262 5139 2457 5192 asserit
2498 5140 2700 5211 lingua.
2753 5135 3100 5198 Honoramus
3136 5143 3312 5207 autem
3346 5147 3401 5188 ct

1817 5227 2109 5285 adoramus
2155 5228 2315 5282 etiam
2365 5228 2697 5285 intemerata:
2730 5223 2847 5289 ejus
2882 5228 3178 5306 imaginem
3206 5234 3404 5281 sancta

1822 5316 1910 5354 nni
1938 5316 2232 5356 Cauniis-init:
2263 5326 2312 5352 nl
2362 5316 2720 5356 imrnnnnlntm
2755 5315 2993 5360 t'lnminrn
3037 5327 3253 5362 unci-‘0)-
3288 5330 3404 5360 mi"
