  <div class='ocr_page' id='page_1' title='image "/cluster/home/n/w/nwhite01/storage/ocr_20150623/129/hvd.32044015471709/139.png"; bbox 0 0 3924 5564; ppageno 0'>
   <div class='ocr_carea' id='block_1_1' title="bbox 579 407 686 465">
    <p class='ocr_par' dir='ltr' id='par_1_1' title="bbox 579 407 686 465">
     <span class='ocr_line' id='line_1_1' title="bbox 579 407 686 465; baseline 0 -2"><span class='ocrx_word' id='word_1_1' title='bbox 579 407 686 465; x_wconf 72' lang='lat'><strong>967</strong></span> 
     </span>
    </p>
   </div>
   <div class='ocr_carea' id='block_1_2' title="bbox 1703 404 2630 466">
    <p class='ocr_par' dir='ltr' id='par_1_2' title="bbox 1703 404 2630 466">
     <span class='ocr_line' id='line_1_2' title="bbox 1703 404 2630 466; baseline 0.004 -6"><span class='ocrx_word' id='word_1_2' title='bbox 1703 404 2060 463; x_wconf 80' lang='lat' dir='ltr'><strong>ANASTASII</strong></span> <span class='ocrx_word' id='word_1_3' title='bbox 2094 406 2532 466; x_wconf 75' lang='lat' dir='ltr'><strong>BIBLIOTIIECA</strong></span> <span class='ocrx_word' id='word_1_4' title='bbox 2543 410 2630 465; x_wconf 82' lang='lat' dir='ltr'><strong>Rll</strong></span> 
     </span>
    </p>
   </div>
   <div class='ocr_carea' id='block_1_3' title="bbox 3701 417 3797 472">
    <p class='ocr_par' dir='ltr' id='par_1_3' title="bbox 3701 417 3797 472">
     <span class='ocr_line' id='line_1_3' title="bbox 3701 417 3797 472; baseline 0.021 -2"><span class='ocrx_word' id='word_1_5' title='bbox 3701 417 3797 472; x_wconf 67' lang='lat'><strong>208</strong></span> 
     </span>
    </p>
   </div>
   <div class='ocr_carea' id='block_1_4' title="bbox 579 515 3798 595">
    <p class='ocr_par' dir='ltr' id='par_1_4' title="bbox 579 515 3798 595">
     <span class='ocr_line' id='line_1_4' title="bbox 579 515 3798 595; baseline 0.003 -22"><span class='ocrx_word' id='word_1_6' title='bbox 579 519 875 574; x_wconf 88' lang='lat' dir='ltr'><strong>amicorum</strong></span> <span class='ocrx_word' id='word_1_7' title='bbox 903 515 1201 588; x_wconf 81' lang='lat' dir='ltr'><strong>imagines:</strong></span> <span class='ocrx_word' id='word_1_8' title='bbox 1232 531 1339 572; x_wconf 84' lang='lat' dir='ltr'><strong>non</strong></span> <span class='ocrx_word' id='word_1_9' title='bbox 1373 517 1610 572; x_wconf 69' lang='lat' dir='ltr'><strong>materia:</strong></span> <span class='ocrx_word' id='word_1_10' title='bbox 1630 517 1712 572; x_wconf 89' lang='lat' dir='ltr'><strong>vel</strong></span> <span class='ocrx_word' id='word_1_11' title='bbox 1737 518 2004 573; x_wconf 88' lang='lat' dir='ltr'><strong>coloribus</strong></span> <span class='ocrx_word' id='word_1_12' title='bbox 2026 519 2140 574; x_wconf 84' lang='lat' dir='ltr'><strong>cul-</strong></span> <span class='ocrx_word' id='word_1_13' title='bbox 2168 533 2217 590; x_wconf 71' lang='grc' dir='ltr'>Α</span> <span class='ocrx_word' id='word_1_14' title='bbox 2243 539 2386 578; x_wconf 90' lang='lat' dir='ltr'><strong>nunc</strong></span> <span class='ocrx_word' id='word_1_15' title='bbox 2411 523 2564 578; x_wconf 76' lang='lat' dir='ltr'><strong>lectze</strong></span> <span class='ocrx_word' id='word_1_16' title='bbox 2597 531 2740 589; x_wconf 88' lang='lat' dir='ltr'><strong>sunt,</strong></span> <span class='ocrx_word' id='word_1_17' title='bbox 2775 537 3000 595; x_wconf 68' lang='lat' dir='ltr'><strong>qumque</strong></span> <span class='ocrx_word' id='word_1_18' title='bbox 3035 525 3100 580; x_wconf 90' lang='lat' dir='ltr'><strong>de</strong></span> <span class='ocrx_word' id='word_1_19' title='bbox 3123 524 3344 582; x_wconf 86' lang='lat' dir='ltr'><strong>Oriente</strong></span> <span class='ocrx_word' id='word_1_20' title='bbox 3387 527 3565 582; x_wconf 68' lang='lat' dir='ltr'><strong>missa:</strong></span> <span class='ocrx_word' id='word_1_21' title='bbox 3597 527 3798 583; x_wconf 66' lang='lat' dir='ltr'><strong>inierunt</strong></span> 
     </span>
    </p>
   </div>
   <div class='ocr_carea' id='block_1_5' title="bbox 581 608 2140 680">
    <p class='ocr_par' dir='ltr' id='par_1_5' title="bbox 581 608 2140 680">
     <span class='ocr_line' id='line_1_5' title="bbox 581 608 2140 680; baseline 0.001 -16"><span class='ocrx_word' id='word_1_22' title='bbox 581 621 696 665; x_wconf 87' lang='lat' dir='ltr'><strong>tum</strong></span> <span class='ocrx_word' id='word_1_23' title='bbox 731 608 1037 674; x_wconf 64' lang='lat' dir='ltr'><strong>aliercntes,</strong></span> <span class='ocrx_word' id='word_1_24' title='bbox 1065 609 1159 664; x_wconf 90' lang='lat' dir='ltr'><strong>sed</strong></span> <span class='ocrx_word' id='word_1_25' title='bbox 1203 624 1300 678; x_wconf 88' lang='lat' dir='ltr'><strong>per</strong></span> <span class='ocrx_word' id='word_1_26' title='bbox 1326 610 1439 664; x_wconf 77' lang='lat' dir='ltr'><strong>lucc</strong></span> <span class='ocrx_word' id='word_1_27' title='bbox 1488 609 1910 680; x_wconf 89' lang='lat' dir='ltr'><strong>intelligibilibus</strong></span> <span class='ocrx_word' id='word_1_28' title='bbox 1938 611 2140 665; x_wconf 84' lang='lat' dir='ltr'><strong>visibus</strong></span> 
     </span>
    </p>
   </div>
   <div class='ocr_carea' id='block_1_6' title="bbox 575 697 2137 771">
    <p class='ocr_par' dir='ltr' id='par_1_6' title="bbox 575 697 2137 771">
     <span class='ocr_line' id='line_1_6' title="bbox 575 697 2137 771; baseline 0.002 -18"><span class='ocrx_word' id='word_1_29' title='bbox 575 700 642 753; x_wconf 88' lang='lat' dir='ltr'><strong>ad</strong></span> <span class='ocrx_word' id='word_1_30' title='bbox 674 699 1019 769; x_wconf 78' lang='lat' dir='ltr'><strong>principalem</strong></span> <span class='ocrx_word' id='word_1_31' title='bbox 1069 697 1408 771; x_wconf 83' lang='lat' dir='ltr'><strong>[principale]</strong></span> <span class='ocrx_word' id='word_1_32' title='bbox 1468 700 1705 764; x_wconf 87' lang='lat' dir='ltr'><strong>adducti,</strong></span> <span class='ocrx_word' id='word_1_33' title='bbox 1759 701 2018 756; x_wconf 88' lang='lat' dir='ltr'><strong>honorem</strong></span> <span class='ocrx_word' id='word_1_34' title='bbox 2060 702 2137 756; x_wconf 91' lang='lat' dir='ltr'><strong>illi</strong></span> 
     </span>
    </p>
   </div>
   <div class='ocr_carea' id='block_1_7' title="bbox 576 791 2139 858">
    <p class='ocr_par' dir='ltr' id='par_1_7' title="bbox 576 791 2139 858">
     <span class='ocr_line' id='line_1_7' title="bbox 576 791 2139 858; baseline 0.002 -14"><span class='ocrx_word' id='word_1_35' title='bbox 576 791 814 844; x_wconf 83' lang='lat' dir='ltr'><strong>debitum</strong></span> <span class='ocrx_word' id='word_1_36' title='bbox 862 791 1221 858; x_wconf 90' lang='lat' dir='ltr'><strong>impendimus</strong></span> <span class='ocrx_word' id='word_1_37' title='bbox 1250 808 1262 842; x_wconf 89' lang='lat'>:</span> <span class='ocrx_word' id='word_1_38' title='bbox 1296 791 1528 845; x_wconf 85' lang='lat' dir='ltr'><strong>scientes</strong></span> <span class='ocrx_word' id='word_1_39' title='bbox 1559 792 1856 846; x_wconf 85' lang='lat' dir='ltr'><strong>secundum</strong></span> <span class='ocrx_word' id='word_1_40' title='bbox 1882 792 2139 847; x_wconf 80' lang='lat' dir='ltr'><strong>Basiliutn</strong></span> 
     </span>
    </p>
   </div>
   <div class='ocr_carea' id='block_1_8' title="bbox 576 867 2140 948">
    <p class='ocr_par' dir='ltr' id='par_1_8' title="bbox 576 867 2140 948">
     <span class='ocr_line' id='line_1_8' title="bbox 576 867 2140 948; baseline 0.003 -18"><span class='ocrx_word' id='word_1_41' title='bbox 576 892 852 946; x_wconf 85' lang='lat' dir='ltr'><strong>magnum,</strong></span> <span class='ocrx_word' id='word_1_42' title='bbox 868 877 1008 945; x_wconf 88' lang='lat' dir='ltr'><strong>quod</strong></span> <span class='ocrx_word' id='word_1_43' title='bbox 1036 877 1283 947; x_wconf 80' lang='lat' dir='ltr'><strong>imaginis</strong></span> <span class='ocrx_word' id='word_1_44' title='bbox 1304 867 1477 932; x_wconf 81' lang='lat' dir='ltr'><strong>honor</strong></span> <span class='ocrx_word' id='word_1_45' title='bbox 1497 879 1564 932; x_wconf 87' lang='lat' dir='ltr'><strong>ad</strong></span> <span class='ocrx_word' id='word_1_46' title='bbox 1587 879 1935 948; x_wconf 71' lang='lat' dir='ltr'><strong>principalem</strong></span> <span class='ocrx_word' id='word_1_47' title='bbox 1962 889 2140 934; x_wconf 81' lang='lat' dir='ltr'><strong>trans-</strong></span> 
     </span>
    </p>
   </div>
   <div class='ocr_carea' id='block_1_9' title="bbox 573 966 2139 1039">
    <p class='ocr_par' dir='ltr' id='par_1_9' title="bbox 573 966 2139 1039">
     <span class='ocr_line' id='line_1_9' title="bbox 573 966 2139 1039; baseline 0.002 -19"><span class='ocrx_word' id='word_1_48' title='bbox 573 977 683 1020; x_wconf 86' lang='lat' dir='ltr'><strong>eat.</strong></span> <span class='ocrx_word' id='word_1_49' title='bbox 711 966 878 1021; x_wconf 88' lang='lat' dir='ltr'><strong>Porro</strong></span> <span class='ocrx_word' id='word_1_50' title='bbox 905 967 1029 1035; x_wconf 91' lang='lat' dir='ltr'><strong>quia</strong></span> <span class='ocrx_word' id='word_1_51' title='bbox 1070 967 1307 1020; x_wconf 83' lang='lat' dir='ltr'><strong>nonnulli</strong></span> <span class='ocrx_word' id='word_1_52' title='bbox 1337 968 1724 1022; x_wconf 88' lang='lat' dir='ltr'><strong>contentiosius</strong></span> <span class='ocrx_word' id='word_1_53' title='bbox 1760 980 1944 1039; x_wconf 88' lang='lat' dir='ltr'><strong>agunt,</strong></span> <span class='ocrx_word' id='word_1_54' title='bbox 1973 979 2028 1023; x_wconf 90' lang='lat' dir='ltr'><strong>et</strong></span> <span class='ocrx_word' id='word_1_55' title='bbox 2052 969 2139 1024; x_wconf 84' lang='lat' dir='ltr'><strong>di-</strong></span> 
     </span>
    </p>
   </div>
   <div class='ocr_carea' id='block_1_10' title="bbox 575 1060 2136 1130">
    <p class='ocr_par' dir='ltr' id='par_1_10' title="bbox 575 1060 2136 1130">
     <span class='ocr_line' id='line_1_10' title="bbox 575 1060 2136 1130; baseline -0.003 -14"><span class='ocrx_word' id='word_1_56' title='bbox 575 1070 702 1116; x_wconf 82' lang='lat' dir='ltr'><strong>cunt</strong></span> <span class='ocrx_word' id='word_1_57' title='bbox 741 1076 844 1115; x_wconf 93' lang='lat' dir='ltr'><strong>non</strong></span> <span class='ocrx_word' id='word_1_58' title='bbox 891 1069 1141 1130; x_wconf 85' lang='lat' dir='ltr'><strong>oportere</strong></span> <span class='ocrx_word' id='word_1_59' title='bbox 1205 1073 1516 1114; x_wconf 90' lang='lat' dir='ltr'><strong>sanctorum</strong></span> <span class='ocrx_word' id='word_1_60' title='bbox 1576 1060 1836 1130; x_wconf 77' lang='lat' dir='ltr'><strong>imagines</strong></span> <span class='ocrx_word' id='word_1_61' title='bbox 1890 1061 2136 1126; x_wconf 77' lang='lat' dir='ltr'><strong>adorare,</strong></span> 
     </span>
    </p>
   </div>
   <div class='ocr_carea' id='block_1_11' title="bbox 575 1149 2138 1217">
    <p class='ocr_par' dir='ltr' id='par_1_11' title="bbox 575 1149 2138 1217">
     <span class='ocr_line' id='line_1_11' title="bbox 575 1149 2138 1217; baseline -0.001 -10"><span class='ocrx_word' id='word_1_62' title='bbox 575 1167 696 1207; x_wconf 88' lang='lat' dir='ltr'><strong>cum</strong></span> <span class='ocrx_word' id='word_1_63' title='bbox 738 1152 847 1208; x_wconf 86' lang='lat' dir='ltr'><strong>sint</strong></span> <span class='ocrx_word' id='word_1_64' title='bbox 894 1150 1244 1217; x_wconf 69' lang='lat' dir='ltr'><strong>manufaetaa;</strong></span> <span class='ocrx_word' id='word_1_65' title='bbox 1297 1151 1584 1207; x_wconf 89' lang='lat' dir='ltr'><strong>simulacra</strong></span> <span class='ocrx_word' id='word_1_66' title='bbox 1637 1149 1830 1207; x_wconf 89' lang='lat' dir='ltr'><strong>stolide</strong></span> <span class='ocrx_word' id='word_1_67' title='bbox 1877 1153 1996 1216; x_wconf 87' lang='lat' dir='ltr'><strong>has,</strong></span> <span class='ocrx_word' id='word_1_68' title='bbox 2030 1151 2138 1206; x_wconf 92' lang='lat' dir='ltr'><strong>imo</strong></span> 
     </span>
    </p>
   </div>
   <div class='ocr_carea' id='block_1_12' title="bbox 573 1240 2135 1310">
    <p class='ocr_par' dir='ltr' id='par_1_12' title="bbox 573 1240 2135 1310">
     <span class='ocr_line' id='line_1_12' title="bbox 573 1240 2135 1310; baseline -0.001 -16"><span class='ocrx_word' id='word_1_69' title='bbox 573 1240 734 1309; x_wconf 82' lang='lat' dir='ltr'><strong>impie</strong></span> <span class='ocrx_word' id='word_1_70' title='bbox 776 1247 1144 1310; x_wconf 81' lang='lat' dir='ltr'><strong>uuncupantes</strong></span> <span class='ocrx_word' id='word_1_71' title='bbox 1198 1260 1212 1293; x_wconf 88' lang='lat'><strong>:</strong></span> <span class='ocrx_word' id='word_1_72' title='bbox 1254 1240 1502 1295; x_wconf 84' lang='lat' dir='ltr'><strong>noverint</strong></span> <span class='ocrx_word' id='word_1_73' title='bbox 1553 1241 1644 1310; x_wconf 89' lang='lat' dir='ltr'><strong>qui</strong></span> <span class='ocrx_word' id='word_1_74' title='bbox 1690 1240 1950 1310; x_wconf 84' lang='lat' dir='ltr'><strong>ejusmodi</strong></span> <span class='ocrx_word' id='word_1_75' title='bbox 1989 1250 2135 1306; x_wconf 90' lang='lat' dir='ltr'><strong>sunt,</strong></span> 
     </span>
    </p>
   </div>
   <div class='ocr_carea' id='block_1_13' title="bbox 571 1331 2134 1401">
    <p class='ocr_par' dir='ltr' id='par_1_13' title="bbox 571 1331 2134 1401">
     <span class='ocr_line' id='line_1_13' title="bbox 571 1331 2134 1401; baseline 0.001 -19"><span class='ocrx_word' id='word_1_76' title='bbox 571 1333 710 1401; x_wconf 85' lang='lat' dir='ltr'><strong>quod</strong></span> <span class='ocrx_word' id='word_1_77' title='bbox 737 1331 1036 1396; x_wconf 84' lang='lat' dir='ltr'><strong>cherubim,</strong></span> <span class='ocrx_word' id='word_1_78' title='bbox 1058 1340 1112 1386; x_wconf 92' lang='lat' dir='ltr'><strong>et</strong></span> <span class='ocrx_word' id='word_1_79' title='bbox 1136 1332 1587 1400; x_wconf 87' lang='lat' dir='ltr'><strong>propitiatorium,</strong></span> <span class='ocrx_word' id='word_1_80' title='bbox 1609 1339 1665 1387; x_wconf 90' lang='lat' dir='ltr'><strong>et</strong></span> <span class='ocrx_word' id='word_1_81' title='bbox 1689 1332 1836 1396; x_wconf 70' lang='lat' dir='ltr'><strong>arca,‘</strong></span> <span class='ocrx_word' id='word_1_82' title='bbox 1857 1340 1911 1385; x_wconf 85' lang='lat' dir='ltr'><strong>et</strong></span> <span class='ocrx_word' id='word_1_83' title='bbox 1932 1347 2134 1397; x_wconf 90' lang='lat' dir='ltr'><strong>mensa,</strong></span> 
     </span>
    </p>
   </div>
   <div class='ocr_carea' id='block_1_14' title="bbox 567 1418 2134 1496">
    <p class='ocr_par' dir='ltr' id='par_1_14' title="bbox 567 1418 2134 1496">
     <span class='ocr_line' id='line_1_14' title="bbox 567 1418 2134 1496; baseline 0.002 -21"><span class='ocrx_word' id='word_1_84' title='bbox 567 1418 688 1494; x_wconf 64' lang='lat' dir='ltr'><strong>quae</strong></span> <span class='ocrx_word' id='word_1_85' title='bbox 706 1423 911 1496; x_wconf 82' lang='lat' dir='ltr'><strong>Moyses</strong></span> <span class='ocrx_word' id='word_1_86' title='bbox 931 1424 1329 1479; x_wconf 87' lang='lat' dir='ltr'><strong>sacratissimus</strong></span> <span class='ocrx_word' id='word_1_87' title='bbox 1341 1424 1522 1479; x_wconf 91' lang='lat' dir='ltr'><strong>divino</strong></span> <span class='ocrx_word' id='word_1_88' title='bbox 1537 1433 1802 1494; x_wconf 64' lang='lat' dir='ltr'><strong>prmeepte</strong></span> <span class='ocrx_word' id='word_1_89' title='bbox 1817 1425 2134 1489; x_wconf 80' lang='lat' dir='ltr'><strong>construxit,</strong></span> 
     </span>
    </p>
   </div>
   <div class='ocr_carea' id='block_1_15' title="bbox 571 1515 2134 1580">
    <p class='ocr_par' dir='ltr' id='par_1_15' title="bbox 571 1515 2134 1580">
     <span class='ocr_line' id='line_1_15' title="bbox 571 1515 2134 1580; baseline -0.001 -10"><span class='ocrx_word' id='word_1_90' title='bbox 571 1515 874 1570; x_wconf 80' lang='lat' dir='ltr'><strong>manufacta</strong></span> <span class='ocrx_word' id='word_1_91' title='bbox 928 1525 1102 1580; x_wconf 84' lang='lat' dir='ltr'><strong>erant,</strong></span> <span class='ocrx_word' id='word_1_92' title='bbox 1155 1523 1208 1568; x_wconf 91' lang='lat' dir='ltr'><strong>et</strong></span> <span class='ocrx_word' id='word_1_93' title='bbox 1251 1515 1616 1570; x_wconf 88' lang='lat' dir='ltr'><strong>adorabantur</strong></span> <span class='ocrx_word' id='word_1_94' title='bbox 1648 1532 1663 1569; x_wconf 88' lang='lat'><strong>:</strong></span> <span class='ocrx_word' id='word_1_95' title='bbox 1695 1525 1912 1571; x_wconf 87' lang='lat' dir='ltr'><strong>accusat</strong></span> <span class='ocrx_word' id='word_1_96' title='bbox 1957 1525 2134 1570; x_wconf 88' lang='lat' dir='ltr'><strong>autem</strong></span> 
     </span>
    </p>
   </div>
   <div class='ocr_carea' id='block_1_16' title="bbox 569 1607 2132 1678">
    <p class='ocr_par' dir='ltr' id='par_1_16' title="bbox 569 1607 2132 1678">
     <span class='ocr_line' id='line_1_16' title="bbox 569 1607 2132 1678; baseline 0 -16"><span class='ocrx_word' id='word_1_97' title='bbox 569 1607 749 1662; x_wconf 90' lang='lat' dir='ltr'><strong>divina</strong></span> <span class='ocrx_word' id='word_1_98' title='bbox 797 1607 1076 1676; x_wconf 90' lang='lat' dir='ltr'><strong>Scriptura</strong></span> <span class='ocrx_word' id='word_1_99' title='bbox 1116 1621 1210 1662; x_wconf 93' lang='lat' dir='ltr'><strong>eos</strong></span> <span class='ocrx_word' id='word_1_100' title='bbox 1239 1607 1329 1676; x_wconf 88' lang='lat' dir='ltr'><strong>qui</strong></span> <span class='ocrx_word' id='word_1_101' title='bbox 1375 1609 1605 1662; x_wconf 87' lang='lat' dir='ltr'><strong>adorant</strong></span> <span class='ocrx_word' id='word_1_102' title='bbox 1642 1607 1909 1678; x_wconf 90' lang='lat' dir='ltr'><strong>sculptilia</strong></span> <span class='ocrx_word' id='word_1_103' title='bbox 1960 1607 2132 1678; x_wconf 74' lang='lat' dir='ltr'><strong>(Pani.</strong></span> 
     </span>
    </p>
   </div>
   <div class='ocr_carea' id='block_1_17' title="bbox 569 1696 2135 1766">
    <p class='ocr_par' dir='ltr' id='par_1_17' title="bbox 569 1696 2135 1766">
     <span class='ocr_line' id='line_1_17' title="bbox 569 1696 2135 1766; baseline 0.001 -16"><span class='ocrx_word' id='word_1_104' title='bbox 569 1711 690 1752; x_wconf 70' lang='lat' dir='ltr'><strong>xcv:</strong></span> <span class='ocrx_word' id='word_1_105' title='bbox 716 1713 731 1760; x_wconf 86' lang='lat'><strong>;</strong></span> <span class='ocrx_word' id='word_1_106' title='bbox 757 1696 866 1750; x_wconf 76' lang='grc' dir='ltr'><strong>ιω.</strong></span> <span class='ocrx_word' id='word_1_107' title='bbox 901 1696 1065 1766; x_wconf 77' lang='lat' dir='ltr'><strong>xw);</strong></span> <span class='ocrx_word' id='word_1_108' title='bbox 1096 1697 1188 1750; x_wconf 90' lang='lat' dir='ltr'><strong>sed</strong></span> <span class='ocrx_word' id='word_1_109' title='bbox 1217 1705 1271 1750; x_wconf 89' lang='lat' dir='ltr'><strong>et</strong></span> <span class='ocrx_word' id='word_1_110' title='bbox 1300 1696 1420 1751; x_wconf 91' lang='lat' dir='ltr'><strong>illos</strong></span> <span class='ocrx_word' id='word_1_111' title='bbox 1455 1697 1547 1766; x_wconf 88' lang='lat' dir='ltr'><strong>qui</strong></span> <span class='ocrx_word' id='word_1_112' title='bbox 1578 1697 1906 1754; x_wconf 72' lang='lat' dir='ltr'><strong>daemonibus</strong></span> <span class='ocrx_word' id='word_1_113' title='bbox 1948 1697 2135 1751; x_wconf 86' lang='lat' dir='ltr'><strong>inuno-</strong></span> 
     </span>
    </p>
   </div>
   <div class='ocr_carea' id='block_1_18' title="bbox 567 1784 2136 1856">
    <p class='ocr_par' dir='ltr' id='par_1_18' title="bbox 567 1784 2136 1856">
     <span class='ocr_line' id='line_1_18' title="bbox 567 1784 2136 1856; baseline -0.001 -14"><span class='ocrx_word' id='word_1_114' title='bbox 567 1786 697 1842; x_wconf 84' lang='lat' dir='ltr'><strong>lant.</strong></span> <span class='ocrx_word' id='word_1_115' title='bbox 738 1786 804 1841; x_wconf 88' lang='lat' dir='ltr'><strong>Et</strong></span> <span class='ocrx_word' id='word_1_116' title='bbox 837 1787 1050 1855; x_wconf 86' lang='lat' dir='ltr'><strong>quidem</strong></span> <span class='ocrx_word' id='word_1_117' title='bbox 1091 1784 1357 1854; x_wconf 82' lang='lat' dir='ltr'><strong>abjectum</strong></span> <span class='ocrx_word' id='word_1_118' title='bbox 1397 1793 1514 1840; x_wconf 88' lang='lat' dir='ltr'><strong>erat</strong></span> <span class='ocrx_word' id='word_1_119' title='bbox 1549 1799 1878 1856; x_wconf 78' lang='lat' dir='ltr'><strong>paganorum</strong></span> <span class='ocrx_word' id='word_1_120' title='bbox 1923 1787 2136 1842; x_wconf 76' lang='lat' dir='ltr'><strong>sacriﬁ-</strong></span> 
     </span>
    </p>
   </div>
   <div class='ocr_carea' id='block_1_19' title="bbox 2247 613 3797 688">
    <p class='ocr_par' dir='ltr' id='par_1_19' title="bbox 2247 613 3797 688">
     <span class='ocr_line' id='line_1_19' title="bbox 2247 613 3797 688; baseline 0.005 -22"><span class='ocrx_word' id='word_1_121' title='bbox 2247 614 2314 668; x_wconf 90' lang='lat' dir='ltr'><strong>ad</strong></span> <span class='ocrx_word' id='word_1_122' title='bbox 2359 613 2639 668; x_wconf 86' lang='lat' dir='ltr'><strong>Tarasium</strong></span> <span class='ocrx_word' id='word_1_123' title='bbox 2669 614 3064 668; x_wconf 91' lang='lat' dir='ltr'><strong>sanctissimum</strong></span> <span class='ocrx_word' id='word_1_124' title='bbox 3113 614 3575 687; x_wconf 84' lang='lat' dir='ltr'><strong>archiepiscopum</strong></span> <span class='ocrx_word' id='word_1_125' title='bbox 3621 628 3675 673; x_wconf 77' lang='lat' dir='ltr'><strong>et</strong></span> <span class='ocrx_word' id='word_1_126' title='bbox 3703 635 3797 688; x_wconf 64' lang='grc' dir='ltr'><strong>μυ</strong></span> 
     </span>
    </p>
   </div>
   <div class='ocr_carea' id='block_1_20' title="bbox 2246 691 3800 777">
    <p class='ocr_par' dir='ltr' id='par_1_20' title="bbox 2246 691 3800 777">
     <span class='ocr_line' id='line_1_20' title="bbox 2246 691 3800 777; baseline 0.004 -20"><span class='ocrx_word' id='word_1_127' title='bbox 2246 705 2559 766; x_wconf 86' lang='lat' dir='ltr'><strong>triarcham.</strong></span> <span class='ocrx_word' id='word_1_128' title='bbox 2605 720 2634 758; x_wconf 93' lang='lat' dir='ltr'><strong>a</strong></span> <span class='ocrx_word' id='word_1_129' title='bbox 2666 705 2976 759; x_wconf 77' lang='lat' dir='ltr'><strong>deﬁnitione</strong></span> <span class='ocrx_word' id='word_1_130' title='bbox 3024 691 3144 760; x_wconf 74' lang='lat' dir='ltr'><strong>fidei</strong></span> <span class='ocrx_word' id='word_1_131' title='bbox 3187 722 3348 776; x_wconf 87' lang='lat' dir='ltr'><strong>quam</strong></span> <span class='ocrx_word' id='word_1_132' title='bbox 3386 707 3501 777; x_wconf 90' lang='lat' dir='ltr'><strong>ipse</strong></span> <span class='ocrx_word' id='word_1_133' title='bbox 3535 718 3659 763; x_wconf 86' lang='lat' dir='ltr'><strong>ante</strong></span> <span class='ocrx_word' id='word_1_134' title='bbox 3686 724 3800 763; x_wconf 89' lang='lat' dir='ltr'><strong>con-</strong></span> 
     </span>
    </p>
   </div>
   <div class='ocr_carea' id='block_1_21' title="bbox 2246 793 3802 867">
    <p class='ocr_par' dir='ltr' id='par_1_21' title="bbox 2246 793 3802 867">
     <span class='ocr_line' id='line_1_21' title="bbox 2246 793 3802 867; baseline 0.002 -21"><span class='ocrx_word' id='word_1_135' title='bbox 2246 793 2419 849; x_wconf 80' lang='lat' dir='ltr'><strong>fessus</strong></span> <span class='ocrx_word' id='word_1_136' title='bbox 2455 793 2651 854; x_wconf 81' lang='lat' dir='ltr'><strong>fuerat.</strong></span> <span class='ocrx_word' id='word_1_137' title='bbox 2697 794 2975 849; x_wconf 89' lang='lat' dir='ltr'><strong>inveniens</strong></span> <span class='ocrx_word' id='word_1_138' title='bbox 3013 801 3068 849; x_wconf 91' lang='lat' dir='ltr'><strong>et</strong></span> <span class='ocrx_word' id='word_1_139' title='bbox 3112 809 3214 865; x_wconf 88' lang='lat' dir='ltr'><strong>ego</strong></span> <span class='ocrx_word' id='word_1_140' title='bbox 3260 796 3530 867; x_wconf 88' lang='lat' dir='ltr'><strong>indignus,</strong></span> <span class='ocrx_word' id='word_1_141' title='bbox 3564 795 3646 850; x_wconf 89' lang='lat' dir='ltr'><strong>bis</strong></span> <span class='ocrx_word' id='word_1_142' title='bbox 3683 811 3802 850; x_wconf 83' lang='lat' dir='ltr'><strong>eon-</strong></span> 
     </span>
    </p>
   </div>
   <div class='ocr_carea' id='block_1_22' title="bbox 2245 882 3802 953">
    <p class='ocr_par' dir='ltr' id='par_1_22' title="bbox 2245 882 3802 953">
     <span class='ocr_line' id='line_1_22' title="bbox 2245 882 3802 953; baseline 0 -15"><span class='ocrx_word' id='word_1_143' title='bbox 2245 884 2419 938; x_wconf 88' lang='lat' dir='ltr'><strong>sentio</strong></span> <span class='ocrx_word' id='word_1_144' title='bbox 2445 892 2500 936; x_wconf 89' lang='lat' dir='ltr'><strong>et</strong></span> <span class='ocrx_word' id='word_1_145' title='bbox 2529 898 2754 937; x_wconf 89' lang='lat' dir='ltr'><strong>concors</strong></span> <span class='ocrx_word' id='word_1_146' title='bbox 2782 882 3004 947; x_wconf 77' lang='lat' dir='ltr'><strong>eﬂieior,</strong></span> <span class='ocrx_word' id='word_1_147' title='bbox 3037 883 3339 953; x_wconf 87' lang='lat' dir='ltr'><strong>suscipiens</strong></span> <span class='ocrx_word' id='word_1_148' title='bbox 3382 892 3437 938; x_wconf 92' lang='lat' dir='ltr'><strong>et</strong></span> <span class='ocrx_word' id='word_1_149' title='bbox 3479 882 3802 952; x_wconf 84' lang='lat' dir='ltr'><strong>amplectens</strong></span> 
     </span>
    </p>
   </div>
   <div class='ocr_carea' id='block_1_23' title="bbox 2245 970 3801 1042">
    <p class='ocr_par' dir='ltr' id='par_1_23' title="bbox 2245 970 3801 1042">
     <span class='ocr_line' id='line_1_23' title="bbox 2245 970 3801 1042; baseline 0.002 -18"><span class='ocrx_word' id='word_1_150' title='bbox 2245 970 2631 1025; x_wconf 70' lang='lat' dir='ltr'><strong>honorabiliter</strong></span> <span class='ocrx_word' id='word_1_151' title='bbox 2655 979 2871 1026; x_wconf 87' lang='lat' dir='ltr'><strong>sanctas</strong></span> <span class='ocrx_word' id='word_1_152' title='bbox 2896 981 2949 1024; x_wconf 88' lang='lat' dir='ltr'><strong>et</strong></span> <span class='ocrx_word' id='word_1_153' title='bbox 2975 971 3306 1026; x_wconf 83' lang='lat' dir='ltr'><strong>venerabiles</strong></span> <span class='ocrx_word' id='word_1_154' title='bbox 3329 973 3590 1042; x_wconf 75' lang='lat' dir='ltr'><strong>imagines</strong></span> <span class='ocrx_word' id='word_1_155' title='bbox 3613 990 3631 1027; x_wconf 86' lang='lat'><strong><em>:</em></strong></span> <span class='ocrx_word' id='word_1_156' title='bbox 3653 983 3801 1042; x_wconf 86' lang='lat' dir='ltr'><strong>atque</strong></span> 
     </span>
    </p>
   </div>
   <div class='ocr_carea' id='block_1_24' title="bbox 2243 1060 3800 1129">
    <p class='ocr_par' dir='ltr' id='par_1_24' title="bbox 2243 1060 3800 1129">
     <span class='ocr_line' id='line_1_24' title="bbox 2243 1060 3800 1129; baseline 0.001 -16"><span class='ocrx_word' id='word_1_157' title='bbox 2243 1060 2612 1114; x_wconf 84' lang='lat' dir='ltr'><strong>adorationctu</strong></span> <span class='ocrx_word' id='word_1_158' title='bbox 2643 1075 2760 1129; x_wconf 67' lang='lat' dir='ltr'><strong>quae</strong></span> <span class='ocrx_word' id='word_1_159' title='bbox 2785 1075 2881 1129; x_wconf 83' lang='lat' dir='ltr'><strong>per</strong></span> <span class='ocrx_word' id='word_1_160' title='bbox 2909 1061 3146 1125; x_wconf 71' lang='lat' dir='ltr'><strong>latriam,</strong></span> <span class='ocrx_word' id='word_1_161' title='bbox 3194 1062 3246 1114; x_wconf 89' lang='lat' dir='ltr'><strong>id</strong></span> <span class='ocrx_word' id='word_1_162' title='bbox 3290 1070 3395 1126; x_wconf 71' lang='grc' dir='ltr'><strong>εει,</strong></span> <span class='ocrx_word' id='word_1_163' title='bbox 3438 1062 3548 1116; x_wconf 93' lang='lat' dir='ltr'><strong>Deo</strong></span> <span class='ocrx_word' id='word_1_164' title='bbox 3577 1061 3800 1116; x_wconf 85' lang='lat' dir='ltr'><strong>debitam</strong></span> 
     </span>
    </p>
   </div>
   <div class='ocr_carea' id='block_1_25' title="bbox 2243 1149 3801 1222">
    <p class='ocr_par' dir='ltr' id='par_1_25' title="bbox 2243 1149 3801 1222">
     <span class='ocr_line' id='line_1_25' title="bbox 2243 1149 3801 1222; baseline 0 -16"><span class='ocrx_word' id='word_1_165' title='bbox 2243 1151 2559 1206; x_wconf 83' lang='lat' dir='ltr'><strong>servitutem</strong></span> <span class='ocrx_word' id='word_1_166' title='bbox 2582 1149 2836 1215; x_wconf 81' lang='lat' dir='ltr'><strong>eilicitur,</strong></span> <span class='ocrx_word' id='word_1_167' title='bbox 2861 1151 2960 1205; x_wconf 91' lang='lat' dir='ltr'><strong>soli</strong></span> <span class='ocrx_word' id='word_1_168' title='bbox 2982 1151 3485 1222; x_wconf 86' lang='lat' dir='ltr'><strong>supersubstantiali</strong></span> <span class='ocrx_word' id='word_1_169' title='bbox 3513 1161 3568 1205; x_wconf 87' lang='lat' dir='ltr'><strong>et</strong></span> <span class='ocrx_word' id='word_1_170' title='bbox 3590 1152 3801 1206; x_wconf 75' lang='lat' dir='ltr'><strong>vivifica:</strong></span> 
     </span>
    </p>
   </div>
   <div class='ocr_carea' id='block_1_26' title="bbox 2251 1243 3797 1314">
    <p class='ocr_par' dir='ltr' id='par_1_26' title="bbox 2251 1243 3797 1314">
     <span class='ocr_line' id='line_1_26' title="bbox 2251 1243 3797 1314; baseline 0.001 -17"><span class='ocrx_word' id='word_1_171' title='bbox 2251 1243 2500 1297; x_wconf 82' lang='lat' dir='ltr'><strong>Trinitati</strong></span> <span class='ocrx_word' id='word_1_172' title='bbox 2552 1244 2817 1310; x_wconf 89' lang='lat' dir='ltr'><strong>impendo.</strong></span> <span class='ocrx_word' id='word_1_173' title='bbox 2865 1243 2929 1296; x_wconf 89' lang='lat' dir='ltr'><strong>Et</strong></span> <span class='ocrx_word' id='word_1_174' title='bbox 2957 1245 3046 1312; x_wconf 90' lang='lat' dir='ltr'><strong>qui</strong></span> <span class='ocrx_word' id='word_1_175' title='bbox 3093 1245 3164 1298; x_wconf 87' lang='lat' dir='ltr'><strong>ita</strong></span> <span class='ocrx_word' id='word_1_176' title='bbox 3204 1260 3306 1298; x_wconf 91' lang='lat' dir='ltr'><strong>non</strong></span> <span class='ocrx_word' id='word_1_177' title='bbox 3353 1245 3586 1314; x_wconf 88' lang='lat' dir='ltr'><strong>sapiunt,</strong></span> <span class='ocrx_word' id='word_1_178' title='bbox 3635 1259 3797 1314; x_wconf 82' lang='lat' dir='ltr'><strong>neque</strong></span> 
     </span>
    </p>
   </div>
   <div class='ocr_carea' id='block_1_27' title="bbox 2239 1332 3800 1403">
    <p class='ocr_par' dir='ltr' id='par_1_27' title="bbox 2239 1332 3800 1403">
     <span class='ocr_line' id='line_1_27' title="bbox 2239 1332 3800 1403; baseline 0 -14"><span class='ocrx_word' id='word_1_179' title='bbox 2239 1333 2552 1402; x_wconf 68' lang='lat' dir='ltr'><strong>prtedicant,</strong></span> <span class='ocrx_word' id='word_1_180' title='bbox 2584 1348 2613 1386; x_wconf 91' lang='lat' dir='ltr'><strong>a</strong></span> <span class='ocrx_word' id='word_1_181' title='bbox 2643 1343 2826 1387; x_wconf 87' lang='lat' dir='ltr'><strong>sancta</strong></span> <span class='ocrx_word' id='word_1_182' title='bbox 2855 1332 3118 1387; x_wconf 88' lang='lat' dir='ltr'><strong>catholica</strong></span> <span class='ocrx_word' id='word_1_183' title='bbox 3157 1342 3209 1388; x_wconf 92' lang='lat' dir='ltr'><strong>et</strong></span> <span class='ocrx_word' id='word_1_184' title='bbox 3234 1334 3526 1403; x_wconf 81' lang='lat' dir='ltr'><strong>apostolica</strong></span> <span class='ocrx_word' id='word_1_185' title='bbox 3574 1334 3800 1389; x_wconf 75' lang='lat' dir='ltr'><strong>Ecclesia</strong></span> 
     </span>
    </p>
   </div>
   <div class='ocr_carea' id='block_1_28' title="bbox 2239 1420 3797 1494">
    <p class='ocr_par' dir='ltr' id='par_1_28' title="bbox 2239 1420 3797 1494">
     <span class='ocr_line' id='line_1_28' title="bbox 2239 1420 3797 1494; baseline 0 -15"><span class='ocrx_word' id='word_1_186' title='bbox 2239 1437 2484 1494; x_wconf 83' lang='lat' dir='ltr'><strong>segrego,</strong></span> <span class='ocrx_word' id='word_1_187' title='bbox 2521 1431 2574 1477; x_wconf 89' lang='lat' dir='ltr'><strong>et</strong></span> <span class='ocrx_word' id='word_1_188' title='bbox 2601 1425 2928 1478; x_wconf 81' lang='lat' dir='ltr'><strong>anathemati</strong></span> <span class='ocrx_word' id='word_1_189' title='bbox 2959 1420 3206 1490; x_wconf 82' lang='lat' dir='ltr'><strong>subjieio,</strong></span> <span class='ocrx_word' id='word_1_190' title='bbox 3239 1434 3400 1494; x_wconf 86' lang='lat' dir='ltr'><strong>atque</strong></span> <span class='ocrx_word' id='word_1_191' title='bbox 3447 1425 3684 1492; x_wconf 85' lang='lat' dir='ltr'><strong>portioni</strong></span> <span class='ocrx_word' id='word_1_192' title='bbox 3712 1439 3797 1479; x_wconf 85' lang='lat' dir='ltr'><strong>ne-</strong></span> 
     </span>
    </p>
   </div>
   <div class='ocr_carea' id='block_1_29' title="bbox 2229 1513 3798 1585">
    <p class='ocr_par' dir='ltr' id='par_1_29' title="bbox 2229 1513 3798 1585">
     <span class='ocr_line' id='line_1_29' title="bbox 2229 1513 3798 1585; baseline 0.001 -18"><span class='ocrx_word' id='word_1_193' title='bbox 2229 1514 2477 1585; x_wconf 73' lang='lat' dir='ltr'><strong>gantium</strong></span> <span class='ocrx_word' id='word_1_194' title='bbox 2520 1513 2852 1568; x_wconf 82' lang='lat' dir='ltr'><strong>incarnatain</strong></span> <span class='ocrx_word' id='word_1_195' title='bbox 2883 1523 2948 1567; x_wconf 85' lang='lat' dir='ltr'><strong>et</strong></span> <span class='ocrx_word' id='word_1_196' title='bbox 2986 1514 3318 1568; x_wconf 77' lang='lat' dir='ltr'><strong>salutiferam</strong></span> <span class='ocrx_word' id='word_1_197' title='bbox 3353 1514 3798 1585; x_wconf 73' lang='lat' dir='ltr'><strong>dispensationem</strong></span> 
     </span>
    </p>
   </div>
   <div class='ocr_carea' id='block_1_30' title="bbox 2229 1605 3272 1661">
    <p class='ocr_par' dir='ltr' id='par_1_30' title="bbox 2229 1605 3272 1661">
     <span class='ocr_line' id='line_1_30' title="bbox 2229 1605 3272 1661; baseline -0.003 0"><span class='ocrx_word' id='word_1_198' title='bbox 2229 1605 2439 1661; x_wconf 67' lang='lat' dir='ltr'><strong>&#39;Christi</strong></span> <span class='ocrx_word' id='word_1_199' title='bbox 2473 1607 2582 1658; x_wconf 85' lang='lat' dir='ltr'><strong>veri</strong></span> <span class='ocrx_word' id='word_1_200' title='bbox 2615 1607 2706 1660; x_wconf 86' lang='lat' dir='ltr'><strong>Dei</strong></span> <span class='ocrx_word' id='word_1_201' title='bbox 2736 1607 2906 1660; x_wconf 84' lang='lat' dir='ltr'><strong>nostri</strong></span> <span class='ocrx_word' id='word_1_202' title='bbox 2938 1607 3272 1661; x_wconf 66' lang='lat' dir='ltr'><strong>transmitte.</strong></span> 
     </span>
    </p>
   </div>
   <div class='ocr_carea' id='block_1_31' title="bbox 2301 1693 3798 1768">
    <p class='ocr_par' dir='ltr' id='par_1_31' title="bbox 2301 1693 3798 1768">
     <span class='ocr_line' id='line_1_31' title="bbox 2301 1693 3798 1768; baseline 0.004 -22"><span class='ocrx_word' id='word_1_203' title='bbox 2301 1693 2536 1749; x_wconf 80' lang='lat' dir='ltr'><strong>Basilius</strong></span> <span class='ocrx_word' id='word_1_204' title='bbox 2588 1695 2958 1750; x_wconf 78' lang='lat' dir='ltr'><strong>sanctissimus</strong></span> <span class='ocrx_word' id='word_1_205' title='bbox 3003 1697 3283 1766; x_wconf 85' lang='lat' dir='ltr'><strong>episcopus</strong></span> <span class='ocrx_word' id='word_1_206' title='bbox 3327 1703 3558 1768; x_wconf 64' lang='lat' dir='ltr'><strong>Ancyrae</strong></span> <span class='ocrx_word' id='word_1_207' title='bbox 3606 1699 3737 1752; x_wconf 83' lang='lat' dir='ltr'><strong>dixit</strong></span> <span class='ocrx_word' id='word_1_208' title='bbox 3784 1717 3798 1752; x_wconf 90' lang='lat'><strong>:</strong></span> 
     </span>
    </p>
   </div>
   <div class='ocr_carea' id='block_1_32' title="bbox 2239 1783 3801 1842">
    <p class='ocr_par' dir='ltr' id='par_1_32' title="bbox 2239 1783 3801 1842">
     <span class='ocr_line' id='line_1_32' title="bbox 2239 1783 3801 1842; baseline 0.001 -2"><span class='ocrx_word' id='word_1_209' title='bbox 2239 1783 2533 1840; x_wconf 87' lang='lat' dir='ltr'><strong>Destinatis</strong></span> <span class='ocrx_word' id='word_1_210' title='bbox 2577 1785 2772 1840; x_wconf 77' lang='lat' dir='ltr'><strong>litteris</strong></span> <span class='ocrx_word' id='word_1_211' title='bbox 2800 1787 2869 1841; x_wconf 91' lang='lat' dir='ltr'><strong>ab</strong></span> <span class='ocrx_word' id='word_1_212' title='bbox 2912 1786 3154 1842; x_wconf 88' lang='lat' dir='ltr'><strong>Orientis</strong></span> <span class='ocrx_word' id='word_1_213' title='bbox 3193 1788 3556 1842; x_wconf 74' lang='lat' dir='ltr'><strong>sanctissimis</strong></span> <span class='ocrx_word' id='word_1_214' title='bbox 3586 1788 3801 1842; x_wconf 84' lang='lat' dir='ltr'><strong>sununis</strong></span> 
     </span>
    </p>
   </div>
   <div class='ocr_carea' id='block_1_33' title="bbox 567 1864 3803 1948">
    <p class='ocr_par' dir='ltr' id='par_1_33' title="bbox 567 1864 3803 1948">
     <span class='ocr_line' id='line_1_33' title="bbox 567 1864 3803 1948; baseline 0 -18"><span class='ocrx_word' id='word_1_215' title='bbox 567 1877 741 1942; x_wconf 89' lang='lat' dir='ltr'><strong>cium;</strong></span> <span class='ocrx_word' id='word_1_216' title='bbox 795 1877 888 1931; x_wconf 91' lang='lat' dir='ltr'><strong>sed</strong></span> <span class='ocrx_word' id='word_1_217' title='bbox 934 1875 1201 1943; x_wconf 87' lang='lat' dir='ltr'><strong>justerum</strong></span> <span class='ocrx_word' id='word_1_218' title='bbox 1251 1884 1530 1945; x_wconf 85' lang='lat' dir='ltr'><strong>acceptum</strong></span> <span class='ocrx_word' id='word_1_219' title='bbox 1578 1884 1663 1931; x_wconf 87' lang='lat' dir='ltr'><strong>est</strong></span> <span class='ocrx_word' id='word_1_220' title='bbox 1710 1874 1898 1947; x_wconf 84' lang='lat' dir='ltr'><strong>(Eccli.</strong></span> <span class='ocrx_word' id='word_1_221' title='bbox 1943 1876 2132 1948; x_wconf 84' lang='lat' dir='ltr'><strong>xxxv).</strong></span> <span class='ocrx_word' id='word_1_222' title='bbox 2169 1864 2609 1932; x_wconf 79' lang='lat' dir='ltr'><strong>Bsacerdotibus</strong></span> <span class='ocrx_word' id='word_1_223' title='bbox 2657 1879 2723 1931; x_wconf 90' lang='lat' dir='ltr'><strong>ad</strong></span> <span class='ocrx_word' id='word_1_224' title='bbox 2772 1879 3170 1932; x_wconf 87' lang='lat' dir='ltr'><strong>sanctissimum</strong></span> <span class='ocrx_word' id='word_1_225' title='bbox 3222 1880 3692 1948; x_wconf 73' lang='lat' dir='ltr'><strong>archiepiscopum</strong></span> <span class='ocrx_word' id='word_1_226' title='bbox 3754 1889 3803 1933; x_wconf 88' lang='lat' dir='ltr'><strong>et</strong></span> 
     </span>
    </p>
   </div>
   <div class='ocr_carea' id='block_1_34' title="bbox 565 1965 3801 2040">
    <p class='ocr_par' dir='ltr' id='par_1_34' title="bbox 565 1965 3801 2040">
     <span class='ocr_line' id='line_1_34' title="bbox 565 1965 3801 2040; baseline 0.001 -20"><span class='ocrx_word' id='word_1_227' title='bbox 565 1965 699 2020; x_wconf 84' lang='lat' dir='ltr'><strong>Cum</strong></span> <span class='ocrx_word' id='word_1_228' title='bbox 723 1980 849 2035; x_wconf 87' lang='lat' dir='ltr'><strong>ergo</strong></span> <span class='ocrx_word' id='word_1_229' title='bbox 873 1965 1155 2020; x_wconf 88' lang='lat' dir='ltr'><strong>crassioris</strong></span> <span class='ocrx_word' id='word_1_230' title='bbox 1191 1965 1472 2034; x_wconf 68' lang='lat' dir='ltr'><strong>scripturae</strong></span> <span class='ocrx_word' id='word_1_231' title='bbox 1514 1965 1850 2020; x_wconf 83' lang='lat' dir='ltr'><strong>venerabiles</strong></span> <span class='ocrx_word' id='word_1_232' title='bbox 1880 1966 2138 2036; x_wconf 76' lang='lat' dir='ltr'><strong>imagines</strong></span> <span class='ocrx_word' id='word_1_233' title='bbox 2224 1967 2602 2037; x_wconf 80' lang='lat' dir='ltr'><strong>patriarebam</strong></span> <span class='ocrx_word' id='word_1_234' title='bbox 2647 1969 2930 2024; x_wconf 86' lang='lat' dir='ltr'><strong>consentio</strong></span> <span class='ocrx_word' id='word_1_235' title='bbox 2976 1978 3032 2024; x_wconf 83' lang='lat' dir='ltr'><strong>et</strong></span> <span class='ocrx_word' id='word_1_236' title='bbox 3069 1984 3391 2038; x_wconf 85' lang='lat' dir='ltr'><strong>permaneo;</strong></span> <span class='ocrx_word' id='word_1_237' title='bbox 3441 1981 3496 2025; x_wconf 89' lang='lat' dir='ltr'><strong>et</strong></span> <span class='ocrx_word' id='word_1_238' title='bbox 3538 1986 3659 2039; x_wconf 77' lang='lat' dir='ltr'><strong>qna-</strong></span> <span class='ocrx_word' id='word_1_239' title='bbox 3713 1971 3801 2040; x_wconf 85' lang='lat' dir='ltr'><strong>ipsi</strong></span> 
     </span>
    </p>
   </div>
   <div class='ocr_carea' id='block_1_35' title="bbox 567 2055 3800 2130">
    <p class='ocr_par' dir='ltr' id='par_1_35' title="bbox 567 2055 3800 2130">
     <span class='ocr_line' id='line_1_35' title="bbox 567 2055 3800 2130; baseline 0.001 -18"><span class='ocrx_word' id='word_1_240' title='bbox 567 2057 695 2122; x_wconf 84' lang='lat' dir='ltr'><strong>sint,</strong></span> <span class='ocrx_word' id='word_1_241' title='bbox 728 2065 941 2126; x_wconf 89' lang='lat' dir='ltr'><strong>oportet</strong></span> <span class='ocrx_word' id='word_1_242' title='bbox 973 2070 1065 2110; x_wconf 89' lang='lat' dir='ltr'><strong>eas</strong></span> <span class='ocrx_word' id='word_1_243' title='bbox 1104 2056 1372 2111; x_wconf 88' lang='lat' dir='ltr'><strong>honorare</strong></span> <span class='ocrx_word' id='word_1_244' title='bbox 1411 2064 1634 2126; x_wconf 87' lang='lat' dir='ltr'><strong>propter</strong></span> <span class='ocrx_word' id='word_1_245' title='bbox 1673 2056 2005 2126; x_wconf 85' lang='lat' dir='ltr'><strong>principalia.</strong></span> <span class='ocrx_word' id='word_1_246' title='bbox 2043 2057 2137 2111; x_wconf 87' lang='lat' dir='ltr'><strong>His</strong></span> <span class='ocrx_word' id='word_1_247' title='bbox 2234 2055 2466 2112; x_wconf 80' lang='lat' dir='ltr'><strong>confessi</strong></span> <span class='ocrx_word' id='word_1_248' title='bbox 2496 2069 2623 2112; x_wconf 90' lang='lat' dir='ltr'><strong>sunt</strong></span> <span class='ocrx_word' id='word_1_249' title='bbox 2659 2059 2884 2112; x_wconf 86' lang='lat' dir='ltr'><strong>admitto</strong></span> <span class='ocrx_word' id='word_1_250' title='bbox 2922 2075 3044 2114; x_wconf 91' lang='lat' dir='ltr'><strong>cum</strong></span> <span class='ocrx_word' id='word_1_251' title='bbox 3078 2060 3225 2114; x_wconf 92' lang='lat' dir='ltr'><strong>omni</strong></span> <span class='ocrx_word' id='word_1_252' title='bbox 3267 2060 3599 2130; x_wconf 80' lang='lat' dir='ltr'><strong>benignitate</strong></span> <span class='ocrx_word' id='word_1_253' title='bbox 3632 2071 3692 2116; x_wconf 89' lang='lat' dir='ltr'><strong>et</strong></span> <span class='ocrx_word' id='word_1_254' title='bbox 3717 2075 3800 2115; x_wconf 83' lang='lat' dir='ltr'><strong>vo-</strong></span> 
     </span>
    </p>
   </div>
   <div class='ocr_carea' id='block_1_36' title="bbox 564 2147 2135 2219">
    <p class='ocr_par' dir='ltr' id='par_1_36' title="bbox 564 2147 2135 2219">
     <span class='ocr_line' id='line_1_36' title="bbox 564 2147 2135 2219; baseline -0.001 -15"><span class='ocrx_word' id='word_1_255' title='bbox 564 2150 745 2219; x_wconf 88' lang='lat' dir='ltr'><strong>itaque</strong></span> <span class='ocrx_word' id='word_1_256' title='bbox 791 2148 1065 2218; x_wconf 81' lang='lat' dir='ltr'><strong>synodicis</strong></span> <span class='ocrx_word' id='word_1_257' title='bbox 1113 2147 1314 2203; x_wconf 90' lang='lat' dir='ltr'><strong>nostris</strong></span> <span class='ocrx_word' id='word_1_258' title='bbox 1341 2147 1570 2203; x_wconf 88' lang='lat' dir='ltr'><strong>libenter</strong></span> <span class='ocrx_word' id='word_1_259' title='bbox 1609 2147 1862 2218; x_wconf 88' lang='lat' dir='ltr'><strong>acceptis,</strong></span> <span class='ocrx_word' id='word_1_260' title='bbox 1905 2147 2135 2202; x_wconf 82' lang='lat' dir='ltr'><strong>sanctis-</strong></span> 
     </span>
    </p>
   </div>
   <div class='ocr_carea' id='block_1_37' title="bbox 564 2237 2135 2308">
    <p class='ocr_par' dir='ltr' id='par_1_37' title="bbox 564 2237 2135 2308">
     <span class='ocr_line' id='line_1_37' title="bbox 564 2237 2135 2308; baseline 0.002 -15"><span class='ocrx_word' id='word_1_261' title='bbox 564 2239 708 2302; x_wconf 85' lang='lat' dir='ltr'><strong>simi,</strong></span> <span class='ocrx_word' id='word_1_262' title='bbox 757 2238 802 2292; x_wconf 92' lang='lat' dir='ltr'><strong>si</strong></span> <span class='ocrx_word' id='word_1_263' title='bbox 833 2238 960 2308; x_wconf 90' lang='lat' dir='ltr'><strong>quid</strong></span> <span class='ocrx_word' id='word_1_264' title='bbox 990 2238 1266 2292; x_wconf 81' lang='lat' dir='ltr'><strong>inventum</strong></span> <span class='ocrx_word' id='word_1_265' title='bbox 1315 2237 1477 2292; x_wconf 80' lang='lat' dir='ltr'><strong>fuerit</strong></span> <span class='ocrx_word' id='word_1_266' title='bbox 1511 2238 1574 2293; x_wconf 85' lang='lat' dir='ltr'><strong>in</strong></span> <span class='ocrx_word' id='word_1_267' title='bbox 1616 2237 1722 2294; x_wconf 81' lang='lat' dir='ltr'><strong>illis</strong></span> <span class='ocrx_word' id='word_1_268' title='bbox 1765 2239 2135 2296; x_wconf 85' lang='lat' dir='ltr'><strong>emendatione</strong></span> 
     </span>
    </p>
   </div>
   <div class='ocr_carea' id='block_1_38' title="bbox 563 2327 2134 2400">
    <p class='ocr_par' dir='ltr' id='par_1_38' title="bbox 563 2327 2134 2400">
     <span class='ocr_line' id='line_1_38' title="bbox 563 2327 2134 2400; baseline 0.001 -18"><span class='ocrx_word' id='word_1_269' title='bbox 563 2327 827 2400; x_wconf 85' lang='lat' dir='ltr'><strong>indigens,</strong></span> <span class='ocrx_word' id='word_1_270' title='bbox 857 2328 973 2382; x_wconf 86' lang='lat' dir='ltr'><strong>sine</strong></span> <span class='ocrx_word' id='word_1_271' title='bbox 1002 2327 1196 2382; x_wconf 90' lang='lat' dir='ltr'><strong>invidia</strong></span> <span class='ocrx_word' id='word_1_272' title='bbox 1218 2336 1410 2383; x_wconf 65' lang='lat' dir='ltr'><strong>vestra:</strong></span> <span class='ocrx_word' id='word_1_273' title='bbox 1432 2327 1542 2383; x_wconf 85' lang='lat' dir='ltr'><strong>Deo</strong></span> <span class='ocrx_word' id='word_1_274' title='bbox 1565 2328 1734 2397; x_wconf 64' lang='lat' dir='ltr'><strong>plenae</strong></span> <span class='ocrx_word' id='word_1_275' title='bbox 1761 2329 2018 2384; x_wconf 76' lang='lat' dir='ltr'><strong>doctrina:</strong></span> <span class='ocrx_word' id='word_1_276' title='bbox 2039 2343 2134 2384; x_wconf 92' lang='lat' dir='ltr'><strong>nos</strong></span> 
     </span>
    </p>
   </div>
   <div class='ocr_carea' id='block_1_39' title="bbox 562 2416 2134 2488">
    <p class='ocr_par' dir='ltr' id='par_1_39' title="bbox 562 2416 2134 2488">
     <span class='ocr_line' id='line_1_39' title="bbox 562 2416 2134 2488; baseline 0.002 -16"><span class='ocrx_word' id='word_1_277' title='bbox 562 2418 853 2488; x_wconf 86' lang='lat' dir='ltr'><strong>participes</strong></span> <span class='ocrx_word' id='word_1_278' title='bbox 887 2416 1064 2482; x_wconf 79' lang='lat' dir='ltr'><strong>facite,</strong></span> <span class='ocrx_word' id='word_1_279' title='bbox 1109 2426 1165 2472; x_wconf 92' lang='lat' dir='ltr'><strong>et</strong></span> <span class='ocrx_word' id='word_1_280' title='bbox 1201 2417 1270 2473; x_wconf 91' lang='lat' dir='ltr'><strong>ad</strong></span> <span class='ocrx_word' id='word_1_281' title='bbox 1312 2418 1696 2474; x_wconf 91' lang='lat' dir='ltr'><strong>remittendum</strong></span> <span class='ocrx_word' id='word_1_282' title='bbox 1726 2423 1788 2475; x_wconf 84' lang='lat' dir='ltr'><strong>ea</strong></span> <span class='ocrx_word' id='word_1_283' title='bbox 1825 2421 1981 2476; x_wconf 91' lang='lat' dir='ltr'><strong>nobis</strong></span> <span class='ocrx_word' id='word_1_284' title='bbox 2009 2435 2134 2476; x_wconf 88' lang='lat' dir='ltr'><strong>cor-</strong></span> 
     </span>
    </p>
   </div>
   <div class='ocr_carea' id='block_1_40' title="bbox 564 2509 2135 2579">
    <p class='ocr_par' dir='ltr' id='par_1_40' title="bbox 564 2509 2135 2579">
     <span class='ocr_line' id='line_1_40' title="bbox 564 2509 2135 2579; baseline 0 -15"><span class='ocrx_word' id='word_1_285' title='bbox 564 2518 713 2564; x_wconf 88' lang='lat' dir='ltr'><strong>recta</strong></span> <span class='ocrx_word' id='word_1_286' title='bbox 741 2518 915 2564; x_wconf 85' lang='lat' dir='ltr'><strong>estote</strong></span> <span class='ocrx_word' id='word_1_287' title='bbox 931 2509 1230 2579; x_wconf 82' lang='lat' dir='ltr'><strong>precabiles</strong></span> <span class='ocrx_word' id='word_1_288' title='bbox 1263 2527 1276 2562; x_wconf 93' lang='lat'><strong>:</strong></span> <span class='ocrx_word' id='word_1_289' title='bbox 1309 2518 1370 2563; x_wconf 92' lang='lat' dir='ltr'><strong>nt</strong></span> <span class='ocrx_word' id='word_1_290' title='bbox 1401 2509 1744 2566; x_wconf 87' lang='lat' dir='ltr'><strong>concorditer</strong></span> <span class='ocrx_word' id='word_1_291' title='bbox 1779 2524 1846 2564; x_wconf 84' lang='lat' dir='ltr'><strong>ex</strong></span> <span class='ocrx_word' id='word_1_292' title='bbox 1875 2511 1976 2566; x_wconf 90' lang='lat' dir='ltr'><strong>hoc</strong></span> <span class='ocrx_word' id='word_1_293' title='bbox 2005 2511 2135 2565; x_wconf 81' lang='lat' dir='ltr'><strong>ﬁde-</strong></span> 
     </span>
    </p>
   </div>
   <div class='ocr_carea' id='block_1_41' title="bbox 561 2597 2134 2670">
    <p class='ocr_par' dir='ltr' id='par_1_41' title="bbox 561 2597 2134 2670">
     <span class='ocr_line' id='line_1_41' title="bbox 561 2597 2134 2670; baseline 0 -17"><span class='ocrx_word' id='word_1_294' title='bbox 561 2598 706 2655; x_wconf 89' lang='lat' dir='ltr'><strong>libus</strong></span> <span class='ocrx_word' id='word_1_295' title='bbox 729 2599 993 2668; x_wconf 86' lang='lat' dir='ltr'><strong>utrisque,</strong></span> <span class='ocrx_word' id='word_1_296' title='bbox 1020 2598 1072 2653; x_wconf 92' lang='lat' dir='ltr'><strong>id</strong></span> <span class='ocrx_word' id='word_1_297' title='bbox 1093 2606 1197 2663; x_wconf 90' lang='lat' dir='ltr'><strong>est,</strong></span> <span class='ocrx_word' id='word_1_298' title='bbox 1235 2599 1390 2654; x_wconf 86' lang='lat' dir='ltr'><strong>vobis</strong></span> <span class='ocrx_word' id='word_1_299' title='bbox 1424 2608 1481 2654; x_wconf 90' lang='lat' dir='ltr'><strong>et</strong></span> <span class='ocrx_word' id='word_1_300' title='bbox 1506 2597 1661 2654; x_wconf 90' lang='lat' dir='ltr'><strong>nobis</strong></span> <span class='ocrx_word' id='word_1_301' title='bbox 1685 2599 1937 2665; x_wconf 85' lang='lat' dir='ltr'><strong>inventis,</strong></span> <span class='ocrx_word' id='word_1_302' title='bbox 1975 2600 2134 2670; x_wconf 87' lang='lat' dir='ltr'><strong>glori-</strong></span> 
     </span>
    </p>
   </div>
   <div class='ocr_carea' id='block_1_42' title="bbox 560 2687 2136 2759">
    <p class='ocr_par' dir='ltr' id='par_1_42' title="bbox 560 2687 2136 2759">
     <span class='ocr_line' id='line_1_42' title="bbox 560 2687 2136 2759; baseline 0.001 -15"><span class='ocrx_word' id='word_1_303' title='bbox 560 2687 756 2746; x_wconf 78' lang='lat' dir='ltr'><strong>ﬁcetur</strong></span> <span class='ocrx_word' id='word_1_304' title='bbox 797 2687 960 2743; x_wconf 86' lang='lat' dir='ltr'><strong>Pater</strong></span> <span class='ocrx_word' id='word_1_305' title='bbox 983 2697 1039 2744; x_wconf 92' lang='lat' dir='ltr'><strong>et</strong></span> <span class='ocrx_word' id='word_1_306' title='bbox 1064 2687 1235 2744; x_wconf 83' lang='lat' dir='ltr'><strong>Filius</strong></span> <span class='ocrx_word' id='word_1_307' title='bbox 1274 2697 1330 2744; x_wconf 87' lang='lat' dir='ltr'><strong>et</strong></span> <span class='ocrx_word' id='word_1_308' title='bbox 1361 2687 1594 2759; x_wconf 86' lang='lat' dir='ltr'><strong>Spiritus</strong></span> <span class='ocrx_word' id='word_1_309' title='bbox 1633 2697 1874 2756; x_wconf 88' lang='lat' dir='ltr'><strong>sanctus,</strong></span> <span class='ocrx_word' id='word_1_310' title='bbox 1914 2705 2055 2745; x_wconf 91' lang='lat' dir='ltr'><strong>nunc</strong></span> <span class='ocrx_word' id='word_1_311' title='bbox 2081 2698 2136 2745; x_wconf 89' lang='lat' dir='ltr'><strong>et</strong></span> 
     </span>
    </p>
   </div>
   <div class='ocr_carea' id='block_1_43' title="bbox 557 2779 1742 2852">
    <p class='ocr_par' dir='ltr' id='par_1_43' title="bbox 557 2779 1742 2852">
     <span class='ocr_line' id='line_1_43' title="bbox 557 2779 1742 2852; baseline -0.003 -15"><span class='ocrx_word' id='word_1_312' title='bbox 557 2795 771 2852; x_wconf 88' lang='lat' dir='ltr'><strong>semper</strong></span> <span class='ocrx_word' id='word_1_313' title='bbox 792 2790 848 2835; x_wconf 91' lang='lat' dir='ltr'><strong>et</strong></span> <span class='ocrx_word' id='word_1_314' title='bbox 876 2780 930 2835; x_wconf 94' lang='lat' dir='ltr'><strong>in</strong></span> <span class='ocrx_word' id='word_1_315' title='bbox 959 2779 1153 2835; x_wconf 82' lang='lat' dir='ltr'><strong>saecula</strong></span> <span class='ocrx_word' id='word_1_316' title='bbox 1180 2779 1522 2836; x_wconf 81' lang='lat' dir='ltr'><strong>saeculorum.</strong></span> <span class='ocrx_word' id='word_1_317' title='bbox 1549 2779 1742 2834; x_wconf 82' lang='lat' dir='ltr'><strong>Amen.</strong></span> 
     </span>
    </p>
   </div>
   <div class='ocr_carea' id='block_1_44' title="bbox 2233 2145 3802 2222">
    <p class='ocr_par' dir='ltr' id='par_1_44' title="bbox 2233 2145 3802 2222">
     <span class='ocr_line' id='line_1_44' title="bbox 2233 2145 3802 2222; baseline 0.004 -21"><span class='ocrx_word' id='word_1_318' title='bbox 2233 2145 2438 2204; x_wconf 85' lang='lat' dir='ltr'><strong>luntate</strong></span> <span class='ocrx_word' id='word_1_319' title='bbox 2469 2168 2480 2202; x_wconf 90' lang='lat'>:</span> <span class='ocrx_word' id='word_1_320' title='bbox 2510 2159 2577 2205; x_wconf 81' lang='lat' dir='ltr'><strong>et</strong></span> <span class='ocrx_word' id='word_1_321' title='bbox 2617 2150 2708 2222; x_wconf 87' lang='lat' dir='ltr'><strong>qui</strong></span> <span class='ocrx_word' id='word_1_322' title='bbox 2751 2151 2824 2204; x_wconf 81' lang='lat' dir='ltr'><strong>ita</strong></span> <span class='ocrx_word' id='word_1_323' title='bbox 2872 2167 2978 2206; x_wconf 91' lang='lat' dir='ltr'><strong>non</strong></span> <span class='ocrx_word' id='word_1_324' title='bbox 3021 2153 3262 2222; x_wconf 87' lang='lat' dir='ltr'><strong>sapiunt,</strong></span> <span class='ocrx_word' id='word_1_325' title='bbox 3305 2154 3636 2208; x_wconf 74' lang='lat' dir='ltr'><strong>anathemati</strong></span> <span class='ocrx_word' id='word_1_326' title='bbox 3684 2153 3802 2208; x_wconf 83' lang='lat' dir='ltr'><strong>sub-</strong></span> 
     </span>
    </p>
   </div>
   <div class='ocr_carea' id='block_1_45' title="bbox 2233 2238 2410 2295">
    <p class='ocr_par' dir='ltr' id='par_1_45' title="bbox 2233 2238 2410 2295">
     <span class='ocr_line' id='line_1_45' title="bbox 2233 2238 2410 2295; baseline 0.011 -2"><span class='ocrx_word' id='word_1_327' title='bbox 2233 2238 2410 2295; x_wconf 82' lang='lat' dir='ltr'><strong>mitto.</strong></span> 
     </span>
    </p>
   </div>
   <div class='ocr_carea' id='block_1_46' title="bbox 2303 2327 3797 2403">
    <p class='ocr_par' dir='ltr' id='par_1_46' title="bbox 2303 2327 3797 2403">
     <span class='ocr_line' id='line_1_46' title="bbox 2303 2327 3797 2403; baseline 0.003 -21"><span class='ocrx_word' id='word_1_328' title='bbox 2303 2327 2550 2385; x_wconf 79' lang='lat' dir='ltr'><strong>Nieolaus</strong></span> <span class='ocrx_word' id='word_1_329' title='bbox 2601 2331 2972 2386; x_wconf 84' lang='lat' dir='ltr'><strong>sanctissimus</strong></span> <span class='ocrx_word' id='word_1_330' title='bbox 3026 2331 3309 2401; x_wconf 87' lang='lat' dir='ltr'><strong>episcopus</strong></span> <span class='ocrx_word' id='word_1_331' title='bbox 3363 2332 3546 2403; x_wconf 78' lang='lat' dir='ltr'><strong>Cyzici</strong></span> <span class='ocrx_word' id='word_1_332' title='bbox 3597 2333 3734 2386; x_wconf 77' lang='lat' dir='ltr'><strong>dixit</strong></span> <span class='ocrx_word' id='word_1_333' title='bbox 3781 2350 3797 2387; x_wconf 85' lang='lat'>:</span> 
     </span>
    </p>
   </div>
   <div class='ocr_carea' id='block_1_47' title="bbox 2222 2419 3800 2492">
    <p class='ocr_par' dir='ltr' id='par_1_47' title="bbox 2222 2419 3800 2492">
     <span class='ocr_line' id='line_1_47' title="bbox 2222 2419 3800 2492; baseline 0.003 -18"><span class='ocrx_word' id='word_1_334' title='bbox 2222 2419 2412 2475; x_wconf 69' lang='lat' dir='ltr'><strong>Lectis</strong></span> <span class='ocrx_word' id='word_1_335' title='bbox 2428 2420 2630 2476; x_wconf 82' lang='lat' dir='ltr'><strong>litteris</strong></span> <span class='ocrx_word' id='word_1_336' title='bbox 2653 2422 2978 2476; x_wconf 83' lang='lat' dir='ltr'><strong>sanctissimi</strong></span> <span class='ocrx_word' id='word_1_337' title='bbox 3002 2433 3058 2476; x_wconf 86' lang='lat' dir='ltr'><strong>et</strong></span> <span class='ocrx_word' id='word_1_338' title='bbox 3085 2422 3376 2478; x_wconf 84' lang='lat' dir='ltr'><strong>beatissimi</strong></span> <span class='ocrx_word' id='word_1_339' title='bbox 3403 2423 3800 2492; x_wconf 75' lang='lat' dir='ltr'><strong>archiepiscopi</strong></span> 
     </span>
    </p>
   </div>
   <div class='ocr_carea' id='block_1_48' title="bbox 2233 2511 3800 2580">
    <p class='ocr_par' dir='ltr' id='par_1_48' title="bbox 2233 2511 3800 2580">
     <span class='ocr_line' id='line_1_48' title="bbox 2233 2511 3800 2580; baseline 0.001 -16"><span class='ocrx_word' id='word_1_340' title='bbox 2233 2518 2288 2564; x_wconf 92' lang='lat' dir='ltr'><strong>et</strong></span> <span class='ocrx_word' id='word_1_341' title='bbox 2314 2511 2656 2580; x_wconf 54' lang='lat' dir='ltr'><strong>patriarcha},</strong></span> <span class='ocrx_word' id='word_1_342' title='bbox 2679 2522 2734 2566; x_wconf 91' lang='lat' dir='ltr'><strong>et</strong></span> <span class='ocrx_word' id='word_1_343' title='bbox 2761 2528 2792 2566; x_wconf 90' lang='lat' dir='ltr'><strong>e</strong></span> <span class='ocrx_word' id='word_1_344' title='bbox 2823 2513 3037 2567; x_wconf 84' lang='lat' dir='ltr'><strong>diverso</strong></span> <span class='ocrx_word' id='word_1_345' title='bbox 3064 2513 3244 2568; x_wconf 85' lang='lat' dir='ltr'><strong>missis</strong></span> <span class='ocrx_word' id='word_1_346' title='bbox 3272 2514 3337 2567; x_wconf 90' lang='lat' dir='ltr'><strong>ab</strong></span> <span class='ocrx_word' id='word_1_347' title='bbox 3363 2512 3601 2568; x_wconf 90' lang='lat' dir='ltr'><strong>Orientis</strong></span> <span class='ocrx_word' id='word_1_348' title='bbox 3619 2515 3800 2568; x_wconf 68' lang='lat' dir='ltr'><strong>urthoo</strong></span> 
     </span>
    </p>
   </div>
   <div class='ocr_carea' id='block_1_49' title="bbox 2233 2599 3801 2658">
    <p class='ocr_par' dir='ltr' id='par_1_49' title="bbox 2233 2599 3801 2658">
     <span class='ocr_line' id='line_1_49' title="bbox 2233 2599 3801 2658; baseline 0.001 -3"><span class='ocrx_word' id='word_1_349' title='bbox 2233 2599 2389 2655; x_wconf 75' lang='lat' dir='ltr'><strong>doxis</strong></span> <span class='ocrx_word' id='word_1_350' title='bbox 2441 2602 2668 2656; x_wconf 90' lang='lat' dir='ltr'><strong>summis</strong></span> <span class='ocrx_word' id='word_1_351' title='bbox 2734 2603 3106 2657; x_wconf 87' lang='lat' dir='ltr'><strong>sacerdotibus</strong></span> <span class='ocrx_word' id='word_1_352' title='bbox 3157 2601 3354 2657; x_wconf 82' lang='lat' dir='ltr'><strong>libellis</strong></span> <span class='ocrx_word' id='word_1_353' title='bbox 3408 2603 3693 2658; x_wconf 87' lang='lat' dir='ltr'><strong>consentio</strong></span> <span class='ocrx_word' id='word_1_354' title='bbox 3741 2603 3801 2656; x_wconf 84' lang='lat' dir='ltr'><strong>de</strong></span> 
     </span>
    </p>
   </div>
   <div class='ocr_carea' id='block_1_50' title="bbox 2233 2691 3801 2762">
    <p class='ocr_par' dir='ltr' id='par_1_50' title="bbox 2233 2691 3801 2762">
     <span class='ocr_line' id='line_1_50' title="bbox 2233 2691 3801 2762; baseline -0.001 -17"><span class='ocrx_word' id='word_1_355' title='bbox 2233 2691 2436 2746; x_wconf 84' lang='lat' dir='ltr'><strong>sanctis</strong></span> <span class='ocrx_word' id='word_1_356' title='bbox 2478 2705 2553 2746; x_wconf 76' lang='lat' dir='ltr'><strong>ac</strong></span> <span class='ocrx_word' id='word_1_357' title='bbox 2605 2691 3002 2746; x_wconf 87' lang='lat' dir='ltr'><strong>venerabilihus</strong></span> <span class='ocrx_word' id='word_1_358' title='bbox 3049 2692 3404 2762; x_wconf 84' lang='lat' dir='ltr'><strong>imaginibus,</strong></span> <span class='ocrx_word' id='word_1_359' title='bbox 3457 2701 3514 2746; x_wconf 83' lang='lat' dir='ltr'><strong>et</strong></span> <span class='ocrx_word' id='word_1_360' title='bbox 3564 2707 3801 2746; x_wconf 74' lang='lat' dir='ltr'><strong>canimu-</strong></span> 
     </span>
    </p>
   </div>
   <div class='ocr_carea' id='block_1_51' title="bbox 2229 2781 3797 2852">
    <p class='ocr_par' dir='ltr' id='par_1_51' title="bbox 2229 2781 3797 2852">
     <span class='ocr_line' id='line_1_51' title="bbox 2229 2781 3797 2852; baseline 0.001 -16"><span class='ocrx_word' id='word_1_361' title='bbox 2229 2781 2448 2836; x_wconf 77' lang='lat' dir='ltr'><strong>Itionem</strong></span> <span class='ocrx_word' id='word_1_362' title='bbox 2487 2798 2672 2837; x_wconf 91' lang='lat' dir='ltr'><strong>eorum</strong></span> <span class='ocrx_word' id='word_1_363' title='bbox 2702 2783 2905 2851; x_wconf 90' lang='lat' dir='ltr'><strong>recipio</strong></span> <span class='ocrx_word' id='word_1_364' title='bbox 2935 2799 2957 2837; x_wconf 57' lang='grc' dir='ltr'><strong>ηε</strong></span> <span class='ocrx_word' id='word_1_365' title='bbox 2992 2790 3048 2838; x_wconf 81' lang='lat' dir='ltr'><strong>et</strong></span> <span class='ocrx_word' id='word_1_366' title='bbox 3069 2797 3165 2838; x_wconf 89' lang='lat' dir='ltr'><strong>eos</strong></span> <span class='ocrx_word' id='word_1_367' title='bbox 3192 2782 3282 2851; x_wconf 94' lang='lat' dir='ltr'><strong>qui</strong></span> <span class='ocrx_word' id='word_1_368' title='bbox 3321 2783 3394 2837; x_wconf 85' lang='lat' dir='ltr'><strong>ita</strong></span> <span class='ocrx_word' id='word_1_369' title='bbox 3436 2797 3545 2837; x_wconf 83' lang='lat' dir='ltr'><strong>non</strong></span> <span class='ocrx_word' id='word_1_370' title='bbox 3568 2783 3797 2852; x_wconf 85' lang='lat' dir='ltr'><strong>sapiunt,</strong></span> 
     </span>
    </p>
   </div>
   <div class='ocr_carea' id='block_1_52' title="bbox 628 2867 2920 2939">
    <p class='ocr_par' dir='ltr' id='par_1_52' title="bbox 628 2867 2920 2939">
     <span class='ocr_line' id='line_1_52' title="bbox 628 2867 2920 2939; baseline 0.001 -15"><span class='ocrx_word' id='word_1_371' title='bbox 628 2869 696 2926; x_wconf 86' lang='lat' dir='ltr'><strong>Et</strong></span> <span class='ocrx_word' id='word_1_372' title='bbox 720 2878 842 2939; x_wconf 87' lang='lat' dir='ltr'><strong>post</strong></span> <span class='ocrx_word' id='word_1_373' title='bbox 859 2867 1145 2924; x_wconf 85' lang='lat' dir='ltr'><strong>lectionem</strong></span> <span class='ocrx_word' id='word_1_374' title='bbox 1183 2867 1372 2924; x_wconf 85' lang='lat' dir='ltr'><strong>Petrus</strong></span> <span class='ocrx_word' id='word_1_375' title='bbox 1408 2877 1464 2923; x_wconf 89' lang='lat' dir='ltr'><strong>et</strong></span> <span class='ocrx_word' id='word_1_376' title='bbox 1485 2867 1701 2934; x_wconf 84' lang='lat' dir='ltr'><strong>Petrus,</strong></span> <span class='ocrx_word' id='word_1_377' title='bbox 1738 2867 1850 2923; x_wconf 85' lang='lat' dir='ltr'><strong>Deo</strong></span> <span class='ocrx_word' id='word_1_378' title='bbox 1875 2869 2134 2924; x_wconf 84' lang='lat' dir='ltr'><strong>amabiles</strong></span> <span class='ocrx_word' id='word_1_379' title='bbox 2223 2871 2558 2926; x_wconf 72' lang='lat' dir='ltr'><strong>anathemati</strong></span> <span class='ocrx_word' id='word_1_380' title='bbox 2587 2874 2920 2927; x_wconf 76' lang='lat' dir='ltr'><strong>transmitte.</strong></span> 
     </span>
    </p>
   </div>
   <div class='ocr_carea' id='block_1_53' title="bbox 557 2957 2132 3031">
    <p class='ocr_par' dir='ltr' id='par_1_53' title="bbox 557 2957 2132 3031">
     <span class='ocr_line' id='line_1_53' title="bbox 557 2957 2132 3031; baseline -0.003 -15"><span class='ocrx_word' id='word_1_381' title='bbox 557 2960 896 3031; x_wconf 86' lang='lat' dir='ltr'><strong>presbyteri,</strong></span> <span class='ocrx_word' id='word_1_382' title='bbox 955 2969 1010 3014; x_wconf 86' lang='lat' dir='ltr'><strong>et</strong></span> <span class='ocrx_word' id='word_1_383' title='bbox 1057 2957 1234 3013; x_wconf 87' lang='lat' dir='ltr'><strong>locum</strong></span> <span class='ocrx_word' id='word_1_384' title='bbox 1283 2965 1535 3013; x_wconf 78' lang='lat' dir='ltr'><strong>tenentes</strong></span> <span class='ocrx_word' id='word_1_385' title='bbox 1601 2958 1928 3013; x_wconf 88' lang='lat' dir='ltr'><strong>sanctissimi</strong></span> <span class='ocrx_word' id='word_1_386' title='bbox 1983 2973 2132 3028; x_wconf 85' lang='lat' dir='ltr'><strong>papae</strong></span> 
     </span>
    </p>
   </div>
   <div class='ocr_carea' id='block_1_54' title="bbox 557 3047 2129 3119">
    <p class='ocr_par' dir='ltr' id='par_1_54' title="bbox 557 3047 2129 3119">
     <span class='ocr_line' id='line_1_54' title="bbox 557 3047 2129 3119; baseline -0.002 -12"><span class='ocrx_word' id='word_1_387' title='bbox 557 3051 783 3106; x_wconf 83' lang='lat' dir='ltr'><strong>Adriani</strong></span> <span class='ocrx_word' id='word_1_388' title='bbox 815 3049 1058 3106; x_wconf 82' lang='lat' dir='ltr'><strong>senioris</strong></span> <span class='ocrx_word' id='word_1_389' title='bbox 1087 3048 1295 3113; x_wconf 65' lang='lat' dir='ltr'><strong>Romae,</strong></span> <span class='ocrx_word' id='word_1_390' title='bbox 1338 3047 1594 3104; x_wconf 84' lang='lat' dir='ltr'><strong>dixerunt</strong></span> <span class='ocrx_word' id='word_1_391' title='bbox 1638 3065 1653 3103; x_wconf 88' lang='lat'><strong>:</strong></span> <span class='ocrx_word' id='word_1_392' title='bbox 1691 3049 2129 3119; x_wconf 82' lang='lat' dir='ltr'><strong>Acquiescimus,</strong></span> 
     </span>
    </p>
   </div>
   <div class='ocr_carea' id='block_1_55' title="bbox 559 3137 2128 3211">
    <p class='ocr_par' dir='ltr' id='par_1_55' title="bbox 559 3137 2128 3211">
     <span class='ocr_line' id='line_1_55' title="bbox 559 3137 2128 3211; baseline -0.002 -16"><span class='ocrx_word' id='word_1_393' title='bbox 559 3140 686 3211; x_wconf 86' lang='lat' dir='ltr'><strong>quia</strong></span> <span class='ocrx_word' id='word_1_394' title='bbox 714 3139 1012 3195; x_wconf 90' lang='lat' dir='ltr'><strong>secundum</strong></span> <span class='ocrx_word' id='word_1_395' title='bbox 1037 3137 1215 3202; x_wconf 81' lang='lat' dir='ltr'><strong>iidem,</strong></span> <span class='ocrx_word' id='word_1_396' title='bbox 1246 3151 1408 3208; x_wconf 89' lang='lat' dir='ltr'><strong>quam</strong></span> <span class='ocrx_word' id='word_1_397' title='bbox 1435 3146 1583 3192; x_wconf 90' lang='lat' dir='ltr'><strong>recte</strong></span> <span class='ocrx_word' id='word_1_398' title='bbox 1613 3137 1869 3193; x_wconf 85' lang='lat' dir='ltr'><strong>Tarasius</strong></span> <span class='ocrx_word' id='word_1_399' title='bbox 1895 3141 2128 3194; x_wconf 88' lang='lat' dir='ltr'><strong>sanctis-</strong></span> 
     </span>
    </p>
   </div>
   <div class='ocr_carea' id='block_1_56' title="bbox 2289 2957 3798 3032">
    <p class='ocr_par' dir='ltr' id='par_1_56' title="bbox 2289 2957 3798 3032">
     <span class='ocr_line' id='line_1_56' title="bbox 2289 2957 3798 3032; baseline 0 -20"><span class='ocrx_word' id='word_1_400' title='bbox 2289 2957 2619 3030; x_wconf 29' lang='lat' dir='ltr'><strong>tEuthymius</strong></span> <span class='ocrx_word' id='word_1_401' title='bbox 2639 2961 3012 3016; x_wconf 86' lang='lat' dir='ltr'><strong>sanctissimus</strong></span> <span class='ocrx_word' id='word_1_402' title='bbox 3030 2961 3317 3032; x_wconf 87' lang='lat' dir='ltr'><strong>episcopus</strong></span> <span class='ocrx_word' id='word_1_403' title='bbox 3341 2961 3528 3017; x_wconf 87' lang='lat' dir='ltr'><strong>Sardis</strong></span> <span class='ocrx_word' id='word_1_404' title='bbox 3549 2961 3717 3016; x_wconf 86' lang='lat' dir='ltr'><strong>dixit:</strong></span> <span class='ocrx_word' id='word_1_405' title='bbox 3737 2960 3798 3017; x_wconf 88' lang='lat' dir='ltr'><strong>Ut</strong></span> 
     </span>
    </p>
   </div>
   <div class='ocr_carea' id='block_1_57' title="bbox 2233 3047 3798 3117">
    <p class='ocr_par' dir='ltr' id='par_1_57' title="bbox 2233 3047 3798 3117">
     <span class='ocr_line' id='line_1_57' title="bbox 2233 3047 3798 3117; baseline 0.001 -15"><span class='ocrx_word' id='word_1_406' title='bbox 2233 3047 2286 3102; x_wconf 88' lang='lat' dir='ltr'><strong>in</strong></span> <span class='ocrx_word' id='word_1_407' title='bbox 2319 3049 2568 3104; x_wconf 89' lang='lat' dir='ltr'><strong>omnibus</strong></span> <span class='ocrx_word' id='word_1_408' title='bbox 2604 3050 2889 3104; x_wconf 81' lang='lat' dir='ltr'><strong>veritatem</strong></span> <span class='ocrx_word' id='word_1_409' title='bbox 2916 3063 3225 3117; x_wconf 81' lang='lat' dir='ltr'><strong>exsecutus,</strong></span> <span class='ocrx_word' id='word_1_410' title='bbox 3253 3061 3308 3106; x_wconf 90' lang='lat' dir='ltr'><strong>et</strong></span> <span class='ocrx_word' id='word_1_411' title='bbox 3342 3053 3395 3106; x_wconf 90' lang='lat' dir='ltr'><strong>in</strong></span> <span class='ocrx_word' id='word_1_412' title='bbox 3422 3051 3798 3106; x_wconf 82' lang='lat' dir='ltr'><strong>traditionibus</strong></span> 
     </span>
    </p>
   </div>
   <div class='ocr_carea' id='block_1_58' title="bbox 2231 3139 3796 3208">
    <p class='ocr_par' dir='ltr' id='par_1_58' title="bbox 2231 3139 3796 3208">
     <span class='ocr_line' id='line_1_58' title="bbox 2231 3139 3796 3208; baseline 0.001 -17"><span class='ocrx_word' id='word_1_413' title='bbox 2231 3139 2716 3193; x_wconf 82' lang='lat' dir='ltr'><strong>sacratissimorum</strong></span> <span class='ocrx_word' id='word_1_414' title='bbox 2746 3139 3123 3208; x_wconf 66' lang='lat' dir='ltr'><strong>Apostolorum</strong></span> <span class='ocrx_word' id='word_1_415' title='bbox 3165 3152 3219 3198; x_wconf 92' lang='lat' dir='ltr'><strong>et</strong></span> <span class='ocrx_word' id='word_1_416' title='bbox 3267 3141 3486 3196; x_wconf 82' lang='lat' dir='ltr'><strong>Patrum</strong></span> <span class='ocrx_word' id='word_1_417' title='bbox 3525 3142 3796 3203; x_wconf 83' lang='lat' dir='ltr'><strong>educatus,</strong></span> 
     </span>
    </p>
   </div>
   <div class='ocr_carea' id='block_1_59' title="bbox 558 3210 3798 3301">
    <p class='ocr_par' dir='ltr' id='par_1_59' title="bbox 558 3210 3798 3301">
     <span class='ocr_line' id='line_1_59' title="bbox 558 3210 3798 3301; baseline -0.002 -11"><span class='ocrx_word' id='word_1_418' title='bbox 558 3210 729 3290; x_wconf 86' lang='lat' dir='ltr'><strong>simus</strong></span> <span class='ocrx_word' id='word_1_419' title='bbox 765 3241 821 3288; x_wconf 90' lang='lat' dir='ltr'><strong>et</strong></span> <span class='ocrx_word' id='word_1_420' title='bbox 855 3231 1204 3288; x_wconf 82' lang='lat' dir='ltr'><strong>beatissimus</strong></span> <span class='ocrx_word' id='word_1_421' title='bbox 1243 3229 1554 3300; x_wconf 85' lang='lat' dir='ltr'><strong>patriarcha</strong></span> <span class='ocrx_word' id='word_1_422' title='bbox 1593 3229 2131 3301; x_wconf 87' lang='lat' dir='ltr'><strong>Constantinopoleos</strong></span> <span class='ocrx_word' id='word_1_423' title='bbox 2155 3210 2202 3273; x_wconf 69' lang='grc' dir='ltr'>ε</span> <span class='ocrx_word' id='word_1_424' title='bbox 2234 3228 2513 3282; x_wconf 82' lang='lat' dir='ltr'><strong>consentio</strong></span> <span class='ocrx_word' id='word_1_425' title='bbox 2551 3228 2713 3282; x_wconf 88' lang='lat' dir='ltr'><strong>etiam</strong></span> <span class='ocrx_word' id='word_1_426' title='bbox 2751 3230 2834 3283; x_wconf 84' lang='lat' dir='ltr'><strong>his</strong></span> <span class='ocrx_word' id='word_1_427' title='bbox 2863 3232 3266 3286; x_wconf 83' lang='lat' dir='ltr'><strong>exarationibus</strong></span> <span class='ocrx_word' id='word_1_428' title='bbox 3301 3247 3422 3301; x_wconf 66' lang='lat' dir='ltr'><strong>quae</strong></span> <span class='ocrx_word' id='word_1_429' title='bbox 3465 3232 3630 3286; x_wconf 91' lang='lat' dir='ltr'><strong>modo</strong></span> <span class='ocrx_word' id='word_1_430' title='bbox 3659 3231 3798 3286; x_wconf 71' lang='lat' dir='ltr'><strong>lectae</strong></span> 
     </span>
    </p>
   </div>
   <div class='ocr_carea' id='block_1_60' title="bbox 558 3323 2132 3394">
    <p class='ocr_par' dir='ltr' id='par_1_60' title="bbox 558 3323 2132 3394">
     <span class='ocr_line' id='line_1_60' title="bbox 558 3323 2132 3394; baseline -0.003 -11"><span class='ocrx_word' id='word_1_431' title='bbox 558 3337 644 3383; x_wconf 90' lang='lat' dir='ltr'><strong>est</strong></span> <span class='ocrx_word' id='word_1_432' title='bbox 671 3325 976 3392; x_wconf 82' lang='lat' dir='ltr'><strong>confessus,</strong></span> <span class='ocrx_word' id='word_1_433' title='bbox 1015 3333 1072 3380; x_wconf 91' lang='lat' dir='ltr'><strong>et</strong></span> <span class='ocrx_word' id='word_1_434' title='bbox 1098 3323 1424 3394; x_wconf 87' lang='lat' dir='ltr'><strong>apostolicus</strong></span> <span class='ocrx_word' id='word_1_435' title='bbox 1469 3338 1616 3394; x_wconf 81' lang='lat' dir='ltr'><strong>papa</strong></span> <span class='ocrx_word' id='word_1_436' title='bbox 1640 3331 1824 3378; x_wconf 79' lang='lat' dir='ltr'><strong>noster</strong></span> <span class='ocrx_word' id='word_1_437' title='bbox 1864 3324 2132 3378; x_wconf 82' lang='lat' dir='ltr'><strong>Adrianus</strong></span> 
     </span>
    </p>
   </div>
   <div class='ocr_carea' id='block_1_61' title="bbox 558 3412 2132 3486">
    <p class='ocr_par' dir='ltr' id='par_1_61' title="bbox 558 3412 2132 3486">
     <span class='ocr_line' id='line_1_61' title="bbox 558 3412 2132 3486; baseline -0.003 -13"><span class='ocrx_word' id='word_1_438' title='bbox 558 3417 858 3486; x_wconf 87' lang='lat' dir='ltr'><strong>suscipiens</strong></span> <span class='ocrx_word' id='word_1_439' title='bbox 885 3430 992 3470; x_wconf 89' lang='lat' dir='ltr'><strong>una</strong></span> <span class='ocrx_word' id='word_1_440' title='bbox 1029 3429 1153 3470; x_wconf 92' lang='lat' dir='ltr'><strong>cum</strong></span> <span class='ocrx_word' id='word_1_441' title='bbox 1196 3412 1488 3468; x_wconf 88' lang='lat' dir='ltr'><strong>venerabili</strong></span> <span class='ocrx_word' id='word_1_442' title='bbox 1517 3420 1704 3468; x_wconf 89' lang='lat' dir='ltr'><strong>sancta</strong></span> <span class='ocrx_word' id='word_1_443' title='bbox 1745 3413 1972 3484; x_wconf 90' lang='lat' dir='ltr'><strong>synodo,</strong></span> <span class='ocrx_word' id='word_1_444' title='bbox 2013 3428 2132 3482; x_wconf 71' lang='lat' dir='ltr'><strong>qua:</strong></span> 
     </span>
    </p>
   </div>
   <div class='ocr_carea' id='block_1_62' title="bbox 559 3499 2133 3574">
    <p class='ocr_par' dir='ltr' id='par_1_62' title="bbox 559 3499 2133 3574">
     <span class='ocr_line' id='line_1_62' title="bbox 559 3499 2133 3574; baseline -0.003 -16"><span class='ocrx_word' id='word_1_445' title='bbox 559 3504 702 3574; x_wconf 88' lang='lat' dir='ltr'><strong>apud</strong></span> <span class='ocrx_word' id='word_1_446' title='bbox 747 3502 920 3573; x_wconf 90' lang='lat' dir='ltr'><strong>ipsum</strong></span> <span class='ocrx_word' id='word_1_447' title='bbox 965 3511 1068 3566; x_wconf 90' lang='lat' dir='ltr'><strong>est,</strong></span> <span class='ocrx_word' id='word_1_448' title='bbox 1097 3499 1384 3565; x_wconf 79' lang='lat' dir='ltr'><strong>consentit,</strong></span> <span class='ocrx_word' id='word_1_449' title='bbox 1415 3508 1470 3555; x_wconf 91' lang='lat' dir='ltr'><strong>et</strong></span> <span class='ocrx_word' id='word_1_450' title='bbox 1513 3514 1698 3554; x_wconf 89' lang='lat' dir='ltr'><strong>eorum</strong></span> <span class='ocrx_word' id='word_1_451' title='bbox 1728 3515 1849 3570; x_wconf 55' lang='lat' dir='ltr'><strong>qua:</strong></span> <span class='ocrx_word' id='word_1_452' title='bbox 1878 3500 1966 3554; x_wconf 76' lang='lat' dir='ltr'><strong>ille</strong></span> <span class='ocrx_word' id='word_1_453' title='bbox 2005 3515 2133 3554; x_wconf 89' lang='lat' dir='ltr'><strong>con-</strong></span> 
     </span>
    </p>
   </div>
   <div class='ocr_carea' id='block_1_63' title="bbox 558 3592 2134 3662">
    <p class='ocr_par' dir='ltr' id='par_1_63' title="bbox 558 3592 2134 3662">
     <span class='ocr_line' id='line_1_63' title="bbox 558 3592 2134 3662; baseline -0.001 -12"><span class='ocrx_word' id='word_1_454' title='bbox 558 3594 733 3651; x_wconf 82' lang='lat' dir='ltr'><strong>fessus</strong></span> <span class='ocrx_word' id='word_1_455' title='bbox 759 3593 954 3660; x_wconf 80' lang='lat' dir='ltr'><strong>fuerat,</strong></span> <span class='ocrx_word' id='word_1_456' title='bbox 985 3593 1418 3650; x_wconf 91' lang='lat' dir='ltr'><strong>communionem</strong></span> <span class='ocrx_word' id='word_1_457' title='bbox 1446 3592 1724 3662; x_wconf 87' lang='lat' dir='ltr'><strong>amplexus</strong></span> <span class='ocrx_word' id='word_1_458' title='bbox 1747 3602 1850 3648; x_wconf 90' lang='lat' dir='ltr'><strong>est.</strong></span> <span class='ocrx_word' id='word_1_459' title='bbox 1878 3593 1945 3647; x_wconf 89' lang='lat' dir='ltr'><strong>Et</strong></span> <span class='ocrx_word' id='word_1_460' title='bbox 1971 3594 2134 3648; x_wconf 82' lang='lat' dir='ltr'><strong>bene-</strong></span> 
     </span>
    </p>
   </div>
   <div class='ocr_carea' id='block_1_64' title="bbox 560 3685 2136 3756">
    <p class='ocr_par' dir='ltr' id='par_1_64' title="bbox 560 3685 2136 3756">
     <span class='ocr_line' id='line_1_64' title="bbox 560 3685 2136 3756; baseline -0.003 -12"><span class='ocrx_word' id='word_1_461' title='bbox 560 3689 736 3745; x_wconf 91' lang='lat' dir='ltr'><strong>dictus</strong></span> <span class='ocrx_word' id='word_1_462' title='bbox 758 3689 923 3752; x_wconf 89' lang='lat' dir='ltr'><strong>Dens,</strong></span> <span class='ocrx_word' id='word_1_463' title='bbox 948 3687 1075 3756; x_wconf 89' lang='lat' dir='ltr'><strong>quia</strong></span> <span class='ocrx_word' id='word_1_464' title='bbox 1101 3685 1338 3741; x_wconf 89' lang='lat' dir='ltr'><strong>Orientis</strong></span> <span class='ocrx_word' id='word_1_465' title='bbox 1365 3686 1692 3740; x_wconf 88' lang='lat' dir='ltr'><strong>sanctissimi</strong></span> <span class='ocrx_word' id='word_1_466' title='bbox 1723 3687 1920 3742; x_wconf 90' lang='lat' dir='ltr'><strong>summi</strong></span> <span class='ocrx_word' id='word_1_467' title='bbox 1959 3701 2136 3741; x_wconf 57' lang='lat' dir='ltr'><strong>sacer.</strong></span> 
     </span>
    </p>
   </div>
   <div class='ocr_carea' id='block_1_65' title="bbox 557 3775 2131 3835">
    <p class='ocr_par' dir='ltr' id='par_1_65' title="bbox 557 3775 2131 3835">
     <span class='ocr_line' id='line_1_65' title="bbox 557 3775 2131 3835; baseline -0.004 0"><span class='ocrx_word' id='word_1_468' title='bbox 557 3779 710 3835; x_wconf 90' lang='lat' dir='ltr'><strong>dotes</strong></span> <span class='ocrx_word' id='word_1_469' title='bbox 761 3777 1055 3832; x_wconf 90' lang='lat' dir='ltr'><strong>concordes</strong></span> <span class='ocrx_word' id='word_1_470' title='bbox 1109 3775 1164 3829; x_wconf 93' lang='lat' dir='ltr'><strong>in</strong></span> <span class='ocrx_word' id='word_1_471' title='bbox 1209 3775 1509 3829; x_wconf 83' lang='lat' dir='ltr'><strong>orthodoxa</strong></span> <span class='ocrx_word' id='word_1_472' title='bbox 1569 3775 1674 3828; x_wconf 81' lang='lat' dir='ltr'><strong>ﬁde</strong></span> <span class='ocrx_word' id='word_1_473' title='bbox 1707 3783 1764 3830; x_wconf 93' lang='lat' dir='ltr'><strong>et</strong></span> <span class='ocrx_word' id='word_1_474' title='bbox 1814 3776 2131 3829; x_wconf 72' lang='lat' dir='ltr'><strong>adcretione</strong></span> 
     </span>
    </p>
   </div>
   <div class='ocr_carea' id='block_1_66' title="bbox 556 3865 2130 3935">
    <p class='ocr_par' dir='ltr' id='par_1_66' title="bbox 556 3865 2130 3935">
     <span class='ocr_line' id='line_1_66' title="bbox 556 3865 2130 3935; baseline -0.001 -14"><span class='ocrx_word' id='word_1_475' title='bbox 556 3867 943 3924; x_wconf 85' lang='lat' dir='ltr'><strong>venerabilium</strong></span> <span class='ocrx_word' id='word_1_476' title='bbox 994 3866 1286 3935; x_wconf 89' lang='lat' dir='ltr'><strong>imaginum</strong></span> <span class='ocrx_word' id='word_1_477' title='bbox 1325 3865 1681 3920; x_wconf 87' lang='lat' dir='ltr'><strong>sanctissimis</strong></span> <span class='ocrx_word' id='word_1_478' title='bbox 1717 3865 1952 3920; x_wconf 84' lang='lat' dir='ltr'><strong>Adriano</strong></span> <span class='ocrx_word' id='word_1_479' title='bbox 1982 3881 2130 3934; x_wconf 76' lang='lat' dir='ltr'><strong>papa:</strong></span> 
     </span>
    </p>
   </div>
   <div class='ocr_carea' id='block_1_67' title="bbox 549 3956 2127 4024">
    <p class='ocr_par' dir='ltr' id='par_1_67' title="bbox 549 3956 2127 4024">
     <span class='ocr_line' id='line_1_67' title="bbox 549 3956 2127 4024; baseline -0.002 -11"><span class='ocrx_word' id='word_1_480' title='bbox 549 3959 841 4024; x_wconf 77' lang='lat' dir='ltr'><strong>Romano,</strong></span> <span class='ocrx_word' id='word_1_481' title='bbox 901 3965 957 4012; x_wconf 89' lang='lat' dir='ltr'><strong>et</strong></span> <span class='ocrx_word' id='word_1_482' title='bbox 1015 3957 1238 4012; x_wconf 89' lang='lat' dir='ltr'><strong>Tarasio</strong></span> <span class='ocrx_word' id='word_1_483' title='bbox 1311 3957 1630 4024; x_wconf 68' lang='lat' dir='ltr'><strong>patriarchae</strong></span> <span class='ocrx_word' id='word_1_484' title='bbox 1692 3971 1844 4012; x_wconf 84' lang='lat' dir='ltr'><strong>novae</strong></span> <span class='ocrx_word' id='word_1_485' title='bbox 1907 3956 2127 4022; x_wconf 70' lang='lat' dir='ltr'><strong>Rerum,</strong></span> 
     </span>
    </p>
   </div>
   <div class='ocr_carea' id='block_1_68' title="bbox 557 4046 2128 4118">
    <p class='ocr_par' dir='ltr' id='par_1_68' title="bbox 557 4046 2128 4118">
     <span class='ocr_line' id='line_1_68' title="bbox 557 4046 2128 4118; baseline -0.003 -13"><span class='ocrx_word' id='word_1_486' title='bbox 557 4049 762 4106; x_wconf 90' lang='lat' dir='ltr'><strong>inventi</strong></span> <span class='ocrx_word' id='word_1_487' title='bbox 807 4057 932 4104; x_wconf 91' lang='lat' dir='ltr'><strong>sunt</strong></span> <span class='ocrx_word' id='word_1_488' title='bbox 960 4065 977 4104; x_wconf 88' lang='lat'><strong>:</strong></span> <span class='ocrx_word' id='word_1_489' title='bbox 1008 4056 1064 4104; x_wconf 91' lang='lat' dir='ltr'><strong>et</strong></span> <span class='ocrx_word' id='word_1_490' title='bbox 1089 4047 1181 4118; x_wconf 89' lang='lat' dir='ltr'><strong>qui</strong></span> <span class='ocrx_word' id='word_1_491' title='bbox 1210 4047 1287 4102; x_wconf 90' lang='lat' dir='ltr'><strong>ita</strong></span> <span class='ocrx_word' id='word_1_492' title='bbox 1315 4060 1423 4100; x_wconf 92' lang='lat' dir='ltr'><strong>non</strong></span> <span class='ocrx_word' id='word_1_493' title='bbox 1449 4046 1794 4112; x_wconf 87' lang='lat' dir='ltr'><strong>conﬁtentur,</strong></span> <span class='ocrx_word' id='word_1_494' title='bbox 1837 4048 2128 4103; x_wconf 88' lang='lat' dir='ltr'><strong>anathema</strong></span> 
     </span>
    </p>
   </div>
   <div class='ocr_carea' id='block_1_69' title="bbox 557 4138 2127 4208">
    <p class='ocr_par' dir='ltr' id='par_1_69' title="bbox 557 4138 2127 4208">
     <span class='ocr_line' id='line_1_69' title="bbox 557 4138 2127 4208; baseline -0.002 -11"><span class='ocrx_word' id='word_1_495' title='bbox 557 4142 666 4197; x_wconf 91' lang='lat' dir='ltr'><strong>sint</strong></span> <span class='ocrx_word' id='word_1_496' title='bbox 693 4156 723 4194; x_wconf 89' lang='lat' dir='ltr'><strong>a</strong></span> <span class='ocrx_word' id='word_1_497' title='bbox 761 4140 962 4195; x_wconf 90' lang='lat' dir='ltr'><strong>sanctis</strong></span> <span class='ocrx_word' id='word_1_498' title='bbox 987 4138 1242 4194; x_wconf 86' lang='lat' dir='ltr'><strong>trecentis</strong></span> <span class='ocrx_word' id='word_1_499' title='bbox 1278 4139 1462 4194; x_wconf 88' lang='lat' dir='ltr'><strong>decem</strong></span> <span class='ocrx_word' id='word_1_500' title='bbox 1495 4147 1553 4193; x_wconf 89' lang='lat' dir='ltr'><strong>et</strong></span> <span class='ocrx_word' id='word_1_501' title='bbox 1580 4146 1702 4194; x_wconf 91' lang='lat' dir='ltr'><strong>octo</strong></span> <span class='ocrx_word' id='word_1_502' title='bbox 1739 4138 2006 4204; x_wconf 90' lang='lat' dir='ltr'><strong>Patribus,</strong></span> <span class='ocrx_word' id='word_1_503' title='bbox 2037 4139 2127 4208; x_wconf 90' lang='lat' dir='ltr'><strong>qui</strong></span> 
     </span>
    </p>
   </div>
   <div class='ocr_carea' id='block_1_70' title="bbox 557 4227 1207 4286">
    <p class='ocr_par' dir='ltr' id='par_1_70' title="bbox 557 4227 1207 4286">
     <span class='ocr_line' id='line_1_70' title="bbox 557 4227 1207 4286; baseline -0.005 -1"><span class='ocrx_word' id='word_1_504' title='bbox 557 4229 648 4286; x_wconf 90' lang='lat' dir='ltr'><strong>hic</strong></span> <span class='ocrx_word' id='word_1_505' title='bbox 673 4237 796 4284; x_wconf 88' lang='lat' dir='ltr'><strong>ante</strong></span> <span class='ocrx_word' id='word_1_506' title='bbox 823 4227 1033 4284; x_wconf 90' lang='lat' dir='ltr'><strong>collecti</strong></span> <span class='ocrx_word' id='word_1_507' title='bbox 1061 4235 1207 4282; x_wconf 89' lang='lat' dir='ltr'><strong>sunt.</strong></span> 
     </span>
    </p>
   </div>
   <div class='ocr_carea' id='block_1_71' title="bbox 630 4315 1736 4389">
    <p class='ocr_par' dir='ltr' id='par_1_71' title="bbox 630 4315 1736 4389">
     <span class='ocr_line' id='line_1_71' title="bbox 630 4315 1736 4389; baseline -0.005 -14"><span class='ocrx_word' id='word_1_508' title='bbox 630 4320 830 4375; x_wconf 88' lang='lat' dir='ltr'><strong>Sancta</strong></span> <span class='ocrx_word' id='word_1_509' title='bbox 859 4317 1097 4389; x_wconf 89' lang='lat' dir='ltr'><strong>synodus</strong></span> <span class='ocrx_word' id='word_1_510' title='bbox 1118 4315 1254 4371; x_wconf 80' lang='lat' dir='ltr'><strong>dixit</strong></span> <span class='ocrx_word' id='word_1_511' title='bbox 1281 4331 1296 4371; x_wconf 90' lang='lat'><strong>:</strong></span> <span class='ocrx_word' id='word_1_512' title='bbox 1329 4315 1471 4381; x_wconf 78' lang='lat' dir='ltr'><strong>Fiat,</strong></span> <span class='ocrx_word' id='word_1_513' title='bbox 1498 4317 1608 4381; x_wconf 87' lang='lat' dir='ltr'><strong>tiat,</strong></span> <span class='ocrx_word' id='word_1_514' title='bbox 1644 4316 1736 4370; x_wconf 82' lang='lat' dir='ltr'><strong>ﬁat</strong></span> 
     </span>
    </p>
   </div>
   <div class='ocr_carea' id='block_1_72' title="bbox 629 4408 2124 4480">
    <p class='ocr_par' dir='ltr' id='par_1_72' title="bbox 629 4408 2124 4480">
     <span class='ocr_line' id='line_1_72' title="bbox 629 4408 2124 4480; baseline -0.001 -16"><span class='ocrx_word' id='word_1_515' title='bbox 629 4409 861 4480; x_wconf 83' lang='lat' dir='ltr'><strong>Agapius</strong></span> <span class='ocrx_word' id='word_1_516' title='bbox 914 4409 1286 4465; x_wconf 89' lang='lat' dir='ltr'><strong>sanctissimus</strong></span> <span class='ocrx_word' id='word_1_517' title='bbox 1324 4409 1607 4479; x_wconf 81' lang='lat' dir='ltr'><strong>episcOpus</strong></span> <span class='ocrx_word' id='word_1_518' title='bbox 1638 4408 1898 4464; x_wconf 67' lang='lat' dir='ltr'><strong>Caesarea:</strong></span> <span class='ocrx_word' id='word_1_519' title='bbox 1945 4408 2079 4463; x_wconf 80' lang='lat' dir='ltr'><strong>dixit</strong></span> <span class='ocrx_word' id='word_1_520' title='bbox 2111 4427 2124 4463; x_wconf 92' lang='lat'><strong>:</strong></span> 
     </span>
    </p>
   </div>
   <div class='ocr_carea' id='block_1_73' title="bbox 558 4498 2127 4572">
    <p class='ocr_par' dir='ltr' id='par_1_73' title="bbox 558 4498 2127 4572">
     <span class='ocr_line' id='line_1_73' title="bbox 558 4498 2127 4572; baseline -0.004 -14"><span class='ocrx_word' id='word_1_521' title='bbox 558 4501 850 4558; x_wconf 86' lang='lat' dir='ltr'><strong>Destinatis</strong></span> <span class='ocrx_word' id='word_1_522' title='bbox 875 4502 941 4555; x_wconf 88' lang='lat' dir='ltr'><strong>ab</strong></span> <span class='ocrx_word' id='word_1_523' title='bbox 963 4498 1568 4572; x_wconf 70' lang='lat' dir='ltr'><strong>Orientislsanctissimis</strong></span> <span class='ocrx_word' id='word_1_524' title='bbox 1587 4498 1932 4568; x_wconf 81' lang='lat' dir='ltr'><strong>pontiﬁcibus</strong></span> <span class='ocrx_word' id='word_1_525' title='bbox 1952 4513 2127 4554; x_wconf 84' lang='lat' dir='ltr'><strong>sacra-</strong></span> 
     </span>
    </p>
   </div>
   <div class='ocr_carea' id='block_1_74' title="bbox 558 4591 2125 4661">
    <p class='ocr_par' dir='ltr' id='par_1_74' title="bbox 558 4591 2125 4661">
     <span class='ocr_line' id='line_1_74' title="bbox 558 4591 2125 4661; baseline -0.003 -12"><span class='ocrx_word' id='word_1_526' title='bbox 558 4593 781 4649; x_wconf 87' lang='lat' dir='ltr'><strong>tissimis</strong></span> <span class='ocrx_word' id='word_1_527' title='bbox 810 4591 1006 4647; x_wconf 88' lang='lat' dir='ltr'><strong>litteris</strong></span> <span class='ocrx_word' id='word_1_528' title='bbox 1035 4593 1104 4646; x_wconf 86' lang='lat' dir='ltr'><strong>ad</strong></span> <span class='ocrx_word' id='word_1_529' title='bbox 1148 4591 1430 4645; x_wconf 88' lang='lat' dir='ltr'><strong>Tarasium</strong></span> <span class='ocrx_word' id='word_1_530' title='bbox 1469 4591 1866 4645; x_wconf 90' lang='lat' dir='ltr'><strong>sanctissimum</strong></span> <span class='ocrx_word' id='word_1_531' title='bbox 1896 4591 2125 4661; x_wconf 88' lang='lat' dir='ltr'><strong>patriar-</strong></span> 
     </span>
    </p>
   </div>
   <div class='ocr_carea' id='block_1_75' title="bbox 558 4682 2122 4753">
    <p class='ocr_par' dir='ltr' id='par_1_75' title="bbox 558 4682 2122 4753">
     <span class='ocr_line' id='line_1_75' title="bbox 558 4682 2122 4753; baseline -0.003 -13"><span class='ocrx_word' id='word_1_532' title='bbox 558 4685 745 4740; x_wconf 88' lang='lat' dir='ltr'><strong>cham:</strong></span> <span class='ocrx_word' id='word_1_533' title='bbox 783 4685 891 4749; x_wconf 89' lang='lat' dir='ltr'><strong>his,</strong></span> <span class='ocrx_word' id='word_1_534' title='bbox 923 4693 1176 4753; x_wconf 90' lang='lat' dir='ltr'><strong>tanquam</strong></span> <span class='ocrx_word' id='word_1_535' title='bbox 1208 4682 1418 4737; x_wconf 92' lang='lat' dir='ltr'><strong>titulum</strong></span> <span class='ocrx_word' id='word_1_536' title='bbox 1449 4683 1778 4737; x_wconf 76' lang='lat' dir='ltr'><strong>orthodoxize</strong></span> <span class='ocrx_word' id='word_1_537' title='bbox 1804 4683 2122 4752; x_wconf 89' lang='lat' dir='ltr'><strong>suscipiens,</strong></span> 
     </span>
    </p>
   </div>
   <div class='ocr_carea' id='block_1_76' title="bbox 554 4770 2118 4838">
    <p class='ocr_par' dir='ltr' id='par_1_76' title="bbox 554 4770 2118 4838">
     <span class='ocr_line' id='line_1_76' title="bbox 554 4770 2118 4838; baseline -0.003 -11"><span class='ocrx_word' id='word_1_538' title='bbox 554 4771 806 4827; x_wconf 90' lang='lat' dir='ltr'><strong>omnibus</strong></span> <span class='ocrx_word' id='word_1_539' title='bbox 830 4773 1000 4826; x_wconf 89' lang='lat' dir='ltr'><strong>modis</strong></span> <span class='ocrx_word' id='word_1_540' title='bbox 1021 4771 1324 4834; x_wconf 87' lang='lat' dir='ltr'><strong>consentio,</strong></span> <span class='ocrx_word' id='word_1_541' title='bbox 1350 4782 1405 4825; x_wconf 92' lang='lat' dir='ltr'><strong>et</strong></span> <span class='ocrx_word' id='word_1_542' title='bbox 1429 4770 1856 4824; x_wconf 92' lang='lat' dir='ltr'><strong>communionem</strong></span> <span class='ocrx_word' id='word_1_543' title='bbox 1885 4770 2118 4838; x_wconf 86' lang='lat' dir='ltr'><strong>recipio;</strong></span> 
     </span>
    </p>
   </div>
   <div class='ocr_carea' id='block_1_77' title="bbox 557 4860 2073 4930">
    <p class='ocr_par' dir='ltr' id='par_1_77' title="bbox 557 4860 2073 4930">
     <span class='ocr_line' id='line_1_77' title="bbox 557 4860 2073 4930; baseline -0.002 -14"><span class='ocrx_word' id='word_1_544' title='bbox 557 4870 612 4915; x_wconf 84' lang='lat' dir='ltr'><strong>et</strong></span> <span class='ocrx_word' id='word_1_545' title='bbox 639 4876 732 4916; x_wconf 86' lang='lat' dir='ltr'><strong>eos</strong></span> <span class='ocrx_word' id='word_1_546' title='bbox 756 4860 844 4930; x_wconf 90' lang='lat' dir='ltr'><strong>qui</strong></span> <span class='ocrx_word' id='word_1_547' title='bbox 869 4861 940 4914; x_wconf 93' lang='lat' dir='ltr'><strong>ita</strong></span> <span class='ocrx_word' id='word_1_548' title='bbox 973 4875 1076 4913; x_wconf 90' lang='lat' dir='ltr'><strong>non</strong></span> <span class='ocrx_word' id='word_1_549' title='bbox 1105 4860 1337 4928; x_wconf 88' lang='lat' dir='ltr'><strong>sapiunt,</strong></span> <span class='ocrx_word' id='word_1_550' title='bbox 1365 4860 1690 4914; x_wconf 87' lang='lat' dir='ltr'><strong>anathemati</strong></span> <span class='ocrx_word' id='word_1_551' title='bbox 1714 4860 2073 4914; x_wconf 81' lang='lat' dir='ltr'><strong>submiserim.</strong></span> 
     </span>
    </p>
   </div>
   <div class='ocr_carea' id='block_1_78' title="bbox 625 4947 2121 5018">
    <p class='ocr_par' dir='ltr' id='par_1_78' title="bbox 625 4947 2121 5018">
     <span class='ocr_line' id='line_1_78' title="bbox 625 4947 2121 5018; baseline 0.001 -16"><span class='ocrx_word' id='word_1_552' title='bbox 625 4947 860 5006; x_wconf 77' lang='lat' dir='ltr'><strong>Joannes</strong></span> <span class='ocrx_word' id='word_1_553' title='bbox 889 4949 1170 5018; x_wconf 83' lang='lat' dir='ltr'><strong>episcopus</strong></span> <span class='ocrx_word' id='word_1_554' title='bbox 1197 4949 1390 5016; x_wconf 81' lang='lat' dir='ltr'><strong>Ephesi</strong></span> <span class='ocrx_word' id='word_1_555' title='bbox 1419 4949 1554 5002; x_wconf 80' lang='lat' dir='ltr'><strong>dixit</strong></span> <span class='ocrx_word' id='word_1_556' title='bbox 1581 4966 1592 5000; x_wconf 92' lang='lat'><strong>:</strong></span> <span class='ocrx_word' id='word_1_557' title='bbox 1628 4948 1916 5002; x_wconf 89' lang='lat' dir='ltr'><strong>Destinatis</strong></span> <span class='ocrx_word' id='word_1_558' title='bbox 1943 4949 2012 5002; x_wconf 85' lang='lat' dir='ltr'><strong>ab</strong></span> <span class='ocrx_word' id='word_1_559' title='bbox 2057 4949 2121 5003; x_wconf 87' lang='lat' dir='ltr'><strong>iis</strong></span> 
     </span>
    </p>
   </div>
   <div class='ocr_carea' id='block_1_79' title="bbox 557 5023 2122 5106">
    <p class='ocr_par' dir='ltr' id='par_1_79' title="bbox 557 5023 2122 5106">
     <span class='ocr_line' id='line_1_79' title="bbox 557 5023 2122 5106; baseline -0.002 -13"><span class='ocrx_word' id='word_1_560' title='bbox 557 5038 782 5093; x_wconf 79' lang='lat' dir='ltr'><strong>summis</strong></span> <span class='ocrx_word' id='word_1_561' title='bbox 811 5038 1178 5093; x_wconf 87' lang='lat' dir='ltr'><strong>sacerdotibus</strong></span> <span class='ocrx_word' id='word_1_562' title='bbox 1203 5037 1293 5106; x_wconf 91' lang='lat' dir='ltr'><strong>qui</strong></span> <span class='ocrx_word' id='word_1_563' title='bbox 1319 5037 1369 5090; x_wconf 93' lang='lat' dir='ltr'><strong>in</strong></span> <span class='ocrx_word' id='word_1_564' title='bbox 1399 5023 1617 5106; x_wconf 62' lang='lat' dir='ltr'><strong>Orieitte</strong></span> <span class='ocrx_word' id='word_1_565' title='bbox 1641 5045 1789 5100; x_wconf 83' lang='lat' dir='ltr'><strong>sunt,</strong></span> <span class='ocrx_word' id='word_1_566' title='bbox 1809 5036 2122 5090; x_wconf 73' lang='lat' dir='ltr'><strong>orthodoxis</strong></span> 
     </span>
    </p>
   </div>
   <div class='ocr_carea' id='block_1_80' title="bbox 557 5103 2118 5195">
    <p class='ocr_par' dir='ltr' id='par_1_80' title="bbox 557 5103 2118 5195">
     <span class='ocr_line' id='line_1_80' title="bbox 557 5103 2118 5195; baseline -0.001 -13"><span class='ocrx_word' id='word_1_567' title='bbox 557 5127 756 5183; x_wconf 82' lang='lat' dir='ltr'><strong>litteris</strong></span> <span class='ocrx_word' id='word_1_568' title='bbox 785 5129 851 5183; x_wconf 88' lang='lat' dir='ltr'><strong>ad</strong></span> <span class='ocrx_word' id='word_1_569' title='bbox 886 5103 1278 5184; x_wconf 78' lang='lat' dir='ltr'><strong>sanctissimum</strong></span> <span class='ocrx_word' id='word_1_570' title='bbox 1316 5135 1370 5179; x_wconf 82' lang='lat' dir='ltr'><strong>et</strong></span> <span class='ocrx_word' id='word_1_571' title='bbox 1399 5135 1480 5180; x_wconf 86' lang='lat' dir='ltr'><strong>ter</strong></span> <span class='ocrx_word' id='word_1_572' title='bbox 1503 5103 1723 5182; x_wconf 54' lang='lat' dir='ltr'><strong>thﬁttum</strong></span> <span class='ocrx_word' id='word_1_573' title='bbox 1762 5126 2118 5195; x_wconf 88' lang='lat' dir='ltr'><strong>patriarcham</strong></span> 
     </span>
    </p>
   </div>
   <div class='ocr_carea' id='block_1_81' title="bbox 555 5212 2118 5282">
    <p class='ocr_par' dir='ltr' id='par_1_81' title="bbox 555 5212 2118 5282">
     <span class='ocr_line' id='line_1_81' title="bbox 555 5212 2118 5282; baseline -0.001 -9"><span class='ocrx_word' id='word_1_574' title='bbox 555 5212 838 5274; x_wconf 63' lang='lat' dir='ltr'><strong>&#39;l‘aﬁtSiiim</strong></span> <span class='ocrx_word' id='word_1_575' title='bbox 900 5219 1284 5282; x_wconf 85' lang='lat' dir='ltr'><strong>consentimus,</strong></span> <span class='ocrx_word' id='word_1_576' title='bbox 1341 5231 1398 5272; x_wconf 86' lang='lat' dir='ltr'><strong>et</strong></span> <span class='ocrx_word' id='word_1_577' title='bbox 1451 5221 1639 5272; x_wconf 76' lang='lat' dir='ltr'><strong>earum</strong></span> <span class='ocrx_word' id='word_1_578' title='bbox 1691 5216 2118 5272; x_wconf 82' lang='lat' dir='ltr'><strong>communionem</strong></span> 
     </span>
    </p>
   </div>
   <div class='ocr_carea' id='block_1_82' title="bbox 685 5307 2122 5354">
    <p class='ocr_par' dir='ltr' id='par_1_82' title="bbox 685 5307 2122 5354">
     <span class='ocr_line' id='line_1_82' title="bbox 685 5307 2122 5354; baseline -0.002 1"><span class='ocrx_word' id='word_1_579' title='bbox 685 5308 696 5320; x_wconf 84' lang='grc'><strong>’</strong></span> <span class='ocrx_word' id='word_1_580' title='bbox 989 5307 1055 5324; x_wconf 70' lang='grc'><strong>”“</strong></span> <span class='ocrx_word' id='word_1_581' title='bbox 1389 5307 1400 5319; x_wconf 86' lang='grc'><em>’</em></span> <span class='ocrx_word' id='word_1_582' title='bbox 1620 5309 1880 5337; x_wconf 68' lang='grc'><strong>“¹⁶⁶““⁸····</strong></span> <span class='ocrx_word' id='word_1_583' title='bbox 1951 5321 2122 5354; x_wconf 70' lang='lat' dir='ltr'><strong>nemm</strong></span> 
     </span>
    </p>
   </div>
   <div class='ocr_carea' id='block_1_83' title="bbox 2233 3318 3797 3381">
    <p class='ocr_par' dir='ltr' id='par_1_83' title="bbox 2233 3318 3797 3381">
     <span class='ocr_line' id='line_1_83' title="bbox 2233 3318 3797 3381; baseline 0.003 -10"><span class='ocrx_word' id='word_1_584' title='bbox 2233 3327 2380 3381; x_wconf 79' lang='lat' dir='ltr'><strong>sunt,</strong></span> <span class='ocrx_word' id='word_1_585' title='bbox 2414 3325 2520 3371; x_wconf 91' lang='lat' dir='ltr'><strong>tam</strong></span> <span class='ocrx_word' id='word_1_586' title='bbox 2549 3318 2757 3374; x_wconf 80' lang='lat' dir='ltr'><strong>scilicet</strong></span> <span class='ocrx_word' id='word_1_587' title='bbox 2802 3319 3012 3374; x_wconf 80' lang='lat' dir='ltr'><strong>Tarasii</strong></span> <span class='ocrx_word' id='word_1_588' title='bbox 3059 3323 3384 3376; x_wconf 83' lang='lat' dir='ltr'><strong>sanctissimi</strong></span> <span class='ocrx_word' id='word_1_589' title='bbox 3417 3337 3481 3376; x_wconf 89' lang='lat' dir='ltr'><strong>ac</strong></span> <span class='ocrx_word' id='word_1_590' title='bbox 3510 3321 3797 3377; x_wconf 81' lang='lat' dir='ltr'><strong>beatissimi</strong></span> 
     </span>
    </p>
   </div>
   <div class='ocr_carea' id='block_1_84' title="bbox 2232 3407 3798 3480">
    <p class='ocr_par' dir='ltr' id='par_1_84' title="bbox 2232 3407 3798 3480">
     <span class='ocr_line' id='line_1_84' title="bbox 2232 3407 3798 3480; baseline 0.001 -18"><span class='ocrx_word' id='word_1_591' title='bbox 2232 3407 2618 3478; x_wconf 83' lang='lat' dir='ltr'><strong>archiepiscopi</strong></span> <span class='ocrx_word' id='word_1_592' title='bbox 2665 3419 2719 3463; x_wconf 91' lang='lat' dir='ltr'><strong>et</strong></span> <span class='ocrx_word' id='word_1_593' title='bbox 2760 3411 3099 3478; x_wconf 66' lang='lat' dir='ltr'><strong>patriarchae,</strong></span> <span class='ocrx_word' id='word_1_594' title='bbox 3126 3426 3286 3480; x_wconf 88' lang='lat' dir='ltr'><strong>quam</strong></span> <span class='ocrx_word' id='word_1_595' title='bbox 3318 3412 3402 3466; x_wconf 91' lang='lat' dir='ltr'><strong>his</strong></span> <span class='ocrx_word' id='word_1_596' title='bbox 3447 3428 3570 3480; x_wconf 68' lang='lat' dir='ltr'><strong>quae</strong></span> <span class='ocrx_word' id='word_1_597' title='bbox 3614 3413 3682 3465; x_wconf 89' lang='lat' dir='ltr'><strong>ad</strong></span> <span class='ocrx_word' id='word_1_598' title='bbox 3709 3412 3798 3464; x_wconf 83' lang='lat' dir='ltr'><strong>has</strong></span> 
     </span>
    </p>
   </div>
   <div class='ocr_carea' id='block_1_85' title="bbox 2232 3500 3798 3573">
    <p class='ocr_par' dir='ltr' id='par_1_85' title="bbox 2232 3500 3798 3573">
     <span class='ocr_line' id='line_1_85' title="bbox 2232 3500 3798 3573; baseline 0.001 -21"><span class='ocrx_word' id='word_1_599' title='bbox 2232 3500 2409 3556; x_wconf 73' lang='lat' dir='ltr'><strong>missa:</strong></span> <span class='ocrx_word' id='word_1_600' title='bbox 2436 3511 2561 3555; x_wconf 82' lang='lat' dir='ltr'><strong>sunt</strong></span> <span class='ocrx_word' id='word_1_601' title='bbox 2581 3503 2650 3556; x_wconf 89' lang='lat' dir='ltr'><strong>ab</strong></span> <span class='ocrx_word' id='word_1_602' title='bbox 2668 3501 3036 3558; x_wconf 88' lang='lat' dir='ltr'><strong>Orientalibus</strong></span> <span class='ocrx_word' id='word_1_603' title='bbox 3059 3504 3380 3573; x_wconf 87' lang='lat' dir='ltr'><strong>patriarcbis</strong></span> <span class='ocrx_word' id='word_1_604' title='bbox 3403 3519 3416 3556; x_wconf 87' lang='lat'><strong>:</strong></span> <span class='ocrx_word' id='word_1_605' title='bbox 3447 3512 3502 3557; x_wconf 89' lang='lat' dir='ltr'><strong>et</strong></span> <span class='ocrx_word' id='word_1_606' title='bbox 3523 3518 3716 3557; x_wconf 85' lang='lat' dir='ltr'><strong>eorum</strong></span> <span class='ocrx_word' id='word_1_607' title='bbox 3739 3516 3798 3554; x_wconf 86' lang='lat' dir='ltr'><strong>ac</strong></span> 
     </span>
    </p>
   </div>
   <div class='ocr_carea' id='block_1_86' title="bbox 2232 3590 3798 3662">
    <p class='ocr_par' dir='ltr' id='par_1_86' title="bbox 2232 3590 3798 3662">
     <span class='ocr_line' id='line_1_86' title="bbox 2232 3590 3798 3662; baseline -0.002 -18"><span class='ocrx_word' id='word_1_608' title='bbox 2232 3605 2408 3644; x_wconf 91' lang='lat' dir='ltr'><strong>meum</strong></span> <span class='ocrx_word' id='word_1_609' title='bbox 2449 3605 2661 3645; x_wconf 89' lang='lat' dir='ltr'><strong>sensum</strong></span> <span class='ocrx_word' id='word_1_610' title='bbox 2709 3607 2868 3660; x_wconf 86' lang='lat' dir='ltr'><strong>super</strong></span> <span class='ocrx_word' id='word_1_611' title='bbox 2922 3593 3092 3648; x_wconf 87' lang='lat' dir='ltr'><strong>sacris</strong></span> <span class='ocrx_word' id='word_1_612' title='bbox 3131 3592 3472 3662; x_wconf 83' lang='lat' dir='ltr'><strong>dogmatibus</strong></span> <span class='ocrx_word' id='word_1_613' title='bbox 3507 3600 3564 3646; x_wconf 91' lang='lat' dir='ltr'><strong>et</strong></span> <span class='ocrx_word' id='word_1_614' title='bbox 3603 3590 3798 3646; x_wconf 88' lang='lat' dir='ltr'><strong>sanctis</strong></span> 
     </span>
    </p>
   </div>
   <div class='ocr_carea' id='block_1_87' title="bbox 2233 3678 3798 3737">
    <p class='ocr_par' dir='ltr' id='par_1_87' title="bbox 2233 3678 3798 3737">
     <span class='ocr_line' id='line_1_87' title="bbox 2233 3678 3798 3737; baseline -0.001 -5"><span class='ocrx_word' id='word_1_615' title='bbox 2233 3678 2401 3734; x_wconf 84' lang='lat' dir='ltr'><strong>icouis</strong></span> <span class='ocrx_word' id='word_1_616' title='bbox 2431 3695 2591 3734; x_wconf 90' lang='lat' dir='ltr'><strong>unum</strong></span> <span class='ocrx_word' id='word_1_617' title='bbox 2641 3691 2696 3736; x_wconf 83' lang='lat' dir='ltr'><strong>et</strong></span> <span class='ocrx_word' id='word_1_618' title='bbox 2741 3682 3128 3736; x_wconf 88' lang='lat' dir='ltr'><strong>immutabilem</strong></span> <span class='ocrx_word' id='word_1_619' title='bbox 3171 3681 3422 3737; x_wconf 88' lang='lat' dir='ltr'><strong>existimo</strong></span> <span class='ocrx_word' id='word_1_620' title='bbox 3465 3695 3479 3732; x_wconf 90' lang='lat'><strong>:</strong></span> <span class='ocrx_word' id='word_1_621' title='bbox 3530 3695 3628 3734; x_wconf 88' lang='lat' dir='ltr'><strong>eos</strong></span> <span class='ocrx_word' id='word_1_622' title='bbox 3678 3693 3798 3733; x_wconf 81' lang='lat' dir='ltr'><strong>vero</strong></span> 
     </span>
    </p>
   </div>
   <div class='ocr_carea' id='block_1_88' title="bbox 2228 3770 3793 3842">
    <p class='ocr_par' dir='ltr' id='par_1_88' title="bbox 2228 3770 3793 3842">
     <span class='ocr_line' id='line_1_88' title="bbox 2228 3770 3793 3842; baseline -0.004 -18"><span class='ocrx_word' id='word_1_623' title='bbox 2228 3771 2320 3840; x_wconf 81' lang='lat' dir='ltr'><strong>qui</strong></span> <span class='ocrx_word' id='word_1_624' title='bbox 2347 3778 2541 3840; x_wconf 62' lang='lat' dir='ltr'><strong>praeter</strong></span> <span class='ocrx_word' id='word_1_625' title='bbox 2571 3771 2685 3824; x_wconf 60' lang='lat' dir='ltr'><strong>huic</strong></span> <span class='ocrx_word' id='word_1_626' title='bbox 2723 3787 2858 3827; x_wconf 85' lang='lat' dir='ltr'><strong>vane</strong></span> <span class='ocrx_word' id='word_1_627' title='bbox 2901 3773 3212 3842; x_wconf 87' lang='lat' dir='ltr'><strong>loquuntur,</strong></span> <span class='ocrx_word' id='word_1_628' title='bbox 3253 3781 3308 3826; x_wconf 89' lang='lat' dir='ltr'><strong>et</strong></span> <span class='ocrx_word' id='word_1_629' title='bbox 3334 3770 3583 3838; x_wconf 80' lang='lat' dir='ltr'><strong>garriunt</strong></span> <span class='ocrx_word' id='word_1_630' title='bbox 3614 3779 3793 3823; x_wconf 86' lang='lat' dir='ltr'><strong>contra</strong></span> 
     </span>
    </p>
   </div>
   <div class='ocr_carea' id='block_1_89' title="bbox 2230 3856 3797 3929">
    <p class='ocr_par' dir='ltr' id='par_1_89' title="bbox 2230 3856 3797 3929">
     <span class='ocr_line' id='line_1_89' title="bbox 2230 3856 3797 3929; baseline -0.004 -16"><span class='ocrx_word' id='word_1_631' title='bbox 2230 3869 2442 3913; x_wconf 88' lang='lat' dir='ltr'><strong>sanctas</strong></span> <span class='ocrx_word' id='word_1_632' title='bbox 2472 3861 2752 3929; x_wconf 73' lang='lat' dir='ltr'><strong>imagines,</strong></span> <span class='ocrx_word' id='word_1_633' title='bbox 2802 3870 2859 3914; x_wconf 85' lang='lat' dir='ltr'><strong>et</strong></span> <span class='ocrx_word' id='word_1_634' title='bbox 2899 3876 3005 3914; x_wconf 91' lang='lat' dir='ltr'><strong>non</strong></span> <span class='ocrx_word' id='word_1_635' title='bbox 3034 3861 3359 3915; x_wconf 85' lang='lat' dir='ltr'><strong>conveniunt</strong></span> <span class='ocrx_word' id='word_1_636' title='bbox 3398 3874 3523 3913; x_wconf 87' lang='lat' dir='ltr'><strong>cum</strong></span> <span class='ocrx_word' id='word_1_637' title='bbox 3571 3856 3797 3912; x_wconf 83' lang='lat' dir='ltr'><strong>sanctis-</strong></span> 
     </span>
    </p>
   </div>
   <div class='ocr_carea' id='block_1_90' title="bbox 2229 3950 3797 4020">
    <p class='ocr_par' dir='ltr' id='par_1_90' title="bbox 2229 3950 3797 4020">
     <span class='ocr_line' id='line_1_90' title="bbox 2229 3950 3797 4020; baseline -0.002 -16"><span class='ocrx_word' id='word_1_638' title='bbox 2229 3950 2381 4004; x_wconf 89' lang='lat' dir='ltr'><strong>simis</strong></span> <span class='ocrx_word' id='word_1_639' title='bbox 2404 3951 2749 4020; x_wconf 85' lang='lat' dir='ltr'><strong>patriarcbis,</strong></span> <span class='ocrx_word' id='word_1_640' title='bbox 2782 3952 3059 4006; x_wconf 82' lang='lat' dir='ltr'><strong>haereticus</strong></span> <span class='ocrx_word' id='word_1_641' title='bbox 3077 3959 3135 4006; x_wconf 85' lang='lat' dir='ltr'><strong>et</strong></span> <span class='ocrx_word' id='word_1_642' title='bbox 3161 3955 3442 4020; x_wconf 79' lang='lat' dir='ltr'><strong>perversos</strong></span> <span class='ocrx_word' id='word_1_643' title='bbox 3467 3963 3724 4020; x_wconf 87' lang='lat' dir='ltr'><strong>agnosco,</strong></span> <span class='ocrx_word' id='word_1_644' title='bbox 3741 3955 3797 4001; x_wconf 75' lang='lat' dir='ltr'><strong>et</strong></span> 
     </span>
    </p>
   </div>
   <div class='ocr_carea' id='block_1_91' title="bbox 2229 4039 3384 4110">
    <p class='ocr_par' dir='ltr' id='par_1_91' title="bbox 2229 4039 3384 4110">
     <span class='ocr_line' id='line_1_91' title="bbox 2229 4039 3384 4110; baseline -0.003 -15"><span class='ocrx_word' id='word_1_645' title='bbox 2229 4039 2299 4095; x_wconf 89' lang='lat' dir='ltr'><strong>ab</strong></span> <span class='ocrx_word' id='word_1_646' title='bbox 2323 4056 2507 4096; x_wconf 90' lang='lat' dir='ltr'><strong>eorum</strong></span> <span class='ocrx_word' id='word_1_647' title='bbox 2532 4041 2906 4097; x_wconf 87' lang='lat' dir='ltr'><strong>communione</strong></span> <span class='ocrx_word' id='word_1_648' title='bbox 2935 4041 3087 4110; x_wconf 84' lang='lat' dir='ltr'><strong>longe</strong></span> <span class='ocrx_word' id='word_1_649' title='bbox 3113 4056 3198 4096; x_wconf 88' lang='lat' dir='ltr'><strong>me</strong></span> <span class='ocrx_word' id='word_1_650' title='bbox 3223 4054 3384 4109; x_wconf 89' lang='lat' dir='ltr'><strong>pono.</strong></span> 
     </span>
    </p>
   </div>
   <div class='ocr_carea' id='block_1_92' title="bbox 2299 4128 3793 4202">
    <p class='ocr_par' dir='ltr' id='par_1_92' title="bbox 2299 4128 3793 4202">
     <span class='ocr_line' id='line_1_92' title="bbox 2299 4128 3793 4202; baseline -0.003 -16"><span class='ocrx_word' id='word_1_651' title='bbox 2299 4131 2489 4188; x_wconf 89' lang='lat' dir='ltr'><strong>Petrus</strong></span> <span class='ocrx_word' id='word_1_652' title='bbox 2528 4132 2898 4188; x_wconf 83' lang='lat' dir='ltr'><strong>sanctissimus</strong></span> <span class='ocrx_word' id='word_1_653' title='bbox 2938 4132 3219 4202; x_wconf 87' lang='lat' dir='ltr'><strong>episc0pus</strong></span> <span class='ocrx_word' id='word_1_654' title='bbox 3260 4129 3586 4183; x_wconf 72' lang='lat' dir='ltr'><strong>Nicomediae</strong></span> <span class='ocrx_word' id='word_1_655' title='bbox 3625 4128 3793 4182; x_wconf 84' lang='lat' dir='ltr'><strong>dixit:</strong></span> 
     </span>
    </p>
   </div>
   <div class='ocr_carea' id='block_1_93' title="bbox 2229 4218 3796 4276">
    <p class='ocr_par' dir='ltr' id='par_1_93' title="bbox 2229 4218 3796 4276">
     <span class='ocr_line' id='line_1_93' title="bbox 2229 4218 3796 4276; baseline -0.001 -2"><span class='ocrx_word' id='word_1_656' title='bbox 2229 4219 2534 4276; x_wconf 88' lang='lat' dir='ltr'><strong>Secundum</strong></span> <span class='ocrx_word' id='word_1_657' title='bbox 2586 4221 2779 4275; x_wconf 91' lang='lat' dir='ltr'><strong>missas</strong></span> <span class='ocrx_word' id='word_1_658' title='bbox 2828 4219 3034 4275; x_wconf 90' lang='lat' dir='ltr'><strong>litteras</strong></span> <span class='ocrx_word' id='word_1_659' title='bbox 3085 4235 3115 4273; x_wconf 89' lang='lat' dir='ltr'><strong>a</strong></span> <span class='ocrx_word' id='word_1_660' title='bbox 3162 4218 3388 4274; x_wconf 89' lang='lat' dir='ltr'><strong>summis</strong></span> <span class='ocrx_word' id='word_1_661' title='bbox 3426 4218 3796 4272; x_wconf 77' lang='lat' dir='ltr'><strong>sacerdotibus</strong></span> 
     </span>
    </p>
   </div>
   <div class='ocr_carea' id='block_1_94' title="bbox 2228 4308 3793 4367">
    <p class='ocr_par' dir='ltr' id='par_1_94' title="bbox 2228 4308 3793 4367">
     <span class='ocr_line' id='line_1_94' title="bbox 2228 4308 3793 4367; baseline -0.004 0"><span class='ocrx_word' id='word_1_662' title='bbox 2228 4310 2520 4367; x_wconf 89' lang='lat' dir='ltr'><strong>Orientalis</strong></span> <span class='ocrx_word' id='word_1_663' title='bbox 2541 4312 2835 4367; x_wconf 71' lang='lat' dir='ltr'><strong>dimeeseos</strong></span> <span class='ocrx_word' id='word_1_664' title='bbox 2865 4311 2931 4365; x_wconf 91' lang='lat' dir='ltr'><strong>ad</strong></span> <span class='ocrx_word' id='word_1_665' title='bbox 2958 4310 3356 4366; x_wconf 88' lang='lat' dir='ltr'><strong>sanctissimum</strong></span> <span class='ocrx_word' id='word_1_666' title='bbox 3390 4317 3447 4362; x_wconf 90' lang='lat' dir='ltr'><strong>et</strong></span> <span class='ocrx_word' id='word_1_667' title='bbox 3473 4317 3557 4361; x_wconf 90' lang='lat' dir='ltr'><strong>ter</strong></span> <span class='ocrx_word' id='word_1_668' title='bbox 3584 4308 3793 4362; x_wconf 84' lang='lat' dir='ltr'><strong>beatqu</strong></span> 
     </span>
    </p>
   </div>
   <div class='ocr_carea' id='block_1_95' title="bbox 2227 4397 3792 4472">
    <p class='ocr_par' dir='ltr' id='par_1_95' title="bbox 2227 4397 3792 4472">
     <span class='ocr_line' id='line_1_95' title="bbox 2227 4397 3792 4472; baseline -0.004 -16"><span class='ocrx_word' id='word_1_669' title='bbox 2227 4402 2687 4472; x_wconf 89' lang='lat' dir='ltr'><strong>archiepiscopum</strong></span> <span class='ocrx_word' id='word_1_670' title='bbox 2725 4410 2780 4456; x_wconf 93' lang='lat' dir='ltr'><strong>et</strong></span> <span class='ocrx_word' id='word_1_671' title='bbox 2812 4401 3173 4470; x_wconf 88' lang='lat' dir='ltr'><strong>patriarcham</strong></span> <span class='ocrx_word' id='word_1_672' title='bbox 3213 4397 3510 4460; x_wconf 89' lang='lat' dir='ltr'><strong>Tarasium,</strong></span> <span class='ocrx_word' id='word_1_673' title='bbox 3542 4397 3792 4451; x_wconf 86' lang='lat' dir='ltr'><strong>salutabi-</strong></span> 
     </span>
    </p>
   </div>
   <div class='ocr_carea' id='block_1_96' title="bbox 2229 4486 3795 4562">
    <p class='ocr_par' dir='ltr' id='par_1_96' title="bbox 2229 4486 3795 4562">
     <span class='ocr_line' id='line_1_96' title="bbox 2229 4486 3795 4562; baseline -0.004 -16"><span class='ocrx_word' id='word_1_674' title='bbox 2229 4493 2351 4549; x_wconf 90' lang='lat' dir='ltr'><strong>liter</strong></span> <span class='ocrx_word' id='word_1_675' title='bbox 2399 4493 2660 4562; x_wconf 88' lang='lat' dir='ltr'><strong>suscipio,</strong></span> <span class='ocrx_word' id='word_1_676' title='bbox 2713 4500 2770 4547; x_wconf 90' lang='lat' dir='ltr'><strong>et</strong></span> <span class='ocrx_word' id='word_1_677' title='bbox 2819 4491 2938 4545; x_wconf 87' lang='lat' dir='ltr'><strong>colo</strong></span> <span class='ocrx_word' id='word_1_678' title='bbox 2991 4498 3154 4559; x_wconf 89' lang='lat' dir='ltr'><strong>atque</strong></span> <span class='ocrx_word' id='word_1_679' title='bbox 3203 4486 3370 4542; x_wconf 88' lang='lat' dir='ltr'><strong>adoro</strong></span> <span class='ocrx_word' id='word_1_680' title='bbox 3415 4487 3682 4556; x_wconf 87' lang='lat' dir='ltr'><strong>pretiosas</strong></span> <span class='ocrx_word' id='word_1_681' title='bbox 3741 4493 3795 4539; x_wconf 88' lang='lat' dir='ltr'><strong>et</strong></span> 
     </span>
    </p>
   </div>
   <div class='ocr_carea' id='block_1_97' title="bbox 2229 4578 3791 4652">
    <p class='ocr_par' dir='ltr' id='par_1_97' title="bbox 2229 4578 3791 4652">
     <span class='ocr_line' id='line_1_97' title="bbox 2229 4578 3791 4652; baseline -0.006 -13"><span class='ocrx_word' id='word_1_682' title='bbox 2229 4597 2411 4638; x_wconf 87' lang='lat' dir='ltr'><strong>sacras</strong></span> <span class='ocrx_word' id='word_1_683' title='bbox 2436 4582 2654 4652; x_wconf 84' lang='lat' dir='ltr'><strong>iconas;</strong></span> <span class='ocrx_word' id='word_1_684' title='bbox 2681 4596 2776 4636; x_wconf 91' lang='lat' dir='ltr'><strong>eos</strong></span> <span class='ocrx_word' id='word_1_685' title='bbox 2798 4595 2927 4636; x_wconf 90' lang='lat' dir='ltr'><strong>vero</strong></span> <span class='ocrx_word' id='word_1_686' title='bbox 2953 4581 3046 4652; x_wconf 90' lang='lat' dir='ltr'><strong>qui</strong></span> <span class='ocrx_word' id='word_1_687' title='bbox 3075 4581 3149 4634; x_wconf 90' lang='lat' dir='ltr'><strong>ita</strong></span> <span class='ocrx_word' id='word_1_688' title='bbox 3170 4593 3274 4634; x_wconf 91' lang='lat' dir='ltr'><strong>non</strong></span> <span class='ocrx_word' id='word_1_689' title='bbox 3302 4578 3547 4648; x_wconf 86' lang='lat' dir='ltr'><strong>sapiunt,</strong></span> <span class='ocrx_word' id='word_1_690' title='bbox 3573 4578 3791 4632; x_wconf 83' lang='lat' dir='ltr'><strong>anathe-</strong></span> 
     </span>
    </p>
   </div>
   <div class='ocr_carea' id='block_1_98' title="bbox 2230 4673 2447 4728">
    <p class='ocr_par' dir='ltr' id='par_1_98' title="bbox 2230 4673 2447 4728">
     <span class='ocr_line' id='line_1_98' title="bbox 2230 4673 2447 4728; baseline -0.009 0"><span class='ocrx_word' id='word_1_691' title='bbox 2230 4673 2447 4728; x_wconf 80' lang='lat' dir='ltr'><strong>matizo.</strong></span> 
     </span>
    </p>
   </div>
   <div class='ocr_carea' id='block_1_99' title="bbox 2297 4758 3787 4836">
    <p class='ocr_par' dir='ltr' id='par_1_99' title="bbox 2297 4758 3787 4836">
     <span class='ocr_line' id='line_1_99' title="bbox 2297 4758 3787 4836; baseline -0.004 -18"><span class='ocrx_word' id='word_1_692' title='bbox 2297 4763 2558 4836; x_wconf 84' lang='lat' dir='ltr'><strong>Hypatius</strong></span> <span class='ocrx_word' id='word_1_693' title='bbox 2623 4761 2992 4818; x_wconf 89' lang='lat' dir='ltr'><strong>sanctissimus</strong></span> <span class='ocrx_word' id='word_1_694' title='bbox 3046 4761 3327 4832; x_wconf 88' lang='lat' dir='ltr'><strong>episcopus</strong></span> <span class='ocrx_word' id='word_1_695' title='bbox 3376 4758 3573 4814; x_wconf 65' lang='lat' dir='ltr'><strong>Nicaeae</strong></span> <span class='ocrx_word' id='word_1_696' title='bbox 3621 4759 3787 4815; x_wconf 86' lang='lat' dir='ltr'><strong>dixit:</strong></span> 
     </span>
    </p>
   </div>
   <div class='ocr_carea' id='block_1_100' title="bbox 2186 4841 3795 4922">
    <p class='ocr_par' dir='ltr' id='par_1_100' title="bbox 2186 4841 3795 4922">
     <span class='ocr_line' id='line_1_100' title="bbox 2186 4841 3795 4922; baseline -0.007 -10"><span class='ocrx_word' id='word_1_697' title='bbox 2186 4887 2192 4894; x_wconf 67' lang='grc' dir='ltr'><em>ι</em></span> <span class='ocrx_word' id='word_1_698' title='bbox 2227 4855 2549 4912; x_wconf 84' lang='lat' dir='ltr'><strong>Orthudoxis</strong></span> <span class='ocrx_word' id='word_1_699' title='bbox 2586 4854 2779 4908; x_wconf 89' lang='lat' dir='ltr'><strong>litteris</strong></span> <span class='ocrx_word' id='word_1_700' title='bbox 2815 4869 2934 4922; x_wconf 76' lang='lat' dir='ltr'><strong>qua:</strong></span> <span class='ocrx_word' id='word_1_701' title='bbox 2975 4853 3152 4907; x_wconf 76' lang='lat' dir='ltr'><strong>missa:</strong></span> <span class='ocrx_word' id='word_1_702' title='bbox 3189 4859 3314 4906; x_wconf 90' lang='lat' dir='ltr'><strong>sunt</strong></span> <span class='ocrx_word' id='word_1_703' title='bbox 3351 4851 3419 4905; x_wconf 92' lang='lat' dir='ltr'><strong>ab</strong></span> <span class='ocrx_word' id='word_1_704' title='bbox 3463 4841 3713 4916; x_wconf 78' lang='lat' dir='ltr'><strong>Oriente,</strong></span> <span class='ocrx_word' id='word_1_705' title='bbox 3741 4848 3795 4902; x_wconf 88' lang='lat' dir='ltr'><strong>id</strong></span> 
     </span>
    </p>
   </div>
   <div class='ocr_carea' id='block_1_101' title="bbox 2224 4940 3791 5010">
    <p class='ocr_par' dir='ltr' id='par_1_101' title="bbox 2224 4940 3791 5010">
     <span class='ocr_line' id='line_1_101' title="bbox 2224 4940 3791 5010; baseline -0.005 -12"><span class='ocrx_word' id='word_1_706' title='bbox 2224 4953 2324 5009; x_wconf 90' lang='lat' dir='ltr'><strong>est,</strong></span> <span class='ocrx_word' id='word_1_707' title='bbox 2363 4959 2392 4998; x_wconf 92' lang='lat' dir='ltr'><strong>a</strong></span> <span class='ocrx_word' id='word_1_708' title='bbox 2427 4945 2647 4998; x_wconf 87' lang='lat' dir='ltr'><strong>summis</strong></span> <span class='ocrx_word' id='word_1_709' title='bbox 2673 4942 3040 4998; x_wconf 90' lang='lat' dir='ltr'><strong>sacerdotibus</strong></span> <span class='ocrx_word' id='word_1_710' title='bbox 3061 4940 3149 5010; x_wconf 86' lang='lat' dir='ltr'><strong>qui</strong></span> <span class='ocrx_word' id='word_1_711' title='bbox 3178 4941 3370 4995; x_wconf 90' lang='lat' dir='ltr'><strong>ibidem</strong></span> <span class='ocrx_word' id='word_1_712' title='bbox 3401 4948 3556 5002; x_wconf 88' lang='lat' dir='ltr'><strong>sunt,</strong></span> <span class='ocrx_word' id='word_1_713' title='bbox 3585 4941 3653 4993; x_wconf 89' lang='lat' dir='ltr'><strong>ad</strong></span> <span class='ocrx_word' id='word_1_714' title='bbox 3677 4952 3791 4992; x_wconf 83' lang='lat' dir='ltr'><strong>san-</strong></span> 
     </span>
    </p>
   </div>
   <div class='ocr_carea' id='block_1_102' title="bbox 2224 5029 3784 5101">
    <p class='ocr_par' dir='ltr' id='par_1_102' title="bbox 2224 5029 3784 5101">
     <span class='ocr_line' id='line_1_102' title="bbox 2224 5029 3784 5101; baseline -0.004 -12"><span class='ocrx_word' id='word_1_715' title='bbox 2224 5035 2523 5089; x_wconf 90' lang='lat' dir='ltr'><strong>ctissimum</strong></span> <span class='ocrx_word' id='word_1_716' title='bbox 2563 5045 2619 5090; x_wconf 89' lang='lat' dir='ltr'><strong>et</strong></span> <span class='ocrx_word' id='word_1_717' title='bbox 2670 5042 2754 5088; x_wconf 90' lang='lat' dir='ltr'><strong>ter</strong></span> <span class='ocrx_word' id='word_1_718' title='bbox 2807 5036 3022 5089; x_wconf 84' lang='lat' dir='ltr'><strong>beatum</strong></span> <span class='ocrx_word' id='word_1_719' title='bbox 3075 5032 3432 5101; x_wconf 88' lang='lat' dir='ltr'><strong>patriarcham</strong></span> <span class='ocrx_word' id='word_1_720' title='bbox 3481 5029 3784 5089; x_wconf 86' lang='lat' dir='ltr'><strong>Tarasium,</strong></span> 
     </span>
    </p>
   </div>
   <div class='ocr_carea' id='block_1_103' title="bbox 2226 5122 3790 5194">
    <p class='ocr_par' dir='ltr' id='par_1_103' title="bbox 2226 5122 3790 5194">
     <span class='ocr_line' id='line_1_103' title="bbox 2226 5122 3790 5194; baseline -0.004 -15"><span class='ocrx_word' id='word_1_721' title='bbox 2226 5127 2534 5192; x_wconf 89' lang='lat' dir='ltr'><strong>consentio,</strong></span> <span class='ocrx_word' id='word_1_722' title='bbox 2590 5135 2645 5180; x_wconf 89' lang='lat' dir='ltr'><strong>et</strong></span> <span class='ocrx_word' id='word_1_723' title='bbox 2694 5141 2754 5180; x_wconf 91' lang='lat' dir='ltr'><strong>ea</strong></span> <span class='ocrx_word' id='word_1_724' title='bbox 2815 5141 2932 5194; x_wconf 70' lang='lat' dir='ltr'><strong>qua:</strong></span> <span class='ocrx_word' id='word_1_725' title='bbox 2985 5125 3216 5179; x_wconf 79' lang='lat' dir='ltr'><strong>confessi</strong></span> <span class='ocrx_word' id='word_1_726' title='bbox 3259 5131 3420 5187; x_wconf 89' lang='lat' dir='ltr'><strong>sunt,</strong></span> <span class='ocrx_word' id='word_1_727' title='bbox 3465 5122 3701 5192; x_wconf 83' lang='lat' dir='ltr'><strong>recipio;</strong></span> <span class='ocrx_word' id='word_1_728' title='bbox 3737 5127 3790 5172; x_wconf 87' lang='lat' dir='ltr'><strong>et</strong></span> 
     </span>
    </p>
   </div>
   <div class='ocr_carea' id='block_1_104' title="bbox 2226 5214 3788 5287">
    <p class='ocr_par' dir='ltr' id='par_1_104' title="bbox 2226 5214 3788 5287">
     <span class='ocr_line' id='line_1_104' title="bbox 2226 5214 3788 5287; baseline -0.005 -15"><span class='ocrx_word' id='word_1_729' title='bbox 2226 5227 2440 5272; x_wconf 90' lang='lat' dir='ltr'><strong>sanctas</strong></span> <span class='ocrx_word' id='word_1_730' title='bbox 2482 5232 2546 5272; x_wconf 88' lang='lat' dir='ltr'><strong>ac</strong></span> <span class='ocrx_word' id='word_1_731' title='bbox 2582 5217 2912 5273; x_wconf 89' lang='lat' dir='ltr'><strong>venerabiles</strong></span> <span class='ocrx_word' id='word_1_732' title='bbox 2937 5218 3197 5287; x_wconf 83' lang='lat' dir='ltr'><strong>imagines</strong></span> <span class='ocrx_word' id='word_1_733' title='bbox 3219 5217 3423 5270; x_wconf 90' lang='lat' dir='ltr'><strong>honoro</strong></span> <span class='ocrx_word' id='word_1_734' title='bbox 3458 5222 3514 5267; x_wconf 91' lang='lat' dir='ltr'><strong>et</strong></span> <span class='ocrx_word' id='word_1_735' title='bbox 3553 5214 3788 5266; x_wconf 82' lang='lat' dir='ltr'><strong>adoroet</strong></span> 
     </span>
    </p>
   </div>
   <div class='ocr_carea' id='block_1_105' title="bbox 2229 5299 3786 5361">
    <p class='ocr_par' dir='ltr' id='par_1_105' title="bbox 2229 5299 3786 5361">
     <span class='ocr_line' id='line_1_105' title="bbox 2229 5299 3786 5361; baseline -0.005 0"><span class='ocrx_word' id='word_1_736' title='bbox 2229 5309 2556 5361; x_wconf 76' lang='lat' dir='ltr'><strong>amplector:</strong></span> <span class='ocrx_word' id='word_1_737' title='bbox 2603 5316 2658 5356; x_wconf 81' lang='lat' dir='ltr'><strong>et</strong></span> <span class='ocrx_word' id='word_1_738' title='bbox 2695 5321 2880 5356; x_wconf 78' lang='lat' dir='ltr'><strong>ntnnes</strong></span> <span class='ocrx_word' id='word_1_739' title='bbox 2905 5306 2995 5355; x_wconf 87' lang='lat' dir='ltr'><strong>nui</strong></span> <span class='ocrx_word' id='word_1_740' title='bbox 3026 5321 3128 5358; x_wconf 85' lang='lat' dir='ltr'><strong>non</strong></span> <span class='ocrx_word' id='word_1_741' title='bbox 3167 5309 3463 5356; x_wconf 70' lang='lat' dir='ltr'><strong>sentiuntur</strong></span> <span class='ocrx_word' id='word_1_742' title='bbox 3493 5299 3786 5355; x_wconf 76' lang='lat' dir='ltr'><strong>confessio-</strong></span> 
     </span>
    </p>
   </div>
  </div>
