3924 5586
103 401 199 456 £69

786 393 1341 457 ‘l‘NTERPRETATlO
1377 394 1624 456 SYNODI
1662 397 1683 448 1

1810 396 2190 456 ιΕΝεῐιΑιιε.
2227 429 2296 440 -
2328 397 2532 456 ACTIO
2568 397 2654 455 lll.
2923 395 2956 407 ”

3236 397 3350 454 επ

169 518 486 576 Stauracius
513 516 881 573 sanctissimus
906 518 1190 588 episcopus
1217 517 1670 573 Chalcedonensis
1697 521 1743 580 Α
1771 527 1929 584 sunt,
1976 520 2194 576 intentat
2244 521 2441 576 mentis
2493 513 2664 573 visum
2707 516 2964 588 inﬁgens,
3023 532 3122 588 per
3169 523 3349 578 omnia

110 614 256 669 dixit:
288 610 476 665 Lectis
498 608 692 663 litteris
721 608 1046 663 sanctissimi
1071 617 1125 662 et
1146 607 1439 662 beatissimi
1465 607 1676 661 archie-

98 701 294 772 piscopi
337 709 394 754 et
428 699 781 768 patriarchae,
827 712 918 753 cas
951 714 1070 767 qua:
1105 699 1171 751 ab
1209 697 1499 753 Orientalis
1539 697 1674 752 dia:-

106 805 280 846 eeseos
309 789 543 844 summis
591 787 957 843 sacerdotibus
999 789 1278 843 destinata:
1318 796 1467 849 sunt,
1512 789 1674 843 talem

107 879 485 949 proprietatem
519 878 717 932 habere
741 877 806 932 ad
844 876 962 932 illas
994 892 1113 947 qua:
1141 887 1265 932 sunt
1292 877 1675 932 Constantino-

106 970 316 1042 politani
345 969 623 1040 pontificis
660 969 912 1035 arbitror,
939 977 999 1023 ut
1035 969 1178 1022 nulla
1216 969 1500 1023 diversitas
1539 968 1679 1022 inter

107 1063 212 1118 illas
259 1076 380 1117 esse
435 1046 705 1127 videatur,
749 1061 840 1116 sed
884 1059 1126 1131 perfecta
1165 1059 1456 1114 identitas:
1507 1059 1582 1113 ita
1619 1067 1680 1112 ut

110 1169 258 1208 unum
285 1162 537 1223 utraeque
566 1152 696 1218 sint,
725 1151 777 1206 id
806 1158 921 1217 est,
959 1150 1132 1222 plena:
1159 1149 1306 1205 omni
1334 1148 1676 1203 orthodoxia.

110 1245 318 1315 Propter
365 1243 512 1314 quod
543 1254 600 1298 et
629 1257 732 1313 ego
773 1242 847 1296 ita
887 1240 1175 1307 conﬁteor,
1212 1247 1269 1294 et
1307 1237 1511 1293 alienos
1556 1251 1681 1292 reor

108 1348 244 1395 esse,
271 1333 470 1403 quiita
499 1347 606 1387 non
639 1332 902 1386 sentiunt.
1661 1325 1664 1328 ’

169 1421 500 1492 Nicephorus
580 1419 953 1475 sanctissimus
1029 1430 1312 1490 episcopus
1395 1413 1676 1486 Dyrrachii

109 1512 265 1566 dixit:
314 1511 611 1566 Destinatis
649 1512 718 1565 ab
756 1509 992 1567 Orientis
1036 1509 1262 1564 summis
1310 1505 1680 1561 sacerdotilms

108 1601 408 1656 orthodoxis
455 1601 650 1657 litteris
689 1602 756 1656 ad
800 1601 1085 1656 Tarasium
1133 1600 1532 1655 sanctissimum
1574 1612 1676 1667 pa-

101 1693 389 1745 triarcham
418 1693 686 1746 assentior
707 1701 762 1746 et
782 1693 1084 1753 οοηρονιιο,
1116 1700 1171 1746 et
1192 1705 1379 1745 eorum
1409 1705 1530 1760 qua:
1555 1703 1682 1743 con-

112 1781 224 1836 fessi
263 1792 389 1837 sunt
424 1784 816 1852 expositionem
858 1783 1097 1854 recipio:
1141 1791 1196 1837 et
1224 1797 1318 1836 eos
1345 1783 1434 1851 qui
1467 1781 1540 1835 ita
1571 1796 1678 1834 non

101 1874 335 1927 sentiunt
349 1913 364 1938 ,
404 1875 820 1930 anathematizo.

172 1984 502 2055 Epiphanius
519 1985 638 2040 ‘Deo
672 1985 917 2040 amabilis
952 1986 1210 2040 diaconus
1245 1984 1495 2039 Ecclesia:
1519 1980 1682 2037 Cata-

103 2090 214 2137 ne,
257 2084 312 2129 et
350 2075 528 2131 locum
575 2086 762 2131 tenens
808 2076 1028 2131 Thema:
1070 2075 1394 2131 sanctissimi
1445 2073 1680 2144 episcopi

101 2164 382 2231 Sardiniae,
425 2167 600 2222 dixit:
647 2167 846 2222 Verum
887 2179 998 2230 est,
1039 2169 1164 2237 quia
1215 2167 1318 2221 favi
1352 2167 1524 2220 mellis
1560 2172 1684 2220 sunt

107 2258 264 2311 verba
301 2259 480 2312 bona:
525 2258 751 2313 dulcedo
778 2267 957 2313 autem
987 2273 1173 2313 eorum
1217 2258 1419 2312 sanitas
1457 2258 1680 2322 animm,

104 2347 244 2401 sicut
267 2349 524 2416 scriptum
553 2357 638 2403 est
667 2347 849 2418 (Prov.
892 2348 1022 2417 xvn).
1070 2347 1238 2418 Igitur
1272 2362 1400 2402 ecce
1433 2355 1488 2400 et
1523 2360 1686 2416 syno-

110 2435 235 2490 dicte
263 2437 454 2491 littera:
486 2452 606 2504 quae
632 2437 791 2491 modo
821 2437 971 2491 lecue
994 2447 1136 2501 sunt,
1161 2435 1488 2491 sanctissimi
1524 2436 1683 2504 regite

105 2527 643 2597 Constantinopoleos
675 2527 1071 2596 archiepiscopi
1116 2542 1266 2582 nova:
1295 2526 1480 2580 Romae
1501 2565 1516 2587 ,
1546 2541 1682 2596 quas

113 2617 176 2670 ad
237 2615 476 2671 Orientis
527 2617 1014 2672 orthodoxissimos
1075 2632 1317 2672 summos
1372 2609 1682 2671 sacerdotes

115 2705 432 2769 transmisit;
481 2715 540 2760 et
590 2706 691 2760 illae
737 2721 858 2776 qua:
905 2706 972 2760 ab
1018 2706 1151 2774 ipsis
1205 2706 1482 2776 rescripta:
1521 2714 1680 2770 sunt,

115 2797 240 2852 dulci
288 2813 354 2853 ac
404 2797 679 2853 odorifero
731 2798 852 2852 favo
924 2798 1045 2853 fidei
1099 2807 1406 2852 sanctorum
1461 2797 1682 2851 Patrum

85 2887 439 2953 oneratos,
491 2889 737 2943 omnium
784 2896 1029 2944 nostrum
1082 2887 1443 2960 intelligibiles
1493 2903 1686 2943 sensus

113 2979 362 3034 suavitate
398 2979 743 3048 riguerunt,
773 2987 830 3034 et
865 2978 1046 3033 animo
1087 2978 1141 3032 in
1188 2979 1292 3033 lide
1319 2978 1686 3033 claudicantes

114 3068 316 3123 robusta
364 3068 659 3123 orthodoxi
717 3069 924 3124 virtute
988 3068 1286 3140 magisterii
1334 3075 1682 3122 sanaverunt.

116 3157 438 3228 Quapropter
465 3167 521 3214 et
539 3173 643 3227 ego
668 3158 754 3213 his
777 3159 929 3228 paria
951 3160 1174 3230 sapiens
1190 3198 1207 3224 ,
1237 3160 1468 3214 admitto
1480 3167 1544 3214 et
1564 3174 1682 3212 am-

117 3247 305 3318 plector
352 3249 692 3305 venerabiles
746 3249 1007 3322 imagines
1060 3251 1352 3306 secundum
1411 3251 1688 3322 antiquam

119 3337 564 3394 mnetudinem.
600 3337 670 3394 Et
708 3338 838 3396 illud
879 3340 1240 3410 apostaticum
1281 3355 1468 3396 revera
1507 3341 1689 3396 conci-

121 3422 264 3491 lium,
291 3426 442 3497 quod
465 3426 688 3498 quidam
721 3427 884 3484 etiam
927 3430 1242 3500 septimam,
1272 3445 1378 3484 non
1399 3427 1555 3497 jure,
1595 3429 1689 3484 sed

121 3512 428 3584 desipientes
461 3527 775 3589 nuncupant
811 3520 1110 3591 synodum;
1152 3535 1363 3576 necnon
1391 3528 1446 3576 et
1472 3534 1567 3575 eos
1595 3520 1688 3590 qui

123 3603 330 3676 idipsum
371 3609 621 3680 sapiunt,
655 3610 986 3668 terribilibus
1022 3611 1336 3669 transmitte
1373 3613 1688 3668 anathema-

123 3695 266 3753 tibus.

173 3785 280 3842 Leo
325 3789 708 3846 sanctissimus
750 3791 1069 3862 prtepositus
1112 3799 1168 3847 et
1213 3791 1390 3848 locum
1445 3791 1686 3848 retinens

117 3877 458 3946 taetropoleos
483 3879 629 3934 Sidze
653 3879 822 3935 dixit:
854 3881 1038 3938 Gratia
1067 3881 1273 3938 Christi
1302 3882 1414 3937 veri
1455 3881 1550 3937 Dei
1589 3896 1689 3936 no-

125 3967 235 4032 stri,
263 3970 545 4026 destinatis
566 3970 760 4027 litteris
783 3972 852 4026 ab
875 3971 1110 4029 Orientis
1147 3974 1372 4029 summis
1396 3973 1692 4029 sacerdoti-
1767 3989 1774 3994 '

130 4056 213 4113 bus
245 4061 309 4114 ad
349 4059 632 4117 Tarasium
683 4063 1085 4119 sanctissimum
1129 4063 1594 4135 archiepiscopum
1635 4071 1692 4119 et

124 4152 462 4218 patriarcham
487 4193 504 4221 ,
533 4170 752 4219 annuo,
794 4164 850 4211 et
887 4171 1216 4226 permaneo:
1261 4165 1318 4211 et
1355 4170 1454 4212 eos
1483 4155 1578 4225 qui
1616 4156 1690 4210 ita

132 4255 218 4297 nou
241 4247 479 4315 sapiunt,
505 4248 842 4303 anathemati
872 4251 1206 4305 transmitto.

181 4353 422 4412 Nicotaus
450 4358 934 4413 reverendissimns
957 4360 1254 4414 monachus
1274 4367 1328 4414 et
1349 4359 1686 4430 hegumenus

128 4449 412 4501 monasterii
470 4449 638 4518 Apri,
691 4457 748 4503 et
801 4449 976 4505 locum
1033 4452 1274 4508 retinens
1324 4452 1688 4524 metropoleos

124 4531 494 4605 Tysnensium,
523 4541 890 4610 promulgavit
915 4542 1186 4598 similiter.

178 4644 462 4715 Gregorius
527 4650 908 4707 sanctissimus
981 4652 1297 4722 episcopus
1338 4651 1688 4709 Neocagsarim

127 4737 277 4792 dixit:
312 4741 602 4798 Destinatis
629 4743 831 4797 litteris
870 4759 898 4796 a
939 4743 1163 4797 summis
1192 4743 1564 4798 sacerdotibus
1594 4744 1688 4815 qui

128 4825 173 4879 in
196 4827 404 4886 Oriente
431 4843 584 4897 sunt,
620 4834 689 4888 ad
717 4833 998 4888 Tarasium
1027 4835 1428 4890 sanctissimum
1458 4837 1689 4904 patriar~

125 4916 296 4982 etiam,
341 4925 644 4989 consentio,
690 4932 748 4978 et
791 4923 1038 4988 admitto,
1068 4934 1228 4998 atque
1269 4923 1445 4979 saluto
1470 4939 1689 4986 sanctas

126 5004 368 5078 imagines
407 5027 468 5067 ac
506 5014 849 5070 venerabiles
886 5015 1109 5071 iconas:
1140 5031 1196 5073 et
1235 5032 1330 5072 eos
1355 5016 1444 5087 qui
1473 5018 1546 5074 ita
1577 5039 1686 5081 non

129 5098 354 5166 sapiunt,
388 5105 716 5161 anathemati
750 5104 1034 5159 submitte.

191 5214 486 5276 ll‘beodorus
521 5223 910 5280 sanctissimus
944 5225 1221 5298 episcOpus
1257 5225 1475 5285 Catanze
1505 5234 1687 5302 dixit:

129 5299 220 5398 Qui
244 5308 447 5374 pietatis
471 5317 808 5374 meditantur
828 5312 1069 5379 modum.
1099 5318 1178 5374 his
1205 5316 1393 5382 υιῖιῑιιθ
1413 5327 1466 5372 (ει
1489 5299 1695 5398 Ortho-

132 5391 287 5486 tloxiae
329 5414 495 5458 sermo
529 5407 789 5477 refulget.
839 5402 1208 5472 Competenter
1250 5406 1414 5477 igitur
1456 5423 1508 5468 et
1559 5391 1692 5484 "Elea

571 5511 580 5515 ί
649 5497 710 5520 ι²⁴
748 5507 810 5522 δι’
836 5494 1095 5538 inﬁmus-ie
1125 5496 1318 5538 lilia-'36
1345 5505 1688 5554 αοιηηιίροςηά

1697 1879 1745 1938 Β

1777 619 2086 665 sanctorum
2146 610 2368 665 Patrum
2412 612 2810 666 eoneordantes
2860 612 3172 667 orthodoxae.
3226 611 3351 669 fidei

1776 714 1874 768 per
1903 698 2184 754 lectionem
2212 698 2478 769 cognovit.
2508 699 2742 769 Ideoque
2779 716 2900 754 cum
2939 701 3042 756 illis
3087 704 3200 759 hate
3231 720 3356 760 sen-

1781 787 1941 852 tiens,
1965 786 2164 856 recipio
2192 796 2248 841 et
2281 787 2455 841 saluto
2485 802 2668 842 sacras
2690 799 2744 842 et
2770 791 3105 845 venerabiles
3128 792 3312 848 iconas
3333 832 3350 848 .

1777 888 1833 933 et
1865 877 2144 933 manifeste
2170 893 2360 934 vocum
2387 881 2678 935 novitatem
2704 897 2824 951 qua:
2855 881 2991 937 meta
3031 892 3112 938 est
3140 885 3354 955 synodi,

1778 983 1900 1038 qua:
1925 971 2149 1037 septima
2181 971 2510 1025 susurrando
2537 971 2763 1035 dicitur,
2795 989 3000 1027 necnon
3040 984 3096 1029 et
3129 990 3226 1032 eos
3259 979 3352 1048 qui

1779 1074 1902 1114 cum
1928 1059 2016 1113 illa
2039 1059 2278 1129 sapiunt,
2304 1060 2769 1115 anathematismis
2795 1065 3130 1118 transmitte.

1849 1173 2167 1228 Anastasius
2247 1163 2620 1231 sanctissimus
2687 1177 2972 1246 cpiscopus
3041 1177 3356 1250 Nicopoleos

1779 1264 1977 1318 veteris
2001 1263 2150 1333 Epiri
2193 1264 2356 1319 dixit:
2391 1265 2792 1322 Concordantes
2835 1270 3046 1324 intuens
3074 1273 3355 1342 synodica:

1782 1353 1990 1410 litteras
2021 1353 2230 1410 Tarasii
2257 1357 2582 1411 sanctissimi
2617 1361 2971 1427 patriarcha),
3005 1370 3060 1416 et
3097 1365 3355 1434 rescripta

1776 1460 1966 1499 earum
1991 1462 2113 1516 quae
2132 1449 2210 1500 ab
2253 1445 2490 1503 Orientis
2528 1453 2751 1506 summis
2781 1453 3150 1510 sacerdotibus
3190 1457 3354 1513 missa

1781 1546 1936 1600 sunt,
1993 1539 2275 1594 consentio
2323 1539 2456 1603 illis,
2505 1550 2566 1594 et
2612 1541 2872 1597 conﬁteor
2918 1546 2988 1598 ita
3042 1560 3260 1617 sapere,
3306 1558 3360 1604 et

1781 1642 1951 1697 usque
1997 1627 2048 1682 in
2088 1628 2247 1683 finem
2287 1630 2549 1685 innocuus
2580 1644 2914 1701 permanere.
2962 1635 3029 1690 Et
3071 1639 3272 1709 recipio
3306 1652 3360 1694 et

1783 1717 1956 1772 saluto
1988 1719 2319 1775 venerabiles
2347 1729 2402 1774 et
2441 1735 2626 1777 sacras
2662 1724 2885 1780 iconas:
2929 1734 2984 1780 et
3023 1729 3112 1798 qui
3145 1730 3218 1786 ita
3251 1747 3357 1787 non

1782 1813 2029 1884 sapiunt,
2063 1815 2387 1872 anathemati
2411 1818 2686 1875 submitte.

1849 1923 2087 1982 Joannes
2107 1930 2481 1985 sanctissimus
2500 1932 2783 2004 episcopus
2804 1934 3174 1991 Tauromeniaa
3192 1934 3326 1991 dixit
3341 1949 3360 1986 τ

1785 2015 1940 2071 Sicut
1967 2035 2130 2072 unum
2163 2021 2461 2077 sentientes
2489 2025 2869 2090 convenimus,
2911 2025 2982 2079 ita
3011 2032 3066 2080 et
3090 2043 3255 2080 unum
3285 2028 3362 2080 di-

1777 2123 1909 2164 cere
1939 2110 2243 2166 didioimus.
2268 2112 2734 2170 Concordantibus
2757 2114 2918 2187 igitur
2943 2117 3215 2187 synodicis
3243 2121 3359 2188 api-

1780 2199 1938 2254 cibus
1967 2201 2173 2256 Tarasii
2204 2204 2531 2259 sanctissimi
2561 2206 2882 2276 patriarcha:
2901 2248 2915 2272 ,
2943 2208 3033 2278 qui
3064 2208 3185 2264 lecti
3217 2219 3361 2273 sunt,

1784 2291 1983 2362 quique
2011 2293 2261 2348 destinati
2293 2295 2514 2350 fuerunt
2539 2299 2607 2351 ab
2627 2313 2696 2353 eo
2724 2298 2788 2352 ad
2815 2299 3058 2356 Orientis
3085 2302 3362 2357 sanctissi-

1785 2397 1902 2438 mos
1928 2385 2267 2452 sacerdotes,
2295 2397 2350 2442 et
2380 2390 2653 2460 rescriptis
2693 2407 2813 2461 qua:
2845 2392 2910 2447 ab
2937 2393 3042 2449 illis
3080 2393 3147 2449 ad
3190 2395 3362 2464 ipsum

1785 2472 2051 2528 destinata
2077 2485 2202 2530 sunt
2230 2487 2432 2533 sancta:
2459 2487 2514 2533 et
2541 2480 2853 2537 orthodoxa:
2885 2482 3004 2538 fidei
3037 2499 3129 2538 sex
3158 2485 3363 2539 univer.

1785 2565 1976 2620 talium
2026 2569 2387 2638 synodorum,
2436 2571 2509 2625 ita
2567 2580 2623 2626 et
2659 2587 2766 2643 ego
2812 2574 2973 2629 credo
3009 2575 3275 2648 recipiens
3312 2586 3366 2630 ct

1785 2658 2016 2714 adorans
2045 2670 2258 2716 sanctas
2285 2671 2338 2718 et
2362 2664 2699 2720 venerabiles
2740 2666 3036 2737 imagines:
3077 2678 3131 2723 et
3169 2669 3220 2724 in
3265 2670 3362 2724 hac

1785 2749 2084 2805 orthodoxa
2137 2752 2239 2806 fide
2295 2754 2482 2808 vivens
2531 2763 2661 2824 epto
2719 2765 2899 2812 astare
2951 2766 3074 2812 ante
3131 2759 3362 2813 tribunal

1787 2840 1986 2896 Christi
2021 2857 2144 2899 cum
2189 2842 2378 2900 ﬁducia
2406 2863 2418 2899 :
2451 2855 2506 2900 ct
2544 2846 2634 2917 qui
2674 2847 2754 2903 sic
2789 2864 2892 2903 non
2937 2849 3207 2915 sentiunt,
3239 2866 3362 2904 aua-

1789 2931 1969 2986 thema
1996 2933 2126 2988 sint.

1857 3045 2150 3117 Gregorius
2177 3046 2552 3104 sanctissimus
2581 3051 2867 3121 episcopus
2903 3051 3362 3108 Pisinuutensmm

1787 3137 2058 3193 similiter.

1715 3221 1760 3285 C
1861 3227 2047 3286 Nieeta
2074 3228 2449 3288 sanctissimus
2478 3231 2763 3304 episcopus
2788 3233 3192 3306 Claudiopolccs
3218 3217 3367 3291 simi—

1787 3318 1938 3374 liter.

1856 3410 2088 3467 Basilius
2116 3414 2498 3470 sanctissunus
2523 3417 2811 3486 episcopus
2837 3416 2997 3488 Sylzei
3024 3418 3293 3473 similiter.

1858 3522 2084 3578 Michael
2127 3523 2501 3580 sanctissimus
2538 3527 2822 3595 episcopus
2860 3524 3256 3596 Synadensinm
3290 3527 3363 3581 sic

1789 3611 2010 3667 utiliter.

1860 3702 2174 3758 Theodorus
2203 3706 2576 3762 sanctissimus
2605 3707 2894 3778 episcopus
2930 3707 3257 3780 Myrensimn
3297 3711 3368 3765 si—

1754 3840 1756 3842 ,
1787 3791 2008 3848 militer.

1856 3883 1967 3940 Leo
1987 3887 2358 3944 sanctissimus
2384 3888 2666 3958 episcopus
2692 3889 3151 3946 lconiisiniiliter.

1858 3995 1970 4051 Leo
1999 3999 2371 4055 sanctissimus
2395 4000 2680 4070 episcopus
2706 3999 2880 4058 Rhodi
2911 4003 3180 4059 similiter.

1852 4086 2122 4160 Georgius
2181 4090 2554 4145 sanctissimus
2603 4091 2888 4163 episcopus
2945 4093 3160 4149 Pisidiae
3219 4094 3372 4149 simi—

1787 4177 1933 4234 liter.
2736 4206 2747 4212 -
3258 4163 3267 4171 ”

1861 4273 2173 4330 Eustathius
2202 4275 2577 4332 sanctissimus
2605 4277 2889 4348 cpiscopus
2917 4277 3198 4335 Laodicea:
3213 4278 3368 4333 simi—

1788 4362 1932 4422 liter.
2767 4372 2773 4376 ’

1858 4456 2245 4514 Constantinus
2283 4459 2659 4515 sanctissimus
2687 4459 2971 4529 episcopus
3001 4461 3187 4531 Perga:
3217 4460 3370 4514 sim?-

1718 4573 1767 4633 D
1788 4547 1932 4603 liter.

1859 4639 2177 4696 Theodorus
2214 4641 2586 4697 sanctissimus
2622 4640 2906 4713 cpiscopus
2937 4643 3195 4700 Seleucia:
3221 4640 3372 4701 simi-

1792 4728 1935 4784 liter.

1862 4819 2295 4895 Theophylactus
2360 4822 2469 4877 Deo
2534 4824 2781 4879 amabilis
2834 4825 3094 4884 diaconus
3161 4833 3218 4882 et
3286 4827 3370 4882 viv

1792 4908 1969 4965 carius
1991 4907 2534 4981 Stauropoliters’mm
2571 4911 2932 4982 metropoleos
2963 4915 3233 4973 similiter.

1865 5020 2118 5096 Nicolaus
2142 5027 2514 5084 sanc'issiinns
2539 5030 2823 5101 episcopus
2851 5027 3209 5106 Hierapoleos
3228 5027 3380 5084 simi-

1796 5115 1940 5169 liter.

1871 5204 1978 5259 Leo
2009 5211 2387 5269 sanctissimus
2410 5211 2696 5285 episcopus
2723 5209 3000 5280 Carpathi
3024 5216 3289 5277 similiter.

1871 5315 2188 5379 Theodorus
2233 5321 2610 5393 sanctissimus
2653 5323 2948 5394 episcopus
3004 5325 3206 5392 Amor-ii
3249 5317 3408 5376 εἰηιὶι

1798 5411 1943 5466 liter.

1875 5502 2300 5550 l‘Jn-iclnnhm-nc
2327 5503 2707 5548 annotiecimnc
2736 5506 3042 5556 οηῖαηηηυσ
3075 5501 3312 5550 υἱον-³³⁵⁸·
3368 5495 3384 5505 ’”
