3924 5450
559 387 657 458 ert

1720 378 2080 436 ANASTASII
2118 367 2558 434 BIBLIOTIIECA
2571 375 2661 430 Rll

3683 375 3773 431 272

623 493 836 564 Reliqui
890 490 1216 549 sanctissimi
1280 490 1517 562 episcopi
1571 490 1766 561 [atquc
1824 493 2138 545 monasticae
2167 495 2214 553 Λ
2315 488 2569 544 Tarasius
2599 487 2974 545 sanctissimus
2995 486 3276 559 cpiscopus
3298 486 3600 561 patriarcha
3621 488 3769 545 dixit:

551 588 841 660 dignitates
862 598 888 627 ιι
914 584 934 657 ]
966 585 1459 656 promulgaverunt.

620 677 756 734 Tota
783 665 1034 766 synodus
1061 690 1181 745 qua:
1208 690 1323 766 per
1344 675 1581 766 gratiam
1624 673 1824 730 Christi
1873 673 2132 766 veriuDei

551 768 742 834 nostri,
765 776 818 822 et
833 762 1143 832 amatricem
1169 765 1385 834 pietatis
1398 765 1734 820 sanctionem
1758 762 2134 832 tranquillissi-

550 871 761 911 morum
815 866 867 910 et
911 855 1332 932 orthodoxorum
1387 855 1772 926 imperatorum
1822 864 2132 910 nostrorum

548 954 873 1016 congregata
901 954 1010 1012 est,
1038 946 1350 1001 relationem
1373 960 1494 1014 qua:
1520 944 1662 1000 facta
1690 955 1775 1000 est
1799 944 1868 999 ab
1891 944 2132 1000 Adriano

547 1050 687 1106 papa
719 1035 945 1090 senioris
974 1024 1159 1096 Roma:
1180 1033 1246 1089 ad
1273 1035 1755 1091 orthodoxissimos
1775 1035 2133 1104 imperatores

547 1135 782 1192 nostros,
816 1134 869 1181 et
913 1125 1498 1184 chartamorthodoxte
1544 1125 1872 1181 deﬁnitionis
1898 1125 2129 1182 sanctis-

545 1214 667 1270 simi
695 1224 749 1270 et
772 1208 1068 1270 beatissimi
1089 1216 1411 1287 patriarchae
1430 1214 1658 1281 Tarasii,
1681 1231 1801 1286 qua:
1824 1231 1966 1270 nunc
1991 1216 2130 1271 lecta

544 1314 656 1371 est;
705 1315 868 1375 atque
905 1305 1122 1360 litteras
1175 1321 1295 1375 quac
1339 1306 1405 1380 ad
1455 1305 1842 1360 beatitudinem
1895 1305 2012 1375 ejus
2062 1305 2130 1361 ab

543 1399 781 1456 Orientis
801 1401 1024 1454 summis
1047 1398 1420 1454 sacerdotibus
1439 1398 1616 1453 missa:
1637 1406 1780 1464 sunt,
1806 1398 2130 1467 recipientes

544 1493 930 1555 consentimus,
959 1501 1018 1546 et
1049 1492 1368 1557 salutamus,
1399 1490 1812 1546 et'honorantcr
1840 1489 2130 1544 adoramus

543 1595 730 1636 sacras
774 1589 829 1635 et
869 1580 1123 1636 colendas
1164 1580 1393 1635 ieonas:
1430 1589 1488 1634 et
1516 1578 1982 1650 pseudosyllogum
2035 1578 2128 1648 qui

542 1682 734 1728 contra
768 1687 862 1727 eas
887 1671 1062 1727 factus
1090 1681 1174 1727 est
1199 1672 1261 1725 .in
1305 1672 1726 1727 destructionem
1755 1663 1962 1736 earum,
1991 1668 2124 1724 eﬂ'o—

540 1765 770 1829 dientes,
807 1765 1136 1819 anathemati
1177 1763 1459 1818 mittimus.
1492 1763 1598 1819 Sed
1625 1763 1766 1819 Deus
1785 1764 2126 1834 omnipotens

2236 577 2522 634 Contentio
2568 579 2791 649 quievit,
2851 589 2906 632 ct
2954 578 3163 633 medius
3210 579 3390 647 paries
3444 576 3673 633 sublatus
3707 589 3772 635 est

2235 668 2532 724 inimicitia:
2557 688 2569 724 :
2595 669 2810 731 Oriens,
2843 668 3131 734 Occidens,
3156 667 3462 738 Septentrio
3504 679 3560 723 et
3588 668 3776 724 Mesem-

2233 759 2374 823 bria,
2406 760 2506 813 sub
2536 758 2667 830 jugo
2697 775 2804 814 uno
2827 769 2882 812 et
2926 775 3029 813 una
3055 759 3408 814 consonantia
3448 755 3577 812 facti
3602 773 3772 815 stunus.

2304 847 2504 904 Sancta
2549 851 2786 922 synodus
2829 850 3010 905 dixit:
3060 849 3241 906 Gloria
3285 849 3402 916 tibi,
3433 849 3665 916 Domine,
3704 851 3774 921 qui

2232 941 2398 995 unisti
2439 957 2557 998 nos.

2302 1030 2562 1086 Tarasius
2605 1031 2980 1087 sanctissimus
3022 1031 3330 1102 patriarcha
3371 1032 3553 1088 dixit:
3597 1030 3775 1088 Gratias

2229 1126 2454 1198 paciﬁeo
2475 1126 2691 1183 Christo
2716 1142 2845 1183 vero
2864 1127 2974 1183 Deo
2999 1135 3183 1183 nostro
3203 1142 3324 1183 cum
3347 1126 3506 1182 Patre
3533 1136 3588 1182 et
3607 1126 3775 1198 Spiritu

2228 1227 2441 1284 sancto,
2471 1218 2525 1273 in
2549 1217 2780 1274 saecula!

2300 1309 2497 1365 Sancta
2523 1319 2762 1382 synodus
2783 1311 3037 1366 laudavit.

2300 1399 2496 1455 Multos
2519 1415 2692 1457 annos
2722 1401 3140 1471 imperatorum!
3186 1398 3526 1456 Constantini
3569 1408 3623 1454 et
3645 1397 3777 1454 lreuze

2228 1505 2548 1562 magnorum
2577 1492 2959 1561 imperatorum
2988 1500 3042 1546 et
3066 1490 3370 1560 principum
3391 1489 3593 1544 multos
3611 1490 3773 1543 annos!

2226 1580 2663 1638 Orthodoxorum
2689 1583 3074 1653 imperatorum
3104 1581 3301 1636 multos
3329 1583 3533 1636 annos!
3557 1580 3779 1635 Custodes

2226 1672 2371 1737 ﬁdei,
2396 1673 2642 1739 Domine,
2665 1675 2850 1730 serva!
2877 1673 3244 1729 Auxiliatores
3261 1671 3538 1735 Ecclesiae,
3569 1673 3775 1731 Domine,

2224 1768 2410 1821 serva!
2469 1765 2602 1820 Novi
2664 1766 3003 1821 Constantini
3047 1775 3101 1821 et
3143 1779 3296 1820 nova:
3341 1763 3559 1819 Helenae
3613 1773 3776 1818 aeterna

540 1864 826 1911 conservet
880 1855 1125 1911 dominos
1179 1851 1424 1921 nostros,
1469 1865 1523 1910 et
1566 1849 1971 1912 sanctissimum
2018 1870 2114 1925 pa-
2149 1851 2198 1913 Β
2226 1859 2500 1914 memoria!
2527 1858 2833 1923 Paciﬁcam,
2860 1859 3108 1922 Domine,
3128 1859 3410 1923 vitam,da
3430 1857 3549 1911 eis!
3577 1855 3777 1910 Patriar-

541 1945 852 2001 triarcham.

612 2090 643 2123 ι
665 2078 872 2136 Desunt
899 2081 1063 2137 etiam
1091 2083 1207 2138 hazc
1238 2082 1290 2137 in
1321 2096 1423 2138 ms.
1454 2081 1704 2154 Jolyano.

549 2241 2528 2270 Mm

2229 1951 2455 2006 charum
2495 1949 2690 2004 multos
2712 1951 2912 2006 annos!
2946 1949 3096 2004 Sacri
3137 1959 3359 2004 senatus
3383 1946 3585 2001 multos
3608 1946 3776 1998 annos!

2529 2241 3765 2268 cM

1791 2414 2090 2495 ACTIO
2146 2413 2582 2508 QUARTA.

610 2705 667 2761 lu
696 2706 911 2762 nomine
937 2697 1151 2759 Domini
1173 2711 1229 2758 et
1252 2700 1604 2757 dominatoris
1625 2699 1752 2756 Iesu
1775 2698 1974 2756 Christi
2003 2701 2118 2756 veri

537 2796 635 2852 Dei
664 2795 856 2851 nostri.
877 2794 1109 2865 Imperio
1135 2792 1500 2862 piissimorum
1522 2800 1577 2846 et
1598 2790 1896 2846 amicorum
1917 2789 2118 2845 Christi

537 2884 877 2940 dominorum
913 2892 1220 2938 nostrorum
1245 2881 1586 2938 Constantini
1631 2890 1688 2935 et
1725 2879 1890 2934 lrena:
1938 2895 1967 2933 a
2008 2879 2119 2934 Deo

539 2972 803 3027 redimita:
861 2972 1052 3026 matris
1120 2971 1270 3041 ejus,
1328 2977 1518 3024 octavo
1591 2984 1733 3024 anno
1805 2968 2118 3024 consulatus

538 3076 748 3127 eorum,
777 3061 1043 3117 Kalendas
1068 3059 1338 3126 Octobris,
1371 3060 1663 3115 indictione
1687 3060 1988 3114 undecima.

2224 2696 2422 2751 litteris
2470 2710 2592 2766 qua:
2637 2695 2787 2750 lecta:
2829 2703 2976 2758 sunt,
3027 2695 3494 2752 sanctissimorum
3551 2697 3782 2759 virorum,

2223 2786 2463 2843 Orientis
2509 2786 2759 2841 videlicet
2805 2795 2862 2840 et
2903 2786 3232 2850 Occidentis,
3279 2786 3582 2844 concordes
3633 2787 3783 2844 ellecti

2220 2893 2428 2934 sumus.
2457 2877 2564 2932 Sed
2593 2877 2718 2947 quia
2746 2877 3094 2948 propheticus
3115 2879 3272 2934 nobis
3301 2892 3482 2934 sermo
3509 2881 3782 2950 pmipit:

2221 2967 2395 3036 Super
2408 2976 2634 3022 montem
2653 2968 2911 3022 excelsum
2927 2969 3169 3034 ascende,
3189 2970 3278 3040 qui
3300 2970 3631 3039 euangelizas
3647 2971 3783 3026 Sion:

2217 3060 2448 3129 prwdica
2476 3060 2530 3114 in
2558 3059 2885 3130 fortitudine,
2927 3076 3103 3116 uocem
3138 3063 3284 3116 tuam
3323 3062 3501 3116 exalto
3527 3064 3620 3132 qui
3655 3079 3785 3116 eoau-

611 3151 980 3209 ConVeniettt.e
1002 3159 1189 3206 sancta
1213 3161 1266 3206 et
1292 3151 1579 3206 universali
1612 3150 1832 3222 synodo,
1876 3165 1994 3220 quae
2019 3165 2116 3220 per
2143 3119 2188 3182 Ο
2217 3119 2412 3219 getiam
2451 3119 2744 3204 Jerusalem
2767 3163 2786 3202 :
2811 3151 3112 3220 prwdiwte,
3161 3168 3226 3205 ne
3272 3152 3498 3206 timeatis
3530 3119 3671 3224 (ιω.
3693 3153 3783 3220 ιι).

539 3244 778 3299 divinam
809 3243 1038 3314 gratiam
1075 3250 1132 3298 et
1167 3241 1312 3311 piam
1355 3240 1687 3296 sanctionem
1709 3240 2018 3294 earumdem
2044 3240 2121 3296 di-

537 3333 741 3388 vinitus
769 3331 1212 3387 conﬁrmatorum
1247 3329 1631 3400 imperatorum
1670 3335 1993 3398 congregata
2036 3336 2120 3383 est

538 3425 594 3480 in
625 3421 978 3479 Nicaeensium
1021 3420 1164 3476 clara
1210 3419 1491 3490 metropoli
1519 3417 1948 3489 Bithyniensium
1993 3433 2120 3488 pro-

532 3515 728 3571 vincia:
755 3531 768 3569 :
803 3513 859 3570 id
876 3519 981 3578 est,
1000 3511 1158 3577 Petro
1185 3510 1630 3567 reverendissimo
1651 3509 2118 3580 archipresbytero

536 3605 895 3662 sanctissimae
920 3603 1178 3659 Romanae
1209 3601 1462 3657 Ecclesia:
1485 3600 1657 3656 sancti
1696 3599 1920 3671 apostoli
1948 3599 2116 3666 Petri,

534 3707 592 3753 et
615 3697 778 3754 Petro
821 3695 1268 3752 reverendissimo
1294 3695 1610 3764 presbytero
1648 3693 1912 3748 monacho
1941 3700 1997 3747 et
2023 3693 2120 3747 ab.

534 3788 664 3842 bate
682 3784 1010 3841 venerabilis
1033 3783 1348 3838 monasterii
1371 3783 1542 3837 sancti
1575 3781 1766 3837 Sabbze
1794 3781 1976 3836 Romae
2004 3781 2114 3846 siti,

537 3877 897 3932 retinentibus
918 3874 1094 3930 locum
1119 3874 1428 3945 apostolicae
1457 3875 1604 3930 sedis
1641 3875 1768 3928 almi
1809 3883 1864 3929 ct
1890 3875 2118 3930 sanetis-

535 3967 661 4022 simi
690 3966 1085 4037 archiepiscopi
1113 3965 1345 4021 senioris
1373 3964 1558 4021 Romae
1581 3965 1834 4032 Adriani;
1869 3965 2117 4022 Tarasio-

536 4071 644 4127 que
669 4055 814 4112 almo
841 4063 897 4111 et
923 4054 1268 4111 sanctissimo
1298 4054 1706 4125 archiepiscopo
1734 4056 1914 4126 magni
1929 4057 2114 4110 nomi-

537 4148 624 4202 nis
669 4145 1208 4215 Constantinopoleos
1248 4159 1400 4200 nova:
1447 4143 1649 4208 Romaz,
1695 4154 1749 4200 et
1795 4144 2002 4202 Joanne
2052 4162 2116 4202 ac

534 4237 747 4299 Thoma
802 4236 1268 4294 reverendissimis
1341 4237 1670 4308 presbyteris
1719 4238 1996 4293 monachis
2061 4246 2116 4294 et

533 4329 758 4387 vicariis
794 4328 1207 4399 apostolicarum
1237 4327 1443 4382 sodium
1473 4327 1764 4385 Orientalis
1797 4330 2112 4385 dioeceseos.

450 4414 484 4491 ξ’
607 4419 1038 4491 Sedentibusque
1057 4427 1186 4474 ante
1205 4418 1634 4473 sacratissimum
1661 4419 1946 4475 ambonem
1974 4429 2110 4475 tem-

534 4510 609 4582 pli
637 4489 990 4567 sanctissima:
1019 4522 1227 4580 magna:
1269 4506 1521 4563 Ecclesia:
1559 4521 1678 4577 qua:
1705 4507 2114 4578 cognominatur

536 4604 766 4675 Sophia;
797 4602 1152 4672 presentibus
1177 4610 1234 4656 et
1256 4599 1685 4657 auscultantibus
1705 4599 2113 4672 gloriosissimis

534 4704 590 4749 et
633 4692 1182 4764 magniﬁcentissimis
1222 4690 1574 4762 principibus,
1628 4691 1682 4746 id
1729 4699 1831 4757 est,
1879 4691 2112 4747 Petrona

459 4769 461 4771 ’
533 4783 897 4840 famosissimo
925 4781 1214 4838 cxconsule
1236 4781 1486 4851 patricio,
1523 4790 1580 4836 et
1620 4783 1816 4837 comite
1840 4783 1950 4837 Deo
1976 4797 2112 4838 con-

537 4873 735 4927 servati
783 4871 1115 4942 imperatorii
1173 4871 1450 4939 ohsequii,
1498 4879 1555 4926 et
1598 4869 1805 4926 Joanne
1849 4872 2110 4942 imperiali

535 4963 761 5018 ostiario
806 4973 861 5019 et
908 4963 1178 5035 logotheta
1225 4963 1470 5018 militaris
1511 4963 1814 5034 logothesii,
1863 4973 1918 5019 et
1964 4965 2110 5022 omni

537 5062 726 5108 sancta
755 5055 956 5124 synodo
994 5052 1286 5108 secundum
1319 5053 1562 5102 ordinem
1604 5054 1656 5098 in
1703 5055 1874 5107 mima
1899 5056 2112 5106 actione

2220 3237 2371 3294 Hanc
2412 3247 2547 3311 ergo
2593 3241 2964 3311 propheticam
3005 3242 3424 3313 praeceptionem
3473 3250 3782 3313 sequentes,

2215 3334 2530 3389 sacerdotes
2565 3335 2690 3399 viri,
2718 3335 3104 3406 praedicemus,
3146 3349 3308 3390 voces
3337 3343 3560 3392 nostras
3598 3335 3783 3392 exalte-

2218 3441 2358 3490 mus,
2402 3441 2587 3495 pacem
2627 3427 3008 3482 annuntiantes
3040 3427 3293 3483 Ecclesia:
3335 3427 3639 3492 catholica),
3686 3441 3787 3497 qua:

2215 3525 2301 3573 est
2337 3533 2462 3572 vera
2496 3516 2626 3573 Sion
2667 3525 2722 3572 et
2752 3518 2945 3572 civitas
2992 3518 3230 3574 ctelestis
3277 3521 3419 3592 regis
3463 3519 3670 3575 Christi
3709 3519 3786 3572 Dei

2214 3609 2409 3663 nostri.
2439 3607 2718 3674 Quomodo
2743 3616 2921 3663 autem
2948 3608 3038 3663 ﬁet
3061 3609 3203 3664 hoc?
3227 3608 3552 3667 Deferantur
3575 3609 3786 3666 nobisin

2225 3705 2458 3759 medium
2487 3703 2553 3759 ad
2584 3704 2910 3759 audientiam
2947 3704 3458 3775 gloriosissimorum
3485 3714 3781 3761 sanctorum

2219 3795 2436 3850 Patrum
2461 3795 2734 3851 volumina
2763 3813 2777 3861 ;
2809 3805 2866 3851 et
2902 3810 2968 3851 ex
3016 3783 3508 3867 ipsis5haurientes,
3559 3807 3784 3868 petemus

2210 3883 2410 3955 singuli
2437 3875 2651 3955 gregem
2683 3885 2839 3940 nobis
2860 3886 3231 3941 commissum.
3261 3885 3464 3953 Taliter
3492 3887 3640 3941 enim
3666 3894 3716 3941 et
3738 3885 3783 3938 in

2215 3991 2430 4031 omnem
2455 3985 2656 4031 terram
2685 3975 2856 4031 exibit
2882 3991 3046 4032 sonus
3074 3984 3279 4039 noster,
3308 3977 3439 4031 etin
3473 3976 3612 4032 lines
3639 3987 3782 4031 tem:

2216 4065 2500 4119 verborum
2545 4065 2718 4121 virtus
2776 4075 3086 4121 nostrorum
3140 4065 3312 4136 (Psal.
3350 4069 3555 4136 xvm):
3600 4081 3696 4137 pro
3729 4080 3783 4119 eo

2209 4155 2358 4225 quod
2395 4171 2500 4210 non
2533 4155 2910 4212 transierimus
2941 4157 3200 4211 terminos
3221 4171 3357 4226 quos
3382 4166 3684 4227 posuerunt
3699 4171 3785 4227 pa.

2218 4255 2327 4301 tres
2355 4247 2546 4313 nostri,
2583 4247 2677 4302 sed
2705 4247 2996 4319 apostolico
3028 4248 3172 4304 docti
3211 4258 3458 4304 tenemus
3476 4251 3786 4306 traditiones

2213 4350 2351 4405 quas
2373 4338 2698 4406 accepimus.

2137 4481 2190 4541 Β
2284 4446 2671 4503 Constantinus
2717 4450 3090 4506 sanctissimus
3135 4451 3419 4522 episcopus
3464 4450 3785 4507 Constantia:

2214 4538 2375 4611 Cypri
2405 4539 2576 4595 dixit:
2607 4539 2913 4596 Secundum
2945 4541 3298 4596 assertionem
3322 4540 3536 4597 Tarasii
3561 4541 3785 4596 sanctis-

2205 4630 2336 4685 simi
2354 4631 2687 4701 ,patriarchte
2709 4632 3020 4688 deferantur
3049 4633 3103 4687 in
3136 4633 3369 4689 medium
3391 4633 3540 4697 libri,
3565 4642 3622 4688 et
3649 4632 3784 4688 testi-

2212 4722 2390 4776 monia
2419 4723 2694 4777 beatorum
2721 4721 2970 4790 Patrum,
2998 4731 3054 4778 et
3079 4723 3281 4794 liquido
3319 4733 3522 4780 sancta:
3555 4723 3680 4779 huic
3705 4735 3783 4791 sy-

2205 4812 2352 4868 nodo
2381 4811 2715 4887 relegantur.

2281 4925 2536 4982 Leontius
2569 4927 2902 4983 clarissimus
2929 4943 2960 4982 a
2985 4928 3210 4984 secretis
3236 4927 3412 4984 dixit:
3445 4927 3707 4984 Pmﬁcua:
3725 4941 3783 4981 ac

2211 5017 2414 5073 salubri
2437 5017 2668 5087 jussioni
2691 5019 3016 5073 sanctissimi
3046 5019 3391 5088 patriarcha,
3421 5028 3477 5074 et
3505 5017 3781 5078 consensui

2289 5111 2299 5122 -
2465 5109 2496 5122 --
2678 5110 2752 5134 υιε
2785 5111 2941 5146 hanc
2968 5120 3236 5166 narentes.
3257 5121 3311 5166 et
3335 5112 3477 5166 hanc
3501 5111 3782 5167 terminare
