3980 6288
160 386 259 442 275
817 380 1371 439 lN'l'ERPRETATIO
1407 382 1655 439 SYNODI
1698 383 1783 438 VII
1820 384 2231 441 GENERALIS.
2300 416 2367 426 —
2406 384 2606 440 ACTIO
2649 384 2729 439 IV.

565 495 640 551 De
669 496 853 554 Exodo
883 495 1113 551 liliorum
1146 493 1327 560 Israel.

3300 385 3408 440 27L

1761 501 1811 558 Α
1837 491 2150 558 Geuitricis,
2191 487 2609 564 sanctorumque
2644 493 2812 562 ipsius
2858 492 3174 558 habeamus,
3224 493 3415 549 obum-

224 608 448 664 Locutus
474 617 552 662 est
581 606 835 662 Dominus
868 607 937 661 ad
968 605 1184 676 Moysen
1210 620 1227 657 :
1260 604 1448 659 Facies
1477 605 1730 675 propitia-
1833 586 2056 676 Ῑπξωῑθδ
2084 585 2270 641 auare-

159 698 341 751 torinm
388 697 454 751 de
477 712 615 751 auro
656 697 1036 760 mundissimo;
1075 695 1208 749 duos
1241 695 1440 749 cubitos
1481 703 1529 748 et
1577 694 1733 748 dimi-

159 790 296 843 dium
343 787 532 842 tenebit
579 786 847 858 longitudo
897 787 1035 857 ejus,
1083 786 1312 839 cubitum
1361 802 1423 839 ac
1471 785 1734 839 semissem

161 878 397 932 latitudo.
427 876 574 932 Duos
603 894 805 949 quoque
833 863 1097 932 cherubim
1122 893 1311 930 aureos
1340 885 1386 930 ct
1420 874 1734 945 productiles

159 965 311 1034 facies
332 982 401 1020 ex
445 975 664 1036 utraque
691 975 840 1036 parte
881 964 1103 1020 oraculi.
1149 963 1352 1018 Cherub
1385 981 1520 1018 unus
1567 965 1634 1017 sit
1679 964 1738 1018 in

159 1055 311 1107 latere
336 1071 460 1118 uno,
489 1065 539 1108 et
567 1053 701 1108 alter
742 1055 797 1108 in
825 1055 1011 1108 altera.
1059 1051 1344 1124 Utruntque
1389 1052 1527 1108 latus
1563 1053 1739 1122 propi-

159 1143 348 1197 tiatorii
396 1153 595 1214 tegant,
640 1143 990 1214 expandentes
1019 1143 1134 1197 alas
1159 1153 1207 1198 et
1236 1144 1522 1213 aperientes
1551 1159 1742 1196 oracu-

158 1233 258 1288 lum
279 1251 299 1290 :
327 1237 708 1307 respiciantque
729 1253 784 1290 se
811 1245 992 1290 mutuo
1019 1235 1178 1290 versis
1203 1234 1426 1290 vultibus
1471 1236 1526 1288 in
1558 1235 1738 1305 prapi-

158 1327 446 1391 tiatorium,
476 1343 577 1397 quo
605 1327 886 1398 operienda
913 1336 988 1382 est
1014 1343 1162 1392 arca,
1190 1327 1245 1380 in
1271 1343 1376 1397 qua
1401 1342 1560 1396 pones
1590 1327 1737 1380 testi-

161 1417 404 1480 monium,
434 1417 574 1488 quod
602 1417 737 1471 dabo
778 1417 892 1471 tibi.
939 1415 1074 1470 Inde
1114 1415 1439 1487 prtccipiam,
1469 1425 1516 1470 et
1557 1415 1743 1486 loquar

160 1505 223 1588 ad
250 1515 296 1559 te
322 1523 484 1575 super
521 1509 887 1577 prapitiatorio
913 1523 976 1562 ac
1003 1507 1068 1562 de
1101 1507 1272 1562 medio
1301 1508 1524 1561 duorum
1556 1509 1742 1562 cheru-

160 1596 276 1670 bim,
305 1598 397 1663 qui
425 1609 578 1652 erunt
619 1615 779 1670 supra
821 1616 1002 1654 arcam
1034 1601 1347 1670 .testimanii,
1391 1610 1598 1666 cuncta,
1623 1616 1744 1670 qua:

160 1687 410 1742 mandabo
435 1705 530 1758 per
553 1699 603 1744 te
627 1689 751 1758 ﬁliis
780 1689 952 1746 Israel
978 1690 1174 1762 (Exod.
1202 1691 1352 1760 xxv).

761 1821 839 1877 Ex
868 1806 1139 1879 Numeris.

227 1931 351 1987 lla-c
378 1931 558 1987 oblata
586 1941 707 1988 sunt
737 1933 792 1986 in
815 1934 1140 1990 dedicatione
1167 1933 1376 1997 altaris,
1398 1933 1608 2003 quando
1639 1949 1742 1987 un-

160 2035 290 2079 ctum
321 2035 424 2080 est.
458 2023 692 2096 Cumque
721 2025 1082 2096 ingrederetur
1107 2025 1315 2095 Moyses
1347 2024 1743 2079 tabernaculum

161 2114 379 2184 hederis,
415 2124 472 2169 ut
496 2111 784 2171 cansuleret
828 2115 1123 2183 oraculum,
1168 2117 1414 2171 audiebat
1458 2133 1629 2171 vocem
1659 2116 1741 2170 lo-

160 2217 388 2274 quentem
413 2208 485 2261 ad
507 2223 561 2262 se
587 2208 652 2262 de
672 2208 1059 2279 propitiatorio,
1087 2211 1226 2280 quod
1253 2220 1364 2264 erat
1387 2226 1544 2276 super
1563 2226 1744 2263 arcam

161 2297 434 2350 testimonii
481 2298 618 2352 inter
668 2298 800 2353 duos
853 2298 1117 2353 cherubim
1144 2339 1160 2366 ,
1210 2300 1350 2354 unde
1396 2310 1446 2353 et
1498 2299 1746 2369 loqueba-

161 2395 242 2438 tur
259 2388 304 2441 ei
332 2386 531 2458 (Num.
567 2388 686 2457 vn).
723 2429 727 2433 .

734 2499 811 2555 De
845 2467 1148 2556 Ezechiele.

226 2603 290 2660 Et
311 2607 608 2662 introduxit
631 2625 711 2663 me
732 2609 786 2663 in
815 2609 1086 2677 templum,
1115 2619 1162 2664 et
1192 2626 1396 2664 mensus
1423 2620 1496 2666 est
1524 2610 1742 2680 frontes,

161 2711 242 2752 sea:
273 2699 476 2755 cubitos
511 2699 807 2756 latitudinis
834 2703 986 2769 hinc,
1029 2713 1077 2757 et
1103 2719 1194 2757 sex
1221 2703 1419 2757 cubitos
1449 2703 1748 2757 latitudinis

163 2789 304 2856 inde,
349 2790 686 2846 latitudinem
731 2792 1060 2847 tabernaculi
1095 2791 1311 2864 (Ezech.
1361 2794 1494 2864 xu).
1527 2794 1595 2849 Et
1624 2802 1747 2864 post

163 2881 254 2936 alia
277 2899 291 2935 :
319 2881 391 2936 Et
415 2881 663 2952 templum
686 2884 924 2949 interius,
955 2894 1003 2938 et
1031 2884 1279 2938 vestibula
1305 2885 1449 2950 atrii,
1473 2884 1678 2950 limina,
1697 2895 1746 2940 et

164 2969 408 3038 fenestras
450 2973 706 3044 obliquas,
737 2983 786 3028 et
833 2974 944 3028 htcc
985 2985 1119 3029 tecta
1163 2975 1218 3029 iu
1245 2975 1466 3028 circuitu
1506 2991 1600 3044 per
1644 2985 1748 3030 tres

163 3073 322 3130 partes
367 3073 554 3117 contra
583 3065 996 3136 uniuscujusque
1021 3067 1198 3131 limen,
1244 3076 1564 3137 stratumque
1603 3066 1745 3137 ligno

163 3167 245 3218 per
267 3168 456 3222 gyrum
481 3153 536 3206 in
556 3153 778 3206 circuitu
801 3167 819 3205 :
841 3164 981 3208 terra
1006 3164 1178 3209 autem
1203 3171 1364 3225 usque
1380 3155 1448 3208 ad
1470 3155 1743 3224 fenestras,

1905 675 2418 747 Magnilicentissimi
2469 675 2735 747 principes
2794 674 3082 730 dixerunt:
3138 671 3416 730 Veracitcr

1835 768 1930 832 Dei
1955 768 2243 838 praeceptio
2267 775 2367 823 est.

1865 857 1870 922 ἶ
1907 857 2294 913 Constantinus
2341 857 2716 912 sanctissimus
2763 857 3048 928 cpiscopus
3088 855 3421 913 Constantia:

1837 950 1998 1022 Cypri
2029 950 2165 1005 dixit
2195 968 2208 1004 :
2248 950 2336 1006 Uti
2365 949 2566 1005 lectum
2595 957 2710 1016 est,
2743 949 2947 1004 vultum
2977 949 3212 1005 hominis
3253 950 3421 1006 hahe-

1837 1041 1932 1097 bat
1965 1041 2247 1097 cherubim
2272 1049 2328 1095 et
2354 1041 2624 1110 quomodo
2660 1040 2878 1111 quidam
2907 1040 3114 1106 dicunt,
3144 1040 3269 1110 quia
3298 1041 3422 1110 quis

1838 1135 1974 1191 vidit
2023 1135 2228 1190 vultum
2291 1133 2608 1190 cherubim?
2657 1133 2868 1190 Etenim
2927 1133 3062 1190 dixit
3118 1131 3421 1203 sculptilem

1840 1226 2070 1282 Vultum.
2799 1271 2801 1274 s
3107 1271 3110 1275 .

1914 1319 2170 1376 'l‘arasius
2218 1320 2590 1376 sanctissrmus
2637 1318 2944 1389 patriarcha
2996 1316 3169 1373 dixit:
3224 1315 3425 1373 Omnes

1843 1413 2016 1470 sancti
2045 1413 2136 1482 qui
2172 1421 2486 1468 meruerunt
2519 1411 2737 1483 angelos
2783 1411 2997 1475 videre,
3027 1410 3080 1465 in
3121 1411 3301 1480 specie
3328 1411 3426 1464 ho-

1843 1506 2053 1561 minum
2079 1519 2174 1560 eos
2199 1504 2468 1570 viderunt,
2499 1502 2950 1573 quemadmodum
2993 1501 3045 1556 in
3076 1499 3304 1556 diversis
3349 1499 3426 1556 le-

1843 1596 2018 1664 gimus
2048 1593 2340 1665 Scriptura:
2367 1593 2500 1649 locis
2523 1635 2538 1656 .
2589 1600 2810 1662 propter
2833 1591 2978 1660 quod
3031 1590 3098 1646 de
3143 1588 3424 1646 cherubim

1845 1687 1988 1743 Deus
2012 1686 2182 1759 Moysi
2211 1686 2424 1742 locutus
2452 1693 2538 1742 est
2575 1685 2796 1742 dicens:
2837 1681 2986 1748 Vide,
3017 1691 3074 1735 ut
3110 1682 3276 1752 facias
3318 1696 3427 1734 om-

1845 1776 1933 1830 nia
1967 1776 2251 1832 secundum
2278 1777 2501 1847 formam
2541 1769 2660 1845 qua:
2699 1785 2901 1830 ostensa
2929 1782 3003 1827 est
3044 1770 3136 1825 tibi
3159 1772 3215 1825 in
3253 1779 3428 1825 monte

1772 1853 1818 1912 Β
1845 1867 2044 1941 (Exod.
2069 1870 2220 1940 xxv).
2254 1868 2320 1924 Et
2346 1867 2472 1924 hinc
2497 1866 2728 1922 famulus
2757 1863 2988 1937 Moyses,
3017 1863 3206 1934 quales
3226 1862 3428 1919 formas

1843 1961 2000 2025 vidit,
2035 1960 2171 2016 tales
2195 1968 2253 2016 et
2281 1960 2426 2024 fecit,
2455 1973 2579 2015 cum
2608 1957 2804 2028 quibus
2828 1965 2884 2013 et
2908 1956 3192 2012 cherubim

1915 2053 2302 2110 Constantinus
2345 2051 2719 2108 sanctissimus
2765 2049 3052 2121 episcopus
3097 2046 3431 2103 Constantia)

1843 2141 2004 2216 Cypri
2052 2142 2231 2198 dixit:
2275 2141 2502 2209 Quando
2533 2149 2711 2196 autem
2756 2135 3330 2208 movebaturpopulus
3359 2136 3428 2190 ad

1845 2231 2226 2296 idololatriam,
2247 2239 2376 2286 tunc
2395 2232 2536 2286 Deus
2558 2227 2770 2285 dicebat
2797 2226 2964 2299 Moysi
2985 2226 3094 2282 :l‘e
3121 2225 3289 2282 facias
3312 2239 3430 2281 om—

1845 2338 1968 2378 nem
2003 2321 2409 2377 similitudinem
2441 2320 2510 2374 ad
2535 2319 2876 2375 serviendum
2902 2317 2999 2373 eis.

1914 2402 2152 2467 Joannes
2172 2410 2654 2466 reverendissimus
2679 2409 2961 2480 presbyter
2981 2417 3036 2462 et
3053 2405 3290 2462 vicarius
3301 2421 3430 2476 apo—

1844 2503 2158 2558 stolicarum
2183 2503 2394 2558 sedium
2417 2501 2864 2557 Orientis-dixit»:
2900 2499 3178 2555 Excelsius
3209 2498 3429 2561 hisest.

1846 2595 1971 2664 quia
2002 2603 2057 2650 et
2089 2593 2257 2650 Jacob
2289 2593 2500 2648 titulum
2532 2591 2710 2648 erexit
2735 2591 2863 2646 Deo.
2895 2589 3052 2645 Unde
3070 2598 3126 2643 et
3155 2587 3432 2642 benedixit

1846 2687 1894 2742 ei
1925 2685 2306 2755 repromittens
2334 2683 2678 2748 donationes,
2701 2697 2822 2752 qua:
2856 2695 3017 2736 omne
3063 2679 3286 2734 verbum
3329 2691 3429 2730 ex-

1847 2776 2046 2832 cedunt
2104 2774 2258 2846 (Gen.
2311 2774 2525 2844 xxvnr).
2563 2773 2630 2828 Et
2681 2772 2810 2827 alibi
2861 2771 2914 2824 in
2963 2772 3144 2840 specie
3195 2767 3432 2823 hominis

1847 2867 2080 2922 luctatus
2111 2874 2195 2922 est
2219 2880 2341 2920 cum
2369 2879 2457 2929 eo,
2484 2874 2539 2920 et
2575 2863 2862 2934 appellavit
2888 2876 3010 2917 eum
3057 2857 3238 2922 Israel,
3286 2857 3429 2926 quod

1847 2968 1932 3016 est
1953 2961 2535 3028 interpretatum'mens
2559 2955 2736 3009 videns
2753 2953 2938 3008 Deum.
2971 2951 3092 3022 Ipse
3111 2959 3292 3004 autem
3319 2949 3426 3002 ait:

1859 3049 1980 3105 Vidi
2007 3049 2285 3104 Dominum
2325 3047 2459 3117 facie
2503 3046 2572 3100 ad
2623 3043 2841 3114 faciem,
2888 3052 2936 3097 et
2983 3040 3128 3096 salva
3173 3039 3314 3109 facta
3355 3047 3429 3093 est

1849 3142 2026 3196 anima
2057 3156 2169 3194 mea
2215 3137 2370 3208 (Gen.
2397 3136 2574 3207 xxxii)
2601 3153 2615 3189 :
2647 3145 2703 3190 et
2729 3149 2859 3191 ecce
2894 3148 2999 3188 non
3029 3130 3202 3187 solum
3234 3127 3431 3184 intelli-

164 3249 207 3294 et
243 3241 485 3324 fenestra:
508 3242 702 3297 clausi:
742 3260 897 3314 super
942 3245 1097 3309 ostia,
1143 3254 1191 3300 et
1232 3205 1395 3316 uique
1426 3205 1496 3300 ad
1531 3245 1743 3299 domum

1856 3232 2040 3304 gibilcs
2067 3205 2296 3285 virtutes
2342 3228 2473 3285 visae
2522 3205 2680 3293 sunt,
2714 3226 2809 3282 sed
2852 3235 2907 3280 et
2937 3226 3053 3295 ipse
3095 3223 3188 3293 qui
3236 3229 3432 3276 natura

166 3329 476 3394 interiorem,
509 3341 560 3386 et
603 3332 893 3401 forinsecus
922 3350 1014 3405 per
1044 3350 1251 3389 omnem
1277 3335 1527 3405 parietem
1557 3336 1612 3390 in
1645 3336 1746 3389 cir-

166 3421 321 3486 cuitu,
345 3423 665 3477 intrinsecus
690 3433 736 3476 et
766 3423 1056 3493 forinsecus
1093 3425 1160 3478 ad
1206 3440 1548 3480 mensuram:
1587 3435 1635 3480 et
1664 3425 1748 3495 fa-

163 3508 390 3579 brefacta
412 3513 680 3566 cherubim
701 3522 749 3567 et
770 3513 960 3584 palma:
976 3555 991 3578 ,
1016 3524 1064 3569 et
1102 3515 1280 3585 palma
1305 3517 1440 3571 inter
1477 3517 1667 3571 cherub
1698 3526 1746 3571 et

161 3599 382 3664 cherub;
411 3602 647 3671 duasque
676 3601 836 3670 facies
867 3603 1088 3657 habebat
1112 3603 1338 3668 Cherub,
1369 3604 1558 3674 faciem
1580 3604 1748 3658 homi-

168 3688 238 3739 nis
253 3689 414 3757 juxta
441 3689 671 3757 palmam
699 3707 763 3745 ea:
787 3692 885 3745 hac
909 3703 1079 3762 parte,
1106 3702 1154 3747 et
1184 3693 1372 3763 faciem
1408 3693 1572 3748 leonis
1590 3695 1748 3764 juxta

167 3778 388 3843 palmam
413 3797 480 3833 ea:
501 3780 610 3833 alia
649 3793 796 3850 parte
838 3799 1134 3854 expressam
1177 3799 1271 3852 per
1297 3800 1498 3837 omnem
1533 3785 1754 3837 domum,

169 3865 218 3919 in
248 3869 496 3923 circuitu.
529 3871 547 3942 (
556 3870 719 3932 Ibid.)

312 3998 392 4054 Ex
423 3999 664 4070 Epistola
697 3999 755 4056 S.
788 4002 1192 4074 Pauliapostoli
1219 4003 1286 4058 ad
1317 4003 1590 4059 Hebneos.

235 4125 431 4183 Habuit
472 4130 680 4199 quidem
719 4141 767 4186 et
809 4133 954 4203 prius
992 4135 1397 4204 justiﬁcationes
1429 4136 1672 4203 culturtc,
1699 4147 1746 4192 et

171 4228 396 4273 sanctum
445 4221 718 4276 sceculare.
771 4221 1188 4278 Taberuaculum
1239 4227 1376 4279 enim
1425 4225 1622 4294 factum
1673 4237 1747 4281 est

173 4307 411 4374 primum,
439 4309 493 4362 in
526 4326 630 4379 quo
655 4321 802 4364 erant
829 4313 1143 4368 candelabra
1172 4323 1218 4368 et
1263 4332 1440 4369 mensa
1475 4328 1524 4370 et
1561 4333 1749 4388 prapo-

171 4395 281 4449 sitio
314 4414 548 4467 panum,
574 4416 690 4470 qua:
735 4401 929 4455 dicitur
976 4401 1193 4458 Sancta.
1241 4403 1366 4458 Post
1408 4404 1749 4460 velamentum

173 4496 334 4540 autem
359 4490 669 4555 secundum,
701 4493 1098 4546 tabernaculum
1126 4495 1266 4565 quod
1312 4495 1506 4550 dicitur
1549 4496 1752 4552 Sancta-

174 4595 464 4639 sanctorum
492 4627 508 4650 ,
562 4603 782 4641 aureum
827 4588 1019 4643 habens
1068 4589 1428 4657 thuribulum,
1474 4600 1522 4644 et
1569 4608 1747 4645 arcam

177 4672 478 4732 Testamenti
507 4679 891 4733 circumtectam
920 4696 985 4734 ea:
1007 4683 1146 4735 omni
1178 4693 1325 4751 parte
1351 4700 1520 4748 auro;
1553 4684 1605 4737 in
1641 4701 1747 4754 qua

175 4781 298 4820 urna
325 4785 486 4822 aurea
521 4769 716 4823 habens
741 4786 956 4836 manna,
984 4781 1030 4824 et
1067 4772 1210 4843 uirga
1239 4772 1414 4825 Aaron
1458 4789 1576 4842 qua:
1601 4773 1746 4842 frono

176 4853 368 4923 duerat,
406 4870 454 4913 et
483 4859 676 4913 tabulcc
703 4862 993 4914 testamenti
1026 4876 1044 4915 :
1086 4878 1339 4932 superque
1367 4873 1514 4916 erant
1561 4863 1748 4916 cheru-

179 4941 268 4997 bim
298 4945 476 5016 gloria:
503 4946 868 5001 obumbrantia
894 4950 1314 5018 propitiatorium
1353 4948 1538 5019 (Hebr.
1569 4949 1667 5019 Ix).

239 5031 488 5091 Tamsius
523 5037 898 5092 sanctissimus
944 5039 1248 5108 patriarcha
1303 5042 1482 5095 dixit:
1537 5043 1748 5112 Perspi-

178 5122 392 5191 ciamus,
427 5128 634 5183 sacrati
679 5129 804 5191 viri,
847 5129 970 5198 quia
1012 5128 1178 5185 Vetus
1208 5129 1606 5186 Testamentum
1655 5133 1748 5186 ha-

181 5211 284 5268 buit
329 5218 505 5272 divina
544 5219 724 5289 signa,
749 5219 1031 5274 cherubim
1079 5221 1456 5274 obumbrantia
1488 5223 1747 5293 propitiu-

181 5305 364 5359 torium
396 5324 408 5360 :
442 5318 495 5361 et
521 5322 586 5361 ex
630 5309 730 5362 hoc
757 5307 962 5363 Novum
995 5310 1220 5378 accepit.

245 5394 433 5452 Sancta
463 5399 696 5469 synodus
731 5399 906 5454 dixit:
941 5399 1136 5467 Etiam,
1173 5400 1411 5468 domine,
1444 5403 1524 5457 sic
1553 5418 1611 5458 se
1651 5403 1746 5456 lia-

183 5480 266 5538 bet
287 5489 496 5542 veritas.

247 5573 492 5633 Tarasius
520 5579 897 5636 sanctissimus
923 5581 1234 5651 patriarcha
1280 5581 1414 5636 dixit
1443 5600 1454 5635 :
1489 5582 1544 5636 Si
1576 5581 1742 5638 Vetus

186 5661 404 5720 habebat
435 5671 711 5725 cherubim
754 5670 1130 5725 obumbrantia
1173 5672 1640 5741 propitiatorium,
1688 5683 1742 5730 rt

187 5769 278 5811 nos
303 5757 476 5817 iconas
506 5762 714 5819 Domini
740 5763 909 5820 nostri
932 5761 1058 5818 Jcsu
1089 5763 1309 5831 Christi,
1342 5774 1394 5819 et
1423 5777 1621 5821 sancta:
1650 5767 1739 5821 Dei

1847 3313 2132 3381 invisibilis
2153 3329 2238 3377 est
2262 3321 2427 3387 Deus,
2451 3326 2508 3376 et
2530 3319 2899 3390 incorporeus.
2929 3331 3053 3372 cum
3073 3323 3325 3370 ostensus
3347 3320 3435 3368 est

1846 3416 1901 3472 in
1928 3415 2107 3484 specie
2135 3422 2338 3470 nostra.

1920 3507 2225 3564 Demetrius
2260 3505 2742 3562 reverendissimus
2765 3503 3025 3558 diaconus
3050 3510 3106 3556 et
3133 3498 3434 3570 scevophy-

1847 3600 1935 3654 lux
1964 3599 2318 3655 sanctissimae
2354 3611 2564 3669 magnas
2602 3595 2854 3652 Ecclesia:
2892 3591 3434 3662 ConstantinOpoleos

1849 3693 2004 3765 legit;

1849 3840 2030 3898 Sancti
2060 3840 2236 3896 Patris
2269 3842 2433 3896 nostri
2473 3841 2697 3896 Joannis
2739 3839 3093 3908 Chrysostomi
3137 3838 3200 3894 de
3231 3853 3431 3907 pra'co-

2060 3913 2146 3966 nio
2170 3914 2224 3966 in
2259 3911 2554 3978 Meletium,
2579 3909 2729 3982 cujus
2751 3911 2957 3964 initium
2984 3919 3059 3964 est
3087 3909 3182 3963 hoc
3199 3924 3219 3963 :

1924 4040 2134 4112 Ubique
2171 4041 2314 4096 inter
2357 4041 2501 4096 hunc
2530 4051 2804 4096 sacratum
2830 4054 3047 4111 gregem
3095 4041 3285 4094 oculos
3325 4037 3434 4092 cir-

1849 4132 2175 4196 cumlereus,
2216 4140 2272 4186 et
2319 4132 2628 4187 universam
2674 4131 2948 4186 civitatem
2995 4129 3082 4183 hic
3111 4139 3430 4198 praesentem

1850 4224 2140 4294 aspiciens,
2168 4238 2277 4279 non
2301 4224 2478 4280 habeo
2503 4239 2664 4294 quem
2693 4222 3017 4278 beatiﬁcem.
3041 4220 3109 4275 Et
3136 4229 3256 4290 post
3285 4219 3388 4272 alia
3414 4231 3428 4272 :

1849 4312 1918 4367 Et
1945 4314 2404 4369 eratreverentize
2423 4313 2812 4384 magisterium,
2839 4312 2981 4382 quod
3013 4311 3197 4366 (iebat.
3226 4308 3434 4379 iugiter

1849 4406 1991 4460 enim
2030 4407 2200 4462 coacti
2226 4405 2344 4475 ejus
2371 4405 2690 4461 vocabulum
2739 4402 3058 4464 memorari,
3087 4411 3143 4457 et
3184 4409 3431 4456 sanctum

1759 4545 1763 4550 ,
1778 4549 1826 4608 D
1852 4497 2000 4553 illum
2026 4499 2227 4558 habere
2241 4497 2817 4568 'pne-animo,.nomine
2841 4495 3007 4562 ipsius
3033 4493 3286 4564 lugabant
3311 4507 3431 4546 om-

1854 4601 1971 4608 ..-μ
2006 4601 2027 4608 -
2062 4586 2443 4608 --___..:-_-_.
2474 4594 2520 4608 Α·
2555 4585 2930 4608 ..ι-...ξιιμιειηυιηι
2962 4581 3383 4608 ζ--ηιξληηλζια.“
3413 4597 3426 4608 .

1852 4601 1974 4640 nem
2003 4601 2034 4640 a
2061 4601 2124 4642 se
2139 4586 2446 4656 passionem
2471 4594 2525 4638 et
2552 4585 2932 4654 cogitationem
2961 4581 3385 4636 irrationabilem
3412 4597 3426 4634 :

1849 4685 1902 4732 et
1933 4675 2012 4732 sic
2040 4676 2268 4731 multum
2299 4675 2498 4730 factum
2520 4685 2604 4731 est
2625 4676 2749 4741 hoc,
2782 4675 2856 4730 ita
2883 4683 2941 4729 ut
2961 4674 3162 4744 ubique
3189 4673 3243 4728 in
3271 4673 3428 4736 vicis,

1847 4775 1902 4822 et
1931 4767 1983 4821 in
2026 4765 2166 4832 foro,
2205 4775 2261 4822 et
2289 4766 2343 4821 in
2369 4767 2548 4838 agris,
2573 4766 2705 4821 etin
2752 4765 3034 4822 itineribus
3060 4765 3165 4820 hoc
3195 4765 3433 4834 undique

1848 4857 2066 4912 nomine
2097 4865 2473 4926 personarent.
2506 4856 2622 4912 Non
2673 4866 2852 4912 autem
2896 4858 3041 4912 circa
3085 4867 3196 4911 tam
3247 4857 3429 4928 magni

1846 4947 2080 5002 nominis
2127 4946 2376 5003 allectum
2411 4947 2564 5021 [Gr.,
2595 4949 2739 5006 circa
2781 4965 2976 5006 nomen
3025 4958 3134 5003 tam
3175 4954 3428 5019 magnum

1851 5035 2130 5109 allectum]
2175 5039 2318 5108 passi
2349 5039 2482 5094 estis
2525 5041 2912 5105 tantummodo,
2947 5054 3132 5093 verum
3162 5039 3326 5094 etiam
3374 5047 3431 5093 et

1849 5128 1992 5181 circa
2041 5128 2208 5198 ipsam
2255 5129 2372 5199 ejus
2411 5130 2652 5200 corporis
2700 5130 2949 5186 formam.
2999 5130 3148 5198 Quod
3197 5143 3328 5202 ergo
3371 5130 3426 5185 in
3485 5146 3508 5186 ι

1851 5216 2162 5271 nominibus
2189 5216 2415 5282 fecistis,
2449 5219 2550 5272 hoc
2578 5227 2633 5272 et
2659 5234 2822 5288 super
2849 5219 2991 5274 illius
3024 5221 3233 5276 iconam
3261 5221 3428 5291 gessi-

1850 5306 1967 5360 stis.
2009 5307 2217 5361 Etenim
2250 5309 2300 5362 in
2331 5309 2649 5363 annulorum
2680 5311 2898 5366 circulis
2918 5353 2932 5378 ,
2969 5321 3024 5367 et
3052 5313 3104 5367 in
3147 5313 3427 5376 calicibus,

1849 5405 1905 5450 ct
1936 5396 2157 5466 pbialis,
2202 5405 2258 5450 et
2302 5398 2355 5451 in
2396 5397 2751 5454 thalamorum
2781 5401 3114 5470 parietibus,
3146 5412 3201 5458 et
3231 5403 3428 5472 ubique

1851 5487 2060 5543 iconam
2111 5498 2352 5544 sanctam
2403 5489 2548 5544 illam
2599 5503 2962 5548 exaraverunt
3005 5495 3156 5548 multi
3185 5512 3197 5547 :
3231 5503 3291 5548 ut
3319 5507 3424 5546 non

1848 5581 2020 5634 solum
2049 5581 2298 5635 audirent
2321 5590 2564 5636 sanctum
2597 5585 2911 5640 vocabulum
2943 5585 3092 5649 illud,
3129 5585 3221 5640 sed
3252 5593 3307 5637 et
3351 5583 3426 5634 vi-

1848 5675 2037 5730 derent
2059 5675 2302 5744 corporis
2325 5673 2443 5742 ejus
2467 5675 2664 5745 ubique
2691 5679 2917 5745 figuram
2940 5717 2954 5741 ,
2985 5684 3039 5730 et
3067 5673 3262 5742 duplici
3294 5687 3425 5742 qua-

1849 5767 1970 5821 dam
2001 5765 2338 5838 migrationis
2369 5767 2514 5822 illius
2547 5770 2911 5824 consolatione
2940 5767 3267 5822 fruerentur.
