3980 6288
574 404 685 462 ετδ

1769 374 2126 468 Α’ΝΑετΑειι
2164 412 2705 473 BIBLIOTHECARII

3720 427 3811 484 276

647 521 840 582 Petrus
882 523 1255 580 san'ctissimus
1292 490 1576 595 episcopus
1616 523 1943 581 Nicomediae
1971 525 2108 581 dixit
2135 542 2148 579 :
2177 528 2230 589 Α
2259 527 2477 602 dirigit;
2511 537 2566 583 et
2601 529 2773 601 tangit
2794 528 2905 599 iam
2935 545 3134 601 corpus
3162 530 3323 602 gladii
3349 530 3464 589 acie
3496 550 3510 587 :
3545 541 3603 589 et
3629 540 3811 595 tuncei

579 615 636 672 Si
684 615 920 672 Joannes
965 617 1115 670 aurei
1163 617 1274 670 eris
1322 615 1444 671 talia
1493 615 1632 671 dixit
1673 616 1742 673 de
1789 616 1995 683 iconis,
2032 616 2156 687 quis

578 707 752 764 adhuc
785 708 947 763 audet
973 707 1152 762 dicere
1179 714 1369 762 contra
1398 720 1493 763 eas
1519 706 1853 778 quidquam?

647 796 877 858 Basilius
922 801 1297 857 sanctissimus
1340 796 1651 871 episcopus
1678 801 1906 873 Ancyrae
1961 798 2100 855 dixit
2135 816 2153 856 :

580 884 805 961 Recepit
833 905 926 945 eas
947 890 1243 955 veraciter;
1295 901 1353 949 et
1394 890 1555 947 talem
1600 905 1841 947 amorem
1885 890 2157 947 habebant

576 979 651 1048 pii
676 979 767 1051 qui
796 988 923 1033 tunc
951 991 1127 1045 erant,
1166 980 1312 1036 circa
1357 978 1648 1051 imaginem
1686 976 1827 1049 ejus,
1851 988 1912 1035 ut
1955 980 2162 1051 ubique

577 1066 878 1123 formarent
915 1068 1127 1125 iconam
1158 1069 1333 1124 sancti
1359 1069 1584 1125 Meletii.
1613 1068 1767 1125 Unde
1794 1077 1849 1125 et
1876 1067 2038 1124 Pater
2068 1069 2157 1125 hic

576 1176 739 1230 supra
770 1160 986 1215 modum
1021 1160 1143 1218 illos
1170 1160 1370 1217 laudat.

647 1248 1034 1307 Sanctissimns
1077 1250 1389 1322 patriarcha
1420 1250 1556 1306 dixit
1590 1269 1604 1304 :
1640 1249 1707 1304 Et
1731 1265 1831 1306 nos
1855 1265 1885 1305 a
1914 1248 2160 1320 patribus

576 1339 778 1396 nostris
805 1341 1166 1412 percipientes
1191 1340 1492 1408 doctrinas,
1519 1341 1749 1399 dicimus
1774 1356 1869 1398 eas
1913 1351 1970 1396 et
1997 1356 2157 1397 vene-

576 1429 775 1486 rabiles
806 1430 1010 1492 iconas.
1049 1438 1105 1486 et
1131 1440 1373 1495 sanctas,
1397 1438 1453 1486 et
1475 1445 1679 1486 sacras.

648 1521 985 1579 Theodosius
1013 1522 1495 1579 reverendissimus
1522 1523 1856 1595 heghmcnns
1887 1532 2161 1578 monaste-

580 1611 646 1668 rii
675 1613 847 1669 sancti
870 1614 1101 1669 Andreae
1127 1610 1273 1669 Nesii
1301 1613 1483 1669 attulit
1509 1613 1703 1668 librum
1730 1611 1968 1682 eiusdem
1998 1611 2161 1668 Joan-

579 1693 665 1762 nis
691 1706 804 1763 oris
832 1706 1003 1772 aurei,
1031 1716 1222 1778 petens
1252 1706 1416 1780 relegi
1443 1726 1457 1763 :
1488 1722 1650 1779 quem
1684 1707 1958 1779 accipiens
1983 1708 2156 1763 Anto-

579 1800 701 1856 nius
730 1800 1025 1856 monachus
1057 1800 1185 1873 legit
1216 1819 1230 1856 :

585 1955 795 2014 Sancta:
832 1957 1098 2028 memerita
1128 1952 1319 2028 Patris
1356 1958 1535 2028 nostri
1557 1958 1787 2028 Joannis
1801 1956 2156 2028 σὺν-νεουοωὲ

647 2040 819 2083 sermo
858 2043 879 2083 :
921 2026 1073 2093 Quod
1127 2024 1324 2084 Veteris
1383 2038 1430 2083 et
1480 2025 1619 2084 Noui
1668 2023 1983 2083 Testameiui
2022 2044 2159 2083 unus

649 2098 717 2180 sit
747 2096 1051 2168 legislator,
1088 2108 1136 2152 et
1179 2099 1237 2152 in
1270 2108 1457 2154 restem
1493 2098 1814 2165 sacerdotis,
1863 2099 2016 2169 cujus
2053 2098 2158 2152 iui-

654 2178 783 2222 ttum
819 2177 931 2223 est:

650 2301 856 2360 Christi
879 2305 1024 2375 regni
1044 2304 1396 2376 Evangelium
1418 2312 1545 2361 alite
1563 2303 1780 2375 quidem
1799 2303 2162 2375 praedicavere

582 2394 878 2465 pmphetze.
909 2394 973 2449 Et
996 2403 1118 2466 post
1140 2395 1243 2450 alia
1261 2410 1288 2473 ιτ
1319 2394 1435 2467 Ego
1461 2404 1519 2453 et
1543 2408 1669 2450 cera
1696 2392 1970 2464 perfusam
1995 2390 2158 2448 diluxi

581 2484 850 2553 picturam
894 2486 1095 2557 pietate
1138 2486 1418 2558 repletam.
1466 2484 1587 2541 Vidi
1634 2485 1781 2542 enim
1821 2483 2069 2556 angelum
2106 2483 2159 2538 in

582 2577 737 2632 icona
758 2576 1052 2655 pellentem
1077 2577 1435 2655 barbarorum
1473 2591 1697 2633 cuneos.
1729 2574 1851 2631 Vidi
1876 2574 2162 2631 conculca-

582 2675 666 2722 tus
692 2651 1056 2724 barbarorum
1096 2651 1343 2723 nationes
1359 2708 1374 2732 ,
1412 2676 1469 2723 et
1495 2666 1662 2722 David
1687 2666 1955 2722 veraciter
1978 2665 2161 2720 dicen-

583 2761 690 2810 tem
722 2771 738 2810 :
767 2755 1007 2824 Domine,
1037 2757 1091 2811 in
1116 2757 1322 2812 riritate
1351 2767 1442 2812 tua
1469 2756 1951 2828 imgiuemleorum
1977 2755 2057 2810 ad
2080 2754 2162 2809 ni-

583 2844 748 2901 hilum
771 2848 969 2919 rediges
1011 2847 1182 2922 (Paul.
1217 2849 1410 2922 sxxii).

653 2936 1044 2996 Sanctissimus
1088 2941 1403 3011 patriarcha
1444 2940 1580 2996 dixit
1628 2957 1642 2995 :
1694 2939 1753 2994 Si
1800 2939 1849 2995 is
1888 2939 1981 3011 qui
2027 2954 2162 2994 auro

583 3030 875 3101 pretiosius
902 3046 966 3088 os
987 3033 1246 3099 habebat,
1265 3031 1539 3104 perhibuit
1560 3033 1748 3088 dicens
1779 3049 1793 3087 :
1826 3031 1938 3103 Ego
1961 3039 2016 3085 et
2039 3046 2164 3101 per-

585 3118 760 3175 fusam
804 3120 969 3176 dilexi
1009 3121 1309 3193 picturam;
1362 3118 1495 3193 quid
1537 3121 1780 3177 dicemus
1824 3120 1893 3176 de
1939 3119 2024 3175 bis
2066 3116 2169 3189 qui

584 3210 817 3267 oderunt
834 3210 860 3266 ?

654 3301 887 3357 Basilius
942 3302 1323 3365 sanctissimus,
1366 3301 1650 3374 episcopus
1700 3303 1928 3371 Ancyrae
1972 3298 2156 3355 dixit:

583 3390 680 3451 illo
713 3394 955 3461 dicente,
989 3393 1123 3466 quia
1154 3408 1264 3466 ego
1281 3393 1441 3449 dilexi
1462 3433 1478 3461 ,
1517 3393 1647 3463 quis
1664 3392 1827 3448 audet
1852 3391 2009 3447 elfari
2034 3406 2163 3447 con-

588 3487 811 3543 trarium
830 3486 854 3541 ?

653 3578 891 3635 Joannes
951 3580 1435 3636 reverendissimns
1490 3577 1775 3650 presbyter
1823 3586 1880 3633 et
1929 3576 2163 3637 vicarius

592 3670 946 3727 Orientalium
990 3672 1301 3744 pontiﬁcum
1340 3671 1479 3727 dixit
1518 3670 1694 3739 :Quis
1729 3680 1909 3725 autem
1949 3681 2032 3724 cst
2062 3669 2162 3729 iste

588 3761 831 3833 angelus,
860 3763 963 3819 nisi
992 3763 1082 3819 ille
1109 3763 1175 3819 de
1200 3778 1308 3834 quo
1332 3763 1591 3835 scriptum
1618 3773 1702 3818 est
1729 3782 1742 3817 :
1775 3762 1912 3831 Quia
1940 3762 2162 3833 angelus

588 3851 800 3907 Domini
822 3852 1087 3923 percussit
1104 3861 1320 3908 centum
1342 3852 1613 3923 octoginta
1637 3851 1802 3906 millia
1816 3852 2161 3923 Assyriorum

588 3942 641 3996 in
675 3957 779 3995 una
825 3950 981 3997 nocte
1013 3941 1157 4019 circa
1186 3939 1485 4008 Jerusalem
1532 3941 1800 3998 hostiliter
1828 3941 2112 3997 militantia
2138 3940 2163 3995 ?

587 4032 638 4103 (Ι
659 4030 694 4082 γ
721 4032 850 4102 Reg.
874 4034 1019 4105 xix.)

658 4122 994 4194 Nicephorus
1064 4123 1437 4182 sanctissimus
1514 4125 1797 4198 cpiscopus
1878 4125 2161 4199 Dyrrachii

584 4213 723 4268 dixit
752 4227 767 4266 :
796 4211 904 4270 Sed
924 4213 1185 4285 propitius
1210 4213 1366 4270 nobis
1392 4215 1465 4271 sit
1476 4214 1740 4272 Dominus
1764 4228 1926 4285 super
1952 4213 2162 4269 deiietis

585 4317 708 4375 qua:
750 4304 1101 4375 peccavimus
1140 4302 1556 4378 [patravimus]
1604 4304 1752 4362 circa
1794 4319 1978 4372 sacras
2020 4304 2160 4359 ima-

584 4396 759 4468 gines.

654 4485 958 4560 Gregorius
976 4488 1235 4546 diaconus
1260 4495 1317 4545 et
1341 4488 1583 4545 notarius
1610 4486 1737 4559 legit
1760 4490 1779 4543 ὲ

582 4615 672 4679 Ea:
692 4638 929 4704 sermone
950 4623 1131 4704 sun-eti
1147 4619 1393 4704 Gregorii
1420 4618 1628 4704 gggste,
1656 4619 1832 4704 habite
1856 4617 2157 4704 constanti-

654 4692 848 4775 nepoti,
873 4694 943 4775 de
969 4693 1163 4775 deitaie
1190 4690 1316 4745 Filii
1346 4702 1395 4747 et
1424 4690 1679 4763 Spiritus,
1716 4701 1765 4746 et
1790 4691 1844 4746 in
1871 4691 2157 4759 Abraham,

652 4771 808 4834 cujus
827 4771 1033 4817 initum
1054 4771 1168 4817 est:

652 4892 830 4953 Veluti
897 4895 1157 4969 quiddam
1221 4895 1502 4966 patiuntur
1554 4892 1621 4951 ad
1686 4894 1922 4951 multum
1970 4893 2158 4951 ﬂorida

580 4981 859 5063 prata.‘Et
883 4999 1009 5062 pOst
1033 4988 1138 5044 alia
1174 5002 1188 5042 :
1221 4985 1342 5042 Vidi
1367 5001 1511 5058 saepe
1539 4986 1593 5042 in
1621 4985 1832 5058 pictura
1865 4985 2158 5058 imaginem

584 5078 874 5152 passionis,
900 5087 958 5135 et
998 5095 1104 5135 non
1148 5077 1267 5135 sine
1303 5076 1556 5148 lacrymis
1598 5087 1875 5145 aspectum
1914 5075 2158 5140 transivi,
2218 5074 2223 5077 ’

585 5172 714 5228 dum
759 5173 1034 5230 evidenter
1063 5188 1160 5227 ars
1180 5180 1308 5228 ante
1354 5169 1559 5226 vultum
1604 5167 1823 5225 aﬂ'erret
1854 5166 2159 5225 historiam.

584 5262 852 5320 Caeterum
877 5264 1093 5336 ponitur
1110 5260 1262 5319 Isaae
1280 5262 1423 5334 apud
1444 5261 1620 5333 ipsum
1644 5258 1816 5316 altare
1840 5274 2002 5330 super
2021 5274 2158 5330 genu

583 5352 795 5413 locatus
818 5395 834 5420 ,
886 5363 942 5409 et
968 5354 1159 5426 ligatas
1195 5354 1401 5412 habens
1437 5367 1633 5410 manus
1661 5360 1958 5408 retrorsum
2003 5349 2157 5419 (Gen.

583 5443 746 5517 xxu).
790 5444 863 5499 At
903 5442 993 5499 ille
1028 5443 1332 5500 ascendens
1370 5451 1493 5516 post
1529 5452 1742 5514 tergum
1782 5440 1932 5513 pueri
1962 5439 2159 5497 suifra-

583 5537 713 5609 gine
747 5528 890 5609 [Cm
928 5531 1205 5605 suﬂragini
1235 5531 1479 5607 innixus]
1519 5532 1705 5604 juncta
1741 5530 1990 5605 [vincta],
2031 5531 2163 5587 lana

584 5643 749 5684 manu
780 5641 991 5685 comam
1021 5626 1172 5697 pueri
1211 5626 1279 5682 ad
1327 5641 1387 5683 se
1432 5625 1700 5691 reﬂectit,
1748 5633 1805 5681 et
1849 5624 2163 5681 incurvatur

585 5720 756 5775 vultui
802 5717 1183 5775 miserabiliter
1224 5716 1292 5772 ad
1338 5731 1396 5774 se
1444 5713 1591 5790 [Gr.,
1628 5717 1697 5773 ad
1736 5714 1935 5788 ipsum]
1988 5714 2162 5786 respi-

589 5810 791 5877 cienti,
836 5818 893 5867 et
933 5810 1209 5866 dexteram
1245 5816 1487 5865 armatus
1516 5807 1690 5881 gladio
1720 5809 1787 5864 ad
1835 5805 2161 5863 occisionem

2255 616 2318 672 tit
2343 618 2599 674 divinitus
2623 635 2724 676 vox
2752 619 3046 691 prohibens
3069 632 3223 691 opus.

2324 705 2710 765 Gloriosissimi
2746 709 3019 780 principes
3045 709 3299 769 dixerunt
3331 708 3545 777 :Vlde,
3568 715 3815 783 quomodo

2255 795 2486 854 doluerit
2524 796 2873 871 [jucundatus
2900 797 2998 874 sit]
3022 799 3185 857 Pater
3207 809 3391 858 noster
3415 802 3470 859 in
3497 803 3731 873 pictura,
3751 805 3813 862 its

2253 898 2316 945 ut
2345 899 2401 945 et
2426 889 2836 963 lacrymaretur.
3452 912 3455 917 ’

2325 981 2558 1039 Basilius
2603 984 2977 1041 sanctissimus
3026 984 3314 1058 episcopus
3363 986 3596 1058 Ancyra:
3639 985 3769 1044 dixit
3796 1004 3824 1043 ε’

2255 1072 2525 1129 Multoties
2548 1073 2712 1131 Pater
2736 1074 2868 1147 legit
2905 1076 3217 1142 historiam;
3265 1076 3361 1134 sed
3390 1076 3532 1135 forte
3563 1093 3815 1150 nunquam

2236 1163 2589 1238 iacrymatus
2629 1175 2716 1221 est
2754 1184 2770 1222 :
2802 1174 2859 1221 at
2901 1180 3032 1224 vero
3054 1177 3343 1240 postquam
3373 1169 3645 1241 picturam
3678 1170 3813 1236 vidit,

2256 1255 2585 1327 lacrymatus
2605 1265 2710 1312 est.

2325 1345 2569 1404 Joannes
2605 1350 3099 1407 reverendissimus
3123 1349 3406 1425 presbyter
3430 1358 3490 1408 et
3518 1350 3815 1419 monachus,

2256 1447 2314 1493 et
2338 1438 2573 1495 vicarius
2598 1438 2953 1497 Orientalium
2979 1438 3295 1513 pontiﬁcum
3321 1443 3466 1499 dixit
3494 1462 3510 1499 :
3539 1443 3598 1500 Si
3629 1443 3719 1500 tali
3738 1444 3819 1501 dor

2257 1526 2397 1586 ctori
2425 1532 2631 1603 pictura
2659 1534 2912 1603 praestitit
2934 1534 3224 1590 utilitatem
3247 1544 3302 1591 et
3323 1535 3613 1609 lacrymas,
3639 1542 3825 1607 quanto

2256 1624 2436 1696 potius
2465 1626 2695 1683 indoctis
2724 1635 2781 1683 et
2818 1627 3003 1686 idiotis
3044 1629 3322 1701 praestabit
3366 1630 3821 1702 compunctionetu

2256 1725 2314 1771 et
2341 1717 2629 1774 utilitatem
2642 1718 2671 1775 τ

2322 1806 2527 1877 Sancta
2571 1810 2811 1880 synodus
2836 1810 3015 1867 dixit:
3048 1810 3107 1868 tu
3153 1811 3386 1887 diversis
3428 1812 3571 1870 locis
3611 1811 3827 1870 vidimus

2190 1870 2231 1929 Β
2256 1874 2491 1960 Abrahae
2518 1870 2805 1975 picturam,
2839 1906 2982 1962 sicut
3012 1903 3176 1965 Pater
3196 1907 3296 1967 ait.

2329 1993 2646 2053 Theodorus
2671 1998 3048 2061 sanctissimus
3088 2000 3377 2071 episcopus
3409 2000 3634 2061 Catena
3657 1998 3817 2061 dixit:

2259 2086 2317 2143 Si
2344 2096 2565 2143 sanctus
2590 2087 2883 2159 Gregorius
2905 2090 3137 2162 vigilans
3158 2089 3212 2146 in
3234 2090 3435 2155 divinis
3461 2088 3815 2155 intellectibus.

2256 2176 2487 2232 Abraha'
2518 2177 2742 2234 historia
2773 2179 2913 2247 visa,
2947 2179 3276 2253 lacrymatus
3297 2189 3404 2246 est,
3430 2189 3637 2251 quanto
3672 2179 3827 2252 magis

2259 2268 2472 2340 depicta
2503 2270 2781 2327 inearnata
2811 2264 3142 2343 dispensatio
3170 2271 3370 2331 Christi
3400 2272 3619 2333 Domini
3646 2270 3826 2337 nostri,

2259 2362 2349 2431 qui
2386 2372 2606 2434 propter
2650 2380 2750 2420 nos
2776 2364 2940 2420 homo
2971 2363 3145 2421 factus
3171 2377 3257 2422 est
3277 2406 3294 2433 ,
3339 2365 3592 2425 videntes
3625 2365 3690 2425 ad
3710 2378 3825 2437 pret

2259 2452 2460 2508 fectum
2491 2463 2546 2508 et
2570 2453 2932 2528 lacrymarttm
2961 2453 3276 2513 effusionem
3303 2448 3651 2511 hortabitur?

2331 2547 2592 2603 Tarasins
2617 2549 2994 2605 sanctissimus
3020 2548 3329 2621 patriarcha
3361 2546 3503 2603 dixit
3533 2563 3550 2603 :
3581 2545 3637 2603 Si
3678 2543 3821 2601 vidis-

2261 2652 2443 2694 semus
2487 2637 2701 2695 iconam
2745 2641 3062 2696 cruciﬁxum
3110 2641 3490 2698 ostendentem
3534 2636 3815 2702 Dominum,

2260 2742 2440 2783 nonne
2464 2737 2521 2784 et
2546 2744 2642 2784 nos
2679 2728 3147 2803 lacrymaremur?

2333 2816 2533 2874 Sancta
2586 2809 2836 2891 synodus"
2862 2820 2999 2877 dixit
3035 2838 3050 2875 :
3084 2818 3395 2892 Magniﬁce;
3443 2833 3572 2874 nam
3620 2816 3673 2872 in
3700 2815 3821 2889 ipsa

2262 2907 2468 2981 liquido
2508 2910 2887 2968 consideratur
2929 2909 3250 2967 humiﬂtatis
3296 2908 3567 2968 celsitudo
3600 2905 3709 2974 Dei,
3738 2899 3823 2976 (ιιιὶ

2262 3007 2486 3072 propter
2506 3012 2607 3056 nos
2643 2998 2956 3055 incarnatus
2984 3006 3091 3055 est.

2333 3090 2641 3161 Stephanus
2668 3089 3154 3146 reverendissimus
3198 3088 3462 3146 diaconus
3500 3097 3557 3145 et
3601 3084 3822 3144 notarius

2262 3195 2329 3239 ac
2363 3181 2761 3239 referendarius
2784 3181 2922 3256 legit
2946 3201 2962 3240 :
3504 3184 3509 3187 ’

2186 3244 2233 3311 c
2263 3293 2445 3353 Sancti
2480 3293 2667 3367 συνειίὶ
2704 3294 3052 3367 Alexandrini
3087 3295 3312 3367 episcopi
3334 3335 3351 3361 ,
3398 3310 3469 3367 ea;
3512 3291 3719 3364 epistola
3757 3284 3827 3359 uti

2333 3352 2584 3437 Acacium
2614 3364 3006 3437 Sicythoppleosi
3025 3352 3357 3437 epiicopu'm,
3405 3364 3474 3419 de
3512 3352 3813 3435 αὶιοροιπραεό

2331 3433 2527 3507 [Capro
2561 3433 2878 3509 emissario],
2918 3433 3069 3506 cujus
3092 3433 3300 3490 initiqu
3326 3444 3403 3490 est
3428 3451 3450 3489 ε

2334 3544 2509 3603 Ηίεείε
2539 3564 2681 3603 nime
2718 3564 2748 3601 a
2788 3548 3079 3604 sanctitate
3114 3555 3201 3602 tua
3243 3546 3447 3602 nuntiis
3481 3542 3691 3617 gavisus
3711 3551 3812 3594 sum

2262 3636 2437 3691 valde.
2492 3637 2560 3691 Et
2601 3646 2721 3707 post
2755 3638 2861 3691 alia
2906 3635 3137 3708 plurima
3185 3636 3321 3691 dixit
3361 3656 3374 3690 :
3413 3633 3652 3691 Dicimus
3682 3640 3817 3699 Ws

2208 3730 2218 3743 ’
2262 3727 2404 3798 quozl
2453 3726 2624 3796 ﬁgura
2668 3736 2723 3782 et
2770 3727 2958 3781 uinhra
3005 3735 3125 3781 erat
3170 3725 3277 3789 lex,
3318 3735 3372 3781 et
3407 3723 3565 3796 quasi
3594 3718 3812 3792 quaedam

2260 3821 2474 3891 pictura
2503 3818 2677 3888 posita
2708 3818 2775 3872 ad
2812 3818 3073 3872 visionem
3121 3816 3206 3896 his
3247 3816 3341 3887 qui
3369 3813 3809 3883 conspiciuntres.

2262 3907 2479 3964 Umbrae
2509 3919 2689 3963 autem
2719 3906 2854 3961 artis
2879 3915 3005 3962 sunt
3024 3922 3209 3962 eorum
3237 3905 3329 3974 qui
3358 3905 3583 3975 pingunt
3610 3902 3660 3956 in
3683 3896 3809 3952 tabu-
3908 3930 3923 3943 ο

2261 4000 2349 4065 lis,
2379 3999 2639 4071 principia
2678 4006 3050 4054 exat-attentum
3080 4014 3093 4052 :
3124 3997 3320 4067 quibus
3345 3995 3406 4051 s'r
3423 3991 3813 4064 superinducan-

2261 4098 2351 4146 tur
2378 4089 2616 4146 colorum
2646 4088 2807 4145 liores
2834 4129 2850 4154 ,
2899 4097 3025 4142 tunc
3059 4086 3303 4158 profecto
3347 4086 3572 4156 pictura:
3606 4074 3809 4154 pulchri-

2262 4183 2391 4239 tudo
2418 4182 2664 4239 nitescet.
2717 4182 2783 4236 Et
2815 4189 2942 4254 post
2983 4196 3153 4253 pauca
3191 4195 3206 4234 :
3246 4178 3524 4250 Scriptum
3568 4183 3648 4232 est
3672 4171 3809 4244 igitur

2260 4275 2315 4336 in
2346 4275 2532 4331 mundi
2579 4273 2802 4330 factura:
2833 4273 2972 4329 libro
3003 4290 3019 4329 :
3055 4272 3121 4327 Et
3167 4272 3368 4343 factum
3410 4280 3488 4325 est
3530 4276 3640 4340 post
3676 4259 3809 4319 rem

2258 4366 2392 4432 lucc,
2415 4365 2631 4420 tentavit
2663 4363 2804 4419 Deus
2842 4362 3129 4429 Abraﬂam,
3151 4371 3201 4417 et
3228 4360 3361 4415 dixit
3386 4358 3457 4413 ad
3477 4373 3596 4413 eum
3620 4369 3638 4408 :
3661 4352 3809 4407 Alm-

2259 4457 2402 4521 ham,
2436 4454 2724 4511 Abraham.
2766 4454 2833 4509 At
2864 4453 2953 4509 ille
2992 4452 3257 4523 respondit
3289 4464 3308 4503 :
3342 4450 3563 4505 Adsum.
3606 4444 3686 4498 Ait
3723 4438 3805 4494 ei:

2240 4547 2409 4623 ‘Tolle
2465 4547 2641 4619 ﬁlium
2709 4555 2857 4600 tuum
2941 4544 3265 4614 unigenitum
3291 4581 3309 4606 ,
3377 4555 3532 4609 auem
3616 4530 3770 4601 diligis
3790 4564 3811 4606 ,³

2264 4639 2454 4706 Isaae,
2499 4647 2546 4694 et
2585 4638 2715 4694 vade
2750 4637 2804 4692 in
2842 4647 3036 4693 terram
3090 4633 3331 4698 l’isionis,
3371 4643 3525 4703 atque
3557 4628 3680 4698 oﬁ'er
3708 4634 3808 4679 etttlt

2264 4729 2336 4785 illi
2383 4728 2440 4784 in
2490 4726 2857 4783 holocaustum
2930 4739 3086 4793 super
3144 4738 3307 4778 utrum
3362 4720 3615 4775 montium
3652 4720 3803 4784 ηιειιι

2263 4829 2616 4873 monstravere
2664 4814 2776 4871 tibi.
2835 4813 3012 4885 Igitur
3070 4811 3337 4866 Abraham
3397 4809 3461 4864 de
3520 4812 3661 4861 nocte
3702 4811 3805 4853 eon-

2263 4922 2500 4981 surgeus,
2521 4908 2701 4964 stravit
2723 4908 2931 4962 asinum
2949 4921 3122 4970 suum,
3145 4904 3338 4959 ducens
3358 4915 3530 4957 serum
3549 4891 3806 4963 ἀκούηθ’

2266 5015 2354 5054 nes
2387 5008 2437 5055 et
2466 4994 2625 5053 Isaac
2661 4997 2832 5067 filium
2861 5011 3030 5050 suum.
3080 4993 3314 5065 Cumque
3347 4989 3648 5046 concidisset
3679 4981 3802 5067 liglf

2262 5088 2319 5142 in
2345 5061 2735 5152 holocaustum,
2776 5085 2904 5140 abiit
2949 5084 3018 5137 ad
3065 5061 3238 5139 locum
3276 5096 3429 5153 quem
3452 5061 3802 5151 praecurram

2263 5173 2426 5230 Deus.
2474 5173 2574 5228 Die
2607 5184 2783 5228 autem
2816 5173 3002 5234 tertio.
3031 5169 3239 5225 elevatis
3265 5167 3461 5233 oculis,
3499 5164 3620 5220 cidit
3655 5159 3802 5213 loculi

2262 5262 2466 5334 procul,
2502 5263 2737 5334 diaitq’ue
2761 5262 2829 5316 ad
2859 5276 3048 5331 pueros
3081 5276 3204 5314 suos
3230 5271 3248 5310 :
3280 5257 3581 5328 Exspectate
3604 5250 3681 5305 hic
3701 5254 3801 5300 cum

2263 5353 2449 5419 asino;
2495 5368 2587 5424 ego
2635 5362 2810 5408 autem
2852 5362 2901 5406 et
2943 5366 3074 5422 puer
3113 5348 3239 5404 illuc
3277 5362 3439 5431 usque
3480 5344 3800 5431 ρτορπαξίθξτ

2266 5418 2543 5518 postquam
2574 5418 3018 5507 ‘adoruuerimus,
3063 5430 3488 5495 revertemur‘ad
3527 5446 3630 5488 vos.
3680 5418 3799 5518 Tui“

2266 5508 2470 5608 quoque
2505 5535 2648 5606 ligna
2682 5532 2999 5598 holocausti,
3048 5542 3096 5586 et
3132 5529 3376 5601 imposuit
3405 5540 3554 5597 super
3578 5520 3719 5599 Isaac

2267 5602 2397 5681 lium
2423 5602 2596 5681 suum.
2629 5624 2752 5692 Ipse
2789 5639 2907 5678 vero
2942 5621 3180 5692 portabat
3229 5615 3561 5679 inmanibus
3589 5602 3798 5692 ἕσπεπιθξ

2268 5714 2502 5787 gladium
2542 5682 2694 5785 (Gen.
2731 5711 2887 5781 xxii).
2932 5682 3000 5765 Et
3043 5717 3164 5781 post
3201 5708 3348 5764 alia:
3388 5704 3716 5787 Venerunlw

2269 5782 2439 5861 locum
2496 5782 2649 5876 quem
2689 5801 2982 5859 ostenderat
3029 5800 3076 5856 ei
3124 5796 3291 5866 Deus,
3323 5799 3378 5854 in
3418 5812 3515 5869 quo
3557 5782 3795 5857 adiﬁatﬂ"
