3980 6288
163 407 282 464 27-7

169 517 377 580 altare,
417 521 467 568 et
496 507 883 584 desuperligna
911 505 1220 577 composuit.
1266 499 1497 569 Cumque
1542 496 1750 566 ligasset
1783 497 1828 554 Α

172 607 336 662 Isaac
364 604 536 674 ﬁlium
559 617 713 657 suum
732 583 898 672 [ϐω
924 597 1076 667 pedes
1107 594 1266 664 Isaae
1291 591 1390 660 ﬁlii
1419 589 1522 652 sui';
1542 627 1554 648 ,
1589 583 1759 654 posuit

173 715 295 753 sum
317 715 373 751 ιη
397 694 556 748 σξηινὶ
585 709 741 762 super
767 701 962 745 struem
987 688 1267 758 lignorum,
1295 681 1623 748 extenditque
1650 693 1762 728 ma-
1802 738 1807 748 l

175 803 304 840 num
337 793 386 852 et
416 751 922 854 arripuit-gladium,
971 751 1346 850 ulvimmolaret
1385 769 1554 840 ﬁlium
1586 751 1766 820 διαίτη(

177 849 373 942 and.)
421 848 562 946 Ergo
609 848 918 939 si—quidatn
968 848 1214 919 nostrum
1257 859 1526 915 desiderat
1584 856 1766 908 videre

179 965 453 1033 depictam
482 943 750 1029 intabnla
780 957 1062 1012 historiam
1091 955 1154 1009 de
1181 951 1475 1012 Abraham,
1498 943 1765 1016 quomodo

179 1055 394 1110 scilicet
419 1067 542 1108 eum
575 1049 939 1120 designaverit
965 1047 1140 1118 pictor
1166 1041 1307 1114 [Gr.,
1350 1036 1618 1108 quomodo
1643 1048 1764 1088 cum

181 1144 304 1199 des.
323 1140 524 1214 pictor]
551 1158 564 1195 :
599 1149 908 1208 utrumnam
935 1133 1114 1198 simul,
1146 1149 1212 1186 an
1238 1129 1509 1201 sigillatim
1537 1123 1770 1196 gesserit

181 1249 304 1303 quae
324 1212 408 1302 de
438 1212 528 1286 illo
557 1225 850 1285 dicuntur?
881 1223 1161 1295 Siquidem
1193 1217 1431 1272 nonnulli
1467 1215 1519 1269 in
1551 1212 1654 1267 alia
1685 1221 1769 1264 at—

183 1339 292 1394 que
339 1323 443 1377 alia
493 1320 672 1392 specie
731 1316 960 1372 diversis
1003 1310 1250 1367 eumdem
1300 1307 1431 1361 locis
1477 1295 1770 1372 depingunt

186 1391 332 1484 (Gn,
366 1391 644 1481 Siquidem
675 1408 728 1462 in
755 1406 832 1460 al.
856 1413 1017 1484 atque
1043 1400 1115 1454 aL
1145 1413 1226 1467 sp.
1255 1397 1308 1450 d.
1335 1392 1516 1450 eumd.
1551 1391 1656 1446 loc.
1683 1391 1769 1442 de-

187 1479 489 1578 pinxerit]::
520 1509 706 1571 utputa
735 1479 1021 1570 aliquando
1051 1493 1325 1548 sedentem
1348 1486 1564 1557 quidem
1593 1483 1766 1543 asino,

187 1575 469 1668 assumpto
518 1609 720 1664 puero,
775 1586 1125 1658 sequentibus
1173 1579 1442 1636 famulis:
1485 1572 1771 1644 aliquando

187 1698 368 1744 autem
422 1683 734 1742 remanente
787 1695 974 1734 rursus
1011 1676 1162 1746 asino
1209 1675 1458 1726 deorsmn
1499 1681 1603 1721 una
1647 1678 1769 1717 cum

192 1778 408 1831 famulis
435 1782 749 1829 onerantem
783 1770 948 1831 Isaac,
983 1774 1038 1820 et
1066 1764 1351 1818 habentem
1381 1771 1494 1826 pra:
1523 1753 1771 1809 manibus

850 361 1404 452 msupuermo
1441 379 1690 445 svuom
1732 377 1819 436 vn
1858 371 2262 435 GENERALIS.
2322 398 2392 406 —
2429 335 2630 420 ACTIO
2665 359 2755 415 IV.

3322 352 3426 406 278

1927 487 2260 554 Νἰςοριιοτιιε
2280 476 2651 535 sanctissimus
2673 471 2955 541 episcopus
2968 463 3247 537 Dyrrachii
3261 463 3426 517 dixnt:

1864 575 2120 631 Mirabilis
2148 582 2231 628 est
2257 573 2432 636 imago
2459 575 2512 622 et
2541 561 2896 619 admiratione
2933 555 3432 627 dignissima,.quo-
3486 579 3495 587 -ι

1864 671 2006 725 niam
2037 667 2208 736 potuit
2236 658 2603 718 mulierculam
2647 655 2878 709 liberare
2923 649 2992 704 ab
3026 643 3341 702 exsecrabili
3377 650 3434 698 et

1865 759 2005 828 turpi
2036 755 2369 827 operatione.

1883 842 1885 846 ’
1935 848 2226 919 Gregorius
2273 839 2580 917 [Georgius]
2627 838 2738 893 Deo
2787 832 3034 890 amabilis
3078 830 3338 886 diaconus
3379 831 3438 880 et

1865 941 2110 996 notarius
2140 933 2464 990 venerabilis
2492 927 2806 1001 patriarchii
2835 923 3004 994 legit:

1865 1072 2130 1142 Antipatri
2159 1066 2386 1142 episcopi
2416 1061 2794 1140 Bostrensiurn,
2837 1072 2919 1128 ea:
2947 1065 3180 1108 sermone
3323 1059 3440 1127 mtt-

1937 1114 2126 1224 llie'rem'
2147 1114 2797 1211 quievﬂ'uaumsanguinii
2823 1125 2978 1196 passa
3013 1131 3112 1187 est,
3143 1117 3294 1188 cujus
3338 1114 3444 1169 ini—-

1937 1214 2068 1266 tium
2103 1220 2177 1264 est
2211 1225 2230 1263 :
3444 1211 3448 1214 '

1938 1323 2092 1391 Quod
2113 1321 2261 1392 prior
2280 1317 2496 1390 quidem
2524 1314 2688 1370 fuerit
2711 1311 3016 1368 Judaeorum
3041 1301 3272 1373 vocatio,
3295 1297 3446 1357 Sari.

1868 1428 2025 1490 plura
2055 1415 2257 1470 docuit.
2291 1413 2356 1466 Et
2385 1419 2507 1484 post
2533 1408 2635 1462 alia
2662 1425 2676 1462 :

1941 1507 2066 1562 Haec
2096 1503 2319 1560 salutari
2347 1482 2558 1556 limbria
2589 1495 2980 1566 comprehensa
3009 1486 3224 1544 dicebat
3251 1482 3447 1539 mulier

1868 1614 1989 1668 quae
2024 1595 2225 1664 ﬂuxum
2255 1590 2534 1662 sanguinis
2563 1571 2892 1658 patiebatur,
2931 1590 2992 1636 ut
3031 1592 3212 1648 regem
3242 1586 3450 1630 natura:

1872 1665 2060 1746 tenens
2085 1668 2392 1745 Dominum,
2419 1687 2473 1734 et
2497 1671 2766 1748 passionis
2795 1667 3150 1744 tyrannidem”
3167 1665 3405 1720 edocens
3425 1675 3446 1717 :

1871 1784 2234 1850 pereeptoque
2262 1771 2422 1834 dono,
2464 1775 2699 1847 statuam
2738 1762 2914 1820 erexit
2945 1757 3182 1814 Christo.
3229 1753 3298 1810 Et
3329 1749 3453 1823 qui-

191 1868 429 1938 ῧ¹³ί¹ίί¹¹¹¹
457 1861 692 1920 Simul“
729 1861 925 1942 ig'iem‘
955 1855 1172 1910 mecm“
1201 1863 1256 1906 εί
1284 1844 1686 1942 “libi__e“mt!e“‘
1714 1835 1770 1894 in.
1803 1847 1844 1906 Β
1872 1835 1994 1924 dem
2023 1835 2239 1920 divitias
2267 1862 2321 1916 in
2350 1841 2593 1914 modicos
2627 1853 2978 1926 expenderat,
3009 1847 3106 1905 sed
3139 1844 3453 1903 divitiarum

190 1960 369 2029 specie
400 1958 592 2018 iterum
625 1954 728 2008 alia
757 1939 1184 2020 cumpedientem
1219 1956 1382 2020 super
1411 1939 1555 2010 ligna
1585 1934 1773 2007 [super

193 2050 332 2119 ligna
370 2039 815 2113 adolescentem],
869 2047 922 2093 et
971 2017 1433 2101 armassc'gladio
1476 2028 1781 2086 dexteram,

195 2151 250 2194 ut
278 2154 470 2194 necem
505 2137 722 2200 inferat.
757 2131 864 2187 Sed
894 2145 1000 2184 non
1032 2126 1160 2181 alter
1195 2132 1251 2178 ct
1287 2121 1426 2174 alter
1454 2124 1574 2173 erat
1599 2115 1772 2169 Abra—

195 2233 315 2284 ham
366 2225 597 2282 diversis
641 2224 694 2278 in
738 2221 870 2276 locis
899 2218 1058 2273 aliter
1084 2224 1246 2284 atque
1283 2211 1442 2266 aiiler
1465 2207 1653 2262 visus:
1681 2199 1776 2258 sed

199 2324 334 2376 item
369 2320 488 2390 ipse
515 2317 821 2384 ubicunque
849 2325 1086 2379 semper,
1127 2304 1420 2362 scentulum
1463 2315 1643 2355 rerum
1685 2297 1779 2352 neé

199 2414 528 2481 cessitatem,
561 2407 781 2480 pictoris
807 2414 924 2459 arte
953 2405 1386 2470 reprmsentatus.
1421 2391 1607 2462 Neque
1633 2389 1776 2444 enim

200 2511 312 2558 erat
341 2497 694 2563 cenveniens,
734 2497 840 2552 imo
875 2476 1234 2562 impossibile,
1267 2486 1318 2540 in
1349 2498 1456 2538 uno
1483 2483 1781 2550 eodemque

203 2595 319 2649 loco
348 2589 520 2646 videri
551 2587 732 2642 omnia
770 2598 958 2656 gerere
986 2595 1106 2652 quae
1135 2578 1200 2633 de
1225 2575 1316 2632 illo
1348 2573 1616 2628 dicuntur.

267 2681 658 2740 Constantinus
697 2676 1073 2734 sanctissimus
1117 2671 1401 2744 episcopus
1451 2663 1782 2724 Constantina

205 2767 357 2846 Cypri
391 2773 525 2827 dixit
554 2790 568 2824 :
599 2769 679 2824 En
724 2777 780 2824 et
820 2775 1042 2822 sanctus
1068 2761 1300 2835 Cyrillus
1327 2773 1563 2816 consona
1593 2764 1783 2813 sancto

207 2865 464 2936 Gregorio
499 2861 742 2934 Nysseno
769 2859 924 2914 dicit.

273 2935 499 3011 Cosmas
522 2954 804 3017 diaconus,
836 2947 1085 3006 notarius
1109 2951 1165 3000 et
1192 2938 1534 2999 cubuclesius
1556 2935 1687 3007 legit
1712 2953 1732 2989 :

214 3090 284 3145 De
317 3088 638 3143 carminibus
676 3085 843 3138 sancti
883 3081 1122 3152 Gregorii
1159 3075 1404 3152 theologi,
1449 3088 1514 3128 ea:
1548 3083 1784 3126 sermone

451 3159 516 3213 de
555 3159 738 3212 uirtute
773 3155 970 3218 habito,
991 3149 1157 3219 cuius
1197 3149 1404 3202 initium
1439 3153 1513 3198 est
1544 3158 1564 3197 :

279 3271 446 3330 Deum
472 3268 713 3324 omnium
736 3275 1011 3322 auctorem
1038 3263 1272 3335 primum
1302 3259 1493 3314 invoco
1507 3268 1568 3309 ι..
1583 3251 1652 3308 Et
1674 3260 1792 3323 post.

215 3364 316 3416 alia
339 3379 360 3418 :.

281 3455 390 3510 Nec
419 3453 683 3509 Polemon
709 3468 738 3506 a
770 3465 858 3506 me
885 3450 1103 3506 silentio
1125 3444 1444 3518 praeteribit.

283 3547 496 3603 Etenim
544 3544 862 3602 miraculum
914 3552 998 3598 est
1041 3557 1108 3598 ex
1149 3539 1254 3596 illis
1293 3551 1412 3608 qua:
1445 3531 1642 3605 oppido
1669 3537 1796 3586 sunt

805 3634 1166 3708 [praedicanda
1207 3629 1344 3702 (Gr.,
1373 3623 1684 3699 praedicata)

285 3732 418 3787 Erat
445 3730 665 3798 quidem
697 3728 846 3798 prius
877 3727 977 3781 iste
1007 3739 1113 3778 non
1147 3725 1287 3789 inter
1313 3719 1564 3790 pudicos,

287 3826 353 3881 Et
379 3824 536 3901 valde
563 3823 735 3892 turpis
761 3820 1088 3888 voluptatum
1119 3813 1386 3870 minister.

287 3921 387 3976 Ast
409 3936 535 3976 cum
565 3916 760 3973 all‘ectu
788 3915 914 3971 boni
945 3914 1193 3968 detentus
1217 3914 1382 3968 esset,

291 4008 672 4065 Consiliarium
703 4002 984 4072 inveniens
1012 4009 1151 4072 (non
1185 4007 1362 4058 autem
1411 3991 1586 4048 habeo
1621 3988 1804 4045 dicere

1526 4080 1730 4154 leuem)

295 4197 423 4251 Sive
448 4208 580 4262 ergo
609 4191 908 4262 sapientem
940 4185 1208 4259 aliquem,
1239 4181 1352 4238 sive
1387 4183 1591 4238 semet,
1636 4171 1802 4243 auda-

1193 4274 1332 4348 [cter
1360 4268 1503 4340 (Gn,
1527 4265 1726 4332 subito)

301 4382 536 4436 Tantum
569 4375 822 4448 apparuit
853 4368 1198 4443 passionibus
1227 4361 1498 4433 superior,

305 4471 376 4528 Ut
401 4485 568 4525 unum
598 4445 864 4538 quoddam
891 4475 1085 4534 ponam
1112 4453 1494 4514 miraculorum
1520 4445 1656 4516 ejus.

1877 1954 2093 2012 residua
2115 1951 2308 2008 obtulit
2334 1949 2570 2005 Christo.

1951 2044 2340 2103 Sanctissitnus
2368 2036 2682 2112 patriarcha
2716 2034 2893 2090 dixit:
2929 2031 3120 2100 Itaque
3163 2032 3220 2084 et
3263 2016 3456 2094 imagi-L

1879 2157 2002 2202 nem
2046 2139 2137 2210 qui
2178 2136 2436 2208 depingit,
2487 2133 2598 2188 Deo
2623 2129 2766 2186 illam
2795 2125 2971 2191 oll'ert,
3002 2115 3459 2194 quemadmodum

1880 2243 1937 2292 et
1965 2233 2158 2288 mulier
2184 2237 2440 2286 statuam.
2467 2213 2471 2218 ⁷

1950 2327 2183 2383 Basilius
2229 2307 2600 2380 sanctissimus
2655 2315 2944 2388 cpiscopus
2995 2307 3223 2379 Ancyrze
3271 2302 3465 2360 dixit:

1881 2419 2110 2489 Proprie
2145 2416 2326 2472 dicere
2357 2413 2440 2484 [ut
2468 2406 2686 2481 proprie
2715 2399 2933 2475 dicam],
2965 2398 3138 2470 jubet,
3188 2401 3244 2451 et
3269 2389 3462 2462 recipis

1883 2511 2217 2582 amplissime
2243 2505 2506 2561 facientes
2537 2499 2820 2571 imagines.
3117 2499 3120 2502 '

1954 2605 2194 2659 Thomas
2257 2592 2740 2654 reverendissimus
2795 2584 3092 2643 monachus
3147 2571 3462 2637 monasterii

1884 2695 2206 2760 Chenolacci
2255 2692 2437 2750 dixit:
2469 2688 2690 2744 Librum
2738 2682 2881 2739 beati
2921 2677 3121 2735 Asterii
3165 2673 3364 2738 all'ero,
3406 2675 3468 2726 et

1885 2794 2056 2850 offero
2086 2795 2288 2859 sancta:
2313 2781 2516 2855 synodo
2544 2798 2556 2833 :
2585 2787 2640 2832 et
2669 2785 2728 2830 ut
2750 2771 2973 2844 iubetis.
3189 2845 3192 2848 t
3449 2754 3456 2768 '

1957 2887 2158 2939 Sancta
2195 2876 2432 2949 synodus
2463 2871 2600 2926 dixit
2629 2885 2642 2922 :
2676 2867 2928 2937 Legatur.

1959 2974 2024 3030 Et
2048 2943 2320 3040 accipiens
2349 2959 2738 3020 Constantinus
2769 2955 2880 3010 Deo
2915 2947 3163 3007 amabilis
3206 2943 3466 3001 diaconus

1889 3078 1944 3124 et
1975 3063 2215 3124 notarius
2243 3059 2374 3130 legit
2395 3071 2409 3109 :

1819 3203 1864 3266 C
1895 3197 2045 3255 Beati
2078 3185 2524 3259 Asteriiepiscopi
2552 3172 3089 3266 Amasitugrelatiaain
3124 3163 3480 3238 Euphemiam.

2525 3261 2828 3321 martyrem.

1959 3375 2202 3439 Pridem,
2233 3387 2268 3428 ο
2292 3367 2418 3434 viri,
2449 3361 2866 3424 Demosthenem
2893 3351 3154 3410 habebam
3198 3348 3251 3400 in
3297 3341 3470 3398 maui—

1891 3433 1995 3528 bus
2026 3433 2488 3534 illum'optimum,
2516 3465 2572 3512 et
2598 3447 2974 3509 Demosthenis
2998 3443 3108 3506 illa,
3141 3437 3229 3494 ubi
3257 3433 3474 3492 Escbi-

1897 3579 2020 3620 nem
2053 3527 2256 3614 amaris
2292 3551 2538 3610 immittit
2582 3545 2725 3619 [Gr.,
2755 3536 2988 3612 impetit]
3035 3527 3471 3604 cogitationibus.

1897 3653 2226 3710 Retardatus
2273 3659 2403 3700 vero
2444 3616 2716 3700 sermone,
2758 3643 2814 3688 et
2858 3632 3057 3686 densus
3103 3616 3473 3690 intelligentia,

1899 3747 2134 3817 quietem
2161 3741 2483 3810 deprecatus
2503 3748 2647 3796 sum,
2669 3738 2724 3783 et
2745 3723 3115 3781 ambulacrum
3136 3712 3234 3787 [Gr
3262 3753 3280 3778 ,
3295 3711 3477 3781 quiete

1899 3837 2124 3906 egebant
2167 3841 2223 3885 et
2267 3819 2676 3892 ambulatione],
2713 3831 2822 3888 quo
2857 3811 2991 3868 mihi
3035 3807 3335 3864 solveretur
3379 3813 3480 3870 pu-

1901 3927 2082 3983 sillum
2118 3921 2313 3976 anima:
2342 3915 2494 3972 dolor
2538 3931 2552 3966 :
2599 3889 2653 3966 ei
2701 3905 2996 3980 procedens
3041 3900 3108 3955 de
3147 3889 3478 3952 habitacula.

1905 4014 2200 4089 pauxillum
2239 4025 2362 4065 cum
2392 4005 2536 4062 uotis
2564 4002 2856 4057 comitatus
2882 3995 2938 4048 in
2963 3991 3175 4053 forum,
3227 3985 3374 4039 illinc
3413 3979 3481 4040 ad
3561 4015 3566 4020 -

1906 4111 2000 4166 Dei
2033 4105 2289 4176 templum
2320 4101 2594 4172 profectus
2619 4109 2759 4155 sum,
2798 4098 3052 4146 oraturus
3092 4084 3144 4137 in
3184 4077 3480 4134 vocatione.

1907 4205 2040 4258 Cum
2068 4208 2248 4253 autem
2292 4203 2346 4249 ct
2384 4193 2486 4247 hoc
2523 4179 2867 4245 consecutus,
2905 4181 2956 4234 in
2987 4177 3218 4232 obscuro
3247 4167 3484 4240 porticus

1909 4297 2192 4352 domorum
2223 4287 2554 4348 incederem,
2592 4279 2702 4336 vidi
2739 4277 2848 4332 illic
2878 4275 3140 4344 picturam
3171 4264 3484 4339 quamdam,

1911 4397 1968 4446 et
1992 4403 2078 4442 me
2109 4387 2162 4441 in
2191 4379 2552 4439 summitatem
2585 4371 2722 4428 visio
2749 4369 2870 4424 tulit
2898 4360 3086 4432 recpit]
3113 4377 3126 4414 :
3160 4366 3218 4412 ut
3245 4353 3490 4424 Euphra-

1915 4481 2066 4538 noris
2100 4488 2280 4533 autem
2325 4473 2534 4528 diceres
2576 4479 2699 4520 esse
2747 4456 3078 4530 diligentiam
3117 4447 3354 4509 artiﬁcii,
3405 4440 3490 4497 vel

304 4562 640 4618 Meretricem
673 4559 901 4614 advocat
929 4553 1148 4623 quidam
1178 4536 1806 4642 incontinensjuvenis:
1837 4556 1888 4617 η
1911 4536 2173 4642 ﬁliusque
2205 4565 2418 4622 morum
2456 4569 2734 4619 veterum,
2781 4551 2871 4621 qui
2921 4542 3282 4614 sculptibilem
3325 4537 3491 4593 Juno-

306 4656 434 4722 Quae
457 4669 581 4708 cum
609 4649 760 4720 juxta
787 4655 998 4720 portam
1024 4642 1283 4705 venisset,
1310 4645 1370 4691 ut
1396 4635 1570 4696 aiunt,

305 4747 361 4800 In
393 4760 497 4814 qua
529 4751 645 4798 erat
672 4738 1008 4810 prospiciens
1032 4733 1288 4789 Polemon
1319 4728 1374 4782 in
1404 4727 1558 4780 icona
1585 4739 1600 4777 :

309 4836 457 4890 lianc
483 4849 606 4888 cum
635 4831 861 4885 vidisset
889 4825 1110 4899 (etenim
1137 4831 1254 4879 erat
1284 4814 1538 4884 colenda)

308 4926 454 4981 Abiit
481 4921 792 4984 confestim,
821 4928 876 4974 et
905 4923 1124 4986 aspectu
1157 4917 1430 4981 superata,

315 5014 384 5070 Ut
411 5015 682 5070 viventem
717 5007 1075 5065 verecundam
1104 5003 1402 5072 depictum.

315 5147 542 5202 Basilius
572 5141 945 5199 sanctissimus
971 5137 1253 5208 episcopus
1288 5130 1516 5200 Ancyrae
1544 5122 1678 5180 dixit
1703 5135 1717 5174 :
1752 5119 1813 5174 Et

251 5251 464 5296 sanctus
491 5237 784 5308 Gregorius
809 5214 1092 5302 deiloquus
1113 5229 1274 5284 Pater
1303 5221 1607 5280 mirabilem
1637 5213 1825 5272 rettulit

257 5335 456 5390 iconam
488 5330 812 5386 Polemonis.

321 5425 706 5480 Sanctissimus
731 5415 1037 5490 patriarcha
1063 5410 1236 5468 dixit:
1267 5405 1476 5464 Etenim
1506 5401 1730 5458 castitas
1755 5411 1829 5450 ex.

263 5516 344 5570 illa
373 5523 581 5586 patrata
606 5522 728 5570 est:
760 5510 860 5566 nisi
892 5507 1039 5564 enim
1070 5503 1294 5558 vidisset
1333 5506 1573 5554 scortum
1613 5494 1822 5547 iconam

268 5607 574 5671 Polemonis,
609 5616 948 5678 nequaquam
984 5614 1012 5651 a
1045 5605 1230 5664 stupro
1255 5595 1542 5646 cessasset.

321 5754 357 5822 ,ι
383 5742 436 5796 In
475 5758 579 5796 ms.
621 5737 826 5822 Joyano
851 5734 1029 5822 versio
1057 5732 1110 5786 in
1139 5739 1508 5805 suosquoqne
1534 5735 1722 5776 versus
1749 5717 1827 5773 di-

273 5812 452 5869 stincta
479 5819 583 5878 est,
615 5819 672 5867 ut
687 5803 864 5865 'tnodo
892 5805 1122 5862 edimus.
1277 5803 1281 5805 ’

1916 4679 2039 4720 nem
2069 4662 2121 4714 in
2153 4652 2596 4728 magnitudinem,
2622 4661 2744 4702 cum
2773 4641 2980 4698 modica
3005 4645 3172 4698 esset,
3199 4633 3490 4702 erigentes,

1915 4755 2078 4812 etiam
2127 4717 2341 4805 tabidas
2385 4743 2650 4798 animatas
2690 4731 3053 4806 operabantnr
3087 4725 3232 4798 [Grq
3274 4720 3366 4792 qui
3407 4717 3490 4788 pi-

1899 4857 2087 4904 ctura:
2107 4841 2398 4914 plurimum
2421 4831 2699 4905 dignitatis
2719 4819 3097 4892 conciliarent]
3113 4819 3160 4871 δ.
3186 4814 3316 4870 Veni
3340 4825 3492 4881 ergo,

1920 4939 1966 4994 si
1996 4935 2130 4990 velis
2162 4930 2384 5003 (etenim
2428 4939 2572 4980 nunc
2605 4918 2818 4976 vacatio
2855 4908 3184 4971 narrationis
3217 4906 3322 4974 est)
3353 4902 3496 4958 edis-
3567 4952 3572 4958 .

1925 5041 2103 5085 seram
2149 4998 2245 5079 tibi
2295 5019 2638 5089 scripturam.
2691 5010 2876 5079 Neque
2920 5003 3063 5060 enim
3111 4998 3282 5069 magis
3331 5008 3499 5066 prava

1901 5132 2086 5194 [quam
2113 5115 2376 5186 pictores,
2405 5124 2504 5164 nos
2532 5104 2719 5174 utique
2749 5109 3020 5154 musarum
3050 5090 3201 5162 pueri
3239 5087 3500 5142 habemus

1929 5183 2164 5267 remedia
2195 5198 2558 5278 [pharmaca].
2586 5193 2776 5248 Mulier
2804 5187 3048 5258 quautam
3078 5183 3229 5252 virgo
3260 5191 3412 5234 sacra
3445 5183 3502 5230 et

1930 5305 2265 5370 incorrupta,
2295 5296 2403 5348 Deo
2429 5287 2740 5362 pudicitiam
2773 5295 2994 5342 vovens,
3027 5272 3374 5344 Euphemiam
3404 5281 3503 5320 vo-

1930 5405 2056 5454 cant
2081 5407 2221 5448 cani.
2270 5389 2406 5442 Cum
2455 5389 2635 5436 autem
2674 5385 2933 5447 tyrannus
2958 5365 3264 5436 aliquando
3297 5361 3384 5429 pie
3419 5355 3503 5410 vi-

1932 5483 2582 5556 ventes‘perscquerctur,
2631 5467 2791 5523 nimis
2839 5462 3090 5518 alacriter
3126 5453 3316 5512 mortis
3343 5446 3508 5516 elegit

3102 5550 3113 5556 “
3385 5535 3477 5556 ηΑΙε

1897 5535 2250 5652 ’ραιιίουιιῖιιι
2292 5569 2363 5624 At
2394 5581 2520 5621 vero
2555 5563 2701 5617 cives
2749 5569 2804 5612 et
2848 5550 3334 5609 conununieatores
3383 5535 3510 5594 reli-

2008 5710 2036 5750 b
2077 5702 2388 5770 Anastasius
2429 5689 2854 5770 videtanlegisse
2890 5685 3046 5770 '{lpav
3105 5693 3198 5747 pro
3248 5671 3391 5747 ἦραν.
3441 5665 3512 5724 ‘lu

1940 5789 2047 5839 ms.
2073 5755 2297 5848 doli-ano
2327 5770 2520 5841 legitur
2549 5755 2880 5832 srripti'bilem
2907 5755 3188 5808 leaenas.
