3924 5736
557 427 659 484 279

1671 425 2028 485 ANASTASII
2068 428 2511 488 BIBLIOTHECA
2522 429 2610 488 (ιιι

3678 444 3764 501 ΞΒΟ

553 544 765 616 gionts,
821 556 917 612 pro
961 509 1066 610 qua
1113 540 1281 606 obiit,
1340 547 1522 610 utpote
1566 539 1772 596 virilem
1814 549 1869 596 et
1912 556 2123 597 sacram
2151 563 2197 620 Α
2228 542 2350 596 Mox
2405 559 2533 612 ergo
2583 552 2636 597 et
2682 552 2802 613 post
2848 544 3140 612 modicum,
3189 548 3368 617 ignem:
3409 547 3535 604 alibi
3563 550 3760 610 validum

551 633 812 703 virginem
853 632 1209 696 admirantes,
1243 629 1397 700 juxta
1443 632 1745 686 sacrarium
1797 632 1952 687 theca
2000 647 2127 688 con-

549 733 774 789 structa,
800 733 856 779 et
884 724 1058 794 posito
1086 723 1282 789 loculo,
1314 726 1544 779 honores
1566 723 1614 779 ei
1639 723 2032 790 concelebrant,
2072 732 2127 778 et

549 829 782 868 annuam
820 814 1166 869 festivitatem
1213 812 1574 884 [communem
1613 821 1668 867 et
1692 812 1960 881 publicam
1985 813 2124 868 cele-

550 904 848 976 britatem],
885 920 1080 960 novum
1130 914 1185 960 et
1231 903 1503 974 publicum
1553 903 1814 960 facientes
1860 920 2125 960 commer-

546 994 711 1048 cium.
770 994 910 1064 Ergo
967 993 1057 1048 alii
1110 993 1326 1063 quidem
1395 993 1490 1049 Dei
1555 994 1930 1064 mysteriorum
1981 997 2122 1051 sacri

546 1081 906 1152 disputatores
951 1080 1317 1151 hierophantae
1347 1082 1512 1136 verbo
1556 1097 1770 1152 quoque
1808 1084 2123 1138 memoriam

541 1187 756 1241 seraper
795 1173 1082 1238 honorant,
1107 1183 1161 1227 et
1201 1171 1432 1241 qualiter
1475 1175 1928 1229 consummaverit
1965 1174 2123 1229 snil‘e-

542 1262 732 1317 rentiaa
774 1272 1072 1329 certamen,
1117 1263 1402 1335 diligenter
1445 1278 1540 1319 eos
1581 1265 1670 1334 qui
1723 1264 1883 1318 simul
1905 1266 2117 1330 adsunt,

541 1353 788 1408 edocent.
824 1353 1003 1410 Pictor
1031 1363 1210 1409 autem
1239 1355 1326 1424 pie
1353 1370 1540 1424 agens,
1585 1363 1641 1410 et
1685 1355 1798 1423 ipse
1828 1371 1924 1426 per
1947 1367 2118 1411 artem

539 1457 638 1512 pro
660 1442 863 1499 viribus
891 1452 1060 1498 totam
1103 1445 1386 1500 historiam
1437 1444 1554 1514 ejus
1591 1445 1880 1516 designans
1911 1447 1963 1501 in
2002 1447 2119 1502 sin-

539 1531 696 1598 done,
722 1533 877 1604 juxta
903 1533 1115 1589 thecam
1145 1549 1354 1589 sacram
1402 1535 1579 1606 posuit
1631 1536 1912 1591 visionem.
1947 1535 2120 1592 liabet

540 1629 719 1677 autem
773 1623 849 1678 ita
899 1615 958 1680 se
1006 1623 1136 1679 illud
1165 1625 1800 1692 famabile‘artiﬁcium.
1859 1627 2118 1684 Exceisus

536 1730 699 1786 super
730 1715 980 1772 thronum
1011 1717 1218 1772 stabilis
1245 1727 1328 1773 est
1351 1717 1536 1788 iudex,
1586 1735 1769 1774 amare
1797 1735 1860 1775 ac
1885 1721 2116 1792 maligne

535 1795 820 1880 aspiciens.
845 1807 901 1862 in
939 1807 1222 1879 virginem.
1281 1808 1537 1864 irascitur
1592 1811 1736 1864 enim
1766 1811 1978 1880 quando
2006 1810 2118 1865 vult

2227 633 2406 702 pictor
2437 633 2734 698 succendit,
2767 634 2932 690 rnbeo
2953 635 3132 690 colore
3157 635 3282 691 hinc
3306 645 3362 691 et
3410 638 3763 699 inderutilanti

2227 736 2538 790 corpoream
2585 721 2787 778 faciens
2830 721 3098 779 flammam
3137 741 3151 778 :
3184 725 3486 795 statuitque
3518 726 3570 780 in
3615 731 3764 786 medio

2226 812 2392 878 illam,
2425 828 2614 868 manus
2655 814 2867 882 quidem
2898 817 2965 870 ad
3015 815 3181 870 caelos
3227 818 3640 885 expandentem,
3670 835 3760 876 mo-

2224 902 2434 958 lestiam
2467 916 2594 958 vero
2616 903 2814 957 nullam
2863 905 2915 960 in
2947 903 3084 960 facie
3130 906 3609 972 demonstrantem,
3639 909 3762 966 sedc

2223 991 2497 1048 contrario
2535 993 2879 1062 gaudentem,
2925 993 3177 1062 quoniam
3223 994 3290 1048 ad
3343 994 3698 1064 incorpoream
3720 1005 3764 1051 et

2220 1080 2433 1135 beatam
2471 1081 2635 1134 vitam
2679 1081 2878 1136 abibat.
2948 1081 3123 1152 Usque
3169 1081 3275 1136 huc
3320 1091 3375 1137 et
3409 1083 3583 1152 pictor
3605 1086 3763 1140 statuit

2221 1184 2458 1234 manum,
2493 1179 2547 1224 et
2575 1185 2676 1240 ego
2721 1185 3043 1225 sermonem.
3089 1169 3322 1241 Tempus
3365 1183 3547 1228 autem
3586 1174 3673 1228 tibi
3698 1185 3763 1230 est

2219 1268 2273 1313 et
2293 1275 2436 1325 eam,
2460 1260 2507 1314 si
2537 1261 2788 1327 volneris,
2810 1261 3073 1332 picturam
3103 1262 3384 1330 perﬁcere,
3417 1272 3476 1318 ut
3499 1266 3763 1334 perspicias

2218 1349 2508 1416 subtiliter,
2538 1351 2641 1406 nisi
2686 1349 2753 1423 [si
2803 1350 2933 1424 non]
2988 1353 3211 1407 multum
3257 1361 3380 1424 post
3427 1357 3760 1410 narrationem

2218 1439 2479 1494 venimus.
2955 1477 2968 1492 .
3055 1490 3066 1499 ,

2286 1527 2670 1586 Gloriosissimi
2713 1530 2921 1600 iudices
2956 1531 3244 1589 dixerunt:
3277 1533 3369 1588 Pia
3413 1535 3576 1606 igitur
3596 1543 3673 1590 est
3689 1550 3764 1592 ars

2216 1617 2501 1688 pictorum,
2543 1628 2595 1674 et
2627 1635 2730 1676 non
2778 1630 2836 1675 ut
2878 1636 2998 1676 eam
3043 1623 3259 1691 quidam
3309 1623 3620 1694 insipienter
3645 1625 3762 1678 vitu-

2214 1718 2447 1780 perant:
2507 1711 2620 1782 ipse
2687 1712 2882 1783 quippe
2942 1711 3101 1769 Pater
3158 1714 3421 1784 pictorem
3478 1715 3563 1786 pie
3624 1729 3764 1784 agere

2215 1799 2468 1854 asseruit.

532 1913 624 1954 ars
652 1899 817 1956 etiam
847 1899 901 1953 in
932 1898 1240 1954 inanimatis
1261 1900 1522 1954 materiis.
1562 1879 1791 1954 Adsunt
1814 1910 1992 1954 autem
2023 1915 2113 1955 sa-
2147 1913 2191 1974 η
2287 1890 2671 1946 Commmini”
2729 1892 3100 1949 sanCUSSimUS
3140 1879 3424 1964 θυῖποριίδ
3462 1891 3761 1948 “Munus

532 1988 728 2047 tellites
774 1987 1126 2060 principatus,
1178 1997 1234 2043 et
1279 1988 1476 2044 milites
1520 1988 1700 2043 multi:
1736 2004 1964 2058 quorum
2020 1988 2110 2044 alii

530 2081 747 2150 quidem
793 2088 1263 2136 monumentorum
1309 2079 1669 2150 descriptores
1719 2078 1885 2134 libros
1935 2078 2113 2134 ferunt

528 2182 584 2230 ct
628 2172 902 2232 codicillos
933 2189 948 2226 :
995 2185 1222 2240 quorum
1274 2169 1410 2226 alter
1432 2185 1461 2224 a
1510 2185 1634 2225 cera
1663 2185 1820 2224 manu
1851 2183 2108 2240 suspensa

531 2264 648 2339 [Gn
673 2269 801 2320 add.
832 2261 1110 2338 iracunde]
1137 2260 1333 2336 aspicit
1361 2261 1428 2320 ad
1451 2275 1570 2320 eam
1604 2275 1724 2335 qua:
1743 2260 2109 2336 indicabatur,

527 2368 697 2414 totam
727 2359 993 2425 inclinans
1023 2359 1240 2426 faciem,
1267 2358 1431 2416 veluti
1449 2357 1645 2430 jnbens
1664 2361 1832 2431 magis
1861 2357 2104 2431 [clarius]

525 2448 878 2518 loquendum,
926 2465 995 2505 ne
1039 2449 1292 2505 laborans
1340 2451 1484 2506 circa
1537 2450 1801 2516 auditum,
1851 2451 2105 2505 mendosa

521 2540 730 2595 scribat
767 2556 831 2596 ac
878 2535 1341 2611 reprehensibllia.
1388 2540 1578 2597 Stabat
1624 2551 1802 2598 autem
1848 2543 1998 2612 virgo
2050 2543 2102 2596 in

525 2631 706 2699 aquilo
733 2631 1045 2686 indumento
1079 2647 1144 2688 ac
1171 2642 1318 2687 veste
1346 2632 1736 2702 philosophiam
1772 2633 2098 2704 designans;

523 2729 579 2776 et
608 2730 661 2775 ut
693 2723 864 2776 visum
891 2733 972 2777 est
1001 2723 1221 2793 pictori,
1241 2723 1404 2777 etiam
1434 2724 1582 2778 vultu
1611 2724 1845 2779 urbano:
1876 2733 1934 2778 ut
1974 2738 2103 2779 vero

521 2809 654 2864 mihi
699 2810 942 2877 videtur,
990 2812 1170 2866 anima
1221 2812 1509 2868 virtutibus
1555 2813 1830 2868 decorata.
1893 2813 2103 2868 Ducunt

522 2909 704 2956 autem
733 2902 800 2955 ad
827 2901 1123 2972 principem
1149 2902 1254 2956 duo
1285 2903 1509 2968 milites,
1538 2919 1677 2960 unus
1711 2905 1926 2974 quidem
1955 2904 2098 2960 illam

523 2999 648 3046 ante
674 2992 914 3056 trahens,
941 2992 1077 3047 alter
1101 3003 1280 3048 autem
1311 3003 1434 3064 post
1474 3004 1680 3066 tergum
1711 3011 1910 3066 urgens
1936 2996 2100 3067 virgi-

521 3081 611 3136 nis
662 3089 1017 3150 temperatum
1063 3084 1270 3152 pudore
1310 3094 1473 3154 atque
1514 3087 1816 3140 constantia
1867 3101 2098 3141 morem.

521 3169 734 3226 Etenim
783 3173 959 3226 innuit
999 3174 1214 3244 quidem
1271 3174 1324 3228 in
1365 3185 1583 3241 terram,
1633 3184 1691 3230 ut
1718 3175 2041 3232 erubescens
2068 3192 2099 3232 a

2215 1979 2376 2053 Cypri
2425 1982 2601 2036 dixit:
2666 1981 2772 2038 Sed
2829 1992 2884 2038 et
2932 1997 3144 2040 sacrum
3198 1983 3325 2038 illud
3381 1994 3757 2038 monumentum

2213 2073 2462 2143 appellat.
2516 2072 2582 2127 Et
2641 2072 2918 2143 theologus
2965 2072 3323 2128 venerabilem
3367 2073 3668 2141 imaginem,
3713 2082 3756 2126 et

2209 2164 2628 2235 Chrysostomns
2676 2175 2916 2220 sanctam
2941 2164 3204 2235 appellat;
3251 2173 3306 2218 at
3347 2179 3476 2219 vero
3509 2164 3660 2218 Pater
3680 2164 3758 2233 qui

2209 2252 2381 2314 lectus
2409 2263 2512 2324 est,
2554 2269 2790 2316 sacram.
2836 2254 2902 2314 Et
2928 2255 3053 2330 quid
3095 2254 3318 2312 ulterius
3347 2255 3416 2313 ad
3463 2256 3578 2314 ha-c
3604 2264 3754 2330 [mest

2207 2352 2402 2424 aliqnis
2430 2353 2847 2409 contradicere?

2277 2435 2591 2500 Theodorus
2658 2444 3031 2499 sanctissimus
3098 2445 3380 2515 episcopus
3456 2442 3756 2514 Myrensium

2205 2536 2370 2592 dixit:
2420 2537 2717 2591 Audientes
2765 2536 3000 2590 universi
3050 2545 3261 2606 patrum
3309 2545 3613 2590 nostrorum
3652 2549 3751 2588 ma-

2203 2627 2458 2700 gisteria,
2511 2628 2820 2699 compuncti
2881 2643 3068 2684 sumus
3123 2628 3324 2693 anima,
3376 2638 3432 2682 et
3480 2627 3752 2697 praeteritos

2203 2734 2374 2774 annos
2406 2718 2684 2774 dellenius.
2739 2717 2844 2774 Sed
2883 2719 3084 2789 gratias
3106 2719 3313 2790 agimus
3359 2717 3491 2783 Deo,
3527 2717 3642 2788 quia
3672 2731 3752 2786 per

2202 2810 2474 2865 doctrinas
2506 2819 2719 2880 patrum
2749 2820 3052 2866 nostrorum
3084 2810 3328 2865 venimus
3355 2810 3421 2865 ad
3447 2809 3754 2879 agnitionem.

2201 2901 2467 2956 veritatis.

2271 2992 2605 3048 Theodosius
2638 2993 3012 3048 sanctiSsimus
3038 2993 3321 3064 episcopus
3352 2990 3557 3046 Amorii
3593 2988 3745 3045 dixit:

2201 3080 2577 3138 Sacratissime
2603 3092 2657 3138 et
2684 3083 2798 3138 Deo
2822 3083 3149 3140 honorabilis
3180 3083 3414 3149 domine,
3445 3097 3544 3137 nos
3577 3091 3628 3137 et
3654 3088 3744 3136 tota

2199 3183 2386 3228 sancta
2424 3174 2658 3244 synodus
2685 3176 2965 3231 audientes
2991 3185 3298 3232 sanctorum
3325 3185 3536 3245 patrum
3562 3183 3747 3228 nostro-

520 3260 756 3316 vultibus
778 3262 1026 3316 marium.
1057 3263 1246 3317 Stabat
1268 3272 1446 3318 autem
1472 3280 1808 3335 nequaquam
1828 3266 2088 3335 perculsa,
2121 3267 2166 3330 C
2199 3279 2317 3320 rum
2366 3267 2675 3338 magisteria
2721 3269 2786 3322 de
2820 3268 2990 3324 sacris
3018 3269 3357 3340 imaginibus,
3403 3267 3677 3329 credimus,
3699 3273 3747 3319 et

518 3351 763 3426 nihiiqne
794 3372 949 3427 passa
979 3372 1148 3426 penes
1175 3374 1397 3429 agonem
1443 3360 1738 3415 timendum
1778 3360 2090 3435 [timidum].

519 3444 759 3516 Cumque
785 3460 888 3516 ego
907 3446 1042 3502 alios
1064 3448 1278 3502 interim
1300 3449 1574 3505 laudarem
1602 3452 1854 3521 pictores,
1880 3453 2094 3522 quando

515 3535 743 3591 intuitus
791 3551 910 3592 sum
965 3537 1109 3592 illius
1161 3539 1398 3596 mulieris
1429 3540 1698 3598 Colchidis
1742 3557 1917 3613 opus:
1973 3559 2092 3614 qua;

518 3623 646 3679 ﬁliis
671 3640 792 3680 cum
820 3636 962 3680 esset
987 3627 1216 3697 gladium
1253 3629 1488 3696 illatura,
1536 3631 1906 3688 misericordia
1939 3644 1994 3688 et
2018 3633 2093 3688 fu-

519 3729 642 3768 rere
695 3716 882 3770 dividit
916 3718 1127 3772 faciem.
1166 3719 1232 3772 Et
1277 3736 1414 3774 unus
1441 3722 1656 3790 quidem
1689 3723 1964 3779 oculorum
2009 3724 2092 3780 in-

517 3803 698 3859 sinuat
728 3805 885 3871 iram,
929 3806 1066 3861 alter
1109 3824 1236 3863 vero
1269 3819 1493 3865 matrem
1534 3813 1732 3867 indicat
1778 3824 2087 3882 parcentem

519 3902 573 3950 et
598 3901 938 3951 trementem.
974 3896 1127 3953 Nunc
1151 3909 1330 3953 autem
1361 3901 1676 3955 miraculum
1722 3903 1790 3957 ab
1812 3903 1899 3958 illa
1937 3906 2084 3975 cogi-

517 3984 720 4038 tatione
772 3985 838 4039 ad
879 3985 1020 4042 hanc
1064 3990 1388 4044 commutavi
1420 3993 1779 4060 scripturam:
1832 4003 1887 4047 et
1919 3996 2084 4050 vehe-

515 4084 728 4130 menter
757 4076 995 4132 admiror
1035 4079 1321 4146 artiiiccm,
1377 4083 1629 4152 quoniam
1677 4085 1847 4156 magis
1874 4087 2090 4142 miscuit

514 4165 754 4220 colorum
781 4181 1013 4235 morem,
1039 4177 1094 4223 et
1117 4171 1472 4226 reverentiam
1500 4173 1659 4228 simul
1689 4185 1742 4229 et
1774 4175 2083 4233 virilitatem

514 4267 846 4327 temperans,
900 4259 1208 4318 aﬂ‘ectiones
1259 4277 1358 4332 per
1408 4273 1655 4320 naturam
1705 4278 2082 4339 repugnantes.

514 4347 845 4406 Procedente
883 4367 1010 4408 vero
1044 4354 1282 4409 anterius
1310 4355 1633 4423 imitatione,
1660 4360 1944 4416 carnifices
1967 4363 2085 4432 qui-

513 4443 634 4496 dam
671 4441 723 4496 in
769 4444 965 4499 tunicis
993 4445 1174 4514 parvis
1212 4446 1339 4502 nudi
1361 4445 1472 4515 jam
1521 4449 1804 4504 veniebant
1829 4451 1896 4505 ab
1922 4469 2083 4522 opere

513 4530 644 4602 [jam
675 4534 1124 4604 aggrediebantur
1145 4536 1328 4608 opus].
1375 4537 1441 4592 Et
1493 4538 1710 4608 quidam
1748 4543 2081 4613 apprehenso

2196 3355 2536 3422 confitemur,
2594 3365 2650 3412 et
2686 3371 2870 3413 sacras
2909 3367 2962 3412 et
2996 3368 3210 3414 sanctas
3241 3373 3336 3414 eas
3379 3372 3659 3413 vocamus:
3699 3363 3742 3408 et

2194 3445 2285 3515 qui
2313 3446 2384 3500 ita
2412 3463 2518 3501 non
2543 3447 2765 3514 dixerit,
2793 3450 2863 3503 sit
2885 3450 3193 3504 anathema.

2265 3536 2464 3593 Sancta
2493 3539 2731 3610 synodus
2757 3539 2926 3596 dixit:
2953 3539 3037 3595 Sit
3062 3541 3348 3596 anathema
3372 3541 3389 3594 l

2263 3624 2598 3700 Nicephbrus
2611 3631 2984 3687 sanctissimus
2997 3632 3280 3702 episcopus
3302 3633 3577 3702 Dyrrachii
3596 3630 3739 3686 dixit:

2193 3719 2417 3791 Semper
2465 3722 2638 3776 bonus
2665 3724 2839 3792 pictor
2865 3738 2962 3792 per
2991 3734 3161 3779 artem
3191 3737 3278 3780 res
3302 3725 3540 3790 exhibet,
3575 3737 3738 3793 quem-

2191 3812 2475 3866 admodum
2494 3823 2559 3868 .et
2610 3814 2656 3868 is
2707 3813 2801 3883 qui
2847 3815 3099 3885 martyris
3140 3813 3450 3885 Euphemiae
3483 3815 3738 3884 imaginem

2190 3906 2523 3976 designavit:
2575 3915 2794 3976 propter
2835 3907 2979 3976 quod
3009 3915 3067 3963 et
3099 3907 3153 3962 in
3199 3907 3284 3963 his
3324 3907 3512 3963 doctor
3543 3907 3738 3977 Pictum

2189 4007 2359 4052 artem
2389 3998 2680 4052 collaudat.

2258 4088 2642 4144 Constantinus
2688 4087 3061 4144 sanctissimus
3107 4089 3390 4161 episeOpus
3436 4088 3736 4146 Constantia:

2187 4181 2350 4253 Cypri
2387 4183 2524 4237 dixit
2575 4199 2587 4234 :
2625 4180 2821 4252 Utique
2868 4182 3135 4238 dicendo:
3187 4183 3495 4238 Laudabam
3545 4181 3734 4252 quidem

2185 4289 2287 4344 ego
2313 4273 2562 4344 primitus
2601 4289 2718 4343 qua:
2747 4283 2900 4328 erant
2939 4273 3233 4340 Colchidis,
3279 4289 3450 4345 usque
3487 4275 3606 4330 dum
3630 4269 3730 4326 veni

2186 4368 2254 4423 ad
2283 4369 2571 4439 imaginem
2611 4369 2884 4440 martyris.

2256 4457 2454 4512 Sancta
2492 4459 2728 4530 synodus
2762 4459 2935 4514 dixit:
2968 4457 3036 4514 Et
3083 4459 3197 4516 haec
3243 4459 3647 4532 contemplatus,
3686 4464 3731 4512 et

2186 4551 2488 4620 perculsus.

509 4624 726 4693 quidem
777 4625 971 4694 capite,
1037 4624 1302 4682 inclinans
1349 4637 1470 4697 post
1533 4637 1758 4699 tergum,
1808 4632 2081 4700 praebebat
2110 4617 2158 4676 ί)
2188 4617 2202 4620 ’
2254 4639 2483 4694 Basilius
2505 4639 2875 4696 sanctissimus
2913 4641 3197 4712 episcopus
3225 4647 3452 4716 Ancyrae
3485 4644 3646 4699 dixit:
3674 4640 3730 4694 Et

509 4716 662 4771 alteri
689 4727 1042 4787 prmparatam
1074 4719 1141 4772 ad
1171 4718 1488 4788 supplicium
1533 4721 1760 4792 virginis
1793 4737 2078 4792 personam

512 4806 792 4880 [faciem]:
852 4807 1069 4877 quidam
1120 4823 1248 4863 vero
1307 4819 1488 4864 asutns
1542 4813 1811 4868 incidebat
1859 4815 2077 4871 dentes:

510 4899 743 4954 malleus
767 4907 944 4952 autem
981 4906 1035 4950 et
1063 4899 1270 4952 terebra
1302 4899 1546 4968 supplicii
1567 4917 1768 4972 organa
1797 4916 2076 4973 apparent.

510 4989 778 5044 l’rzcterca
817 4988 1086 5057 lacrymor
1136 4987 1280 5053 hinc,
1327 4997 1382 5040 et
1408 4988 1538 5042 mihi
1582 4991 1760 5058 passio
1809 4991 2082 5046 intercidit

509 5095 816 5136 sermonem
842 5096 856 5131 :
905 5078 1180 5146 sanguinis
1213 5077 1355 5130 enim
1385 5086 1563 5147 guttas
1583 5081 1661 5134 sic
1687 5081 1960 5136 evidenter
1989 5097 2076 5136 su-

508 5167 866 5240 pereoloravit
913 5167 1108 5234 pictor,
1158 5167 1448 5220 utdiceres
1497 5169 1595 5222 has
1623 5168 1765 5222 labia
1815 5171 2078 5226 veraciter

511 5260 824 5321 distillasse,
867 5267 922 5312 et
962 5258 1282 5312 lamentatus
1323 5259 1521 5313 abires.
1561 5259 1646 5312 Ad
1695 5259 1906 5314 vincula
1956 5272 2078 5330 post

515 5353 660 5415 haec,
679 5358 735 5404 et
762 5348 956 5402 iterum
999 5348 1148 5416 virgo
1174 5350 1495 5405 venerabilis
1534 5350 1587 5404 in
1629 5349 1787 5406 fulvis
1813 5352 2074 5418 vestibus,

510 5441 605 5495 sed
625 5448 682 5494 et
718 5437 832 5492 sola
860 5437 1153 5490 extendens
1184 5453 1374 5494 manus
1401 5440 1454 5494 in
1479 5439 1696 5504 coelum,
1736 5448 1791 5493 et
1823 5439 2078 5496 invocans

514 5532 680 5586 Deum
710 5535 1112 5598 procuratorem
1143 5530 1281 5585 inter
1321 5535 1546 5589 atrocia.
1573 5534 1670 5590 Cui
1709 5535 1886 5589 oranti
1917 5551 2076 5604 appa-

512 5629 598 5674 ret
620 5635 781 5672 suuer
811 5625 965 5668 cannt
996 5618 1217 5664 signum.
1255 5623 1394 5661 nnml
1436 5640 1573 5660 ...ιηη
1598 5625 1677 5658 ιη,
1716 5634 1795 5667 ρει
1817 5624 2076 5676 nllrislia,

2182 4727 2342 4782 Pater
2364 4729 2453 4797 qui
2479 4729 2649 4784 lectus
2670 4739 2778 4794 est,
2805 4743 2867 4784 ea
2897 4745 3086 4799 passus
3107 4742 3209 4796 est,
3240 4747 3360 4801 qua:
3385 4731 3728 4786 sanctissimus

2181 4819 2473 4890 Gregorius
2499 4818 2847 4893 [Nyssenuslz
2882 4822 3042 4878 ambo
3070 4823 3215 4878 enim
3244 4824 3296 4878 in
3327 4824 3641 4895 imaginibus
3658 4821 3724 4874 la-

2180 4909 2406 4978 cryntati
2443 4918 2587 4964 sunt.

2253 4997 2508 5052 Tarasius
2543 4999 2914 5055 sanctissimus
2955 5003 3262 5072 patriarcha
3295 5004 3430 5060 dixit
3460 5023 3474 5059 :
3505 5000 3725 5070 Pmipit

2180 5087 2360 5154 Pater,
2387 5099 2440 5144 et
2475 5089 2746 5144 licentiam
2789 5092 2958 5146 datin
2993 5093 3098 5147 fnte
3127 5095 3390 5150 sermonis
3429 5095 3616 5152 volenti
3643 5096 3721 5149 de—

2179 5179 2399 5248 pingere
2459 5189 2787 5234 certatorum
2854 5190 3150 5253 martyrum
3209 5187 3604 5250 narrationem;
3661 5185 3723 5238 ait

2178 5269 2319 5322 enim
2349 5284 2362 5322 :
2391 5269 2624 5340 Tempus
2675 5280 2851 5325 autem
2893 5272 2988 5327 tibi
3036 5282 3139 5338 est,
3188 5283 3243 5329 et
3286 5288 3403 5330 eam
3433 5278 3479 5332 si
3518 5274 3722 5331 volueris

2182 5360 2440 5427 picturam
2496 5360 2791 5430 perlicere:
2849 5372 2908 5416 ut
2953 5365 3250 5432 perspicias
3295 5366 3584 5434 subtiliter,
3632 5363 3719 5420 nisi

2181 5446 2404 5501 multum
2433 5459 2554 5517 post
2579 5451 2940 5508 narrationem
2977 5455 3240 5510 venimus.

2251 5535 2484 5592 Joannes
2507 5539 2615 5592 Deo
2643 5541 2887 5596 amabilis
2908 5545 3202 5616 presbyter,
3229 5555 3284 5600 et
3309 5546 3480 5602 locum
3511 5548 3717 5602 retinens

2184 5629 2596 5683 auostolicarnm
2626 5630 2832 5680 sedium
2859 5632 3112 5684 Orientis-
3162 5637 3332 5691 dixit:
3367 5637 3546 5692 Itaque
3569 5635 3717 5691 main!
