3924 5412
149 445 235 502 231
793 438 1344 496 INTEllPRETATIO
1381 437 1628 493 SY'NODI
1671 437 1755 491 VII
1815 433 2218 492 CENEllALIS.
2244 462 2315 473 —
2343 429 2543 487 ACTIO
2583 429 2668 484 IV.

3231 419 3337 477 28‘!

207 552 567 610 Constantinus
619 551 986 606 sanctissimus
1038 551 1320 620 cpiscopus
1356 547 1680 601 Constantia:
1709 553 1756 609 Α
1783 559 1950 613 pauca
1983 562 1994 596 :
2027 543 2119 598 Eia
2149 558 2291 597 nunc
2319 552 2372 597 et
2394 557 2457 597 ea
2491 557 2610 611 qua:
2656 537 2791 609 apud
2838 533 3121 592 Caesariani
3172 532 3335 588 Palma

149 644 284 716 Cypri
310 644 470 699 dixit:
507 641 563 696 Si
596 642 796 696 sanctis
839 641 969 695 viris
1015 640 1171 695 talem
1215 639 1678 709 compunctionem

150 736 364 790 fecerunt
386 743 552 788 sacra:
579 733 860 803 imagines,
891 741 1090 802 quanto
1117 733 1288 802 magis
1319 731 1511 785 nobis?

207 824 497 879 Theodorus
573 824 942 879 sanctissimus
1009 823 1289 893 episc0pus
1357 821 1678 893 Myrensinm

148 914 292 970 dixit:
324 913 568 968 Patribus
609 913 809 968 nostris
852 912 974 966 talia
1014 913 1332 978 dicentibus,
1365 928 1466 966 non
1510 912 1679 966 habe-

148 1021 248 1060 mus
273 1005 404 1075 quod
434 1005 696 1059 dicamus.

202 1093 417 1149 Joannes
454 1094 565 1150 Deo
593 1094 832 1150 amabilis
856 1095 1137 1165 presbyter
1161 1103 1215 1148 et
1239 1079 1412 1148 locum
1445 1093 1681 1148 retinens

148 1184 530 1255 apostolicarum
559 1185 765 1240 sedium
817 1184 1070 1249 Orientis,
1117 1183 1291 1238 dixit:
1347 1183 1461 1237 Non
1491 1185 1682 1237 adver-

148 1284 309 1328 santur
327 1275 562 1343 pictores
609 1273 922 1344 Scripturis,
962 1274 1056 1329 sed
1105 1273 1363 1342 quidquid
1404 1274 1681 1343 Scriptura

147 1363 275 1426 dicit,
302 1363 349 1416 id
378 1363 783 1428 demonstrant;
823 1363 896 1418 ita
922 1370 981 1418 ut
1031 1371 1332 1418 assertores
1365 1363 1474 1418 sint
1495 1377 1681 1417 eorum

145 1463 244 1520 qua:
267 1453 458 1520 scripta
496 1461 640 1506 sunt.

201 1534 516 1590 Theodosius
536 1535 905 1590 sanctissimus
932 1535 1214 1614 episcopus
1243 1535 1444 1590 Amorii
1495 1535 1631 1590 dixit
1666 1553 1680 1589 :

144 1623 334 1678 Divinus
357 1625 650 1694 Apostolus
669 1624 858 1679 edocet
877 1624 1064 1679 dicens
1091 1642 1103 1677 :
1139 1623 1468 1694 Qua’cunque
1490 1625 1681 1694 scripta

144 1728 261 1783 sunt,
285 1720 350 1772 ad
381 1728 613 1773 nostram
639 1719 928 1772 doctrinam
959 1718 1150 1787 scripta
1179 1725 1299 1770 sunt
1357 1713 1534 1785 (Rom.
1566 1717 1679 1785 xv).

142 1809 251 1880 Ipsa:
273 1811 449 1880 itaque
479 1818 678 1865 sancta:
712 1818 871 1879 atque
910 1809 1148 1864 colendze
1192 1807 1452 1877 imagines
1500 1815 1554 1862 et
1603 1807 1682 1874 pi-

1779 633 1930 687 stium
1955 647 1984 685 a
2017 641 2200 686 sancto
2229 631 2366 684 facta
2394 638 2540 692 sunt,
2569 627 2859 682 secundum
2905 622 3044 692 quod
3089 620 3342 690 possibile

1779 721 1961 786 fuerit,
2023 736 2358 776 enarremus.
2424 719 2560 773 Cum
2612 715 3092 786 appropinquasset
3143 717 3344 764 saneta:

1779 811 1984 866 civitati
2013 810 2212 864 almum
2247 809 2494 872 cadaver,
2519 814 2700 860 notum
2732 804 2929 857 factum
2962 801 3224 854 universae
3267 796 3342 851 ei-

1779 901 1952 962 vitati,
1975 909 2030 952 et
2057 898 2236 952 lmtitia
2259 911 2452 965 magna
2494 893 2676 965 repleti
2708 900 2833 947 sunt
2858 903 3064 946 omnes.
3113 887 3180 942 Et
3225 900 3342 940 sur-

1779 999 1984 1061 gentes,
2001 1003 2260 1056 sacraque
2287 987 2426 1056 ligna
2453 985 2812 1054 percutientes
2833 994 2856 1022 ο
2885 983 3341 1050 congregaverant

1780 1079 2094 1146 semetipsos
2115 1077 2167 1130 in
2196 1073 2654 1130 venerabilissimo
2687 1070 2883 1140 templo
2915 1069 3004 1122 Dei
3033 1063 3344 1126 Genitricis,

1780 1168 1922 1239 quod
1943 1167 2140 1222 dicitur
2162 1163 2341 1219 Novae.
2374 1147 2440 1216 Et
2463 1161 2654 1216 deinde
2682 1175 2802 1214 cum
2832 1157 3083 1212 crucibus
3127 1163 3182 1208 et
3224 1152 3348 1205 lita-

1781 1257 1870 1311 nia
1896 1256 2105 1311 obviam
2142 1261 2407 1307 venerunt
2451 1259 2638 1305 saneto
2677 1248 2902 1317 lipsano,
2934 1259 3052 1299 cum
3083 1240 3346 1313 gloriﬁca-

1783 1348 1928 1402 tione
1966 1344 2258 1416 gaudentes
2278 1351 2331 1398 et
2359 1340 2723 1396 exsultantes:
2753 1347 2808 1391 et
2837 1336 2988 1405 quasi
3011 1326 3347 1391 rellorentes.

1782 1435 1891 1492 imo
1924 1436 2148 1491 recreati
2185 1436 2238 1489 in
2270 1431 2554 1505 praesentia
2579 1430 2833 1501 martyris
2859 1444 2887 1480 a
2921 1425 3191 1497 paucitate
3223 1421 3346 1476 lidei

1782 1544 1900 1598 qua:
1931 1537 2049 1582 erat
2075 1527 2128 1580 in
2159 1525 2283 1590 illis,
2306 1534 2360 1579 et
2385 1525 2612 1577 aliarum
2653 1521 3010 1590 nequitiarnm
3057 1513 3348 1570 mortiﬁca-

1783 1617 1946 1678 tione,
1974 1629 2217 1683 magnam
2253 1619 2576 1681 acceperunt
2594 1609 3032 1663 consolationem.
3057 1602 3351 1660 Orantibus

1783 1715 1958 1760 autem
1981 1705 2106 1769 illis,
2136 1711 2191 1758 et
2214 1700 2673 1761 deosculantibus,
2698 1707 2754 1751 et
2789 1712 2848 1751 se
2890 1696 3031 1750 circa
3072 1691 3333 1748 tumulum

1781 1795 2162 1856 volutantibus,
2189 1800 2351 1860 atque
2381 1790 2617 1846 debitum
2639 1788 2916 1858 praemium
2947 1796 3351 1853 recompensan-

142 1913 302 1968 ctum,
335 1913 440 1958 tam
469 1918 585 1974 quae
617 1905 668 1958 in
695 1902 936 1966 musivis,
960 1916 1120 1971 quam
1159 1915 1279 1969 qua:
1308 1874 1375 1953 vin
1422 1898 1680 1952 materiali
1712 1890 1757 1949 Β
1786 1886 1927 1942 libus
1949 1884 2156 1953 “95300
2189 1897 2252 1936 ³ο
2282 1879 2552 1935 memoria
2575 1879 2742 1934 8³¹⁸οιί
2782 1876 2960 1944 huius.
2987 1874 3176 1942 mulier
3205 1887 3350 1942 (μηδ’

142 1994 405 2064 scriptione
429 1994 585 2058 ﬁunt,
609 1995 674 2047 ad
699 2002 935 2048 nostram
967 1990 1106 2064 [Gr.,
1122 2000 1178 2046 et
1199 1989 1503 2044 materiales
1527 1987 1686 2042 επον-

142 2086 397 2149 mationes,
426 2093 586 2153 atque
615 2085 816 2138 musiva
835 2123 848 2147 ,
872 2085 937 2137 ad
968 2079 1228 2152 nostram]
1278 2081 1575 2135 doctrinam
1631 2087 1685 2133 et

141 2175 506 2228 aemulationem
536 2184 590 2228 et
615 2174 840 2227 fortnam
866 2179 1010 2235 sunt,
1032 2179 1088 2226 et
1114 2171 1326 2239 scripta:
1347 2167 1678 2232 consistunt;

143 2271 190 2313 ut
216 2272 258 2315 et
283 2278 381 2316 nos
407 2263 650 2317 eamdem
691 2262 916 2316 formam
955 2269 1010 2316 et
1054 2275 1280 2330 agonem
1337 2259 1684 2314 ostendamus

145 2353 264 2405 circa
334 2354 497 2410 Donm
555 2369 572 2405 :
643 2361 906 2421 quatenus
960 2361 1015 2407 et
1059 2366 1154 2406 nos
1215 2365 1428 2420 quoque
1493 2349 1683 2420 dignos

142 2443 352 2497 statione
393 2459 456 2498 ac
496 2442 742 2514 portione
788 2443 1046 2513 ipsorum,
1076 2450 1130 2500 et
1173 2439 1479 2497 coheredes
1522 2439 1686 2494 faciat

142 2531 268 2598 regni
295 2532 397 2586 sui.
1423 2547 1425 2550 ⁴
1525 2543 1528 2546 ’

196 2621 494 2678 Theodorus
522 2623 898 2680 sanctissimus
926 2623 1209 2694 episcopus
1235 2622 1453 2677 Cataum
1500 2621 1633 2677 dixit
1664 2638 1678 2675 :

140 2708 311 2766 Beatus
335 2722 386 2766 et
408 2711 577 2767 deifer
598 2715 784 2768 doctor
825 2713 1089 2774 Asterius,
1114 2716 1257 2766 sicut
1295 2711 1445 2766 stella
1492 2709 1682 2766 claris-

140 2799 270 2864 sima,
295 2801 530 2856 omnium
574 2813 816 2858 nostrum
847 2804 1005 2858 corda
1029 2803 1336 2857 illustravit.
1362 2802 1549 2870 Itaque
1573 2816 1678 2854 non

140 2900 266 2944 extra
291 2895 728 2964 consequentiam
753 2896 1015 2951 catholica
1043 2895 1281 2949 Ecclesia
1324 2894 1562 2962 suscepit
1596 2907 1681 2946 sa-

139 2994 240 3034 cras
265 2991 319 3036 et
346 2985 677 3040 venerabiles
706 2987 908 3051 iconas,
937 2986 1030 3042 sed
1075 2996 1196 3055 apte
1243 2995 1548 3041 sanctorum
1594 2999 1682 3054 pa‘

139 3079 258 3125 tmm
283 3083 588 3131 nostrorum
618 3077 890 3133 doctrinas
919 3087 1122 3133 secuta.

195 3161 468 3233 Gregorius
497 3167 607 3220 Deo
631 3167 878 3223 amabilis
926 3167 1186 3223 diaconus
1231 3175 1430 3222 sancta:
1474 3179 1680 3236 magnae

139 3247 364 3308 Ewlesiae
388 3252 734 3310 laudabilium
758 3256 1128 3327 Apostolorum
1157 3256 1283 3327 legit
1309 3274 1322 3309 :

141 3391 205 3448 De
228 3397 468 3466 martyrio
496 3398 665 3450 sancti
683 3396 960 3478 Anastasii
985 3398 1229 3468 martyris
1273 3390 1470 3460 Persae,
1527 3411 1680 3461 cujus

738 3477 942 3520 ιηιιιωη
963 3477 1037 3520 εει
1059 3480 1078 3518 .'

198 3578 502 3650 Unigenitus
530 3578 701 3634 Filius
727 3587 781 3634 et
813 3577 1043 3634 Verbum
1078 3579 1194 3643 Dei,
1227 3593 1326 3649 per
1368 3593 1524 3648 quem
1568 3593 1683 3632 om-

140 3669 214 3723 nia
238 3669 366 3726 facta
396 3679 540 3725 sunt.
566 3670 634 3725 Et
657 3678 777 3740 post
799 3670 902 3723 alia
933 3685 947 3722 :
981 3670 1114 3724 Cum
1152 3679 1330 3724 autem
1359 3669 1685 3723 abundasset

141 3749 187 3812 in
205 3775 262 3814 eo
287 3761 628 3826 desiderium,
655 3769 714 3815 ut
742 3759 1134 3814 illuminaretur
1157 3799 1172 3822 ,
1202 3758 1424 3827 rogabat
1456 3757 1679 3810 multum

139 3850 422 3918 praedictum
455 3852 647 3914 virum,
674 3861 733 3904 ut
763 3851 953 3919 dignus
977 3847 1277 3903 efﬁceretur
1307 3847 1479 3917 gratia
1509 3845 1678 3900 sancti

142 3938 464 4007 baptismatis.
493 3940 562 3994 At
588 3939 676 3994 ille
705 3940 976 4009 trepidans
1004 3949 1224 4008 propter
1249 3937 1533 3991 Persarum
1567 3952 1682 3990 me-

143 4035 256 4093 tum,
281 4047 343 4086 ne
367 4031 783 4100 periclitaretur,
816 4030 1096 4084 dilferebat
1128 4043 1271 4083 eum.
1299 4025 1679 4081 Verumtamen

141 4129 246 4171 cum
291 4120 375 4175 illo
424 4122 536 4174 ibat
571 4121 639 4174 ad
706 4119 996 4182 ecclesias,
1023 4126 1077 4172 et
1102 4119 1308 4181 orabat,
1349 4124 1404 4171 et
1445 4116 1683 4184 picturas

141 4220 416 4266 sanctorum
456 4220 752 4281 martyrum
785 4210 1096 4280 aspiciebat,
1121 4217 1174 4262 et
1199 4207 1573 4262 sciscitabatur
1615 4205 1684 4259 ab

143 4312 466 4369 eo,qu:enam
497 4301 613 4354 haec
649 4307 848 4353 essent.
892 4299 957 4352 Et
986 4297 1207 4352 audiens
1243 4297 1312 4350 ab
1360 4309 1426 4351 eo
1466 4303 1684 4350 sancto-

142 4399 244 4438 rum
272 4386 540 4452 miracula,
565 4396 621 4442 et
651 4388 781 4442 dura
816 4396 1077 4442 tormenta
1101 4401 1219 4454 qua:
1250 4384 1355 4439 illis
1382 4401 1410 4438 a
1441 4386 1682 4457 tyrannis

146 4472 270 4529 illata
306 4477 532 4540 fuerant,
554 4485 608 4531 et
631 4493 791 4548 super
833 4476 1100 4531 hominem
1133 4475 1492 4540 tolerantiam,
1519 4477 1683 4529 mira-

1783 1976 1906 2031 dam
1933 1991 2051 2045 qua:
2083 1973 2237 2044 quasi
2264 1987 2331 2027 ex
2368 1971 2528 2026 claris
2562 1981 2681 2024 erat
2705 1967 3115 2023 Caesariensium
3165 1965 3229 2034 (si
3275 1963 3349 2016 ita

1781 2072 2030 2136 oporteat
2058 2063 2186 2126 dici,
2211 2071 2267 2116 et
2289 2077 2394 2116 non
2419 2061 2592 2131 magis
2617 2059 2770 2113 aliter
2794 2055 3240 2127 quemadmodum
3265 2067 3351 2108 res

1782 2154 1911 2224 ipsa:
1939 2150 2372 2221 manifestarunt)
2417 2150 2630 2204 nomine
2677 2149 2892 2216 quidem
2941 2147 3123 2209 Arete,
3167 2143 3219 2197 id
3269 2151 3352 2196 est

1781 2245 1976 2308 virtus,
2004 2241 2100 2297 sed
2147 2242 2389 2297 moribus
2438 2239 2618 2294 virtuti
2661 2239 2880 2292 omnino
2928 2235 3204 2291 contraria
3232 2272 3247 2296 ,
3294 2233 3350 2286 iu

1783 2334 2130 2391 diliideutiam
2159 2346 2313 2386 versa
2335 2330 2552 2385 dicebat
2578 2346 2591 2380 :
2623 2327 2735 2398 Ego
2767 2327 3034 2396 lipsanum
3067 2339 3098 2377 a
3130 2321 3352 2377 Perside

1781 2425 2001 2481 veniens
2039 2437 2145 2478 non
2182 2419 2366 2475 adoro.
2418 2417 2462 2474 Ο
2511 2419 2762 2473 miseram
2813 2425 2867 2470 et
2919 2415 3034 2469 sine
3083 2413 3352 2467 intellectu

1781 2516 2037 2580 animam,
2099 2525 2218 2582 qua
2275 2524 2380 2564 non
2435 2507 2640 2562 audivit
2691 2505 2875 2560 infelix
2925 2501 3350 2558 sacratissimum

1781 2606 2115 2676 psalmistam
2155 2600 2321 2655 David
2347 2600 2716 2667 increpantem
2759 2594 3142 2666 ﬂagitiosorum
3184 2590 3350 2644 auda-
3386 2603 3388 2606 '

1781 2698 1944 2758 ciam,
1999 2709 2063 2748 ac
2119 2693 2383 2746 dicentem
2419 2708 2431 2743 ε
2468 2687 2658 2742 Cohibe
2701 2686 2932 2756 linguam
2965 2695 3110 2738 tuam
3135 2700 3166 2736 a
3189 2679 3352 2745 malo,

1781 2799 1828 2841 et
1875 2787 2014 2840 labia
2060 2796 2150 2838 tua
2206 2801 2267 2837 ne
2311 2782 2589 2851 loquantur
2649 2776 2859 2830 dolum!
2895 2773 3066 2846 (Psal.
3125 2770 3348 2842 χχχιιι.)

1782 2878 1918 2945 Quid
1947 2891 2075 2947 ergo
2104 2877 2263 2940 Deus,
2299 2874 2393 2944 qui
2432 2871 2698 2942 gloriﬁcat
2723 2869 3084 2941 glorificantes
3112 2881 3192 2930 se,
3221 2864 3352 2918 facit

1782 2967 1836 3021 in
1883 2981 1966 3031 ea,
2000 2971 2393 3033 consequenter
2422 2976 2521 3031 ego
2551 2960 2746 3016 dicam.
2796 2958 3040 3028 Ingresso
3080 2955 3350 3010 civitatem

1781 3065 1966 3111 sancto
1994 3055 2220 3123 lipsano,
2243 3049 2600 3106 communiter
2631 3049 2896 3104 consiliati
2929 3047 3074 3101 cives
3108 3044 3349 3114 ejusdem

1781 3146 1929 3200 urbis
1953 3153 2236 3214 cmperunt
2286 3151 2599 3197 construere
2634 3139 2928 3194 oratorium
2973 3143 3154 3191 sancto
3193 3133 3352 3204 juxta

1707 3231 1751 3293 C
1783 3231 2314 3304 Tetrapylum,quod
2339 3238 2457 3284 erat
2503 3229 2556 3284 in
2611 3228 2789 3282 medio
2835 3225 3090 3280 civitatis.
3138 3222 3352 3278 Statue-

1783 3334 1908 3380 runt
1946 3333 2122 3377 autem
2171 3331 2225 3376 et
2272 3320 2558 3390 imaginem
2599 3317 2716 3388 ejus
2753 3315 2970 3370 ibidem.
3003 3313 3136 3368 Cum
3173 3321 3349 3366 autem

1782 3414 1960 3466 adhuc
2007 3411 2386 3472 aediﬁcaretur,
2436 3416 2621 3461 astans
2669 3412 2872 3472 martyr
2923 3399 3120 3455 infelici
3167 3398 3240 3452 illi
3296 3399 3351 3450 in

1782 3502 1986 3558 somnis
2014 3501 2064 3553 in
2098 3499 2280 3554 habitu
2331 3495 2611 3557 monachi“,
2639 3492 2772 3548 dixit
2822 3491 2870 3544 ei
2903 3505 2918 3544 :
2946 3489 3181 3542 Lumbos
3231 3497 3350 3540 tuos

1780 3592 1969 3648 doles?
1996 3590 2086 3644 llla
2109 3604 2239 3643 vero
2267 3587 2332 3641 ad
2364 3601 2485 3641 eum
2520 3603 2532 3638 :
2576 3583 2712 3646 Non,
2747 3581 2990 3644 domine;
3039 3578 3174 3631 nihil
3224 3576 3349 3630 mali

1780 3683 1971 3745 habeo,
2013 3695 2142 3735 sana
2189 3693 2305 3732 sum
2337 3695 2349 3730 :
2381 3685 2436 3730 ct
2488 3690 2590 3728 una
2639 3687 2760 3727 cum
2807 3683 3054 3726 sermone
3096 3683 3351 3738 experge-

1782 3775 1947 3838 facta,
1980 3782 2032 3827 et
2059 3771 2300 3826 sentiens
2330 3770 2381 3822 in
2422 3783 2480 3822 se
2519 3765 2751 3819 validum
2794 3761 3050 3816 cecidisse
3089 3758 3350 3824 dolorem,

1781 3867 1944 3934 cmpit
1973 3864 2230 3926 clamare,
2258 3874 2488 3930 gemere,
2524 3871 2587 3910 ac
2634 3853 2997 3909 indesinenter
3025 3847 3219 3918 allligi;
3276 3847 3350 3900 ita

1781 3967 1970 4012 utnon
2003 3962 2184 4025 posset
2233 3951 2452 4004 omnino
2499 3947 2792 4017 reSpirare,
2844 3940 3202 4012 importabilia
3258 3954 3352 4009 pa-

1782 4041 1940 4114 tiens,
1972 4061 2024 4102 ut
2053 4047 2384 4102 vacationem
2417 4058 2580 4114 agens
2608 4047 2881 4110 reputaret
2909 4051 3092 4094 secum
3117 4077 3133 4102 ,
3165 4045 3220 4090 et
3265 4049 3351 4088 re-

1781 4140 2042 4210 quireret,
2070 4137 2284 4206 quinam
2310 4143 2473 4198 esset,
2505 4142 2558 4186 et
2580 4147 2645 4185 ex
2675 4145 2780 4200 qua
2802 4144 2962 4184 causa
2995 4137 3102 4181 tam
3143 4125 3352 4198 subita-

1782 4249 1914 4290 neus
1935 4232 2104 4296 dolor,
2137 4231 2226 4300 qui
2256 4229 2356 4283 sibi
2383 4227 2520 4282 foret
2550 4225 2743 4279 illatus.
2782 4221 2887 4276 Sed
2913 4221 2965 4274 in
2995 4219 3078 4273 his
3098 4232 3354 4272 consum-

1781 4327 1949 4382 mavit
1989 4325 2103 4380 dies
2151 4331 2402 4392 quatuor.
2462 4319 2658 4386 Quinta
2707 4329 2835 4369 vero
2878 4313 2964 4367 die
3012 4311 3353 4365 illucescente

1781 4417 1915 4470 vidit
1941 4423 2207 4469 astantem
2232 4411 2330 4465 sibi
2363 4419 2632 4472 sanctum,
2660 4414 2820 4472 atque
2869 4401 3132 4454 dicentem
3176 4416 3189 4450 :
3245 4398 3350 4450 De-

1782 4505 1977 4560 scende
2005 4504 2070 4556 ad
2093 4499 2458 4570 Tetrapylum,
2477 4506 2529 4550 et
2555 4509 2678 4564 roga
2704 4500 2945 4547 sanctum
2973 4486 3312 4542 Anastasium
3333 4523 3350 4550 ,

146 4565 278 4622 hau"
307 4581 357 4625 el
406 4570 744 4640 smpeﬁehm'
788 4568 1008 4623 Manens
1049 4582 1178 4640 ergo
1225 4575 1462 4636 tempore
1507 4581 1679 4636 pauco
1710 4565 1757 4624 θ
1782 4602 1837 4649 et
1861 4571 2165 4649 sanaberis.
2185 4590 2252 4641 At
2275 4565 2360 4641 illa
2384 4599 2627 4654 surgens,
2646 4581 2774 4637 etin
2798 4579 3110 4633 memoriam
3130 4575 3352 4630 veniens

145 4660 262 4726 apud
287 4662 592 4730 pmdictum
637 4660 853 4714 Christo
886 4658 1136 4712 dilectum
1182 4656 1376 4720 virum,
1415 4656 1675 4725 optimum

144 4749 284 4803 sumit
305 4750 356 4804 in
381 4752 559 4804 anima
591 4749 938 4811 desiderium,
987 4756 1044 4800 ut
1087 4746 1510 4816 Hierosolymam
1556 4759 1678 4814 per-

145 4838 342 4903 veniret,
367 4849 422 4893 et
446 4841 516 4894 ibi
545 4839 696 4894 ﬁeret
722 4846 909 4893 sancto
939 4837 1257 4906 baptismate
1284 4834 1496 4904 dignus.

219 4925 510 4984 Theodorus
570 4929 941 4985 sanctissimus
1006 4926 1289 4995 epise0pus
1349 4922 1674 4993 Myrensium

149 5015 295 5072 dixit:
327 5020 577 5091 Apparet,
602 5022 729 5091 quia
757 5018 1142 5074 venerabilium
1186 5015 1480 5084 imaginum
1509 5017 1675 5071 tradi-

148 5103 214 5158 tio
236 5107 469 5165 solemnis
493 5109 774 5182 [legitima]
803 5117 907 5164 est.

207 5196 496 5269 Euthymius
517 5200 991 5256 reverendissimus
1012 5198 1267 5254 diaconus
1287 5202 1341 5248 et
1360 5198 1678 5266 monachus,
1723 5229 1734 5242 -

1315 5291 1553 5316 “Altinae-un
1604 5305 1660 5322 ...η

149 5296 232 5322 n’“
252 5286 352 5332 nm)
372 5290 574 5332 amabili
603 5291 861 5328 (snitu-Ann
886 5285 1088 5322 Cntltim
1137 5287 1236 5318 [1⁷.-

1784 4681 2147 4750 improborum
2176 4690 2481 4732 sermonum
2507 4687 2720 4726 suorum
2753 4685 2889 4738 quos
2928 4669 3100 4723 locuta
3132 4673 3213 4719 est
3256 4663 3356 4716 ad~

1781 4784 1970 4824 versus
2025 4775 2184 4838 caput
2231 4779 2406 4827 suum,
2437 4761 2708 4815 advocatis
2756 4759 2936 4829 pueris
2973 4758 3102 4818 suis,
3127 4755 3202 4809 ait
3227 4752 3349 4807 eis:

1782 4860 1974 4916 Tollite
2003 4876 2109 4924 me,
2142 4856 2310 4912 tollite
2346 4869 2449 4919 me,
2474 4863 2737 4910 uteamus
2760 4851 2826 4905 ad
2851 4848 3194 4921 Tetrapylum
3221 4859 3349 4899 san-

1780 4950 1853 5006 cti
1895 4947 2198 5011 Anastasii;
2241 4944 2545 5000 novienim
2592 4951 2647 4997 et
2692 4955 2834 4994 nunc
2881 4941 3090 5004 edocta,
3122 4937 3286 4992 etiam
3319 4948 3350 4988 a

1777 5039 1996 5095 Perside
2033 5038 2257 5092 veniens
2288 5037 2555 5105 lipsanum
2605 5031 2831 5084 adorare
2879 5041 2934 5086 et
2979 5031 3275 5088 honorare,
3299 5031 3356 5078 et

1779 5151 1898 5208 quze
1920 5133 2063 5191 Deus
2091 5129 2399 5193 mandavit,
2423 5143 2532 5183 non
2561 5122 2979 5193 communicare,
3007 5125 3060 5178 id
3089 5130 3194 5188 est,
3209 5131 3356 5172 com-

1781 5241 1942 5283 mune
1967 5225 2150 5282 dicere
2201 5222 2317 5294 [seu
2377 5219 2570 5286 patius,
2620 5211 2855 5285 ducere].
2915 5215 3177 5271 Levantes
3230 5218 3360 5275 ergo

2716 5309 2757 5322 ’³
2808 5304 3104 5350 ηηνίηβηνῖη
3168 5310 3361 5336 nou-nn.—
