3980 6288
574 337 689 400 ω
1720 337 2078 396 ΑΝΑεΤΑδιι
2117 339 2658 398 nmttoruecann
3687 359 3772 419 εει

580 469 687 515 tem
715 456 845 512 mihi
873 457 938 513 de
963 454 1116 510 malis
1143 469 1264 526 qua:
1289 468 1374 510 me
1410 453 1671 527 obtinent.
1703 453 1910 508 Etcum
1937 468 1996 509 se
2019 469 2142 524 pro-
2167 467 2217 526 Α
2245 454 2355 509 bat.
2384 453 2498 510 Hoc
2517 463 2697 511 autem
2731 456 2944 514 Domini
2965 461 3133 516 nostri
3161 459 3288 518 Jesu
3313 463 3508 523 Christi
3534 471 3690 539 gratia
3710 473 3780 528 di.

571 548 794 618 jecisset
837 562 997 616 supra
1041 547 1428 615 pavimentum,
1463 553 1518 598 et
1561 543 1826 612 plorassct
1880 542 2143 608 multum,

576 643 790 708 placato
810 647 998 693 sancto
1018 646 1196 692 erecta
1218 645 1299 690 est
1321 652 1474 690 sana.
1497 635 1566 689 Et
1599 650 1719 704 quae
1740 635 1902 704 paulo
1924 644 2054 689 ante
2077 635 2147 689 ab

577 730 696 784 aliis
713 733 1044 800 portabatur,
1071 738 1124 782 et
1152 729 1203 781 in
1229 728 1487 782 extremis
1517 727 1690 796 posita
1718 727 2148 795 periclitabatur,

577 822 812 890 prOpriis
845 822 1070 889 pedibus
1096 820 1378 872 ambulans
1403 818 1536 872 abiit
1558 820 1776 872 domum
1813 833 1990 882 suam,
2016 833 2146 872 cun-

577 913 814 965 cnrditer
837 925 956 964 cum
984 911 1194 964 caneris
1219 910 1441 964 laudans
1462 918 1516 964 et
1541 910 1852 981 gloriticans
1875 909 2068 974 Deum,
2089 919 2146 964 et

577 1003 926 1068 niagnilicans
958 1009 1267 1070 martyrem.

645 1095 836 1148 l'etrus
859 1101 913 1146 et
937 1091 1147 1156 Petrus,
1172 1092 1279 1145 Deo
1299 1089 1556 1145 amabiles
1576 1090 1875 1159 presbyteri
1893 1090 2142 1145 etvicarii

571 1185 791 1238 Adriani
816 1197 968 1252 papa:
996 1183 1224 1237 senioris
1253 1181 1456 1247 Romae,
1482 1181 1732 1236 dixerunt
1759 1198 1774 1234 :
1807 1180 1930 1235 llaec
1966 1181 2143 1252 imago

569 1277 742 1332 sancti
807 1275 1076 1329 Anastasii
1141 1288 1310 1342 usque
1365 1273 1422 1326 in
1477 1273 1797 1327 hodiernum
1853 1272 1996 1326 diem
2058 1280 2142 1326 est

570 1365 756 1420 ltum-.e
781 1380 836 1419 tn
879 1362 1212 1418 monasterio
1249 1361 1418 1431 ipsius
1461 1375 1582 1416 cum
1621 1361 1857 1432 pretioso
1894 1359 2009 1430 ejus
2050 1375 2139 1416 ca-

569 1459 698 1528 pite.

640 1545 874 1600 Joannes
888 1545 1263 1600 sanctissimus
1281 1543 1563 1613 episcopus
1583 1541 1955 1597 Tauromeniaa
1969 1541 2136 1597 dixit:

569 1638 770 1692 Verum
796 1639 980 1691 dixere
1007 1635 1456 1690 honorabilissimi
1487 1633 1694 1699 vicarii,
1723 1632 1973 1702 quoniam
2005 1641 2060 1687 et
2085 1633 2140 1687 in

567 1733 754 1788 Sicilia
814 1731 914 1784 fuit
963 1730 1156 1784 mulier
1202 1727 1520 1782 daemonium
1572 1727 1827 1796 patiens:
1859 1735 1912 1780 et
1955 1724 2140 1780 Romae

2245 547 2542 616 spensavit,
2581 557 2636 601 ut
2682 552 2864 617 credo,
2899 552 2992 620 qui
3017 553 3129 606 vult
3150 569 3336 610 omnes
3373 557 3610 615 homines
3628 561 3782 620 δεινω-

2244 635 2383 699 lieri,
2414 645 2468 689 ct
2497 637 2565 690 ad
2604 639 2932 708 agnitionem
2973 641 3214 697 veritatis
3240 644 3420 700 venire
3462 645 3515 716 (Ι
3565 646 3782 721 Titum);

2242 729 2533 782 ostendens
2563 730 2820 785 miracula
2842 748 2937 786 sua
2958 747 3016 787 se
3055 734 3371 802 colentibus,
3395 746 3450 792 et
3472 739 3702 796 omnibus
3731 742 3775 798 in

2242 831 2302 870 se
2337 819 2703 885 credentibus,
2729 821 2780 876 in
2815 823 3241 894 redargutionem
3270 824 3571 896 impiorum,
3616 837 3666 884 et
3688 841 3780 887 sta-

2241 908 2503 988 bilitatem
2526 911 2779 965 ﬁdelium.
2805 913 3061 979 Quazstvit
3088 930 3216 985 ergo
3240 916 3598 984 Christianus,
3640 929 3694 974 ut
3714 922 3781 976 di-

2243 999 2315 1061 xi,
2347 1003 2604 1067 majorem
2637 1003 2876 1068 domum,
2911 1015 2965 1058 et
2995 1005 3198 1062 invenit
3236 1007 3289 1060 in
3320 1009 3546 1077 quodam
3573 1011 3679 1065 loco
3717 1014 3781 1066 ci-

2245 1089 2449 1151 vitatis,
2471 1099 2525 1142 et
2549 1093 2824 1144 transtulit
2847 1107 2904 1146 se
2928 1093 3050 1148 illuc
3084 1111 3114 1147 a
3156 1095 3316 1150 domo
3345 1111 3465 1166 qua:
3505 1109 3621 1153 erat
3652 1100 3782 1170 juxta

2241 1193 2567 1251 synagogam
2621 1180 2925 1236 Judtcorum
2963 1198 3063 1239 εει
3116 1187 3344 1242 sublatis
3389 1189 3631 1243 omnibus
3670 1189 3777 1255 suis,

2239 1283 2338 1338 per
2358 1270 2679 1324 oblivionem
2712 1271 3132 1342 (dispensatione
3163 1283 3338 1328 tamen
3367 1275 3485 1338 Dei)
3528 1277 3777 1348 imaginem

2241 1359 2448 1411 Domini
2469 1359 2672 1413 dimisit
2694 1361 2970 1426 oblivioni,
2993 1370 3067 1414 'ut
3093 1363 3347 1432 praefatus
3374 1381 3518 1429 sum,
3542 1369 3777 1420 traditam.

2241 1448 2468 1516 Quidam
2500 1465 2626 1504 vero
2648 1449 2866 1506 Judteus
2900 1454 3109 1524 accepit
3137 1457 3364 1510 domum
3404 1456 3550 1510 illam
3590 1460 3652 1510 ad
3672 1474 3779 1528 pen-

2240 1540 2470 1605 sionem,
2525 1541 2715 1610 inqua
2763 1541 2942 1613 imago
2988 1543 3196 1598 Domini
3255 1545 3453 1600 stabat.
3491 1547 3786 1603 intromissis.

2241 1641 2421 1686 autem
2460 1634 2708 1687 omnibus
2730 1635 2842 1688 suis
2880 1638 3229 1707 permanebat
3281 1637 3338 1690 in
3389 1639 3567 1703 domo,
3595 1639 3782 1692 minime

2240 1723 2634 1792 contemplatus
2665 1724 2875 1778 iconam
2901 1724 3136 1791 Domini,
3168 1727 3310 1796 quod
3346 1736 3518 1781 staret
3546 1727 3664 1781 illic.
3700 1725 3780 1782 he-

564 1827 758 1897 posita,
790 1839 885 1893 per
911 1823 1217 1894 praedictam
1246 1820 1662 1876 sacratissimam
1690 1817 1977 1889 imaginetn
2006 1833 2136 1874 sana
2164 1847 2212 1911 Β
2241 1828 2345 1882 que
2363 1815 2504 1868 enim
2537 1817 2900 1871 consideravit
2951 1817 3126 1872 locum
3177 1818 3346 1885 illum,
3386 1820 3496 1881 sed
3544 1820 3781 1891 ingressus

565 1919 755 1975 Cll-gela
785 1928 886 1973 εει,
2164 1907 2204 1911 ⁷
2242 1907 2513 1958 manebat.
2539 1907 2780 1970 Quadam
2815 1921 2940 1960 vero
2982 1909 3068 1962 die
3105 1909 3347 1962 invitavit
3395 1907 3609 1965 Judaeus
3647 1925 3779 1963 unum

635 2011 869 2066 Joannes
900 2011 1008 2064 Deo
1035 2007 1280 2063 amabilis
1304 2008 1604 2079 presbyter,
1651 2005 1946 2060 monachus
1972 2014 2027 2060 σι
2053 2003 2140 2058 vi-
2238 2010 2307 2050 ex
2325 1996 2716 2050 contribultbus
2753 2013 2865 2051 Stlls
2886 1999 2950 2050 ad
2982 1999 3263 2067 prandium
3318 2009 3374 2054 et
3421 2015 3546 2055 cum
3584 2005 3779 2070 prande

562 2105 744 2158 carius
771 2101 1123 2158 Orientalium
1170 2101 1483 2170 pontiticum
1512 2099 1648 2153 dixit
1677 2115 1690 2152 :
1717 2099 1799 2152 Ad
1828 2113 1888 2152 ea
1912 2112 2030 2167 qua:
2058 2097 2137 2151 di-
2238 2097 2381 2153 ιὈιιι»
2417 2089 2641 2142 οιενειιὶδ
2687 2090 2858 2144 Oculis
2902 2088 3118 2144 Judwus
3165 2091 3256 2159 qui
3301 2092 3562 2146 invitatus
3612 2091 3785 2154 fuerat,

563 2205 650 2250 cm
688 2203 815 2251 sum
839 2203 1114 2248 ostensum
1133 2201 1316 2250 εει,οχ
1339 2192 1422 2246 his
1448 2204 1568 2260 qua;
1591 2189 1728 2244 [cola
1764 2198 1909 2254 ειιηι,
1931 2190 2054 2256 quia
2083 2194 2137 2240 et
2240 2179 2371 2232 vidit
2390 2181 2598 2232 iconam
2646 2178 2854 2233 Domini
2899 2181 3067 2234 nostri
3095 2179 3223 2235 Jesu
3249 2180 3485 2247 Christi;
3522 2191 3574 2235 et
3606 2182 3720 2236 dicit
3739 2181 3780 2234 ei

562 2285 824 2354 imagines
844 2291 1153 2337 sanctorum
1179 2281 1438 2336 miracula
1465 2289 1772 2353 operantur,
1795 2287 1850 2333 et
1877 2280 2135 2332 sanitates

559 2375 865 2444 perlieiunt.

630 2467 821 2521 Petrus
855 2466 1230 2520 sanctissimus
1268 2465 1552 2536 episcopus
1591 2462 1916 2518 Nicomedia:
1953 2461 2128 2516 dixit;

557 2558 778 2614 Librum
826 2558 1009 2613 defero
1048 2559 1218 2614 sancti
1265 2559 1563 2624 Athanasii,
1608 2567 1662 2614 et
1698 2567 1897 2612 sanctae
1933 2557 2134 2626 synodo

556 2649 724 2706 oli‘e'ro
749 2653 814 2706 ad
845 2651 1144 2722 legendum.

628 2745 825 2798 Sancta
850 2745 1089 2814 synodus
1114 2743 1250 2797 dixit
1275 2759 1288 2794 :
1319 2741 1572 2812 Legatur.

625 2835 691 2888 Et
718 2836 990 2904 accipiens
1033 2835 1338 2904 Stephanus
1368 2837 1629 2889 diaconus
1665 2840 1721 2888 et
1767 2831 2010 2888 notarius
2049 2829 2128 2886 le-

562 2928 638 2997 git
661 2945 675 2980 ;

560 3041 742 3096 Sermo
790 3051 985 3096 sancta:
1024 3042 1286 3096 memoria:
1328 3039 1508 3094 Patris
1559 3040 1722 3094 nostri
1767 3038 2039 3092 Athanasii
2067 3037 2129 3091 de

628 3113 851 3182 imagine
893 3114 1098 3166 Domini
1129 3114 1290 3165 nostri
1311 3112 1434 3165 Jesu
1469 3111 1660 3165 Christi
1693 3113 1798 3164 veri
1820 3112 1916 3164 Dei
1942 3111 2126 3174 nostri,

633 3192 768 3253 [acto
796 3185 1049 3236 miraculo
1079 3183 1130 3236 in
1167 3184 1370 3236 caritate
1395 3183 1606 3252 Beryto.

631 3296 908 3354 Sustollite
945 3297 1130 3353 oculos
1153 3297 1349 3352 mentis
1375 3305 1586 3361 vestrae,
1616 3303 1669 3348 et
1712 3293 1886 3347 videte
1929 3307 2126 3346 novum

557 3391 876 3449 miraculum
927 3391 1029 3444 hoc
1074 3389 1216 3459 quod
1246 3389 1444 3442 factum
1481 3395 1564 3441 est
1593 3403 1751 3442 nunc.
1784 3385 1837 3438 lu
1865 3385 2127 3438 inﬁnitain

557 3485 968 3539 admirationem
991 3482 1084 3536 Dei
1123 3481 1369 3550 aspicite,
1398 3488 1453 3535 et
1475 3482 1595 3533 date
1630 3479 1677 3531 ei
1709 3477 1954 3547 gloriam.
1985 3475 2126 3530 Con-

557 3578 889 3646 templamini
923 3575 1244 3630 ineffabilem
1275 3572 1698 3627 misericordiam
1729 3569 1867 3639 ejus,
1918 3581 1972 3640 et
2015 3583 2131 3622 ma-

556 3672 885 3743 gnitudinem
942 3667 1355 3738 dispensationis
1397 3666 1544 3735 ejus;
1623 3673 1784 3729 atque
1836 3663 2127 3716 lamentum

556 3779 679 3819 cum
708 3763 889 3816 laetitia
918 3762 1132 3814 sumite.
1161 3759 1216 3811 ln
1244 3759 1352 3812 Deo
1380 3757 1594 3827 quidem
1626 3755 1759 3809 nihil
1788 3763 2122 3808 extraneum.

557 3859 699 3912 Deus
726 3858 870 3912 enim
901 3869 1020 3908 cum
1051 3855 1142 3916 sit,
1175 3852 1352 3906 omnia
1385 3858 1578 3920 potest.
1611 3849 1746 3915 Quia
1777 3861 1904 3901 vero
1935 3846 1989 3899 in
2017 3846 2131 3900 die-

556 3951 659 4005 bus
685 3947 883 4002 nostris
905 3956 956 4000 ct
979 3946 1031 3998 in
1061 3943 1214 3998 nobis
1244 3942 1441 3995 factum
1477 3947 1579 4003 est,
1604 3945 1924 4007 expavescet
1968 3949 2128 3990 omne

559 4053 654 4092 cor
681 4035 1032 4090 audientium.
1069 4032 1206 4086 Vere
1231 4032 1444 4102 expavit
1473 4031 1666 4086 omium
1697 4031 1750 4083 in
1777 4045 1842 4083 eo
1878 4028 2022 4099 quod
2046 4035 2127 4082 te-

560 4145 711 4186 mere
735 4129 933 4182 factum
963 4136 1064 4181 est.
1098 4126 1441 4180 Couturhata:
1466 4133 1589 4178 sunt
1620 4122 1820 4192 abyssi,
1843 4131 1897 4176 et
1922 4121 2001 4176 sol
2027 4121 2126 4174 oh-

560 4223 872 4276 tenebratus
895 4229 999 4283 est,
1027 4227 1082 4272 et
1116 4217 1264 4282 luna,
1289 4226 1342 4272 et
1362 4217 1531 4271 stella:
1557 4214 1806 4269 similiter
1840 4228 2004 4283 super
2023 4215 2127 4267 hoc

559 4313 1009 4384 quod‘patratum
1049 4319 1150 4363 est.
1194 4308 1297 4364 Sed
1341 4308 1530 4360 iterum
1577 4305 1769 4359 lanatae
1811 4313 1936 4360 sunt
1971 4305 2024 4358 in
2063 4318 2128 4360 eo

558 4405 701 4476 quod
734 4418 764 4456 a
793 4401 1017 4457 Domino
1069 4399 1431 4468 dispensatum
1481 4404 1584 4461 est,
1633 4410 1822 4451 omnes
1866 4395 2124 4450 enatorum

558 4497 805 4551 virtutes.
836 4494 1124 4557 Andite,et
1154 4487 1494 4544 admiramini
1529 4487 1670 4557 quod
1699 4487 1900 4542 factum
1941 4497 2028 4542 est
2069 4487 2123 4540 in

2237 2269 2329 2340 qui
2376 2286 2435 2324 se
2480 2272 2850 2326 invitaverat:
2893 2271 2970 2326 Tu
3013 2288 3136 2327 cum
3179 2273 3255 2328 sis
3281 2271 3518 2339 Judaeus,
3545 2274 3786 2344 quomodo

2237 2361 2532 2430 imaginem
2562 2359 2870 2429 hujusmodi
2896 2362 3100 2417 habes?
3130 2361 3382 2416 Convicia
3411 2366 3639 2430 plurima
3671 2378 3778 2433 quo-

2235 2465 2338 2518 que
2381 2460 2434 2504 et
2480 2450 2709 2504 nefanda
2759 2455 3013 2508 emittens
3055 2457 3312 2507 adversus
3339 2453 3644 2518 Dominum,
3677 2469 3777 2522 qua:

2238 2559 2346 2596 non
2378 2545 2549 2596 audeo
2575 2545 2815 2598 scribere
2845 2544 3027 2614 (absit)
3050 2559 3170 2614 quae
3197 2545 3334 2598 dixit
3353 2555 3544 2600 contra
3570 2547 3778 2600 Salvato-

2233 2647 2346 2687 rem
2377 2633 2422 2687 is
2451 2636 2542 2702 qui
2583 2633 2760 2688 fuerat
2787 2634 3068 2689 invitatus.
3103 2635 3253 2690 'l'unc
3283 2637 3328 2690 is
3350 2639 3441 2706 qui
3468 2637 3774 2699 invitaverit,

2231 2724 2422 2778 videns
2447 2725 2732 2793 imaginem
2766 2723 3000 2790 Domini,
3031 2727 3294 2780 rationem
3327 2728 3558 2780 reddidit
3585 2727 3776 2779 in.itato

2231 2815 2437 2882 Judaeo,
2459 2817 2644 2877 dicens
2669 2833 2682 2870 :
2709 2802 2844 2882 Quia
2875 2833 3041 2887 usque
3069 2818 3122 2872 in
3152 2833 3394 2889 prmseus
3414 2834 3522 2872 non
3541 2819 3640 2872 vidi
3661 2819 3774 2870 hanc

2231 2909 2520 2980 imaginem
2552 2926 2566 2962 :
2593 2917 2646 2963 et
2689 2910 2837 2964 siluit
2883 2910 3159 2966 invitatus.
3191 2910 3337 2965 Abiit
3359 2922 3542 2964 autem
3568 2910 3630 2963 ad
3655 2923 3774 2962 sum-

2229 3014 2347 3053 mos
2369 2999 2678 3053 sacerdotes
2713 3013 2862 3066 suos,
2905 3009 2960 3055 et
2986 3008 3205 3054 accusat
3232 2998 3478 3054 Judaeum
3508 3001 3595 3070 qui
3626 2999 3674 3052 in
3698 2999 3774 3052 do-

2233 3108 2322 3147 mo
2349 3095 2618 3160 manebat,
2648 3094 2703 3148 in
2729 3109 2832 3163 qua
2853 3095 3027 3166 imago
3049 3093 3256 3149 Domini
3281 3104 3422 3162 erat,
3449 3097 3646 3159 dicens,
3668 3092 3773 3163 quia

2156 3201 2200 3260 ρ
2233 3184 2320 3240 ille
2342 3184 2629 3255 imaginem
2658 3185 2822 3239 habet
2847 3185 3111 3240 Nazareni
3141 3186 3386 3240 videlicet
3415 3187 3469 3240 in
3497 3191 3646 3242 domo
3671 3199 3772 3238 sua.

2229 3277 2329 3341 Qui
2353 3278 2638 3331 audientes
2664 3277 2916 3331 dixerunt
2947 3294 2961 3331 :
2994 3278 3050 3332 Si
3079 3288 3231 3347 potes
3272 3279 3374 3334 hoc
3403 3282 3693 3334 ostendere.
3715 3278 3776 3330 At

2229 3366 2317 3420 ille
2351 3367 2656 3434 allirmavit,
2682 3368 2805 3438 quia
2832 3382 2930 3440 ego
2957 3371 3237 3424 ostendam
3268 3371 3370 3426 hoc
3391 3373 3449 3424 in
3479 3375 3631 3425 domo
3655 3371 3767 3438 ejus.

2225 3459 2305 3514 ltli
2339 3475 2464 3515 vero
2511 3461 2699 3532 repleti
2732 3461 2916 3532 furore
2967 3477 3189 3532 vespere
3244 3464 3464 3535 quidem
3519 3463 3770 3530 siluerunt.

2229 3551 2384 3606 Mane
2404 3569 2532 3608 vero
2551 3554 2716 3622 facto,
2731 3554 2928 3610 summi
2955 3556 3264 3610 sacerdotes
3286 3571 3478 3612 eorum
3501 3567 3652 3626 atque
3671 3567 3774 3624 pre-

2228 3645 2452 3715 sbyteri,
2477 3656 2750 3716 assumpto
2784 3660 2850 3700 eo
2877 3647 2968 3716 qui
2991 3645 3174 3701 Judaeo
3202 3647 3536 3712 detraxerat,
3559 3657 3610 3701 et
3639 3632 3772 3708 turba

2226 3738 2393 3790 multa
2431 3739 2608 3808 gentis
2636 3752 2768 3804 suae,
2801 3749 3032 3808 pergunt
3060 3740 3127 3794 ad
3157 3740 3374 3793 domum
3403 3737 3591 3806 Judzei,
3612 3740 3662 3793 in
3683 3749 3770 3806 qua

2227 3828 2402 3898 imago
2437 3829 2649 3884 Domini
2685 3829 2884 3883 stabat.
2914 3827 3298 3884 Pet-venientes
3325 3840 3508 3887 autem
3536 3833 3600 3885 ad
3619 3832 3770 3884 locum

2227 3920 2422 3972 summi
2461 3919 2767 3974 sacerdotes
2811 3920 3154 3986 insiluerunt,
3192 3931 3248 3974 et
3293 3922 3556 3987 seniores,
3583 3937 3692 3976 cum
3716 3933 3770 3972 eo

2227 4011 2316 4080 qui
2345 4011 2694 4077 indicaverat,
2721 4021 2776 4066 et
2797 4012 2980 4066 vident
2997 4013 3284 4083 imaginem
3307 4012 3518 4068 Domini
3542 4021 3770 4082 stantem.

2227 4100 2378 4155 'l‘unc
2399 4103 2742 4156 vehementer
2767 4098 2910 4168 irati,
2933 4102 3174 4158 Judaium
3200 4105 3418 4174 quidem
3448 4107 3538 4175 qui
3583 4106 3771 4160 habita-

2227 4189 2319 4243 bat
2349 4191 2401 4244 in
2431 4193 2588 4245 domo
2627 4191 2740 4256 illa,
2792 4202 2947 4245 extra
2980 4207 3309 4264 synagogam
3331 4195 3608 4259 facientes,
3632 4207 3772 4260 expu-

2226 4280 2432 4349 lerunt;
2484 4283 2774 4353 imaginem
2819 4299 2945 4338 vero
2980 4285 3192 4338 Domini
3224 4288 3392 4340 nostri
3437 4284 3561 4340 .lesu
3595 4281 3774 4340 Christi

2225 4385 2572 4456 deponentes,
2601 4390 2851 4447 dixerunt
2875 4407 2890 4446 :
2927 4392 3062 4459 Quia
3091 4395 3229 4448 sicut
3255 4404 3440 4465 patres
3469 4390 3632 4448 nostri
3663 4389 3767 4444 illu-

2227 4489 2415 4536 serunt
2447 4481 2511 4535 ei-
2542 4481 2848 4550 aliquando,
2899 4483 2970 4536 ita
2997 4493 3051 4538 et
3073 4499 3180 4563 nos
3199 4483 3484 4540 illudamus
3510 4485 3602 4540 illi.
3642 4484 3770 4537 'l‘uuc

559 4587 746 4643 diebus
769 4584 966 4640 nostris
1000 4581 1354 4650 intelligentes
1378 4578 1679 4650 intelligite,
1726 4587 1783 4633 et
1825 4592 2007 4632 aurem
2037 4593 2126 4632 ve-
2156 4549 2201 4608 θ
2228 4579 2507 4642 coeperunt
2531 4587 2824 4643 conspuere
2852 4574 2905 4628 in
2935 4575 3125 4630 faciem
3175 4559 3376 4632 sanch
3405 4579 3644 4650 imaginis
3677 4576 3770 4629 Do-

555 4691 724 4739 stram
760 4679 1030 4741 inclinate,
1061 4675 1205 4731 foras
1241 4674 1384 4746 quod
1417 4674 1598 4729 cordis
1645 4674 1721 4746 [et
1757 4674 1972 4744 quidem
2001 4682 2127 4730 ante

557 4774 880 4830 exteriorem
907 4785 1112 4833 aurem,
1157 4782 1276 4838 quae
1303 4763 1504 4836 cordis]
1531 4773 1614 4820 est
1639 4765 1915 4835 porrigite,
1945 4773 1999 4819 et
2028 4779 2126 4816 au-

559 4862 686 4916 dite.
709 4859 913 4915 Civitas
933 4869 1017 4914 est
1059 4856 1285 4926 Berytus
1328 4862 1540 4917 vocata,
1589 4853 1640 4905 in
1689 4851 2038 4922 finibusv'l’yri
2069 4861 2124 4908 et

563 4952 776 5008 Sidonis
801 4953 924 5016 sita,
953 4949 1245 5004 Antiochia:
1270 4947 1503 5002 subdita.
1527 4945 1582 4999 In
1604 4945 1704 5000 hac
1723 4945 1941 5000 civitate
1967 4945 2127 5017 Bery-

562 5060 617 5105 to
643 5049 1011 5105 multitudines
1031 5055 1184 5101 erant
1209 5044 1439 5114 copiosa:
1461 5041 1786 5097 Judmorum.
1819 5044 1986 5100 Porro
2003 5043 2126 5112 jux-

563 5149 614 5194 ta
645 5154 967 5210 synagogam
996 5138 1254 5207 ipsorum,
1281 5150 1401 5204 qua:
1429 5132 1580 5188 valde
1607 5148 1726 5188 esse
1748 5148 1941 5204 magna
1975 5136 2125 5188 vide-

562 5231 740 5292 batur,
768 5228 1104 5282 Christianus
1122 5227 1336 5295 quidam
1372 5225 1578 5294 accepit
1598 5225 1664 5279 ad
1687 5226 1997 5295 pensionem
2021 5228 2126 5282 cel-

563 5317 724 5372 lulam
759 5332 788 5370 a
817 5317 1070 5386 quodam,
1100 5318 1152 5370 in
1175 5332 1278 5385 qua
1307 5315 1578 5380 habitans,
1604 5325 1790 5371 contra
1822 5319 2128 5374 accubitum

561 5422 716 5462 suum
740 5407 854 5460 ﬁxit
879 5407 1162 5476 imaginem
1185 5407 1396 5461 Domini
1411 5407 1580 5462 nostri
1598 5405 1722 5464 Jesu
1739 5408 1936 5464 Christi
1985 5408 2120 5480 [ϐπ-η

563 5499 614 5554 in
642 5497 839 5569 tabula]
864 5499 1083 5553 honeste
1108 5499 1394 5569 depictam,
1429 5509 1483 5555 et
1522 5501 1744 5572 integrae
1781 5511 2004 5556 statura:
2029 5504 2125 5556 ha-

559 5592 773 5646 bentem
803 5593 1083 5647 Dominqu
1113 5602 1354 5647 nostrum
1393 5592 1572 5650 Jesum
1604 5594 1894 5650 Christum.
1923 5595 2124 5652 Trans-

563 5695 680 5738 acto
707 5695 884 5739 autem
928 5685 1135 5739 modico
1160 5693 1416 5754 tempore,
1446 5688 1762 5757 perquisivit
1791 5689 2122 5745 mansionem

564 5775 820 5839 maiorem
850 5777 935 5830 ille
958 5776 1317 5844 Christianus,
1347 5778 1791 5846 quemadmodum
1818 5787 1871 5836 ct
1916 5780 2124 5852 indige-

2228 4663 2382 4727 mini,
2424 4669 2477 4717 et
2513 4663 2639 4718 dare
2679 4663 2861 4734 alapas
2909 4682 3090 4722 coram
3140 4669 3226 4722 his
3272 4669 3366 4738 qui
3410 4677 3774 4732 convenerant,

2229 4753 2354 4808 hinc
2378 4762 2434 4808 et
2456 4754 2580 4809 inde
2619 4757 2905 4827 imaginem
2939 4759 3147 4814 Domini
3176 4761 3230 4814 in
3264 4760 3455 4817 faciem
3489 4766 3769 4835 percutien-

2228 4855 2328 4915 tes,
2361 4861 2520 4920 atque
2551 4851 2790 4908 dicentes
2817 4867 2834 4906 :
2869 4855 3210 4927 Quaecunque
3265 4857 3509 4914 fecerunt
3533 4862 3580 4916 ei
3610 4869 3770 4931 patres

2225 4944 2417 5008 nostri,
2464 4943 2643 4998 omnia
2681 4945 2938 5001 faciamus
2965 4956 3020 5002 et
3045 4963 3146 5004 nos
3175 4948 3394 5022 imagini
3441 4951 3570 5021 ejus.
3607 4952 3669 5006 Et
3697 4950 3771 5004 di-

2227 5048 2357 5094 cunt
2385 5037 2735 5092 :Audivimus
2780 5041 2906 5108 quia
2957 5041 3239 5098 illuserunt
3281 5047 3362 5110 ei;
3403 5056 3456 5100 et
3484 5048 3586 5104 hoc
3613 5049 3772 5118 ipsum

2227 5144 2326 5184 nos
2341 5130 2618 5185 faciamus.
2640 5128 2866 5183 inﬁnitis
2877 5145 3005 5202 ergo
3025 5131 3270 5187 ludibriis
3283 5134 3558 5192 illuserunt
3577 5139 3768 5193 iconant

2228 5216 2457 5282 Domini,
2491 5233 2607 5287 qua:
2631 5235 2728 5274 nos
2751 5235 2924 5288 neque
2943 5223 3123 5276 dicere
3151 5225 3427 5281 audemus.
3466 5226 3659 5282 Deinde
3699 5225 3769 5285 di:

2229 5317 2393 5362 cunt:
2423 5310 2753 5375 Audivimus,
2787 5313 2911 5381 quia
2941 5315 3107 5371 clavis
3136 5316 3425 5374 inlixerunt
3457 5333 3644 5373 manus
3665 5316 3768 5384 ejus

2227 5409 2283 5456 et
2303 5402 2468 5470 pedes
2493 5419 2510 5458 :
2536 5404 2635 5460 hoc
2654 5413 2710 5460 et
2735 5421 2832 5461 nos
2859 5409 3021 5462 etiam
3047 5409 3310 5466 faciamus
3331 5412 3412 5477 ei;
3444 5421 3566 5467 tunc
3593 5412 3642 5466 in
3667 5424 3768 5464 ma-
3822 5420 3836 5442 ι

2226 5519 2328 5559 nus
2363 5514 2417 5558 et
2438 5505 2599 5574 pedes
2624 5507 2871 5578 imaginis
2899 5509 3108 5563 Domini
3141 5511 3427 5566 iunxerunt
3449 5510 3639 5565 clavos.
3680 5509 3766 5559 lte-

2229 5609 2347 5648 rum
2400 5595 2682 5652 saevientes
2730 5598 2982 5653 dixerunt
3012 5613 3025 5650 :
3055 5598 3388 5667 Audivimus,
3410 5599 3533 5669 quia
3556 5605 3701 5653 aceto
3717 5603 3766 5652 et

2229 5683 2351 5741 felle
2398 5696 2718 5756 potaverunt
2763 5703 2886 5744 eum
2923 5704 3044 5745 cum
3074 5691 3295 5761 spongia
3330 5705 3344 5745 :
3375 5690 3624 5746 faciamus
3654 5687 3698 5744 ei
3718 5689 3767 5738 et

2228 5793 2328 5836 nos
2355 5795 2370 5849 ;
2399 5788 2454 5838 et
2479 5779 2734 5858 fecerunt
2759 5793 3088 5856 apponentes
3111 5785 3179 5843 ad
3217 5800 3277 5844 os
3305 5784 3547 5857 imaginis
3575 5770 3764 5842 Domitii

3929 1273 3936 1298 ί
