3924 5556
165 446 269 502 Ξὸὃ

829 440 1202 497 INTERl’llE'l
1227 441 1378 500 ATIO
1419 441 1674 525 SYNODl
1707 443 1788 499 \‘Il
1830 439 2238 501 GENEIlAlJS.
2301 476 2369 485 —
2406 444 2608 503 ACTIO
2647 445 2733 501 IV.

168 560 439 632 spongiam
478 566 626 614 aceto
656 558 887 628 plenam.
919 556 1128 613 Rursus
1155 558 1339 613 dicunt
1368 573 1382 614 :
1412 558 1730 626 Didicimus,
1761 565 1808 622 Α
1837 558 2110 626 seniores,
2153 570 2207 618 et
2245 561 2472 631 populus
2509 560 2849 627 Judaeorum,
2891 562 3166 629 virorum,
3205 579 3403 633 puero-

165 652 282 720 quia
310 650 521 705 calamo
550 657 930 719 percusserunt
959 657 1120 718 caput
1151 647 1267 718 ejus
1297 659 1476 720 patres
1517 649 1684 705 nostri
1712 667 1727 705 :

166 745 213 799 id
257 745 430 812 ipsum
474 753 528 797 et
562 745 671 797 ‘nos
694 741 982 808 faciamus;
1015 753 1068 798 ct
1091 745 1414 814 accipientes
1444 746 1728 810 calamum,

164 827 525 904 percutiebaut
567 843 726 904 caput
765 835 998 889 Domini.
1036 834 1302 890 Cteterum
1335 837 1622 890 novissime
1647 835 1728 889 di-

165 932 284 977 cunt
310 940 334 976 τ
365 922 434 978 Ut
459 923 716 993 liquidius
743 925 1055 989 edocemur,
1086 925 1209 994 quia
1239 925 1424 980 lancea
1453 925 1592 982 latus
1617 926 1733 995 ejus

165 1025 502 1083 aperuerunt,
555 1016 686 1070 nihil
726 1016 1222 1087 praitcrmittamus,
1273 1017 1366 1070 sed
1395 1017 1652 1071 addamus
1677 1026 1733 1072 et

162 1107 283 1173 hoc;
311 1119 364 1162 et
386 1108 652 1163 facientes
677 1107 869 1162 deferri
894 1107 1161 1172 lanceam,
1211 1110 1580 1178 przeceperunt
1620 1109 1732 1163 cui-

162 1199 274 1253 dam
299 1214 521 1253 suorum
561 1199 742 1253 tollere
767 1198 1105 1262 lanceam,et
1133 1207 1424 1268 percutere
1439 1207 1624 1252 contra
1657 1198 1737 1251 la-

163 1296 241 1342 tus
274 1288 528 1357 imaginis
567 1288 795 1342 Domini.
833 1287 956 1342 Mox
983 1301 1109 1357 ergo
1141 1286 1410 1342 emanavit
1447 1286 1731 1340 multitudo

161 1380 430 1449 sanguinis
455 1389 510 1434 et
537 1395 690 1450 aqua:
707 1381 773 1434 ab
796 1396 877 1435 ea.
905 1379 1140 1444 Christe,
1164 1378 1334 1450 gloria
1365 1379 1458 1434 tibi
1491 1397 1504 1432 :
1529 1379 1732 1434 incom-

159 1471 552 1541 prehensibilis,
613 1471 782 1543 gloria
837 1471 935 1526 tibi
969 1488 983 1525 :
1016 1471 1136 1540 quis
1186 1469 1330 1525 sicut
1381 1480 1437 1525 tu
1471 1509 1487 1537 ,
1555 1469 1732 1525 Deus?

160 1563 270 1631 quis
315 1572 511 1634 prater
547 1573 624 1628 te,
657 1564 823 1628 Deus,
853 1561 1060 1617 faciens
1107 1561 1368 1616 terribilia
1399 1569 1456 1616 et
1486 1562 1732 1630 obstupe-

161 1654 380 1710 scenda?
409 1655 454 1711 Ο
481 1655 800 1710 miraculum
848 1653 1156 1709 Salvatoris
1186 1653 1356 1708 nostri
1388 1651 1689 1721 majestatis
1713 1653 1735 1705 ι

161 1745 487 1810 Horruerunt
535 1747 803 1802 veraciter
856 1755 911 1801 et
955 1744 1069 1813 jam
1112 1759 1276 1813 super
1299 1745 1436 1799 ﬁhoc
1484 1731 1732 1814 superna:

160 1838 374 1894 virtutes
439 1847 566 1896 tum.
616 1838 659 1894 Ο
693 1847 926 1906 quantus
971 1853 1031 1892 es
1061 1876 1078 1903 ,
1128 1837 1374 1900 Domine,
1415 1836 1481 1890 ad
1523 1834 1732 1889 humili-

1834 664 1990 713 rum,
2018 660 2071 703 et
2101 650 2380 704 mulierum
2419 651 2766 706 crediderunt
2807 653 2859 705 in
2901 652 3182 707 Dominum
3218 644 3410 709 Jesutt)

1832 735 2138 804 Christum,
2173 739 2514 793 clamantes:
2553 739 2734 796 Gloria
2783 741 2907 806 tibi,
2957 741 3199 808 Christe,
3245 758 3406 812 quem

1832 839 2014 899 patres
2043 831 2208 884 nostri
2241 831 2656 898 cruciﬁxerunt,
2687 833 2778 902 qui
2800 842 2856 887 et
2874 849 2902 885 a
2930 833 3085 888 nobis
3112 850 3251 890 nunc
3272 850 3400 889 cru-

1833 919 2024 974 ciﬁxus
2054 935 2112 974 es
2142 921 2193 973 in
2224 921 2455 992 imagine
2483 933 2593 976 tua.
2625 922 2807 978 Gloria
2848 924 2975 990 tibi,
3015 924 3116 980 Fili
3158 925 3282 989 Dei,
3310 923 3405 995 qui

1837 1023 1981 1068 tanta
2010 1013 2186 1068 fecisti
2217 1013 2478 1068 miracula
2507 1029 2520 1066 :
2554 1014 2646 1067 tibi
2674 1014 2946 1070 credimus
2973 1029 2988 1068 :
3015 1015 3278 1084 propitius
3302 1029 3402 1070 no-

1833 1105 1916 1160 bis
1961 1117 2111 1170 esto,
2161 1115 2215 1160 et
2249 1106 2463 1175 suscipe
2500 1121 2616 1160 nus.
2659 1104 2782 1159 Haec
2819 1105 3123 1160 clamabant
3164 1105 3409 1175 lugentes
3487 1145 3490 1154 ι

1831 1210 2056 1260 omnes,
2089 1205 2145 1250 et
2169 1210 2330 1252 voces
2353 1195 2758 1259 emittebantur,
2791 1202 2847 1248 et
2873 1193 3129 1256 miracula
3159 1193 3404 1264 perlicie-

1832 1284 2049 1350 bantur,
2081 1285 2311 1340 summis
2339 1284 2710 1340 sacerdotibus
2741 1285 3095 1355 ungentibus,
3118 1293 3172 1339 et
3195 1285 3413 1340 cunctis

1831 1378 2037 1432 curatis
2063 1386 2117 1432 et
2147 1377 2449 1432 vivilicatis.
2482 1375 2771 1444 Postquam
2800 1386 2979 1430 autem
3005 1390 3194 1430 omnes
3219 1374 3398 1431 sanati

1832 1479 1990 1534 sunt,
2033 1467 2321 1524 confestim
2361 1467 2427 1521 ad
2467 1466 2778 1537 episcopum
2815 1465 3168 1522 sanctissimae
3204 1463 3405 1520 constitv

1832 1569 1961 1614 tuta:
1990 1559 2100 1614 illic
2127 1558 2373 1616 ecclesia:
2394 1597 2410 1624 ,
2439 1557 2668 1628 qui'jam
2695 1572 2816 1627 quae
2842 1559 3058 1612 fuerant
3086 1556 3230 1612 facta
3265 1554 3403 1612 didi.

1836 1656 2030 1712 cerat,
2088 1645 2464 1701 multitudines
2514 1646 2806 1699 currebant
2857 1644 3200 1699 clamantes:
3251 1642 3406 1700 Unus
3487 1681 3489 1690 ι

1833 1737 1975 1793 Deus
2011 1735 2196 1803 Pater,
2224 1751 2364 1791 unus
2400 1735 2542 1790 Deus
2579 1735 2778 1802 Filius,
2818 1743 2874 1790 et
2908 1735 3022 1805 ipse
3055 1733 3396 1804 unigenitus:

1831 1847 1972 1894 unus
2007 1829 2285 1894 Christus,
2338 1841 2496 1897 quem
2546 1836 2726 1898 patres
2773 1827 2945 1881 nostri
2991 1826 3399 1880 eruciﬁxerunt.

161 1936 312 1992 tatetn
367 1927 511 2001 [ατη
571 1928 1031 2000 humanitatem]!
1087 1943 1122 1984 ο
1184 1937 1420 1997 quantus
1472 1928 1538 1981 ad
1611 1926 1698 1980 lon
1759 1916 1802 1984 Β
1831 1922 2005 1992 Ipsum
2047 1923 2213 1976 Deum
2248 1919 2526 1983 novimus,
2567 1919 2693 1974 huic
2739 1933 2838 1974 nos
2885 1918 3173 1973 credimus.
3223 1916 3406 1971 Multis

161 2018 566 2088 ganimitateml
637 2037 671 2072 o
734 2028 973 2089 quantus
1037 2032 1097 2072 es
1169 2017 1222 2070 in
1289 2015 1718 2072 misericordia!

159 2107 303 2165 Prius
348 2110 496 2164 enim
545 2119 764 2180 propter
812 2125 920 2164 nos
958 2117 1018 2164 et
1060 2117 1282 2179 prepter
1339 2108 1566 2161 salutem
1613 2121 1716 2161 no-

159 2211 338 2266 stram,
367 2215 492 2254 cum
521 2215 672 2256 esses
700 2200 817 2262 sine
841 2213 1030 2265 carne,
1062 2199 1375 2253 incarnatus
1407 2212 1474 2252 ex
1505 2195 1724 2264 Virgine

160 2287 347 2355 llaria,
373 2289 673 2350 cruciﬁxus
709 2305 768 2344 es
804 2290 857 2343 in
894 2289 983 2344 illa
1022 2303 1218 2354 carne,
1257 2303 1380 2342 cum
1419 2303 1570 2344 esses
1603 2287 1718 2357 ipse

160 2377 492 2448 impassibi-lis
519 2378 739 2434 deitate.
789 2377 944 2432 Nunc
989 2393 1119 2432 vero
1170 2377 1365 2432 iterum
1406 2377 1458 2432 in
1498 2377 1730 2443 imagine

159 2466 438 2522 cruciﬁxus
466 2482 558 2532 es,
594 2453 853 2532 Domine,
887 2467 940 2520 in
972 2466 1405 2538 redargutionem
1438 2467 1729 2536 impiorum

164 2567 212 2613 et
235 2560 471 2614 omnium
504 2559 905 2614 incredulorum
923 2597 940 2624 ,
971 2569 1133 2629 atque
1159 2559 1510 2624 stabilitatem
1537 2572 1724 2612 eorum

160 2651 239 2720 qui
263 2651 530 2706 veraciter
555 2651 609 2706 in
641 2659 694 2705 te
713 2651 962 2706 credunt.
991 2650 1096 2706 Sed
1119 2651 1288 2722 gloria
1316 2650 1408 2705 tibi
1429 2690 1442 2713 ,
1477 2650 1720 2713 Domine,

159 2739 239 2807 qui
266 2739 410 2794 solus
439 2739 622 2795 omnia
653 2749 840 2810 potes,
868 2756 972 2796 una
1004 2756 1124 2795 eum
1154 2739 1436 2795 benedicto
1475 2739 1584 2793 Deo
1629 2753 1724 2792 no-

164 2837 265 2885 stro
292 2840 347 2886 et
379 2830 575 2897 Patre,
627 2840 790 2902 atque
836 2847 960 2888 cum
1013 2829 1216 2901 Spiritu
1267 2838 1473 2886 sancto.
1526 2829 1725 2883 Amen.

158 2919 254 2974 Vos
277 2928 458 2978 autent
480 2960 496 2986 ,
524 2937 560 2977 o
595 2921 721 2986 ﬁlii,
755 2922 940 2978 audite
977 2921 1216 2990 reliqua,
1258 2937 1377 2990 quae
1414 2919 1723 2990 dispensata

157 3021 268 3066 sunt
291 3014 359 3068 ab
387 3015 578 3069 eodem
625 3015 891 3070 Domino:
934 3015 1103 3085 ipsius
1142 3015 1286 3071 enim
1330 3023 1449 3070 erat
1496 3014 1725 3085 permis-

158 3101 244 3157 sio.
294 3103 538 3175 Denique
579 3115 864 3176 postquam
901 3121 1214 3176 percussum
1253 3115 1336 3162 est
1364 3106 1549 3161 lancea
1582 3105 1723 3159 latus

157 3192 380 3262 ejusdem
411 3194 659 3265 imaginis
699 3194 949 3260 Domini,
998 3207 1054 3250 et
1102 3197 1375 3252 emanavit
1421 3195 1639 3266 sanguis
1667 3202 1723 3249 et

1827 2015 2008 2084 itaque
2062 2013 2308 2068 laudibus
2353 2011 2718 2083 gloriﬁcantes
2755 2011 2920 2066 Deum
2947 2049 2964 2074 ,
3004 2007 3407 2084 imaginemque

1824 2107 2231 2174 archiepiscopo
2279 2104 2708 2157 demonstrantes
2731 2140 2746 2166 ,
2779 2110 2834 2155 et
2863 2099 3244 2154 annuntiantes
3281 2114 3403 2168 qua:
3489 2157 3494 2160 _

1825 2199 2067 2253 fecerant
2089 2195 2304 2266 imagini
2331 2193 2541 2249 Domini
2564 2234 2579 2259 ,
2608 2191 2840 2262 qualiter
2857 2199 2912 2248 et
2941 2191 3161 2262 sanguis
3183 2198 3238 2244 et
3261 2204 3408 2258 aqua

1823 2290 2072 2346 exierunt
2099 2304 2164 2343 ex
2198 2288 2368 2342 latere
2400 2286 2653 2354 imaginis
2673 2325 2688 2350 ,
2723 2298 2933 2340 necnon
2966 2291 3020 2337 et
3049 2282 3258 2337 inﬁnita
3297 2281 3401 2335 mi-

1824 2381 2006 2436 racula
2041 2395 2162 2450 quae
2200 2377 2345 2435 facta
2367 2387 2546 2442 “sunt;
2583 2377 2655 2432 ita
2689 2389 2879 2430 omnes
2908 2373 3314 2438 multitudines,
3341 2380 3408 2427 ut
3493 2408 3495 2410 -

1825 2481 2016 2528 sancto
2047 2471 2373 2541 baptismate
2400 2469 2545 2540 digni
2578 2467 2800 2531 ﬁerent,
2831 2464 3218 2536 supplicabant.
3254 2462 3404 2530 Quos

1822 2565 2104 2633 episcopus
2133 2578 2236 2617 una
2285 2577 2409 2618 cum
2452 2560 2599 2616 clero
2627 2575 2726 2614 suo
2754 2565 3058 2626 assumptos
3087 2554 3214 2627 {Gn
3268 2554 3414 2608 add-

1823 2666 1878 2709 et
1907 2655 2144 2708 initiatos
2167 2652 2222 2723 l,
2251 2667 2439 2707 omnes
2466 2650 2757 2719 baptizavit
2795 2663 2890 2718 per
2925 2647 3123 2702 multos
3159 2646 3305 2709 dios,
3343 2653 3400 2698 et

1821 2759 2147 2815 synagogam
2173 2759 2360 2798 eorum
2383 2741 2668 2796 ecclesiam
2689 2737 2963 2794 Salvatori.
2983 2745 3166 2792 nostro
3185 2734 3405 2790 Christo

1823 2835 2042 2890 dicavit.
2072 2833 2180 2888 lllis
2207 2841 2388 2887 autem
2416 2830 2729 2901 rogantibus
2748 2867 2766 2893 ,
2788 2827 2956 2884 etiam
2983 2835 3206 2881 caeteras
3235 2838 3402 2893 syna-

1822 2939 1986 2996 gogas
2005 2938 2192 2978 eorum
2219 2920 2476 2991 martyria
2499 2919 2656 2975 fecit:
2683 2926 2740 2973 et
2763 2917 2843 2973 sic
2862 2916 3114 2988 gaudium
3141 2926 3399 2982 magnum
3496 2946 3498 2953 ι

1821 3017 2020 3072 factum
2051 3025 2137 3070 est
2161 3015 2213 3069 in
2239 3012 2459 3070 civitate
2486 3011 2599 3075 illa,
2629 3025 2736 3066 non
2762 3009 2935 3065 solum
2960 3006 3278 3077 corporibus
3304 3017 3397 3058 sa-

1821 3109 1964 3164 natis
1989 3115 2045 3163 et
2073 3105 2388 3170 viviﬁcatis,
2417 3102 2511 3160 sed
2549 3112 2606 3158 et
2638 3111 2718 3158 tot
2749 3097 3035 3156 animabus
3069 3096 3121 3150 in
3160 3094 3323 3149 vitam
3363 3108 3398 3150 a
3495 3140 3497 3144 ,

1822 3202 2052 3258 mortuis
2088 3198 2436 3255 redeuntibus
2464 3206 2745 3252 aeternam.
2802 3192 2926 3246 llaac
2963 3200 3258 3260 agnoscens
3293 3198 3398 3254 ego

163 3297 319 3353 aqua,
349 3294 410 3338 ut
437 3285 688 3355 superius
716 3285 917 3341 dictum
942 3295 1028 3341 est
1048 3327 1062 3352 ,
1093 3287 1278 3356 dicunt
1307 3287 1499 3340 summi
1531 3301 1723 3342 sacer-
1745 3270 1788 3332 C
1823 3293 2072 3349 festinavi
2101 3293 2341 3346 indicare
2367 3289 2540 3354 vobis,
2565 3286 2764 3342 fratres
2785 3279 3166 3344 amantissimi,
3192 3277 3259 3332 ad
3289 3275 3396 3330 uti-2

159 3372 296 3430 dotes
322 3390 510 3430 eorum
535 3385 590 3432 et
618 3377 861 3433 seniores
887 3395 900 3432 :
933 3377 1195 3445 Quoniam
1222 3389 1505 3433 susurrant
1532 3377 1713 3433 coleu-

157 3472 226 3519 tes
254 3480 409 3537 eum,
448 3466 592 3536 quod
627 3468 888 3523 sanitates
924 3469 1120 3524 multas
1165 3468 1388 3534 fecerit,
1434 3485 1713 3525 sumamus

155 3566 270 3623 ergo
311 3555 626 3627 sanguinem
674 3557 817 3612 hunc
853 3566 909 3612 et
946 3573 1141 3631 aquam
1164 3599 1178 3624 ,
1215 3569 1270 3613 et
1306 3558 1610 3613 deferamus
1649 3561 1714 3614 ad

155 3657 464 3717 synagogam
490 3687 511 3713 ,
549 3655 606 3702 et
640 3647 956 3719 colligamus
993 3664 1182 3705 omnes
1218 3649 1308 3719 qui
1343 3649 1480 3704 male
1519 3650 1716 3704 habent

155 3734 202 3790 in
242 3738 436 3808 populo
482 3746 539 3794 et
585 3755 851 3811 ungamus
897 3755 994 3802 eos
1037 3756 1102 3796 ex
1153 3741 1276 3806 illo,
1327 3751 1383 3796 et
1435 3743 1721 3798 videamus

161 3828 200 3882 si
232 3843 356 3885 vera
391 3841 519 3886 sunt
555 3845 677 3901 qua:
722 3831 1001 3888 dicuntur.
1035 3831 1185 3888 Tunc
1229 3833 1513 3888 afferentes
1556 3834 1720 3889 lateri

154 3913 310 3976 iconte
337 3920 550 3976 Domini
575 3935 673 3976 vas
700 3921 992 3978 secundum
1020 3921 1192 3977 locum
1219 3923 1466 3993 imaginis
1491 3939 1715 3992 percus-

155 4008 310 4064 sionis
339 4009 574 4075 lancem,
620 4012 768 4066 unde
799 4012 967 4066 exivit
1002 4011 1222 4082 sanguis
1251 4021 1304 4066 et
1331 4027 1469 4082 aqua
1490 4053 1504 4076 ,
1536 4013 1711 4082 reple-

154 4109 330 4154 verunt
353 4101 646 4172 ampullam
677 4102 743 4156 ad
775 4101 950 4158 locum
983 4100 1336 4172 jugulationis
1374 4102 1616 4157 lanceae:
1656 4112 1711 4157 ct

159 4187 463 4256 inferentes,
495 4191 832 4246 illudebant:
864 4200 918 4246 ut
951 4189 1166 4258 injuriis
1192 4199 1539 4261 appeterent,
1571 4193 1711 4247 sicut

157 4280 432 4346 putabant,
471 4297 657 4337 coram
697 4282 950 4358 omnibus
987 4283 1360 4338 universorum
1403 4285 1704 4339 Dominum.

156 4365 214 4420 Et
236 4369 470 4425 collectis
507 4371 760 4426 omnibus
797 4371 893 4441 qui
924 4370 1066 4427 male
1105 4371 1405 4436 habebant,
1435 4382 1560 4427 ante
1588 4388 1706 4427 om-

158 4473 242 4514 nes
274 4462 663 4533 paralyticum,
689 4476 848 4532 quem
888 4477 918 4516 a
957 4463 1240 4518 nativitate
1275 4473 1568 4528 noverant,
1607 4466 1703 4518 ad-

153 4546 386 4606 ducentes
410 4558 687 4607 unxerunt
712 4567 726 4604 :
749 4559 806 4606 et
830 4551 1011 4606 statim
1039 4552 1180 4606 saliit
1201 4593 1215 4617 ,
1237 4561 1291 4606 et
1319 4553 1518 4609 exsiliit
1541 4570 1705 4609 sanus

153 4634 293 4698 boum
314 4642 547 4710 penitus.
581 4641 786 4696 Deinde
814 4656 988 4696 caecos
1017 4642 1378 4707 adduxerunt,
1402 4645 1492 4714 qui
1522 4654 1575 4698 et
1605 4646 1705 4714 ipsi

153 4726 301 4783 visum
329 4738 671 4802 receperunt.
713 4731 1044 4787 Dzemonium
1082 4748 1209 4789 vero
1247 4734 1520 4803 patientes
1557 4735 1573 4807 [
1604 4731 1698 4789 Cr.

153 4817 258 4871 add.
286 4819 598 4893 innumeri]
639 4836 766 4878 mox
801 4822 1074 4878 emundati
1105 4832 1250 4878 sunt.
1282 4822 1542 4877 Turbalio
1573 4840 1704 4894 quo-

151 4920 240 4975 que
269 4925 458 4982 magna
495 4921 552 4967 et
591 4911 802 4966 inﬁnita
841 4926 936 4981 per
975 4920 1139 4967 totam
1189 4913 1464 4969 civitatem
1511 4913 1700 4969 eﬁ‘ecta

153 5003 249 5060 est,
273 5000 480 5056 cunctis
505 4999 900 5056 conﬂuentibus
929 5010 1146 5071 propter
1175 5002 1387 5058 inﬁnita
1420 5003 1700 5059 miracula.

153 5082 421 5145 Commota:
457 5102 639 5147 autem
675 5099 802 5146 sunt
837 5107 1032 5148 omnes
1061 5092 1440 5149 multitudines
1487 5093 1700 5150 Judaro-

153 5188 249 5232 rum
277 5198 290 5232 :
322 5181 506 5251 plures
533 5184 679 5238 enim
707 5182 981 5240 civitatem
1021 5185 1356 5243 habitabant.
1397 5184 1700 5244 Currebant

151 5277 255 5337 ergo
285 5269 526 5326 ferentes
557 5286 653 5328 eos
685 5287 821 5342 quos
857 5275 910 5329 in
950 5274 1198 5333 domibus
1239 5275 1355 5330 suis
1393 5274 1695 5343 habebant,

151 5367 384 5430 quotquot
399 5362 675 5429 habebant
699 5362 1032 5435 languentes,
1057 5379 1150 5425 aut
1196 5364 1527 5438 paralyticos
1565 5367 1696 5441 [σν.

152 5451 259 5500 add.
283 5463 369 5498 an!
402 5452 618 5500 cla-ulmi
655 5453 672 5496 Ί
731 5464 822 5504 aut
849 5456 1053 5502 dohilne

1116 5469 1206 5500 nn!
1241 5457 1422 5496 QII-illnc
1491 5470 1579 5498 nul
1623 5460 1698 5498 Ιρ-

1817 3387 2024 3440 litatem
2057 3385 2362 3438 animarum
2386 3389 2688 3435 vestrarum
2713 3394 2726 3430 :
2755 3384 2816 3431 ut
2838 3378 3227 3444 cognoscentes
3249 3376 3308 3422 et
3335 3366 3393 3421 in

1818 3479 1922 3533 hoc
1957 3475 2051 3530 Dei
2087 3483 2143 3528 et
2177 3471 2474 3528 Salvatoris
2513 3468 2679 3524 nostri
2707 3465 2832 3521 Jesu
2862 3461 3062 3519 Christi
3103 3459 3392 3520 virtutem,

1816 3569 1936 3640 plus
1965 3566 2165 3636 aliquid
2191 3566 2243 3618 in
2275 3563 2379 3617 ﬁde
2406 3561 2574 3632 ipsius
2608 3551 3034 3615 conﬁrmemini,
3064 3557 3120 3604 et
3149 3545 3390 3602 exsulte-

1818 3662 1886 3716 tis
1917 3674 2078 3727 super
2105 3653 2438 3726 magnalibus
2465 3651 2602 3720 ejus,
2634 3662 2756 3716 qua:
2778 3661 2921 3699 nunc
2944 3642 3108 3698 etiam
3135 3645 3397 3708 operatus

1816 3760 1917 3806 est.
1945 3749 2078 3802 Date
2114 3761 2244 3817 ergo
2278 3744 2376 3814 ipsi
2407 3742 2629 3813 gloriam
2663 3755 2784 3793 eum
2816 3735 2999 3791 laetitia
3036 3734 3090 3786 in
3128 3744 3391 3799 compun-

1813 3844 1991 3898 ctione
2028 3848 2083 3892 et
2123 3839 2390 3896 lamento,
2430 3833 2725 3904 gaudentes
2779 3838 2836 3884 et
2881 3826 3084 3898 gratias
3135 3831 3394 3894 agentes,

1813 3935 1936 4005 quia
1967 3949 2060 3989 sua
2092 3947 2188 3985 nos
2216 3930 2352 3993 lide,
2379 3937 2434 3982 et
2460 3941 2555 3981 sua
2585 3924 2714 3979 fecit
2749 3921 3026 3992 agnitione
3063 3918 3260 4005 dignos
3285 3913 3306 3985 [
3331 3913 3392 4005 in.

1812 4002 2025 4078 Christo
2078 4019 2200 4074 Jesu
2256 4018 2480 4071 Domino
2529 4011 2778 4080 nostro],
2818 4025 2942 4067 cum
2978 4023 3086 4079 quo
3144 4016 3201 4061 et
3235 4002 3388 4059 Patri

1811 4131 1915 4170 una
1953 4129 2074 4168 cum
2129 4111 2330 4182 Spiritu
2381 4117 2570 4164 sancto
2607 4105 2776 4178 gloria
2813 4117 2958 4159 nunc
2995 4109 3051 4157 et
3086 4111 3298 4169 semper
3333 4102 3398 4150 et

1809 4205 1865 4260 in
1903 4201 2096 4258 saecula
2137 4201 2476 4256 saeculorum.
2505 4198 2697 4252 Amen.

1880 4294 2269 4351 Constantinus
2302 4289 2680 4345 sanctissimus
2721 4284 3010 4356 episcopus
3055 4277 3390 4337 Constantia:

1807 4386 1968 4458 Cypri
2001 4386 2136 4440 dixit
2167 4402 2179 4437 :
2217 4383 2296 4437 En
2333 4391 2388 4436 et
2423 4381 2470 4434 is
2501 4379 2594 4450 qui
2631 4378 2699 4432 ab
2738 4373 3145 4432 immortalitate
3181 4385 3396 4442 cogno-.~

1807 4478 2042 4531 minatus
2088 4482 2202 4538 est,
2251 4481 2417 4527 totam
2469 4476 2710 4523 sanctam
2761 4464 3026 4536 synodum
3071 4462 3212 4516 hanc
3257 4458 3388 4513 fecit

1810 4565 2094 4636 compungi
2125 4572 2180 4618 et
2204 4558 2490 4631 lacrymari
2519 4571 2534 4611 :
2571 4555 2826 4627 quoniam
2867 4569 2972 4607 non
3012 4550 3186 4607 solum
3222 4562 3393 4602 vene-

1810 4658 2006 4713 randas
2033 4670 2153 4712 esse
2182 4651 2462 4723 cognovit,
2492 4664 2681 4704 verum
2710 4647 2872 4702 etiam
2905 4645 3166 4700 maximas
3187 4652 3392 4710 gerere-

1807 4747 2086 4804 sanitates.

1877 4836 2134 4891 Tarasius
2179 4829 2554 4887 sanctissimus
2593 4825 2901 4899 patriarcha
2929 4823 3100 4879 dixit:
3153 4819 3258 4874 Sed
3313 4830 3396 4871 ne.

1806 4925 1928 4997 quis
1982 4925 2127 4980 dicat
2193 4936 2292 4976 cur
2356 4919 2456 4974 illa!
2505 4920 2702 4978 iconze,
2745 4928 2866 4986 qua:
2902 4913 3042 4984 apud
3081 4924 3179 4964 nos
3216 4915 3382 4969 sunt,

1806 5019 2068 5074 miracula
2121 5015 2342 5070 minime
2386 5010 2632 5067 faciunt?
2658 5007 2738 5062 Ad
2776 5021 2937 5076 quem
2977 5001 3380 5074 respondemus».

1803 5108 1976 5176 Quia,
2011 5110 2152 5166 sicut
2180 5104 2467 5175 Apostolus
2511 5105 2587 5159 ait
2618 5098 2687 5172 (Ι
2720 5098 2844 5153 Cor.
2876 5099 3033 5168 Juv),
3071 5095 3221 5166 signa
3254 5092 3399 5147 inﬁr

1803 5198 2041 5268 delibus,
2071 5213 2177 5254 non
2204 5195 2449 5250 ﬁdelibus
2473 5196 2596 5250 data
2625 5199 2769 5245 sunt.
2803 5186 2939 5244 Nam
2969 5189 3062 5262 qui
3097 5188 3163 5242 ad
3202 5181 3391 5252 imagi-

1803 5299 1927 5340 nem
1961 5285 2316 5347 accedebant,
2349 5282 2593 5338 inﬁdeles
2621 5287 2778 5334 erant
2803 5294 2816 5330 :
2846 5274 3384 5350 prapterea‘signum

1802 5375 1933 5432 fecit
1985 5381 2128 5436 Deus
2177 5390 2276 5445 per
2325 5375 2616 5444 imaginem
2646 5407 2662 5434 ,
2713 5377 2772 5423 ut
2805 5368 2928 5426 illos
2963 5371 3202 5426 traheret
3227 5364 3292 5417 ad
3323 5361 3390 5414 ﬁ-

3341 5463 3369 5472 δν

1804 5464 1924 5500 Aona
1959 5479 2196 5506 uncti-om
2219 5461 2650 5515 Chrieliannrnm
2699 5456 2979 5502 Ῐῖοηυηιιὸρ
3002 5458 3143 5490 Αηίηη
3169 5450 3307 5486 ·“¹¹²¹¹¹’
3341 5455 3386 5472 ”’

3301 450 3418 522 sse
3488 461 3492 468 -
