3924 5426
491 447 601 518 987

1630 455 1985 515 ANASTASII
2025 427 2562 515 sinuetur-mnu

3612 448 3723 506 288

537 580 623 640 Ex
645 577 866 653 epistola
892 580 1025 637 beati
1057 577 1168 635 Nili
1192 578 1260 634 ad
1289 575 1628 632 Heliodorum
1656 574 2022 630 silentiart'um.
2083 576 2135 635 Α
2231 572 2429 627 Sancta
2484 546 2717 642 synodus
2757 567 2892 623 dixit
2922 583 2935 623 :
2966 563 3251 622 Ostensum
3298 572 3404 630 est,
3448 543 3579 635 quia
3621 577 3725 633 per

571 750 676 807 Per
709 767 773 807 ea
808 766 928 821 quae
963 766 1058 821 per
1085 749 1293 821 singula
1335 742 1448 805 loca
1479 759 1533 805 et
1570 750 1623 804 in
1660 749 1884 804 diversis
1923 756 2056 803 tem-

503 843 726 914 poribus
756 842 990 912 quotidie
1026 841 1158 895 ﬁunt
1194 840 1481 904 miracula,
1524 840 1778 894 Dominus
1810 839 1910 893 hos
1945 838 2065 908 qui-

506 932 635 985 dem
657 930 748 999 qui
781 931 1000 985 modica:
1028 938 1153 1005 sunt
1189 929 1347 995 ﬁdei,
1388 945 1592 984 necnon
1630 938 1686 983 et
1722 928 1961 984 infideles
1998 929 2065 983 ad

506 1021 854 1093 stabilitatem
882 1020 1016 1074 ‘lidei
1049 1020 1236 1074 invitat
1264 1037 1278 1074 :
1312 1019 1546 1074 ﬁdelium
1578 1033 1709 1072 vero
1738 1019 1892 1072 iidem
1912 1056 1927 1082 ,
1959 1017 2066 1071 imo

415 1134 419 1139 -
504 1120 562 1164 et
608 1126 757 1180 spem
804 1124 1050 1165 crescere
1095 1110 1267 1174 facit,
1304 1119 1361 1165 et
1392 1125 1610 1181 gravem
1648 1118 1704 1164 et
1740 1107 2065 1163 immobilem

409 1204 417 1212 '
506 1201 840 1255 demonstrat
868 1200 1209 1270 prudentiam
1238 1196 1539 1272 [Sensum].
1572 1201 1639 1255 Et
1664 1200 1785 1254 volo
1816 1199 1908 1253 tibi
1939 1198 2068 1268 quid

503 1302 668 1342 unum
701 1304 764 1342 ex
805 1288 957 1343 denis
994 1288 1229 1343 millibus
1267 1288 1503 1343 Platonis
1542 1288 1709 1342 nostri
1749 1297 1948 1356 tropaea
1986 1300 2072 1340 re.

506 1378 772 1448 portantis
800 1379 1134 1450 et'martyris
1162 1379 1321 1434 modo
1348 1394 1571 1433 narrare
1596 1392 1611 1431 :
1642 1377 1732 1448 qui
1763 1392 1866 1431 non
1898 1376 2070 1431 solum

506 1467 564 1522 in
601 1468 777 1536 patria
815 1476 999 1523 nostra
1030 1509 1045 1532 ,
1084 1469 1178 1523 sed
1215 1469 1270 1522 in
1308 1469 1453 1523 omni
1492 1467 1709 1522 civitate
1745 1481 1809 1520 ae
1854 1466 2072 1534 regione

508 1556 851 1629 paratissime
913 1560 1140 1631 gratiam
1198 1561 1388 1626 donat,
1451 1567 1507 1614 et
1562 1558 1798 1615 ostendit
1850 1556 1934 1612 his
1978 1556 2071 1625 qui

506 1649 675 1705 Deum
714 1648 821 1721 per
867 1665 989 1705 eum
1038 1650 1335 1720 postulant,
1388 1648 1753 1704 admirabilem
1805 1644 2074 1701 fortitudi-

510 1754 656 1795 nem.
694 1739 755 1794 in
791 1749 975 1795 monte
1001 1739 1198 1810 quippe
1225 1739 1316 1809 qui
1346 1747 1568 1794 vocatur
1601 1738 1762 1804 Sina,
1800 1737 1890 1792 ubi
1930 1736 2075 1807 Moy-

507 1844 598 1886 ses
632 1846 662 1885 a
708 1831 819 1885 Deo
872 1829 1042 1901 legem
1088 1830 1294 1900 accepit
1317 1870 1333 1889 .
1383 1829 1658 1884 monachis
1708 1827 2076 1883 habitantibus

2162 662 2447 733 imaginem
2493 660 2774 730 martyris,
2820 673 2937 728 quae
2980 657 3080 713 sibi
3108 664 3232 711 ante
3273 654 3450 712 fuerat
3487 655 3720 726 cognita,

2163 752 2378 824 agnovit
2403 766 2524 806 eum
2548 758 2832 813 astantem,
2859 763 2980 804 cum
3004 747 3210 802 salvare
3236 747 3384 801 illum
3411 746 3583 802 venit.

2233 842 2546 897 Theodorus
2567 838 2943 894 sanctissimus
2965 837 3243 908 episcopus
3261 836 3533 909 Myrorum
3554 835 3724 901 dixit:

2164 933 2299 1001 Quia
2324 941 2378 987 et
2407 946 2509 1002 ego
2528 937 2866 1001 przeostensae
2888 928 3125 984 historiae
3144 928 3336 982 similia
3363 942 3561 999 passus
3583 941 3722 985 sum.

2165 1022 2297 1077 Nam
2327 1037 2447 1077 cum
2479 1019 2727 1088 injuriam
2765 1027 2980 1088 paterer
3005 1034 3034 1072 a
3072 1018 3389 1088 quibusdam
3412 1016 3725 1088 principali-

2164 1110 2266 1164 bus
2293 1108 2557 1172 manibus,
2586 1091 2719 1161 dixit
2744 1107 2874 1161 mihi
2898 1106 3306 1161 archidiaconus
3333 1120 3506 1169 meus,
3533 1104 3620 1159 vir
3644 1119 3727 1159 re-

2166 1200 2384 1270 ligiosus
2409 1214 2473 1254 ac
2498 1200 2690 1254 timens
2713 1198 2881 1252 Deum
2916 1214 2931 1251 :
2972 1196 3107 1264 Quia
3141 1197 3250 1252 vidi
3274 1196 3643 1266 patriareham
3668 1195 3728 1252 in

2165 1292 2372 1346 visione
2400 1290 2689 1354 dicentem,
2721 1289 2842 1358 quia
2869 1288 3120 1343 ascendat
3141 1288 3210 1343 ad
3239 1301 3340 1343 nos
3369 1285 3729 1356 metropolita,

2167 1390 2223 1438 et
2244 1398 2430 1438 omnes
2454 1397 2542 1437 res
2567 1382 2684 1452 ejus
2707 1381 3174 1451 dispensabuntur,
3205 1389 3266 1436 ut
3290 1381 3508 1451 expedit
3542 1381 3615 1435 ei.
3644 1379 3727 1435 lu-

2170 1475 2436 1544 terrogavi
2480 1488 2610 1545 ergo
2652 1488 2779 1544 ego-
2810 1474 3266 1539 archidiaconum,
3319 1472 3549 1529 dicens:
3579 1470 3735 1539 Quali

2170 1562 2339 1618 forma
2364 1564 2611 1634 apparuit
2649 1563 2742 1618 tibi
2766 1563 3109 1633 patriarcha?
3144 1573 3200 1618 et
3244 1562 3524 1632 respondit
3552 1560 3689 1617 mihi
3714 1576 3735 1616 :

2170 1642 2304 1718 Quia
2327 1653 2653 1708 rubicundus
2681 1652 2838 1717 facie,
2868 1661 2924 1708 et
2951 1652 3105 1709 senili
3143 1667 3315 1709 coma.
3362 1652 3475 1708 Aio
3511 1666 3616 1721 ego
3642 1652 3692 1708 ei
3718 1668 3740 1706 τ

2172 1741 2306 1807 Quia
2336 1730 2641 1811 patriarcha
2680 1755 2786 1795 non
2814 1748 2896 1797 est
2937 1741 3059 1796 talis
3099 1741 3319 1797 visionis
3344 1740 3600 1813 [formas],
3644 1741 3741 1796 sed

2173 1830 2337 1884 vestis
2367 1831 2527 1886 habet
2545 1830 2714 1886 sancti
2743 1828 2944 1884 Nicolai
2974 1830 3260 1900 imaginem
3298 1847 3313 1884 :
3345 1838 3401 1884 et
3428 1829 3570 1884 bene
3590 1842 3738 1883 asse-

509 1918 776 1988 indigenis
836 1926 891 1973 et
949 1919 1281 1989 peregrinis,
1349 1932 1488 1973 unus
1548 1916 1767 1989 quidam
1826 1916 2070 1971 Virorum
2099 1914 2147 1976 Β
2172 1921 2265 1977 ris.
2291 1920 2422 1976 Nam
2450 1920 2755 1991 hujusmodi
2781 1921 2966 1978 forma:
2991 1934 3102 1987 est,
3135 1938 3294 1993 quem
3320 1923 3526 1979 vidisti.
3559 1923 3740 1978 Atille

509 2025 709 2080 genere
759 2008 947 2065 Galata
997 2023 1102 2064 una
1150 2024 1271 2064 cum
1325 2007 1542 2079 proprio
1587 2006 1697 2061 filio
1747 2005 2073 2075 singularem

510 2100 963 2174 [monasticam]
1019 2101 1295 2172 amplexus
1360 2100 1525 2155 vitam
1584 2100 1803 2170 degebat
1835 2137 1849 2161 ,
1908 2098 2080 2153 conti-

511 2191 709 2247 nentize
770 2191 1065 2247 certamina
1129 2190 1435 2261 transigens
1496 2189 1666 2244 multo
1723 2196 1963 2258 tempore
2020 2188 2075 2242 in

510 2282 747 2338 deserto.
799 2282 865 2337 Et
906 2296 1035 2337 ecce
1075 2284 1307 2351 quadam
1353 2281 1441 2337 die
1491 2290 1713 2352 repente
1755 2280 1973 2350 quidam
2022 2279 2077 2334 in

510 2374 768 2445 praedicto
805 2384 983 2429 monte
1021 2374 1275 2446 religione
1315 2374 1526 2430 barbari
1567 2371 1734 2447 [Gr.,
1760 2370 1997 2444 pagani]
2024 2379 2081 2426 et

512 2458 858 2520 detestabiles
892 2466 1161 2521 irruentes
1209 2465 1671 2535 comprehendunt
1713 2478 1824 2528 eos,
1883 2462 1975 2533 qui
2024 2462 2078 2516 in

510 2562 761 2626 promptu
789 2572 852 2612 ex
881 2556 965 2611 his
989 2565 1043 2611 et
1064 2556 1545 2627 impraesentiarum
1575 2554 1776 2610 inventi
1813 2563 1937 2609 sunt
1966 2568 2085 2608 mo-

512 2645 674 2700 nachi
697 2660 803 2699 una
837 2661 957 2701 cum
984 2645 1093 2701 ﬁlio
1128 2646 1273 2701 senis
1301 2644 1525 2711 Galatm,
1554 2655 1609 2701 et
1636 2644 1689 2698 in
1715 2642 2081 2713 captivitatem

513 2735 735 2792 ducunt.
763 2734 909 2803 Quos
945 2745 1001 2792 et
1026 2736 1253 2805 ligantes
1279 2745 1400 2807 post
1423 2743 1654 2807 tergum,
1681 2733 1877 2790 multas
1901 2745 2081 2789 trans-

514 2834 646 2881 eunt
670 2827 977 2883 mansiones
1018 2827 1278 2903 desertas,
1318 2825 1530 2897 jejunos
1551 2835 1606 2882 et
1626 2826 1799 2882 nudos
1818 2826 2087 2880 minantes

514 2928 630 2981 eos,
676 2930 776 2971 nec
818 2916 1072 2972 calciatos
1101 2917 1322 2986 penitus
1354 2915 1537 2985 aliquo
1576 2914 1950 2979 calciamenta,
1985 2927 2088 2983 per

516 3006 606 3062 illa
647 3007 903 3077 inaquosa
930 3014 986 3060 et
1012 3007 1326 3076 asperrima,
1368 3014 1422 3062 et
1466 3005 1669 3063 nullius
1706 3005 2085 3062 consolationis

516 3096 657 3164 loca,
681 3097 733 3152 vi
762 3106 818 3153 et
855 3098 1174 3153 necessitate
1200 3098 1625 3162 circumeuntes,
1654 3106 1710 3152 et
1737 3097 1946 3151 infinito
1989 3111 2088 3167 pa-

517 3201 649 3242 vore
668 3188 934 3245 detentos.
967 3186 1124 3242 Solus
1146 3195 1323 3242 autem
1355 3189 1406 3242 in
1438 3189 1670 3258 quodam
1710 3189 1892 3243 abdito
1922 3203 2089 3258 specu

2172 2012 2453 2082 respondit
2479 2012 2631 2077 mihi,
2664 2012 2789 2082 quia
2832 2013 2995 2067 etiam
3030 2013 3152 2068 talis
3177 2026 3362 2068 revera
3394 2013 3586 2068 formae
3629 2013 3739 2069 vidi

2171 2099 2367 2165 virum,
2394 2100 2482 2169 qui
2514 2101 2629 2157 hinc
2660 2102 2788 2156 mihi
2819 2100 3028 2157 locutus
3067 2110 3169 2157 est.
3212 2102 3288 2157 Ex
3335 2103 3439 2158 hoc
3485 2116 3617 2171 ergo
3648 2118 3740 2158 eo-

2174 2191 2533 2263 gnovi,.quod
2572 2200 2787 2247 sanctus
2814 2190 3065 2246 Nicolaus
3096 2193 3146 2247 ei
3181 2193 3523 2263 apparuerit,
3550 2207 3647 2264 per
3669 2194 3743 2247 si-

2175 2281 2557 2347 militudinem,
2589 2298 2709 2353 quae
2739 2283 2793 2337 in
2829 2283 2982 2338 icona
3028 2292 3165 2338 erat.
3214 2283 3331 2339 Mox
3357 2297 3487 2355 ergo
3512 2284 3740 2340 credens

2176 2374 2362 2437 verbo,
2388 2373 2602 2429 ascendi
2625 2374 2691 2428 ad
2714 2374 2824 2429 Deo
2841 2374 3264 2431 conservandam
3289 2366 3493 2445 regiam
3514 2374 3702 2431 urbem
3725 2393 3740 2429 :

2178 2472 2233 2520 et
2259 2465 2436 2518 omnia
2463 2465 2672 2534 negotia
2704 2479 2845 2531 mea,
2875 2480 2994 2536 quae
3018 2480 3136 2520 meo
3164 2465 3509 2536 pertinebant
3535 2466 3745 2537 episco-

2177 2554 2289 2625 pio,
2312 2553 2453 2610 facta
2479 2564 2604 2611 sunt
2623 2564 2767 2626 apta.

2253 2642 2491 2698 Thomas
2525 2642 3009 2698 reverendissimus
3026 2644 3306 2716 presbyter
3322 2652 3378 2700 et
3404 2644 3584 2700 locum
3615 2645 3753 2699 reti-

2182 2747 2318 2789 nens
2349 2732 2701 2789 Orientalium
2738 2733 3047 2803 pontificum
3085 2735 3261 2790 dixit:
3292 2734 3606 2791 Susurrant-
3627 2735 3749 2803 qui-

2183 2827 2304 2903 dam
2331 2826 2397 2881 de
2417 2835 2604 2882 sancto
2624 2822 2763 2891 Nilo,
2791 2828 2915 2897 quia
2942 2836 3127 2883 eontra
3154 2828 3337 2884 iconas
3359 2828 3670 2899 scripserit;
3696 2836 3757 2883 et

2183 2915 2304 2971 ideo
2329 2930 2439 2985 pra:
2468 2917 2715 2972 manibus
2740 2916 3133 2972 habeo'librum
3172 2916 3411 2988 ejusdem
3448 2917 3630 2973 Patris
3657 2937 3671 2971 :
3697 2926 3755 2973 et

2184 3004 2228 3060 si
2239 3001 2443 3072 jubetis
2475 3004 2702 3075 legatur.

2258 3091 2458 3148 Sancta
2486 3095 2723 3164 synodus
2746 3094 2881 3149 dixit
2920 3112 2933 3149 :
2970 3094 3219 3167 Legatur.

2259 3184 2483 3242 Cosmas
2530 3185 2641 3241 Deo
2688 3187 2934 3243 amabilis
2988 3186 3247 3245 diaconus
3301 3195 3358 3244 et
3412 3188 3765 3245 cubuclesius'

517 3275 817 3332 occultatus
838 3276 1018 3333 senior
1039 3276 1182 3356 lqctu
1209 3257 1516 3343 labefiebat,
1548 3293 1652 3332 non
1691 3278 1873 3333 ferens
1907 3257 2087 3349 priva-
2113 3257 2159 3322 α
2188 3275 2316 3345 legit
2340 3294 2353 3331 :

520 3365 720 3420 tionem
767 3365 877 3420 Deo
923 3365 1171 3421 amabilis
1214 3363 1350 3419 ﬁlii:
1384 3373 1440 3419 et
1476 3365 1761 3421 Dominum
1807 3365 2087 3437 ﬂagitabat

517 3455 788 3511 Christum
817 3471 912 3527 per
932 3455 1216 3512 Platonem
1244 3456 1652 3526 compatriotam
1679 3468 1990 3528 martyrem,
2027 3467 2085 3513 ut

519 3545 892 3603 iucurvaretur
920 3544 994 3601 ad
1030 3547 1427 3603 miserationes.
1456 3546 1513 3601 id
1534 3546 1708 3616 ipsum
1733 3557 1911 3603 autem
1937 3557 1990 3603 et
2023 3548 2085 3603 fi-

517 3636 622 3693 lius
663 3654 775 3709 per
802 3639 1049 3694 eumdem
1090 3639 1486 3695 sanctissimum
1534 3646 1828 3710 martyrem
1860 3640 2087 3710 rogabat

519 3733 689 3789 Deum
725 3734 777 3788 in
804 3733 1113 3801 captivitate
1135 3732 1370 3798 vinctus,
1398 3741 1457 3786 ut
1489 3732 1572 3788 sui
1602 3732 1877 3795 misereri,
1906 3741 1961 3788 et
1987 3733 2084 3787 mi-

516 3823 759 3879 raculum
791 3822 965 3878 facere
990 3821 1317 3892 dignaretur.
1350 3820 1586 3890 Utroque
1606 3830 1783 3877 autem
1811 3823 2081 3886 exaudito,

516 3920 671 3985 patre
697 3911 904 3966 scilicet
933 3911 986 3964 in
1028 3910 1278 3980 spelunca
1310 3911 1526 3975 montis,
1557 3918 1612 3965 et
1647 3910 1757 3965 ﬁlio
1784 3910 1838 3964 in
1863 3910 2087 3981 captivi-

517 4009 671 4066 tate,
698 4014 824 4056 ecce
865 3999 1042 4062 subito
1083 4007 1287 4070 martyr
1319 3999 1470 4054 Plato
1521 4008 1702 4054 noster
1740 4006 1882 4054 astat
1925 4015 2087 4068 super

517 4104 716 4160 eqtmm
762 4103 1060 4160 apparens,
1109 4089 1431 4159 trahensque
1475 4088 1704 4145 alterum
1749 4103 1944 4159 equum
1993 4105 2089 4161 op-

516 4188 805 4251 portunum
835 4177 1134 4251 [vacuum],
1166 4177 1539 4233 manifestatur
1561 4192 1727 4248 puero
1747 4178 2004 4248 vigilanti,
2033 4188 2089 4235 et

520 4269 667 4325 hunc
706 4268 1015 4339 agnOscenti
1064 4283 1131 4323 ex
1168 4281 1259 4333 eo,
1299 4268 1441 4338 quod
1485 4282 1625 4338 saepe
1666 4268 1875 4323 videret
1917 4270 2087 4325 sancti

517 4359 884 4416 characterem
927 4358 979 4413 in
1010 4357 1369 4428 imaginibus:
1394 4365 1450 4413 et
1479 4359 1663 4413 statim
1687 4359 1842 4430 jubet
1865 4374 1987 4415 eum
2022 4361 2105 4417 de.

517 4450 696 4507 medio
719 4460 1036 4506 cunctorum
1071 4464 1383 4522 exsurgere,
1420 4457 1477 4506 et
1503 4450 1748 4521 accipere
1775 4466 1970 4520 equum
1989 4491 2005 4516 ,
2034 4460 2091 4507 et

512 4540 770 4599 insidere.
802 4539 869 4594 Et
890 4538 1169 4595 confestim
1188 4548 1342 4595 more
1361 4552 1573 4597 aranea:
1598 4540 1807 4596 vincula
1826 4540 2091 4597 dissoluta

512 4639 680 4697 sunt;
706 4639 762 4687 et
797 4629 941 4686 solus
961 4629 1077 4701 ipse
1103 4629 1360 4690 liberatus
1386 4643 1484 4701 per
1507 4629 1923 4694 invocationem,
1948 4637 2086 4684 nutu

514 4718 617 4776 Dei
645 4734 890 4790 surgens,
917 4719 1112 4774 insedit
1147 4733 1306 4788 equo,
1346 4727 1401 4775 et
1434 4719 1677 4789 sequitur
1704 4719 1988 4775 ducentem
2027 4734 2087 4775 se

515 4818 763 4866 sanctum
801 4817 1095 4879 martyrem
1141 4816 1396 4863 constans
1431 4807 1768 4878 et‘gaudens.
1819 4807 2083 4877 Compen-

515 4898 668 4955 diose
682 4907 865 4954 autem
889 4906 945 4954 et
974 4904 1132 4953 acute
1166 4895 1459 4968 [celeriter]
1492 4895 1670 4960 ambo,
1699 4896 1916 4951 sanctus
1940 4896 2088 4951 scilio

515 5000 606 5047 cet
664 4990 814 5045 Plato
831 5030 851 5057 ,7
888 4999 943 5046 et
977 4987 1211 5045 novitius
1268 4987 1594 5052 monachus,
1639 4987 2085 5056 quemadmodum

516 5080 734 5140 pennati
787 5080 1103 5150 perveniunt
1147 5078 1214 5132 ad
1262 5076 1627 5133 habitaculum
1675 5077 1820 5132 senis
1875 5077 2084 5132 orantis

889 5168 927 5186 "
1017 5175 1050 5195 “
1085 5167 1372 5216 restituens
1390 5165 1595 5216 animum
1617 5164 2085 5214 νίοιοιιίηςίςςίιηηα

2185 3396 2445 3493 Ejusdem
2476 3425 2643 3479 sancti
2681 3422 2888 3565 Patris!
2902 3403 3119 3549 N‘ilitad
3166 3425 3598 3501 Olympiadem»:
3626 3443 3763 3515 ητα.

2882 3512 2936 3549 ec
2964 3512 3070 3550 um.
3230 3544 3235 3551 ,
3421 3540 3426 3544 .

2882 3512 3070 3550 ecmm.
3230 3544 3235 3550 .
3421 3540 3426 3544 -

2254 3624 2461 3681 Scribis
2481 3624 2635 3691 mihi,
2661 3625 2706 3681 si
2729 3633 2910 3695 putas,
2932 3624 3184 3681 decorum
3208 3625 3277 3682 sit
3299 3626 3393 3682 tibi
3412 3635 3754 3685 exstructum

2186 3715 2440 3787 templum
2490 3716 2783 3772 maximum
2833 3716 2901 3772 ad
2952 3717 3211 3773 honorem
3271 3726 3381 3772 tam
3443 3728 3752 3775 sanctorum

2185 3814 2484 3875 martyrum
2506 3845 2521 3871 ,
2553 3820 2713 3875 quam
2739 3805 2976 3870 Christi,
3006 3821 3168 3876 quem
3198 3806 3300 3878 ipsi
3332 3822 3430 3877 per
3451 3809 3750 3863 certamina

2184 3903 2240 3951 et
2262 3895 2474 3952 dolores
2518 3910 2582 3952 ac
2623 3894 2847 3951 sudores
2892 3896 3170 3952 testificati
3198 3904 3343 3961 sunt,
3376 3897 3459 3951 vel
3491 3898 3765 3969 imagines

2185 3984 2345 4040 etiam
2370 3999 2570 4054 ponere
2593 3984 2646 4039 in
2676 3985 2935 4051 sacrario,
2960 3994 3015 4040 et
3039 3987 3203 4042 variis
3229 3986 3547 4043 animalium
3568 3987 3753 4043 bestiis

2188 4073 2603 4148 [venationibus]
2634 4076 2865 4144 parietes
2906 4075 3129 4147 implere
3158 4092 3188 4131 a
3224 4076 3429 4132 dextris
3462 4084 3520 4132 et
3555 4093 3587 4132 a
3622 4077 3752 4132 sini-

2186 4165 2315 4221 stris
2341 4179 2355 4218 :
2387 4166 2461 4220 ita
2489 4174 2550 4220 ut
2578 4166 2865 4221 videantur
2886 4166 2939 4221 in
2964 4175 3107 4222 terra
3132 4166 3348 4236 quidem
3377 4175 3603 4222 extensa
3623 4166 3748 4231 lina,

2186 4265 2243 4312 et
2266 4256 2493 4327 lepores,
2532 4266 2588 4313 et
2620 4273 2814 4328 caprae,
2867 4267 2923 4313 et
2962 4266 3154 4314 caetera
3210 4256 3462 4312 animalia
3519 4256 3701 4328 fugere
3733 4270 3750 4310 :

2185 4362 2347 4418 porro
2378 4348 2451 4403 illi
2498 4363 2691 4418 capere
2735 4348 3052 4405 festinantes
3089 4363 3211 4404 cum
3254 4346 3462 4402 catellis
3507 4347 3754 4401 alacriter

2187 4437 2435 4508 insequi:
2465 4439 2518 4492 in
2546 4439 2679 4494 mari
2706 4453 2836 4493 vero
2877 4438 3045 4493 laxari
3077 4438 3232 4503 retia,
3277 4445 3335 4492 et
3373 4451 3537 4492 omne
3582 4449 3750 4506 genus

2187 4528 2414 4598 piscium
2437 4530 2578 4599 capi,
2601 4538 2656 4583 et
2675 4530 2743 4583 ad
2760 4529 2964 4585 aridam
2986 4527 3291 4599 piscatoriis
3311 4526 3562 4581 manibus
3589 4525 3712 4580 ferri
3735 4541 3752 4578 :

2116 4592 2165 4650 θ
2189 4592 2412 4689 insuper
2438 4592 2684 4690 et-gvpso
2714 4618 2842 4688 tingi
2887 4592 3073 4673 omnes
3116 4617 3338 4686 species,
3368 4624 3426 4671 et
3450 4615 3660 4685 ostendi
3688 4612 3754 4669 ad

2186 4709 2509 4785 desiderium
2540 4709 2818 4765 oculorum
2851 4708 2904 4763 in
2949 4709 3108 4763 domo
3135 4707 3229 4762 Dei
3258 4721 3273 4760 :
3303 4705 3400 4761 sed
3431 4713 3490 4776 et
3517 4706 3573 4759 in
3613 4719 3753 4761 com-

2186 4800 2334 4855 muni
2367 4800 2526 4856 domo
2551 4798 2697 4854 mille
2731 4813 2923 4854 cruces
2947 4797 3114 4869 infigi,
3141 4805 3197 4852 et
3219 4797 3459 4866 picturas
3484 4795 3752 4850 volucrum

2187 4903 2250 4944 ac
2270 4889 2658 4958 jumentorum,
2677 4897 2733 4944 et
2766 4886 3091 4958 repentium”,
3113 4902 3177 4942 ac
3196 4887 3532 4943 diversorum
3562 4884 3756 4956 genui-

2187 4994 2315 5034 num
2359 4980 2495 5035 fieri.
2539 4980 2652 5051 Ego
2695 4980 2763 5034 ad
2800 4993 2865 5034 ea
2902 4994 3021 5048 quae
3054 4979 3253 5049 scripta
3295 4984 3440 5039 sunt,
3484 4976 3749 5038 dixerim;

2186 5068 2311 5136 quia
2334 5069 2586 5123 nimirum
2632 5068 2918 5123 infantium
2952 5075 3053 5131 est,
3088 5074 3143 5121 et
3179 5063 3431 5135 parvulos
3467 5064 3629 5118 decet
3654 5063 3751 5124 his,

2186 5175 2305 5212 quas
2329 5161 2578 5208 ιιι-πραΰτητι
2610 5166 2729 5190 mm-
2793 5174 2807 5188 ιθ
2832 5173 2843 5176 -
2872 5159 2884 5176 '
2942 5173 2977 5175 η
3010 5173 3042 5176 ί-
3077 5155 3144 5176 ον·
3182 5156 3212 5166 ··
3400 5153 3545 5178 4-m—
3577 5167 3593 5182 .
3623 5151 3753 5206 “mi
