3924 5614
153 372 238 425 239

795 365 1351 425 INTERPRETATIO
1407 367 1657 426 SYNODI
1699 366 1786 423 VII
1825 366 2232 426 GENEll.\LlS.
2275 400 2341 410 —
2376 369 2578 429 ACTIO
2619 370 2684 426 ιν

3282 359 3387 417 Ξ90

151 498 238 554 que
269 490 484 553 possunt
510 482 690 555 legere
733 485 943 542 divinas
985 485 1315 555 Scripturas,
1359 483 1694 554 eontempla-
1723 491 1770 548 Α
1802 492 1975 536 ratum
2018 490 2102 536 est
2151 483 2409 552 insipiens
2437 499 2531 538 cor
2567 492 2854 537 nostrum:
2897 493 2950 534 et
2987 479 3232 538 dicentes
3265 492 3368 536 nos

153 577 273 628 tione
310 574 529 643 pictura:
570 576 883 631 memoriam
917 585 1138 632 sumunt
1173 573 1330 631 fortis
1357 574 1484 630 facti
1509 587 1700 628 eorum

150 667 223 736 qui
246 680 362 720 vero
382 664 495 721 Deo
522 667 739 737 proprie
767 669 1091 734 servierunt,
1116 676 1171 722 et
1204 670 1270 723 ad
1301 667 1700 722 :emnlationem

147 758 393 828 erigantur
428 757 787 828 gloriosarnm
825 768 882 814 et
931 758 1360 814 memorabilinm
1400 757 1700 821 actionum,

146 861 304 917 proeo
335 848 481 916 quod
516 855 717 902 terram
751 863 852 916 pro
891 848 1029 904 cosio
1064 847 1542 910 commntaverint,
1581 860 1702 915 qua:

148 951 234 991 non
292 937 544 992 videntur
597 939 899 994 visibilibus
957 945 1356 1008 pratponentes.
1417 937 1590 991 Porro
1647 936 1700 990 in

144 1029 384 1085 communi
414 1029 579 1085 domo
616 1029 800 1085 multis
840 1045 905 1086 ac
943 1031 1174 1086 diversis
1199 1029 1538 1086 domunculis
1563 1029 1700 1083 insi-

145 1123 286 1192 gnita,
315 1120 562 1178 suiﬁcere
587 1124 875 1194 unicuique
908 1123 1291 1181 mansinnculze
1324 1123 1543 1178 inﬁxam
1574 1136 1700 1191 pre-

145 1215 310 1269 tiosam
359 1229 618 1280 crucem,
666 1224 721 1270 et
777 1213 1045 1285 superﬂua
1088 1213 1285 1268 dimitti
1335 1212 1699 1267 necessarium

145 1307 345 1360 aestimo.
385 1306 472 1360 Sit
507 1315 690 1362 autem
719 1315 974 1362 contenta
999 1305 1226 1376 prolixis
1251 1305 1620 1368 orationibus;
1648 1313 1702 1358 et

146 1394 456 1450 indubitabili
499 1396 605 1450 ﬁde
629 1411 695 1452 ac
719 1397 1076 1467 eleemosynis
1098 1436 1112 1460 ,
1153 1393 1621 1449 bnmiliationibus
1649 1400 1704 1447 et

145 1498 222 1551 spe
241 1485 300 1539 ad
328 1485 502 1539 Deum
540 1486 788 1556 perenni,
812 1493 867 1540 et
891 1485 1196 1539 divinorum
1221 1484 1510 1538 verborum
1535 1482 1706 1536 medi-

147 1575 411 1630 tationibus
434 1615 449 1640 ,
493 1584 550 1629 et
587 1575 962 1644 eompassione
986 1573 1400 1639 contribulibns,
1431 1581 1493 1627 et
1514 1573 1706 1627 burna-

145 1664 286 1719 nitate
314 1663 536 1719 famulis
561 1665 844 1730 attributa,
885 1663 1247 1733 omnibusque
1293 1661 1562 1717 mandatis
1601 1661 1706 1714 Do-

145 1755 253 1809 mini
279 1754 446 1809 nostri
483 1754 613 1810 Jesu
641 1753 840 1810 Christi
865 1753 1276 1810 circumvallare
1309 1768 1403 1818 se,
1441 1760 1496 1808 et
1520 1751 1709 1822 conju-

1802 587 1924 628 esse
1954 573 2247 641 sapientes,
2277 573 2424 626 stulti
2457 572 2583 627 facti
2609 587 2794 628 sumus
2825 569 3002 639 (Rom.
3038 580 3098 632 ι).

1874 661 2190 715 Theodorus
2253 661 2630 716 sanctissimus
2695 660 2980 730 episcOpus
3055 659 3382 730 Myrcnsium

1803 754 1975 809 dixit:
2003 753 2166 807 Plane
2189 761 2244 807 et
2293 768 2391 807 nos
2426 753 2570 821 ipsos
2619 752 2706 806 illa
2763 753 2982 822 pittacia
3011 750 3377 821 perdiderunt,

1802 860 1922 914 qua:
1949 859 2043 899 vos
2070 844 2348 898 attulistis.
2388 842 2544 898 Novit
2569 845 2713 897 enim
2740 843 2898 906 Dens,
2938 858 3063 912 quia
3088 843 3190 896 hoc
3218 842 3373 896 testi-

1803 935 2043 990 monium
2073 935 2244 989 sancti
2283 933 2386 989 Nili
2433 949 2538 988 non
2573 933 2830 1004 positum,
2861 943 2921 986 ut
2947 933 3124 988 fuerat
3151 932 3384 997 editum,

1802 1028 2097 1084 obcaecavit
2141 1043 2258 1090 nos,
2301 1027 2570 1096 praecipue
2608 1027 2870 1094 meipsum
2903 1043 2916 1078 :
2951 1026 3045 1080 sed
3073 1040 3214 1079 nunc
3258 1025 3390 1080 inte-

1805 1133 1959 1190 grum
2015 1118 2216 1172 lectum
2265 1117 2534 1172 convertit
2593 1124 2648 1172 et
2687 1115 3018 1182 emendavit,
3059 1123 3114 1169 et
3161 1113 3387 1170 salvavit
3461 1157 3467 1162 .

1806 1224 1923 1264 nos.

1875 1299 2268 1355 Constantinus
2313 1298 2688 1353 sanctissimus
2729 1299 3015 1370 episcopus
3052 1296 3385 1354 Constantia:

1805 1391 1967 1464 Cypri
2025 1392 2196 1445 dixit:
2249 1389 2513 1457 Quoniam
2567 1393 2724 1447 adest
2779 1392 2916 1448 alius
2985 1390 3121 1447 liber
3166 1389 3390 1461 aequalis

1809 1483 2016 1549 formae,
2049 1483 2276 1554 legatur.

1880 1578 1946 1632 Et
2013 1591 2238 1631 sumens
2292 1576 2680 1631 Constantinus
2726 1577 2982 1631 diaconus
3045 1583 3100 1629 et
3143 1572 3390 1629 notarius

1808 1666 2131 1722 venerabilis
2158 1665 2497 1736 patriarchii,
2532 1664 2658 1736 legit
2695 1665 2924 1720 alterum
2956 1665 3148 1719 librum
3177 1664 3381 1718 haben-

1812 1766 1920 1813 tem
1955 1755 2328 1826 praeseriptam
2362 1755 2644 1826 epistolam
2676 1755 2915 1826 ejusdem
2942 1753 3064 1808 Nili.

144 1860 242 1916 gem
261 1861 436 1910 suam,
458 1861 526 1901 ac
555 1847 713 1910 ﬁlios,
741 1854 797 1901 et
838 1854 1002 1901 totam
1032 1845 1389 1902 substantiam
1412 1843 1702 1899 circnmte-
1734 1843 1783 1902 B
1878 1847 2266 1903 Constantinus
2306 1846 2680 1902 sanctissimus
2726 1847 3011 1915 episcopus
3057 1843 3388 1900 Constantia:

143 1953 248 2010 gere
271 1947 323 1992 et
347 1952 550 1994 ornare
576 1945 740 2008 atque
773 1936 1009 2001 munire,
1035 1936 1300 1991 admoneo
1330 1945 1384 1990 et
1410 1948 1564 2004 rogo.

200 2028 507 2084 Theodorus
545 2027 923 2084 sanctissimus
946 2026 1233 2097 episcopus
1264 2024 1595 2096 Myrensinm
1623 2021 1704 2077 di-

143 2117 210 2171 xit
231 2135 244 2172 :
265 2119 504 2188 Epistola
541 2120 658 2174 haec
687 2118 936 2188 primitus
973 2117 1112 2172 lecta
1150 2123 1234 2171 est
1253 2157 1266 2180 ,
1295 2130 1416 2170 cum
1443 2121 1587 2170 esset
1614 2114 1704 2168 de-

143 2217 359 2276 pravata,
409 2208 648 2279 perdidit
688 2207 833 2279 [Gr.,
855 2206 1093 2277 Epistola
1136 2206 1251 2260 haec
1275 2219 1395 2274 quae
1431 2202 1570 2258 lecta
1599 2210 1701 2265 est,

141 2299 410 2368 depravata
456 2299 669 2371 pridem
693 2299 949 2370 perdidit,
995 2296 1130 2368 etc.]
1179 2304 1235 2351 et
1290 2293 1504 2350 seduxit
1559 2307 1702 2349 nos:

143 2395 441 2461 putabamus
469 2393 615 2448 enim
655 2391 952 2464 simplicem
985 2404 1105 2446 esse
1143 2388 1287 2444 illam
1316 2395 1371 2444 et
1393 2386 1597 2442 absone
1627 2387 1706 2441 in-

142 2486 293 2541 sidiis.
1088 2492 1091 2494 ’

201 2579 532 2636 Sanctissimi
555 2578 792 2650 episcopi
813 2577 1106 2633 dixerunt:
1141 2574 1252 2631 Nos
1283 2575 1332 2630 si
1362 2573 1707 2628 audissemus

136 2680 249 2724 tunc
272 2670 419 2741 quod
457 2670 593 2725 dicit
621 2669 802 2734 Pater,
848 2669 975 2739 quia
1017 2667 1145 2722 hinc
1171 2674 1227 2720 et
1270 2665 1392 2719 inde
1418 2663 1577 2734 pinge
1613 2663 1710 2716 do.

143 2775 270 2813 unum
305 2760 588 2815 veteribus
613 2767 670 2814 et
705 2759 859 2813 novis
893 2755 1312 2819 narrationibus,
1340 2769 1444 2808 non
1477 2753 1529 2807 in
1555 2752 1708 2806 vani-

140 2856 290 2903 tatem
317 2849 468 2904 versi
492 2849 939 2904 credidissemns.
970 2847 1074 2918 Ipsi
1119 2846 1262 2902 enim
1303 2859 1403 2914 pro
1450 2859 1517 2898 eo
1567 2842 1712 2912 quod

143 2936 279 3001 dixit,
321 2938 453 2994 hinc
481 2946 538 2992 et
581 2937 707 2992 inde
753 2938 937 3010 pinge,
979 2936 1167 2992 dealba
1199 2943 1531 3006 posuerunt:
1569 2935 1712 3005 quod

143 3041 229 3081 nos
260 3026 476 3083 fortiter
506 3028 830 3098 decipiebat.
1703 3045 1707 3049 ·

205 3115 415 3181 Petrus,
441 3127 492 3173 et
522 3117 712 3173 Petrus
743 3118 852 3174 Deo
873 3117 1134 3174 amabiles
1156 3119 1457 3190 presbyteri
1485 3127 1540 3173 et
1567 3118 1717 3171 vica-

143 3207 201 3262 rii
242 3209 466 3264 Adriani
518 3224 669 3280 papae
711 3211 944 3266 senioris
996 3187 1204 3276 Roma‘,
1242 3187 1540 3264 dixerunt:
1585 3206 1716 3263 Tale
1742 3187 1788 3250 Ο

142 3298 256 3367 quid
273 3309 328 3354 et
355 3299 498 3354 divae
527 3303 802 3356 memoriae
840 3300 1228 3356 Constantinus
1273 3299 1497 3370 Magnus
1545 3299 1718 3368 impe-

145 3397 278 3444 rator
307 3390 442 3445 olim
483 3389 653 3446 fecit:
687 3391 952 3446 mdiﬁcato
992 3391 1136 3446 enim
1181 3390 1379 3459 templo
1424 3389 1720 3444 Salvatoris

142 3479 330 3544 Romae,
361 3483 420 3537 in
441 3481 650 3537 duobus
676 3483 973 3552 parietibus
1005 3482 1188 3552 templi
1217 3482 1474 3537 historias
1506 3489 1719 3536 veteres

145 3580 194 3625 et
216 3587 386 3628 novas
413 3572 737 3642 designavit,
762 3573 899 3627 hinc
919 3572 1089 3628 Adam
1131 3572 1198 3627 de
1237 3572 1488 3642 paradiso
1513 3573 1718 3627 exeun-

143 3670 262 3726 tem,
296 3672 353 3719 et
383 3662 518 3718 inde
546 3662 809 3718 latronem
836 3664 890 3717 in
919 3662 1226 3734 paradisum
1260 3662 1555 3718 intrantem
1583 3661 1720 3732 ligno

145 3765 265 3807 rans
287 3769 302 3806 :
334 3761 396 3807 et
428 3752 657 3822 reliqua.

205 3839 247 3893 Τ
251 3841 467 3895 arasins
481 3840 868 3900 sanctissumns
897 3842 1204 3911 patriarcha
1230 3842 1364 3897 dixit
1393 3859 1406 3896 :
1458 3841 1519 3897 Si
1560 3855 1726 3897 vero:

145 3942 228 3984 tes
251 3940 411 3986 erant
439 3931 603 4001 prisci
653 3930 996 3987 Christianos
1041 3932 1483 3989 calumniantium
1528 3946 1728 4001 propn-

148 4029 412 4086 gnatores,
443 4036 542 4075 cur
557 4021 740 4089 ipsum
761 4020 960 4076 librum
984 4023 1162 4077 sancti
1199 4021 1305 4075 Nili
1337 4035 1442 4076 non
1468 4021 1724 4077 ostende-

143 4117 264 4161 runt
312 4109 367 4163 in
413 4108 646 4178 collegio
697 4123 795 4163 suo
841 4109 910 4163 ad
965 4107 1386 4164 satisfactionem
1443 4108 1728 4164 omnium?

151 4197 334 4252 Dicant
373 4214 504 4268 ergo
532 4198 974 4254 reverendissimi
1015 4198 1251 4269 episcopi
1289 4198 1380 4267 qui
1418 4197 1729 4269 pseudosyl-

149 4286 261 4360 logo
287 4288 676 4352 interfuerunt,
723 4288 1020 4359 Gregorius
1062 4288 1436 4355 Neocaesariae,
1461 4298 1518 4361 et
1560 4289 1731 4344 Theo-

150 4376 307 4434 dorus
356 4378 600 4445 Amorii,
652 4378 696 4434 si
729 4378 1067 4449 protulerunt
1112 4379 1279 4436 libros
1325 4388 1450 4435 tunc
1501 4381 1555 4435 in
1599 4396 1731 4436 con-

152 4469 290 4526 cilio.

217 4564 514 4638 Gregorius
556 4573 613 4620 et
662 4564 982 4620 Theodorus
1029 4563 1140 4620 Deo
1184 4563 1443 4634 amabiles
1493 4563 1726 4635 episcopi

155 4654 403 4710 dixerunt
446 4674 460 4710 :
511 4654 898 4726 Nequaquam,
965 4655 1212 4720 domine;
1285 4654 1380 4710 sed
1429 4669 1528 4723 pro
1582 4654 1736 4710 libris

157 4743 374 4813 pittacia
416 4745 570 4801 nobis
622 4744 983 4802 ostenderunt
1071 4755 1126 4801 et
1167 4761 1235 4802 ex
1279 4746 1359 4802 eis
1395 4745 1736 4816 decipiebant

158 4848 272 4888 nos.

223 4924 544 4997 Euthymins
571 4927 956 4989 sanctissimus
1003 4927 1287 4999 episcopus
1329 4925 1515 4982 Sardis
1555 4928 1733 4983 dixit:

158 5013 223 5068 Et
247 5011 516 5085 quomodo
539 5009 633 5074 vos
661 5033 787 5073 cum
813 5017 1007 5072 essetis
1033 5020 1227 5074 summi
1258 5017 1591 5086 sacerdotes,
1631 5035 1738 5075 non

161 5107 464 5175 requisistis
492 5109 695 5180 integra
732 5107 1044 5163 testimonia
1073 5123 1138 5162 ex
1167 5107 1484 5165 codicibus?

227 5192 519 5266 Gregorius
578 5195 962 5252 sanctissimus
1028 5197 1340 5270 episcopus?
1386 5194 1738 5255 Neocaesaria:

166 5282 338 5338 dixit:
385 5283 564 5352 Crede,
607 5288 804 5352 frater,
857 5301 964 5339 non
1012 5287 1162 5344 nobis
1205 5294 1329 5345 erat
1366 5300 1528 5354 cur-te,
1562 5304 1740 5362 neque

165 5375 406 5431 studium
431 5377 545 5435 inde
564 5365 888 5443 habuimus;
922 5377 1014 5431 sed
1040 5387 1097 5433 ut
1115 5382 1379 5452 scriptum
1403 5386 1508 5443 est,
1536 5381 1741 5438 obscu-

236 5545 264 5574 ι
300 5533 364 5588 In
531 5537 756 5611 Jolyano
781 5537 889 5612 hoc
914 5534 1445 5614 additur-glossema:
1479 5535 1745 5592 Metanaea

1807 1939 1968 2010 Cypri
1999 1937 2171 1992 dixit:
2218 1936 2356 1992 Ecce
2400 1948 2677 1990 ostensum
2727 1945 2812 1990 est
2852 1935 3076 2004 liquido,
3122 1936 3248 2003 quia
3278 1934 3392 2002 ipse

1805 2039 2026 2088 sanctus
2053 2039 2109 2085 et
2133 2028 2382 2101 egregius
2411 2028 2570 2082 Pater
2615 2026 2766 2081 Nilus
2814 2035 3031 2080 sanctas
3072 2026 3256 2079 ironas
3299 2039 3389 2077 sn-

1807 2123 2089 2194 scipiebat.
2120 2123 2417 2177 Accusatus
2445 2129 2529 2176 est
2559 2128 2738 2172 autem
2769 2135 2798 2172 a
2838 2116 3245 2188 psenilosyllogo
3268 2115 3383 2179 illo,

1807 2217 1950 2289 quod
1991 2225 2179 2272 contra
2223 2217 2408 2271 iconas
2434 2214 2643 2268 locutus
2675 2211 2855 2266 fuerit.
2889 2210 3042 2264 Unde
3070 2208 3249 2262 miseri
3281 2222 3385 2261 non

1808 2309 1980 2366 solum
2005 2309 2434 2364 Christianorum
2477 2305 2915 2365 calumniatores,
2951 2302 3043 2356 sed
3071 2311 3126 2358 et
3168 2308 3390 2354 sancto-

1808 2415 1928 2454 rum
1956 2399 2378 2454 calumniatores
2405 2397 2673 2460 existunt,
2711 2404 2766 2449 et
2796 2393 3098 2464 parricidae,
3135 2407 3396 2446 accusau-

1809 2497 1893 2546 tes
1928 2489 2070 2545 falso
2100 2487 2505 2543 sacratissimos
2545 2486 2753 2540 Patres.

1813 2615 1824 2620 ο
1880 2583 2203 2654 Enthymius
2243 2580 2617 2636 sanctissimus
2656 2579 2941 2646 episcopus
2983 2573 3172 2628 Sardis
3222 2572 3391 2626 dixit:

1809 2673 2030 2729 Librum
2061 2671 2232 2727 sancti
2259 2668 2587 2724 confessoris
2618 2667 2836 2720 Maximi
2877 2664 3052 2718 habeo
3084 2677 3195 2732 pra:
3222 2659 3395 2714 mani-

1811 2765 1930 2825 bus,
1963 2773 2022 2818 et
2065 2761 2233 2815 oll‘ero
2262 2775 2386 2814 eum
2427 2760 2493 2812 ad
2527 2757 2826 2827 legendum.

1883 2854 1950 2907 Et
1994 2852 2266 2921 accipiens
2311 2849 2698 2904 Constantinus
2747 2847 3006 2901 diaconus
3047 2853 3103 2899 et
3152 2841 3396 2897 notarius

1811 2943 2136 3001 venerabilis
2153 2941 2491 3012 patriarchii,
2520 2939 2648 3010 legit
2673 2956 2686 2992 :

1815 3081 1902 3137 Ea:
1929 3081 2008 3134 his
2034 3079 2382 3148 dogmatibus,
2430 3083 2723 3148 qum_ntotn
2749 3084 2869 3148 sunt
2897 3073 3034 3148 inter
3059 3085 3262 3148 sanan:
3290 3085 3399 3123 me-

1887 3153 2068 3206 moria:
2099 3137 2387 3203 Maximum
2407 3187 2422 3210 ,
2442 3137 2502 3200 ἐι
2533 3145 2877 3199 Theodosium
2901 3143 3197 3212 episcOpum
3223 3137 3400 3194 Caesa-

1887 3222 1982 3275 rire
2016 3219 2295 3287 Bithynice,
2337 3228 2382 3271 et
2425 3214 2661 3272 consules
2684 3215 2770 3286 qui
2801 3230 2918 3268 cum
2941 3213 3052 3283 ipso
3077 3220 3224 3266 erant
3255 3225 3274 3276 ;
3307 3226 3398 3263 cu-

1877 3308 1972 3362 Jus
1998 3292 2204 3344 initium
2239 3298 2337 3342 est.

1861 3395 2018 3472 Quae
2043 3411 2348 3468 motasnnt
2373 3401 2440 3455 de
2477 3399 2822 3454 immaculata
2867 3397 2974 3452 ﬁde
3019 3401 3204 3450 nostra
3247 3391 3404 3447 Citri-

1816 3497 2138 3553 stianornm.
2163 3494 2231 3548 Et
2264 3502 2387 3563 post
2412 3491 2514 3544 alia
2545 3508 2559 3544 :
2595 3488 2830 3549 Domini,
2868 3495 3150 3557 postquam
3192 3481 3398 3552 placuit

1819 3587 1924 3642 hoc
1969 3586 2108 3648 ﬁeri,
2155 3584 2330 3639 exitus
2362 3582 2454 3636 ﬁat
2499 3595 2686 3634 eorum
2723 3594 2841 3649 qum
2869 3577 3228 3648 praerﬁcantnr
3266 3571 3405 3644 [pla-

1821 3675 2069 3749 cuerunt]
2097 3695 2110 3730 :
2136 3684 2191 3730 et
2218 3689 2324 3744 quo
2352 3672 2534 3736 vultis,
2563 3686 2759 3741 sequor
2792 3685 2906 3725 vos.
2946 3668 3013 3723 Et
3043 3668 3095 3722 in
3145 3666 3231 3721 his
3277 3680 3400 3720 sur-

1822 3775 2080 3825 rexerant
2105 3780 2426 3821 omnes'cnm
2458 3763 2652 3834 gaudio
2681 3771 2737 3836 ct
2759 3762 3037 3832 lacrymis,
3059 3768 3113 3815 et
3139 3759 3403 3813 miserunt

1823 3869 2147 3916 metanmam
2177 3869 2204 3899 ι
2233 3899 2248 3922 ,
2271 3852 2273 3854 ’
2295 3865 2350 3912 et
2385 3855 2559 3911 oratio
2602 3853 2740 3909 facta
2785 3845 2870 3909 est
2890 3871 2904 3906 :
2924 3863 3001 3922 .et
3032 3851 3406 3921 unusquisque

1826 3939 2065 4022 ipsorum
2113 3958 2300 4006 sancta
2339 3945 2653 4018 Evangelia,
2685 3954 2738 4001 et
2767 3947 3060 4020 pretiosam
3092 3959 3330 4007 crucem,
3351 3953 3408 3996 et

1827 4043 2038 4098 iconam
2067 4041 2160 4097 Dei
2184 4049 2238 4095 et
2271 4040 2568 4096 Salvatoris
2611 4039 2780 4095 nostri
2809 4037 2934 4092 Jesn
2977 4035 3199 4100 Christi,
3225 4044 3281 4090 et
3310 4035 3405 4088 do-

1829 4133 1988 4188 minae
2022 4141 2220 4186 nostrae
2243 4145 2362 4201 quae
2393 4144 2514 4185 eum
2541 4129 2748 4201 genuit,
2776 4128 3130 4183 sanctissimae
3172 4126 3262 4180 Dei
3299 4125 3406 4180 Gc-

1827 4221 2061 4283 nitricis,
2087 4220 2476 4284 salutaverunt,
2519 4227 2780 4288 ponentes
2826 4226 2881 4272 et
2918 4217 3168 4288 proprias
3219 4230 3412 4270 manus

1829 4311 1884 4366 in
1934 4309 2400 4366 conﬁrmationem
2447 4323 2638 4364 eorum
2700 4323 2820 4378 qua:
2867 4307 3008 4362 dicta
3061 4305 3297 4362 fuerant.
3347 4305 3414 4359 Et

1830 4400 1989 4470 paulo
2028 4390 2194 4468 post:
2242 4398 2544 4452 Conversus
2592 4411 2721 4466 ergo
2769 4397 2836 4449 ad
2880 4395 3196 4465 episcOpttm
3244 4393 3413 4449 abbas

1834 4489 2119 4553 Maximus,
2149 4502 2272 4543 cum
2319 4486 2574 4557 lacr'ymis
2615 4484 2752 4538 dixit
2778 4483 2868 4537 ei:
2922 4484 3150 4538 Domine
3197 4498 3409 4551 magne,

1832 4581 1972 4636 diem
1996 4579 2181 4650 jndieii
2213 4585 2589 4646 exspectamus
2617 4588 2806 4628 omnes
2830 4590 2852 4626 .:
2890 4573 3031 4626 nosti
3059 4590 3179 4644 quae
3205 4573 3414 4640 signata

1833 4679 1888 4725 et
1912 4669 2109 4739 placita
2140 4674 2267 4722 sunt
2304 4680 2467 4736 super
2507 4663 2709 4719 sanctis
2752 4661 3080 4732 Evangeliis,
3119 4673 3173 4718 et
3202 4662 3415 4717 viviﬁea

1832 4777 2016 4828 cruce,
2048 4772 2103 4818 et
2130 4760 2366 4831 imagine
2420 4759 2512 4813 Dei
2547 4771 2602 4813 et
2638 4754 2935 4811 Salvatoris
2977 4757 3169 4821 nostri,
3197 4769 3260 4808 ac
3287 4770 3414 4808 san-

1833 4855 2089 4909 ctissimae
2127 4860 2182 4907 et
2207 4867 2420 4922 semper
2449 4851 2687 4924 Virginis
2718 4849 2907 4904 matris
2931 4850 3067 4921 ejus,
3109 4865 3229 4922 qum
3259 4863 3420 4918 pepe-

1833 4946 1909 5000 t‘it
1940 4960 2082 4999 eum.
2242 4969 2254 5022 ς
2680 4937 2682 4940 ’
2739 5007 2756 5019 .
3100 4973 3103 4975 -
3187 4948 3192 4952 ”
3416 4926 3419 4949 ⁵

1847 5055 1850 5058 ’
1913 5036 2299 5092 Constantinus
2340 5036 2719 5093 sanctissimus
2762 5047 3049 5104 episcopus
3093 5032 3424 5091 Constantia:

1843 5129 2003 5201 Cypri
2031 5130 2166 5184 dixit
2200 5145 2213 5180 :
2252 5126 2656 5191 Salutaverunt,
2681 5125 2770 5179 hic
2800 5138 2899 5194 pro
2921 5115 3240 5182 adoratione
3266 5123 3428 5178 Pater

1842 5214 2153 5291 assumpsit,
2187 5218 2443 5288 quoniam
2487 5229 2734 5276 sanctum
2779 5215 3128 5290 Evangelium
3171 5226 3227 5272 et
3255 5214 3428 5270 viviti-

1842 5326 1960 5367 cam
1984 5324 2204 5366 crucem
2245 5307 2525 5373 adoravit;
2574 5322 2696 5365 cum
2727 5305 2924 5375 quibus
2974 5312 3133 5365 etiam
3177 5303 3430 5362 colendas

1846 5401 2104 5472 imagines
2136 5395 2436 5454 Salvatoris
2458 5407 2514 5451 et
2549 5401 2665 5470 ejus
2695 5383 3057 5456 immaculata:
3083 5395 3288 5453 Matris.

1848 5570 2047 5614 aenua;
2088 5553 2215 5614 quia
2249 5550 2386 5601 enim
2428 5550 2794 5614 panitentium
2833 5560 2907 5602 est
2960 5552 3186 5606 maxime
3213 5538 3435 5614 genuﬂe-
