3924 5710
481 371 582 437 ’91

1625 370 1990 432 ANASTASII
2030 376 2571 444 BIBLIOTHECARH

2978 362 3120 380 ,np-‘U_'.

3627 397 3724 454 29?.

553 484 807 542 Tarasius
861 485 1232 542 sanctissimus
1296 486 1602 559 patriarcha
1662 490 1843 546 dixit:
1907 490 2051 548 Con-
2081 493 2134 556 Α
2229 495 2480 555 Tarasius
2501 501 2871 560 sanctissimus
2887 505 3196 576 patriarcha
3219 507 3390 566 dixit:
3422 509 3562 579 Quia
3583 513 3726 583 prin.

479 576 844 633 Numerantur
893 593 1016 634 cum
1069 580 1272 635 sanctis
1320 581 1466 636 vasis
1517 582 1866 640 honorabiles
1914 584 2054 640 ima-

470 667 654 738 gines.

555 759 752 814 Sancta
781 761 1018 832 synodus
1041 762 1214 818 dixit:
1246 763 1586 820 Manifestum
1614 775 1720 821 est.

551 844 888 918 Sanctissimi
916 849 1150 919 episcopi
1196 850 1391 907 Sicilia:
1435 852 1621 908 insula:
1651 854 1902 909 dixerunt
1947 869 1963 909 :
1997 863 2056 910 ut

480 945 668 991 sancta
695 952 816 993 cum
849 937 1050 992 sanctis
1078 950 1559 996 connumcruntur.

449 1013 456 1021 ”
552 1027 744 1086 Petrus
786 1032 1154 1086 sanctissimus
1191 1033 1472 1104 episcopus
1518 1033 1841 1089 Nicomedia:
1875 1033 2050 1088 dixit:

472 1117 753 1179 Habemus
777 1133 832 1179 et
871 1141 968 1180 nos
995 1128 1242 1182 eumdem
1276 1128 1470 1182 librum
1497 1127 1668 1182 sancti
1701 1126 1916 1181 Maximi
1943 1143 1960 1192 ;
1999 1134 2055 1181 et

474 1209 526 1266 si
545 1210 768 1281 jubetis,
796 1215 1101 1288 relegantur
1126 1233 1244 1286 qua:
1269 1218 1524 1287 praedicta
1552 1226 1697 1272 sunt.

538 1302 773 1362 ’Cosmas
820 1308 1076 1364 diaconus
1116 1319 1173 1364 et
1217 1309 1556 1366 cubuclesius
1601 1324 1873 1375 sumens,
1920 1309 2052 1381 legit

477 1396 850 1466 praescriptum
882 1399 1053 1454 sancti
1098 1399 1312 1454 Maximi
1347 1401 1737 1455 testimonium.

551 1481 804 1544 Tarasius
845 1491 1215 1547 sanctissimus
1256 1491 1556 1562 patriarcha
1601 1492 1773 1548 dixit:
1821 1490 2048 1561 Conspi-

477 1577 702 1645 ciamus,
730 1578 942 1645 fratres,
974 1583 1203 1652 qualiter
1232 1583 1446 1649 dixerit,
1475 1585 1600 1654 quia
1641 1584 2006 1640 salutaverunt
2033 1601 2046 1639 :

477 1668 620 1737 quod
653 1676 708 1724 et
748 1685 845 1725 nos
889 1670 1108 1726 honoris
1154 1671 1344 1726 affectu
1382 1671 1560 1728 facere
1607 1674 1881 1728 debemus.
1915 1673 2048 1728 Nam

467 1757 631 1815 'latria
660 1770 843 1817 nostra
873 1762 938 1817 ad
971 1780 1134 1818 unum
1174 1763 1342 1820 Deum
1373 1765 1621 1820 refertur.

2233 764 2424 822 Petrus
2459 769 2830 826 sanctissimus
2865 773 3146 845 episcopus
3183 774 3513 833 Nicomedia:
3551 778 3727 836 dixit:

2157 853 2228 907 El-
2244 855 2403 910 alium
2427 860 2664 915 codicem
2689 862 2879 928 habeo,
2903 864 2994 933 qui
3017 867 3257 922 continet
3277 869 3499 924 easdem
3525 870 3730 942 regula

2155 960 2326 1001 sacrm
2351 957 2516 1003 sextae
2541 951 2748 1020 synodi.

2225 1036 2344 1102 Quo
2377 1049 2617 1108 accepto,
2647 1041 2831 1097 Niceta
2863 1045 3340 1101 reverendissimus
3380 1047 3647 1106 diaconus
3677 1057 3728 1106 et

2155 1126 2398 1182 notarius
2425 1127 2551 1199 legit
2581 1132 2825 1186 eumdem
2855 1148 3137 1189 canoncm.
3641 1135 3647 1140 ’

2221 1216 2483 1272 Tarasius
2508 1221 2881 1276 sanctissimus
2925 1225 3232 1292 patriarcha
3279 1225 3418 1281 dixit
3452 1240 3469 1280 :
3498 1225 3728 1293 Quidam

2150 1306 2487 1376 ignoratione
2515 1308 2828 1379 languentes
2856 1311 2906 1365 in
2936 1313 3033 1367 hos
3071 1327 3306 1369 canones
3354 1315 3724 1370 scandalizatu-

2154 1403 2260 1459 tur,
2291 1407 2592 1452 asserentes
2617 1414 2631 1452 :
2660 1398 2826 1454 Putas
2854 1411 3022 1455 sextm
3058 1403 3245 1472 synodi
3289 1404 3461 1457 sunt?
3521 1402 3734 1473 Cogno—

2152 1496 2304 1542 scant
2331 1497 2509 1542 autem
2545 1490 2633 1560 qui
2682 1488 2986 1557 huiusmodi
3038 1502 3184 1558 sunt,
3239 1495 3379 1562 quod
3430 1505 3623 1549 sancta
3677 1505 3734 1552 et

2152 1595 2345 1650 magna
2375 1589 2525 1635 sexta
2568 1583 2800 1653 synodus
2842 1585 2941 1637 sub
2987 1583 3339 1641 Constantino
3381 1588 3549 1642 fuerit
3592 1587 3730 1642 cele«

2146 1672 2302 1727 ‘brata
2331 1682 2518 1727 contra
2549 1673 2686 1736 illos,
2726 1675 2817 1743 qui
2855 1691 3014 1728 unam
3059 1676 3306 1732 dicebant
3353 1678 3724 1748 operationem

2141 1771 2204 1816 et
2225 1763 2556 1817 voluntatem
2575 1761 2635 1818 in
2666 1763 2884 1819 Christo
2913 1783 2926 1817 :
2951 1765 3012 1818 in
3047 1781 3150 1834 qua
3188 1766 3460 1821 haereticis
3504 1770 3725 1822 anathe-

546 1849 782 1908 Joannes
839 1856 1320 1912 revenendissimus
1377 1858 1655 1929 presbyter
1715 1867 1772 1914 et
1816 1857 2047 1915 vicarius
2076 1859 2121 1918 Β
2150 1855 2436 1917 matizatis,
2483 1863 2537 1908 et
2575 1856 2874 1909 orthodoxa
2905 1855 3188 1925 explanata
3215 1857 3342 1922 fide,
3372 1860 3594 1913 domum
3637 1874 3724 1913 rc-

464 1941 830 1999 ‘0rientalium
877 1947 1082 2001 sedium
1127 1947 1300 2002 dixit:
1349 1947 1461 2004 Nisi
1497 1957 1681 2004 essent
1723 1949 2046 2005 necessariae

463 2033 759 2105 imagines,
791 2050 1142 2106 nequaquam
1196 2037 1260 2092 ad
1311 2039 1575 2094 cautelam
1622 2055 1716 2096 eas
1762 2039 2045 2096 salutavis-

471 2139 638 2202 sent:
685 2129 758 2184 ita
808 2138 868 2183 ut
912 2146 1079 2200 aequa:
1123 2132 1380 2202 potentiae
1411 2134 1752 2190 honorabiles
1785 2135 2044 2206 imagines

458 2237 596 2292 -_cum
626 2223 914 2295 Evangelio
942 2235 996 2279 et
1034 2226 1267 2296 pretiosa
1302 2241 1463 2282 cruce
1486 2227 1618 2282 sint.

542 2311 734 2369 Petrus
767 2315 1141 2373 sanctissimus
1165 2316 1452 2388 cpiscopus
1498 2317 1822 2375 Nicomedia:
1870 2321 2040 2376 dixit:

462 2403 540 2458 “Et
565 2404 668 2461 hoc
687 2421 793 2460 non
832 2407 1220 2478 qualiscunque
1245 2409 1348 2471 vir.
1380 2409 1472 2464 sed
1503 2409 1768 2466 Maximus
1809 2411 1895 2466 ille
1934 2410 2044 2466 Deo

473 2496 706 2565 sapiens,
741 2505 795 2551 et
833 2510 1144 2554 sanctorum
1174 2501 1505 2565 consimilis;
1557 2501 1778 2572 insuper
1818 2512 1872 2558 ct
1907 2519 2045 2558 .con-

409 2641 411 2643 .
471 2588 666 2654 fessor,
698 2599 750 2644 et
778 2591 1022 2646 veritatis
1063 2602 1426 2662 prppugnator
1455 2608 1470 2648 :
1501 2594 1592 2663 qui
1635 2603 1691 2648 et
1724 2595 1923 2651 sufficit
1948 2613 2045 2651 no-

459 2678 555 2735 bis
583 2679 646 2734 ad
677 2679 992 2736 imitandum
1023 2682 1074 2736 in
1106 2683 1386 2738 salutando
1408 2700 1591 2740 sacras
1621 2685 1904 2754 imagines.

539 2772 684 2828 Elias
722 2774 1207 2830 reverendissimus
1251 2777 1536 2846 presbyter
1572 2774 1801 2848 [primus
1824 2777 2044 2847 presby-

460 2863 575 2937 ter]
605 2874 809 2920 sanctae
833 2864 1087 2920 Ecclesia:
1112 2865 1344 2921 dominre
1381 2876 1578 2922 nostra:
1626 2867 1720 2922 Dei
1751 2868 2044 2923 Genitriris

467 2952 522 3008 in
551 2953 863 3009 Blachernis
888 2955 1022 3018 sitae,
1046 2955 1174 3025 legit
1197 2971 1263 3011 ex
1297 2957 1486 3014 charta
1515 2957 1750 3013 habente
1779 2958 2045 3015 deﬁnitio-

460 3058 565 3099 nes
593 3054 791 3099 sanctae
814 3060 876 3100 ac
901 3046 1220 3100 universalis
1249 3055 1414 3101 sexta:
1439 3047 1650 3118 synodi.

467 3195 651 3251 Conon
689 3205 881 3251 sancta:
918 3212 980 3251 ac
1003 3197 1322 3273 uniuersalis
1359 3207 1519 3273 sexta,-
1553 3210 1580 3240 ι
1617 3201 1802 3270 synodi
1835 3210 2042 3273 octoge-

1015 3267 1176 3322 simus
1212 3269 1489 3324 secundus.

536 3399 594 3454 ln
635 3399 955 3470 quibusdam
1003 3398 1387 3456 venerabilium
1433 3401 1726 3474 imaginum
1765 3402 2042 3474 scripturis

466 3491 654 3561 Agnus
684 3491 850 3562 digito
886 3493 1234 3559 przecursoris
1279 3501 1528 3547 ostensus
1564 3492 1908 3563 designatur,
1951 3492 2043 3564 qui

468 3583 523 3636 in
577 3582 798 3652 figuram
849 3582 1114 3638 admissus
1153 3591 1237 3638 est
1281 3585 1483 3655 gratiae,
1530 3599 1715 3640 verum
1747 3583 1900 3642 nobis
1948 3601 2044 3656 per

467 3676 638 3747 legem
665 3678 1062 3746 praeustendens
1089 3676 1294 3745 Agnum
1320 3677 1594 3732 Christum
1625 3675 1908 3732 Dominum
1943 3693 2042 3733 no-

466 3779 660 3822 strum.
705 3766 925 3823 Veteres
955 3783 1082 3838 ergo
1111 3767 1311 3823 formas
1335 3777 1390 3822 et
1410 3769 1649 3834 umbras,
1694 3777 1756 3824 ut
1799 3771 2043 3826 veritatis

468 3858 707 3928 symbols
737 3867 792 3912 ct
824 3857 1286 3929 praefigurationes
1312 3857 1565 3915 Ecclesiae
1593 3860 1819 3916 traditas
1846 3860 2046 3929 ample-

467 3955 698 4008 ctentes,
727 3948 952 4016 gratiam
991 3945 1327 4016 praeferimus
1355 3956 1409 4001 et
1436 3948 1739 4012 veritatem,
1774 3957 1835 4002 ut
1876 3948 2047 4018 pleni-

468 4039 706 4093 tudinem
759 4037 892 4108 legis
949 4038 1090 4094 hanc
1151 4039 1523 4109 suscipientes.
1586 4040 1861 4108 Quatenus
1918 4055 2045 4112 ergo

466 4129 729 4200 perfectio
771 4139 826 4186 et
862 4130 914 4184 in
947 4131 1184 4185 colorum
1227 4133 1626 4200 operationibus
1672 4132 2042 4188 universorum

465 4220 704 4275 vultibus
727 4219 1051 4283 ascribatur,
1081 4219 1215 4291 Agni
1240 4221 1440 4276 Christi
1469 4222 1561 4276 Dei
1593 4222 1786 4286 nostri,
1821 4222 1912 4292 qui
1950 4222 2047 4276 tol-

463 4307 822 4380 litpeccatum
853 4310 1056 4374 mundi,
1090 4311 1383 4365 secundum
1423 4313 1810 4367 humanitatem
1855 4314 2046 4368 chara-

465 4389 669 4454 cterem
710 4407 762 4452 et
801 4399 853 4452 in
885 4398 1206 4469 imaginibus
1239 4415 1305 4454 ex
1356 4416 1497 4455 nunc
1538 4417 1634 4471 pro
1688 4402 1856 4456 veteri
1900 4417 2044 4472 agno

465 4490 669 4545 titulari
695 4489 952 4562 [depingi]
983 4490 1289 4556 definimus,
1316 4506 1412 4562 per
1431 4506 1558 4546 eum
1589 4492 1905 4548 humilitatis
1936 4491 2046 4549 cel-

2145 1945 2287 1999 vcrsi
2309 1953 2433 1999 sunt
2456 1946 2864 2014 quartodecimo
2895 1963 3034 2002 anno
3055 1949 3410 2004 Constantini.
3442 1951 3585 2022 Ergo
3611 1961 3725 2020 post

2143 2043 2373 2104 quatuor
2399 2037 2512 2091 sive
2539 2038 2776 2107 quinque
2805 2052 2975 2093 annos
3005 2040 3163 2094 iidem
3213 2041 3311 2110 ipsi
3361 2041 3551 2095 Patres
3599 2059 3725 2097 con-

2143 2127 2422 2182 venientes
2446 2127 2545 2182 sub
2573 2126 2881 2182 Iustiniano
2904 2129 3013 2199 lllio
3038 2130 3398 2196 Constantini,
3427 2133 3725 2202 prmsign‘ao

2135 2223 2229 2269 tos
2247 2229 2486 2270 muenes
2517 2226 2884 2285 exposuerunt
2909 2235 2930 2271 -:
2961 2228 3016 2272 et
3049 2235 3204 2274 nemo
3228 2221 3438 2275 dubitet
3481 2223 3547 2276 de
3601 2223 3723 2276 illis.

2139 2305 2219 2359 Illi
2246 2307 2386 2360 enim
2408 2307 2499 2375 qui
2531 2306 2966 2376 subscripserunt
2995 2310 3093 2363 sub
3125 2309 3507 2375 Constantino,
3539 2312 3646 2382 ipsi
3673 2322 3724 2366 et

2145 2397 2243 2452 sub
2275 2396 2577 2452 Justiuiano
2617 2399 2868 2467 praesenti
2911 2400 3111 2456 chartae
3139 2403 3602 2473 subscripserunt,
3653 2403 3723 2457 ita

2145 2501 2205 2545 ut
2225 2493 2324 2546 hoc
2351 2489 2694 2545 manifestum
2726 2491 2796 2546 sit
2820 2506 2884 2546 ex
2907 2508 3091 2547 eorum
3116 2495 3344 2565 proprim
3370 2511 3564 2549 manus
3593 2498 3726 2549 scri-

2143 2591 2313 2651 ptura:
2339 2580 2661 2636 immutabili
2691 2581 3059 2637 similitudine.
3099 2583 3393 2652 Oportebat
3445 2586 3592 2639 enim
3636 2601 3722 2639 eos

2144 2671 2235 2741 qui
2280 2670 2542 2741 synodum
2595 2672 2948 2726 universalem
2996 2683 3498 2743 prtesentaverant,
3558 2679 3721 2731 etiam

2145 2777 2382 2818 canones
2415 2762 2814 2819 ecclesiasticos
2838 2779 3126 2834 exponere.
3188 2765 3260 2822 Ut
3295 2779 3476 2823 autem
3518 2771 3592 2823 ad
3643 2785 3723 2823 nc-

2145 2855 2506 2910 cordationem
2541 2857 2966 2912 conversationis
3011 2859 3125 2926 ejus
3169 2859 3219 2913 in
3263 2877 3428 2915 carne
3457 2861 3641 2924 factae,
3673 2873 3723 2915 et

2145 2946 2396 3002 salutaris
2426 2948 2616 3002 mortis
2635 2963 2793 3001 manu
2822 2950 3216 3018 quodammodo
3255 2952 3539 3016 ducamur,
3573 2954 3722 3006 dixe-

2144 3046 2341 3091 runtet
2373 3038 2439 3092 de
2467 3037 2862 3093 venerabilibus
2889 3040 3058 3094 icouis
3087 3059 3101 3094 :
3133 3049 3189 3094 et
3214 3041 3258 3094 si
3303 3056 3401 3110 per
3436 3057 3532 3096 cas
3564 3059 3720 3096 manu

2144 3126 2393 3180 ducimur
2417 3126 2470 3180 in
2500 3125 2957 3194 dispensationem
2997 3128 3198 3184 Christi
3224 3129 3320 3183 Dei
3358 3130 3558 3194 nostri,
3590 3145 3721 3199 qua-

2069 3204 2114 3268 C
2145 3216 2225 3271 les
2257 3217 2518 3271 habemus
2549 3216 2820 3272 aestimare
2855 3218 2977 3274 illos
3014 3220 3104 3289 qui
3138 3221 3520 3275 subverterunt
3566 3235 3727 3274 vene.

2141 3305 2339 3361 randas
2376 3306 2609 3361 iconas?

2211 3399 2409 3455 Sancta
2438 3400 2676 3471 synodus
2707 3402 2842 3458 dixit
2875 3421 2888 3458 :
2918 3401 2990 3459 Ut
3023 3404 3140 3459 sine
3176 3403 3306 3467 Deo,
3352 3413 3407 3459 et
3448 3402 3724 3470 Hebr-mos,

2142 3499 2198 3546 et
2223 3491 2466 3545 veritatis
2498 3491 2766 3548 inimicos.

2156 3618 2158 3620 -
2214 3580 2468 3637 Tarasius
2485 3583 2858 3638 sanctissimus
2879 3585 3179 3654 patriarcha
3211 3587 3386 3640 dixit:
3415 3585 3522 3641 Sed
3556 3602 3723 3642 οοηηε

2142 3680 2229 3726 est
2257 3671 2515 3725 Dominus
2557 3671 2698 3725 Deus
2745 3681 2927 3726 noster
2973 3675 3036 3727 ad
3089 3661 3489 3746 suscipiendum
3537 3692 3723 3731 omnes

2142 3776 2279 3816 nos:
2308 3776 2412 3814 non
2449 3762 2590 3814 cnim
2622 3761 2885 3831 relinquet
2923 3765 3129 3833 virgam
3177 3775 3519 3834 peccatorum
3569 3779 3727 3838 super

2143 3862 2343 3906 sortem
2369 3851 2635 3920 justorum
2667 3849 2839 3920 (Psal.
2871 3854 3076 3923 cxxtv).

2211 3938 2321 3993 Leo
2369 3939 2741 3994 sanctissimus
2793 3941 3076 4012 episcopus
3128 3943 3300 3999 Rhodi
3347 3945 3486 3999 dixit
3532 3961 3548 3999 :
3589 3946 3727 4001 Ecce

2143 4040 2416 4087 ostensum
2461 4041 2545 4087 est
2591 4047 2656 4086 ex
2704 4031 2898 4088 divinis
2947 4034 3263 4104 Scripturis,
3305 4038 3429 4108 quia
3487 4037 3724 4093 Ecclesia

2143 4133 2325 4179 nostra
2367 4133 2444 4179 tot
2477 4124 2633 4178 annis
2667 4123 2973 4196 impugnata
3010 4137 3093 4182 est
3138 4136 3192 4182 et
3243 4127 3530 4197 dispoliata
3568 4146 3584 4191 ;
3633 4128 3726 4184 sed

2142 4217 2344 4287 gratias
2373 4220 2580 4289 agimus
2609 4221 2823 4276 Christo
2868 4219 2978 4274 Deo
3023 4227 3242 4283 nostro,
3285 4220 3374 4289 qui
3423 4222 3602 4275 erexit
3643 4237 3726 4276 sa—

2143 4307 2502 4364 cratissimum
2541 4311 2821 4365 Dominum
2851 4318 3091 4365 nostrum
3131 4310 3197 4362 ad
3233 4309 3565 4364 erectionem
3591 4310 3724 4381 ejus.

2215 4396 2406 4452 Petrus
2433 4409 2487 4453 et
2515 4399 2708 4454 Petrus
2739 4399 2846 4454 Deo
2874 4399 3141 4454 amabiles.
3172 4399 3499 4470 presbyteri,
3546 4409 3602 4454 et
3647 4400 3725 4453 lo-

2155 4501 2264 4540 :nm
2297 4489 2589 4546 retinentes
2618 4491 2838 4546 Adriani
2883 4507 3032 4561 papae
3080 4491 3306 4546 senioris
3348 4492 3554 4556 Romze,
3581 4494 3730 4547 dixe-

468 4553 753 4634 situdinein
780 4553 1068 4635 DeivV'Icrbi
1099 4553 1524 4646 considerantes,
1553 4591 1608 4638 et
1635 4583 1700 4637 ad
1727 4583 2040 4638 memoriam
2072 4553 2121 4618 Β
2150 4589 2276 4634 runt
2307 4597 2320 4634 :
2351 4580 2568 4636 Librum
2600 4584 2859 4637 habemus
2891 4599 2999 4651 prae
3035 4584 3282 4637 manibus
3320 4583 3462 4638 beati
3516 4583 3727 4641 Leontii

465 4671 888 4724 conversationis
922 4670 974 4724 in
1005 4685 1166 4725 carne
1195 4671 1365 4736 factaz,
1400 4681 1506 4726 tam
1536 4672 1744 4728 scilicet
1777 4673 2046 4742 passionis

464 4759 603 4828 ejus,
633 4775 792 4829 quam
819 4759 1070 4816 salutaris
1101 4762 1309 4826 mortis,
1339 4771 1391 4815 et
1419 4777 1485 4816 ex
1512 4764 1613 4818 hac.
1655 4764 2044 4833 redemptionis

464 4847 690 4914 effectae,
719 4851 1020 4905 redeuntes.
1057 4851 1123 4904 Et
1147 4863 1426 4922 postquam
1459 4853 1602 4924 legit,
1642 4871 1936 4911 conversus
1975 4855 2044 4910 ad

466 4950 709 4996 sanctam
755 4942 1017 5012 synodum
1045 4943 1179 4996 dixit
1203 4961 1216 4996 :
1242 4943 1597 5000 Houorabiles
1626 4946 1813 5002 Patres
1837 4958 1891 5003 et
1918 4963 2044 5003 sau-

467 5030 567 5094 cti,
591 5033 1016 5103 persecutionem
1044 5033 1294 5089 Ecclesiae
1317 5035 1435 5104 plus
1459 5051 1543 5090 me
1566 5037 1740 5093 nullus
1763 5039 1924 5108 elegit
1953 5055 2048 5108 pro

464 5122 708 5195 peccatis
750 5123 915 5190 meis;
969 5125 1060 5179 sed
1107 5126 1319 5180 divinus
1366 5129 1559 5183 hamus
1605 5129 1740 5183 facta
1791 5140 1874 5184 est
1918 5132 2049 5187 mihi

465 5226 709 5281 praesens
733 5212 939 5282 charta,
973 5214 1024 5267 in
1064 5232 1168 5285 qua
1197 5217 1632 5288 subscripserunt
1663 5218 1851 5274 Patres
1881 5221 2050 5275 sancti

467 5311 638 5358 sexta:
667 5303 878 5372 synodi,
907 5312 962 5356 et
994 5313 1272 5360 traxerunt
1301 5323 1386 5363 me
1410 5307 1475 5360 ad
1510 5308 1844 5362 orthodoxim
1869 5309 2047 5364 fidem.

470 5393 587 5452 Non
618 5401 800 5450 autem
823 5392 992 5446 solum
1018 5395 1138 5460 hoc,
1168 5398 1260 5450 sed
1299 5406 1355 5451 et
1400 5397 1776 5451 sanctissimus
1818 5398 2049 5466 patriar-

469 5485 606 5538 ϐΙΙίδ.
642 5480 730 5526 nni
771 5481 1000 5520 ηναιΡ-ι-ιι
1042 5483 1106 5502 n-
1161 5498 1166 5499 ν
1672 5488 1682 5500 1

2149 4667 2442 4739 Neapoleos
2469 4672 2652 4742 Cypri,
2681 4683 2735 4726 et
2764 4674 3095 4742 postulamus
3124 4673 3224 4743 legi
3259 4689 3406 4728 eum.

2223 4759 2284 4812 Et
2325 4761 2596 4828 accipiens
2632 4762 2937 4832 Stephanus
2965 4763 3447 4819 reverendissimus
3467 4765 3728 4821 diaconus

2148 4857 2202 4900 et
2235 4850 2499 4914 notarius,
2533 4851 2662 4921 legit
2689 4868 2705 4904 :

2149 4975 2353 5033 Leontii
2412 4980 2657 5052 episcopi?
2694 4977 2984 5052 Neapoleos
3037 4980 3236 5052 Cypri,
3274 4996 3339 5036 ea:
3393 4981 3575 5052 quinto
3623 4997 3729 5036 se:-

2219 5065 2371 5102 mone
2406 5066 2498 5118 pro
2536 5049 2952 5104 Christianorum
2991 5049 3230 5120 analogia
3267 5049 3453 5106 contra
3489 5050 3725 5116 εἰκάσθω,

2220 5134 2282 5170 ac
2319 5119 2381 5172 de
2417 5119 2727 5188 imaginibus
2762 5131 3083 5175 sanctorum.
3145 5119 3157 5120 ί
3724 5140 3727 5141 ⁷

2224 5226 2318 5279 Eia
2356 5242 2498 5281 nunc
2527 5228 2592 5281 de
2622 5237 2819 5281 caetero
2847 5243 3007 5298 super
3033 5236 3353 5284 veneranter
3400 5229 3565 5298 pictis
3600 5228 3730 5286 ima-

2150 5316 2363 5386 ginibus
2409 5316 2705 5386 apologiam
2747 5317 3042 5383 faciamus,
3091 5334 3197 5388 quo
3239 5319 3592 5373 obstruautur
3635 5332 3729 5371 ora

2150 5405 2482 5474 loquentium
2511 5407 2843 5456 iniustitiam-
2887 5408 3097 5456 Lentulis
3124 5410 3264 5460 enim
3295 5421 3382 5456 est
3408 5408 3530 5464 haec
3563 5407 3730 5452 "sdi-
