3924 5558
119 413 208 469 293

766 408 1312 466 INTERPRETATIO
1353 407 1600 464 SYNODI
1641 406 1748 464 Vill
1789 407 2290 466 GENERALIS.—
2329 408 2529 468 ACTlO
2567 409 2655 465 IV.

3227 413 3331 469 ΞΜ

118 539 222 580 rum
253 540 266 575 :
294 519 582 590 Templum
621 520 759 590 quod
797 519 937 576 Deus
967 522 1200 577 ostendit
1224 522 1512 584 Ezechieli,
1549 521 1660 574 Fa-
1691 529 1737 583 Α
1764 521 2028 585 ecclesiis.
2063 530 2118 578 et
2159 516 2510 590 domibus,et
2538 524 2749 594 plateis,
2792 531 2847 579 et
2892 525 2946 580 in
2991 525 3336 601 imaginibus,

119 616 206 665 ria
227 611 337 683 [al.,
372 609 640 678 habebnt],
670 609 830 673 dixit,
860 609 1151 678 palmarum
1177 620 1222 663 et
1247 610 1453 664 leonum
1491 620 1538 664 et
1577 611 1669 664 Ito-

119 704 373 763 minum,et
389 700 654 752 cherubim
673 717 702 752 α
727 699 1012 766 pavimento
1040 699 1153 768 ejus
1177 716 1334 769 usque
1362 700 1430 752 ad
1456 699 1672 769 laquear

118 791 220 843 tecti
239 789 450 860 (Exerit.
482 790 614 859 xu).
657 787 803 844 Vere
832 790 1080 844 terribilis
1101 805 1278 844 sermo
1298 831 1313 854 ,
1337 791 1425 860 qui
1456 791 1671 845 manth

119 879 275 932 lsraeli
315 893 422 931 non
472 877 654 932 facere
704 893 861 932 omne
908 878 1173 948 sculptile,
1214 894 1386 949 neque
1435 880 1667 945 iconam,

119 983 268 1037 neque
291 968 693 1022 similitudinem
717 981 900 1022 eorum
921 984 1253 1038 qumcunquc
1280 978 1404 1023 sunt
1432 970 1484 1023 in
1508 969 1668 1034 cado,

118 1068 166 1115 et
183 1075 508 1128 quaecunque
535 1067 658 1114 sunt
687 1075 848 1130 super
889 1067 1088 1112 terram
1119 1077 1133 1114 :
1161 1068 1216 1114 et
1269 1059 1381 1128 ipse
1430 1060 1672 1130 prmcipit

119 1149 261 1222 Moysi
293 1151 473 1206 facere
513 1150 778 1221 sculptilia
828 1149 1100 1214 animalia,
1149 1151 1422 1205 cherubim
1469 1150 1668 1221 (Exod.

120 1259 196 1307 xx,
221 1243 361 1312 xxv),
392 1243 486 1311 qui
510 1255 564 1298 et
592 1243 852 1298 Ezechieli
884 1243 1095 1314 plenum
1133 1243 1455 1314 imaginibus
1497 1252 1552 1298 et
1597 1244 1672 1298 si-

118 1334 483 1389 militudinibus
510 1335 857 1405 sculptilium,
889 1335 1098 1390 leonum
1123 1376 1138 1400 ,
1167 1336 1464 1404 palmarum
1496 1343 1552 1390 et
1575 1335 1670 1389 bo-

118 1426 295 1479 minum
319 1426 578 1495 templum
607 1428 859 1480 ostendit.
899 1426 1049 1482 Unde
1087 1436 1142 1481 et
1168 1426 1419 1481 Salomon
1461 1443 1524 1481 ex
1557 1427 1669 1498 lege

118 1524 309 1584 accepta
337 1515 530 1585 ﬁgura,
565 1515 778 1586 plenum
817 1516 943 1572 fecit
973 1518 1224 1585 templum
1261 1517 1423 1572 aeneis
1449 1527 1503 1571 et
1530 1518 1671 1573 scul-

117 1605 312 1676 ptilibus
339 1615 388 1660 et
418 1605 667 1661 fusilibns
704 1607 968 1671 leonibus,
993 1617 1049 1662 et
1073 1609 1264 1672 bobus,
1291 1618 1345 1662 ct
1375 1608 1583 1677 palmis,
1615 1619 1670 1662 et

118 1693 398 1747 hominibus
421 1693 542 1764 (111
573 1694 696 1763 Reg.
721 1711 798 1758 vi,
825 1711 920 1760 vn,
954 1697 1007 1764 7)
1041 1706 1130 1750 :et
1153 1705 1328 1750 tamen
1367 1713 1470 1750 non
1496 1708 1576 1751 est
1614 1699 1666 1751 in

118 1781 189 1837 his
229 1783 585 1852 reprehensus
611 1797 642 1834 a
670 1783 798 1839 Deo.
841 1783 898 1838 Si
944 1786 1107 1854 igitur
1140 1803 1224 1841 me
1273 1789 1668 1854 reprehendere

1768 619 1825 665 et
1854 613 1906 665 in
1936 611 2271 676 sindonibus,
2302 623 2355 668 et
2391 615 2443 668 in
2472 615 2853 684 penetralibus,
2881 625 2935 670 et
2966 617 3018 671 in
3048 621 3338 677 vestimen-

1772 702 1862 767 tis,
1885 710 1939 757 et
1970 703 2022 756 in
2047 705 2191 758 omni
2226 704 2343 759 loco
2373 704 2667 760 formamus
2695 723 2709 759 :
2741 715 2800 760 ut
2834 706 3167 764 incessanter
3190 713 3337 782 aspi-

1770 792 1974 846 cientes
2004 794 2118 847 hac
2148 809 2609 860 commoneamnr,
2641 803 2694 850 et
2721 811 2828 851 non
2853 798 3252 862 obliviscamur.
3279 810 3340 856 ut

1772 890 1824 936 ιιι
1856 898 1916 938 es
1949 884 2145 938 oblitus
2189 885 2393 939 Domini
2437 887 2528 940 Dei
2563 887 2658 943 tui.
2705 887 2770 941 Et
2811 888 2955 944 sicut
3004 898 3057 944 tu
3105 891 3339 948 adorans

1768 972 1963 1028 librum
2010 975 2164 1046 legis,
2205 991 2310 1030 non
2331 985 2586 1031 naturam
2637 977 2856 1048 pellium
2901 979 2987 1034 vel
3028 983 3338 1049 atramenti,

1767 1065 1966 1134 quain
1996 1067 2111 1136 ipso
2140 1074 2240 1130 est,
2274 1068 2490 1130 adoras,
2521 1069 2614 1122 sed
2642 1069 2804 1124 verba
2828 1069 2922 1125 Dei
2948 1086 3068 1140 qua:
3097 1071 3340 1142 rejacent

1771 1153 1822 1205 in
1855 1168 1920 1208 eo
1952 1172 1965 1206 :
2001 1154 2070 1208 ita
2117 1162 2172 1208 et
2219 1169 2318 1225 ego
2364 1155 2647 1225 imaginem
2683 1157 2882 1214 Christi
2928 1160 3183 1227 adorans,
3230 1177 3337 1218 non

1771 1252 2020 1299 naturam
2085 1244 2348 1316 lignorum
2392 1254 2445 1300 et
2489 1247 2726 1302 colorum
2776 1250 2942 1305 adoro
2991 1250 3198 1324 (absit),
3244 1254 3340 1309 sed

1770 1332 2122 1388 inauimatum
2155 1337 2525 1390 characterem
2569 1335 2768 1393 Christi
2814 1347 3020 1405 tenens,
3073 1355 3170 1410 per
3213 1357 3338 1398 eum

1769 1421 2042 1480 Christum
2092 1434 2276 1480 tenere
2318 1440 2477 1496 spero
2517 1424 2658 1498 [ϐω
2686 1429 2816 1485 mihi
2864 1430 3094 1502 videor],
3121 1442 3178 1488 et
3201 1433 3336 1488 ado-

1771 1528 1912 1566 rare.
1960 1513 2026 1567 Et
2063 1516 2202 1570 sicut
2226 1515 2394 1571 Jacob
2420 1525 2690 1586 acceptam
2726 1534 2754 1572 a
2799 1517 2925 1574 filiis
2949 1522 3065 1576 suis
3101 1523 3337 1578 tunicam

1770 1604 1974 1655 variam
2023 1611 2078 1656 et
2123 1606 2584 1676 sanguinolentam
2630 1606 2828 1677 Joseph
2878 1611 3215 1668 deosculatus
3255 1621 3341 1667 est

1769 1710 1890 1749 cum
1923 1695 2193 1766 Iacrymis,
2234 1707 2290 1752 et
2335 1699 2566 1768 propriis
2589 1701 2759 1755 oculis
2785 1701 2926 1756 hanc
2954 1704 3342 1773 circumposuit

1771 1780 2172 1853 (Gen.xxxvu),
2198 1795 2252 1840 et
2291 1801 2394 1841 non
2421 1788 2802 1843 vestimentum
2833 1804 3021 1846 amans
3061 1791 3143 1846 vel
3174 1791 3342 1846 hono-

117 1871 184 1923 vis
208 1886 362 1939 super
385 1872 725 1942 imaginibus,
755 1875 1080 1942 reprehende
1119 1875 1282 1930 Deum
1322 1877 1411 1945 qui
1446 1876 1665 1932 haecfa-
1699 1859 1742 1917 Β
1771 1887 1917 1937 rans,
1951 1875 2052 1928 hoc
2079 1873 2224 1937 fecit,
2253 1875 2344 1929 sed
2375 1892 2472 1946 per
2491 1877 2546 1932 id
2569 1878 2844 1933 aestimans
2861 1876 3057 1948 Joseph
3083 1880 3337 1943 osculari.

109 1973 218 2012 cere
227 1959 407 2026 jussit,
429 1971 486 2013 ut
511 1964 562 2015 in
591 1965 1010 2019 recordationem
1038 1965 1152 2033 ejus
1175 1978 1354 2022 essent
1381 1971 1519 2037 apud
1546 1984 1662 2024 nos.

115 2049 307 2103 intimus
338 2051 473 2105 dixit
506 2071 520 2105 :
553 2051 660 2106 Sed
692 2068 795 2108 non
823 2055 1184 2110 adorabautur
1213 2057 1318 2111 illa:
1358 2059 1668 2113 similitudi-

115 2153 195 2192 nes
220 2140 360 2194 sicut
391 2141 486 2204 dii,
516 2143 614 2196 sed
661 2143 726 2196 ad
776 2145 1198 2200 recordationem
1253 2147 1420 2201 solam
1467 2147 1664 2202 eﬁicie-

112 2226 310 2281 bantur.
351 2229 688 2285 Christianus
730 2232 864 2285 dixit
895 2251 908 2286 :
935 2233 1080 2286 Bene
1113 2236 1315 2298 dixisti,
1347 2235 1470 2304 quia
1496 2245 1548 2290 et
1574 2252 1669 2306 pe-

115 2333 196 2372 nes
214 2334 308 2373 nos
331 2321 468 2376 sicut
500 2322 574 2376 dii
612 2339 716 2376 non
743 2324 1036 2380 adorantur
1060 2335 1365 2381 sanctorum
1395 2331 1667 2385 characte-

115 2418 189 2460 res
213 2417 265 2461 et
289 2409 452 2463 icona:
482 2411 563 2464 vel
593 2411 794 2466 forum.
833 2413 892 2468 Si
925 2415 1067 2468 enim
1100 2426 1155 2469 ut
1192 2417 1355 2472 Deum
1384 2420 1664 2476 adorarem

111 2494 294 2565 lignum
324 2499 592 2568 imaginis,
621 2516 830 2569 possem
871 2503 1110 2572 profecto
1165 2516 1218 2560 et
1263 2507 1407 2578 ligna
1459 2509 1665 2581 reliqua

117 2586 340 2642 adorare.
381 2587 514 2644 Nam
542 2591 585 2644 si
615 2601 674 2645 ut
703 2592 868 2647 Deum
896 2594 1094 2666 lignum
1120 2597 1420 2664 adorarem,
1449 2600 1666 2657 minime

118 2675 281 2743 utique
331 2678 504 2732 deleto
553 2682 870 2736 charactere
920 2684 1126 2738 iconam
1161 2686 1534 2743 incenderent.
1597 2691 1665 2746 Et

117 2771 309 2835 iterum,
358 2789 637 2844 usquequo
681 2788 955 2848 compacta
993 2791 1118 2834 sunt
1147 2783 1251 2836 duo
1287 2784 1429 2853 ligna
1463 2786 1664 2850 crucis,

115 2863 264 2916 adoro
283 2864 508 2935 ﬁguram
536 2878 753 2938 propter
781 2870 1072 2936 Christum,
1099 2874 1188 2942 qui
1222 2876 1274 2928 in
1307 2875 1416 2944 ipsa
1445 2879 1662 2934 cruciﬁ-

116 2969 204 3008 xus
222 2968 642 3028 estzpostquam
679 2970 856 3017 autem
895 2965 964 3017 ab
1009 2966 1233 3020 invicem
1268 2980 1513 3037 separata
1557 2971 1668 3026 fue-

118 3055 245 3110 runt,
275 3049 494 3115 projicio
537 3065 600 3103 ea
635 3060 690 3104 et
729 3053 972 3109 incendo.
1016 3055 1080 3109 Et
1113 3056 1251 3110 sicut
1283 3058 1327 3113 is
1357 3061 1444 3127 qui
1465 3058 1665 3128 jussio-

113 3149 222 3189 nem
252 3138 584 3207 imperatoris
611 3143 861 3212 suscepit.
891 3153 946 3198 ct
969 3144 1220 3199 salutavit
1258 3147 1508 3218 sigillum,
1555 3164 1660 3205 non

1768 1974 1824 2018 et
1868 1965 1921 2018 in
1960 1965 2208 2021 manibus
2235 1979 2357 2022 eum
2388 1967 2630 2023 habere:
2675 1968 2747 2022 ita
2791 1977 2847 2022 et
2884 1968 3173 2024 Christiani
3218 1971 3342 2026 uni—

1768 2055 1910 2110 versi
1943 2055 2230 2124 imaginem
2257 2056 2458 2110 Christi
2490 2057 2572 2111 vel
2602 2057 2964 2125 apostolorum
3008 2068 3103 2114 aut
3140 2071 3343 2132 marty-

1768 2157 1887 2195 rum
1932 2153 2178 2199 tenentes
2220 2153 2313 2198 aut
2356 2145 2648 2201 salutantes
2693 2161 2880 2211 carne,
2928 2149 3108 2202 anima
3165 2149 3338 2218 ipsum

1768 2230 2038 2286 Christum
2086 2234 2418 2290 aestimamus
2468 2235 2553 2291 vel
2610 2245 2902 2308 martyrem
2947 2236 3063 2307 ejus
3099 2239 3336 2294 habitum

1768 2321 2022 2376 retinere.
2067 2323 2161 2378 Dic
2201 2339 2328 2393 ergo
2368 2325 2497 2380 mihi
2527 2333 2604 2389 tu,
2632 2326 2724 2395 qui
2753 2326 2989 2395 epinaris
3012 2327 3148 2381 nihil
3179 2343 3339 2383 manu
3415 2368 3422 2369 κ

1767 2411 1992 2476 factum,
2021 2413 2104 2469 vel
2131 2414 2258 2469 nihil
2286 2415 2508 2470 omnino
2537 2424 2776 2471 creatum
2805 2416 3159 2482 adorandum,
3191 2434 3338 2472 nun-

1765 2517 2000 2573 quamne
2039 2504 2312 2560 multoties
2357 2505 2581 2561 muliere
2621 2514 2752 2570 tua,
2794 2505 2880 2561 vel
2921 2505 3044 2561 ﬁliis
3083 2507 3334 2572 mortuis,

1761 2597 2024 2663 tunicam,
2068 2597 2151 2651 vel
2197 2606 2574 2652 ornamentum
2622 2598 2738 2667 ejus
2783 2599 2953 2652 visura
2999 2598 3051 2652 in
3087 2598 3337 2653 cubiculo

1767 2696 1858 2740 tuo
1895 2687 2169 2742 osculatus
2195 2701 2277 2750 es,
2315 2696 2372 2741 et
2409 2687 2663 2757 lacrymis
2710 2687 2836 2741 illud
2881 2685 3144 2751 in‘fudisti,
3182 2697 3237 2742 et
3282 2689 3335 2742 in

1765 2777 1868 2832 hoc
1893 2791 1999 2832 non
2027 2793 2087 2832 es
2115 2777 2540 2832 condemnatus?
2565 2776 2680 2830 Non
2716 2777 2857 2830 enim
2887 2785 2946 2830 ut
2972 2777 3138 2840 Deum
3168 2779 3336 2832 vesti-

1763 2875 1944 2921 menta
1972 2867 2232 2931 adorasti,
2275 2866 2370 2921 sed
2411 2880 2650 2920 antorem
2682 2880 2776 2934 per
2805 2865 3050 2920 osculum
3091 2865 3236 2920 circa
3269 2866 3335 2920 il-

1763 2956 1871 3013 lum
1901 2959 2209 3022 ostendisti,
2238 2958 2328 3027 qui
2355 2957 2457 3012 hoc
2485 2957 2772 3026 aliquando
2794 2955 2973 3011 fuerat
2997 2956 3338 3011 circumami-

1763 3056 1901 3102 ctus.
1948 3046 2081 3102 Nam
2127 3057 2181 3103 et
2227 3048 2325 3119 ipsi
2377 3056 2533 3102 natos
2576 3056 2786 3102 nostros
2827 3055 2882 3101 et
2918 3055 3099 3116 patres
3125 3057 3336 3103 creatos

1763 3138 2058 3192 existentes
2100 3145 2152 3192 et
2203 3145 2517 3206 peccatores
2546 3135 2821 3192 multoties
2851 3136 3166 3201 salutamus,
3197 3144 3251 3189 et
3281 3137 3336 3190 in

115 3226 265 3282 imum
306 3201 569 3296 idem“,
610 3241 702 3286 θυι
747 3201 1017 3299 έιιίέιιιαιη,
1077 3244 1169 3290 am
1220 3201 1512 3307 ριιέῖηιῃηηξ
1690 3201 1733 3262 C
1766 3230 1870 3284 hoc
1901 3229 2121 3283 minime
2151 3229 2573 3283 condemnamur
2599 3245 2611 3281 :
2635 3242 2742 3282 non
2770 3227 2916 3281 enim
2951 3235 3011 3280 ut
3038 3227 3166 3282 deos
3196 3226 3337 3280 salu-

119 3316 404 3387 imperatori
467 3323 833 3378 adorationem
881 3333 936 3378 et
987 3325 1189 3380 cultum
1234 3327 1494 3398 impendit
1531 3343 1546 3382 :
1591 3329 1665 3384 ita

116 3417 165 3460 et
208 3424 296 3463 nos
351 3410 777 3467 Christianorum
831 3416 980 3483 pueri
1043 3415 1265 3486 ﬁguram
1317 3419 1493 3473 crucis
1538 3420 1665 3474 ado-

117 3505 299 3560 rantes,
341 3514 444 3554 non
493 3509 740 3555 naturam
779 3502 904 3572 ligni
953 3505 1257 3568 adoramus,
1307 3507 1400 3561 sed
1452 3508 1660 3579 signum

114 3595 165 3638 et
205 3590 450 3643 animiam
505 3600 564 3646 et
623 3592 988 3648 characterem
1051 3595 1295 3660 Christi,
1341 3613 1467 3651 eum
1522 3600 1663 3667 aspi-

116 3676 316 3741 cientes,
374 3695 469 3747 per
518 3695 642 3733 eum
694 3681 839 3734 illum
899 3684 987 3751 qui
1045 3683 1098 3737 in
1137 3700 1203 3739 eo
1240 3688 1524 3740 crucifixus
1557 3696 1657 3752 est,

118 3765 386 3823 salutamus
421 3779 476 3823 et
511 3773 835 3832 adoramus,
871 3781 928 3826 et
964 3773 1101 3827 sicut
1139 3776 1290 3839 pueri
1330 3777 1530 3844 proprii
1567 3793 1660 3846 pa—

122 3859 206 3909 tris
234 3858 525 3926 cujusdam,
553 3861 643 3928 qui
677 3877 899 3932 peregre
937 3863 1205 3931 profectus
1234 3874 1319 3918 est
1357 3867 1424 3919 ad
1454 3875 1660 3936 tempus

120 3946 180 3998 ab
203 3947 316 4010 illis,
347 3950 513 4003 inulto
547 3965 677 4019 erga
703 3964 823 4004 eum
846 3951 1035 4007 aﬂ'ectu
1059 3968 1124 4008 ex
1152 3954 1329 4008 anima
1353 3953 1657 4025 ﬂagrantes,

119 4033 217 4088 sive
241 4037 432 4106 virgam
461 4037 581 4105 ejus
613 4039 666 4092 in
695 4041 851 4095 domo
881 4041 1120 4107 videant,
1158 4043 1271 4099 sive
1309 4045 1513 4110 sedem,
1549 4047 1661 4102 sive

120 4124 423 4198 chlamydem
442 4171 458 4194 ,
493 4131 608 4184 haec
633 4146 756 4185 cum
782 4131 1029 4204 lacrymis
1059 4135 1429 4190 deosculantes
1460 4137 1662 4206 ample-

121 4223 340 4281 ctuntur,
371 4228 554 4274 etnon
586 4221 674 4274 illa
703 4221 949 4289 adorant,
981 4224 1074 4278 sed
1116 4233 1319 4292 patrem
1354 4225 1661 4281 desiderant

122 4305 440 4362 etbouorant
486 4327 499 4364 :
561 4310 634 4364 ita
661 4318 718 4365 et
745 4326 841 4366 nos
869 4327 1058 4368 omnes
1112 4313 1295 4368 ﬁdeles
1345 4323 1402 4367 ut
1455 4315 1659 4386 virgam

123 4393 311 4461 Christi,
337 4414 551 4454 crucem
590 4403 908 4467 adoramus;
941 4411 994 4458 nl
1026 4401 1203 4459 sedem
1236 4419 1362 4458 vero
1385 4413 1438 4458 et
1463 4405 1657 4472 cubile,

126 4482 269 4552 ipsius
294 4490 682 4546 sanctissimum
706 4503 1144 4559 monumentum;
1178 4504 1236 4549 ut
1263 4495 1500 4560 domum,
1525 4513 1659 4566 prte-

126 4587 230 4642 sepe
251 4587 303 4631 et
337 4578 684 4646 Bethlehem,
711 4591 768 4636 et
801 4592 987 4638 sancta
1033 4583 1148 4652 ejus
1184 4595 1374 4640 czetera
1411 4585 1659 4642 taberna-

126 4664 260 4718 cula:
289 4682 445 4736 porro
493 4675 550 4723 ut
606 4672 974 4742 amicos,ejus
1019 4675 1289 4743 apostolos
1336 4683 1391 4730 et
1439 4685 1658 4734 sanctos

127 4767 358 4828 martyres
385 4776 449 4816 ac
485 4762 721 4832 reliquos
749 4773 964 4820 sanctos
985 4763 1102 4833 ejus
1132 4783 1146 4819 :
1192 4778 1245 4821 at
1279 4782 1406 4822 vero
1433 4776 1491 4821 ut
1523 4768 1656 4823 civi-

127 4852 264 4900 tatem
289 4849 400 4916 ejus
427 4851 650 4908 colimus
695 4853 849 4917 Sion,
889 4864 948 4908 ιιι
977 4863 1152 4908 autem
1182 4857 1362 4910 villam
1393 4854 1508 4924 ejus
1553 4857 1654 4912 ite-

127 4947 225 4988 rum
248 4934 501 4994 Nazaretb
538 4942 866 5008 salutamus;
898 4953 1058 5013 atque
1086 4953 1144 4998 ut
1171 4946 1408 5001 divinum
1437 4946 1552 5014 ejus
1580 4947 1660 5002 la-

125 5033 318 5080 vacrum
361 5026 639 5086 Iordanem
689 5031 1086 5102 amplectimur.
1149 5035 1314 5090 Multa
1363 5036 1559 5107 quippe
1602 5047 1658 5095 et

128 5109 348 5171 ineffabili
381 5133 501 5188 erga
539 5123 710 5192 ipsum
743 5120 1028 5177 affectione
1058 5123 1144 5179 ubi
1169 5126 1435 5190 ascendit,
1458 5127 1540 5182 vel
1570 5144 1658 5188 sc-

128 5201 210 5268 dit,
234 5205 314 5260 vel
339 5207 523 5276 illuxit,
552 5214 630 5268 vel
673 5212 874 5283 tetigit,
917 5222 1010 5265 aut
1046 5217 1264 5270 omnino
1291 5215 1652 5286 obumbravit,

125 5289 326 5350 “alimus
363 5303 416 5350 et
453 5299 726 5358 adoramus
759 5307 824 5355 ut
869 5298 1038 5354 locum
1090 5301 1179 5359 Dei
1233 5320 1248 5356 :
1303 5315 1406 5356 non
1454 5304 1651 5377 locum,

597 5407 724 5428 .,.....
779 5386 1068 5453 regionem,
1113 5393 1197 5448 vel
1241 5391 1512 5448 civitatem
1562 5407 1656 5454 aut

1165 5482 1268 5512 "li"
1306 5495 1655 5526 "ﬂnval‘cnlna

1690 4544 1737 4604 D

1765 3329 1940 3376 tamus
1964 3335 2077 3384 eos,
2110 3320 2206 3375 sed
2230 3319 2569 3375 affectionem
2595 3327 2801 3373 natura:
2825 3328 3023 3375 nostra:
3050 3333 3177 3388 erga
3215 3319 3336 3374 illos

1762 3426 1858 3482 per
1885 3411 2129 3467 osculum
2161 3411 2612 3466 demonstremus.
2649 3409 2720 3464 Ut
2747 3423 2876 3480 ergo
2905 3405 3048 3477 saepe
3085 3409 3216 3473 dixi,
3249 3409 3334 3462 iu-

1762 3500 1930 3555 tentio
1956 3501 2256 3570 exquiritur
2285 3500 2338 3553 in
2381 3499 2528 3554 omni
2568 3497 2911 3562 salutatione,
2943 3506 2994 3553 et
3022 3499 3166 3553 omni
3205 3499 3335 3553 ado-

1760 3592 1990 3647 ratione.
2033 3592 2202 3645 Porro
2237 3591 2281 3646 si
2315 3606 2398 3646 me
2419 3603 2661 3652 accusas,
2692 3589 2833 3658 quod
2864 3587 3016 3657 quasi
3049 3587 3331 3642 Dominum

1760 3678 1960 3750 lignum
1988 3680 2205 3733 adorem
2227 3677 2426 3737 crucis.
2457 3691 2625 3747 quare
2649 3691 2754 3731 non
2777 3675 3124 3731 calumniaris
3141 3674 3331 3740 Jacob,

1759 3771 1850 3841 qui
1884 3769 2128 3824 adoravit
2161 3784 2322 3837 super
2349 3767 2714 3822 summitatem
2734 3767 2899 3838 virga:
2919 3764 3115 3836 Joseph
3142 3765 3330 3837 (Hebr.

1758 3860 1873 3931 xi)?
1903 3858 2010 3934 Sed
2038 3857 2382 3934 manifestum
2429 3865 2532 3921 est,
2578 3857 2702 3926 quia
2749 3870 2854 3909 non
2895 3855 3098 3924 lignum
3135 3854 3325 3910 videns

1759 3932 2025 4013 adoravit,
2071 3947 2164 4001 sed
2195 3961 2290 4016 per
2319 3932 2521 4016 lignum
2561 3945 2745 4016 virgae,
2791 3943 3023 4014 Joscpb;
3076 3945 3336 4014 quemad-

1759 4040 1974 4095 modum
2001 4045 2056 4092 et
2088 4051 2186 4092 nos
2212 4051 2309 4108 per
2335 4051 2551 4092 crucem
2573 4034 2868 4093 Christum.
2891 4034 3027 4088 Nam
3055 4043 3111 4089 et
3140 4035 3333 4105 impios

1757 4129 2003 4185 homines
2030 4127 2120 4197 qui
2150 4126 2507 4181 vendiderunt
2544 4123 2868 4194 sepulcrum,
2906 4124 3178 4179 Abraham
3213 4124 3336 4178 ado-

1762 4219 1918 4283 ravit,
1953 4226 2008 4273 et
2049 4231 2186 4286 genu
2229 4215 2474 4270 curvavit
2515 4229 2679 4284 super
2722 4225 2920 4268 terram
2956 4210 3111 4282 (Gen.
3141 4212 3332 4284 xxut);

1760 4309 1855 4365 sed
1884 4323 1987 4363 non
2013 4315 2073 4361 ut
2099 4308 2228 4362 deos
2255 4321 2350 4362 eos
2373 4307 2638 4362 adoravit.
2679 4305 2746 4359 Et
2785 4321 2976 4360 rursus
3003 4304 3170 4360 Jacob
3189 4306 3332 4360 Pha-

1759 4400 1914 4456 raoni
1943 4398 2218 4454 benedixit
2244 4398 2408 4468 impio
2429 4407 2484 4452 et
2506 4395 2802 4452 idololatm
2840 4394 2994 4466 (Gen.
3019 4399 3210 4472 xcvu),
3236 4399 3332 4454 sed

1762 4507 1866 4546 non
1897 4500 1958 4545 ut
1996 4492 2105 4545 Deo
2138 4490 2211 4543 illi
2257 4490 2550 4546 benedixit.
2579 4489 2646 4542 Et
2673 4489 2868 4542 iterum
2902 4506 2915 4541 :
2945 4488 3086 4542 Esau
3134 4494 3335 4544 cadens

1763 4582 2007 4637 adoravit
2034 4580 2191 4652 (Gen.
2221 4579 2449 4648 xxxiii),
2497 4580 2592 4632 sed
2645 4593 2750 4632 non
2796 4586 2854 4631 ut
2900 4578 3091 4633 Deum.
3137 4579 3333 4634 Vidisti

1761 4680 1892 4740 quot
1954 4669 2305 4725 salutationes
2353 4676 2409 4722 et
2454 4667 2796 4722 adorationes
2846 4665 3336 4722 demonstravimus

1761 4761 1856 4816 tibi
1903 4775 1970 4815 ex
2020 4759 2334 4828 Scripturis.
2364 4772 2472 4812 non
2516 4758 2779 4813 habentes
2817 4759 3335 4828 reprehensionem?

1762 4850 1826 4904 Et
1854 4859 1906 4905 ιιι
1932 4847 2151 4918 quidem
2172 4848 2452 4918 conjugem
2482 4856 2627 4902 tuam
2653 4845 2899 4902 fortassis
2921 4859 2977 4904 et
3007 4849 3334 4918 impudicam

1763 4954 1828 4994 ac
1873 4937 2119 4992 vitiosam
2168 4951 2263 5006 per
2308 4935 2548 5006 singulos
2578 4937 2695 4996 dies
2725 4935 2980 4995 osculans
3006 4955 3110 4994 non
3154 4952 3340 5006 repre-

1764 5027 2038 5094 henderis,
2068 5044 2190 5086 cum
2221 5036 2368 5084 certe
2412 5045 2677 5101 nusquam
2721 5030 2864 5084 Deus
2913 5032 3012 5089 tibi
3058 5026 3338 5100 corporale

1762 5121 2001 5177 osculum
2029 5119 2240 5178 mulieri
2280 5117 2476 5175 oil'erre
2524 5118 2858 5192 praeceperit.
2897 5121 3038 5190 Quia
3081 5133 3210 5176 vero
3254 5130 3342 5172 me

1762 5213 1939 5270 vidisti
1981 5213 2193 5270 iconam
2234 5210 2448 5265 Domini
2475 5212 2646 5268 nostri
2693 5209 2817 5264 Jesu
2867 5209 3096 5280 Christi,
3127 5211 3210 5267 vel
3244 5219 3341 5262 tm-

1762 5303 2047 5360 maculatac
2089 5302 2275 5359 Matris
2304 5297 2440 5365 ejus,
2474 5302 2560 5357 vel
2604 5299 2825 5354 alterius
2867 5306 3170 5377 cujuspiam
3210 5298 3342 5369 justi

1762 5397 2016 5460 salutare,
2047 5391 2345 5464 indignaris
2389 5396 2440 5443 et
2495 5407 2619 5448 mox
2671 5389 3056 5460 blaSphemans
3101 5392 3250 5452 salis,
3291 5396 3346 5438 et

1758 5503 1853 5524 nnc
1906 5486 2217 5526 Mnlnlolma
2263 5481 2524 5526 arma-“ag-
2578 5483 2778 5526 “ninrln
2811 5500 2918 5526 nnn
2960 5476 3343 5538 mnfnmlnrie?
