3924 5678
530 404 634 461 295

1666 379 2025 440 ANASTASII
2062 372 2599 433 BlBLlOTlIEGARII

3658 362 3758 420 296

533 516 853 578 adorarem,‘
886 525 985 566 cur
1034 516 1316 579 martyres,
1372 500 1464 574 qui
1508 502 1885 556 destruxerunt
1934 494 2094 558 idola,
2126 496 2175 555 Α
2200 490 2332 560 gini,
2362 488 2446 544 vel
2477 501 2638 579 arcae,
2669 483 2750 539 vel
2778 480 3040 579 reliquiis,
3066 478 3171 579 sed.
3186 491 3283 548 per
3307 490 3370 531 ea
3401 473 3514 579 Deo
3539 481 3608 574 et.
3628 471 3765 542 ipso'

532 610 879 663 adoraremus
908 597 1206 674 [honoro]?
1240 596 1297 652 Si
1352 595 1493 665 ligna
1541 601 1599 647 ut
1637 592 1767 646 deos
1794 590 1999 643 honoro
2045 591 2101 640 et

532 695 796 768 gloriﬁco,
827 690 1094 762 quomodo
1123 689 1330 745 hunoro
1352 694 1407 738 et
1432 680 1670 753 gloriﬁco
1698 686 1986 747 martyres,
2007 674 2101 745 qui

533 789 708 860 lignea
753 783 1039 841 simulacra
1087 775 1501 835 destruxerunt?
1549 772 1607 829 Si
1652 770 1856 840 lapides
1883 775 1942 821 ut
1973 768 2104 823 deos

534 876 794 949 gloriﬁco,
841 870 1108 944 quomodo
1155 868 1366 922 honoro
1418 872 1474 919 et
1522 863 1688 917 adoro
1736 868 2003 929 martyres
2049 861 2106 911 et

534 946 820 1037 apostolos.
871 962 962 1032 qui
1015 957 1382 1015 contriverunt
1427 961 1483 1009 et
1530 950 1880 1021 perdiderunt
1929 946 2105 1017 lignea

535 1057 721 1131 signa?
747 1053 1013 1125 quomodo
1039 1051 1247 1107 honoro
1288 1056 1344 1102 et
1382 1045 1558 1110 laudo,
1590 1053 1645 1098 et
1674 1040 1886 1131 templa
1934 1038 2100 1131 erigo,

533 1128 937 1205 tat—festivitates
959 1141 1173 1200 celebro
1204 1138 1378 1194 trihus
1405 1135 1605 1208 pueris,
1630 1132 1720 1207 qui
1750 1133 1801 1185 in
1832 1128 2104 1200 Babylone

534 1235 821 1306 imaginem
845 1245 1063 1288 auream
1105 1243 1212 1285 non
1237 1226 1595 1282 adoraverunt
1629 1222 1790 1294 (Dan.
1824 1218 1924 1289 tt)?
1948 1216 2108 1272 Certe

533 1324 702 1383 multa
734 1331 817 1380 est
854 1322 1158 1391 iniquorum
1188 1314 1494 1384 obduratio,
1526 1326 1655 1369 vere
1695 1310 1860 1365 multa
1895 1319 1979 1365 est
2014 1307 2109 1362 Ju-

535 1414 771 1469 dazorum
815 1410 1050 1474 crecitas,
1080 1406 1245 1462 multa
1296 1404 1565 1474 impietas.
1615 1399 1865 1469 Iniuriam
1906 1397 2109 1468 patitur

535 1503 604 1557 ab
635 1501 716 1557 eis
751 1501 951 1556 veritas
977 1515 992 1552 :
1038 1496 1181 1552 Deus
1210 1493 1565 1551 contumelias
1609 1491 1836 1547 sustinet
1865 1504 1896 1544 a
1927 1488 2108 1558 lingua

537 1594 868 1663 ingratorum
909 1589 1237 1646 Judteorum.
1278 1585 1384 1641 Per
1414 1582 1670 1663 reliquias
1712 1589 2010 1652 martyrum
2052 1586 2110 1633 et

498 1738 503 1742 .
538 1661 796 1754 imagines
819 1681 1091 1737 multoties
1121 1661 1708 1750 ell‘ugantur'daemonia
1735 1691 1750 1727 :
1781 1673 1978 1728 et‘haec
2021 1670 2110 1725 in»-

530 1772 690 1843 juriis
727 1780 1038 1844 appetentes
1063 1770 1308 1826 homines
1330 1766 1552 1831 sordidi,
1599 1765 1917 1821 subvertant
1950 1770 2008 1818 et
2046 1760 2110 1815 il-

2202 595 2319 635 rum
2345 586 2401 633 et
2424 576 2740 634 cunctorum
2770 573 3011 631 Creatori
3040 569 3264 642 gloriam
3301 574 3356 621 et
3388 563 3761 621 salutationem

2200 677 2256 724 et
2279 668 2480 724 cultum
2512 665 2844 736 impendunt.
2888 661 3072 716 Honor
3098 659 3243 715 enim
3278 657 3370 727 qui
3406 654 3615 710 sanctis
3654 650 3765 721 eius

2201 756 2548 828 impenditur,
2576 755 2644 810 ad
2671 768 2795 808 eum
2830 750 3090 816 recurrit;
3123 750 3263 805 sicut
3290 762 3321 803 e
3345 754 3535 802 contra
3559 742 3768 813 quidam

2201 847 2464 917 imagines
2495 842 2799 914 imperiales
2844 840 3228 903 demolientes,
3269 836 3570 906 principem
3612 829 3770 886 oﬂ‘en-

2203 936 2420 1001 derunt,
2448 944 2505 989 et
2535 950 2641 990 non
2671 933 2840 1002 ipsam
2866 929 3123 986 tabulam.
3153 928 3333 998 Imago
3360 924 3526 995 igitur
3551 920 3649 976 Dei
3670 928 3769 985 est,

2202 1026 2295 1098 qui
2325 1026 2392 1081 ad
2434 1025 2722 1095 imaginem
2768 1022 2864 1077 Dei
2906 1020 3079 1076 factus
3106 1026 3192 1074 est
3217 1017 3405 1081 homo,
3437 1013 3775 1081 maximeque

2203 1118 2330 1188 quia
2349 1131 2472 1171 eum
2494 1114 2726 1184 Spiritus
2745 1120 2962 1168 sanctus
2982 1108 3366 1165 habitationem
3386 1103 3620 1174 accepit.
3641 1100 3776 1172 Ergo

2198 1206 2343 1275 juste
2366 1205 2457 1275 qui
2486 1204 2777 1275 imaginem
2802 1202 2897 1258 Dei
2920 1214 3199 1258 servorum
3225 1198 3459 1252 honorat
3483 1200 3544 1250 ‘et
3572 1192 3774 1255 adorat,

2206 1298 2371 1352 etiam
2399 1295 2618 1352 domum
2661 1294 2895 1365 Spiritus
2936 1292 3110 1349 sancti
3140 1288 3424 1360 gloriﬁcat.
3467 1282 3775 1340 lnhabitabo

2205 1389 2343 1442 enim
2380 1388 2435 1442 in
2480 1387 2639 1458 ipsis,
2680 1387 2887 1456 inquit,
2929 1394 2977 1440 et
3024 1381 3358 1439 inambulabo
3386 1378 3574 1454 (Lavit.
3609 1391 3775 1441 xxvt;

2207 1478 2270 1533 11
2302 1477 2425 1533 Cor.
2456 1479 2554 1549 vi).
2581 1476 2991 1533 Confundantur
3015 1473 3205 1538 Judaai,
3235 1472 3325 1542 qui
3355 1485 3511 1543 reges
3537 1467 3782 1539 proprios

2206 1576 2263 1624 et
2281 1564 2486 1623 alienos
2507 1567 2888 1631 adoraverunt,
2912 1564 3091 1636 potius
3109 1576 3273 1633 quam
3294 1559 3643 1616 Christianos
3665 1572 3781 1627 pro-

2207 1657 2456 1711 nuntient
2486 1654 2759 1711 idolatras.
2791 1652 2901 1709 Nos
2926 1659 3108 1708 autem
3133 1649 3424 1710 Christiani
3450 1663 3549 1719 per
3567 1659 3783 1702 omnem

2207 1745 2482 1802 civitatem
2509 1753 2565 1800 et
2587 1745 2882 1816 regionem,
2905 1748 2959 1799 et
2985 1755 3083 1813 per
3101 1754 3316 1797 omnem
3334 1738 3482 1794 diem
3510 1743 3568 1792 et
3592 1736 3783 1791 horam

537 1826 729 1921 iudunt
753 1826 914 1935 Siqua
945 1862 1213 1919 derident.
1241 1860 1402 1928 Quot,
1431 1859 1519 1915 dic
1539 1826 1716 1923 'mihi,
1748 1855 2102 1920 visitationes,
2134 1849 2182 1910 Β
2209 1845 2399 1935 contra
2418 1835 2892 1935 idolaffmamur.
2927 1840 3113 1935 contra
3139 1829 3280 1935 idola
3315 1826 3615 1935 psallimus.
3652 1838 3782 1879 con-

539 1956 910 2011 cmanationes
939 1952 1083 2026 [Gr.,
1120 1947 1605 2021 obumbrationes],
1636 1949 1729 2004 sed
1760 1955 1816 2003 et
1854 1944 2108 2016 frequen-

539 2054 625 2103 ter
648 2045 962 2117 sanguinum
988 2043 1185 2099 ﬂuores
1216 2057 1281 2098 ex
1326 2041 1497 2097 iconis
1521 2048 1577 2094 et
1618 2038 1859 2109 reliquiis
1904 2044 2110 2108 marty-

538 2150 659 2192 rum
713 2134 840 2191 l‘acti
885 2133 1054 2190 sunto?
1103 2140 1159 2188 et
1204 2131 1463 2187 insensati
1505 2128 1669 2185 corde
1727 2127 1973 2182 videntes
2004 2137 2113 2180 non

539 2225 789 2291 credunt,
815 2223 907 2280 sed
929 2221 1139 2298 fabulas
1163 2236 1228 2276 ac
1248 2219 1601 2276 deliramenta
1629 2218 1744 2273 haec
1766 2214 2110 2281 existimant;

539 2316 784 2372 videntes
818 2314 999 2369 taliter
1025 2327 1121 2383 per
1147 2311 1387 2383 singulos
1406 2311 1524 2366 dies
1545 2310 1598 2364 in
1640 2317 1754 2364 toto
1778 2319 1915 2377 pene
1944 2313 2116 2361 terra-

541 2419 661 2459 rum
680 2404 813 2459 orbe
846 2402 990 2458 viros
1018 2401 1211 2471 impios
1235 2409 1290 2455 et
1323 2399 1557 2471 iniquos,
1587 2395 1851 2453 idolorum
1880 2394 2115 2450 cultores

539 2503 600 2552 et
635 2493 952 2559 homicidas,
977 2501 1033 2548 et
1054 2493 1431 2557 fornicatores,
1460 2501 1516 2546 et
1541 2491 1777 2545 latrenes
1815 2488 1993 2544 subito
2018 2500 2116 2557 per

543 2582 817 2640 Christum
855 2592 911 2639 et
942 2598 1162 2639 crucem
1189 2581 1306 2651 ejus
1333 2580 1643 2651 compungi,
1673 2589 1730 2635 et
1770 2580 1838 2635 ad
1880 2578 2115 2650 agnitio-

544 2689 669 2731 nem
693 2674 935 2739 veritatis
960 2674 1162 2740 venire,
1195 2682 1254 2729 et
1297 2673 1496 2728 mundo
1542 2672 1638 2726 toti
1675 2669 2005 2735 renuntiare,
2036 2676 2117 2723 at-

543 2780 649 2835 que
673 2780 888 2835 omnem
931 2763 1147 2836 operari
1183 2764 1459 2819 virtutem.
1509 2762 1604 2817 Dic
1647 2760 1801 2825 mihi,
1847 2758 2117 2830 quomodo

543 2872 728 2912 sumus
772 2855 1086 2922 idololatrm,
1118 2855 1213 2925 qui
1238 2864 1293 2911 et
1333 2855 1447 2925 ipsa
1487 2867 1634 2920 ossa,
1663 2860 1720 2907 et
1767 2852 2025 2915 cinerem,
2063 2857 2118 2905 et

542 2961 774 3016 pannos,
801 2955 857 3002 et
898 2947 1236 3017 sanguinem,
1268 2954 1323 3016 et
1371 2944 1631 3001 tumulum
1672 2952 1967 3014 martyrum
1997 2942 2117 2996 ideo

545 3036 835 3092 adoramus
878 3046 936 3092 et
963 3038 1313 3102 honoramus,
1356 3037 1481 3106 quia
1527 3034 1683 3090 idolis
1712 3048 1819 3088 non
1850 3031 2125 3088 sacriﬁca-1

547 3125 707 3181 runt?
743 3123 953 3181 Iudaeus
985 3125 1120 3180 dixit
1163 3143 1176 3179 :
1226 3125 1294 3181 Et
1340 3125 1608 3196 quomodo
1637 3139 1736 3195 per
1776 3132 1943 3178 totam
1973 3120 2120 3176 Scri—

2212 1935 2297 1980 tra
2328 1925 2468 1980 idola
2496 1924 2800 1989 scribimus,
2828 1930 3016 1979 contra
3047 1920 3188 1977 idola
3232 1934 3297 1977 ac
3340 1922 3612 1974 daemones
3661 1930 3783 1970 ora-

2210 2031 2354 2073 mus.
2395 2017 2462 2072 Et
2504 2015 2771 2087 quomodo
2809 2012 3121 2069 idololatras‘
3149 2025 3247 2067 nos
3284 2008 3554 2082 appellant
3585 2005 3790 2061 Jutkci?

2215 2107 2314 2164 Ubi
2345 2108 2487 2163 enim
2516 2121 2660 2161 nunc
2684 2112 2809 2162 sunt
2845 2104 3083 2160 exhibita
3122 2102 3278 2158 idolis
3304 2102 3371 2155 ab
3397 2100 3479 2155 eis
3519 2098 3788 2153 sacriﬁcia

2211 2199 2390 2254 ovium
2417 2207 2473 2254 et
2497 2199 2657 2253 boum
2686 2204 2741 2251 et
2770 2194 3037 2250 ﬁliorum?
3067 2191 3168 2249 Ubi
3201 2192 3433 2256 nidores,
3466 2189 3557 2243 uhi
3589 2204 3708 2243 arae
3738 2196 3790 2243 et

2188 2283 2567 2360 perfusiones
2598 2281 3009 2358 [profusiones]
3056 2280 3414 2365 sanguinum?
3470 2277 3639 2333 Porro
3696 2291 3788 2332 nos

2211 2379 2505 2437 Christiani
2552 2394 2723 2449 neque
2768 2392 2954 2443 aram,
2988 2389 3161 2445 neque
3200 2372 3527 2430 sacriﬁcium
3553 2370 3788 2442 qualiter

2212 2469 2297 2526 vel
2322 2469 2451 2540 quid
2482 2469 2613 2533 sint,
2641 2466 2906 2522 novimus.
2938 2466 3006 2520 Et
3030 2463 3245 2533 quidem
3288 2461 3482 2540 pagani
3526 2459 3597 2513 ah
3631 2457 3787 2514 adulo

2215 2538 2357 2621 teris
2372 2561 2682 2619 hominibus
2709 2568 2765 2615 et
2798 2558 3082 2614 homicidis
3115 2564 3172 2612 et
3205 2538 3422 2626 poliutis
3456 2551 3659 2623 templa
3697 2565 3790 2606 no-

2215 2656 2493 2712 minabant
2534 2662 2588 2709 et
2631 2651 2802 2717 idola,
2830 2659 2887 2706 et
2927 2648 3047 2704 illos
3073 2646 3437 2703 deiﬁcabant:
3471 2658 3581 2699 non
3610 2651 3792 2697 autem

2214 2746 2598 2818 prophetarum
2626 2783 2642 2809 ,
2683 2741 2767 2798 vel
2812 2747 3460 2808 sanctorum’martyrum
3506 2734 3792 2804 templum,

2214 2836 2299 2891 vel
2347 2850 2497 2890 aram
2544 2833 2979 2888 nominaverunt.
3029 2828 3181 2886 Sicut
3218 2829 3362 2883 enim
3404 2826 3668 2882 Israelita
3704 2826 3799 2895 qui,

2214 2925 2486 2997 Babylone
2521 2923 2758 2988 fuerunt,
2796 2922 3066 2978 habebant
3105 2935 3302 2991 organa
3340 2927 3397 2973 ct
3433 2918 3701 2982 citharas,
3738 2926 3792 2971 et

2217 3017 2320 3087 alia
2350 3016 2628 3087 quaedam,
2663 3012 3110 3084 quemadmodum
3147 3020 3201 3065 et
3237 3009 3550 3081 Babylonii;
3596 3018 3653 3064 et
3689 3009 3793 3063 alia

2217 3108 2432 3178 quidem
2460 3107 2514 3162 in
2540 3106 2766 3178 gloriam
2793 3103 2909 3170 Dei,
2934 3103 3038 3159 alia
3068 3117 3194 3157 vero
3220 3102 3275 3156 in
3302 3100 3570 3157 culturam
3593 3099 3793 3155 daemo-

547 3225 761 3285 pturam
805 3214 1048 3286 praecipit
1082 3216 1222 3271 Deus
1269 3189 1375 3270 non
1405 3213 1619 3271 adorari
1641 3189 1877 3269 'omnem
1905 3221 2117 3267 (ςιιθειω-
2147 3189 2192 3253 C
2223 3216 2349 3255 num
2377 3217 2391 3279 ξ
2420 3200 2492 3254 ita
2520 3207 2577 3255 et
2609 3197 2677 3253 de
2720 3196 3040 3267 imaginibus
3069 3194 3348 3267 gentilium
3376 3200 3435 3248 et
3459 3192 3797 3248 Christiano-

548 3304 701 3358 ram?
728 3302 1070 3360 Christianus
1100 3304 1239 3360 dixit
1278 3321 1292 3359 :
1333 3303 1431 3359 Dic
1456 3303 1610 3369 mihi,
1635 3311 1779 3359 terra
1806 3311 1862 3358 et
1892 3313 2118 3366 montes.

548 3403 810 3452 creatura:
855 3394 953 3451 Dei
991 3395 1150 3450 sunt?
1197 3393 1298 3462 Qui
1328 3395 1405 3451 ait
1444 3413 1458 3449 :
1511 3393 1726 3464 Utique.
1781 3393 2123 3450 Christianus

548 3486 686 3541 dixit
718 3502 733 3540 :
761 3484 1037 3553 Quomodo
1061 3500 1190 3558 ergo
1218 3485 1373 3541 docet
1413 3484 1661 3554 inquiens
1689 3497 1705 3538 :
1738 3481 1985 3539 Exaltate
2008 3482 2120 3538 Do-

547 3581 747 3635 minum
776 3580 942 3636 Deum
977 3589 1233 3645 nostrum,
1262 3588 1311 3633 et
1348 3577 1567 3632 adorata
1604 3575 1887 3632 scabellum
1931 3575 2122 3647 pedum

548 3674 687 3745 eius,
723 3674 970 3745 quoniam
1010 3682 1248 3728 sanctum
1273 3681 1346 3727 est
1377 3669 1550 3741 (Psal.
1582 3669 1805 3742 xcvtn)?
1836 3670 1900 3724 Et
1926 3669 2121 3724 iterum

551 3765 667 3834 ipse
690 3764 867 3819 dixit:
894 3761 1093 3818 Caium
1122 3762 1250 3817 milii
1284 3762 1430 3817 sedes
1471 3770 1570 3826 est,
1604 3772 1744 3818 terra
1791 3769 1965 3814 autem
2004 3776 2121 3813 ωας

553 3853 742 3908 bellum
792 3852 981 3924 pedum
1030 3868 1265 3908 meorum
1310 3850 1445 3924 (lsa.
1473 3851 1656 3922 LXVI)?
1702 3849 1919 3906 Iudaeus
1946 3849 2119 3904 dixit:

445 3990 454 4001 .
555 3943 663 3999 Sed
685 3951 874 4003 nonut
899 3944 1047 4008 deos,
1075 3943 1168 3998 sed
1194 3956 1289 4013 per
1311 3943 1427 3997 haec
1444 3957 1568 3997 eum
1599 3941 1689 4012 qui
1722 3941 1867 4006 fecit,
1906 3940 2119 3994 adoras.

554 4035 895 4091 Christianus
939 4034 1071 4090 dixit
1102 4050 1117 4089 :
1160 4032 1359 4089 Fidelis
1387 4047 1595 4099 sermo;
1625 4046 1754 4103 ergo
1792 4030 1948 4096 scito,
1981 4030 2122 4101 quod

554 4133 611 4179 et
635 4139 734 4195 ego
773 4139 870 4195 per
892 4123 1107 4190 malum,
1132 4132 1189 4179 et
1222 4132 1446 4189 terram,
1473 4132 1528 4178 et
1566 4136 1735 4188 mare,
1766 4130 1823 4176 et
1863 4121 2027 4192 ligna,
2069 4128 2126 4175 et

557 4214 782 4284 lapides,
813 4221 869 4269 et
893 4212 1116 4284 lipsana,
1141 4221 1197 4268 et
1223 4211 1440 4283 templa,
1468 4220 1524 4267 et
1542 4226 1780 4276 crucem,
1813 4218 1870 4265 et
1907 4224 2003 4280 per
2029 4225 2127 4263 an-

554 4305 724 4377 gelos,
747 4315 803 4361 et
826 4305 1099 4370 homines,
1121 4313 1285 4375 atque
1313 4319 1407 4375 per
1429 4316 1642 4359 omnem
1673 4309 1977 4363 creaturam
1998 4299 2127 4353 visi-

2222 3306 2342 3345 rum
2387 3274 2780 3361 intelligamus,
2825 3284 3073 3359 quiailli
3112 3285 3327 3356 quidem
3373 3284 3427 3338 in
3477 3284 3797 3339 servitutem

2223 3381 2438 3446 diaboli,
2461 3396 2560 3436 nos
2589 3388 2769 3435 autem
2796 3378 2849 3432 in
2877 3376 3099 3448 gloriam
3124 3385 3180 3445 et
3209 3374 3657 3430 memorationem
3684 3374 3795 3428 Dei.

2226 3476 2605 3532 Verumtamen
2631 3482 2687 3529 et
2712 3470 2876 3527 multa
2903 3468 3160 3526 miracula
3187 3467 3328 3523 Deus
3350 3482 3449 3537 per
3472 3466 3678 3537 lignum
3703 3482 3799 3520 au-

2224 3568 2338 3625 dire
2365 3567 2520 3632 fecit,
2548 3565 2751 3635 ligmtm
2776 3564 2899 3618 vitae
2924 3570 2979 3617 et
3015 3560 3219 3632 lignum
3247 3558 3486 3624 scientia:
3512 3558 3803 3615 nominans

2224 3654 2378 3728 (Gen.
2411 3656 2473 3726 ιι)
2505 3671 2518 3708 :
2550 3665 2606 3710 et
2647 3653 2791 3708 aliud
2834 3650 3122 3729 virgultum
3163 3646 3450 3703 nominans
3489 3643 3691 3711 Sabec,
3725 3645 3803 3697 in-

2223 3745 2549 3816 dulgentiam
2580 3743 2745 3813 ponit.
2776 3741 2979 3796 Deinde
3008 3739 3158 3811 virga
3190 3736 3530 3793 Pharaonem
3564 3735 3800 3803 operuit,

2223 3852 2372 3893 mare
2397 3836 2576 3899 scidit,
2604 3849 2799 3904 aquam
2826 3831 3038 3888 dulcem
3061 3830 3221 3896 fecit,
3255 3835 3567 3899 serpentem
3595 3826 3803 3882 exalta-

2223 3929 2330 4003 vit,
2368 3935 2576 3998 petram
2605 3925 2843 3995 dirupit,
2872 3938 3069 3993 aquam
3095 3920 3340 3993 protulit,
3370 3919 3574 3991 lignum
3598 3919 3804 3990 germi-

2224 4035 2369 4075 nans
2389 4020 2442 4074 in
2477 4017 2821 4086 tabernacqu
2851 4015 3031 4073 Aaron
3068 4015 3427 4072 sacerdotium
3457 4014 3805 4070 conﬁrmavit

2224 4109 2421 4180 (Exod.
2448 4123 2537 4163 xiv
2558 4117 2605 4163 et
2626 4106 2810 4178 καφ).
2838 4106 2935 4161 Sic
2959 4115 3016 4185 et
3040 4104 3291 4162 Salomon
3313 4105 3390 4158 ait
3414 4120 3428 4157 :
3457 4102 3804 4177 Benedic-tut

2222 4207 2297 4251 est
2326 4197 2545 4268 lignum,
2571 4212 2663 4266 per
2681 4196 2820 4266 quod
2838 4194 3048 4266 justitia
3077 4193 3135 4263 ﬁt
3157 4191 3306 4264 (Sap.
3331 4192 3465 4263 xlv).
3492 4192 3589 4249 Sic
3614 4202 3669 4248 et
3693 4192 3803 4248 Elia

2223 4262 2549 4363 ειίιξιιενιίειιο⁸
2569 4262 2622 4352 in
2655 4262 2944 4344 Jordanem
2980 4262 3131 4355 iacto
3306 4262 3431 4355 Reg.
3461 4285 3567 4355 vr),
3596 4286 3807 4341 ferrum
3876 4262 3881 4271 ‘

559 4375 716 4455 bilem
745 4406 808 4453 et
830 4394 1181 4462 invisibilem,
1213 4396 1313 4451 soli
1339 4402 1653 4451 cunctorum
1684 4391 1993 4456 Conditori,
2022 4391 2125 4445 Do-
2226 4381 2279 4445 in
2319 4388 2503 4452 typum
2530 4378 2658 4433 Adae
2684 4377 2839 4447 quasi
2871 4392 2938 4432 ex
2984 4375 3196 4431 inferno
3240 4375 3455 4431 reduxit
3485 4391 3500 4429 :
3543 4377 3624 4431 sic
3663 4391 3806 4446 prae-

558 4488 808 4543 minatori
822 4496 885 4543 et
906 4486 1147 4542 Creatori
1177 4485 1547 4540 adorationem
1567 4492 1624 4540 et
1648 4482 1912 4539 culturam
1933 4478 2122 4535 offero.
2226 4470 2357 4539 cipit
2386 4482 2553 4539 puero
2583 4482 2681 4524 suo
2706 4480 2804 4537 per
2831 4466 3037 4537 virgam
3063 4465 3324 4521 suscitare
3362 4479 3590 4534 puerum
3627 4465 3806 4521 Sun:-

561 4579 675 4634 Non
711 4580 856 4634 enim
896 4586 1161 4634 creatura.
1191 4591 1288 4646 per
1333 4576 1564 4645 seipsam
1609 4573 1871 4628 factorem
1915 4571 2126 4635 adorat,
2158 4559 2203 4617 D
2230 4561 2431 4616 mitidis
2472 4559 2574 4630 (IV
2607 4558 2736 4635 μεθ.
2762 4559 2860 4630 tv).
2893 4560 3035 4614 Deus
3060 4572 3223 4629 ergo,
3259 4558 3349 4629 qui
3394 4573 3493 4628 per
3535 4566 3615 4612 tot
3658 4557 3807 4627 ligna

557 4670 652 4726 sed
686 4682 779 4739 per
805 4683 891 4723 me
932 4667 1051 4723 coeli
1080 4675 1339 4722 eitarrant
1380 4665 1608 4734 gloriam
1646 4663 1781 4727 Dei,
1821 4670 1878 4716 et
1916 4674 2012 4729 per
2040 4673 2128 4714 me
2224 4651 2482 4708 miracula
2506 4659 2760 4720 operatus
2786 4657 3039 4721 est,‘non
3068 4656 3282 4718 potest,
3323 4647 3411 4703 dic
3452 4647 3623 4713 mihi,
3660 4649 3805 4700 mira

559 4737 747 4817 adorat
776 4761 941 4815 Deum
970 4759 1094 4813 luna
1113 4775 1134 4823 ,‘
1156 4759 1213 4813 et'
1236 4773 1332 4828 per
1358 4772 1444 4812 me
1471 4749 1772 4827 gloriﬁcant
1801 4756 1966 4809 Deum
1996 4750 2128 4807 stel-
2227 4743 2406 4797 facere
2446 4740 2608 4797 etiam
2643 4754 2742 4810 per
2765 4739 3062 4809 pretiosum
3098 4738 3316 4828 lignum»
3341 4746 3545 4807 sanctae
3580 4737 3805 4791 crucis?

560 4850 655 4915 lae,
675 4863 771 4919 per
797 4849 893 4903 me
912 4860 1096 4916 aquai,
1128 4822 1356 4909 imbres,
1387 4822 1567 4909 rores,
1597 4851 1652 4898 et
1677 4842 1855 4898 omnis
1879 4848 2128 4896 creatura
2225 4832 2282 4888 Si
2316 4832 2534 4901 impium
2562 4838 2646 4886 est
2675 4830 2899 4884 adorare
2921 4842 3064 4893 ossa,
3089 4822 3357 4898 quomodo
3380 4840 3502 4883 cum
3528 4826 3674 4881 omni
3706 4827 3805 4880 ho—

560 4956 659 5011 per
679 4916 789 4995 'me
833 4940 1024 4994 adorat
1058 4945 1112 4990 et
1151 4934 1414 5005 gloriﬁcat
1456 4934 1623 4988 Deum
1651 4930 1820 5004 (Paul.
1852 4930 2030 5001 xvm).
2061 4929 2129 4984 Et
2224 4922 2561 4979 norilicentia
2623 4919 2929 4976 detulerunt
2987 4933 3109 4974 ossa
3170 4918 3365 4987 Ioseph
3404 4932 3497 4974 .ex
3562 4916 3804 4988 Egypto

562 5010 1011 5101 quemadmodum
1057 5029 1199 5098 regis
1241 5026 1516 5095 cujusdam
1563 5025 1776 5095 benigni
1800 5063 1817 5089 ,
1847 5022 1939 5094 qui
1967 5038 2125 5078 eoro-
2230 5012 2380 5084 (Gen.
2411 5030 2473 5080 L;
2502 5012 2674 5068 Exod.
2711 5011 2876 5082 sin)?
2904 5011 3171 5101 quomodo
3199 5020 3441 5065 mortuus
3482 5010 3645 5065 homo
3673 5025 3802 5064 ossa

564 5099 688 5177 nam
709 5122 915 5176 variam
941 5130 999 5175 et
1023 5116 1309 5188 pretiosam
1337 5117 1436 5173 sibi
1466 5117 1679 5188 propria
1711 5130 1870 5170 manu
1895 5114 2125 5183 paravit,
2229 5104 2405 5160 Elisaai
2436 5113 2658 5174 tangens
2685 5103 2923 5158 surrexit
2946 5099 3054 5173 (IV
3078 5101 3208 5171 Reg.
3240 5101 3407 5171 xm)?
3430 5099 3600 5155 Porro
3626 5102 3671 5155 si
3708 5116 3808 5170 per

562 5226 752 5267 omnes
776 5212 869 5280 qui
913 5207 1167 5281 germane
1194 5209 1473 5264 adhaerent
1509 5206 1621 5274 regi
1640 5245 1658 5270 ,
1689 5205 1926 5261 salutant
1973 5218 2126 5258 coro—
2229 5208 2349 5255 ossa
2379 5191 2636 5249 miracula
2664 5200 2918 5261 operatur
2943 5191 3084 5246 Deus
3102 5229 3118 5255 ,
3147 5190 3488 5259 perspicuum
3513 5198 3624 5254 est,
3653 5191 3806 5258 quod

567 5315 692 5355 nam
717 5308 773 5353 et
797 5277 1071 5354 honorant
1097 5316 1111 5351 :
1144 5314 1250 5353 non
1275 5304 1547 5351 aurumet
1578 5294 1926 5365 margaritam
1957 5293 2128 5346 hono-
2230 5281 2398 5352 possit
2422 5281 2584 5345 etiam
2613 5294 2712 5349 per
2739 5279 3019 5349 imagines,
3044 5288 3101 5334 et
3125 5293 3223 5347 per
3246 5277 3470 5347 lapides,
3496 5287 3551 5332 et
3577 5294 3672 5348 per
3694 5280 3805 5332 alia

568 5397 780 5455 rantes,
808 5389 902 5443 sed
925 5384 1180 5443 verticem
1205 5389 1351 5459 regis
1376 5384 1736 5448 honorantes,
1761 5384 1819 5438 et,
1846 5382 2130 5452 sapientis-
2233 5373 2416 5427 multa.
2447 5370 2581 5427 Nam
2609 5381 2663 5426 et
2691 5371 2959 5427 Abraham
2996 5386 3101 5426 non
3132 5370 3378 5441 permisit
3420 5371 3637 5439 sepeliri
3682 5386 3804 5424 cor-

2230 5475 2332 5531 pus
2368 5461 2517 5517 Sarae
2561 5460 2615 5515 in
2664 5460 3026 5516 monumentis
3069 5460 3291 5523 alienis.
3339 5459 3435 5514 sed
3483 5460 3538 5514 in
3580 5457 3809 5527 proprio

2232 5554 2477 5608 sennlcro
2520 5568 2680 5608 causa
2718 5552 2938 5606 honoris
2973 5550 3127 5606 (Gen-
3156 5550 3337 5603 xxml.
3380 5549 3514 5606 Nam
3552 5558 3608 5605 et
3631 5546 3810 5604 3100b

569 5480 735 5534 simas
768 5492 960 5533 manus
1000 5476 1147 5544 eius,
1182 5478 1304 5548 qua:
1342 5490 1595 5534 coronam
1642 5476 1999 5530 struxerunt:
2029 5474 2129 5537 sic,

567 5580 616 5616 ο
633 5566 809 5614 homo-
843 5564 1265 5619 Christianorum
1290 5566 1467 5622 nouuli
1499 5572 1760 5618 auotauot
1784 5563 1984 5614 itaut-as
2010 5576 2132 5608 ant-
