3924 5776
143 422 239 483 297

793 415 1357 479 lNTERPllETA'l‘lO
1395 411 1648 472 SYNODI
1691 410 1779 465 VB
1817 400 2226 461 GENERALIS.
2266 439 2336 450 —
2373 406 2578 468 ACTIO
2615 408 2705 466 IV.

3290 416 3401 476 sas

146 536 261 593 item
282 546 542 589 acervum
589 530 821 602 lapidum
866 531 920 584 iu
962 528 1146 585 Laban
1189 525 1492 585 nominavit
1520 532 1712 581 testem
1739 521 1791 581 Α
1819 517 2020 575 randze.
2054 518 2155 586 Qui
2184 520 2328 577 enim
2357 521 2592 578 honorat
2619 530 2934 595 martyrem,
2956 523 3125 582 Deum
3148 526 3400 587 bonum;

146 623 284 699 (ϐαι.
310 624 490 694 XIII).
522 623 590 678 Et
612 620 768 678 Jesus
796 621 942 677 Nave
976 621 1259 677 duodecim
1288 617 1497 690 lapides
1522 612 1717 671 statuit

148 718 197 777 in
227 712 656 773 recordationem
680 713 775 770 Dei
807 712 944 785 (los.
969 712 1071 783 tv).
1108 710 1171 768 Si
1199 712 1344 768 enim
1383 716 1568 765 essent
1595 705 1715 771 tibi,

146 820 179 862 ο
195 804 386 866 Judme,
408 803 469 858 in
499 803 699 873 templo
726 810 816 858 tuo
837 803 944 858 duo
964 801 1249 858 cherubim
1274 800 1375 867 illi,
1401 800 1494 871 qui
1520 799 1716 856 obum-

147 896 359 953 brabant
396 894 865 966 propitiatorium,
907 893 1139 965 sculpti,
1182 902 1242 950 et
1270 893 1528 948 intrasset
1568 890 1717 961 quis-

147 1002 286 1058 quam
314 1001 564 1059 paganus
593 984 856 1041 idolorum
877 984 1076 1050 cultor,
1101 994 1161 1041 et
1183 983 1314 1040 visis
1335 984 1422 1038 bis
1447 981 1719 1053 arguisset

144 1077 337 1137 Jude
382 1078 545 1149 quasi
567 1087 628 1134 et
654 1078 800 1148 ipsos
822 1076 1115 1133 adorantes
1136 1075 1445 1141 simulacra,
1468 1073 1597 1145 quid
1616 1089 1716 1144 pu-

147 1182 220 1229 tas
260 1173 521 1236 haberes,
569 1171 659 1227 die
692 1170 856 1236 mihi,
896 1168 1225 1240 respondere
1270 1167 1346 1223 il-li
1393 1168 1460 1222 de
1506 1166 1717 1221 duobus

146 1264 410 1323 cherubim
444 1262 714 1329 fusilibus,
743 1270 801 1317 et
822 1260 1017 1327 bobus,
1045 1269 1102 1316 et
1126 1258 1343 1331 palmis,
1365 1268 1420 1313 et
1445 1257 1713 1321 leonibus,

145 1353 224 1423 qui
258 1360 417 1408 erant
463 1353 520 1408 in
569 1351 767 1422 templo
804 1351 1035 1421 seulpti?
1073 1349 1220 1406 Nihil
1264 1348 1497 1405 haberes
1530 1348 1716 1418 utique

148 1460 313 1499 verum
335 1444 407 1499 ad
430 1458 560 1499 eum
582 1442 893 1508 dicendum,
914 1441 1019 1498 nisi
1050 1442 1185 1497 hoc:
1216 1440 1342 1511 quia
1370 1455 1478 1495 non
1502 1450 1563 1493 ut
1584 1438 1717 1494 deos

146 1538 391 1593 habemus
416 1551 483 1592 ea
515 1536 569 1590 in
601 1534 821 1606 templo,
851 1534 946 1589 sed
968 1534 1041 1589 ad
1071 1531 1503 1590 recordationem
1535 1529 1630 1585 Dei
1659 1536 1717 1584 et

144 1630 348 1699 gloriam
386 1629 524 1684 istos
553 1627 831 1682 cherubim
863 1625 1125 1681 habemus
1156 1624 1210 1679 in
1239 1622 1457 1693 templo.
1487 1620 1547 1676 Si
1586 1635 1717 1692 ergo

145 1721 245 1775 hac
272 1720 344 1774 ita
392 1733 455 1774 se
485 1719 703 1781 habent,
734 1716 1004 1787 quomodo
1040 1731 1126 1772 me
1167 1729 1329 1784 super
1357 1712 1530 1769 iconis
1558 1727 1717 1766 accu-
1754 1707 1760 1717 '

146 1812 255 1867 sas?
286 1811 397 1867 Sed
422 1810 562 1866 dicis
591 1809 758 1872 mihi.
787 1809 912 1880 quia
948 1808 1093 1863 Deus
1135 1806 1303 1879 Moysi
1341 1805 1595 1877 praecepit
1635 1802 1713 1857 fa-

1818 617 1877 667 et
1927 611 2019 681 qui
2063 619 2290 667 matrem
2340 611 2459 682 ejus
2514 613 2731 681 adorat,
2785 614 2885 685 ipsi
2934 616 3404 675 honorificentiam

1816 702 2055 759 exhibet.
2087 703 2157 759 Et
2189 704 2278 773 qui
2306 705 2605 776 apostolum
2639 707 2888 774 honorat,
2917 707 3066 765 illum
3098 711 3189 782 qui
3231 713 3403 778 misit,

1820 792 2069 847 honorat.
2107 792 2319 849 Utinam
2356 803 2413 849 et
2448 804 2503 850 tu
2550 794 2814 852 Mosaicas
2856 798 3043 855 iconas
3089 800 3317 869 faceres,
3350 812 3407 860 et

1813 882 2159 954 propheticas
2176 926 2192 951 ,
2228 894 2391 957 atque
2414 901 2515 958 per
2540 888 2779 959 singulos
2809 889 2926 946 dies
2951 891 3007 946 in
3036 892 3119 949 eis
3145 894 3406 951 adorares

1818 975 2105 1030 Dominum
2139 986 2195 1031 et
2222 977 2390 1033 Deum
2439 979 2714 1049 ipsorum,
2760 990 2816 1037 et
2842 997 2948 1038 non
2989 984 3276 1058 imaginem
3304 1002 3407 1043 au-

1818 1081 1966 1121 ream
1995 1065 2507 1126 Nabuchodonosor.
2537 1070 2604 1125 Et
2625 1073 2896 1142 quomodo
2922 1090 3029 1130 non
3056 1075 3407 1134 confunderis

1816 1166 2005 1211 contra
2036 1173 2123 1213 me
2145 1168 2467 1227 commotus,
2514 1172 2571 1217 et
2595 1162 2834 1219 elevatus
2862 1180 3026 1236 super
3053 1166 3406 1238 imaginibus,

1817 1258 1873 1304 et
1892 1250 2039 1305 cruci
2066 1250 2393 1307 calumniam
2416 1253 2689 1309 inferens?
2713 1253 2772 1310 Si
2797 1255 3068 1312 Abraham
3093 1257 3415 1321 idololatras

1817 1341 2083 1408 adoravit,
2113 1352 2169 1398 et
2198 1343 2372 1400 Moses
2391 1343 2579 1401 Jethro
2609 1346 2970 1416 idololatram,
3000 1359 3057 1407 et
3074 1349 3240 1407 Jacob
3264 1351 3409 1407 Pha-

1817 1446 2060 1499 raonem,
2093 1442 2148 1488 et
2181 1433 2369 1489 Daniel
2404 1435 2898 1495 Nabuchodonosor
2926 1457 2940 1494 :
2985 1440 3033 1497 si
3060 1442 3149 1497 isti
3174 1459 3297 1498 cum
3322 1459 3427 1500 es-v‘

1815 1532 1940 1577 seut
1979 1523 2252 1593 propheta:
2303 1541 2367 1581 ac
2402 1526 2559 1596 justi,
2597 1537 2814 1599 propter
2851 1530 3095 1599 quaedam
3143 1532 3424 1599 beneﬁcia,

1816 1613 2114 1669 adorabant
2139 1631 2234 1671 eos
2263 1631 2428 1687 super
2469 1628 2671 1674 terram
2716 1619 3027 1678 idololatras
3074 1624 3411 1693 existentes,

1817 1709 1871 1762 in
1893 1721 1980 1762 me
2008 1706 2219 1765 eﬂ‘erris
2242 1711 2559 1766 adorantem
2582 1727 2799 1769 crucem
2828 1723 2881 1768 et
2907 1715 3255 1774 characteres
3277 1734 3410 1774 san-

1816 1807 2050 1865 ctorum,
2097 1815 2161 1855 ex
2190 1800 2389 1871 quibus
2430 1803 2566 1858 dena
2597 1804 2763 1859 millia
2808 1806 2948 1862 bona
2978 1822 3010 1861 a
3052 1807 3163 1864 Deo
3193 1823 3291 1880 per
3312 1825 3409 1866 eos

144 1919 251 1959 cere
293 1904 348 1958 in
399 1901 601 1971 templo
647 1877 917 1973 sculptilia
949 1898 1145 1971 (Exod.
1176 1877 1334 1969 xxv);
1367 1906 1424 1953 et
1465 1910 1567 1966 ego
1610 1895 1714 1949 hoc
1743 1877 1789 1937 Β
1815 1888 2092 1960 percipio?
2122 1889 2223 1959 Qui
2252 1892 2399 1948 enim
2438 1882 2620 1965 regem
2666 1895 2930 1963 timuerit,
2978 1913 3085 1954 non
3116 1877 3408 1957 inhonorat

145 1994 285 2049 dic‘o:
310 1994 418 2050 Sed
445 1992 703 2048 Salomon
727 1992 853 2047 hinc
874 1990 1110 2046 directus
1131 1990 1295 2045 etiam
1316 1988 1470 2060 plura
1497 1988 1549 2042 in
1575 1995 1715 2042 tem-

144 2083 221 2152 plo
259 2082 570 2138 construxit
616 2080 737 2152 (Ill
776 2079 902 2151 Reg.
932 2078 1049 2149 vr),
1093 2094 1214 2150 quae
1255 2092 1429 2148 neque
1475 2077 1526 2131 ei
1574 2075 1718 2130 Deus

144 2173 404 2244 praecepit,
433 2186 610 2242 neque
638 2169 1044 2225 tabernaculum
1077 2166 1594 2232 testimoniihabuit,
1624 2180 1719 2221 nes

144 2281 235 2335 que
258 2265 518 2336 templum
542 2264 684 2336 quod
712 2262 962 2319 Ezechiel
987 2279 1051 2319 ex
1077 2262 1190 2318 Deo
1214 2261 1609 2332 contemplatus
1635 2271 1718 2316 est

145 2354 347 2427 (Ezech.
380 2374 468 2422 xc,
500 2357 647 2428 xu);
676 2364 734 2412 et
762 2371 867 2411 non
898 2364 981 2411 est
1017 2354 1072 2409 in
1111 2355 1215 2410 hoc
1248 2352 1504 2408 Salomon
1541 2365 1720 2422 repre-

128 2434 332 2506 hensus
379 2467 394 2504 :
448 2450 504 2507 in
553 2448 778 2521 gloriam
824 2448 969 2502 enim
1016 2445 1110 2502 Dei
1160 2444 1467 2515 hujusmodi
1517 2444 1719 2499 formas

145 2538 462 2604 construxit,
492 2538 949 2611 quemadmodum
990 2545 1046 2593 et
1084 2553 1203 2592 nos.
1246 2536 1493 2591 Habuisti
1534 2544 1719 2591 autem

149 2642 215 2701 tu,
237 2648 269 2687 o
287 2630 491 2697 Judaee,
515 2640 572 2687 ct
596 2630 700 2685 alia
724 2628 967 2700 quaedam
994 2629 1049 2683 in
1076 2631 1391 2683 memoriam
1412 2636 1463 2683 et
1490 2626 1717 2698 gloriam

147 2721 267 2787 Dei,
303 2722 556 2778 videlicet
597 2720 807 2791 virgam
854 2718 1060 2791 Moysi,
1106 2718 1433 2774 fabrefactas
1460 2717 1719 2771 divinitus

148 2813 363 2879 tabulas,
404 2812 806 2868 incomhustum
853 2811 1071 2876 rubum,
1112 2808 1321 2865 aridam
1364 2818 1419 2865 et
1459 2808 1717 2880 irriguam

148 2917 369 2972 petram,
414 2918 614 2958 manna
661 2911 963 2975 gestantem
1008 2918 1231 2967 urnam,
1265 2916 1480 2967 arcam,
1521 2902 1716 2966 altare,

148 2994 232 3050 Dei
272 2996 505 3051 nominis
549 2995 808 3049 laminam
834 3035 851 3060 ,
899 2994 1067 3049 Deum
1117 2992 1470 3049 manifestans
1518 2991 1712 3062 ephod,

148 3084 247 3140 Deo
294 3084 585 3141 habitabile
632 3085 1058 3141 tabernaculum.
1094 3083 1319 3140 Utinam
1368 3095 1425 3141 et
1470 3092 1524 3139 tu
1566 3084 1719 3155 prius

149 3178 251 3233 haec
271 3177 504 3234 adorans
524 3193 802 3241 vacasses,
833 3185 887 3232 et
917 3177 1176 3232 invocans
1210 3191 1359 3242 cum,
1385 3176 1476 3248 qui
1507 3186 1590 3231 est
1627 3192 1717 3231 su-

1817 1979 1985 2037 ﬁlium
2014 1984 2151 2055 ejus.
2184 1985 2252 2040 Et
2289 1986 2379 2056 qui
2411 1987 2576 2043 Deum
2617 1989 2801 2056 timet,
2842 1991 3075 2048 honorat
3109 1994 3327 2064 utique,
3353 2003 3413 2052 et

1817 2072 1980 2139 colit,
2021 2090 2087 2130 ac
2128 2076 2320 2131 adorat
2349 2087 2408 2131 ut
2433 2077 2630 2133 Filium
2672 2080 2766 2136 Dei
2805 2080 3082 2139 Christum
3119 2084 3407 2142 Dominum

1819 2173 2097 2232 nostrum,
2154 2175 2217 2221 et
2262 2165 2491 2238 ﬁguram
2533 2171 2711 2226 crucis
2760 2171 2911 2243 ejus,
2961 2182 3020 2230 et
3062 2176 3414 2233 characteres

1817 2263 2129 2311 sanctorum
2153 2256 2291 2327 ejus.
2323 2258 2459 2326 Quia
2489 2259 2663 2329 ipsum
2694 2261 2849 2318 decet
2884 2264 3056 2337 gloria
3085 2282 3208 2322 cum
3248 2266 3417 2323 Patre

1818 2362 1882 2402 ac
1928 2347 2132 2419 Spiritu
2171 2361 2393 2419 sancto,
2438 2367 2580 2408 nunc
2616 2360 2672 2407 et
2716 2369 2951 2425 semper,
2995 2366 3052 2412 et
3102 2357 3158 2413 in
3208 2359 3410 2414 sarcula

1819 2438 2161 2493 saeculorum.
2190 2440 2385 2497 Amen.

1889 2531 2273 2591 Constantinus
2316 2539 2690 2598 sanctissimus
2747 2544 3032 2616 episcopus
3074 2545 3410 2606 Constantia

1819 2623 1980 2697 Cypri
2005 2623 2180 2679 dixit:
2212 2626 2315 2683 llic‘
2338 2628 2428 2699 qui
2460 2629 2633 2687 lectus
2660 2641 2743 2689 est
2766 2642 2945 2704 pater,
2974 2635 3027 2689 in
3057 2652 3165 2691 una
3196 2638 3410 2693 urbium

1820 2717 1980 2789 Cypri
2008 2718 2203 2774 decore
2228 2722 2600 2790 sacratissimo
2626 2724 2862 2790 claruit,
2903 2736 2959 2781 et
2998 2712 3166 2782 multa
3197 2744 3410 2799 praeco-

1820 2810 1907 2863 nia
1926 2850 1942 2874 ,
1974 2819 2029 2864 et
2055 2810 2279 2866 festivos
2313 2827 2596 2869 sermones
2619 2814 2737 2884 ejus
2758 2816 3039 2883 habemus,
3062 2834 3183 2873 cum
3214 2820 3412 2890 quibus

1820 2907 1905 2954 est
1924 2895 2086 2954 etiam
2109 2914 2289 2955 sermo
2314 2900 2433 2971 ejus
2461 2902 2515 2957 in
2551 2904 3082 2977 transﬁgurationem
3112 2906 3413 2964 Salvatoris

1821 2990 2014 3044 nostri.
2054 2988 2391 3062 Conscripsit
2435 3003 2614 3048 autem
2651 3003 2707 3049 et
2750 2993 2930 3051 Vitam
2974 2998 3145 3053 sancti
3187 2998 3414 3055 Joannis

1819 3082 2211 3154 archiepiscopi
2236 3083 2577 3140 Alexandria:
2608 3098 2968 3157 cognomento
2992 3089 3323 3156 Eleemonis,
3352 3090 3407 3149 id

1820 3184 1907 3230 est
1930 3176 2321 3244 misericordis,
2362 3178 2490 3248 quin
2522 3186 2578 3234 et
2604 3179 2777 3234 sancti
2814 3180 3098 3252 Symeonis
3126 3182 3411 3254 simplicis,

150 3283 235 3337 per
257 3268 434 3325 omnia
461 3269 635 3335 Deus,
665 3276 721 3323 et
757 3267 930 3338 ipsum
967 3283 1329 3323 mcmorasses
1358 3283 1456 3337 per
1484 3267 1583 3322 has
1619 3282 1716 3337 pu-
1743 3248 1789 3310 (ἶ
1821 3276 1875 3323 et
1900 3267 2002 3323 alia
2028 3271 2271 3340 quaedam
2297 3287 2312 3337 ;
2342 3279 2505 3342 atque
2546 3271 2597 3325 iu
2633 3273 2884 3329 omnibus
2921 3276 3264 3332 sermonibus
3299 3276 3414 3332 suis

150 3359 279 3416 sillas
317 3360 505 3415 iconas
533 3368 590 3416 et
630 3359 868 3431 figuras,
894 3367 953 3413 et
989 3374 1096 3414 non
1136 3359 1361 3414 vitulum
1405 3367 1460 3415 et
1499 3373 1717 3414 muscas

150 3450 360 3507 iuberes
398 3467 563 3521 super
590 3450 805 3507 tabulas
843 3466 875 3506 a
906 3450 1019 3508 Deo
1054 3458 1314 3521 patratas.
1353 3448 1573 3507 Utinam
1600 3465 1719 3504 san-

153 3551 281 3598 ctum
324 3559 391 3599 ac
434 3545 661 3598 aureum
708 3543 881 3599 altare
909 3543 1278 3600 desiderasses
1310 3552 1367 3599 et
1396 3552 1488 3607 tu,
1514 3550 1571 3598 et
1607 3556 1716 3596 non

154 3649 327 3691 vaccas
354 3633 636 3690 Samaria.
674 3634 889 3690 Utinam
913 3642 970 3691 et
997 3635 1204 3705 virgam
1232 3649 1351 3705 qua:
1384 3633 1719 3705 germinave-

157 3717 320 3789 rat,‘et
349 3741 455 3782 non
482 3725 782 3790 Astartem,
807 3740 928 3794 qua:
962 3724 1223 3780 desolavit
1248 3723 1517 3780 civitatem
1548 3732 1717 3778 tuam.

160 3815 361 3872 Utinam
391 3818 653 3873 divinitus
691 3817 920 3873 imbrem
952 3817 1168 3873 dantem
1198 3825 1411 3888 petram
1440 3816 1723 3872 salutavis-

158 3920 263 3971 ses,
295 3915 346 3962 et
375 3922 481 3963 non
522 3906 657 3962 Baal
703 3908 860 3962 deum
886 3915 1063 3962 tuum.
1106 3908 1213 3964 Sed
1240 3908 1363 3963 ideo
1395 3908 1513 3964 haec
1539 3908 1720 3963 omnia

162 4009 255 4049 non
283 3996 494 4063 adoras,
526 3997 706 4068 prisce
734 3995 903 4053 Israel
924 4039 940 4063 ,
964 3998 1090 4068 quia
1130 4014 1235 4054 non
1274 3999 1508 4055 dilexisti
1551 4001 1720 4055 Deum

160 4100 222 4141 ex
245 4096 345 4143 toto
370 4090 557 4146 corde.
585 4089 689 4157 Qui
716 4100 894 4145 autem
927 4090 1101 4162 diligit
1129 4091 1359 4147 amicum
1377 4131 1393 4156 ,
1422 4099 1517 4146 aut
1551 4091 1724 4161 impe-

162 4190 406 4247 ratorem,
447 4191 507 4238 et
542 4182 817 4253 praecipue
855 4181 1257 4239 benefactorum
1290 4199 1476 4251 suum,
1509 4185 1624 4241 sive
1665 4183 1725 4240 fi-

164 4267 276 4325 lium
314 4273 426 4344 ejus
471 4273 691 4340 videat,
739 4274 853 4329 sive
903 4274 1142 4346 virgam,
1186 4274 1301 4331 sive
1347 4274 1564 4341 sedem,
1609 4275 1724 4330 sive

163 4376 414 4432 coronam,
447 4365 563 4421 sive
597 4364 818 4421 domum
838 4406 854 4431 ,
885 4365 1000 4421 sive
1034 4380 1282 4432 servum,
1317 4374 1484 4434 tenet,
1513 4365 1724 4421 oscula-

164 4459 261 4517 tur,
302 4464 352 4509 et
382 4457 616 4511 honorat
654 4471 756 4526 per
792 4450 895 4510 ista
924 4456 1064 4511 bene
1092 4456 1377 4523 meritum,
1407 4467 1462 4512 et
1491 4458 1725 4514 maxime

164 4540 328 4598 Deum.
356 4545 495 4600 Cum
532 4561 670 4617 ergo
707 4546 910 4602 videris
954 4545 1292 4603 Christianos
1334 4549 1567 4605 adorare
1608 4564 1725 4604 cru-

1822 3359 2158 3416 orthodoxus
2180 3361 2441 3417 cernitur.
2464 3360 2673 3417 Floruit
2690 3374 2870 3418 autem
2899 3365 3233 3436 temporibus
3262 3365 3414 3421 Mane

1825 3451 1944 3507 ricii
1973 3452 2342 3523 imperatoris.

1890 3542 2127 3601 Joannes
2156 3546 2269 3601 Deo
2297 3546 2546 3601 amabilis
2583 3547 2891 3618 presbyter,
2926 3555 2981 3602 et
3018 3548 3255 3604 vicarius
3278 3565 3413 3623 apo-
3478 3559 3489 3569 '

1822 3635 2026 3691 stolica:
2069 3637 2212 3691 sedis
2239 3636 2510 3703 Orientis,
2552 3637 2728 3691 dixit:
2767 3636 2903 3704 Quia
2944 3653 3073 3694 vero
3102 3640 3218 3695 haec
3249 3639 3326 3695 ita
3354 3656 3417 3696 se

1825 3731 2027 3787 habent
2055 3733 2122 3787 ad
2151 3732 2379 3804 gloriam
2406 3734 2652 3804 praedicti
2694 3734 2893 3797 Patris,
2927 3735 3271 3792 manifestum
3304 3746 3413 3792 est.

1827 3821 2022 3877 i'icarii
2082 3823 2278 3893 quippe
2345 3824 2671 3879 sanctissimi
2731 3840 2889 3895 papae
2950 3824 3250 3881 attulerunt
3297 3824 3416 3896 ejus

1823 3912 2019 3969 librum
2050 3925 2251 3971 sancta:
2285 3918 2528 3988 synodo;
2556 3928 2616 3974 et
2658 3920 2931 3986 maxime,
2969 3921 3095 3990 quia
3126 3920 3288 3978 latius
3316 3924 3415 3979 de-

1824 4005 2146 4059 monstravit
2174 4020 2449 4061 sacrarqu
2478 4006 2770 4079 imaginum
2808 4009 3191 4079 receptionem.

1893 4093 2027 4150 Item
2057 4093 2297 4152 Joannes
2342 4095 2453 4153 Deo
2493 4097 2742 4153 amabilis
2776 4100 3062 4170 presbyter
3086 4108 3143 4156 et
3178 4099 3417 4158 vicarius

1821 4186 2104 4256 apostolici
2142 4188 2322 4244 throni
2350 4187 2608 4255 Orientis,
2640 4188 2838 4245 librum
2865 4191 3160 4248 ostendens
3182 4194 3413 4266 synodo,

1826 4280 1998 4334 dixit:
2042 4279 2261 4335 Librum
2304 4280 2497 4345 istum,
2532 4280 2878 4338 honorabiles
2910 4291 3125 4353 patres,
3157 4285 3213 4339 in
3264 4285 3416 4356 regia

1826 4371 1959 4426 urbe
1989 4372 2165 4443 reperi
2192 4373 2333 4445 apud
2353 4373 2629 4429 dominum
2658 4372 2980 4445 Procopium
3012 4376 3368 4431 silentiarium
3394 4393 3427 4429 :-

1826 4472 1883 4518 et
1929 4464 2150 4521 invento
2192 4465 2351 4520 valde
2397 4465 2616 4537 gavisus
2658 4481 2797 4531 sum,
2840 4466 3093 4536 quoniam
3136 4469 3417 4539 exemplar

1825 4544 1941 4624 ejus
1970 4548 2231 4612 habemus
2255 4556 2309 4611 in
2348 4555 2568 4612 Oriente
2596 4556 2950 4613 simillimum.
2982 4570 3008 4598 ι
3036 4556 3203 4614 Docet
3230 4568 3415 4615 autem

159 4646 291 4699 cem,
330 4638 470 4693 scitu
507 4638 632 4708 quia
671 4636 935 4692 cruciﬁxo
972 4638 1188 4694 Christo
1223 4639 1594 4695 adorationem
1637 4640 1724 4697 of-
1749 4635 1804 4698 Ι)
1829 4645 1882 4701 in
1913 4662 1979 4702 eo
1997 4647 2192 4701 beatus
2218 4646 2538 4701 Anastasius
2565 4647 2630 4701 de
2668 4639 3254 4715 diversa‘adoratioue;
3283 4659 3339 4704 et
3368 4650 3417 4704 si

138 4721 355 4794 ferunt,
408 4737 465 4783 et
503 4745 607 4786 non
658 4728 831 4800 ligno.
871 4726 1008 4784 Nam
1046 4729 1092 4785 si
1149 4739 1400 4785 naturam
1449 4731 1577 4803 ligni
1629 4747 1723 4789 co-

155 4813 408 4888 luissent,
467 4823 719 4892 profecto
785 4832 842 4878 et
903 4824 1128 4880 arbores
1188 4832 1245 4880 et
1315 4841 1538 4881 nemora
1598 4826 1728 4881 ado-

157 4912 388 4965 rassent:
414 4910 571 4966 sicuti
600 4920 657 4967 et
688 4920 743 4966 tu
768 4915 1061 4983 quondam,
1083 4913 1268 4982 Israel,
1300 4915 1565 4972 adorabas
1591 4916 1727 4983 haec,

155 4997 324 5056 dimns
349 5003 531 5058 arbori
562 5013 615 5060 et
647 5003 798 5075 ligno
825 5022 838 5058 :
869 5004 951 5060 Tu
984 5020 1045 5061 es
1070 5006 1202 5064 deus
1228 5022 1416 5073 meus,
1461 5015 1517 5063 et
1543 5016 1598 5063 tu
1643 5023 1732 5063 me

155 5095 370 5164 genuisti
418 5096 553 5168 (Jer.
580 5098 668 5170 ll).
721 5097 797 5152 At
841 5114 940 5155 nos
983 5098 1179 5155 iterum
1225 5116 1332 5156 non
1377 5100 1454 5156 sic
1496 5100 1727 5157 dicimus

154 5183 308 5249 cruci,
337 5201 513 5256 neque
540 5187 735 5258 ﬁguris
756 5197 1069 5245 sanctorum
1095 5208 1110 5244 :
1135 5190 1218 5246 Dii
1245 5189 1415 5245 nostri
1442 5189 1594 5257 estis;
1618 5207 1727 5248 non

152 5275 284 5329 enim
309 5287 433 5333 sunt
460 5279 532 5335 dii
557 5278 774 5345 nostri,
825 5280 915 5335 sed
960 5280 1342 5339 similitudines
1370 5288 1426 5336 et
1469 5280 1730 5354 imagines

152 5362 340 5423 Christi
363 5380 420 5425 et
443 5381 764 5428 sanctorum
809 5369 943 5440 ejus,
974 5372 1043 5427 ad
1072 5373 1499 5431 recordationem
1529 5385 1587 5429 et
1631 5376 1727 5430 ho~

130 5458 327 5514 "norem
346 5501 363 5527 ,
388 5471 444 5517 et
474 5464 730 5519 decorem
774 5461 1121 5520 ecclesiarum
1160 5464 1452 5538 propositae
1499 5478 1565 5520 ac
1604 5467 1728 5522 ado-

126 5638 129 5643 .
210 5622 243 5693 7a
271 5612 327 5693 ξι)
468 5617 724 5693 jolyanp.
854 5618 935 5672 hic
960 5619 1272 5679 Anastasius
1304 5621 1642 5693 Theugoleos,
1672 5630 1729 5687 id

142 5692 223 5726 με
258 5684 528 5732 Nam"
556 5684 571 5691 -
593 5690 696 5736 Mt
715 5687 987 5732 mm..."
1011 5707 1023 5717 -
1063 5695 1146 5730 μηδ
1180 5695 1215 5732 ς
1272 5710 1407 5746 sanna
1442 5684 1727 5761 Gregorius

1826 4737 1979 4810 jubet
2008 4745 2192 4792 sancta
2224 4737 2482 4809 synodus,
2509 4736 2736 4809 legatur.

1903 4827 2102 4883 Sancta
2125 4831 2364 4899 synodus
2388 4827 2524 4883 dixit
2549 4847 2562 4884 :
2592 4828 2849 4899 Legatur.

1902 4921 1970 4976 Et
1991 4923 2262 4995 accipiens
2283 4921 2593 4994 Stephanus
2614 4920 3099 4979 revereudissimus
3122 4925 3422 4983 monachus

1832 5011 1965 5082 legit
1987 5018 2025 5065 ξ.

1835 5090 2026 5181 Sancti
2054 5130 2057 5131 ⁷
2088 5122 2371 5206 Anastasii.
2439 5124 2663 5206 episcopi
2715 5109 3043 5206 Theeﬁoleos
3066 5087 3334 5206 tlepts‘tgma.
3360 5124 3434 5177 ad

1908 5192 2626 5278 quemdam.scholasticam,
2665 5204 2760 5278 pe:
2788 5204 2958 5278 {139m
2980 5192 3335 5278 responditei
3365 5212 3438 5249 ac

1909 5257 2121 5321 illatam
2142 5264 2239 5321 sibi
2260 5264 2332 5319 ‘ab
2364 5279 2424 5317 eo
2460 5257 2700 5335 aporimit
2732 5257 2761 5296 δ
2781 5259 2950 5327 cujus
2972 5257 3177 5322 initium
3205 5273 3299 5319 est.

1909 5374 1967 5430 Si
2012 5371 2219 5437 tantum
2259 5377 2609 5448 interroganti
2645 5369 2978 5443 sapientiam
3002 5376 3266 5448 sapientia
3285 5388 3419 5443 repn

1795 5530 1802 5553 λ
1837 5458 2072 5557 tahitur.
2118 5474 2183 5529 Et
2216 5481 2337 5540 post
2362 5462 2585 5553 aliqua:
2619 5470 2687 5526 Et
2717 5480 2881 5523 nemo
2912 5473 3218 5534 emendatur
3244 5460 3440 5524 adora;

1833 5596 2638 5698 peratorirebluferil,uten7tiuil.
2716 5632 2721 5637 ’

1828 5690 1844 5753 .’
1910 5694 1939 5768 ξ’
1988 5696 2071 5771 Ex
2110 5694 2578 5774 "eoJetn_codice:
2614 5690 2835 5772 inopia,
2879 5696 3157 5768 εοηίκεὶο,
3205 5690 3444 5762 defectio.
