3924 5434
509 428 629 490 199

1684 405 2044 467 ΑΝΑΒΤΑΞΙΙ
2080 397 2631 464 Βιθιιοτιιεωκιι

3666 389 3762 448 500

484 530 660 604 tionis
687 510 1097 612 significatione.
1130 530 1432 585 Adoramns
1458 524 1602 580 enim
1630 521 1877 579 homines
1898 528 1953 575 et
1979 534 2075 573 an-
2098 520 2156 580 Α
2251 512 2488 568 Joannes
2518 505 2998 564 ι’θνετοηδίεείιηιιε
3027 502 3349 567 monachi“.
3387 499 3674 572 Ρτθελιῐιετ
3712 510 3763 556 ει

490 636 646 710 gelos
669 610 922 695 sanctos,
969 640 1075 679 non
1115 631 1293 676 tamen
1338 617 1608 674 servimus
1647 612 1770 668 illis.
1806 610 2088 665 Dominum

498 701 677 794 enim,
713 724 888 796 inquit
925 720 1167 791 Moyses,
1208 714 1373 769 Deum
1414 722 1560 767 tuum
1601 706 1880 770 adorabis,
1916 714 1964 759 et
2012 701 2090 755 illi

494 820 599 878 soli
628 818 818 876 seruies
852 814 1034 888 (Deut.
1084 827 1155 872 vi,
1206 805 1398 863 Matth.
1445 802 1519 876 tv)
1547 822 1560 858 :
1589 811 1646 858 et
1673 800 1797 855 vide
1821 796 2090 871 quomodo

482 906 557 969 “in
588 927 656 967 eo
695 887 910 981 quidem
949 903 1092 976 quod
1127 901 1294 965 dixit,
1331 897 1548 961 servies,
1586 890 1911 966 praeposuit,
1952 887 2087 943 soli:

482 996 556 1060 'in
601 1018 666 1059 eo
696 1015 824 1056 vero
857 997 999 1070 quod
1040 996 1155 1060 ait,
1185 991 1461 1057 adorabis,
1501 999 1874 1058 nequaquam;
1910 984 2091 1051 itaque

480 1090 730 1153 adorare
757 1092 973 1163 quidem
1011 1088 1137 1143 licet
1168 1109 1181 1140 :
1214 1083 1437 1141 honoris
1477 1079 1675 1152 quippe
1715 1075 1972 1131 indicium
2009 1080 2092 1127 est

482 1187 779 1252 'adoratio;
808 1185 1013 1240 servire
1036 1191 1214 1236 autem
1238 1188 1576 1249 nequaquam
1592 1190 1610 1227 :
1636 1184 1768 1240 ergo
1790 1182 1889 1222 nec
1908 1179 2086 1222 orare.

492 1284 627 1339 «llaec
655 1248 871 1353 quidem
897 1277 1041 1333 dicet
1066 1273 1260 1343 aliquis
1286 1248 1499 1326 interim
1516 1268 1579 1323 ad
1603 1263 1861 1336 primum.
1887 1248 2093 1314 Secun-

501 1376 602 1429 dus
630 1350 810 1427 autem
835 1369 1125 1425 multorum
1153 1361 1497 1435 opinionibus
1522 1356 1824 1427 subjicitur,
1851 1350 2090 1408 nondum

478 1451 778 1520 interioris
803 1470 1059 1534 percepta
1086 1455 1336 1511 lectionis
1365 1452 1578 1525 peritia.

484 1550 491 1559 ’
574 1533 836 1608 Tarasius
864 1548 1240 1606 sanctissimus
1267 1542 1575 1616 patriarcha
1600 1538 1769 1593 dixit:
1804 1533 2093 1592 Videamus

482 1645 570 1701 'de
594 1644 911 1700 adoratione
939 1640 1069 1713 quid
1097 1639 1242 1693 dicat
1269 1636 1451 1691 Pater.

577 1738 778 1791 Sancta
826 1732 1064 1806 synodus
1108 1729 1281 1787 dixit:
1330 1725 1711 1783 Diversitatem
1758 1716 2095 1775 adorationis

494 1828 758 1886 ostendit.
814 1824 959 1881 Dixit
1004 1823 1180 1889 enim,
1229 1821 1353 1891 quia
1407 1817 1688 1871 Dominum
1730 1813 1893 1867 Deum
1943 1822 2091 1864 tuum

2194 601 2430 658 vicarius
2463 596 2816 656 Orientalium
2862 594 3165 665 principum
3215 593 3560 648 sacerdotum
3595 590 3761 646 dixit:

2189 694 2438 752 Ostendit
2459 692 2642 757 Pater,
2670 689 2813 761 quod
2836 690 3062 743 absente
3093 686 3421 755 imperatore
3451 683 3637 752 imago
3658 680 3765 751 ejus

2190 789 2489 844 honoratur
2530 802 2544 840 :
2593 782 2792 853 alioqui
2839 780 3195 836 inhonoratur
3227 774 3395 849 [(-‘n,
3437 790 3548 832 non
3596 783 3764 829 tamen

2189 893 2256 933 eo
2299 884 2567 950 prtesente
2599 869 2999 943 inhonoratur].
3050 870 3125 924 Ita
3155 877 3210 923 et
3250 884 3394 923 nunc
3435 867 3769 922 dominatum

2189 969 2430 1025 omnium
2495 966 2621 1022 Jesu
2673 963 2890 1020 Christo
2950 961 3278 1017 sensibiliter
3332 959 3491 1015 nobis
3555 958 3769 1014 absente

2174 1060 2499 1134 (invisibilis
2527 1068 2613 1115 est
2653 1059 2798 1114 enim
2844 1056 3026 1112 carnis
3055 1063 3251 1110 nostra:
3294 1053 3489 1118 oculis,
3547 1061 3606 1106 at
3651 1067 3772 1107 vero

2191 1153 2333 1208 sicut
2355 1152 2497 1207 Deus
2516 1150 2714 1219 ubique
2739 1147 2937 1218 adest),
2966 1161 3094 1217 ergo
3123 1147 3434 1201 honoranda
3459 1143 3579 1213 ejus
3605 1143 3773 1213 imago

2191 1255 2296 1311 est,
2327 1243 2777 1315 quemadmodum
2801 1249 2856 1295 et
2882 1240 3043 1295 Pater
3072 1238 3354 1294 intellexit.

2264 1335 2557 1407 Gregorius
2592 1331 3077 1389 reverendissimns
3101 1330 3396 1384 monachus
3418 1336 3475 1382 et
3523 1327 3769 1398 hegnme-

2192 1444 2296 1488 nus
2325 1425 2639 1483 monasterii
2674 1423 2996 1486 llormisdze,
3034 1421 3225 1475 obtulit
3252 1421 3450 1475 librum
3477 1420 3654 1474 sancti
3686 1419 3776 1473 So-

2193 1517 2408 1591 phronii
2435 1531 2449 1571 :
2485 1530 2645 1586 quem
2673 1513 2945 1585 accipiens
2971 1511 3279 1583 Stephanus
3300 1511 3778 1566 rezerendissimus

2194 1611 2497 1668 monachus
2520 1607 2668 1679 legit.

2197 1725 2381 1798 Sancti
2405 1726 2571 1798 patris
2602 1724 2782 1798 nostri
2808 1720 3490 1798 Sophronii_arclticpiscopi
3535 1716 3781 1774 Hieroso-

2338 1789 2596 1868 lymorum
2622 1794 2739 1848 laus
2765 1794 2819 1848 in
2841 1789 3048 1847 sanctos
3073 1789 3266 1861 Cyrum
3285 1789 3332 1845 et
3352 1789 3645 1844 Joannem.

490 1918 780 1984 adorabis,
816 1926 862 1971 et
890 1915 989 1985 ipsi
1017 1913 1116 1969 soli
1151 1881 1360 1967 seruies.
1392 1910 1447 1965 In
1482 1910 1587 1964 hoc
1613 1905 1755 1978 quod
1783 1904 1947 1968 dixit,
1979 1916 2095 1957 ser-

2268 1910 2371 1965 Alii
2400 1881 2618 1981 quidem
2646 1907 2805 1963 aliter
2825 1916 3045 1961 sanctos
3076 1905 3464 1971 honorilicent,
3494 1904 3782 1962 multil’arie

486 2015 624 2093 ‘vies
643 2053 659 2078 ,
688 2009 887 2083 posuit,
919 2007 1127 2071 solum;
1175 2006 1227 2060 in
1253 2003 1569 2059 adoratione
1597 2014 1757 2063 vero,
1788 2010 2050 2066 nusquam
2076 2010 2090 2047 :

503 2121 670 2177 porro
695 2101 1142 2177 pscudosyllogus
1180 2097 1269 2153 ille
1303 2098 1447 2152 hunc
1486 2094 1660 2149 locum
1694 2092 1746 2146 in
1774 2105 1925 2146 suam
1952 2084 2095 2142 acci-

505 2170 585 2267 pit
610 2170 766 2265 quasi
790 2170 1256 2261 justi'licationem.
1300 2186 1532 2241 Evidcns
1571 2192 1748 2236 tamen
1792 2187 1907 2245 est,
1951 2175 2098 2247 quod

509 2287 673 2357 impie
704 2286 805 2340 hoc
835 2280 1211 2352 assumpserit.

582 2375 841 2431 Tarasius
868 2371 1243 2428 sanctissimus
1294 2366 1603 2439 patriarcha
1630 2365 1799 2419 dixit:
1833 2362 1941 2418 Sed
1978 2359 2099 2415 vide

509 2468 743 2539 qualiter
763 2465 1139 2521 sanctissimus
1162 2457 1639 2534 [sapientissimus]
1668 2457 1827 2511 Pater
1849 2456 1900 2509 id
1933 2454 2099 2509 inter-

484 2552 774 2632 'pretetur.
813 2556 966 2624 Quod
1007 2563 1187 2609 autem
1231 2553 1285 2607 in
1332 2551 1508 2606 medio
1544 2549 1752 2619 posuit,
1799 2544 1955 2600 valde
2001 2558 2100 2599 nos

507 2665 701 2705 omnes
726 2657 780 2705 et
804 2663 899 2704 eos
925 2645 1018 2717 qui
1041 2642 1432 2701 contentiosins
1452 2641 1830 2702 adversantur,
1862 2636 1927 2691 ad
1961 2636 2098 2690 ima-

510 2743 695 2814 ginum
727 2739 1090 2811 receptionem
1115 2752 1181 2792 ac
1202 2733 1573 2790 adorationem
1601 2729 1834 2785 deducit.
1870 2726 2101 2782 llonoris

507 2837 708 2908 quippe
758 2843 841 2891 est
890 2832 1147 2888 indicium
1209 2829 1474 2885 adoratio.
1532 2823 1721 2880 Cuncti
1791 2837 1956 2893 ergo,
2009 2820 2100 2892 qui

484 2932 696 2986 sacras
731 2927 994 2995 imagines
1039 2938 1098 2978 se
1134 2920 1456 2992 proﬁtentur
1489 2918 1789 2976 honorare,
1820 2921 1874 2966 ct
1911 2911 2102 2966 adora-

510 3022 714 3074 tioncm
744 3024 1014 3079 recusant,
1046 3012 1443 3069 convincentur
1468 3024 1499 3063 a
1530 3019 1716 3063 sancto
1747 3004 1926 3067 Patre,
1957 3002 2101 3074 quod

511 3112 567 3165 in
603 3108 875 3181 hypocrisi
908 3108 1011 3161 hoc
1038 3105 1239 3160 dicant.
1268 3102 1353 3157 lle
1380 3101 1523 3156 enim
1554 3114 1680 3153 vera
1711 3097 1801 3168 qni
1829 3094 2103 3150 adoratio-

488 3208 639 3256 ἠοω
691 3213 796 3253 non
842 3197 1181 3266 suscipiunt,
1227 3192 1371 3262 quod
1419 3200 1504 3246 est
1544 3188 1766 3244 honoris
1809 3185 2099 3249 indicium,

511 3292 846 3348 contrarium
876 3296 1174 3344 noscuntur
1197 3285 1411 3351 facere,
1440 3282 1492 3338 id
1523 3290 1607 3338 est
1631 3282 1978 3335 inhonorare.
2108 3260 2115 3268 “

585 3383 697 3438 Leo
725 3380 1099 3437 sanctissimus
1124 3377 1409 3448 episcopus
1445 3372 1659 3428 Phocire
1687 3369 1823 3426 dixit
1848 3387 1861 3423 :
1896 3366 2104 3439 Oppor-

507 3487 704 3531 «tuuum
744 3483 829 3530 est
864 3471 1178 3545 propltetice
1225 3470 1446 3524 dicere:
1492 3463 1801 3520 Convertiin
1840 3460 2108 3533 planctum

487 3562 686 3625 meum
710 3570 766 3624 in
789 3567 1041 3639 gaudium
1070 3564 1198 3618 nt'lti
1218 3576 1240 3615 :
1274 3558 1575 3616 conscidisti
1602 3572 1809 3612 saccum
1838 3569 2036 3618 meum,
2058 3559 2106 3607 et

513 3636 840 3736 prwcinxisti
879 3676 960 3714 me
997 3657 1182 3713 lwtitia
1224 3653 1450 3723 (Psalm.
1501 3649 1676 3717 χχιχ).
1711 3649 2109 3705 Converterunt
2180 3636 2183 3639 ’

516 3755 664 3811 enim
704 3753 898 3809 divina:
927 3749 1222 3819 Scriptura:
1263 3745 1564 3801 intellectus
1596 3749 1810 3798 nostros
1846 3740 1915 3795 ab
1957 3737 2105 3793 omni

486 3844 489 3849 ’
518 3847 800 3917 impietate
820 3886 836 3913 ,
868 3853 923 3899 et
965 3842 1301 3914 repleverunt
1344 3855 1442 3895 nos
1477 3839 1657 3894 divina
1686 3836 1911 3891 scicntia
1943 3843 1999 3890 et
2028 3835 2109 3890 di-

488 3932 497 3938 ⁴
519 3935 771 4006 sciplina.

591 4026 979 4084 Constantinus
1028 4021 1403 4079 sanctissimus
1447 4019 1731 4089 episcopus
1784 4014 2109 4071 Constantia

488 4114 681 4191 'Cypri
706 4117 900 4171 librum
926 4112 1147 4169 tradidit
1169 4112 1341 4166 sancti
1368 4108 1640 4164 Anastasii
1670 4105 1903 4177 episcopi
1934 4104 2111 4159 Theo-

493 4211 711 4285 ‘poleos
756 4227 769 4262 :
813 4221 973 4279 quem
1021 4211 1330 4274 susceptum
1390 4200 1702 4271 Stephanus
1746 4196 2008 4253 diaconus
2054 4203 2111 4250 et

517 4304 767 4362 notarius
805 4300 933 4370 legit
957 4317 972 4354 :

488 4414 703 4474 ,δανισιὶ
741 4413 908 4486 patris
947 4411 1121 4486 nostri
1148 4408 1416 4486 Anastasii
1450 4406 1519 4461 ad
1550 4420 1774 4486 pyraea)!
1811 4403 2108 4475 episcOpum

626 4475 864 4550 Bosiraz,
894 4498 1064 4538 sermo
1087 4481 1151 4535 de
1187 4479 1425 4540 sabbato.
1476 4475 1627 4547 cujus
1654 4475 1860 4529 initium
1885 4482 1958 4528 est
1981 4485 2000 4523 :

490 4666 497 4678 .
580 4597 649 4654 ‘Si
676 4605 861 4669 patres
888 4601 1134 4666 oportet,
1167 4590 1461 4647 secundum
1491 4588 1632 4659 quod
1666 4586 1868 4641 dictum
1899 4591 2016 4648 est,
2054 4588 2110 4636 et

440 4726 444 4742 ι
490 4671 678 4745 ἐἰωιί
715 4688 828 4757 ipse
856 4685 1075 4748 lateris,
1106 4682 1471 4751 interrogare,
1512 4692 1719 4734 necnon
1748 4684 1804 4729 et
1844 4671 2105 4729 seniores.

514 4780 587 4835 Et
618 4756 743 4849 post
763 4791 933 4848 pauca
962 4792 976 4828 :
1002 4756 1330 4842 Sicutenim
1355 4770 1482 4825 dum
1509 4763 1908 4839 diligiturwrt,
1934 4760 2106 4835 abest]

490 4944 499 4955 ζ
522 4876 844 4944 imperator,
881 4870 1059 4939 imago
1083 4865 1202 4935 ejus
1225 4879 1325 4935 pro
1362 4864 1478 4935 ipso
1504 4862 1801 4917 aduratur:
1831 4872 1956 4912 cum
1981 4870 2110 4909 vero

517 4965 629 5034 jam
658 4977 894 5033 prmsens
915 4958 1108 5022 fuerit,
1138 4953 1465 5026 superﬂuum
1491 4964 1574 5009 est
1594 4952 1811 5007 deserto
1834 4948 2109 5020 primitivo

516 5054 753 5107 adorare
782 5048 1090 5119 imaginem.
1122 5044 1262 5116 Ergo
1303 5043 1430 5113 quia
1468 5057 1574 5098 non
1614 5037 1758 5113 [Gr.,
1788 5054 1892 5093 non
1931 5050 2107 5092 tamen

494 5138 678 5219 quia]
702 5139 980 5201 adoratur,
1022 5148 1087 5190 eo
1112 5134 1252 5204 quod
1278 5140 1475 5204 praesto
1505 5132 1575 5186 sit
1616 5131 1660 5186 is
1690 5139 1915 5199 propter
1946 5141 2107 5196 quem

518 5234 806 5284 adoretur.
860 5228 1171 5282 inhonorari
1217 5241 1336 5276 eam
1379 5231 1614 5274 oportet.
1654 5222 1720 5268 Et
1751 5228 1867 5266 met
1905 5233 2104 5252 Mum--

2141 4613 2188 4672 D

2199 2005 2339 2061 dona
2392 2017 2578 2059 eorum
2629 2001 3007 2071 divulgantes,
3059 2007 3113 2054 et
3160 1997 3420 2053 beneﬁcia
3472 1996 3784 2051 multimodo

2195 2098 2558 2169 praedicantes
2599 2112 2613 2149 :
2662 2093 2751 2148 alii
2804 2092 3021 2163 quidem
3074 2090 3392 2160 templorum
3448 2090 3782 2145 excelsorum

2198 2189 2582 2254 erectionibus,
2611 2185 2701 2240 alii
2749 2200 2880 2239 vero
2927 2183 3197 2237 variorum
3244 2196 3579 2236 marmorum
3630 2196 3785 2236 orna-

2200 2280 2418 2343 mentis,
2451 2277 2541 2331 alii
2568 2287 2745 2330 autetn
2788 2276 3166 2330 dcattratorunt
3195 2272 3527 2327 musivorutn
3566 2287 3783 2341 cotnpo-

2199 2369 2483 2425 sitionibus
2516 2385 2528 2422 :
2561 2366 2649 2421 alii
2678 2363 2972 2437 splendidis
3011 2364 3275 2435 pictorum
3319 2363 3598 2426 artiﬁciis,
3616 2372 3676 2417 et
3702 2379 3787 2415 an-

2200 2460 2349 2514 reis:
2394 2457 2482 2512 alii
2524 2457 2689 2512 etiam
2737 2454 3010 2526 argenteis
3049 2454 3457 2509 monumentis:
3508 2468 3677 2523 porro
3703 2452 3785 2506 alii

2199 2548 2392 2603 sericis
2425 2556 2480 2602 et
2522 2546 2861 2618 bombycinis
2898 2542 3279 2616 [hambacinis]
3312 2544 3543 2598 texturis
3573 2557 3589 2596 :
3641 2552 3698 2597 et
3736 2552 3788 2595 ut

2199 2639 2366 2697 semel
2405 2639 2651 2695 absolute
2678 2639 2941 2701 dicamus,
2984 2651 3175 2691 omnes
3201 2634 3252 2690 in
3280 2635 3544 2690 honorem
3594 2644 3787 2704 marty~

2200 2749 2320 2788 rum
2360 2741 2632 2801 satagunt,
2660 2739 2719 2784 ut
2744 2729 3035 2799 unicuique
3062 2726 3289 2782 facultas
3310 2734 3362 2780 et
3394 2725 3649 2781 voluntas
3673 2742 3790 2795 snp-

2200 2823 2404 2895 pedilat
2438 2842 2451 2878 :
2487 2832 2543 2878 et
2589 2822 2817 2877 invicem
2850 2821 2903 2875 in
2953 2819 3037 2875 his
3082 2819 3299 2873 vincere
3341 2818 3602 2890 gestiant,
3652 2818 3788 2871 circa

2200 2925 2420 2973 sanctos
2444 2914 2651 2969 unitum
2684 2910 2828 2986 [Gr.,
2851 2910 3034 2984 suum]
3066 2909 3314 2966 allectum
3354 2912 3791 2966 demonstrantes

2200 3017 2256 3064 et
2277 3008 2618 3077 exhibentes,
2648 3021 2745 3077 pro
2784 3003 3228 3074 corruptibilibus
3262 3002 3477 3072 quidem
3510 3002 3791 3058 immarce-

2202 3100 2432 3165 scibilia,
2458 3106 2513 3154 et
2543 3114 2642 3167 pro
2674 3095 3060 3167 temporalibus
3083 3095 3369 3150 terminum
3402 3109 3510 3149 non
3540 3092 3789 3148 habentia

2203 3192 2599 3265 praestolantes.
2649 3190 2871 3246 Talibus
2917 3188 3061 3244 enim
3110 3203 3238 3244 suos
3284 3196 3563 3243 amatores
3597 3185 3790 3259 egregii

2130 3256 2175 3318 ε
2208 3297 2621 3355 recompensare
2647 3288 3065 3337 CODSUCVCI’IIIIL

2207 3393 2294 3451 Ea:
2326 3396 2506 3451 eadem
2537 3394 3177 3464 conscriptionecjusdcm
3207 3389 3470 3464 Patris_ae
3493 3401 3791 3464 sanctorum

2277 3467 2576 3592 forumdem
2618 3461 2874 3519 miraculo
2918 3461 3201 3537 [tricesimo
3239 3461 3437 3535 sexto],
3502 3461 3662 3532 cujus
3698 3461 3794 3514 ini-

2302 3554 2408 3591 tam
2435 3548 2532 3591 est.

2277 3649 2660 3705 Alexandriam
2692 3647 2909 3722 Egypti
2945 3656 3000 3702 et
3026 3646 3211 3719 Libya:
3237 3645 3398 3701 audio
3426 3642 3789 3716 metropolim.

2184 3738 2277 3800 Et
2304 3754 2424 3816 post
2459 3744 2564 3799 alia
2598 3763 2611 3798 :
2654 3743 2941 3799 Venientes
2971 3757 3100 3813 ergo
3132 3741 3200 3796 ad
3230 3740 3489 3811 templum
3524 3738 3792 3811 quoddam

2207 3836 2533 3909 perlectum,
2588 3835 2770 3907 specie
2809 3835 3025 3903 quidem
3081 3830 3323 3888 terribile
3363 3838 3420 3886 et
3449 3829 3790 3902 przeclarnm,

2209 3929 2495 3985 altitudine
2529 3942 2658 3983 vero
2698 3927 2763 3981 ad
2788 3924 2985 3982 ccelum
3031 3924 3204 3994 ipsum
3252 3922 3611 3994 pertingens:
3653 3916 3793 3989 quod

2211 4029 2473 4083 intrantes
2500 4025 2790 4079 maximam
2823 4021 3111 4092 imaginem
3140 4028 3196 4075 et
3232 4013 3610 4072 admirabilem
3646 4011 3793 4067 vide-

2208 4120 2419 4183 bamus,
2453 4120 2504 4173 in
2535 4116 2711 4173 medio
2736 4113 2951 4185 quidem
2984 4111 3267 4167 Dominum
3287 4107 3564 4163 Christum
3593 4104 3793 4174 pictum

2209 4212 2480 4268 coloribus
2512 4210 2819 4272 habentem,
2853 4204 3053 4261 Christi
3085 4213 3268 4257 autem
3316 4198 3539 4253 Matrem
3589 4206 3647 4249 et
3696 4194 3797 4248 Do-

2210 4304 2413 4358 minam
2442 4309 2682 4355 nostram
2710 4296 2802 4352 Dei
2830 4282 3148 4368 genitricem
3179 4298 3236 4346 et
3260 4302 3473 4358 semper
3518 4284 3795 4354 Virginem

2212 4394 2433 4450 Mariam
2457 4392 2851 4449 sinistrorsum,
2876 4395 2932 4441 et
2961 4385 3300 4440 dextrorsum
3327 4377 3591 4433 Joannem
3618 4371 3796 4442 Bapti-

2211 4493 2352 4539 stam
2401 4491 2456 4537 et
2506 4489 2895 4552 pra-cursorem
2949 4470 3187 4542 ejusdem
3232 4465 3550 4529 Salvatoris,
3594 4463 3688 4533 qui
3730 4475 3796 4515 ex

2215 4585 2368 4630 utero
2420 4550 2545 4628 eum
2605 4565 3056 4627 exsultationibus
3108 4557 3492 4633 praenuntiavit
3554 4552 3709 4628 [Lua
3754 4550 3795 4623 ι]

2216 4669 2360 4741 (nam
2402 4675 2457 4721 et
2482 4665 2708 4735 loquens
2732 4676 2855 4717 cum
2881 4665 3027 4714 esset
3077 4656 3241 4717 intus,
3286 4666 3392 4706 non
3430 4647 3795 4714 audiebatur),

2212 4737 2266 4813 et
2296 4756 2514 4827 quidam
2541 4770 2608 4810 ex
2641 4751 3006 4823 apostolorum
3034 4755 3090 4802 et
3132 4746 3517 4816 prophetarum
3559 4737 3796 4810 glorioso

2211 4850 2398 4914 choro,
2445 4856 2501 4901 et
2530 4854 2833 4915 martyrum
2865 4848 3008 4895 cmtu
3038 4856 3052 4892 :
3083 4851 3206 4891 cum
3232 4833 3429 4903 quibus
3469 4840 3527 4887 et
3570 4829 3796 4884 aderant

2212 4941 2313 5012 ipsi
2344 4940 2516 5013 Cyrus
2541 4946 2596 4993 et
2623 4935 2858 4991 Joannes
2886 4940 3176 5001 martyres,
3215 4926 3305 4997 qui
3331 4933 3460 4980 ante
3506 4922 3794 4994 imaginem

2212 5045 2441 5104 stantes,
2486 5035 2713 5090 Domino
2753 5029 3107 5104 procidebant
3134 5040 3306 5094 genua
3336 5024 3703 5086 ineurvantes,
3744 5030 3796 5070 et

2212 5131 2388 5202 capita
2414 5129 2468 5184 in
2492 5142 2556 5197 pa
2567 5125 2857 5180 vimentmn
2880 5120 3136 5182 ferentes,
3159 5126 3214 5173 et
3234 5130 3330 5186 pro
3350 5112 3569 5182 juvenis
3596 5106 3797 5165 medela

2216 5196 2350 5246 :...'--
2440 5219 2450 5232 -
2494 5196 2541 5230 λ
2680 5213 2739 5228 τ’·
2852 5219 2888 5228 ί·
3222 5204 3284 5226 -η¹
3320 5199 3610 5258 ἕιτιιιιςιὶηεικιι
3643 5196 3796 5252 tertio

3734 5284 3791 5306 π’.
