3924 5446
163 483 253 538 30!

840 475 1406 535 INTERPRETATIO
1443 476 1693 534 SYNODI
1731 476 1846 533 VIII
1880 473 2292 533 GENERALIS.
2332 506 2399 516 —
2448 475 2652 534 Μ]Πο
2690 478 2753 532 V'.

3329 485 3438 558 an

163 597 353 652 deinde
379 594 678 664 gaudentes
703 604 757 649 et
787 593 1158 664 tripudiantes,
1199 608 1346 658 ecce,
1375 593 1546 659 aiunt,
1594 594 1749 649 nobis
1777 599 1823 656 Α
1853 594 2027 664 prium
2067 591 2241 646 locum
2274 608 2448 646 suum.
2500 592 2632 661 App:
2655 603 2737 648 ret
2782 593 2961 662 itaqnc
2991 609 3181 650 rursus
3225 595 3438 657 daemon

163 691 336 763 [aiunt
376 691 578 746 nobis:
628 691 814 745 melius
857 689 1011 762 mihi]
1047 689 1269 748 donavit
1316 691 1545 761 gratiam
1586 690 1746 745 Deus.

160 781 451 850 Ingredere
481 782 662 849 itaque
688 780 1094 846 Alexandriam,
1134 791 1192 835 ct
1238 781 1293 834 in
1329 797 1522 853 magno
1559 781 1750 837 Tetra—

1857 684 2079 748 incluso,
2111 693 2166 737 ct
2191 682 2328 736 dixit
2356 682 2405 738 ei
2439 701 2451 736 :
2494 681 2629 750 Qui-.l
2660 691 2765 748 est,
2808 685 2944 738 male
2975 687 3182 740 senex?
3224 702 3329 742 non
3351 687 3442 759 ju-

1855 775 1986 830 rasti
2020 775 2172 840 mihi,
2195 775 2337 844 quod
2367 775 2565 830 nemini
2593 775 2838 831 diceres?
2863 785 2915 831 et
2949 778 3215 846 quomodo
3247 790 3442 836 cuncta
3475 775 3482 780 ’

161 870 281 940 pylo
303 869 528 940 jejunus
557 869 729 925 dormi
761 889 772 923 :
804 883 862 925 et
895 870 1105 925 modico
1131 870 1235 925 olei
1265 871 1330 925 de
1359 871 1604 938 candela,
1633 889 1754 943 qua:
1854 867 2038 922 dixisti
2063 867 2110 921 ci
2137 867 2227 937 qui
2258 868 2407 922 venit
2435 867 2502 921 ad
2531 868 2628 923 te?
2663 869 2792 923 Dico
2825 869 2940 932 tibi,
2975 871 3208 940 maligne
3249 888 3440 940 senex,

161 977 379 1016 sursum
405 970 532 1015 ante
565 961 858 1032 imaginem
889 961 1188 1017 Salvatoris
1226 963 1402 1027 ardet,
1449 971 1670 1034 accepto
1698 963 1752 1018 in

162 1054 398 1125 ampulla
445 1070 636 1124 parva,
681 1071 868 1110 rursus
905 1055 1124 1126 jejunus
1167 1056 1233 1110 ad
1263 1056 1366 1110 ista
1413 1057 1755 1127 perveniens,

159 1145 322 1201 etiam
354 1147 460 1201 hoc
487 1147 713 1218 pedibus
744 1147 943 1211 unctis,
973 1148 1174 1202 donum
1221 1148 1474 1202 sanitatis
1507 1147 1752 1204 habebis.

1857 971 1916 1016 ut
1947 960 2194 1032 periurus
2224 961 2389 1015 habes
2411 960 2642 1031 judicari
2687 962 2737 1015 in
2783 962 2869 1017 die
2890 961 3099 1031 judicii.
3147 964 3447 1036 Respondit

1853 1052 1906 1106 ci
1935 1052 2196 1116 inclusus,
2219 1051 2405 1107 dicens
2427 1069 2445 1105 :
2475 1051 2609 1118 Quia
2632 1049 2778 1125 [Gr.,
2801 1052 2975 1125 Quod]
3001 1052 3179 1123 juravi
3201 1056 3444 1125 quidem,

1851 1143 2028 1212 juravi
2057 1161 2074 1196 :
2107 1153 2162 1198 et
2182 1143 2306 1215 quia
2330 1144 2627 1215 perjuravi,
2655 1145 2788 1200 scio.
2813 1145 3199 1202 Verumtamen
3224 1149 3448 1206 minime

161 1233 226 1288 Et
251 1243 377 1303 post
405 1233 514 1288 alia
549 1253 561 1288 :
594 1235 712 1304 Ipse
735 1244 913 1289 autem
944 1249 1171 1306 surgens
1189 1245 1313 1304 post
1339 1235 1756 1290 exstinctionem
1858 1232 2006 1306 [(έτη
2040 1233 2242 1306 meum]
2291 1234 2576 1289 Dominum
2621 1244 2677 1290 et
2719 1234 2980 1291 factorem
3023 1236 3292 1307 perjnravi
3326 1255 3340 1292 :
3390 1246 3448 1294 te

161 1325 400 1379 candela
429 1326 598 1379 sumit
622 1325 823 1391 oleum,
847 1334 901 1380 et
923 1326 992 1380 ad
1017 1337 1324 1381 sanctorum
1352 1325 1602 1395 pervenit
1630 1333 1760 1380 tem-

163 1414 307 1485 plum
337 1433 351 1468 :
385 1415 474 1469 ubi
502 1415 645 1470 sicut
667 1416 854 1486 jussus
878 1417 1072 1481 fuerat,
1100 1434 1292 1472 manus
1316 1427 1370 1471 et
1394 1421 1556 1487 pedes
1580 1418 1754 1483 unxit;

1861 1333 2041 1379 autem
2073 1339 2178 1379 non
2205 1325 2386 1380 audio.

1930 1416 2320 1472 Constantinus
2383 1417 2752 1473 sanctissimus
2794 1433 3076 1489 cpiscopus
3124 1417 3453 1476 Constantia:

165 1517 218 1561 et
254 1509 520 1564 continuo
565 1508 879 1580 languorem
928 1510 1198 1580 deposuit,
1247 1521 1302 1565 et
1332 1511 1758 1567 incolumitatem
1861 1506 2023 1577 Cypri
2047 1506 2221 1561 dixit:
2258 1506 2723 1575 Quemadmodum
2751 1522 2912 1563 aurea
2941 1508 3180 1574 monilia,
3218 1509 3290 1563 ita
3323 1519 3454 1564 sur';

164 1600 395 1669 recepit.

235 1692 495 1746 Tarasius
517 1692 894 1748 sanctissimus
919 1693 1230 1762 patriarcha
1255 1693 1390 1748 dixit
1414 1712 1427 1748 :
1455 1691 1648 1748 Omnia
1677 1710 1764 1751 re-

130 1781 412 1850 ,cipienda
467 1796 592 1836 esse
641 1780 869 1847 fatetur,
923 1790 978 1836 et
1017 1783 1282 1852 pictorum
1328 1792 1384 1838 et
1432 1784 1762 1854 reliquarum

165 1871 362 1925 artium
417 1883 786 1937 monumenta,
833 1873 899 1927 ad
949 1874 1198 1928 decorem
1249 1889 1526 1930 sacrarum
1573 1876 1764 1932 domo-

168 1979 308 2017 rum.

239 2053 484 2108 Thomas
523 2054 1009 2109 reverendissimus
1039 2056 1360 2119 monachus,
1390 2055 1673 2129 presbyter
1699 2072 1764 2112 ac

167 2145 407 2199 vicarius
446 2143 802 2200 Orientalium
850 2145 1151 2215 principum
1183 2147 1547 2213 sacerdotum,
1583 2149 1762 2203 dixit:

169 2234 295 2291 llaec
351 2235 578 2304 imago,
637 2235 983 2291 honorabiles
1033 2235 1262 2300 Patres,
1314 2237 1655 2294 Alexandriae
1710 2240 1764 2294 in

169 2325 464 2398 ‘I‘ctrapylo
489 2337 516 2366 ι
545 2333 654 2379 stat
683 2340 851 2396 usque
877 2341 1038 2392 nunc,
1071 2335 1126 2381 et
1150 2327 1394 2384 diversas
1423 2328 1767 2386 infirmitates

166 2424 351 2470 curat.

244 2505 448 2561 Sancta
478 2507 720 2578 synodus
750 2506 886 2562 dixit
912 2525 926 2561 τ
955 2507 1142 2563 Gloria
1182 2510 1315 2575 Deo,
1347 2509 1438 2579 qui
1476 2512 1644 2566 etiam
1670 2527 1769 2584 per

151 2598 360 2652 'sacras
391 2597 660 2667 imagines
688 2597 947 2652 miracula
977 2598 1216 2669 perlicit!

244 2688 568 2744 Eustathius
604 2688 1088 2745 reverendissimus
1135 2694 1455 2759 monachus,
1487 2695 1770 2768 presbyter

173 2788 230 2834 et
270 2780 442 2834 abbas
483 2781 799 2836 monasterii
846 2781 1124 2837 Maximini
1155 2782 1444 2857 [Maximi],
1477 2787 1656 2842 dixit:
1704 2789 1772 2844 Et

176 2884 295 2941 ego,
323 2870 507 2924 sancti
529 2869 741 2937 Patres,
767 2870 962 2926 librum
993 2871 1109 2927 fero
1137 2872 1376 2942 ejusdem
1411 2874 1610 2940 Patris,
1641 2893 1772 2932 con-

179 2960 496 3031 scriptionis
524 2959 811 3016 habentem
843 2962 995 3018 Vitas
1025 2961 1317 3019 multorum
1347 2974 1654 3020 sanctorum
1685 2966 1768 3020 vi-

179 3065 391 3117 rorum;
441 3059 500 3106 et
526 3051 667 3106 sicut
691 3051 958 3122 placuerit
981 3053 1145 3108 ccctui
1173 3062 1374 3109 vestro.

246 3143 452 3199 Sancta
485 3143 726 3216 synodus
749 3143 887 3198 dixit
914 3162 927 3198 :
974 3145 1223 3216 Legalur.

247 3234 316 3289 Et
339 3235 622 3305 accipiens
645 3233 958 3307 Stephanus
978 3239 1276 3293 monachus
1299 3237 1449 3306 legit.

274 3378 536 3449 Ejusdem
559 3377 738 3436 Patris
762 3382 926 3435 nostri
949 3381 1232 3452 Sophronii
1248 3399 1318 3437 ea:
1335 3382 1466 3437 libro
1489 3381 1676 3439 Prata.

253 3515 481 3572 Dicebat
511 3518 678 3574 abbas
703 3517 1019 3574 Theodorus
1050 3515 1272 3580 Eliota.
1298 3519 1422 3589 quia
1453 3521 1668 3589 quidam
1698 3521 1776 3576 in-

186 3605 367 3662 clusus
388 3617 513 3662 erat
542 3607 596 3661 in
624 3616 808 3662 monte
854 3607 1161 3673 Olivarum,
1189 3609 1345 3664 valde
1373 3619 1629 3665 certator.
1672 3611 1776 3664 lm-

188 3698 461 3769 pugnabat
493 3708 670 3754 autem
707 3715 833 3754 eum
863 3700 1069 3755 daemon
1101 3699 1495 3757 fornicationis.
1532 3702 1772 3770 Quadam

186 3801 311 3856 ergo
336 3786 427 3841 die
452 3775 582 3842 cum
610 3787 924 3844 immineret
947 3789 996 3844 ei
1020 3791 1381 3855 vehementer,
1417 3793 1580 3862 erepit
1609 3808 1776 3853 senex

188 3874 499 3943 lamentari,
518 3888 577 3932 et
600 3878 785 3935 dicere
809 3881 1073 3935 daamonio
1095 3899 1114 3936 :
1143 3879 1433 3951 Usquequo
1472 3899 1575 3937 non
1600 3885 1778 3953 parcis

189 3965 360 4021 mihi?
390 3968 587 4023 recede
608 3967 720 4036 jam
753 3985 783 4023 a
834 3985 943 4032 me,
986 3972 1316 4026 consenuisti
1357 3972 1510 4027 mihi.
1543 3973 1780 4044 Apparet

165 4053 238 4135 ei
261 4056 474 4113 daemon
497 4058 806 4126 visibiliter,
825 4060 1011 4117 dicens
1038 4079 1051 4115 :
1077 4061 1210 4118 Jura
1234 4061 1388 4130 mihi,
1412 4064 1553 4134 quod
1576 4065 1776 4120 nemini

188 4144 351 4209 dicas,
384 4149 531 4217 quod
561 4149 804 4206 dicturus
837 4167 954 4207 sum
999 4151 1126 4218 tibi;
1169 4162 1223 4209 et
1252 4154 1390 4210 ultra
1436 4165 1488 4211 te
1525 4171 1632 4211 non
1676 4156 1778 4212 im-

187 4237 459 4307 pugnabo.
503 4237 569 4292 Et
587 4237 793 4308 juravit
816 4241 867 4296 ei
915 4257 1102 4309 senex,
1133 4244 1276 4313 quod
1322 4260 1418 4314 per
1444 4261 1571 4301 cum
1596 4247 1689 4317 qui
1722 4247 1777 4304 in

161 4323 470 4380 altissimis
499 4327 730 4394 habitat,
773 4331 979 4385 nemini
1009 4331 1204 4400 dicam,
1248 4349 1368 4403 quae
1395 4336 1528 4391 mihi
1550 4337 1774 4394 dixeris.

186 4413 338 4472 Tunc
359 4417 494 4472 dicit
516 4419 566 4474 ei
592 4420 800 4474 damon
835 4437 847 4474 :
882 4421 958 4477 Ne
984 4422 1176 4478 adores
1201 4423 1344 4480 hanc
1372 4426 1686 4498 imaginem,
1723 4438 1779 4485 et

189 4509 502 4580 teamplius
545 4526 652 4565 non
684 4511 1032 4582 impugnabo.
1080 4513 1324 4570 Habebat
1369 4526 1548 4572 autem
1599 4519 1778 4592 imago

161 4595 415 4669 ‘eﬂgiem
470 4598 745 4656 dominam
807 4611 1045 4658 nostram
1101 4616 1348 4660 sanctam
1401 4607 1623 4664 Mariam
1678 4611 1775 4666 Dei

186 4687 534 4756 genitricem,
583 4691 896 4758 portantem
953 4692 1240 4750 Dominum
1296 4706 1539 4753 nostrum
1592 4699 1774 4756 Iesum

185 4776 481 4832 Christum.
517 4779 656 4835 Dicit
701 4780 942 4838 inclusus
978 4783 1208 4841 dmmoni
1231 4803 1252 4842 :
1294 4787 1424 4844 Sine
1460 4797 1518 4844 ut
1562 4807 1775 4848 mecum

186 4875 439 4923 tractem.
487 4867 545 4923 In
590 4869 892 4926 crastinum
949 4883 1132 4930 autem
1178 4878 1391 4934 nuntiat
1443 4880 1546 4936 hoc
1593 4883 1775 4938 abbati

184 4954 474 5013 Theodoro
503 4958 734 5028 Eliotte,
778 4961 872 5032 qui
899 4970 1026 5020 tunc
1053 4965 1333 5022 habitabat
1379 4968 1431 5024 in
1457 4969 1609 5025 laura
1636 4972 1776 5027 Pha-

184 5061 392 5101 rorum.
425 5047 496 5102 Et
521 5051 684 5116 venit,
713 5051 804 5107 cui
836 5053 1017 5108 omnia
1042 5054 1322 5112 indicavit.
1352 5057 1422 5114 At
1445 5075 1571 5116 vero
1609 5077 1774 5119 senex

180 5137 318 5196 dicit
344 5140 553 5196 incluso
578 5157 592 5196 :
619 5143 736 5209 Sic,
771 5143 933 5210 abba,
960 5145 1149 5204 illusus
1169 5164 1250 5215 es,
1276 5157 1334 5203 ut
1360 5150 1590 5208 daemoni
1610 5151 1772 5223 jura-

182 5232 315 5287 res'!
342 5230 721 5292 Verumtamen
753 5235 898 5291 bene
943 5235 1116 5293 fecisti
1159 5238 1261 5297 hoc
1290 5239 1492 5300 dicere.
1541 5243 1774 5315 Expedit

1129 5337 1204 5362 ’τ’
1235 5331 1286 5360 τ’*
1312 5328 1536 5380 "hilo"!
1565 5333 1666 5380 ista
1697 5335 1774 5378 In-

1863 1593 2053 1650 deiferi
2105 1594 2295 1650 Patres
2355 1596 2547 1661 nostri,
2599 1597 2993 1652 concerdantes
3036 1598 3089 1652 in
3139 1597 3456 1656 adorationc

1864 1699 2143 1739 sacrarum
2179 1685 2497 1755 imaginum.

1933 1774 2170 1830 Joannes
2205 1775 2691 1832 reverendissimus
2719 1777 3039 1841 monachus,
3069 1777 3353 1848 presbyter
3398 1785 3458 1832 et

1867 1865 2103 1921 vicarius
2131 1865 2490 1921 Orientalium
2518 1868 2857 1938 pontiﬁcum,
2890 1868 3025 1922 dixit
3051 1885 3065 1922 :
3109 1868 3173 1923 Et
3202 1869 3345 1924 aliud
3373 1869 3452 1924 si-

1785 1961 1833 2021 B
1861 1957 2084 2028 gnificat
2121 1973 2301 2012 sermo
2344 1958 2522 2014 Patris
2556 1959 2724 2014 nostri
2752 1960 3061 2030 Sophronii,
3090 1960 3216 2030 quia
3242 1959 3460 2030 expedit

1867 2050 1916 2102 ei
1957 2049 2046 2119 qui
2073 2049 2294 2119 juravit,
2325 2049 2496 2120 magis
2538 2054 2837 2121 perjurare,
2869 2067 3031 2120 quam
3079 2052 3301 2108 omnino
3339 2067 3457 2107 ser-

1868 2157 1995 2197 vare
2043 2143 2424 2212 jusjurandum
2472 2144 2530 2200 in
2596 2143 3019 2200 destructionem
3069 2143 3460 2200 venerabilium

1867 2233 2185 2304 imaginum.
2235 2232 2351 2289 Hoc
2393 2241 2571 2289 autem
2616 2234 2883 2301 dicimus,
2938 2235 3194 2305 quoniam
3241 2235 3459 2305 quidam

1870 2324 2029 2379 hodie
2053 2331 2314 2379 excusant
2338 2339 2396 2379 se
2427 2333 2647 2395 propter
2665 2324 3054 2393 jnramentum.

1941 2413 2202 2468 Tarasius
2223 2414 2602 2470 sanctissimus
2628 2415 2948 2485 patriarcha
2973 2415 3108 2470 dixit
3133 2431 3144 2468 :
3185 2414 3452 2481 Quoniam

1869 2505 2075 2560 sciebat
2095 2504 2393 2560 bonitatem
2407 2504 2524 2570 Dei,
2554 2506 2680 2574 quia
2701 2506 3023 2575 poenitentes
3057 2489 3303 2575 suscipit,
3330 2504 3452 2560 ideo

1869 2597 2135 2669 disposuit
2164 2597 2466 2669 transgredi
2513 2597 2735 2668 impium
2777 2597 3164 2666 juramentum.
3206 2598 3272 2652 Et
3316 2613 3461 2652 nunc

1866 2689 1960 2760 qui
1990 2689 2042 2743 in
2066 2689 2258 2744 haeresi
2282 2689 2383 2744 ista
2403 2687 2745 2756 iuraverunt,
2771 2689 2814 2743 si
2839 2689 3056 2758 quidem
3084 2688 3228 2741 aliud
3263 2702 3457 2758 pecca-

1872 2789 1984 2835 tum
2012 2795 2118 2834 non
2164 2780 2430 2845 fecerunt,
2469 2780 2805 2834 rationabilis
2831 2781 2911 2833 eis
2951 2788 3034 2834 est
3071 2778 3370 2843 excusatio,
3401 2787 3460 2834 et

1871 2885 1978 2924 non
1999 2871 2202 2925 habent
2225 2871 2368 2940 quod
2399 2871 2583 2925 dicant
2614 2888 2628 2923 :
2659 2885 2782 2936 nam
2823 2869 2869 2924 si
2898 2869 2949 2922 in
2989 2869 3095 2923 alia
3126 2877 3348 2939 peccata
3380 2869 3462 2922 in-

1866 2961 2081 3026 cidunt,
2112 2960 2312 3016 debent
2357 2961 2526 3015 Deum
2568 2959 2805 3030 placare,
2841 2969 2901 3014 et
2946 2959 3239 3015 obsecrare
3271 2959 3338 3013 de
3379 2971 3463 3015 rc-

1872 3049 2137 3104 missione
2164 3049 2334 3104 illiciti
2367 3049 2690 3120 juramenti.
3525 3120 3529 3123 1

1943 3141 2262 3196 Theodorus
2314 3141 2690 3197 sanctissimus
2731 3141 3020 3212 cpiscopus
3061 3139 3462 3198 Subritensium

1873 3233 2049 3288 dixit:
2079 3233 2338 3305 Princeps
2358 3234 2726 3305 apostolorum
2749 3234 2946 3290 Petrus
2968 3236 3202 3305 negavit,
3225 3237 3318 3291 sed
3341 3243 3465 3293 acta

1801 3315 1844 3375 C
1877 3326 2195 3397 pinnitcntia
2230 3336 2480 3396 receptus
2505 3335 2588 3380 est
2616 3325 2831 3397 (Matth.
2857 3325 3032 3397 xxvi).

1951 3419 2206 3474 Tarasius
2259 3419 2638 3474 sanctissimus
2660 3419 2974 3488 patriarcha
3016 3414 3192 3472 dixit:
3227 3419 3466 3474 derodes

1878 3529 1983 3568 non
2032 3512 2350 3583 perjuravit,
2400 3513 2497 3568 sed
2529 3511 2705 3582 periit.
2757 3511 2825 3564 At
2869 3526 3001 3565 vero
3026 3510 3219 3564 Petrus
3251 3510 3468 3580 negavit

1877 3619 1999 3658 cum
2017 3603 2327 3674 juramento
2350 3620 2364 3656 :
2389 3602 2582 3656 deinde
2603 3601 2748 3657 foras
2773 3615 3023 3670 egressus
3041 3609 3095 3655 et
3113 3600 3462 3672 Iacrymatus,

1876 3698 2057 3753 salvus
2085 3696 2258 3751 factus
2283 3704 2389 3750 est.
2437 3696 2608 3752 Omne
2653 3696 2850 3765 quippe
2891 3703 3172 3764 peccatum
3203 3693 3467 3765 benignus

1881 3790 2020 3842 Deus
2064 3787 2315 3858 ignoscit,
2361 3786 2406 3842 si
2436 3800 2501 3840 ex
2553 3793 2662 3840 tota
2706 3785 2890 3838 anima
2938 3784 3059 3853 quis
3083 3783 3464 3851 pcenitcntiam

1877 3878 2122 3951 gesserit.

1947 3971 2148 4024 Sancta
2195 3983 2434 4039 synodus
2478 3967 2654 4022 dixit:
2712 3965 2909 4030 Etiam,
2956 3964 3212 4030 Domine;
3261 3980 3340 4020 suc
3367 3979 3466 4021 nos

1877 4069 2064 4114 sancta
2089 4058 2373 4127 Scriptura
2395 4057 2570 4112 docet.

1949 4147 2206 4202 Tarasius
2256 4145 2632 4201 sanctissimus
2681 4142 2992 4214 patriarcha
3031 4142 3208 4197 dixit:
3252 4142 3469 4201 Piimus

1879 4239 2158 4309 theologia:
2200 4238 2471 4306 princeps,
2511 4242 2732 4290 sanctus
2769 4232 3018 4288 videlicet
3057 4230 3294 4288 Joannes
3338 4234 3462 4290 ait:

1881 4329 2018 4396 Nos,
2033 4327 2215 4399 ﬁlioli,
2233 4328 2282 4381 si
2301 4327 2612 4389 dixerimus,
2636 4323 2762 4395 quia
2780 4332 3046 4392 peccatum
3069 4337 3171 4374 non
3190 4322 3463 4389 habemus,

1878 4427 2152 4482 mendaces
2194 4442 2374 4480 sumus
2418 4425 2468 4495 (1
2498 4423 2660 4478 Joan.
2695 4427 2756 4493 ι).
2807 4421 2867 4476 Si
2923 4435 3053 4490 ergo
3094 4418 3464 4489 rogaret-imus

1877 4521 2046 4577 Deum
2081 4534 2180 4590 pro
2211 4517 2451 4587 peccatis
2481 4515 2697 4578 nostris,
2751 4513 3016 4583 propitius
3065 4509 3220 4565 nobis
3267 4509 3360 4574 sit,
3408 4515 3468 4561 et

1880 4609 2104 4664 dimittit
2129 4606 2323 4662 delicta
2352 4613 2558 4659 nostra.

1805 4670 1856 4730 Β
1952 4698 2286 4768 Nicephorus
2302 4693 2677 4750 sanctissimus
2693 4693 2978 4762 episcopus
2995 4689 3270 4762 Dyrrachii
3291 4689 3426 4744 dixit
3445 4705 3461 4741 :

1878 4790 2087 4845 Pavore
2145 4785 2314 4842 multo
2363 4785 2690 4849 detinemur,
2745 4781 2998 4850 Domine,
3057 4782 3182 4852 quia
3235 4777 3465 4848 plurima

1881 4880 2018 4938 mala
2047 4881 2276 4952 egimus,
2305 4887 2360 4934 et
2387 4876 2818 4947 compendiosam
2843 4871 3219 4943 paenitentiam
3244 4877 3300 4923 et
3338 4882 3467 4922 cou-

1879 4973 2169 5030 fessionem
2194 4983 2502 5040 precamur.

1950 5065 2061 5121 Leo
2079 5063 2450 5123 sanctissimus
2461 5061 2744 5132 episcopus
2766 5057 3001 5121 Phocizx:
3012 5055 3148 5118 dixit
3167 5071 3183 5107 ι
3206 5051 3478 5119 Scriptum

1874 5164 1981 5218 est,
2001 5158 2129 5226 quia
2141 5156 2509 5227 jurameulum
2533 5152 2761 5207 mendax
2780 5160 2847 5204 ne
2862 5145 3127 5232 diligatis
3139 5140 3319 5216 (lactt.
3331 5137 3448 5204 vui)
3465 5155 3482 5188 :

1877 5259 1932 5306 et
1980 5248 2143 5320 hujus
2188 5247 2267 5302 rei
2320 5244 2492 5315 gratia
2534 5242 2762 5298 mendax
2806 5237 3208 5308 iur-amentum
3255 5235 3490 5320 nostrum

1883 5339 2290 5378 ηαννῖωιιῖιιη·
2374 5344 2626 5372 Iona-Ion“
2685 5330 2886 5372 nullam
2971 5327 3351 5392 σ’ῃριίιιιιιῖηοω
3400 5318 3495 5350 “ni
