3924 5826
480 386 596 445 303

1644 380 2011 441 RNASTASII
2050 379 2597 440 BIBLIOTHECARII

3663 390 3756 446 3N

558 501 816 559 Tarasius
856 498 1228 556 sanctissimus
1268 497 1577 568 patriarcha
1607 497 1742 553 dixit
1770 516 1782 552 :
1812 496 1934 553 Jam
1964 509 2083 566 quas
2111 496 2161 557 Α
2188 495 2305 551 viro
2334 496 2611 567 ingerebat
2633 496 2864 552 labores.
2913 496 3014 565 Qui
3044 499 3351 555 consolatus
3377 508 3463 555 est
3487 496 3760 556 mulierem

470 595 557 650 ‘ad
588 593 643 648 id
685 593 981 663 pertinent,
1013 591 1157 646 dicta
1185 599 1331 646 sunt.
1366 588 1439 644 ‘Si
1470 589 1598 660 quid
1627 596 1808 644 autem
1845 588 2077 659 amplius

484 692 591 750 est,
645 681 698 737 in
729 681 834 736 alia
884 679 1284 736 examinatione
1326 679 1659 751 requiratur.
1706 678 1861 735 Nunc
1895 687 2074 734 autem

484 772 763 845 proposita
791 786 1172 843 exsequamur.

559 863 895 920 Theodosius
944 864 1054 919 Deo
1102 862 1353 918 amabilis
1404 861 1669 919 diaconus
1726 869 1782 919 et
1833 859 2077 916 notarius

472 950 617 1025 'iegit
640 970 655 1006 :
734 1024 737 1025 ν
1170 968 1173 971 ·

626 1062 711 1117 Ea:
733 1061 1004 1117 miraculis
1030 1070 1333 1116 sanctorum
1360 1060 1564 1116 Cosme:
1592 1070 1643 1115 et
1667 1059 1934 1115 Damiani.

558 1177 708 1233 Alius
734 1177 953 1247 quidam
983 1176 1067 1230 vir
1094 1175 1332 1232 clemens
1374 1175 1549 1241 valde,
1595 1174 1832 1231 ﬁstulam
1874 1175 2080 1230 habens

486 1271 542 1327 in
570 1270 795 1334 femore,
825 1278 881 1324 et
909 1269 1094 1325 multis
1131 1284 1264 1325 usus
1290 1270 1723 1334 medicamentis,
1755 1268 1831 1323 ita
1875 1275 1935 1322 ut
1960 1280 2080 1323 sese

474 1362 649 1416 etiam
680 1360 875 1431 gladiis
897 1360 1233 1416 medicorum
1260 1359 1522 1425 traderet,
1543 1371 1641 1429 per
1665 1372 1838 1413 annos
1861 1356 2082 1413 circiter

490 1453 803 1524 quindecim
846 1452 1085 1508 miseriis
1128 1450 1357 1507 aﬁlictus
1383 1460 1468 1505 est
1496 1450 1551 1505 in
1589 1449 1866 1520 passione,
1897 1463 1928 1503 a
1972 1463 2078 1520 qua

488 1555 781 1618 superatus
808 1544 1042 1617 amplius
1081 1545 1255 1599 crevit
1279 1543 1526 1613 languor,
1573 1540 1823 1611 quadrati
1852 1539 1967 1596 oris
1996 1538 2079 1596 ef-

487 1637 680 1701 fectus,
711 1644 764 1690 et
787 1632 1166 1706 superjacente
1188 1633 1471 1688 rheumate
1501 1631 1752 1702 fatigatus
1781 1647 1795 1685 :
1830 1628 2081 1699 frequen-

482 1736 570 1780 ter
624 1726 789 1782 etiam
844 1724 1090 1781 immisso
1146 1724 1363 1793 corpori
1415 1730 1544 1793 potu
1602 1721 1728 1777 inde
1779 1720 2080 1792 proﬂuente

470 1817 632 1890 .[Gr.,
660 1832 804 1887 amp.
828 1815 1330 1886 auxitlanguorem,
1355 1832 1410 1886 q.
1433 1830 1485 1869 ο.
1508 1813 1757 1871 effectum
1776 1822 1833 1869 et
1854 1814 2077 1869 rheuma

470 1911 629 1979 quod
681 1909 882 1975 inerat,
922 1905 1307 1978 emittentem],
1361 1905 1698 1977 medicisque
1747 1903 2074 1970 dicentibus,

462 2002 631 2072 .quod
656 2000 886 2072 languor
914 1998 988 2053 ita
1019 1998 1389 2054 dominaretur
1416 1997 1491 2062 ei,
1516 2004 1576 2050 ut
1615 2011 1722 2050 non
1752 2002 1937 2066 posset
1963 2008 2078 2049 ma-

470 2107 594 2147 .nus
640 2089 874 2146 hominis
922 2087 1175 2153 inveniri,
1226 2102 1349 2157 quae
1404 2086 1644 2155 passioni
1698 2084 2070 2139 auxiliaretur.

486 2181 800 2253 Postposuit
827 2178 973 2253 [Gr.,
1006 2178 1343 2253 Desperavit]
1366 2193 1497 2249 ergo
1521 2193 1581 2233 se
1610 2177 1713 2243 vir,
1742 2185 1800 2232 et
1820 2176 2027 2246 accepit
2047 2191 2078 2231 a

488 2273 676 2328 multis
715 2271 1024 2335 consilium,
1053 2274 1111 2324 ut
1140 2268 1209 2324 ad
1255 2280 1568 2325 sanctorum
1617 2268 1712 2323 Dei
1752 2265 2078 2323 famulorum

474 2366 699 2421 Cosmae
721 2374 778 2418 et
808 2364 1057 2419 Damiani
1101 2362 1499 2419 sanctiﬁcatam
1549 2368 1800 2430 pergeret
1836 2359 2077 2414 domum.

470 2457 560 2513 .Et
582 2472 704 2510 cum
740 2456 843 2510 h’oc
877 2454 1058 2509 facere
1079 2453 1590 2524 voluisset.(multas
1613 2451 1759 2505 enim
1798 2449 1961 2505 habet
1986 2464 2082 2504 vo-

489 2548 726 2602 luntates
756 2544 896 2618 [Gr.,
931 2545 1096 2599 multa
1123 2542 1372 2615 consilia]
1422 2540 1743 2612 necessitas)
1779 2539 1924 2596 videt
1950 2554 2082 2595 san-

464 2648 609 2695 .ctos
636 2637 689 2691 in
722 2636 927 2692 somnis
954 2634 1197 2690 dicentes
1225 2635 1327 2690 sibi
1359 2652 1371 2687 :
1415 2631 1548 2687 Veni
1591 2632 1804 2696 ad‘nos,
1844 2637 1900 2684 et
1924 2645 2085 2685 sana-

490 2730 658 2786 beris.
726 2728 949 2783 Fiducia
1020 2742 1151 2797 ergo
1217 2733 1437 2797 accepta
1494 2739 1594 2794 per
1650 2723 2082 2778 exhortationem

488 2830 829 2885 sanctorum,
859 2819 1108 2890 pervenit
1128 2816 1513 2888 adrgloriosam
1539 2829 1726 2871 eorum
1763 2815 2001 2879 domum;
2030 2822 2087 2868 et

486 2926 594 2981 per
623 2909 865 2980 singulos
898 2908 1015 2964 dies
1041 2921 1151 2962 non
1182 2907 1424 2962 cessavit
1463 2894 1775 2970 obsecrare,
1800 2912 1860 2959 ut
1886 2903 2087 2959 libera-

493 3011 648 3058 retur
671 3017 701 3056 a
728 3001 998 3072 passione.
1049 2999 1222 3055 Porro
1245 3014 1372 3056 cum
1418 2998 1802 3070 permansisset
1821 3012 1985 3062 anno,
2029 3005 2088 3052 et

468 3090 705 3147 «nullam
732 3089 1099 3145 visitationem
1127 3088 1319 3143 fuisset
1356 3088 1606 3158 adeptus,
1632 3087 1684 3141 in
1711 3085 1818 3141 ﬁne
1832 3099 2086 3156 egressus

495 3180 771 3247 liminare,
814 3179 959 3251 quod
983 3179 1282 3250 appositum
1313 3186 1433 3233 erat
1459 3177 1642 3232 domui
1673 3185 2005 3241 sanctorum,
2033 3182 2087 3229 et

497 3273 715 3328 intuens
744 3272 797 3326 in
831 3270 1122 3342 imaginem
1163 3268 1484 3336 Salvatoris,
1531 3284 1652 3340 qua:
1682 3270 1852 3339 posita
1884 3279 2002 3324 erat
2030 3268 2084 3322 in

464 3404 477 3431 ,ι
497 3363 792 3420 dexteriori
819 3363 1028 3434 purtiCu
1059 3361 1225 3434 (picta
1253 3377 1384 3419 vero
1413 3372 1531 3418 erat
1579 3364 1633 3417 in
1664 3377 1726 3417 ea
1759 3370 1864 3416 tam
1902 3371 2086 3417 sancta

497 3454 670 3510 Maria
710 3453 816 3510 Dei
869 3453 1148 3520 Genitrix,
1202 3469 1364 3525 quam
1418 3453 1590 3509 sancti
1645 3451 1832 3507 famuli
1887 3450 2088 3507 Christi

466 3546 726 3627 .Cosmas
768 3554 823 3601 et
860 3543 1182 3613 .Damianus,
1213 3556 1268 3600 et
1304 3544 1521 3615 quidam
1568 3558 1635 3599 ex
1684 3542 1896 3613 magnis
1935 3544 2085 3611 viris,

496 3638 758 3695 Leontius
805 3638 1044 3709 nomine)
1088 3636 1561 3708 deprecationibus
1617 3634 1773 3690 factis
1826 3635 2086 3706 prolixis,

498 3730 646 3786 flevit
679 3745 776 3801 per
811 3730 1005 3785 multas
1033 3731 1193 3787 horas
1222 3744 1437 3796 amare;
1462 3738 1625 3799 atque
1644 3728 1944 3784 obsecratis
1963 3744 2090 3783 san-

500 3822 625 3887 ctis,
650 3820 784 3876 abiit
809 3821 860 3874 in
885 3821 1059 3875 locum
1084 3820 1312 3875 cubiculi
1334 3821 1437 3874 sui.
1464 3820 1527 3874 Et
1552 3819 1745 3889 aspicit
1763 3835 1858 3889 per
1877 3830 2089 3873 noctein

486 3912 785 3967 ,venieutes
814 3911 878 3964 ad
911 3926 970 3966 se
997 3910 1225 3966 famulos
1263 3911 1464 3966 Christi
1512 3910 1761 3966 Cosmam
1787 3918 1843 3965 et
1878 3910 2091 3966 Damia-

500 4016 657 4068 num,
684 4001 918 4057 mediam
947 4001 1210 4056 habentes
1241 4001 1413 4071 gratia
1461 4000 1675 4069 plenam
1708 3999 2004 4070 Virginem,
2035 4009 2092 4055 et

480 4091 773 4147 .dicentem
805 4089 905 4145 sibi
938 4086 1079 4162 [Gr.,
1129 4090 1329 4163 ipsis]:
1367 4090 1508 4145 Ecce
1559 4091 1659 4145 iste
1688 4100 1793 4156 est,
1840 4089 2091 4161 adjuvate

478 4198 630 4237 tcum
661 4180 936 4237 velociter.

474 4298 775 4388 “Item'ipse
801 4315 921 4371 leait
944 4332 1008 4372 ea:
1024 4317 1215 4372 eisdem
1236 4317 1527 4372 miraculis.
1555 4293 1633 4371 De
1652 4332 1813 4372 more
1833 4313 2091 4371 Constan-

1066 4390 1161 4443 tini
1179 4388 1540 4444 Laodicensis.

572 4497 811 4569 Contigit
854 4476 1372 4569 quemdamvirum
1421 4498 1834 4563 ﬁdelissimum,
1883 4496 1975 4568 qui
2032 4496 2088 4552 in

2177 602 2362 653 suam,
2422 588 2650 643 multum
2701 587 2907 645 habens
2954 600 3261 647 sanctorum
3308 592 3759 661 experimentum.

2176 678 2346 735 Porro
2372 677 2589 746 oblitus,
2630 680 2755 751 quia
2802 682 3097 737 secundum
3132 682 3577 738 consuetudinem
3619 698 3763 739 suam

2176 784 2272 827 eos
2314 784 2499 827 secum
2545 770 2803 837 deferret,
2849 772 3067 828 diccbat
3094 772 3145 827 ei
3175 789 3191 827 :
3222 771 3360 841 Quid
3403 773 3500 829 tibi
3528 771 3765 828 faciam?

2170 861 2374 932 'hospes
2392 878 2532 918 sum.
2556 860 2613 918 Si
2635 863 2776 918 enim
2802 863 2855 918 in
2879 864 3100 920 civitate
3127 878 3245 919 mea
3272 864 3474 931 essem,
3498 878 3765 919 sumerem

2177 963 2415 1010 cerotem
2464 954 2805 1010 dominorum
2857 971 3102 1011 meorum
3146 954 3353 1012 Cosmus
3397 964 3453 1011 et
3501 954 3764 1017 Damiani,

2177 1052 2234 1099 et
2256 1044 2440 1100 statim
2466 1043 2682 1101 dolores
2719 1046 2792 1100 tui
2820 1048 3181 1116 quiescerent,
3209 1056 3263 1101 et
3289 1046 3586 1102 inﬁrmitas
3614 1061 3765 1115 cura-

2179 1136 2350 1192 rétur.
2381 1135 2512 1203 Qua:
2541 1152 2663 1191 eum
2692 1145 2837 1192 esset
2873 1136 3069 1204 ﬁdelis,
3101 1138 3169 1192 ad
3193 1147 3504 1195 sanctorum
3534 1138 3766 1193 celerem

2180 1228 2467 1281 sanitatem
2516 1225 2664 1300 [Gr.,
2694 1227 3054 1302 sanationem]
3106 1229 3372 1284 admirata
3413 1228 3627 1294 oravit,
3664 1243 3767 1298 quo

2179 1317 2340 1390 digna
2374 1319 2528 1375 ﬁeret
2556 1330 2680 1390 post
2717 1322 3083 1401 reversionem
3122 1338 3276 1378 suam
3315 1322 3368 1376 in
3409 1322 3644 1394 gloriosa
3673 1338 3764 1377 eo-

2181 1426 2301 1481 rum
2334 1420 2389 1466 et
2434 1410 2637 1466 famosa
2689 1412 2849 1468 do.no
2887 1413 3258 1468 adorationem
3303 1413 3545 1484 ipsorum
3598 1413 3762 1469 adire.

2182 1497 2316 1554 Nam
2345 1509 2401 1556 et
2443 1515 2508 1556 ex
2555 1501 2670 1559 solo
2694 1504 2879 1559 auditu
2907 1513 3229 1573 compuncta
3260 1518 3369 1575 pra:
3394 1516 3582 1557 amore
3610 1516 3762 1572 quem

2182 1590 2327 1646 circa
2354 1602 2573 1649 sanctos
2596 1593 2852 1660 habebat,
2888 1594 3177 1662 conticuit;
3222 1588 3519 1664 somnoque
3554 1593 3763 1649 detenta

2182 1692 2402 1751 postera
2431 1693 2591 1739 nocte
2618 1684 2812 1754 aspicit
2842 1700 3068 1756 magnos
3095 1686 3195 1740 hos
3222 1694 3279 1740 et
3308 1685 3581 1757 terribiles
3606 1686 3765 1740 medi-

2182 1788 2279 1829 cos
2307 1782 2363 1828 et
2408 1773 2638 1831 famulos
2666 1774 2866 1831 Christi
2891 1775 3140 1831 Cosmam
3185 1785 3241 1831 et
3264 1775 3588 1832 Damianum
3615 1777 3762 1833 sche-

2108 1851 2158 1912 Β
2186 1876 2332 1922 male
2356 1882 2463 1936 quo
2490 1876 2648 1923 erant
2674 1868 2890 1938 depicti,
2924 1878 3131 1925 stantes
3159 1869 3226 1924 ad
3257 1878 3485 1925 stratum
3516 1886 3695 1935 suum,
3713 1874 3768 1926 et

2186 1958 2429 2016 dicentes
2459 1959 2560 2015 sibi
2595 1977 2613 2015 :
2641 1953 2779 2027 Quid
2813 1961 3017 2015 habes?
3044 1962 3173 2031 quid
3199 1962 3412 2018 certas?
3447 1963 3579 2034 quid
3606 1964 3767 2018 tribuo

2180 2048 2410 2106 lationes
2443 2050 2609 2106 infers
2657 2051 2772 2106 viro
2802 2052 2930 2106 tuo?
2977 2053 3063 2108 hic
3092 2067 3279 2109 sumus
3308 2054 3610 2120 vobiscum,
3640 2053 3765 2109 nihil

2182 2140 2278 2196 tibi
2306 2156 2449 2196 cura:
2472 2142 2561 2196 sit.
2598 2140 2804 2209 Quibus
2829 2142 2895 2197 ad
2924 2156 3043 2197 eam
3074 2141 3235 2197 dictis
3262 2151 3629 2197 recesserunt.
3677 2141 3763 2196 llla

2180 2246 2311 2287 vero
2339 2232 2600 2302 evigilans
2647 2231 3015 2303 interrogabat
3059 2226 3345 2303 coniugem
3366 2248 3551 2299 suum,
3586 2233 3768 2289 scisci—

2186 2324 2287 2379 tari
2316 2324 2381 2379 ab
2403 2323 2475 2379 'eo
2502 2323 2694 2379 volens
2743 2324 2958 2379 habitus
2990 2324 3504 2394 gloriosissimorum
3555 2334 3767 2393 sancto-

2183 2427 2302 2466 rum
2332 2411 2541 2467 Cosmre
2567 2421 2621 2467 et
2650 2412 2916 2479 Damiani,
2949 2412 3033 2468 vel
3069 2412 3300 2482 qualiter
3327 2413 3695 2484 pingerentur,
3716 2420 3768 2469 et

2186 2506 2238 2559 in
2269 2519 2375 2574 quo
2399 2505 2588 2559 ordine
2628 2504 2867 2575 ipsorum
2895 2505 2962 2559 ad
2999 2503 3343 2560 inﬁrmitates
3371 2506 3529 2560 ﬁeret
3556 2504 3767 2561 exhibi-

2184 2594 2279 2649 tio.
2311 2594 2553 2665 Cumque
2579 2594 2805 2649 maritus
2826 2595 2875 2649 ci
2899 2594 3141 2650 habitum
3164 2594 3477 2660 indicasset,
3499 2604 3558 2649 et
3581 2610 3765 2650 eorum

2186 2686 2461 2741 schemata
2511 2684 2887 2758 [charismata]
2928 2676 3258 2752 enarrasset,
3316 2686 3404 2740 illa
3434 2685 3611 2740 eidem
3640 2700 3766 2755 con—

2180 2776 2292 2849 jugi
2322 2793 2419 2832 suo
2447 2794 2632 2832 eortnn
2679 2778 2865 2833 formis
2913 2777 3208 2847 expositis,
3249 2786 3304 2832 et
3336 2784 3531 2832 caetera
3559 2791 3769 2849 quoque

2152 2866 2157 2869 Α
2187 2870 2287 2924 sibi
2319 2884 2347 2923 a
2379 2870 2581 2925 sanctis
2616 2869 2669 2923 in
2700 2869 2815 2924 visu
2846 2868 2988 2923 dicta
3016 2864 3273 2923 narravit.
3315 2866 3582 2923 Caeterum
3613 2878 3668 2921 et
3692 2870 3769 2921 vir

2156 2956 2159 2961 ’
2188 2962 2242 3017 in
2277 2962 2709 3017 recordationem
2758 2977 2826 3015 ex
2859 2961 3170 3016 narratione
3204 2960 3460 3026 veniens,
3496 2960 3644 3030 quod
3676 2960 3769 3014 ha-

2188 3054 2338 3109 beret
2368 3055 2467 3109 sub
2518 3053 2679 3109 axilla
2718 3070 2812 3110 sua
2862 3063 3171 3110 sanctorum
3222 3054 3278 3110 in
3327 3054 3563 3126 imagine
3603 3067 3767 3124 parva

2189 3144 2438 3216 elﬁgiem,
2469 3142 2719 3200 eductam
2749 3146 2993 3217 protinus
3024 3146 3177 3201 uxori
3208 3145 3553 3201 monstravit.
3586 3145 3657 3199 At
3683 3144 3766 3197 illa

2114 3228 2158 3292 C
2190 3252 2310 3292 eum
2343 3236 2596 3304 vidisset,
2633 3251 2750 3291 eam
2779 3236 3045 3303 adoravit,
3072 3244 3127 3292 et
3156 3236 3435 3307 cegnovit,
3473 3235 3620 3305 quod
3646 3246 3770 3288 vere

2187 3344 2371 3383 secum
2420 3329 2618 3384 ibidem
2674 3330 2932 3399 degerent
2981 3327 3157 3384 sancti
3222 3330 3523 3384 secundum
3586 3340 3766 3381 vocem

2190 3423 2426 3491 ipsorum
2480 3419 2612 3494 [σν.
2664 3420 2789 3476 add.
2837 3429 2892 3476 et
2924 3420 3109 3476 statim
3160 3418 3387 3476 liberata
3436 3427 3522 3476 est
3573 3416 3766 3473 femina

2189 3512 2423 3586 morbo].
2742 3534 2752 3545 '
3422 3568 3425 3571 λ
3724 3576 3729 3581 .

2259 3600 2495 3656 Joannes
2523 3600 3005 3656 reverendissimus
3032 3600 3332 3672 presbyter,
3361 3607 3418 3654 et
3447 3597 3762 3660 monachus,

2190 3711 2254 3750 ac
2278 3696 2512 3750 vicarius
2539 3694 2890 3750 Orientalium
2913 3695 3244 3765 pontiﬁcum,
3276 3694 3410 3751 dixit
3436 3712 3455 3749 :
3485 3691 3766 3749 Ostensum

2184 3779 2347 3857 plane
2375 3788 2527 3856 nobis
2552 3794 2659 3850 est,
2686 3787 2809 3856 quia
2837 3795 2893 3840 et
2913 3801 3009 3856 per
3036 3785 3295 3857 imagines
3322 3792 3583 3855 apparent
3600 3780 3765 3839 sancti

2193 3879 2451 3933 miracula
2499 3876 2779 3932 facientes.
2831 3876 2937 3931 Per
2977 3877 3266 3949 imaginem
3308 3877 3463 3931 enim
3500 3872 3766 3930 manifesti

2191 3976 2319 4025 sunt
2344 3967 2577 4029 mulieri,
2610 3974 2867 4022 sanantes
2892 3980 3033 4021 eam.
3724 4023 3729 4027 ,

2261 4057 2451 4112 Manzo
2472 4056 2847 4111 sanctissimus
2869 4053 3587 4126 episcopusPracanenstum
3603 4050 3765 4107 dixit:

2191 4145 2483 4217 PostQuam
2522 4144 2721 4200 recessi
2768 4158 2912 4199 anno
2959 4143 3234 4215 praeterito
3268 4159 3300 4197 a
3339 4142 3490 4214 regia
3537 4140 3685 4203 urbe,
3715 4149 3770 4193 et

2192 4238 2312 4293 veni
2341 4238 2408 4292 ad
2437 4235 2686 4291 servilem
2711 4235 2982 4290 civitatem
3013 4243 3272 4301 vestram,
3299 4234 3353 4289 in
3379 4249 3485 4304 qua
3509 4233 3660 4304 dego,
3689 4233 3773 4284 in-

2195 4328 2505 4383 ﬁrmitatem
2555 4326 2759 4381 incurri
2807 4325 3158 4381 saavissimam
3183 4366 3198 4392 ,
3246 4325 3322 4380 ita
3350 4333 3411 4380 ut
3444 4324 3773 4395 propinquos

2192 4422 2506 4492 colligerem
2544 4420 2613 4476 ad
2662 4418 2966 4475 faciendum
3018 4428 3426 4475 testamentum.
3478 4417 3547 4472 Et
3590 4416 3641 4472 in
3686 4414 3775 4469 bis

2193 4512 2448 4585 languore
2478 4506 3075 4583 comprimente,attuli
3115 4510 3553 4581 augustissimam
3588 4506 3776 4576 imagi-

494 4592 699 4647 anilitia
734 4594 1109 4658 exercebatur,
1139 4592 1358 4647 nomine
1380 4590 1811 4657 Constantinum,
1838 4589 1931 4660 qui
1973 4587 2086 4660 glo-

2198 4575 2322 4663 ncm
2345 4575 2646 4661 Salvatoris
2673 4604 2840 4660 nostri
2870 4602 2996 4659 Jesu
3025 4575 3249 4668 Christi,
3273 4612 3327 4658 et
3347 4601 3458 4657 dixi
3489 4620 3503 4656 :
3529 4575 3773 4663 Domine,

506 4689 777 4745 riosorum
810 4698 1119 4744 sanctorum
1148 4688 1357 4743 Cosma:
1378 4688 1702 4743 et‘Damiani
1732 4687 2089 4758 patrocinium

508 4778 728 4834 sedulus
754 4778 1097 4848 implorabat,
1121 4779 1420 4848 profectum
1449 4776 1616 4835 fuisse
1658 4778 1726 4833 ab
1753 4779 1856 4834 hac
1875 4777 2093 4832 atnabili

506 4868 727 4924 Christo
766 4869 916 4939 regia
943 4869 1186 4934 civitate,
1218 4883 1382 4924 causa
1426 4868 1679 4937 iniuncta:
1724 4868 1827 4923 sibi
1866 4867 2090 4923 militia.

511 4960 617 5027 Qui
649 4961 700 5013 in
730 4976 1048 5031 unaquaque
1067 4960 1503 5030 peregrinatione
1528 4975 1645 5025 sua,
1675 4960 1854 5015 inﬁde
1882 4959 2093 5015 defere-

505 5048 853 5119 bateﬁlgiem
875 5059 1185 5106 sanctorum
1208 5052 1261 5105 in
1286 5066 1448 5123 parva
1474 5051 1707 5119 imagine
1733 5051 2095 5121 ad'proprium

514 5139 927 5193 munimentum.
957 5141 1104 5196 'Cnm
1135 5151 1314 5196 autem
1339 5140 1677 5212 pervenisset
1710 5141 1773 5194 ad
1796 5139 2095 5195 Laodicen-

514 5231 658 5284 sium
717 5229 1021 5295 civitatem,
1075 5246 1194 5300 qua:
1249 5231 1624 5301 cognominata
1680 5238 1762 5284 est
1809 5228 2098 5283 Trimetria

514 5314 664 5390 [Gr.,
696 5317 1030 5383 Tritnitaria,
1079 5335 1168 5373 seu
1211 5319 1551 5387 Tritnitatria,
1597 5319 1694 5384 aL,
1732 5317 2087 5391 Trimelaria],

496 5432 499 5437 ι
521 5409 705 5477 ibique
722 5415 960 5462 moratus
978 5418 1121 5463 esset
1138 5412 1419 5468 occasione
1435 5410 1707 5466 commissi
1729 5409 1829 5464 sibi
1847 5410 2100 5478 praecepti

492 5498 708 5568 aliquo
761 5506 1022 5568 tempore,
1076 5501 1290 5570 nuptias
1339 5502 1608 5572 legitimas
1665 5507 1945 5555 assecutus
1996 5510 2100 5555 est.

519 5586 724 5642 Paucis
748 5600 879 5640 vero
905 5585 1094 5641 diebus
1123 5591 1428 5656 transactis,
1457 5605 1596 5645 uxor
1619 5604 1740 5659 quae
1760 5589 1890 5645 huic
1930 5587 2104 5644 fuerat

520 5687 696 5748 .nupta
724 5676 995 5731 inﬁrmata
1027 5676 1080 5730 in
1107 5679 1321 5736 maxilla
1346 5695 1441 5736 sua
1470 5682 1714 5746 sinistra,
1738 5688 1795 5736 et
1827 5687 2103 5751 apostema

523 5766 757 5820 ωῖεηβ-
789 5780 853 5814 Μ
874 5780 907 5812 ³
931 5765 1202 5818 Moribus
1220 5771 1416 5818 aﬂrim
1438 5771 1658 5824 agitata.
1680 5786 1786 5822 non
1809 5769 2104 5820 medioeres

2197 4699 2287 4769 qui
2318 4697 2413 4752 das
2428 4696 2664 4768 gratiam
2707 4695 2909 4749 sanctis
2955 4694 3063 4751 tnis
3084 4735 3104 4761 ,
3139 4694 3300 4749 visita
3330 4708 3437 4748 me.
3475 4692 3544 4748 Et
3570 4707 3686 4747 mox
3718 4699 3780 4745 ut

2198 4786 2350 4855 posui
2401 4785 2645 4840 eamdem
2693 4783 2972 4839 colendam
3021 4782 3309 4861 imaginem
3370 4783 3424 4836 in
3480 4780 3776 4859 membrum

2198 4876 2340 4946 quod
2367 4875 2695 4946 patiebatur,
2734 4872 3019 4930 confestim
3049 4872 3304 4944 expulsus
3327 4882 3414 4928 est
3450 4871 3692 4942 languor,
3722 4877 3780 4924 et

2200 4966 2482 5019 restitutus
2509 4979 2627 5019 sum
2658 4978 2841 5017 sanus.
3399 5011 3405 5015 .

2272 5053 2581 5123 Exsurgens
2608 5060 2788 5105 autem
2822 5050 3143 5106 Theodorus
3169 5050 3551 5107 sanctissimus
3576 5049 3780 5121 episco-

2196 5158 2302 5213 pus
2347 5141 2609 5198 Seleucia:
2643 5141 2776 5195 dixit
2810 5142 2922 5196 :Et
2962 5141 3128 5196 nobis
3169 5141 3406 5197 innotuit
3450 5142 3590 5209 hoc;
3630 5140 3781 5211 juxta

2202 5245 2300 5285 nos
2327 5231 2471 5285 enim
2505 5236 2608 5285 est.

2272 5323 2405 5378 Item
2430 5320 2750 5377 Theodorus
2773 5318 2917 5392 [Gr.,
2941 5317 3567 5391 Theodosius]diaconus
3593 5330 3645 5375 et
3667 5332 3786 5373 mo-

2203 5415 2428 5478 nachus,
2458 5423 2514 5468 et
2539 5427 2788 5472 vasorum
2819 5420 3007 5468 custos
3031 5410 3419 5468 venerabilium
3451 5406 3788 5482 patriarcha-

2199 5504 2329 5560 lium
2356 5504 2738 5569 oratoriorutn,
2764 5503 2894 5574 legit
2924 5523 2936 5557 :
3016 5554 3019 5557 η
3254 5496 3255 5499 “

2205 5638 2290 5695 Ex
2312 5640 2504 5695 eisdem
2539 5638 2840 5712 miraculis,
2877 5638 2941 5693 de
2974 5637 3191 5693 muliere
3227 5637 3510 5693 tortiauem
3549 5636 3787 5693 habente.

2276 5771 2419 5810 “mm
2447 5768 2871 5820 sanientissimns
2896 5768 3115 5822 Paulus.
3145 5769 3393 5824 ettlnnina
3428 5778 3483 5823 et
3526 5766 3779 5823 ωλιῑειετ
