3980 6288
219 379 306 436 305

857 369 1410 427 INTERPRETATIO
1449 367 1697 424 SYNODI
1735 364 1823 422 VII
1860 364 2266 422 GENERALIS.
2303 395 2375 407 —
2407 363 2610 421 ACTIO
2646 363 2741 420 1V.

3325 367 3446 423 506

218 497 451 562 Erclesite,
479 494 688 572 clamat,
722 492 847 561 quia
894 506 1017 560 Spes
1054 507 1158 544 non
1201 487 1503 550 confundit,
1539 495 1594 541 et
1621 485 1749 556 quia
1777 487 1829 546 Α
1928 482 2130 539 Sancta
2181 481 2416 554 synodus
2464 480 2602 536 dixit
2643 493 2657 534 :
2699 478 2768 535 Et
2810 479 3094 550 oportebat
3144 480 3280 546 illos,
3334 481 3439 535 Do-

216 592 422 647 charitas
447 585 534 640 Dei
558 582 748 639 diffusa
773 593 856 638 est
879 583 932 637 in
953 581 1208 637 cordibus
1237 579 1436 634 nostris
1467 576 1646 648 (Rom.
1672 577 1748 644 ν).

1855 573 2025 640 mine,
2056 573 2157 645 legi
2185 590 2199 626 :
2233 573 2302 628 ad
2326 571 2615 628 utilitatem
2646 571 2790 628 enim
2819 570 3062 628 omnium
3086 578 3332 628 nostrum
3361 571 3442 625 al-

217 683 344 737 llauc
365 693 502 750 spem
529 674 808 746 possidens
842 688 946 727 una
980 672 1154 726 fidelis
1189 669 1403 733 mulier,
1433 677 1488 723 et
1521 684 1550 722 a
1594 666 1758 722 saevis
1833 664 1951 724 .lati
1977 674 2142 721 sunt:

216 769 578 829 inﬁrmitatibus
603 777 756 824 eruta
788 767 1000 821 diverso
1028 763 1188 818 modo
1218 778 1314 834 per
1339 762 1601 833 gloriosos
1629 774 1760 814 san-

216 879 312 922 ctos
337 864 566 920 Cosmam
592 871 647 916 et
677 861 1014 925 Damianum,
1048 861 1165 916 sine
1188 859 1455 914 oblivione
1481 871 1602 912 cum
1633 871 1756 925 gra-

217 960 381 1011 tiarum
411 955 617 1008 actione
651 952 882 1007 faciebat
917 967 1046 1022 erga
1078 950 1196 1006 illos
1242 948 1558 1004 memoriam
1579 987 1594 1012 ,
1636 961 1760 1002 cre-

216 1053 340 1106 brius
373 1051 434 1103 ad
467 1049 604 1102 hanc
637 1045 935 1100 mirabilem
986 1061 1174 1099 eorum
1218 1043 1436 1098 domum
1467 1040 1756 1104 accedens,

213 1153 259 1197 et
281 1143 492 1197 debitum
522 1139 744 1194 honoris
773 1138 852 1193 eis
884 1137 1194 1206 persolvens
1226 1151 1240 1190 :
1271 1144 1326 1191 et
1353 1143 1411 1190 ut
1439 1133 1764 1204 compendio

215 1235 390 1298 dicam,
435 1247 526 1302 per
570 1229 811 1300 singulos
858 1229 1012 1291 dies,
1058 1243 1283 1296 magnos
1314 1235 1370 1281 et
1414 1224 1763 1280 admirabiles

215 1335 400 1381 sanctos
423 1325 668 1380 Cosmam
699 1334 756 1380 et
781 1323 1100 1378 Damianum
1129 1322 1336 1376 habens
1363 1320 1416 1374 in
1447 1326 1626 1374 mente
1653 1331 1758 1372 non

214 1419 495 1482 sntiabalur,
524 1419 620 1474 sed
658 1419 712 1472 in
759 1416 905 1470 omni
936 1416 1142 1486 pariete
1169 1415 1362 1470 domus
1395 1429 1506 1467 sum
1535 1413 1634 1466 hos
1664 1410 1762 1465 de-

214 1512 470 1584 pingebat,
523 1510 845 1566 insatiabilis
892 1525 959 1564 ex
996 1508 1204 1563 visione
1259 1519 1447 1561 eorum
1503 1503 1762 1559 existens.

216 1600 344 1655 Unde
365 1608 416 1656 et
439 1615 501 1656 ex
556 1599 832 1655 eminente
859 1611 1042 1652 amore
1092 1611 1191 1652 suo
1235 1595 1340 1650 hoc
1387 1593 1576 1664 agebat
1620 1590 1762 1664 [Gr.,

214 1688 352 1760 egit]:
379 1696 429 1742 et
455 1702 616 1744 nemo
646 1687 949 1757 suspicetur
983 1686 1105 1750 hoc,
1136 1700 1170 1740 ο
1199 1684 1384 1740 fideles
1419 1682 1562 1755 [ϐω
1590 1683 1768 1736 incre—

1925 755 2142 823 Petrus,
2172 755 2656 813 reverendissrmus
2691 763 2864 813 rector
2896 769 2960 812 ac
3002 753 3248 813 notarius
3276 768 3446 819 vene-

1859 848 2046 905 rabilis
2069 847 2406 920 patriarcbii,
2435 847 2566 919 legit
2591 866 2610 904 :

1861 981 2047 1038 Sancti
2084 981 2360 1036 Athanasii
2395 998 2719 1054 exrsemonc
2747 992 2934 1054 quarto
2982 990 3163 1036 contra
3196 977 3464 1042 Ariona},

2379 1053 2532 1122 cujus
2561 1053 2770 1106 initium
2795 1063 2871 1107 est
2896 1066 2914 1105 :

1934 1165 2142 1232 Ariani,
2191 1173 2252 1222 ut
2291 1175 2540 1238 apparet,
2579 1167 2744 1223 semel
2785 1165 3166 1236 judicaverunt
3193 1168 3470 1238 praevari»

1864 1263 2076 1312 calores
2120 1255 2260 1312 fieri.
2309 1258 2378 1312 Et
2421 1267 2540 1328 post
2577 1258 2727 1312 alia:
2763 1257 2875 1313 lloc
2904 1267 2959 1312 et
3003 1274 3032 1311 a
3083 1259 3470 1329 paradigmate-

1865 1349 2118 1422 imaginis
2147 1350 2494 1420 imperatoris
2524 1351 2782 1406 attentius
2814 1347 3307 1419 quisconsiderare
3353 1365 3454 1418 po—

1865 1441 2013 1495 terit.
2044 1440 2099 1495 In
2127 1441 2361 1512 imagine
2380 1442 2579 1512 quippe
2607 1441 2950 1510 imperatoris
2972 1441 3180 1511 Species
3201 1451 3252 1494 et
3277 1439 3449 1494 forma

1865 1539 1950 1586 est
1975 1549 1988 1586 :
2023 1532 2076 1586 in
2109 1532 2438 1603 imperatore
2465 1547 2596 1588 vero
2623 1531 2810 1587 eadem
2841 1547 2961 1601 quae
2986 1532 3038 1586 iu
3070 1530 3304 1597 imagine
3331 1544 3478 1598 spem

1867 1623 1978 1679 cies
2004 1631 2106 1678 cst.
2151 1623 2349 1680 Parilis
2394 1634 2573 1678 autem
2619 1634 2702 1681 est
2747 1625 2803 1679 in
2841 1625 3075 1695 imagine
3111 1623 3457 1692 imperatoris

1863 1703 2212 1770 similitudo:
2248 1716 2317 1769 ita
2358 1724 2417 1770 ιιι
2447 1715 2541 1784 qui
2583 1715 2765 1770 videat
2809 1716 3120 1787 imaginem,
3162 1715 3214 1768 in
3247 1728 3310 1768 ea
3353 1714 3474 1767 itu--

213 1777 417 1901 dibile]|:
449 1779 570 1834 sine
596 1778 942 1901 accgsatioue
967 1765 1164 1901 quippe
1200 1788 1364 1901 διῇξεν
1393 1771 1767 1901 υιίΙίιειῑθΓειηί-
1793 1840 1841 1901 Β
2198 1765 2432 1871 ⁷
2451 1765 2762 1866 ‘ei'n'lgl'l;

213 1883 297 1901 ..ιω
341 1870 527 1901 ...ιη-υ.
585 1885 694 1901 ιιι-η
784 1883 888 1901 ηηη
944 1883 1054 1901 nm.
1081 1867 1192 1901 imp
1289 1882 1342 1901 ,υ
1424 1879 1614 1901 nonncn
1646 1875 1765 1901 innn
2489 1898 2502 1901 _
2535 1898 2549 1901 -
2577 1898 2587 1901 _
2686 1898 2697 1901 _
2855 1899 2865 1901 _
2902 1898 2912 1901 _
2986 1898 2997 1901 _
3133 1895 3146 1901 -
3379 1895 3413 1901 _

212 1883 297 1924 me
341 1870 527 1939 ubique
584 1869 730 1940 quod
784 1883 889 1924 non
944 1867 1192 1924 creditur
1240 1864 1386 1939 [Gr.,
1423 1863 1766 1919 accusatione

211 1959 380 2029 quippe
439 1958 602 2030 digna
649 1975 696 2014 s.
762 1974 820 2013 ιι.
893 1971 946 2011 a.
1019 1972 1077 2011 u.
1138 1953 1562 2026 incredulitas],
1627 1951 1778 2023 judi-

211 2057 360 2102 catur.
421 2047 575 2106 Hanc
649 2049 876 2120 contigit
943 2048 1304 2104 interioribus
1361 2046 1638 2102 doloribus
1706 2059 1772 2098 ac

213 2138 601 2196 inccssabilibus
643 2141 971 2195 infirmatam
1022 2140 1074 2194 in
1143 2140 1359 2211 prepria
1404 2139 1563 2194 domo
1622 2151 1778 2193 com-

210 2232 384 2300 primi,
446 2233 788 2303 volutarique
833 2233 886 2287 in
937 2233 1076 2288 lecto
1122 2233 1516 2290 indesinentem
1564 2231 1770 2286 haben-

213 2329 300 2376 tem
327 2323 596 2390 dolorem;
627 2335 680 2380 et
709 2340 809 2380 nec
837 2340 943 2380 una
971 2325 1155 2381 dilatio
1185 2325 1522 2382 cruciatuum
1559 2333 1678 2380 erat
1715 2323 1768 2377 in

209 2429 280 2469 ea.
320 2415 512 2472 Taliter
537 2425 722 2474 autem
753 2418 1050 2486 accidente,
1084 2418 1251 2475 solam
1283 2417 1509 2490 contigit
1534 2418 1675 2474 hanc
1704 2419 1769 2472 ad

212 2507 448 2563 modicum
485 2509 742 2564 inveniri.
790 2508 925 2564 Cum
979 2518 1158 2565 autem
1207 2494 1429 2564 vidisset
1467 2525 1525 2564 se
1558 2508 1773 2579 pericli-

213 2607 404 2663 tantem,
427 2609 602 2655 tracta
632 2601 908 2657 descendit
932 2603 998 2656 de
1029 2611 1222 2668 strato,
1246 2611 1301 2657 et
1328 2602 1772 2673 appropinquans

213 2683 329 2752 loco,
369 2687 419 2743 in
455 2704 570 2760 quo
605 2689 658 2744 in
692 2691 900 2760 pariete
943 2701 1100 2746 erant
1145 2691 1344 2762 depicti
1389 2690 1772 2762 sapientissimi

211 2779 360 2832 sancti
391 2779 500 2846 isti,
533 2779 646 2836 ﬁde
670 2796 766 2836 sua
795 2797 898 2852 pro
926 2781 1116 2837 baculo
1143 2791 1323 2849 utens,
1362 2791 1419 2838 et
1442 2782 1654 2852 erigens
1683 2795 1780 2836 se-

212 2870 486 2940 metipsam,
517 2873 849 2944 ungulisque
893 2889 1150 2930 manuum
1204 2891 1422 2931 suarum
1473 2877 1669 2930 radens
1707 2891 1776 2930 ex

211 2962 436 3019 unctione
479 2961 567 3035 [id
591 2973 687 3028 est,
719 2963 1047 3037 linimento],
1097 2981 1162 3021 ac
1205 2967 1431 3021 mittens
1471 2967 1522 3020 in
1557 2981 1774 3036 aquam,

210 3048 326 3105 bibit
362 3060 725 3124 temperatum
755 3072 770 3111 :
803 3064 859 3110 et
892 3057 1148 3111 continua
1182 3072 1313 3112 sana
1348 3056 1487 3111 facta
1519 3065 1641 3124 est,
1683 3059 1779 3111 do-

209 3139 390 3197 loribus
415 3145 506 3213 qui
536 3154 700 3199 erant
729 3145 780 3200 in
809 3145 921 3210 illa,
963 3148 1301 3202 cessantibus
1331 3155 1643 3202 sanctorum
1676 3147 1773 3201 ad-

211 3243 368 3289 ventu.
407 3235 544 3303 Quae.
564 3245 850 3308 postquam
883 3253 1013 3293 sana
1043 3239 1181 3293 facta
1210 3247 1313 3304 est,
1361 3239 1510 3295 venit
1551 3239 1602 3292 in
1633 3238 1776 3294 hanc

212 3336 438 3393 magnam
473 3325 721 3393 domum,
763 3329 966 3398 gratias
1019 3345 1188 3400 agens
1231 3329 1456 3384 Domino
1501 3329 1633 3393 Deo,
1682 3327 1776 3398 qui

213 3411 340 3468 dedit
367 3424 510 3470 tanta
539 3418 872 3473 charismata
897 3419 1100 3474 sanctis
1124 3420 1235 3474 suis
1265 3437 1277 3472 :
1311 3428 1365 3474 et
1395 3419 1639 3474 narravit
1663 3434 1780 3473 om-

211 3503 350 3561 nibus
376 3509 713 3563 curationem
742 3524 863 3580 qua:
897 3508 998 3565 sibi
1045 3508 1187 3564 facta
1226 3508 1404 3565 fuerat
1436 3525 1534 3580 per
1559 3517 1782 3566 sanctos

211 3591 257 3646 in
281 3593 580 3663 huiusmodi
609 3597 817 3653 habitu.

270 3682 519 3756 Symeon,
559 3689 1047 3745 reverendissimus
1092 3703 1392 3746 monacnus
1429 3698 1484 3745 et
1526 3699 1782 3760 negume-

211 3791 298 3833 nus
322 3782 578 3852 regionis,
609 3782 831 3837 tradidit
867 3781 1064 3838 librum
1092 3802 1105 3838 :
1135 3797 1297 3852 quem
1344 3783 1642 3852 suscipiens
1683 3781 1778 3838 Ni-

209 3874 313 3921 ccta
347 3867 456 3925 Deo
489 3871 746 3927 amabilis
773 3871 1034 3928 diaconus
1075 3881 1130 3928 et
1175 3873 1420 3928 notarius
1459 3871 1786 3929 venerabilis

211 3959 540 4023 patriarchici
571 3962 796 4028 secreti,
828 3961 958 4034 legit
984 3980 996 4016 :

239 4065 409 4126 Sancti
435 4069 624 4128 Patris
653 4073 820 4128 nostri
845 4073 1070 4128 Joannis
1099 4073 1458 4130 Clirusostomi
1485 4091 1654 4130 sermo
1688 4076 1744 4129 in

616 4092 624 4125 ς
653 4092 819 4128 nostri
845 4092 1070 4128 Joannis
1099 4092 1206 4129 urr
1243 4092 1354 4130 rost

616 4143 932 4198 lavationem
957 4145 1152 4215 quinta:
1188 4092 1354 4214 ferite.

253 4228 454 4288 -0mnia
499 4232 646 4290 facta
695 4243 822 4290 sunt
863 4245 1086 4306 propter
1132 4236 1358 4308 gloriam
1400 4237 1496 4293 Dei
1537 4245 1592 4292 et
1627 4253 1781 4294 usum

209 4331 456 4378 nostrum.
495 4323 682 4381 Nubes
709 4325 777 4381 ad
822 4325 1076 4382 imbrium
1124 4328 1507 4395 ministerium,
1540 4337 1682 4384 terra
1717 4327 1782 4381 ad

208 4407 462 4470 fructuum
506 4415 921 4482 abundantiam,
970 4432 1122 4474 mare
1169 4420 1236 4474 ad
1287 4427 1648 4475 mercatorum
1695 4435 1786 4475 co-

207 4500 356 4567 piam.
400 4506 599 4562 Omnia
645 4507 738 4562 tibi
783 4509 1116 4576 ministrant,
1171 4511 1280 4566 imo
1333 4520 1514 4566 autem
1564 4511 1782 4583 imagini

211 4592 310 4648 Dei.
334 4595 467 4653 Nam
493 4599 716 4678 quando
743 4600 1055 4672 imperiales
1075 4603 1419 4658 characteres
1442 4613 1496 4658 et
1524 4603 1784 4674 imagines

208 4680 552 4742 incivitatem
583 4688 1023 4758 introducuntur,
1060 4691 1275 4747 obviam
1315 4691 1539 4746 veniunt
1579 4691 1801 4760 princi--

209 4785 293 4840 pes
323 4784 378 4830 et
409 4778 610 4848 vulgus
643 4794 766 4834 cum
805 4780 1132 4843 laudatione,
1181 4795 1287 4836 non
1333 4780 1570 4835 tabulam
1616 4781 1786 4835 hono-

206 4875 396 4935 rantes,
419 4883 601 4941 neque
627 4870 901 4940 perfusam
923 4885 1048 4928 cera
1073 4873 1366 4942 picturam,
1394 4871 1486 4926 sed
1511 4871 1784 4926 characte-

209 4969 310 5010 rem
338 4958 727 5028 imperatoris:
758 4960 840 5016 sic.
865 4967 1114 5015 creatura
1165 4976 1269 5016 non
1316 4969 1591 5015 terrenum
1633 4961 1784 5016 habi-

145 5039 148 5042 ’
210 5051 332 5112 tum,
359 5051 456 5105 sed
483 5049 763 5106 calestem
790 5049 1018 5122 figuram
1047 5060 1356 5106 veneratur.

268 5135 527 5195 Tarasius
557 5141 932 5197 sanctissimus
961 5141 1269 5212 patriarcha
1301 5141 1436 5197 dixit
1464 5140 1660 5197 :-Libri
1690 5143 1798 5212 qui

207 5222 320 5282 lecti
355 5238 510 5296 sunt,
557 5230 624 5286 de
661 5231 860 5303 templo
895 5241 1208 5288 sanctorum
1235 5233 1554 5303 Anargyron
1579 5245 1603 5274 α
1636 5243 1781 5301 sunt,

207 5319 337 5384 quod
359 5330 449 5376 est
473 5320 532 5376 in
565 5321 824 5378 divinitus
846 5323 1223 5378 conservanda
1249 5323 1395 5394 regia
1425 5322 1577 5376 urbe.
1615 5323 1784 5378 porro

209 5405 405 5476 clerici,
431 5410 533 5480 qui
582 5409 705 5467 inde
733 5421 882 5479 sunt,
914 5412 1219 5468 detulerunt
1248 5427 1348 5468 eos
1368 5412 1444 5466 ad
1465 5427 1592 5478 nos,
1615 5422 1670 5466 et
1691 5412 1784 5466 ad-

201 5495 518 5563 juraverunt
566 5518 696 5570 nos,
742 5512 804 5559 ut
845 5503 1146 5575 legeremus
1191 5504 1313 5559 illos
1363 5505 1414 5558 in
1465 5512 1651 5558 sancta
1697 5519 1788 5575 sy-

207 5591 356 5647 nodo.

269 5713 292 5738 δ
330 5703 526 5782 ᾼηθδιε
569 5704 618 5760 in
647 5705 768 5782 cod.
798 5702 1026 5782 iolyano
1053 5722 1068 5761 :
1105 5702 1206 5782 SS_.
1239 5703 1454 5782 Cosmus
1485 5714 1530 5758 ct
1563 5703 1782 5782 Damia-

209 5785 306 5824 mts.
322 5776 448 5840 jure
489 5776 750 5846 Anargyri
789 5776 1063 5843 dicuntur,
1103 5776 1190 5844 qui
1221 5777 1412 5835 absque
1438 5787 1653 5844 arqcnto
1681 5777 1784 5831 sire

1815 4560 1864 4620 D

1871 1913 2007 1964 rem,
2039 1898 2505 1969 cognoscatquod
2535 1898 2625 1953 hic
2655 1898 2744 1964 sit,
2776 1899 2867 1968 qui
2900 1898 2954 1951 in
2985 1895 3221 1968 imagine
3243 1905 3349 1951 est.
3379 1895 3470 1949 De

1870 2005 1936 2046 eo
1961 2005 2112 2056 vero,
2161 1990 2286 2059 quia
2330 2005 2438 2045 non
2481 1997 2718 2045 mutetur
2755 1989 3072 2053 similitudo,
3113 1988 3312 2044 volenti
3346 2002 3470 2058 prae

1871 2081 2106 2152 imagine
2151 2079 2298 2160 [Gr.,
2340 2091 2387 2137 et
2447 2099 2544 2137 ms.
2591 2083 2701 2138 Jot.
2746 2092 2874 2154 post
2909 2081 3228 2159 imaginem]
3273 2082 3486 2137 videre-~

1871 2173 2294 2243 imperatorem,
2349 2173 2529 2243 imago
2575 2173 2775 2228 dixerit
2819 2190 2833 2227 :
2886 2173 2999 2244 Ego
3055 2181 3110 2227 et
3166 2173 3490 2241 imperator-

1871 2280 2039 2319 unum
2085 2280 2291 2321 sumus.
2339 2265 2452 2334 Ego
2483 2265 2626 2320 enim
2667 2266 2720 2319 in
2759 2265 2849 2319 illo
2880 2280 3018 2330 sum,
3057 2274 3112 2318 et
3140 2264 3229 2320 ille
3261 2265 3314 2320 in
3350 2280 3460 2318 me.

1871 2355 1939 2410 Et
1965 2356 2108 2426 quod
2137 2356 2337 2426 aspicis
2373 2357 2426 2410 in
2469 2371 2573 2418 me,
2613 2357 2664 2412 id
2696 2366 2752 2411 et
2795 2357 2848 2411 in
2893 2356 2984 2411 illo
3011 2357 3197 2412 vides:
3227 2363 3282 2410 et
3311 2356 3456 2424 quod
3483 2367 3492 2374 ‘

1874 2443 2103 2500 intuitus
2131 2454 2216 2501 est
2241 2446 2294 2500 in
2325 2445 2436 2510 illo,
2466 2445 2569 2501 hoc
2590 2445 2740 2500 vides
2769 2445 2820 2498 in
2853 2459 2958 2498 me.
2987 2443 3088 2509 Qui
3113 2459 3242 2513 ergo
3270 2443 3497 2498 adorat.-

1876 2535 2189 2608 itnaginem,
2231 2537 2284 2591 in
2322 2537 2436 2608 ipsa
2467 2538 2656 2592 adorat
2684 2538 3086 2607 imperatorem.
3131 2535 3277 2592 lllius
3315 2537 3494 2590 enim...

1875 2627 2050 2685 forma
2081 2637 2136 2682 et
2164 2629 2377 2698 species
2403 2637 2487 2682 est
2518 2629 2722 2698 imago.

1948 2720 2212 2775 Tarasius
2244 2721 2619 2775 sanctissimus
2661 2719 2971 2790 patriarcha
3009 2719 3181 2776 dixit:
3213 2718 3332 2788 Ipsa
3373 2732 3502 2773 re»

1879 2827 2000 2868 rum
2028 2821 2219 2868 natura
2249 2813 2430 2878 docet,
2450 2813 2575 2882 quia
2605 2812 2858 2884 imaginis
2884 2813 3059 2868 honor
3079 2812 3145 2867 ad
3168 2810 3500 2884 principales

1879 2901 2112 2958 refertur
2137 2916 2152 2956 :
2183 2902 2436 2958 similiter
2461 2911 2641 2957 autem
2671 2910 2727 2957 et
2753 2902 3156 2957 inhonorantia.
3183 2900 3342 2956 Pater
3368 2915 3498 2954 au--~

1881 3003 1989 3050 tem
2017 3012 2161 3050 nunc
2189 2997 2241 3050 in
2267 2995 2571 3066 exemplum
2601 3004 2830 3066 sumpsit
2857 3011 2979 3065 quae
3005 2995 3143 3051 lecta
3171 3002 3320 3050 sunt.

1953 3088 2286 3159 Epiphanius
2324 3090 2434 3144 Deo
2477 3088 2727 3143 amabilis
2771 3088 3030 3143 diaconus
3076 3087 3320 3142 ecclesitc
3364 3085 3484 3141 0³--

1803 3195 1848 3259 C
1882 3189 2043 3246 tante,
2071 3188 2127 3235 et
2153 3178 2330 3235 locum
2357 3179 2598 3235 retinens
2626 3178 2848 3234 Thomae
2883 3177 3318 3234 reverendissimi
3351 3177 3470 3247 epi-

1881 3268 2030 3339 sc0pi
2075 3266 2362 3336 Sardiniae,
2417 3269 2594 3324 dixit:
2637 3267 3013 3340 Paracligmata
3063 3268 3118 3323 in
3165 3267 3470 3323 manifestis

1880 3361 2240 3431 accipiuntur,
2271 3361 2728 3431 quemadmodum
2767 3368 2824 3416 et
2860 3359 3144 3430 deiloquus
3173 3359 3334 3414 Pater
3363 3358 3478 3412 im-

1879 3450 2147 3520 peratoris
2177 3450 2496 3521 imaginem.

1968 3538 2159 3596 Niceta
2230 3539 2715 3597 reverendissimus
2788 3540 3050 3596 diaconus
3111 3549 3184 3596 et-
3223 3537 3508 3594 notarius

1821 3615 1824 3624 ’
1883 3633 2011 3706 legit
2040 3651 2060 3688 :

1883 3745 2070 3822 Sancti
2100 3764 2286 3820 Basilii
2317 3766 2380 3820 de
2416 3766 2630 3836 triginta
2661 3765 2904 3836 capitulis
2942 3781 3009 3819 aa
3049 3762 3474 3836 Amphilochium»

1917 3836 2123 3906 scriptis
2149 3835 2213 3891 de
2237 3846 2419 3891 sancto
2449 3835 2672 3906 Spiritu,
2705 3835 2934 3905 capitulo
2961 3836 3161 3890 decimo
3191 3835 3429 3906 septimo.

1957 3967 2092 4036 Quia
2130 3983 2226 4024 rex
2256 3967 2455 4024 dicitur
2491 3976 2546 4022 et
2586 3967 2730 4036 regis
2758 3967 2957 4038 imago,
2993 3975 3048 4021 et
3078 3979 3184 4022 non
3212 3972 3337 4021 sunt
3364 3963 3502 4018 duo.

1884 4072 2062 4129 reges.
2091 4057 2225 4113 Nam
2255 4073 2431 4128 neque
2457 4057 2741 4128 imperium
2771 4057 3056 4122 scinditur,
3101 4069 3278 4125 neque
3301 4053 3474 4125 gloria

1887 4150 2162 4206 dividitur.
2206 4147 2404 4221 Sicque
2429 4149 2572 4204 enim
2601 4147 2937 4218 principatus
2961 4155 3166 4212 noster,
3195 4145 3290 4216 qui
3316 4144 3490 4199 nobis.

1887 4243 2135 4313 imperat,
2183 4249 2238 4296 et
2280 4248 2524 4312 potestas
2563 4255 2670 4295 una
2719 4247 2824 4305 est,
2871 4247 2926 4294 et
2966 4237 3084 4310 (Gr.
3117 4237 3245 4291 add.
3313 4237 3386 4290 ita
3417 4245 3476 4288 et

1887 4333 2003 4388 laus
2031 4347 2150 4404 qua:
2178 4348 2207 4387 a
2239 4331 2398 4388 nobis
2428 4331 2612 4395 datur,
2639 4345 2742 4384 una
2783 4338 2865 4384 est
2903 4326 2979 4399 et]
3017 4342 3122 4382 non
3163 4324 3364 4390 multa},
3405 4337 3474 4377 eo

1887 4427 2030 4496 quod
2059 4425 2310 4496 imaginis
2338 4423 2511 4478 honor
2539 4421 2604 4475 ad
2637 4419 2972 4490 primitivum
3006 4425 3271 4473 transeat.
3506 4419 3523 4486 ί

1960 4514 2196 4571 Joannes
2227 4511 2708 4568 reverendissimus
2739 4509 3024 4580 presbyter
3049 4515 3105 4562 et
3131 4506 3306 4562 locum
3345 4505 3477 4558 reti-

1893 4625 2028 4664 nens
2052 4606 2769 4677 Orientaliumpummorum
2791 4599 3320 4668 sacerdotum,rdixit
3345 4617 3358 4653 :
3395 4599 3480 4653 Li-

1892 4700 2048 4754 brum
2080 4700 2223 4754 hunc
2252 4711 2411 4768 quem
2444 4711 2557 4766 prae
2584 4692 3142 4759 manibushabemus,
3188 4690 3475 4747 nobiscum

1891 4789 2182 4845 detulimus
2208 4789 2277 4844 ab
2302 4787 2522 4844 Oriente
2540 4827 2556 4854 ,
2586 4794 2640 4841 et
2675 4785 2948 4857 poscimus
2977 4784 3220 4841 recitari.

1962 4882 2355 4938 Constantinus
2401 4879 2888 4936 reverendissimus
2929 4878 3192 4934 diaconus
3229 4883 3284 4932 et
3326 4883 3480 4931 nota.

1891 4972 2004 5028 rius
2032 4971 2160 5044 legit
2187 4991 2200 5026 :

1893 5102 2077 5157 Sancti
2098 5101 2290 5158 Basilii
2315 5119 2550 5158 sermone
2572 5109 2754 5156 contra
2779 5099 3126 5164 Sabellianos,
3152 5107 3200 5155 et
3223 5098 3480 5163 Arianos,

1925 5183 1972 5227 et
1995 5172 2338 5240 Anomaeosﬂ’
2368 5174 2422 5228 id
2473 5183 2546 5228 est
2571 5171 2872 5238 dissimiles,
2901 5171 3053 5240 cujus
3080 5172 3290 5226 initium
3317 5181 3393 5225 est
3424 5183 3441 5220 .'

1962 5308 2258 5380 lmpugnat-
2295 5309 2604 5365 Judaismus
2653 5307 3067 5380 paganismum,
3131 5315 3186 5362 ct
3246 5316 3475 5373 uterque

1891 5396 2384 5453 Christianismum.
2431 5398 2497 5452 Et
2538 5407 2658 5468 post
2707 5399 2808 5453 alia
2851 5417 2864 5453 :
2907 5397 3014 5453 Sed
3046 5396 3292 5452 veritatis
3333 5393 3470 5448 ratio

1891 5491 2164 5560 utrimque
2212 5490 2556 5546 adversantia
2610 5489 2824 5562 refugit.
2879 5488 2982 5545 Ubi
3033 5489 3176 5544 enim
3213 5501 3353 5540 unus
3391 5492 3503 5536 est

1889 5584 2226 5656 principatus
2256 5583 2395 5657 [Gr.,
2436 5600 2602 5639 unum
2638 5583 3009 5658 principium],
3048 5593 3104 5639 et
3131 5595 3294 5639 unum
3325 5580 3468 5649 quod
3499 5588 3504 5592 '

1888 5702 2108 5773 pecunia
2144 5701 2554 5773 medicabantur.

1961 5772 1988 5812 ι’
2029 5770 2142 5826 Hoc
2172 5771 2440 5841 glossema
2463 5772 2624 5828 abest
2646 5786 2674 5827 a
2705 5769 2822 5825 cod.
2853 5768 3108 5826 .lolvano.»
