3924 5358
443 383 557 447 ἴιιΰῗ

1613 375 1978 432 ANASTASII
2016 369 2559 433 BIBLIOTHECARH

451 519 518 558 ex
548 517 614 557 eo
642 508 758 565 est,
796 506 851 565 et
878 511 1044 551 unum
1071 492 1286 566 quidem
1313 501 1397 546 est
1422 488 1737 560 principale,
1771 503 1882 542 una
1907 499 2036 552 vero
2061 491 2112 548 Α
2209 482 2502 554 Gregorius
2532 482 2643 538 Deo
2678 481 2925 537 amabilis
2958 480 3216 535 diaconus
3249 479 3712 536 sanctis-simorum

449 591 535 650 est
570 593 777 661 imago,
820 585 1042 641 unitatis
1083 583 1222 639 ratio
1251 597 1355 637 non
1385 579 1775 648 corrumpitur;
1828 593 1924 646 pro
1968 591 2035 631 eo

451 683 596 756 quod
624 679 838 754 genitus
863 694 929 734 ex
961 675 1317 731 Patre'FiliUs
1354 675 1553 728 existat
1579 713 1592 737 ,
1623 681 1678 726 et
1713 668 2035 724 naturaliter

449 777 507 832 in
537 790 597 832 se
625 774 841 828 Patrem
872 771 1086 841 ﬁguret.
1127 766 1199 823 Ut
1237 766 1417 838 imago
1445 763 1660 834 quidem
1692 767 1797 826 est,
1831 763 2036 815 incom-

452 863 871 921 mutabilitatem
917 859 1116 915 habet:
1151 866 1212 913 ut
1247 865 1428 912 autem
1468 855 1743 926 genimen,
1781 853 2031 909 substan-

450 955 585 1010 tiam
614 968 776 1008 unam
807 951 1000 1007 salvat.
1034 948 1221 1020 Neque
1250 934 1397 1003 enim
1427 948 1516 1018 qui
1563 947 1616 1000 in
1657 944 1774 999 foro
1801 945 2036 1014 impera-

453 1051 606 1108 toria:
643 1047 863 1120 imagini
903 1045 1158 1112 intendit,
1207 1053 1262 1099 et
1311 1044 1689 1114 imperatorem
1735 1041 1867 1096 dicit
1906 1055 2032 1094 eum

449 1145 543 1216 qui
569 1145 622 1199 in
651 1142 830 1198 tabula
858 1149 961 1205 est,
993 1141 1128 1196 duos
1153 1138 1510 1208 imperatores
1538 1134 1852 1196 conﬁtetur,
1891 1133 2032 1186 ima-

451 1237 630 1307 ginem
658 1234 885 1298 scilicet,
915 1240 970 1288 et
1000 1231 1152 1302 cujus
1180 1239 1263 1285 est
1289 1230 1486 1300 imago.
1537 1226 1724 1296 Neque
1765 1225 1812 1281 si
1844 1234 2030 1280 osten-

449 1329 584 1385 dens
625 1325 860 1381 tabulam
911 1324 1131 1395 pictam,
1180 1321 1394 1382 dixerit,
1445 1320 1535 1374 hic
1583 1327 1667 1373 est
1715 1318 2030 1388 imperator,

445 1416 678 1488 privavit
724 1413 1023 1486 principale
1071 1410 1416 1483 imperatoris
1463 1408 1820 1481 appellatione
1846 1449 1863 1474 ,
1906 1422 2029 1462 cum

446 1508 625 1580 magis
659 1507 740 1562 illi
777 1507 1036 1562 honorem
1085 1503 1324 1561 stabiliat
1374 1518 1472 1575 per
1524 1500 1683 1571 hujus
1732 1499 2030 1558 confessio-

445 1617 595 1660 nem.

517 1693 755 1750 Joannes
782 1692 1268 1748 reverendissimus
1297 1701 1600 1762 prcsnyter,
1642 1689 1941 1745 monachus
1978 1696 2034 1742 et

447 1787 686 1846 vicarius
721 1784 1078 1841 Orientalium
1109 1783 1426 1854 pontiﬁcum
1447 1823 1462 1847 ,
1493 1783 1631 1837 dixit
1660 1799 1674 1836 :
1709 1779 2030 1852 Pseudosyl-

446 1879 627 1950 legum
658 1878 786 1934 illud
816 1877 1136 1941 susurravit,
1186 1877 1313 1947 quia
1357 1875 1448 1946 qui
1491 1875 1680 1929 adorat
1716 1873 2028 1942 imaginem,

447 1971 639 2026 dividit
664 1969 937 2025 Christum
975 1968 1026 2022 iu
1056 1966 1163 2022 duo
1195 1983 1211 2021 :
1240 1973 1297 2022 et
1339 1965 1432 2035 qui
1472 1965 1620 2023 videt
1655 1963 1939 2034 imagines,
1977 1970 2034 2018 et

447 2060 582 2118 dicit
605 2059 690 2116 vel
721 2057 1108 2130 superscribit,
1146 2058 1273 2128 quia
1303 2057 1393 2112 hic
1419 2065 1504 2111 est
1533 2055 1782 2111 Christus
1800 2096 1817 2120 ,
1845 2055 2034 2111 dividit

447 2151 723 2208 Christum
754 2169 769 2206 :
806 2151 948 2220 quod
983 2149 1361 2206 stultissimum
1391 2156 1497 2203 est.
1532 2147 1712 2202 Deifer
1741 2146 1884 2202 enim
1933 2147 2035 2200 Ba-

446 2240 620 2306 silius,
648 2249 833 2311 utpote
863 2241 1126 2296 luminare
1153 2249 1209 2294 et
1234 2239 1493 2310 magister
1515 2237 1754 2292 existens
1780 2236 2036 2291 Ecclesia:

445 2331 571 2398 Dei,
589 2340 643 2387 et
667 2330 871 2402 Spiritu
900 2339 1089 2386 sancto
1116 2330 1296 2384 divina
1327 2328 1596 2393 initiatus,
1620 2328 1716 2393 ait,
1745 2326 1870 2397 quia
1898 2326 2035 2380 ima-

447 2422 590 2493 ginis
618 2423 794 2478 honor
823 2422 894 2477 ad
921 2420 1252 2492 primitivum
1293 2418 1633 2491 pertransit:
1660 2427 1715 2473 et
1756 2417 1849 2488 qui
1895 2417 2033 2471 ima-

447 2513 560 2583 gini
587 2513 930 2583 imperatoris
961 2513 1211 2578 intendit,
1255 2511 1401 2567 videt
1437 2510 1494 2566 in
1522 2526 1585 2566 ea
1615 2509 2040 2580 imperatorem!

449 2604 543 2674 qui
574 2613 753 2660 autem
784 2603 971 2660 adorat
1001 2618 1122 2659 eam
1142 2643 1157 2669 ,
1194 2617 1301 2656 non
1333 2602 1470 2657 duos
1508 2601 1865 2672 imperatores
1900 2600 2039 2654 ado-

445 2706 534 2753 rat
559 2696 643 2752 vel
669 2696 836 2761 videt,
867 2697 961 2752 sed
991 2711 1156 2750 unum
1187 2695 1591 2765 imperatorem.
1627 2693 1772 2748 Dixit
1801 2707 2036 2762 namque
2064 2723 2066 2726 ν

447 2789 614 2846 Pater
639 2789 842 2857 lucide,
883 2789 1010 2859 quia
1059 2789 1357 2859 imperator
1381 2788 1582 2842 dicitur
1610 2796 1665 2843 et
1696 2783 2037 2856 imperatoris

447 2885 647 2955 imago,
687 2891 743 2938 et
771 2898 878 2940 non
908 2882 1019 2938 duo
1048 2882 1422 2952 imperatores.
1471 2881 1658 2951 Itaque
1705 2880 1798 2951 qui
1845 2881 2035 2935 adorat

448 2974 767 3044 imaginem,
797 2982 853 3030 et
881 2973 1031 3036 dicit,
1063 2974 1187 3044 quia
1220 2973 1307 3028 hic
1334 2980 1416 3028 est
1447 2971 1694 3027 Christus
1722 2971 1891 3026 Filius
1916 2970 2029 3034 Dei,

447 3080 557 3121 non
583 3073 792 3134 peccat.
820 3063 1161 3119 Manifestum
1187 3073 1364 3118 autem
1391 3072 1493 3128 est,
1522 3063 1646 3132 quia
1676 3061 1928 3117 Christus
1951 3071 2036 3116 est

446 3171 612 3210 verus
639 3154 733 3210 Dei
763 3153 953 3219 Filius,
978 3163 1032 3209 et
1056 3153 1201 3208 Patri
1233 3152 1509 3209 confessor
1532 3153 1584 3207 in
1615 3151 1792 3216 caelis,
1828 3159 1884 3206 et
1909 3165 2034 3206 cum

446 3245 669 3316 proprio
692 3259 923 3315 corpore
949 3259 1049 3300 suo
1076 3262 1090 3298 :
1120 3244 1212 3299 sed
1241 3261 1339 3315 per
1376 3243 1662 3313 imaginem
1702 3257 1826 3311 quae
1849 3243 1915 3297 de
1943 3257 2036 3298 co-

448 3335 822 3392 loribusl‘acta
852 3345 1020 3408 patet,
1058 3337 1322 3392 adorator
1348 3335 1630 3406 imperium
1661 3333 1798 3402 ejus,
1835 3343 1889 3389 et
1919 3334 2035 3404 glo-

448 3425 714 3492 riﬁcatur,
739 3436 798 3483 et
820 3427 876 3482 in
905 3428 1221 3496 memoriam
1251 3427 1500 3482 venimus
1524 3426 1691 3496 ipsius
1714 3425 2033 3496 praesentiae,

453 3534 559 3589 qua
593 3521 646 3576 in
688 3529 830 3576 terra
878 3531 1232 3577 conversatus
1279 3530 1380 3576 est.
1435 3519 1587 3576 Unde
1638 3530 1693 3574 et
1745 3519 1834 3574 hic
1877 3519 2039 3572 Pater

451 3613 691 3668 ostendit
722 3629 826 3668 non
867 3614 1001 3669 duas
1047 3613 1410 3676 adorationes,
1462 3613 1558 3668 sed
1603 3627 1764 3666 unam
1813 3625 1936 3667 esse
1983 3619 2038 3665 et

449 3703 705 3776 imaginis
733 3714 787 3760 et
819 3705 1154 3776 principalis,
1186 3705 1338 3775 cujus
1368 3705 1546 3774 imago
1575 3711 1677 3760 est.

523 3793 723 3850 Petrus
764 3804 819 3850 et
860 3795 1054 3851 Petrus
1084 3797 1198 3852 Deo
1227 3797 1487 3852 amabiles
1516 3795 1815 3867 presbyteri
1859 3809 1924 3849 ac
1959 3793 2039 3850 vi-

453 3885 587 3940 carii
638 3886 862 3941 Adriani
914 3901 1065 3956 papa:
1114 3887 1346 3949 senioris
1385 3887 1590 3953 Romae,
1642 3887 1938 3942 attulerunt
1975 3884 2042 3940 li-

452 3993 613 4036 brum
646 3999 660 4035 :
693 3996 852 4051 quem
885 3983 1155 4051 accipiens
1184 3982 1484 4037 Demetrius
1513 3983 1626 4036 Deo
1652 3979 1900 4036 amabilis
1925 3979 2038 4034 dia-

456 4086 644 4138 conus,
675 4085 730 4128 (ει
755 4089 1008 4128 vasorum
1040 4083 1224 4128 custos
1251 4073 1609 4129 sanctissima:
1635 4086 1842 4144 magna:
1868 4069 2040 4126 eccle-

455 4161 573 4229 siaz,
609 4162 738 4234 legit
768 4177 786 4217 :
1621 4171 1625 4174 λ

455 4271 640 4329 Sancti
669 4270 849 4329 Patris
880 4275 1045 4329 nostri
1079 4275 1270 4330 Basilii
1305 4293 1370 4330 ex
1403 4275 1620 4344 epistola
1657 4277 1725 4329 ad
1761 4274 2037 4331 lulianum

417 4393 433 4422 ι
1021 4355 1476 4417 transgressorent.

429 4429 433 4455 ξ
515 4433 834 4490 Secundum
887 4435 1288 4490 immaculatum
1349 4437 1507 4491 ﬁdem
1562 4436 2038 4505 Christianorum,

2136 585 2190 630 et
2219 575 2764 630 laudabilissimorum
2793 573 3159 644 apostolorum
3191 573 3317 642 legit
3342 591 3356 627 :

2075 766 2082 771 ,
2137 704 2447 760 Theodoreti
2487 705 2712 776 episcopi
2737 704 2894 776 Cypri
2923 705 2988 758 de
3038 704 3140 758 vita
3179 703 3456 773 Symeonis
3491 702 3712 773 Stylittc,

2677 775 2829 845 cujus
2854 775 3061 829 initium
3083 785 3185 829 est:

2171 937 2174 939 Α
2205 891 2464 963 Symeon,
2508 891 2599 959 qui
2634 889 2791 944 valde
2829 903 3082 960 magnum
3118 895 3236 943 erat
3277 888 3602 943 miraculum
3628 905 3717 943 or-

2131 984 2235 1039 bis.
2269 983 2335 1037 Et
2369 992 2492 1051 post
2521 981 2624 1036 alia
2653 1000 2669 1035 :
2697 982 2862 1035 Aiunt
2885 980 3043 1044 cnim.
3076 980 3220 1035 hunc
3247 980 3418 1034 virum
3450 979 3504 1033 in
3549 979 3721 1035 maxi-

2132 1089 2219 1130 ma
2250 1074 2422 1128 Roma
2445 1073 2868 1128 famosissimum
2898 1071 3084 1135 fuisse,
3110 1080 3171 1125 ut
3199 1071 3253 1125 in
3291 1071 3723 1140 onmibuserga-

2131 1167 2421 1222 steriorum
2463 1164 2668 1220 foribus
2721 1165 2904 1219 iconas
2932 1163 3030 1231 ipsi
3061 1164 3253 1217 breves
3295 1163 3600 1231 erigerent,
3637 1177 3726 1217 cn-

2133 1258 2364 1314 stodiam
2386 1255 2673 1327 quamdam
2731 1253 2838 1310 sibi
2883 1267 2949 1307 ex
2989 1253 3090 1307 hoc
3137 1261 3192 1306 et
3217 1252 3494 1306 munimen
3544 1250 3723 1320 acqui-

2130 1356 2332 1404 rentes.

2201 1439 2424 1510 Josepn,
2457 1438 2940 1494 reverendissimus
2969 1437 3265 1491 monachus
3284 1443 3339 1490 et
3379 1436 3724 1504 hegumenus

2132 1531 2448 1586 monasterii
2478 1527 2764 1593 Heraclize,
2795 1527 2971 1583 dixit:
3003 1526 3070 1581 Et
3105 1542 3206 1596 ego
3244 1534 3498 1594 peccator
3523 1522 3722 1577 librum

2132 1622 2250 1678 fero
2274 1622 2642 1677 continentem
2687 1620 2853 1674 vitam
2901 1619 3072 1674 sancti
3122 1615 3411 1689 Symeonis
3455 1612 3724 1670 Mirabilis

2135 1713 2356 1778 Montis,
2387 1721 2442 1767 et
2473 1720 2531 1765 ut
2553 1711 2776 1782 jubetis.

2208 1803 2409 1858 Sancta
2439 1801 2678 1874 synodus
2707 1801 2843 1856 dixit
2872 1816 2886 1854 :
2920 1799 3180 1869 Legatur.

2207 1895 2274 1951 Et
2302 1894 2576 1962 accipiens
2603 1891 2835 1947 Cosmus
2856 1889 2966 1946 Deo
2987 1888 3236 1944 amabilis
3259 1886 3526 1943 diaconus
3550 1893 3605 1942 et
3629 1900 3722 1942 cn-

2133 1985 2404 2042 bticle5ius
2429 1984 2557 2052 legit
2583 2002 2597 2038 :

2134 2141 2221 2196 Ea:
2275 2140 2391 2195 Vita
2443 2141 2610 2195 sancti
2671 2137 2848 2191 Putris
2899 2135 3064 2190 nostri
3126 2134 3400 2204 Symeonis
3462 2131 3718 2186 Mirabilis

2172 2219 2176 2222 ’
2209 2212 2425 2276 Montis,
2461 2209 2746 2281 capitulum
2785 2205 3416 2281 centesimum“decimum
3457 2211 3714 2281 octavam.

2205 2284 2281 2338 De
2310 2271 2506 2363 lamina
2525 2271 2664 2353 'qaa'
2695 2276 2975 2348 Blaesopoli
2999 2275 3190 2363 sterilis
3226 2284 3373 2363 erat;
3403 2271 3579 2363 valido
3606 2273 3708 2352 dce:-

2205 2343 2380 2408 manio
2405 2343 2582 2422 pressa
2609 2364 2631 2402 :
2675 2343 2946 2422 quwsana
2977 2357 3025 2400 et
3071 2345 3295 2415 fecunda
3337 2345 3503 2422 facta,

2205 2441 2322 2479 item
2340 2412 2474 2494 justi
2499 2412 2742 2494 imposuit
2770 2417 2909 2472 domi
2935 2412 3208 2487 sua:,qua:
3249 2412 3528 2486 magniﬁce
3562 2413 3721 2465 mira-

2206 2495 2324 2549 cuia
2341 2491 2692 2563 sperabatur.

2208 2628 2400 2684 Mulier
2421 2625 2666 2698 qundam
2697 2631 2818 2680 erat
2847 2621 3137 2692 Rhosopoli
3159 2619 3380 2685 Cilicize,
3411 2620 3716 2674 Theoteena

2135 2721 2303 2782 dicta,
2334 2733 2455 2787 qua:
2503 2713 2840 2770 habitaverat
2884 2727 3008 2767 cum
3038 2711 3156 2777 viro
3205 2709 3365 2764 attnis
3410 2709 3641 2778 viginti,
3668 2715 3722 2761 et

2135 2813 2305 2868 ﬁlium
2343 2826 2447 2866 non
2475 2807 2682 2864 habuit.
2714 2805 2955 2876 Contigit
2992 2813 3172 2859 autem
3200 2818 3320 2858 eam
3361 2801 3528 2858 etiam
3557 2815 3590 2853 a
3619 2800 3724 2854 da»

2135 2903 2318 2959 monio
2349 2918 2376 2954 a
2409 2899 2642 2972 pueritia
2692 2895 2914 2960 vexari,
2944 2903 3000 2950 et
3043 2893 3298 2949 mandere
3338 2891 3598 2960 linguam.
3632 2887 3726 2946 Vir.

2134 3006 2312 3051 autem
2365 2992 2484 3061 ejus
2531 2990 2668 3045 ultra
2702 3004 2807 3043 non
2861 2987 3050 3041 valens
3090 2983 3318 3040 sufferre
3360 2980 3728 3038 tribulationis

2133 3087 2251 3157 ejus
2288 3084 2626 3155 angustiam,
2657 3080 2864 3136 dimisit
2905 3079 3050 3133 illam
3097 3092 3128 3131 a
3180 3077 3341 3131 domo
3369 3091 3489 3139 sua,
3535 3083 3591 3130 et
3631 3087 3729 3142 per

2061 3194 2110 3256 ο
2138 3185 2370 3247 quatuor
2398 3188 2572 3229 annos
2604 3187 2728 3227 enm
2769 3168 2916 3224 nulla
2958 3177 3042 3223 est
3084 3166 3279 3223 femina
3329 3166 3594 3221 sociatus.
3637 3162 3730 3217 Illa

2135 3282 2265 3322 vero
2293 3267 2512 3320 invento
2540 3262 2797 3318 comitatu
2828 3258 3069 3330 confugit
3097 3257 3164 3312 ad
3195 3256 3426 3327 justum.
3463 3255 3606 3311 Cum
3632 3269 3729 3308 au-

2137 3367 2245 3414 tem
2275 3357 2498 3411 vidisset
2520 3370 2644 3411 eum
2677 3353 2907 3416 daemon,
2932 3351 3114 3406 statim
3143 3348 3385 3412 fremuit,
3426 3355 3480 3404 et
3511 3356 3730 3415 torque-

2135 3449 2296 3504 batur
2317 3462 2499 3503 coram
2529 3460 2613 3508 eo,
2637 3442 2826 3497 videns
2850 3455 2973 3495 cum
2997 3438 3224 3493 muliere
3244 3436 3583 3506 spiritualem
3610 3433 3728 3504 ejus

2138 3539 2452 3610 imaginem,
2481 3536 2754 3599 dicentem
2787 3533 3019 3587 humana
3050 3544 3184 3585 voce
3211 3545 3226 3582 ε
3265 3527 3547 3598 Separabo
3574 3535 3625 3581 te
3659 3524 3728 3578 ab

2137 3645 2222 3696 ea,
2254 3629 2484 3700 maligne
2513 3613 2568 3680 et
2615 3623 2891 3680 iuununde
2934 3621 3189 3691 spiritus,
3233 3628 3290 3674 et
3330 3627 3638 3674 revertetur
3660 3616 3726 3669 ad

2135 3722 2312 3776 virum
2342 3735 2524 3785 suum,
2551 3729 2606 3773 et
2635 3715 2898 3772 ellicietur
2925 3713 3000 3768 illi
3031 3727 3178 3768 anno
3195 3712 3448 3781 sequenti
3474 3725 3631 3781 puer.
3665 3709 3732 3763 Et

2137 3812 2357 3882 ejulavit
2381 3810 2704 3872 daemonium
2729 3807 2985 3864 ferociter
3005 3805 3384 3860 conturbatum
3417 3822 3433 3858 :
3461 3802 3513 3859 0
3535 3803 3730 3858 violen-

2139 3904 2210 3966 tia
2243 3902 2508 3957 adversus
2534 3901 2654 3956 me!
2687 3915 2796 3955 non
2826 3908 2909 3954 est
2941 3908 3093 3953 tuum
3122 3896 3454 3950 matrimonii
3502 3896 3729 3951 solutio-

2139 4008 2236 4050 nes
2265 3993 2518 4057 ellicere;
2561 3991 2751 4062 utquid
2781 3999 2961 4045 autem
2987 3997 3044 4044 et
3073 3987 3242 4042 ﬁlium
3271 3986 3354 4041 eis
3379 3987 3515 4053 das,
3551 4001 3678 4042 cum
3697 4002 3733 4040 a

2137 4099 2227 4140 me
2253 4083 2419 4137 ﬁlium
2455 4082 2678 4137 minime
2704 4078 2937 4136 fecerit?
2975 4078 3103 4148 quid
3149 4075 3276 4131 mali
3329 4075 3434 4130 feci
3483 4075 3622 4131 tibi?
3645 4073 3733 4133 vel

2137 4176 2265 4246 quid
2310 4174 2528 4245 peccavi
2575 4173 2629 4227 in
2675 4177 2970 4242 conspectu
3000 4179 3127 4233 tuo,
3174 4167 3298 4236 quia
3331 4179 3560 4236 separas
3589 4178 3732 4220 mea

2138 4265 2365 4321 muliere
2391 4263 2550 4320 mea?
2573 4263 2620 4320 si
2648 4277 2864 4319 servum
2894 4274 2984 4316 me
3017 4269 3433 4328 comparasses,
3457 4255 3631 4313 dares
3646 4268 3736 4310 mc

2139 4357 2370 4415 forsitan
2394 4367 2450 4413 et
2478 4357 2530 4412 in
2566 4355 2850 4412 servitium
2876 4351 3209 4409 hominibus.
3236 4349 3308 4405 At
3335 4365 3467 4405 vero
3497 4349 3733 4421 Symeon

2139 4449 2250 4504 ait:
2286 4449 2422 4516 Quia
2455 4447 2630 4503 malus
2655 4460 2847 4501 servus
2875 4459 2955 4511 es,
2986 4456 3315 4513 recognosce
3341 4440 3599 4510 teipsum,
3621 4454 3736 4495 ma-

456 4539 618 4594 quam
649 4525 906 4582 divinitus
934 4541 1121 4582 sumus
1159 4526 1358 4592 sortiti,
1399 4528 1658 4582 conlilcor
1694 4536 1745 4583 et
1785 4527 2036 4599 polliceor

2148 4541 2308 4614 ligne,
2331 4549 2385 4594 et
2409 4553 2570 4593 curre
2597 4539 2648 4592 in
2671 4535 2885 4592 ﬂamma
2909 4534 3052 4607 ignis
3070 4547 3323 4597 arsurus;
3339 4540 3396 4586 et
3411 4531 3495 4586 l'er
3512 4545 3730 4601 aquam,
3786 4557 3790 4561 ~

456 4617 680 4672 credere
742 4619 796 4673 in
861 4634 1026 4673 unum
1083 4618 1250 4673 Deum
1315 4619 1529 4674 Patrem
1591 4619 2036 4690 omnipotentem,

454 4707 626 4765 Deum
663 4709 902 4774 Patrem,
941 4710 1108 4766 Deum
1148 4710 1366 4775 Filium,
1409 4711 1576 4766 Deum
1617 4711 1875 4782 Spiritum
1914 4728 2038 4768 san-

459 4808 606 4856 etum
637 4819 652 4856 :
684 4818 850 4856 unum
881 4801 1049 4856 Deum
1081 4803 1184 4856 tria
1214 4804 1376 4857 adoro
1402 4812 1457 4857 et
1483 4803 1743 4873 gloriﬁco.
1768 4805 2042 4862 Conﬁteor

460 4899 641 4946 autem
672 4892 1009 4948 incarnatam
1052 4891 1172 4946 Filii
1219 4893 1696 4963 dispensationem,
1735 4904 1790 4950 et
1826 4895 1919 4951 Dei
1949 4912 2041 4968 ge-

458 4982 712 5038 nitricem
764 4991 1005 5037 sanetam
1055 4983 1315 5048 Mariam,
1373 5000 1494 5054 qua:
1552 4984 1698 5040 illum
1743 4987 2036 5042 secundum

462 5087 680 5126 carnem
713 5073 945 5132 peperit.
984 5073 1232 5126 Suscinio
1266 5083 1447 5122 autem
1486 5084 1535 5118 ρ(
1578 5084 1793 5126 sanctos
1828 5086 2042 5132 390510.

2141 4645 2196 4690 et
2225 4632 2416 4703 collige
2460 4630 2627 4702 ligna.
2660 4628 2727 4684 Et
2775 4628 2957 4683 statim
2995 4624 3159 4679 veluti
3201 4631 3400 4678 ventus
3446 4623 3655 4678 cursim
3684 4627 3735 4676 et

2140 4727 2493 4782 vehementer
2518 4721 2818 4779 incendens
2840 4720 3073 4782 daemon,
3101 4723 3154 4771 et
3183 4714 3380 4770 tollens
3419 4713 3476 4768 in
3507 4711 3736 4768 muliere

2143 4817 2456 4888 amphoram
2471 4828 2626 4884 aquae
2644 4811 2971 4874 minabatur;
2986 4817 3042 4864 et
3063 4805 3340 4877 impietam
3364 4804 3538 4869 illam,
3565 4801 3734 4859 etcol-

2142 4909 2280 4964 lecta
2293 4906 2360 4962 de
2373 4905 2506 4961 silva
2521 4904 2664 4975 ligna
2676 4901 2856 4957 attulit
2868 4899 3079 4955 ululans
3090 4908 3146 4952 et
3158 4897 3342 4952 dicens
3357 4909 3373 4948 :
3388 4893 3484 4948 γε
3498 4895 3738 4959 mihine

2149 4999 2280 5054 mihi
2310 4996 2451 5052 malo
2478 5009 2636 5051 servo
2657 4990 3010 5050 etinventori
3048 4986 3347 5051 malorum;
3381 4982 3512 5054 quid
3545 4995 3739 5054 passus

2150 5087 2304 5125 «ιι-καθ
2328 5083 2459 5110 κτη-
2667 5083 2697 5094 ··
3235 5091 3324 5111 *0
3360 5081 3592 5129 sanctus
3635 5071 3732 5144 Sy-
