  <div class='ocr_page' id='page_1' title='image "/cluster/home/n/w/nwhite01/storage/ocr_20150623/129/hvd.32044015471709/160.png"; bbox 0 0 3924 5560; ppageno 0'>
   <div class='ocr_carea' id='block_1_1' title="bbox 163 373 264 435">
    <p class='ocr_par' dir='ltr' id='par_1_1' title="bbox 163 373 264 435">
     <span class='ocr_line' id='line_1_1' title="bbox 163 373 264 435; baseline -0.01 -1"><span class='ocrx_word' id='word_1_1' title='bbox 163 373 264 435; x_wconf 65' lang='lat'><strong>309</strong></span> 
     </span>
    </p>
   </div>
   <div class='ocr_carea' id='block_1_2' title="bbox 835 375 1729 439">
    <p class='ocr_par' dir='ltr' id='par_1_2' title="bbox 835 380 1729 439">
     <span class='ocr_line' id='line_1_2' title="bbox 835 380 1729 439; baseline -0.004 -1"><span class='ocrx_word' id='word_1_2' title='bbox 835 382 1385 439; x_wconf 48' lang='lat' dir='ltr'><strong>INTERPRETA&#39;I‘IO</strong></span> <span class='ocrx_word' id='word_1_3' title='bbox 1425 380 1672 437; x_wconf 79' lang='lat' dir='ltr'><strong>SYNODI</strong></span> <span class='ocrx_word' id='word_1_4' title='bbox 1716 382 1729 416; x_wconf 83' lang='lat'><strong>‘</strong></span> 
     </span>
    </p>
   </div>
   <div class='ocr_carea' id='block_1_3' title="bbox 1834 375 2694 439">
    <p class='ocr_par' dir='ltr' id='par_1_3' title="bbox 1837 375 2694 437">
     <span class='ocr_line' id='line_1_3' title="bbox 1837 375 2694 437; baseline -0.001 -1"><span class='ocrx_word' id='word_1_5' title='bbox 1837 375 2241 436; x_wconf 66' lang='lat' dir='ltr'><strong>(ilSNlillAldS.</strong></span> <span class='ocrx_word' id='word_1_6' title='bbox 2272 411 2341 420; x_wconf 88' lang='lat'><strong>-—</strong></span> <span class='ocrx_word' id='word_1_7' title='bbox 2375 381 2578 437; x_wconf 73' lang='lat' dir='ltr'><strong>ACTIO</strong></span> <span class='ocrx_word' id='word_1_8' title='bbox 2613 379 2694 435; x_wconf 80' lang='lat' dir='ltr'><strong>IV.</strong></span> 
     </span>
    </p>
   </div>
   <div class='ocr_carea' id='block_1_4' title="bbox 3319 380 3432 436">
    <p class='ocr_par' dir='ltr' id='par_1_4' title="bbox 3319 380 3432 436">
     <span class='ocr_line' id='line_1_4' title="bbox 3319 380 3432 436; baseline 0 0"><span class='ocrx_word' id='word_1_9' title='bbox 3319 380 3432 436; x_wconf 71' lang='grc' dir='ltr'><strong>τη</strong></span> 
     </span>
    </p>
   </div>
   <div class='ocr_carea' id='block_1_5' title="bbox 171 489 3434 563">
    <p class='ocr_par' dir='ltr' id='par_1_5' title="bbox 171 489 3434 563">
     <span class='ocr_line' id='line_1_5' title="bbox 171 489 3434 563; baseline 0.002 -20"><span class='ocrx_word' id='word_1_10' title='bbox 171 489 332 551; x_wconf 76' lang='lat' dir='ltr'><strong>Vade,</strong></span> <span class='ocrx_word' id='word_1_11' title='bbox 362 489 582 554; x_wconf 88' lang='lat' dir='ltr'><strong>mulier,</strong></span> <span class='ocrx_word' id='word_1_12' title='bbox 607 490 658 546; x_wconf 92' lang='lat' dir='ltr'><strong>in</strong></span> <span class='ocrx_word' id='word_1_13' title='bbox 679 489 892 546; x_wconf 90' lang='lat' dir='ltr'><strong>domum</strong></span> <span class='ocrx_word' id='word_1_14' title='bbox 921 500 1086 555; x_wconf 84' lang='lat' dir='ltr'><strong>tuam,</strong></span> <span class='ocrx_word' id='word_1_15' title='bbox 1112 499 1167 546; x_wconf 92' lang='lat' dir='ltr'><strong>et</strong></span> <span class='ocrx_word' id='word_1_16' title='bbox 1188 491 1438 546; x_wconf 90' lang='lat' dir='ltr'><strong>eohabita</strong></span> <span class='ocrx_word' id='word_1_17' title='bbox 1461 505 1585 546; x_wconf 91' lang='lat' dir='ltr'><strong>eum</strong></span> <span class='ocrx_word' id='word_1_18' title='bbox 1621 489 1739 544; x_wconf 82' lang='lat' dir='ltr'><strong>viro</strong></span> <span class='ocrx_word' id='word_1_19' title='bbox 1767 497 1814 552; x_wconf 79' lang='grc' dir='ltr'><strong>Α</strong></span> <span class='ocrx_word' id='word_1_20' title='bbox 1843 491 1907 544; x_wconf 91' lang='lat' dir='ltr'><strong>ad</strong></span> <span class='ocrx_word' id='word_1_21' title='bbox 1937 491 2036 545; x_wconf 91' lang='lat' dir='ltr'><strong>hoc</strong></span> <span class='ocrx_word' id='word_1_22' title='bbox 2061 510 2073 544; x_wconf 93' lang='lat'><strong>:</strong></span> <span class='ocrx_word' id='word_1_23' title='bbox 2104 501 2158 547; x_wconf 91' lang='lat' dir='ltr'><strong>et</strong></span> <span class='ocrx_word' id='word_1_24' title='bbox 2187 509 2308 546; x_wconf 89' lang='lat' dir='ltr'><strong>cum</strong></span> <span class='ocrx_word' id='word_1_25' title='bbox 2337 493 2669 547; x_wconf 82' lang='lat' dir='ltr'><strong>extendisset</strong></span> <span class='ocrx_word' id='word_1_26' title='bbox 2703 501 2757 547; x_wconf 89' lang='lat' dir='ltr'><strong>et</strong></span> <span class='ocrx_word' id='word_1_27' title='bbox 2787 493 2900 562; x_wconf 88' lang='lat' dir='ltr'><strong>ipse</strong></span> <span class='ocrx_word' id='word_1_28' title='bbox 2940 507 3151 558; x_wconf 89' lang='lat' dir='ltr'><strong>manus,</strong></span> <span class='ocrx_word' id='word_1_29' title='bbox 3183 501 3240 546; x_wconf 89' lang='lat' dir='ltr'><strong>ut</strong></span> <span class='ocrx_word' id='word_1_30' title='bbox 3269 494 3434 563; x_wconf 57' lang='lat' dir='ltr'><strong>cjiees‘</strong></span> 
     </span>
    </p>
   </div>
   <div class='ocr_carea' id='block_1_6' title="bbox 167 578 1745 650">
    <p class='ocr_par' dir='ltr' id='par_1_6' title="bbox 167 578 1745 650">
     <span class='ocr_line' id='line_1_6' title="bbox 167 578 1745 650; baseline 0.001 -18"><span class='ocrx_word' id='word_1_31' title='bbox 167 590 272 632; x_wconf 88' lang='lat' dir='ltr'><strong>tuo.</strong></span> <span class='ocrx_word' id='word_1_32' title='bbox 300 578 443 634; x_wconf 84' lang='lat' dir='ltr'><strong>Ecce</strong></span> <span class='ocrx_word' id='word_1_33' title='bbox 468 581 614 635; x_wconf 90' lang='lat' dir='ltr'><strong>enim</strong></span> <span class='ocrx_word' id='word_1_34' title='bbox 639 581 831 635; x_wconf 89' lang='lat' dir='ltr'><strong>direxit</strong></span> <span class='ocrx_word' id='word_1_35' title='bbox 855 581 1112 637; x_wconf 85' lang='lat' dir='ltr'><strong>Dominus</strong></span> <span class='ocrx_word' id='word_1_36' title='bbox 1140 598 1235 636; x_wconf 91' lang='lat' dir='ltr'><strong>cor</strong></span> <span class='ocrx_word' id='word_1_37' title='bbox 1254 582 1393 650; x_wconf 84' lang='lat' dir='ltr'><strong>ejus,</strong></span> <span class='ocrx_word' id='word_1_38' title='bbox 1434 590 1491 635; x_wconf 91' lang='lat' dir='ltr'><strong>ut</strong></span> <span class='ocrx_word' id='word_1_39' title='bbox 1519 581 1745 650; x_wconf 74' lang='lat' dir='ltr'><strong>recipiat</strong></span> 
     </span>
    </p>
   </div>
   <div class='ocr_carea' id='block_1_7' title="bbox 166 670 1742 740">
    <p class='ocr_par' dir='ltr' id='par_1_7' title="bbox 166 670 1742 740">
     <span class='ocr_line' id='line_1_7' title="bbox 166 670 1742 740; baseline 0.003 -20"><span class='ocrx_word' id='word_1_40' title='bbox 166 676 355 720; x_wconf 91' lang='lat' dir='ltr'><strong>tecum</strong></span> <span class='ocrx_word' id='word_1_41' title='bbox 381 670 580 738; x_wconf 88' lang='lat' dir='ltr'><strong>gaudio</strong></span> <span class='ocrx_word' id='word_1_42' title='bbox 601 684 828 739; x_wconf 84' lang='lat' dir='ltr'><strong>magno:</strong></span> <span class='ocrx_word' id='word_1_43' title='bbox 866 671 1007 740; x_wconf 93' lang='lat' dir='ltr'><strong>quod</strong></span> <span class='ocrx_word' id='word_1_44' title='bbox 1041 679 1098 725; x_wconf 91' lang='lat' dir='ltr'><strong>et</strong></span> <span class='ocrx_word' id='word_1_45' title='bbox 1125 670 1323 726; x_wconf 87' lang='lat' dir='ltr'><strong>factum</strong></span> <span class='ocrx_word' id='word_1_46' title='bbox 1363 679 1464 726; x_wconf 91' lang='lat' dir='ltr'><strong>est.</strong></span> <span class='ocrx_word' id='word_1_47' title='bbox 1498 670 1742 740; x_wconf 84' lang='lat' dir='ltr'><strong>Cumque</strong></span> 
     </span>
    </p>
   </div>
   <div class='ocr_carea' id='block_1_8' title="bbox 164 755 1744 824">
    <p class='ocr_par' dir='ltr' id='par_1_8' title="bbox 164 755 1744 824">
     <span class='ocr_line' id='line_1_8' title="bbox 164 755 1744 824; baseline 0.004 -15"><span class='ocrx_word' id='word_1_48' title='bbox 164 755 247 809; x_wconf 88' lang='lat' dir='ltr'><strong>illa</strong></span> <span class='ocrx_word' id='word_1_49' title='bbox 279 772 498 814; x_wconf 86' lang='lat' dir='ltr'><strong>reversa</strong></span> <span class='ocrx_word' id='word_1_50' title='bbox 548 758 769 824; x_wconf 89' lang='lat' dir='ltr'><strong>fuisset,</strong></span> <span class='ocrx_word' id='word_1_51' title='bbox 813 763 995 818; x_wconf 77' lang='lat' dir='ltr'><strong>statim</strong></span> <span class='ocrx_word' id='word_1_52' title='bbox 1044 772 1250 818; x_wconf 89' lang='lat' dir='ltr'><strong>rectum</strong></span> <span class='ocrx_word' id='word_1_53' title='bbox 1290 761 1488 816; x_wconf 83' lang='lat' dir='ltr'><strong>factum</strong></span> <span class='ocrx_word' id='word_1_54' title='bbox 1519 770 1604 816; x_wconf 89' lang='lat' dir='ltr'><strong>est</strong></span> <span class='ocrx_word' id='word_1_55' title='bbox 1648 777 1744 815; x_wconf 92' lang='lat' dir='ltr'><strong>cor</strong></span> 
     </span>
    </p>
   </div>
   <div class='ocr_carea' id='block_1_9' title="bbox 161 849 1742 925">
    <p class='ocr_par' dir='ltr' id='par_1_9' title="bbox 161 849 1742 925">
     <span class='ocr_line' id='line_1_9' title="bbox 161 849 1742 925; baseline 0.004 -24"><span class='ocrx_word' id='word_1_56' title='bbox 161 849 257 902; x_wconf 90' lang='lat' dir='ltr'><strong>viri</strong></span> <span class='ocrx_word' id='word_1_57' title='bbox 289 850 374 904; x_wconf 90' lang='lat' dir='ltr'><strong>sui</strong></span> <span class='ocrx_word' id='word_1_58' title='bbox 404 851 473 904; x_wconf 88' lang='lat' dir='ltr'><strong>ad</strong></span> <span class='ocrx_word' id='word_1_59' title='bbox 504 853 832 924; x_wconf 88' lang='lat' dir='ltr'><strong>diligendum</strong></span> <span class='ocrx_word' id='word_1_60' title='bbox 860 871 979 909; x_wconf 90' lang='lat' dir='ltr'><strong>eam</strong></span> <span class='ocrx_word' id='word_1_61' title='bbox 1011 873 1024 908; x_wconf 89' lang='lat'><strong>:</strong></span> <span class='ocrx_word' id='word_1_62' title='bbox 1070 864 1124 910; x_wconf 94' lang='lat' dir='ltr'><strong>et</strong></span> <span class='ocrx_word' id='word_1_63' title='bbox 1156 856 1431 925; x_wconf 78' lang='lat' dir='ltr'><strong>ingressus</strong></span> <span class='ocrx_word' id='word_1_64' title='bbox 1456 859 1540 909; x_wconf 86' lang='lat' dir='ltr'><strong>e&#39;st</strong></span> <span class='ocrx_word' id='word_1_65' title='bbox 1569 855 1633 908; x_wconf 88' lang='lat' dir='ltr'><strong>ad</strong></span> <span class='ocrx_word' id='word_1_66' title='bbox 1681 854 1742 908; x_wconf 88' lang='lat' dir='ltr'><strong>il-</strong></span> 
     </span>
    </p>
   </div>
   <div class='ocr_carea' id='block_1_10' title="bbox 161 935 1742 1014">
    <p class='ocr_par' dir='ltr' id='par_1_10' title="bbox 161 935 1742 1014">
     <span class='ocr_line' id='line_1_10' title="bbox 161 935 1742 1014; baseline 0.008 -26"><span class='ocrx_word' id='word_1_67' title='bbox 161 935 282 1001; x_wconf 80' lang='lat' dir='ltr'><strong>lam,</strong></span> <span class='ocrx_word' id='word_1_68' title='bbox 312 947 370 992; x_wconf 91' lang='lat' dir='ltr'><strong>et</strong></span> <span class='ocrx_word' id='word_1_69' title='bbox 417 941 707 997; x_wconf 71' lang='lat' dir='ltr'><strong>confestim</strong></span> <span class='ocrx_word' id='word_1_70' title='bbox 739 947 988 1014; x_wconf 74' lang='lat' dir='ltr'><strong>concepit</strong></span> <span class='ocrx_word' id='word_1_71' title='bbox 1013 945 1080 999; x_wconf 73' lang='lat' dir='ltr'><strong>&#39;in</strong></span> <span class='ocrx_word' id='word_1_72' title='bbox 1131 955 1284 1000; x_wconf 85' lang='lat' dir='ltr'><strong>utero</strong></span> <span class='ocrx_word' id='word_1_73' title='bbox 1320 964 1332 999; x_wconf 89' lang='lat'><strong>:</strong></span> <span class='ocrx_word' id='word_1_74' title='bbox 1371 955 1427 1000; x_wconf 90' lang='lat' dir='ltr'><strong>et</strong></span> <span class='ocrx_word' id='word_1_75' title='bbox 1473 945 1742 1014; x_wconf 88' lang='lat' dir='ltr'><strong>completo</strong></span> 
     </span>
    </p>
   </div>
   <div class='ocr_carea' id='block_1_11' title="bbox 158 1030 1741 1102">
    <p class='ocr_par' dir='ltr' id='par_1_11' title="bbox 158 1030 1741 1102">
     <span class='ocr_line' id='line_1_11' title="bbox 158 1030 1741 1102; baseline 0.008 -23"><span class='ocrx_word' id='word_1_76' title='bbox 158 1042 314 1093; x_wconf 86' lang='lat' dir='ltr'><strong>anno,</strong></span> <span class='ocrx_word' id='word_1_77' title='bbox 344 1030 587 1086; x_wconf 90' lang='lat' dir='ltr'><strong>tulerunt</strong></span> <span class='ocrx_word' id='word_1_78' title='bbox 614 1049 834 1102; x_wconf 90' lang='lat' dir='ltr'><strong>puerum</strong></span> <span class='ocrx_word' id='word_1_79' title='bbox 864 1037 930 1090; x_wconf 89' lang='lat' dir='ltr'><strong>ad</strong></span> <span class='ocrx_word' id='word_1_80' title='bbox 960 1051 1172 1091; x_wconf 88' lang='lat' dir='ltr'><strong>servum</strong></span> <span class='ocrx_word' id='word_1_81' title='bbox 1215 1037 1329 1100; x_wconf 92' lang='lat' dir='ltr'><strong>Dei,</strong></span> <span class='ocrx_word' id='word_1_82' title='bbox 1379 1037 1659 1091; x_wconf 82' lang='lat' dir='ltr'><strong>laudantes</strong></span> <span class='ocrx_word' id='word_1_83' title='bbox 1687 1047 1741 1091; x_wconf 87' lang='lat' dir='ltr'><strong>et</strong></span> 
     </span>
    </p>
   </div>
   <div class='ocr_carea' id='block_1_12' title="bbox 157 1117 1735 1198">
    <p class='ocr_par' dir='ltr' id='par_1_12' title="bbox 157 1117 1735 1198">
     <span class='ocr_line' id='line_1_12' title="bbox 157 1117 1735 1198; baseline 0.006 -28"><span class='ocrx_word' id='word_1_84' title='bbox 157 1117 522 1186; x_wconf 86' lang='lat' dir='ltr'><strong>gloriﬁcantes</strong></span> <span class='ocrx_word' id='word_1_85' title='bbox 550 1122 738 1178; x_wconf 90' lang='lat' dir='ltr'><strong>Deum.</strong></span> <span class='ocrx_word' id='word_1_86' title='bbox 768 1126 898 1180; x_wconf 90' lang='lat' dir='ltr'><strong>Cum</strong></span> <span class='ocrx_word' id='word_1_87' title='bbox 929 1137 1110 1181; x_wconf 90' lang='lat' dir='ltr'><strong>autem</strong></span> <span class='ocrx_word' id='word_1_88' title='bbox 1143 1125 1503 1198; x_wconf 85' lang='lat' dir='ltr'><strong>complessent</strong></span> <span class='ocrx_word' id='word_1_89' title='bbox 1530 1127 1735 1183; x_wconf 87' lang='lat' dir='ltr'><strong>oratio-</strong></span> 
     </span>
    </p>
   </div>
   <div class='ocr_carea' id='block_1_13' title="bbox 157 1216 1742 1287">
    <p class='ocr_par' dir='ltr' id='par_1_13' title="bbox 157 1216 1742 1287">
     <span class='ocr_line' id='line_1_13' title="bbox 157 1216 1742 1287; baseline 0.008 -26"><span class='ocrx_word' id='word_1_90' title='bbox 157 1224 273 1263; x_wconf 88' lang='lat' dir='ltr'><strong>nem</strong></span> <span class='ocrx_word' id='word_1_91' title='bbox 303 1226 482 1276; x_wconf 89' lang='lat' dir='ltr'><strong>suam,</strong></span> <span class='ocrx_word' id='word_1_92' title='bbox 509 1222 564 1268; x_wconf 89' lang='lat' dir='ltr'><strong>et</strong></span> <span class='ocrx_word' id='word_1_93' title='bbox 591 1216 874 1270; x_wconf 89' lang='lat' dir='ltr'><strong>rediissent</strong></span> <span class='ocrx_word' id='word_1_94' title='bbox 896 1218 962 1270; x_wconf 91' lang='lat' dir='ltr'><strong>ad</strong></span> <span class='ocrx_word' id='word_1_95' title='bbox 991 1218 1536 1287; x_wconf 80' lang='lat' dir='ltr'><strong>propriamdomum,</strong></span> <span class='ocrx_word' id='word_1_96' title='bbox 1565 1219 1742 1273; x_wconf 93' lang='lat' dir='ltr'><strong>erexit</strong></span> 
     </span>
    </p>
   </div>
   <div class='ocr_carea' id='block_1_14' title="bbox 158 1300 1739 1378">
    <p class='ocr_par' dir='ltr' id='par_1_14' title="bbox 158 1300 1739 1378">
     <span class='ocr_line' id='line_1_14' title="bbox 158 1300 1739 1378; baseline 0.008 -27"><span class='ocrx_word' id='word_1_97' title='bbox 158 1300 349 1355; x_wconf 83' lang='lat' dir='ltr'><strong>mulier</strong></span> <span class='ocrx_word' id='word_1_98' title='bbox 376 1303 486 1368; x_wconf 83' lang='lat' dir='ltr'><strong>ﬁde</strong></span> <span class='ocrx_word' id='word_1_99' title='bbox 515 1306 674 1360; x_wconf 88' lang='lat' dir='ltr'><strong>ducta</strong></span> <span class='ocrx_word' id='word_1_100' title='bbox 710 1308 995 1378; x_wconf 75' lang='lat' dir='ltr'><strong>imaginem</strong></span> <span class='ocrx_word' id='word_1_101' title='bbox 1025 1310 1193 1364; x_wconf 85' lang='lat' dir='ltr'><strong>sancti</strong></span> <span class='ocrx_word' id='word_1_102' title='bbox 1223 1309 1274 1364; x_wconf 89' lang='lat' dir='ltr'><strong>in</strong></span> <span class='ocrx_word' id='word_1_103' title='bbox 1304 1310 1549 1364; x_wconf 85' lang='lat' dir='ltr'><strong>interiori</strong></span> <span class='ocrx_word' id='word_1_104' title='bbox 1579 1311 1739 1364; x_wconf 90' lang='lat' dir='ltr'><strong>domo</strong></span> 
     </span>
    </p>
   </div>
   <div class='ocr_carea' id='block_1_15' title="bbox 155 1396 1736 1470">
    <p class='ocr_par' dir='ltr' id='par_1_15' title="bbox 155 1396 1736 1470">
     <span class='ocr_line' id='line_1_15' title="bbox 155 1396 1736 1470; baseline 0.008 -28"><span class='ocrx_word' id='word_1_105' title='bbox 155 1403 285 1443; x_wconf 89' lang='lat' dir='ltr'><strong>sua:</strong></span> <span class='ocrx_word' id='word_1_106' title='bbox 323 1407 444 1460; x_wconf 65' lang='lat' dir='ltr'><strong>quae</strong></span> <span class='ocrx_word' id='word_1_107' title='bbox 473 1396 803 1464; x_wconf 87' lang='lat' dir='ltr'><strong>operabatur</strong></span> <span class='ocrx_word' id='word_1_108' title='bbox 846 1398 1125 1463; x_wconf 88' lang='lat' dir='ltr'><strong>miracula,</strong></span> <span class='ocrx_word' id='word_1_109' title='bbox 1176 1400 1492 1454; x_wconf 92' lang='lat' dir='ltr'><strong>obumbrata</strong></span> <span class='ocrx_word' id='word_1_110' title='bbox 1534 1400 1736 1470; x_wconf 85' lang='lat' dir='ltr'><strong>Spiritu</strong></span> 
     </span>
    </p>
   </div>
   <div class='ocr_carea' id='block_1_16' title="bbox 154 1485 1736 1553">
    <p class='ocr_par' dir='ltr' id='par_1_16' title="bbox 154 1485 1736 1553">
     <span class='ocr_line' id='line_1_16' title="bbox 154 1485 1736 1553; baseline 0.008 -19"><span class='ocrx_word' id='word_1_111' title='bbox 154 1492 358 1547; x_wconf 87' lang='lat' dir='ltr'><strong>sancto,</strong></span> <span class='ocrx_word' id='word_1_112' title='bbox 384 1485 475 1553; x_wconf 89' lang='lat' dir='ltr'><strong>qui</strong></span> <span class='ocrx_word' id='word_1_113' title='bbox 509 1487 785 1544; x_wconf 79' lang='lat' dir='ltr'><strong>habitabat</strong></span> <span class='ocrx_word' id='word_1_114' title='bbox 808 1489 858 1542; x_wconf 91' lang='lat' dir='ltr'><strong>in</strong></span> <span class='ocrx_word' id='word_1_115' title='bbox 892 1501 1078 1545; x_wconf 85' lang='lat' dir='ltr'><strong>saneto</strong></span> <span class='ocrx_word' id='word_1_116' title='bbox 1103 1509 1116 1543; x_wconf 88' lang='lat'><strong>:</strong></span> <span class='ocrx_word' id='word_1_117' title='bbox 1144 1502 1198 1545; x_wconf 89' lang='lat' dir='ltr'><strong>et</strong></span> <span class='ocrx_word' id='word_1_118' title='bbox 1222 1507 1249 1545; x_wconf 92' lang='lat' dir='ltr'><strong>a</strong></span> <span class='ocrx_word' id='word_1_119' title='bbox 1275 1493 1540 1546; x_wconf 63' lang='lat' dir='ltr'><strong>daamonio</strong></span> <span class='ocrx_word' id='word_1_120' title='bbox 1562 1493 1736 1546; x_wconf 89' lang='lat' dir='ltr'><strong>vexati</strong></span> 
     </span>
    </p>
   </div>
   <div class='ocr_carea' id='block_1_17' title="bbox 153 1574 1738 1651">
    <p class='ocr_par' dir='ltr' id='par_1_17' title="bbox 153 1574 1738 1651">
     <span class='ocr_line' id='line_1_17' title="bbox 153 1574 1738 1651; baseline 0.006 -25"><span class='ocrx_word' id='word_1_121' title='bbox 153 1574 584 1629; x_wconf 72' lang='lat' dir='ltr'><strong>enrundabantur</strong></span> <span class='ocrx_word' id='word_1_122' title='bbox 629 1577 734 1632; x_wconf 86' lang='lat' dir='ltr'><strong>illic</strong></span> <span class='ocrx_word' id='word_1_123' title='bbox 759 1619 774 1644; x_wconf 93' lang='lat'><strong>,</strong></span> <span class='ocrx_word' id='word_1_124' title='bbox 813 1588 865 1633; x_wconf 90' lang='lat' dir='ltr'><strong>et</strong></span> <span class='ocrx_word' id='word_1_125' title='bbox 893 1596 959 1634; x_wconf 80' lang='lat' dir='ltr'><strong>ex</strong></span> <span class='ocrx_word' id='word_1_126' title='bbox 993 1581 1160 1635; x_wconf 87' lang='lat' dir='ltr'><strong>variis</strong></span> <span class='ocrx_word' id='word_1_127' title='bbox 1202 1581 1544 1651; x_wconf 89' lang='lat' dir='ltr'><strong>passionibus</strong></span> <span class='ocrx_word' id='word_1_128' title='bbox 1588 1581 1738 1635; x_wconf 83' lang='lat' dir='ltr'><strong>inﬁr-</strong></span> 
     </span>
    </p>
   </div>
   <div class='ocr_carea' id='block_1_18' title="bbox 155 1661 1736 1737">
    <p class='ocr_par' dir='ltr' id='par_1_18' title="bbox 155 1661 1736 1737">
     <span class='ocr_line' id='line_1_18' title="bbox 155 1661 1736 1737; baseline 0.008 -25"><span class='ocrx_word' id='word_1_129' title='bbox 155 1661 274 1715; x_wconf 83' lang='lat' dir='ltr'><strong>mali</strong></span> <span class='ocrx_word' id='word_1_130' title='bbox 311 1663 670 1720; x_wconf 86' lang='lat' dir='ltr'><strong>curabantur.</strong></span> <span class='ocrx_word' id='word_1_131' title='bbox 713 1665 768 1721; x_wconf 86' lang='lat' dir='ltr'><strong>In</strong></span> <span class='ocrx_word' id='word_1_132' title='bbox 816 1667 1010 1737; x_wconf 90' lang='lat' dir='ltr'><strong>quibus</strong></span> <span class='ocrx_word' id='word_1_133' title='bbox 1053 1678 1108 1723; x_wconf 91' lang='lat' dir='ltr'><strong>et</strong></span> <span class='ocrx_word' id='word_1_134' title='bbox 1150 1685 1254 1723; x_wconf 87' lang='lat' dir='ltr'><strong>una</strong></span> <span class='ocrx_word' id='word_1_135' title='bbox 1298 1669 1492 1724; x_wconf 83' lang='lat' dir='ltr'><strong>mulier</strong></span> <span class='ocrx_word' id='word_1_136' title='bbox 1535 1671 1736 1725; x_wconf 80' lang='lat' dir='ltr'><strong>ﬂuxum</strong></span> 
     </span>
    </p>
   </div>
   <div class='ocr_carea' id='block_1_19' title="bbox 152 1757 1734 1834">
    <p class='ocr_par' dir='ltr' id='par_1_19' title="bbox 152 1757 1734 1834">
     <span class='ocr_line' id='line_1_19' title="bbox 152 1757 1734 1834; baseline 0.005 -23"><span class='ocrx_word' id='word_1_137' title='bbox 152 1757 427 1825; x_wconf 76' lang='lat' dir='ltr'><strong>sanguinis</strong></span> <span class='ocrx_word' id='word_1_138' title='bbox 479 1758 815 1815; x_wconf 84' lang='lat' dir='ltr'><strong>incessanter</strong></span> <span class='ocrx_word' id='word_1_139' title='bbox 856 1778 954 1832; x_wconf 91' lang='lat' dir='ltr'><strong>per</strong></span> <span class='ocrx_word' id='word_1_140' title='bbox 995 1762 1302 1831; x_wconf 88' lang='lat' dir='ltr'><strong>quindecim</strong></span> <span class='ocrx_word' id='word_1_141' title='bbox 1347 1778 1518 1818; x_wconf 88' lang='lat' dir='ltr'><strong>annos</strong></span> <span class='ocrx_word' id='word_1_142' title='bbox 1556 1777 1734 1834; x_wconf 88' lang='lat' dir='ltr'><strong>passa,</strong></span> 
     </span>
    </p>
   </div>
   <div class='ocr_carea' id='block_1_20' title="bbox 1847 580 3420 652">
    <p class='ocr_par' dir='ltr' id='par_1_20' title="bbox 1847 580 3420 652">
     <span class='ocr_line' id='line_1_20' title="bbox 1847 580 3420 652; baseline 0 -18"><span class='ocrx_word' id='word_1_143' title='bbox 1847 589 1926 634; x_wconf 92' lang='lat' dir='ltr'><strong>ret</strong></span> <span class='ocrx_word' id='word_1_144' title='bbox 1957 580 2260 648; x_wconf 73' lang='lat' dir='ltr'><strong>imaginem,</strong></span> <span class='ocrx_word' id='word_1_145' title='bbox 2286 582 2534 637; x_wconf 90' lang='lat' dir='ltr'><strong>similiter</strong></span> <span class='ocrx_word' id='word_1_146' title='bbox 2557 591 2612 637; x_wconf 91' lang='lat' dir='ltr'><strong>et</strong></span> <span class='ocrx_word' id='word_1_147' title='bbox 2636 582 2752 652; x_wconf 90' lang='lat' dir='ltr'><strong>ipse</strong></span> <span class='ocrx_word' id='word_1_148' title='bbox 2780 581 2985 637; x_wconf 88' lang='lat' dir='ltr'><strong>corruit</strong></span> <span class='ocrx_word' id='word_1_149' title='bbox 3009 595 3170 652; x_wconf 84' lang='lat' dir='ltr'><strong>super</strong></span> <span class='ocrx_word' id='word_1_150' title='bbox 3198 590 3420 636; x_wconf 87' lang='lat' dir='ltr'><strong>terram.</strong></span> 
     </span>
    </p>
   </div>
   <div class='ocr_carea' id='block_1_21' title="bbox 1845 670 3425 742">
    <p class='ocr_par' dir='ltr' id='par_1_21' title="bbox 1845 670 3425 742">
     <span class='ocr_line' id='line_1_21' title="bbox 1845 670 3425 742; baseline 0.001 -19"><span class='ocrx_word' id='word_1_151' title='bbox 1845 670 2027 724; x_wconf 86' lang='lat' dir='ltr'><strong>Timor</strong></span> <span class='ocrx_word' id='word_1_152' title='bbox 2057 681 2184 726; x_wconf 91' lang='lat' dir='ltr'><strong>tunc</strong></span> <span class='ocrx_word' id='word_1_153' title='bbox 2222 673 2368 726; x_wconf 82' lang='lat' dir='ltr'><strong>venit</strong></span> <span class='ocrx_word' id='word_1_154' title='bbox 2400 687 2626 742; x_wconf 90' lang='lat' dir='ltr'><strong>magnus</strong></span> <span class='ocrx_word' id='word_1_155' title='bbox 2665 688 2827 741; x_wconf 91' lang='lat' dir='ltr'><strong>super</strong></span> <span class='ocrx_word' id='word_1_156' title='bbox 2853 687 3043 726; x_wconf 89' lang='lat' dir='ltr'><strong>omnes</strong></span> <span class='ocrx_word' id='word_1_157' title='bbox 3072 671 3172 741; x_wconf 31' lang='lat' dir='ltr'><strong>qui,</strong></span> <span class='ocrx_word' id='word_1_158' title='bbox 3192 671 3425 726; x_wconf 85' lang='lat' dir='ltr'><strong>cireum-</strong></span> 
     </span>
    </p>
   </div>
   <div class='ocr_carea' id='block_1_22' title="bbox 1843 761 3430 832">
    <p class='ocr_par' dir='ltr' id='par_1_22' title="bbox 1843 761 3430 832">
     <span class='ocr_line' id='line_1_22' title="bbox 1843 761 3430 832; baseline -0.003 -14"><span class='ocrx_word' id='word_1_159' title='bbox 1843 761 2058 818; x_wconf 83' lang='lat' dir='ltr'><strong>stabant</strong></span> <span class='ocrx_word' id='word_1_160' title='bbox 2087 761 2286 826; x_wconf 90' lang='lat' dir='ltr'><strong>ﬁdeles,</strong></span> <span class='ocrx_word' id='word_1_161' title='bbox 2323 763 2412 832; x_wconf 88' lang='lat' dir='ltr'><strong>qni</strong></span> <span class='ocrx_word' id='word_1_162' title='bbox 2441 771 2496 816; x_wconf 89' lang='lat' dir='ltr'><strong>et</strong></span> <span class='ocrx_word' id='word_1_163' title='bbox 2524 763 2755 832; x_wconf 82' lang='lat' dir='ltr'><strong>perculsi</strong></span> <span class='ocrx_word' id='word_1_164' title='bbox 2790 777 2954 831; x_wconf 87' lang='lat' dir='ltr'><strong>super</strong></span> <span class='ocrx_word' id='word_1_165' title='bbox 2985 761 3229 817; x_wconf 53' lang='lat' dir='ltr'><strong>excitate</strong></span> <span class='ocrx_word' id='word_1_166' title='bbox 3251 770 3305 814; x_wconf 92' lang='lat' dir='ltr'><strong>et</strong></span> <span class='ocrx_word' id='word_1_167' title='bbox 3327 775 3430 814; x_wconf 89' lang='lat' dir='ltr'><strong>au-</strong></span> 
     </span>
    </p>
   </div>
   <div class='ocr_carea' id='block_1_23' title="bbox 1841 851 3418 917">
    <p class='ocr_par' dir='ltr' id='par_1_23' title="bbox 1841 851 3418 917">
     <span class='ocr_line' id='line_1_23' title="bbox 1841 851 3418 917; baseline 0 -12"><span class='ocrx_word' id='word_1_168' title='bbox 1841 852 1993 906; x_wconf 87' lang='lat' dir='ltr'><strong>dacia</strong></span> <span class='ocrx_word' id='word_1_169' title='bbox 2025 853 2337 916; x_wconf 87' lang='lat' dir='ltr'><strong>inﬁdelium,</strong></span> <span class='ocrx_word' id='word_1_170' title='bbox 2367 862 2421 906; x_wconf 89' lang='lat' dir='ltr'><strong>et</strong></span> <span class='ocrx_word' id='word_1_171' title='bbox 2441 869 2546 908; x_wconf 94' lang='lat' dir='ltr'><strong>non</strong></span> <span class='ocrx_word' id='word_1_172' title='bbox 2573 862 2882 908; x_wconf 90' lang='lat' dir='ltr'><strong>sanctorum</strong></span> <span class='ocrx_word' id='word_1_173' title='bbox 2918 853 3153 906; x_wconf 90' lang='lat' dir='ltr'><strong>virorum</strong></span> <span class='ocrx_word' id='word_1_174' title='bbox 3183 851 3418 917; x_wconf 89' lang='lat' dir='ltr'><strong>illorum,</strong></span> 
     </span>
    </p>
   </div>
   <div class='ocr_carea' id='block_1_24' title="bbox 1841 941 3134 1014">
    <p class='ocr_par' dir='ltr' id='par_1_24' title="bbox 1841 941 3134 1014">
     <span class='ocr_line' id='line_1_24' title="bbox 1841 941 3134 1014; baseline -0.002 -18"><span class='ocrx_word' id='word_1_175' title='bbox 1841 941 2060 996; x_wconf 89' lang='lat' dir='ltr'><strong>adorala</strong></span> <span class='ocrx_word' id='word_1_176' title='bbox 2091 959 2213 996; x_wconf 90' lang='lat' dir='ltr'><strong>cum</strong></span> <span class='ocrx_word' id='word_1_177' title='bbox 2241 944 2484 998; x_wconf 90' lang='lat' dir='ltr'><strong>oratione</strong></span> <span class='ocrx_word' id='word_1_178' title='bbox 2513 943 2761 1014; x_wconf 82' lang='lat' dir='ltr'><strong>imagine,</strong></span> <span class='ocrx_word' id='word_1_179' title='bbox 2792 943 3134 998; x_wconf 83' lang='lat' dir='ltr'><strong>recedebant.</strong></span> 
     </span>
    </p>
   </div>
   <div class='ocr_carea' id='block_1_25' title="bbox 1910 1034 3421 1107">
    <p class='ocr_par' dir='ltr' id='par_1_25' title="bbox 1910 1034 3421 1107">
     <span class='ocr_line' id='line_1_25' title="bbox 1910 1034 3421 1107; baseline -0.003 -16"><span class='ocrx_word' id='word_1_180' title='bbox 1910 1036 2293 1091; x_wconf 63' lang='lat' dir='ltr'><strong>Constantinus</strong></span> <span class='ocrx_word' id='word_1_181' title='bbox 2337 1037 2706 1092; x_wconf 84' lang='lat' dir='ltr'><strong>sanctissimus</strong></span> <span class='ocrx_word' id='word_1_182' title='bbox 2756 1036 3038 1107; x_wconf 75' lang='lat' dir='ltr'><strong>epiSCOpus</strong></span> <span class='ocrx_word' id='word_1_183' title='bbox 3090 1034 3421 1090; x_wconf 64' lang='lat' dir='ltr'><strong>Constantia:</strong></span> 
     </span>
    </p>
   </div>
   <div class='ocr_carea' id='block_1_26' title="bbox 1840 1122 3424 1196">
    <p class='ocr_par' dir='ltr' id='par_1_26' title="bbox 1840 1122 3424 1196">
     <span class='ocr_line' id='line_1_26' title="bbox 1840 1122 3424 1196; baseline -0.004 -15"><span class='ocrx_word' id='word_1_184' title='bbox 1840 1127 1998 1196; x_wconf 84' lang='lat' dir='ltr'><strong>Cypri</strong></span> <span class='ocrx_word' id='word_1_185' title='bbox 2021 1127 2156 1181; x_wconf 82' lang='lat' dir='ltr'><strong>dixit</strong></span> <span class='ocrx_word' id='word_1_186' title='bbox 2185 1144 2198 1180; x_wconf 88' lang='lat'><strong>:</strong></span> <span class='ocrx_word' id='word_1_187' title='bbox 2224 1125 2348 1181; x_wconf 65' lang='lat' dir='ltr'><strong>Haec</strong></span> <span class='ocrx_word' id='word_1_188' title='bbox 2381 1126 2616 1196; x_wconf 86' lang='lat' dir='ltr'><strong>quidem,</strong></span> <span class='ocrx_word' id='word_1_189' title='bbox 2646 1125 2987 1180; x_wconf 82' lang='lat' dir='ltr'><strong>honorabiles</strong></span> <span class='ocrx_word' id='word_1_190' title='bbox 3011 1124 3220 1186; x_wconf 81' lang='lat' dir='ltr'><strong>Patres,</strong></span> <span class='ocrx_word' id='word_1_191' title='bbox 3249 1123 3314 1176; x_wconf 89' lang='lat' dir='ltr'><strong>de</strong></span> <span class='ocrx_word' id='word_1_192' title='bbox 3338 1122 3424 1175; x_wconf 86' lang='lat' dir='ltr'><strong>his</strong></span> 
     </span>
    </p>
   </div>
   <div class='ocr_carea' id='block_1_27' title="bbox 1839 1216 3426 1288">
    <p class='ocr_par' dir='ltr' id='par_1_27' title="bbox 1839 1216 3426 1288">
     <span class='ocr_line' id='line_1_27' title="bbox 1839 1216 3426 1288; baseline -0.003 -19"><span class='ocrx_word' id='word_1_193' title='bbox 1839 1235 1958 1288; x_wconf 74' lang='lat' dir='ltr'><strong>qua:</strong></span> <span class='ocrx_word' id='word_1_194' title='bbox 1991 1219 2128 1273; x_wconf 86' lang='lat' dir='ltr'><strong>lecta</strong></span> <span class='ocrx_word' id='word_1_195' title='bbox 2159 1229 2304 1282; x_wconf 91' lang='lat' dir='ltr'><strong>sunt,</strong></span> <span class='ocrx_word' id='word_1_196' title='bbox 2337 1219 2662 1283; x_wconf 82' lang='lat' dir='ltr'><strong>audivimus,</strong></span> <span class='ocrx_word' id='word_1_197' title='bbox 2688 1224 2742 1271; x_wconf 81' lang='lat' dir='ltr'><strong>et</strong></span> <span class='ocrx_word' id='word_1_198' title='bbox 2776 1217 3066 1273; x_wconf 91' lang='lat' dir='ltr'><strong>credimus.</strong></span> <span class='ocrx_word' id='word_1_199' title='bbox 3101 1216 3210 1286; x_wconf 87' lang='lat' dir='ltr'><strong>Ego</strong></span> <span class='ocrx_word' id='word_1_200' title='bbox 3239 1222 3426 1278; x_wconf 66' lang='lat' dir='ltr'><strong>autenr</strong></span> 
     </span>
    </p>
   </div>
   <div class='ocr_carea' id='block_1_28' title="bbox 1840 1307 3424 1381">
    <p class='ocr_par' dir='ltr' id='par_1_28' title="bbox 1840 1307 3424 1381">
     <span class='ocr_line' id='line_1_28' title="bbox 1840 1307 3424 1381; baseline -0.004 -16"><span class='ocrx_word' id='word_1_201' title='bbox 1840 1311 2060 1366; x_wconf 87' lang='lat' dir='ltr'><strong>lmmilis</strong></span> <span class='ocrx_word' id='word_1_202' title='bbox 2089 1311 2244 1381; x_wconf 79' lang='lat' dir='ltr'><strong>signa</strong></span> <span class='ocrx_word' id='word_1_203' title='bbox 2289 1327 2409 1379; x_wconf 66' lang='lat' dir='ltr'><strong>qua:</strong></span> <span class='ocrx_word' id='word_1_204' title='bbox 2439 1312 2581 1366; x_wconf 87' lang='lat' dir='ltr'><strong>facta</strong></span> <span class='ocrx_word' id='word_1_205' title='bbox 2631 1311 2766 1375; x_wconf 90' lang='lat' dir='ltr'><strong>scio,</strong></span> <span class='ocrx_word' id='word_1_206' title='bbox 2807 1308 3002 1366; x_wconf 89' lang='lat' dir='ltr'><strong>similia</strong></span> <span class='ocrx_word' id='word_1_207' title='bbox 3037 1307 3287 1362; x_wconf 80' lang='lat' dir='ltr'><strong>referam.</strong></span> <span class='ocrx_word' id='word_1_208' title='bbox 3327 1307 3424 1360; x_wconf 84' lang='lat' dir='ltr'><strong>Vir</strong></span> 
     </span>
    </p>
   </div>
   <div class='ocr_carea' id='block_1_29' title="bbox 1838 1398 3422 1474">
    <p class='ocr_par' dir='ltr' id='par_1_29' title="bbox 1838 1398 3422 1474">
     <span class='ocr_line' id='line_1_29' title="bbox 1838 1398 3422 1474; baseline -0.001 -19"><span class='ocrx_word' id='word_1_209' title='bbox 1838 1402 2055 1472; x_wconf 88' lang='lat' dir='ltr'><strong>quidam</strong></span> <span class='ocrx_word' id='word_1_210' title='bbox 2082 1404 2312 1474; x_wconf 84' lang='lat' dir='ltr'><strong>Cyprius</strong></span> <span class='ocrx_word' id='word_1_211' title='bbox 2339 1403 2392 1458; x_wconf 93' lang='lat' dir='ltr'><strong>in</strong></span> <span class='ocrx_word' id='word_1_212' title='bbox 2415 1404 2636 1458; x_wconf 83' lang='lat' dir='ltr'><strong>civitate</strong></span> <span class='ocrx_word' id='word_1_213' title='bbox 2662 1401 2974 1457; x_wconf 84' lang='lat' dir='ltr'><strong>Constantia</strong></span> <span class='ocrx_word' id='word_1_214' title='bbox 3005 1398 3422 1468; x_wconf 78' lang='lat' dir='ltr'><strong>minansjugunt</strong></span> 
     </span>
    </p>
   </div>
   <div class='ocr_carea' id='block_1_30' title="bbox 1837 1491 3433 1566">
    <p class='ocr_par' dir='ltr' id='par_1_30' title="bbox 1837 1491 3433 1566">
     <span class='ocr_line' id='line_1_30' title="bbox 1837 1491 3433 1566; baseline -0.003 -20"><span class='ocrx_word' id='word_1_215' title='bbox 1837 1506 2026 1559; x_wconf 88' lang='lat' dir='ltr'><strong>suum,</strong></span> <span class='ocrx_word' id='word_1_216' title='bbox 2079 1502 2136 1548; x_wconf 92' lang='lat' dir='ltr'><strong>et</strong></span> <span class='ocrx_word' id='word_1_217' title='bbox 2186 1509 2414 1566; x_wconf 76' lang='lat' dir='ltr'><strong>pergens</strong></span> <span class='ocrx_word' id='word_1_218' title='bbox 2462 1493 2528 1547; x_wconf 86' lang='lat' dir='ltr'><strong>ad</strong></span> <span class='ocrx_word' id='word_1_219' title='bbox 2577 1509 2713 1564; x_wconf 91' lang='lat' dir='ltr'><strong>opus</strong></span> <span class='ocrx_word' id='word_1_220' title='bbox 2766 1508 2955 1555; x_wconf 91' lang='lat' dir='ltr'><strong>suum,</strong></span> <span class='ocrx_word' id='word_1_221' title='bbox 3007 1491 3280 1561; x_wconf 86' lang='lat' dir='ltr'><strong>ingressus</strong></span> <span class='ocrx_word' id='word_1_222' title='bbox 3338 1498 3433 1544; x_wconf 77' lang='lat' dir='ltr'><strong>est</strong></span> 
     </span>
    </p>
   </div>
   <div class='ocr_carea' id='block_1_31' title="bbox 1837 1581 3436 1654">
    <p class='ocr_par' dir='ltr' id='par_1_31' title="bbox 1837 1581 3436 1654">
     <span class='ocr_line' id='line_1_31' title="bbox 1837 1581 3436 1654; baseline -0.002 -16"><span class='ocrx_word' id='word_1_223' title='bbox 1837 1585 1902 1639; x_wconf 91' lang='lat' dir='ltr'><strong>ad</strong></span> <span class='ocrx_word' id='word_1_224' title='bbox 1931 1585 2194 1640; x_wconf 88' lang='lat' dir='ltr'><strong>orandum</strong></span> <span class='ocrx_word' id='word_1_225' title='bbox 2225 1586 2278 1640; x_wconf 93' lang='lat' dir='ltr'><strong>in</strong></span> <span class='ocrx_word' id='word_1_226' title='bbox 2328 1585 2602 1640; x_wconf 87' lang='lat' dir='ltr'><strong>orationis</strong></span> <span class='ocrx_word' id='word_1_227' title='bbox 2641 1585 2856 1639; x_wconf 88' lang='lat' dir='ltr'><strong>domum</strong></span> <span class='ocrx_word' id='word_1_228' title='bbox 2893 1583 2986 1637; x_wconf 86' lang='lat' dir='ltr'><strong>Dei</strong></span> <span class='ocrx_word' id='word_1_229' title='bbox 3025 1581 3322 1654; x_wconf 73' lang='lat' dir='ltr'><strong>genitricis.</strong></span> <span class='ocrx_word' id='word_1_230' title='bbox 3356 1581 3436 1635; x_wconf 68' lang='lat' dir='ltr'><strong>Et</strong></span> 
     </span>
    </p>
   </div>
   <div class='ocr_carea' id='block_1_32' title="bbox 1836 1672 3434 1746">
    <p class='ocr_par' dir='ltr' id='par_1_32' title="bbox 1836 1672 3434 1746">
     <span class='ocr_line' id='line_1_32' title="bbox 1836 1672 3434 1746; baseline -0.004 -16"><span class='ocrx_word' id='word_1_231' title='bbox 1836 1692 1958 1730; x_wconf 90' lang='lat' dir='ltr'><strong>cum</strong></span> <span class='ocrx_word' id='word_1_232' title='bbox 2001 1684 2208 1741; x_wconf 89' lang='lat' dir='ltr'><strong>oraret,</strong></span> <span class='ocrx_word' id='word_1_233' title='bbox 2241 1677 2541 1746; x_wconf 87' lang='lat' dir='ltr'><strong>suspiciens</strong></span> <span class='ocrx_word' id='word_1_234' title='bbox 2585 1675 2730 1729; x_wconf 83' lang='lat' dir='ltr'><strong>videt</strong></span> <span class='ocrx_word' id='word_1_235' title='bbox 2774 1674 3061 1743; x_wconf 75' lang='lat' dir='ltr'><strong>imaginem</strong></span> <span class='ocrx_word' id='word_1_236' title='bbox 3101 1672 3434 1727; x_wconf 64' lang='lat' dir='ltr'><strong>sanctazDei-</strong></span> 
     </span>
    </p>
   </div>
   <div class='ocr_carea' id='block_1_33' title="bbox 1836 1760 3414 1835">
    <p class='ocr_par' dir='ltr' id='par_1_33' title="bbox 1836 1760 3414 1835">
     <span class='ocr_line' id='line_1_33' title="bbox 1836 1760 3414 1835; baseline -0.005 -16"><span class='ocrx_word' id='word_1_237' title='bbox 1836 1765 2114 1835; x_wconf 78' lang='lat' dir='ltr'><strong>genitricis</strong></span> <span class='ocrx_word' id='word_1_238' title='bbox 2154 1780 2221 1819; x_wconf 90' lang='lat' dir='ltr'><strong>ex</strong></span> <span class='ocrx_word' id='word_1_239' title='bbox 2271 1764 2546 1820; x_wconf 87' lang='lat' dir='ltr'><strong>coloribus</strong></span> <span class='ocrx_word' id='word_1_240' title='bbox 2575 1762 2771 1818; x_wconf 85' lang='lat' dir='ltr'><strong>factam</strong></span> <span class='ocrx_word' id='word_1_241' title='bbox 2801 1763 2854 1817; x_wconf 93' lang='lat' dir='ltr'><strong>in</strong></span> <span class='ocrx_word' id='word_1_242' title='bbox 2908 1762 3134 1831; x_wconf 85' lang='lat' dir='ltr'><strong>pariete,</strong></span> <span class='ocrx_word' id='word_1_243' title='bbox 3162 1770 3217 1816; x_wconf 85' lang='lat' dir='ltr'><strong>et</strong></span> <span class='ocrx_word' id='word_1_244' title='bbox 3241 1760 3371 1815; x_wconf 87' lang='lat' dir='ltr'><strong>dicit</strong></span> <span class='ocrx_word' id='word_1_245' title='bbox 3403 1777 3414 1811; x_wconf 93' lang='lat'>:</span> 
     </span>
    </p>
   </div>
   <div class='ocr_carea' id='block_1_34' title="bbox 152 1837 3428 1924">
    <p class='ocr_par' dir='ltr' id='par_1_34' title="bbox 152 1837 3428 1924">
     <span class='ocr_line' id='line_1_34' title="bbox 152 1837 3428 1924; baseline 0.001 -25"><span class='ocrx_word' id='word_1_246' title='bbox 152 1845 200 1899; x_wconf 82' lang='lat' dir='ltr'><strong>in</strong></span> <span class='ocrx_word' id='word_1_247' title='bbox 237 1845 344 1902; x_wconf 88' lang='lat' dir='ltr'><strong>ﬁde</strong></span> <span class='ocrx_word' id='word_1_248' title='bbox 371 1851 608 1905; x_wconf 84' lang='lat' dir='ltr'><strong>accessit</strong></span> <span class='ocrx_word' id='word_1_249' title='bbox 630 1851 694 1904; x_wconf 88' lang='lat' dir='ltr'><strong>ad</strong></span> <span class='ocrx_word' id='word_1_250' title='bbox 725 1852 1013 1906; x_wconf 89' lang='lat' dir='ltr'><strong>videndum</strong></span> <span class='ocrx_word' id='word_1_251' title='bbox 1047 1853 1360 1923; x_wconf 82' lang='lat' dir='ltr'><strong>imaginem,</strong></span> <span class='ocrx_word' id='word_1_252' title='bbox 1390 1863 1445 1909; x_wconf 90' lang='lat' dir='ltr'><strong>et</strong></span> <span class='ocrx_word' id='word_1_253' title='bbox 1477 1856 1734 1923; x_wconf 76' lang='lat' dir='ltr'><strong>continuo</strong></span> <span class='ocrx_word' id='word_1_254' title='bbox 1765 1837 1808 1897; x_wconf 77' lang='grc' dir='ltr'><strong>Β</strong></span> <span class='ocrx_word' id='word_1_255' title='bbox 1836 1855 1948 1910; x_wconf 82' lang='lat' dir='ltr'><strong>Hoc</strong></span> <span class='ocrx_word' id='word_1_256' title='bbox 1986 1855 2112 1924; x_wconf 90' lang='lat' dir='ltr'><strong>quid</strong></span> <span class='ocrx_word' id='word_1_257' title='bbox 2140 1854 2270 1909; x_wconf 92' lang='lat' dir='ltr'><strong>facit</strong></span> <span class='ocrx_word' id='word_1_258' title='bbox 2319 1854 2441 1909; x_wconf 86' lang='lat' dir='ltr'><strong>hie?</strong></span> <span class='ocrx_word' id='word_1_259' title='bbox 2487 1855 2552 1909; x_wconf 84' lang='lat' dir='ltr'><strong>Et</strong></span> <span class='ocrx_word' id='word_1_260' title='bbox 2575 1864 2796 1923; x_wconf 89' lang='lat' dir='ltr'><strong>accepto</strong></span> <span class='ocrx_word' id='word_1_261' title='bbox 2841 1852 3062 1907; x_wconf 89' lang='lat' dir='ltr'><strong>stimqu</strong></span> <span class='ocrx_word' id='word_1_262' title='bbox 3093 1866 3190 1906; x_wconf 87' lang='lat' dir='ltr'><strong>suo</strong></span> <span class='ocrx_word' id='word_1_263' title='bbox 3234 1848 3428 1913; x_wconf 70' lang='lat' dir='ltr'><strong>eﬁ&#39;odit</strong></span> 
     </span>
    </p>
   </div>
   <div class='ocr_carea' id='block_1_35' title="bbox 151 1935 1733 2012">
    <p class='ocr_par' dir='ltr' id='par_1_35' title="bbox 151 1935 1733 2012">
     <span class='ocr_line' id='line_1_35' title="bbox 151 1935 1733 2012; baseline 0.006 -23"><span class='ocrx_word' id='word_1_264' title='bbox 151 1935 316 1992; x_wconf 80' lang='lat' dir='ltr'><strong>ﬂuxus</strong></span> <span class='ocrx_word' id='word_1_265' title='bbox 346 1939 520 1992; x_wconf 88' lang='lat' dir='ltr'><strong>stetit.</strong></span> <span class='ocrx_word' id='word_1_266' title='bbox 553 1939 701 1994; x_wconf 81' lang='lat' dir='ltr'><strong>Dixit</strong></span> <span class='ocrx_word' id='word_1_267' title='bbox 746 1941 890 1996; x_wconf 89' lang='lat' dir='ltr'><strong>enim</strong></span> <span class='ocrx_word' id='word_1_268' title='bbox 941 1942 1082 1998; x_wconf 85' lang='lat' dir='ltr'><strong>intra</strong></span> <span class='ocrx_word' id='word_1_269' title='bbox 1130 1957 1210 2006; x_wconf 90' lang='lat' dir='ltr'><strong>se,</strong></span> <span class='ocrx_word' id='word_1_270' title='bbox 1260 1943 1386 2012; x_wconf 89' lang='lat' dir='ltr'><strong>quia</strong></span> <span class='ocrx_word' id='word_1_271' title='bbox 1432 1942 1476 1998; x_wconf 89' lang='lat' dir='ltr'><strong>si</strong></span> <span class='ocrx_word' id='word_1_272' title='bbox 1525 1952 1733 1998; x_wconf 88' lang='lat' dir='ltr'><strong>tantum</strong></span> 
     </span>
    </p>
   </div>
   <div class='ocr_carea' id='block_1_36' title="bbox 149 2027 1735 2105">
    <p class='ocr_par' dir='ltr' id='par_1_36' title="bbox 149 2027 1735 2105">
     <span class='ocr_line' id='line_1_36' title="bbox 149 2027 1735 2105; baseline 0.005 -24"><span class='ocrx_word' id='word_1_273' title='bbox 149 2027 324 2083; x_wconf 75' lang='lat' dir='ltr'><strong>videro</strong></span> <span class='ocrx_word' id='word_1_274' title='bbox 355 2029 765 2086; x_wconf 84' lang='lat' dir='ltr'><strong>similitudinem</strong></span> <span class='ocrx_word' id='word_1_275' title='bbox 796 2031 930 2100; x_wconf 84' lang='lat' dir='ltr'><strong>ejus,</strong></span> <span class='ocrx_word' id='word_1_276' title='bbox 950 2033 1096 2087; x_wconf 90' lang='lat' dir='ltr'><strong>salva</strong></span> <span class='ocrx_word' id='word_1_277' title='bbox 1121 2049 1236 2087; x_wconf 92' lang='lat' dir='ltr'><strong>ero.</strong></span> <span class='ocrx_word' id='word_1_278' title='bbox 1263 2030 1378 2105; x_wconf 73' lang='grc' dir='ltr'><strong>[σι’.</strong></span> <span class='ocrx_word' id='word_1_279' title='bbox 1403 2033 1735 2090; x_wconf 83' lang='lat' dir='ltr'><strong>add.Videns</strong></span> 
     </span>
    </p>
   </div>
   <div class='ocr_carea' id='block_1_37' title="bbox 149 2123 1735 2195">
    <p class='ocr_par' dir='ltr' id='par_1_37' title="bbox 149 2123 1735 2195">
     <span class='ocr_line' id='line_1_37' title="bbox 149 2123 1735 2195; baseline 0.004 -21"><span class='ocrx_word' id='word_1_280' title='bbox 149 2131 343 2186; x_wconf 78' lang='lat' dir='ltr'><strong>autem,</strong></span> <span class='ocrx_word' id='word_1_281' title='bbox 377 2123 523 2192; x_wconf 89' lang='lat' dir='ltr'><strong>quod</strong></span> <span class='ocrx_word' id='word_1_282' title='bbox 557 2124 865 2179; x_wconf 82' lang='lat' dir='ltr'><strong>exsiccatos</strong></span> <span class='ocrx_word' id='word_1_283' title='bbox 892 2135 1035 2180; x_wconf 90' lang='lat' dir='ltr'><strong>esset</strong></span> <span class='ocrx_word' id='word_1_284' title='bbox 1059 2124 1179 2180; x_wconf 90' lang='lat' dir='ltr'><strong>fons</strong></span> <span class='ocrx_word' id='word_1_285' title='bbox 1201 2125 1477 2195; x_wconf 80' lang='lat' dir='ltr'><strong>sanguinis</strong></span> <span class='ocrx_word' id='word_1_286' title='bbox 1512 2125 1628 2191; x_wconf 92' lang='lat' dir='ltr'><strong>sui,</strong></span> <span class='ocrx_word' id='word_1_287' title='bbox 1667 2126 1735 2181; x_wconf 88' lang='lat' dir='ltr'><strong>ad</strong></span> 
     </span>
    </p>
   </div>
   <div class='ocr_carea' id='block_1_38' title="bbox 148 2212 1732 2284">
    <p class='ocr_par' dir='ltr' id='par_1_38' title="bbox 148 2212 1732 2284">
     <span class='ocr_line' id='line_1_38' title="bbox 148 2212 1732 2284; baseline 0.004 -17"><span class='ocrx_word' id='word_1_288' title='bbox 148 2212 415 2268; x_wconf 89' lang='lat' dir='ltr'><strong>hominem</strong></span> <span class='ocrx_word' id='word_1_289' title='bbox 445 2215 540 2270; x_wconf 91' lang='lat' dir='ltr'><strong>Dei</strong></span> <span class='ocrx_word' id='word_1_290' title='bbox 582 2217 826 2284; x_wconf 88' lang='lat' dir='ltr'><strong>protinus</strong></span> <span class='ocrx_word' id='word_1_291' title='bbox 854 2218 1112 2284; x_wconf 89' lang='lat' dir='ltr'><strong>accurrit,</strong></span> <span class='ocrx_word' id='word_1_292' title='bbox 1161 2219 1395 2272; x_wconf 89' lang='lat' dir='ltr'><strong>adorans</strong></span> <span class='ocrx_word' id='word_1_293' title='bbox 1426 2231 1624 2272; x_wconf 83' lang='lat' dir='ltr'><strong>coram‘</strong></span> <span class='ocrx_word' id='word_1_294' title='bbox 1644 2233 1732 2284; x_wconf 91' lang='lat' dir='ltr'><strong>eo,</strong></span> 
     </span>
    </p>
   </div>
   <div class='ocr_carea' id='block_1_39' title="bbox 147 2303 1734 2376">
    <p class='ocr_par' dir='ltr' id='par_1_39' title="bbox 147 2303 1734 2376">
     <span class='ocr_line' id='line_1_39' title="bbox 147 2303 1734 2376; baseline 0.003 -19"><span class='ocrx_word' id='word_1_295' title='bbox 147 2303 363 2360; x_wconf 83' lang='lat' dir='ltr'><strong>laudans</strong></span> <span class='ocrx_word' id='word_1_296' title='bbox 393 2314 452 2360; x_wconf 93' lang='lat' dir='ltr'><strong>et</strong></span> <span class='ocrx_word' id='word_1_297' title='bbox 475 2305 786 2376; x_wconf 87' lang='lat' dir='ltr'><strong>gloriﬁcans</strong></span> <span class='ocrx_word' id='word_1_298' title='bbox 815 2307 980 2362; x_wconf 90' lang='lat' dir='ltr'><strong>Deum</strong></span> <span class='ocrx_word' id='word_1_299' title='bbox 1006 2349 1022 2374; x_wconf 93' lang='lat'><strong>,</strong></span> <span class='ocrx_word' id='word_1_300' title='bbox 1067 2324 1132 2363; x_wconf 88' lang='lat' dir='ltr'><strong>ac</strong></span> <span class='ocrx_word' id='word_1_301' title='bbox 1164 2308 1453 2363; x_wconf 88' lang='lat' dir='ltr'><strong>enuntians</strong></span> <span class='ocrx_word' id='word_1_302' title='bbox 1493 2308 1734 2363; x_wconf 85' lang='lat' dir='ltr'><strong>iniraeu-</strong></span> 
     </span>
    </p>
   </div>
   <div class='ocr_carea' id='block_1_40' title="bbox 148 2383 1616 2471">
    <p class='ocr_par' dir='ltr' id='par_1_40' title="bbox 148 2383 1616 2471">
     <span class='ocr_line' id='line_1_40' title="bbox 148 2383 1616 2471; baseline 0.002 -21"><span class='ocrx_word' id='word_1_303' title='bbox 148 2395 246 2450; x_wconf 77' lang='lat' dir='ltr'><strong>lum</strong></span> <span class='ocrx_word' id='word_1_304' title='bbox 277 2395 334 2450; x_wconf 91' lang='lat' dir='ltr'><strong>in</strong></span> <span class='ocrx_word' id='word_1_305' title='bbox 361 2411 422 2451; x_wconf 90' lang='lat' dir='ltr'><strong>se</strong></span> <span class='ocrx_word' id='word_1_306' title='bbox 449 2396 866 2471; x_wconf 70' lang='lat' dir='ltr'><strong>perpetratum]</strong></span> <span class='ocrx_word' id='word_1_307' title='bbox 1600 2383 1616 2416; x_wconf 57' lang='grc'><strong>⁷</strong></span> 
     </span>
    </p>
   </div>
   <div class='ocr_carea' id='block_1_41' title="bbox 144 2525 1730 2603">
    <p class='ocr_par' dir='ltr' id='par_1_41' title="bbox 144 2525 1730 2603">
     <span class='ocr_line' id='line_1_41' title="bbox 144 2525 1730 2603; baseline 0.006 -23"><span class='ocrx_word' id='word_1_308' title='bbox 144 2525 270 2582; x_wconf 75' lang='lat' dir='ltr'><strong>Item</strong></span> <span class='ocrx_word' id='word_1_309' title='bbox 303 2527 436 2599; x_wconf 73' lang='lat' dir='ltr'><strong>legit</strong></span> <span class='ocrx_word' id='word_1_310' title='bbox 462 2528 613 2584; x_wconf 71' lang='lat' dir='ltr'><strong>aliud</strong></span> <span class='ocrx_word' id='word_1_311' title='bbox 659 2531 972 2584; x_wconf 81' lang='lat' dir='ltr'><strong>miraculum</strong></span> <span class='ocrx_word' id='word_1_312' title='bbox 1021 2531 1190 2586; x_wconf 74' lang='lat' dir='ltr'><strong>sancti</strong></span> <span class='ocrx_word' id='word_1_313' title='bbox 1221 2529 1402 2586; x_wconf 70' lang='lat' dir='ltr'><strong>Patris</strong></span> <span class='ocrx_word' id='word_1_314' title='bbox 1435 2531 1730 2603; x_wconf 73' lang='lat' dir='ltr'><strong>Symoonls.</strong></span> 
     </span>
    </p>
   </div>
   <div class='ocr_carea' id='block_1_42' title="bbox 207 2659 1732 2732">
    <p class='ocr_par' dir='ltr' id='par_1_42' title="bbox 207 2659 1732 2732">
     <span class='ocr_line' id='line_1_42' title="bbox 207 2659 1732 2732; baseline 0.003 -18"><span class='ocrx_word' id='word_1_315' title='bbox 207 2659 422 2715; x_wconf 81' lang='lat' dir='ltr'><strong>Accidit</strong></span> <span class='ocrx_word' id='word_1_316' title='bbox 448 2669 631 2716; x_wconf 88' lang='lat' dir='ltr'><strong>autem</strong></span> <span class='ocrx_word' id='word_1_317' title='bbox 664 2662 718 2717; x_wconf 93' lang='lat' dir='ltr'><strong>in</strong></span> <span class='ocrx_word' id='word_1_318' title='bbox 747 2661 935 2718; x_wconf 90' lang='lat' dir='ltr'><strong>diebus</strong></span> <span class='ocrx_word' id='word_1_319' title='bbox 965 2662 1068 2718; x_wconf 88' lang='lat' dir='ltr'><strong>illis</strong></span> <span class='ocrx_word' id='word_1_320' title='bbox 1114 2663 1403 2732; x_wconf 89' lang='lat' dir='ltr'><strong>quemdam</strong></span> <span class='ocrx_word' id='word_1_321' title='bbox 1445 2663 1619 2718; x_wconf 92' lang='lat' dir='ltr'><strong>virum</strong></span> <span class='ocrx_word' id='word_1_322' title='bbox 1653 2663 1732 2719; x_wconf 85' lang='lat' dir='ltr'><strong>fo-</strong></span> 
     </span>
    </p>
   </div>
   <div class='ocr_carea' id='block_1_43' title="bbox 148 2750 1729 2824">
    <p class='ocr_par' dir='ltr' id='par_1_43' title="bbox 148 2750 1729 2824">
     <span class='ocr_line' id='line_1_43' title="bbox 148 2750 1729 2824; baseline 0.003 -20"><span class='ocrx_word' id='word_1_323' title='bbox 148 2764 352 2804; x_wconf 86' lang='lat' dir='ltr'><strong>rensem</strong></span> <span class='ocrx_word' id='word_1_324' title='bbox 408 2751 563 2806; x_wconf 87' lang='lat' dir='ltr'><strong>urbis</strong></span> <span class='ocrx_word' id='word_1_325' title='bbox 605 2750 908 2807; x_wconf 71' lang='lat' dir='ltr'><strong>Antiochia:</strong></span> <span class='ocrx_word' id='word_1_326' title='bbox 953 2753 1067 2807; x_wconf 92' lang='lat' dir='ltr'><strong>dira</strong></span> <span class='ocrx_word' id='word_1_327' title='bbox 1117 2769 1369 2824; x_wconf 88' lang='lat' dir='ltr'><strong>pressura</strong></span> <span class='ocrx_word' id='word_1_328' title='bbox 1414 2753 1642 2808; x_wconf 89' lang='lat' dir='ltr'><strong>detineri</strong></span> <span class='ocrx_word' id='word_1_329' title='bbox 1698 2769 1729 2809; x_wconf 88' lang='lat' dir='ltr'><strong>a</strong></span> 
     </span>
    </p>
   </div>
   <div class='ocr_carea' id='block_1_44' title="bbox 147 2841 1728 2914">
    <p class='ocr_par' dir='ltr' id='par_1_44' title="bbox 147 2841 1728 2914">
     <span class='ocr_line' id='line_1_44' title="bbox 147 2841 1728 2914; baseline 0.002 -19"><span class='ocrx_word' id='word_1_330' title='bbox 147 2841 404 2896; x_wconf 68' lang='lat' dir='ltr'><strong>demonio</strong></span> <span class='ocrx_word' id='word_1_331' title='bbox 432 2842 696 2914; x_wconf 86' lang='lat' dir='ltr'><strong>maligno,</strong></span> <span class='ocrx_word' id='word_1_332' title='bbox 724 2853 780 2898; x_wconf 87' lang='lat' dir='ltr'><strong>et</strong></span> <span class='ocrx_word' id='word_1_333' title='bbox 803 2844 1077 2912; x_wconf 84' lang='lat' dir='ltr'><strong>angustari</strong></span> <span class='ocrx_word' id='word_1_334' title='bbox 1109 2860 1206 2914; x_wconf 90' lang='lat' dir='ltr'><strong>per</strong></span> <span class='ocrx_word' id='word_1_335' title='bbox 1234 2843 1435 2913; x_wconf 86' lang='lat' dir='ltr'><strong>aliquot</strong></span> <span class='ocrx_word' id='word_1_336' title='bbox 1463 2853 1728 2914; x_wconf 89' lang='lat' dir='ltr'><strong>tempora,</strong></span> 
     </span>
    </p>
   </div>
   <div class='ocr_carea' id='block_1_45' title="bbox 147 2931 1731 3004">
    <p class='ocr_par' dir='ltr' id='par_1_45' title="bbox 147 2931 1731 3004">
     <span class='ocr_line' id='line_1_45' title="bbox 147 2931 1731 3004; baseline 0.002 -20"><span class='ocrx_word' id='word_1_337' title='bbox 147 2931 212 2985; x_wconf 82' lang='lat' dir='ltr'><strong>ita</strong></span> <span class='ocrx_word' id='word_1_338' title='bbox 241 2942 298 2986; x_wconf 88' lang='lat' dir='ltr'><strong>ut</strong></span> <span class='ocrx_word' id='word_1_339' title='bbox 319 2934 762 3004; x_wconf 80' lang='lat' dir='ltr'><strong>strangularetur</strong></span> <span class='ocrx_word' id='word_1_340' title='bbox 791 2935 856 2989; x_wconf 89' lang='lat' dir='ltr'><strong>ab</strong></span> <span class='ocrx_word' id='word_1_341' title='bbox 896 2935 1031 3004; x_wconf 91' lang='lat' dir='ltr'><strong>ipso,</strong></span> <span class='ocrx_word' id='word_1_342' title='bbox 1076 2935 1384 2990; x_wconf 88' lang='lat' dir='ltr'><strong>constrictis</strong></span> <span class='ocrx_word' id='word_1_343' title='bbox 1419 2934 1731 3004; x_wconf 78' lang='lat' dir='ltr'><strong>spiramini-</strong></span> 
     </span>
    </p>
   </div>
   <div class='ocr_carea' id='block_1_46' title="bbox 1834 1941 3427 2015">
    <p class='ocr_par' dir='ltr' id='par_1_46' title="bbox 1834 1941 3427 2015">
     <span class='ocr_line' id='line_1_46' title="bbox 1834 1941 3427 2015; baseline -0.008 -12"><span class='ocrx_word' id='word_1_344' title='bbox 1834 1945 2047 2003; x_wconf 87' lang='lat' dir='ltr'><strong>oculum</strong></span> <span class='ocrx_word' id='word_1_345' title='bbox 2107 1945 2357 2015; x_wconf 78' lang='lat' dir='ltr'><strong>imaginis</strong></span> <span class='ocrx_word' id='word_1_346' title='bbox 2403 1946 2692 2000; x_wconf 80' lang='lat' dir='ltr'><strong>dextrum:</strong></span> <span class='ocrx_word' id='word_1_347' title='bbox 2733 1954 2790 1998; x_wconf 88' lang='lat' dir='ltr'><strong>et</strong></span> <span class='ocrx_word' id='word_1_348' title='bbox 2843 1943 3034 1998; x_wconf 83' lang='lat' dir='ltr'><strong>exiens</strong></span> <span class='ocrx_word' id='word_1_349' title='bbox 3079 1942 3146 1996; x_wconf 88' lang='lat' dir='ltr'><strong>de</strong></span> <span class='ocrx_word' id='word_1_350' title='bbox 3197 1941 3427 2010; x_wconf 80' lang='lat' dir='ltr'><strong>templo,</strong></span> 
     </span>
    </p>
   </div>
   <div class='ocr_carea' id='block_1_47' title="bbox 1835 2033 3424 2111">
    <p class='ocr_par' dir='ltr' id='par_1_47' title="bbox 1835 2033 3424 2111">
     <span class='ocr_line' id='line_1_47' title="bbox 1835 2033 3424 2111; baseline -0.006 -18"><span class='ocrx_word' id='word_1_351' title='bbox 1835 2039 2066 2111; x_wconf 88' lang='lat' dir='ltr'><strong>pulsavit</strong></span> <span class='ocrx_word' id='word_1_352' title='bbox 2087 2039 2250 2094; x_wconf 82' lang='lat' dir='ltr'><strong>boves</strong></span> <span class='ocrx_word' id='word_1_353' title='bbox 2277 2039 2482 2093; x_wconf 88' lang='lat' dir='ltr'><strong>aculeo.</strong></span> <span class='ocrx_word' id='word_1_354' title='bbox 2510 2037 2752 2106; x_wconf 83' lang='lat' dir='ltr'><strong>Cumque</strong></span> <span class='ocrx_word' id='word_1_355' title='bbox 2776 2045 3116 2106; x_wconf 87' lang='lat' dir='ltr'><strong>rnmperelur</strong></span> <span class='ocrx_word' id='word_1_356' title='bbox 3137 2033 3424 2097; x_wconf 71' lang='lat' dir='ltr'><strong>stimulus,</strong></span> 
     </span>
    </p>
   </div>
   <div class='ocr_carea' id='block_1_48' title="bbox 1835 2122 3438 2200">
    <p class='ocr_par' dir='ltr' id='par_1_48' title="bbox 1835 2122 3438 2200">
     <span class='ocr_line' id='line_1_48' title="bbox 1835 2122 3438 2200; baseline -0.006 -14"><span class='ocrx_word' id='word_1_357' title='bbox 1835 2131 1996 2186; x_wconf 87' lang='lat' dir='ltr'><strong>rediit</strong></span> <span class='ocrx_word' id='word_1_358' title='bbox 2024 2129 2266 2200; x_wconf 80' lang='lat' dir='ltr'><strong>fragmen</strong></span> <span class='ocrx_word' id='word_1_359' title='bbox 2311 2128 2513 2183; x_wconf 91' lang='lat' dir='ltr'><strong>stimuli</strong></span> <span class='ocrx_word' id='word_1_360' title='bbox 2549 2128 2601 2181; x_wconf 90' lang='lat' dir='ltr'><strong>in</strong></span> <span class='ocrx_word' id='word_1_361' title='bbox 2631 2128 2883 2182; x_wconf 89' lang='lat' dir='ltr'><strong>dextrum</strong></span> <span class='ocrx_word' id='word_1_362' title='bbox 2923 2123 3136 2180; x_wconf 91' lang='lat' dir='ltr'><strong>oculum</strong></span> <span class='ocrx_word' id='word_1_363' title='bbox 3159 2122 3438 2186; x_wconf 83' lang='lat' dir='ltr'><strong>hominis,-</strong></span> 
     </span>
    </p>
   </div>
   <div class='ocr_carea' id='block_1_49' title="bbox 1834 2213 3429 2288">
    <p class='ocr_par' dir='ltr' id='par_1_49' title="bbox 1834 2213 3429 2288">
     <span class='ocr_line' id='line_1_49' title="bbox 1834 2213 3429 2288; baseline -0.004 -13"><span class='ocrx_word' id='word_1_364' title='bbox 1834 2229 1890 2276; x_wconf 92' lang='lat' dir='ltr'><strong>et</strong></span> <span class='ocrx_word' id='word_1_365' title='bbox 1923 2219 2217 2275; x_wconf 64' lang='lat' dir='ltr'><strong>obcaecavit</strong></span> <span class='ocrx_word' id='word_1_366' title='bbox 2256 2234 2399 2274; x_wconf 90' lang='lat' dir='ltr'><strong>eum.</strong></span> <span class='ocrx_word' id='word_1_367' title='bbox 2466 2217 2620 2272; x_wconf 86' lang='lat' dir='ltr'><strong>Hunc</strong></span> <span class='ocrx_word' id='word_1_368' title='bbox 2667 2232 2767 2288; x_wconf 89' lang='lat' dir='ltr'><strong>ego</strong></span> <span class='ocrx_word' id='word_1_369' title='bbox 2801 2215 2907 2270; x_wconf 88' lang='lat' dir='ltr'><strong>vidi</strong></span> <span class='ocrx_word' id='word_1_370' title='bbox 2954 2215 3152 2278; x_wconf 90' lang='lat' dir='ltr'><strong>virum,</strong></span> <span class='ocrx_word' id='word_1_371' title='bbox 3197 2221 3254 2268; x_wconf 91' lang='lat' dir='ltr'><strong>et</strong></span> <span class='ocrx_word' id='word_1_372' title='bbox 3291 2213 3429 2268; x_wconf 71' lang='lat' dir='ltr'><strong>novi</strong></span> 
     </span>
    </p>
   </div>
   <div class='ocr_carea' id='block_1_50' title="bbox 1833 2302 3423 2367">
    <p class='ocr_par' dir='ltr' id='par_1_50' title="bbox 1833 2302 3423 2367">
     <span class='ocr_line' id='line_1_50' title="bbox 1833 2302 3423 2367; baseline -0.007 -1"><span class='ocrx_word' id='word_1_373' title='bbox 1833 2313 2040 2367; x_wconf 91' lang='lat' dir='ltr'><strong>luscum</strong></span> <span class='ocrx_word' id='word_1_374' title='bbox 2072 2309 2340 2364; x_wconf 83' lang='lat' dir='ltr'><strong>eﬁ&#39;eetum.</strong></span> <span class='ocrx_word' id='word_1_375' title='bbox 2385 2308 2537 2364; x_wconf 85' lang='lat' dir='ltr'><strong>Alius</strong></span> <span class='ocrx_word' id='word_1_376' title='bbox 2567 2309 2727 2364; x_wconf 91' lang='lat' dir='ltr'><strong>homo</strong></span> <span class='ocrx_word' id='word_1_377' title='bbox 2759 2307 2810 2361; x_wconf 92' lang='lat' dir='ltr'><strong>in</strong></span> <span class='ocrx_word' id='word_1_378' title='bbox 2836 2307 3054 2362; x_wconf 88' lang='lat' dir='ltr'><strong>civitate</strong></span> <span class='ocrx_word' id='word_1_379' title='bbox 3074 2303 3236 2367; x_wconf 89' lang='lat' dir='ltr'><strong>Citio,</strong></span> <span class='ocrx_word' id='word_1_380' title='bbox 3269 2302 3423 2358; x_wconf 54' lang='lat' dir='ltr'><strong>festio</strong></span> 
     </span>
    </p>
   </div>
   <div class='ocr_carea' id='block_1_51' title="bbox 1836 2395 3437 2470">
    <p class='ocr_par' dir='ltr' id='par_1_51' title="bbox 1836 2395 3437 2470">
     <span class='ocr_line' id='line_1_51' title="bbox 1836 2395 3437 2470; baseline -0.006 -11"><span class='ocrx_word' id='word_1_381' title='bbox 1836 2405 2002 2460; x_wconf 84' lang='lat' dir='ltr'><strong>vitate</strong></span> <span class='ocrx_word' id='word_1_382' title='bbox 2052 2412 2253 2458; x_wconf 72' lang='lat' dir='ltr'><strong>sancta:</strong></span> <span class='ocrx_word' id='word_1_383' title='bbox 2311 2401 2406 2458; x_wconf 92' lang='lat' dir='ltr'><strong>Dei</strong></span> <span class='ocrx_word' id='word_1_384' title='bbox 2454 2401 2765 2470; x_wconf 90' lang='lat' dir='ltr'><strong>genitricis,</strong></span> <span class='ocrx_word' id='word_1_385' title='bbox 2813 2399 2901 2455; x_wconf 91' lang='lat' dir='ltr'><strong>die</strong></span> <span class='ocrx_word' id='word_1_386' title='bbox 2962 2398 3168 2454; x_wconf 83' lang='lat' dir='ltr'><strong>scilicet</strong></span> <span class='ocrx_word' id='word_1_387' title='bbox 3207 2395 3437 2451; x_wconf 61' lang='lat' dir='ltr'><strong>decimo.</strong></span> 
     </span>
    </p>
   </div>
   <div class='ocr_carea' id='block_1_52' title="bbox 1832 2486 3431 2564">
    <p class='ocr_par' dir='ltr' id='par_1_52' title="bbox 1832 2486 3431 2564">
     <span class='ocr_line' id='line_1_52' title="bbox 1832 2486 3431 2564; baseline -0.004 -16"><span class='ocrx_word' id='word_1_388' title='bbox 1832 2495 2022 2564; x_wconf 89' lang='lat' dir='ltr'><strong>quinto</strong></span> <span class='ocrx_word' id='word_1_389' title='bbox 2051 2493 2250 2546; x_wconf 87' lang='lat' dir='ltr'><strong>mensis</strong></span> <span class='ocrx_word' id='word_1_390' title='bbox 2271 2491 2523 2561; x_wconf 78' lang='lat' dir='ltr'><strong>Augusti,</strong></span> <span class='ocrx_word' id='word_1_391' title='bbox 2566 2491 2839 2562; x_wconf 84' lang='lat' dir='ltr'><strong>ingressus</strong></span> <span class='ocrx_word' id='word_1_392' title='bbox 2863 2500 2949 2546; x_wconf 91' lang='lat' dir='ltr'><strong>est</strong></span> <span class='ocrx_word' id='word_1_393' title='bbox 2977 2489 3028 2544; x_wconf 94' lang='lat' dir='ltr'><strong>in</strong></span> <span class='ocrx_word' id='word_1_394' title='bbox 3059 2486 3336 2558; x_wconf 87' lang='lat' dir='ltr'><strong>templum,</strong></span> <span class='ocrx_word' id='word_1_395' title='bbox 3359 2495 3431 2542; x_wconf 69' lang='lat' dir='ltr'><strong>ut</strong></span> 
     </span>
    </p>
   </div>
   <div class='ocr_carea' id='block_1_53' title="bbox 1832 2577 3424 2650">
    <p class='ocr_par' dir='ltr' id='par_1_53' title="bbox 1832 2577 3424 2650">
     <span class='ocr_line' id='line_1_53' title="bbox 1832 2577 3424 2650; baseline -0.004 -13"><span class='ocrx_word' id='word_1_396' title='bbox 1832 2583 2121 2637; x_wconf 87' lang='lat' dir='ltr'><strong>adornaret</strong></span> <span class='ocrx_word' id='word_1_397' title='bbox 2149 2581 2276 2636; x_wconf 93' lang='lat' dir='ltr'><strong>illud</strong></span> <span class='ocrx_word' id='word_1_398' title='bbox 2306 2581 2477 2636; x_wconf 75' lang='lat' dir='ltr'><strong>&#39;velis:</strong></span> <span class='ocrx_word' id='word_1_399' title='bbox 2511 2591 2566 2635; x_wconf 89' lang='lat' dir='ltr'><strong>et</strong></span> <span class='ocrx_word' id='word_1_400' title='bbox 2598 2589 2877 2650; x_wconf 91' lang='lat' dir='ltr'><strong>assumpto</strong></span> <span class='ocrx_word' id='word_1_401' title='bbox 2922 2578 3096 2642; x_wconf 86' lang='lat' dir='ltr'><strong>clavo,</strong></span> <span class='ocrx_word' id='word_1_402' title='bbox 3147 2577 3263 2630; x_wconf 81' lang='lat' dir='ltr'><strong>ﬁxit</strong></span> <span class='ocrx_word' id='word_1_403' title='bbox 3291 2591 3424 2630; x_wconf 84' lang='lat' dir='ltr'><strong>eum</strong></span> 
     </span>
    </p>
   </div>
   <div class='ocr_carea' id='block_1_54' title="bbox 1833 2661 3431 2740">
    <p class='ocr_par' dir='ltr' id='par_1_54' title="bbox 1833 2661 3431 2740">
     <span class='ocr_line' id='line_1_54' title="bbox 1833 2661 3431 2740; baseline -0.008 -16"><span class='ocrx_word' id='word_1_404' title='bbox 1833 2670 1886 2724; x_wconf 90' lang='lat' dir='ltr'><strong>in</strong></span> <span class='ocrx_word' id='word_1_405' title='bbox 1912 2671 2139 2740; x_wconf 88' lang='lat' dir='ltr'><strong>pariete,</strong></span> <span class='ocrx_word' id='word_1_406' title='bbox 2170 2670 2222 2724; x_wconf 93' lang='lat' dir='ltr'><strong>in</strong></span> <span class='ocrx_word' id='word_1_407' title='bbox 2255 2668 2367 2738; x_wconf 90' lang='lat' dir='ltr'><strong>ipsa</strong></span> <span class='ocrx_word' id='word_1_408' title='bbox 2399 2667 2575 2723; x_wconf 89' lang='lat' dir='ltr'><strong>fronte</strong></span> <span class='ocrx_word' id='word_1_409' title='bbox 2606 2665 2854 2738; x_wconf 86' lang='lat' dir='ltr'><strong>imaginis</strong></span> <span class='ocrx_word' id='word_1_410' title='bbox 2877 2664 3048 2720; x_wconf 89' lang='lat' dir='ltr'><strong>sancti</strong></span> <span class='ocrx_word' id='word_1_411' title='bbox 3076 2662 3242 2718; x_wconf 88' lang='lat' dir='ltr'><strong>Petri.</strong></span> <span class='ocrx_word' id='word_1_412' title='bbox 3279 2661 3431 2716; x_wconf 53' lang='lat' dir='ltr'><strong>Cum.</strong></span> 
     </span>
    </p>
   </div>
   <div class='ocr_carea' id='block_1_55' title="bbox 1831 2751 3422 2830">
    <p class='ocr_par' dir='ltr' id='par_1_55' title="bbox 1831 2751 3422 2830">
     <span class='ocr_line' id='line_1_55' title="bbox 1831 2751 3422 2830; baseline -0.007 -15"><span class='ocrx_word' id='word_1_413' title='bbox 1831 2775 1962 2829; x_wconf 90' lang='lat' dir='ltr'><strong>ergo</strong></span> <span class='ocrx_word' id='word_1_414' title='bbox 1994 2758 2179 2814; x_wconf 90' lang='lat' dir='ltr'><strong>funem</strong></span> <span class='ocrx_word' id='word_1_415' title='bbox 2228 2757 2469 2830; x_wconf 83' lang='lat' dir='ltr'><strong>ligasset,</strong></span> <span class='ocrx_word' id='word_1_416' title='bbox 2506 2764 2562 2811; x_wconf 90' lang='lat' dir='ltr'><strong>et</strong></span> <span class='ocrx_word' id='word_1_417' title='bbox 2606 2756 2956 2825; x_wconf 80' lang='lat' dir='ltr'><strong>explicuisset</strong></span> <span class='ocrx_word' id='word_1_418' title='bbox 2993 2753 3193 2820; x_wconf 81' lang='lat' dir='ltr'><strong>velum,</strong></span> <span class='ocrx_word' id='word_1_419' title='bbox 3223 2751 3422 2807; x_wconf 84' lang='lat' dir='ltr'><strong>eadem</strong></span> 
     </span>
    </p>
   </div>
   <div class='ocr_carea' id='block_1_56' title="bbox 1832 2842 3420 2917">
    <p class='ocr_par' dir='ltr' id='par_1_56' title="bbox 1832 2842 3420 2917">
     <span class='ocr_line' id='line_1_56' title="bbox 1832 2842 3420 2917; baseline -0.004 -15"><span class='ocrx_word' id='word_1_420' title='bbox 1832 2849 1966 2903; x_wconf 88' lang='lat' dir='ltr'><strong>hora</strong></span> <span class='ocrx_word' id='word_1_421' title='bbox 1997 2847 2149 2902; x_wconf 92' lang='lat' dir='ltr'><strong>dolor</strong></span> <span class='ocrx_word' id='word_1_422' title='bbox 2184 2845 2540 2917; x_wconf 86' lang='lat' dir='ltr'><strong>apprehendit</strong></span> <span class='ocrx_word' id='word_1_423' title='bbox 2575 2860 2697 2900; x_wconf 93' lang='lat' dir='ltr'><strong>eum</strong></span> <span class='ocrx_word' id='word_1_424' title='bbox 2733 2847 2784 2900; x_wconf 93' lang='lat' dir='ltr'><strong>in</strong></span> <span class='ocrx_word' id='word_1_425' title='bbox 2839 2844 3015 2914; x_wconf 89' lang='lat' dir='ltr'><strong>capite</strong></span> <span class='ocrx_word' id='word_1_426' title='bbox 3039 2843 3303 2900; x_wconf 74' lang='lat' dir='ltr'><strong>et&#39;fronte</strong></span> <span class='ocrx_word' id='word_1_427' title='bbox 3335 2842 3420 2896; x_wconf 91' lang='lat' dir='ltr'><strong>in-</strong></span> 
     </span>
    </p>
   </div>
   <div class='ocr_carea' id='block_1_57' title="bbox 1834 2931 3412 2994">
    <p class='ocr_par' dir='ltr' id='par_1_57' title="bbox 1834 2931 3412 2994">
     <span class='ocr_line' id='line_1_57' title="bbox 1834 2931 3412 2994; baseline -0.004 0"><span class='ocrx_word' id='word_1_428' title='bbox 1834 2938 2130 2994; x_wconf 89' lang='lat' dir='ltr'><strong>tolerabilis</strong></span> <span class='ocrx_word' id='word_1_429' title='bbox 2164 2955 2178 2992; x_wconf 90' lang='lat'><strong>:</strong></span> <span class='ocrx_word' id='word_1_430' title='bbox 2223 2946 2277 2992; x_wconf 93' lang='lat' dir='ltr'><strong>et</strong></span> <span class='ocrx_word' id='word_1_431' title='bbox 2327 2936 2526 2992; x_wconf 89' lang='lat' dir='ltr'><strong>mansit</strong></span> <span class='ocrx_word' id='word_1_432' title='bbox 2557 2937 2766 2991; x_wconf 90' lang='lat' dir='ltr'><strong>duobus</strong></span> <span class='ocrx_word' id='word_1_433' title='bbox 2816 2934 3008 2990; x_wconf 89' lang='lat' dir='ltr'><strong>diebus</strong></span> <span class='ocrx_word' id='word_1_434' title='bbox 3047 2931 3412 2989; x_wconf 85' lang='lat' dir='ltr'><strong>solemnitatis</strong></span> 
     </span>
    </p>
   </div>
   <div class='ocr_carea' id='block_1_58' title="bbox 145 3023 3417 3102">
    <p class='ocr_par' dir='ltr' id='par_1_58' title="bbox 145 3023 3417 3102">
     <span class='ocr_line' id='line_1_58' title="bbox 145 3023 3417 3102; baseline 0 -25"><span class='ocrx_word' id='word_1_435' title='bbox 145 3023 237 3079; x_wconf 90' lang='lat' dir='ltr'><strong>bus</strong></span> <span class='ocrx_word' id='word_1_436' title='bbox 258 3025 394 3081; x_wconf 89' lang='lat' dir='ltr'><strong>suis.</strong></span> <span class='ocrx_word' id='word_1_437' title='bbox 429 3025 531 3082; x_wconf 81' lang='lat' dir='ltr'><strong>Hic</strong></span> <span class='ocrx_word' id='word_1_438' title='bbox 557 3027 856 3082; x_wconf 90' lang='lat' dir='ltr'><strong>ascendens</strong></span> <span class='ocrx_word' id='word_1_439' title='bbox 883 3026 950 3081; x_wconf 91' lang='lat' dir='ltr'><strong>ad</strong></span> <span class='ocrx_word' id='word_1_440' title='bbox 989 3037 1235 3083; x_wconf 87' lang='lat' dir='ltr'><strong>sanctum</strong></span> <span class='ocrx_word' id='word_1_441' title='bbox 1256 3067 1273 3094; x_wconf 95' lang='lat'><strong>,</strong></span> <span class='ocrx_word' id='word_1_442' title='bbox 1321 3034 1377 3082; x_wconf 92' lang='lat' dir='ltr'><strong>et</strong></span> <span class='ocrx_word' id='word_1_443' title='bbox 1405 3035 1728 3082; x_wconf 88' lang='lat' dir='ltr'><strong>consecutus</strong></span> <span class='ocrx_word' id='word_1_444' title='bbox 1824 3031 2037 3102; x_wconf 86' lang='lat' dir='ltr'><strong>jacens,</strong></span> <span class='ocrx_word' id='word_1_445' title='bbox 2075 3039 2131 3085; x_wconf 92' lang='lat' dir='ltr'><strong>et</strong></span> <span class='ocrx_word' id='word_1_446' title='bbox 2156 3029 2431 3085; x_wconf 87' lang='lat' dir='ltr'><strong>cruciatus</strong></span> <span class='ocrx_word' id='word_1_447' title='bbox 2460 3027 2690 3098; x_wconf 88' lang='lat' dir='ltr'><strong>patiens.</strong></span> <span class='ocrx_word' id='word_1_448' title='bbox 2741 3025 2858 3094; x_wconf 82' lang='lat' dir='ltr'><strong>Quo</strong></span> <span class='ocrx_word' id='word_1_449' title='bbox 2897 3032 3176 3096; x_wconf 90' lang='lat' dir='ltr'><strong>comperto</strong></span> <span class='ocrx_word' id='word_1_450' title='bbox 3200 3023 3417 3094; x_wconf 46' lang='lat' dir='ltr'><strong>episeo-i</strong></span> 
     </span>
    </p>
   </div>
   <div class='ocr_carea' id='block_1_59' title="bbox 145 3121 1722 3194">
    <p class='ocr_par' dir='ltr' id='par_1_59' title="bbox 145 3121 1722 3194">
     <span class='ocr_line' id='line_1_59' title="bbox 145 3121 1722 3194; baseline 0.003 -20"><span class='ocrx_word' id='word_1_451' title='bbox 145 3121 438 3176; x_wconf 81' lang='lat' dir='ltr'><strong>remedium</strong></span> <span class='ocrx_word' id='word_1_452' title='bbox 468 3121 951 3178; x_wconf 90' lang='lat' dir='ltr'><strong>intercessionibus</strong></span> <span class='ocrx_word' id='word_1_453' title='bbox 974 3123 1233 3192; x_wconf 89' lang='lat' dir='ltr'><strong>ipsius,et</strong></span> <span class='ocrx_word' id='word_1_454' title='bbox 1261 3123 1437 3179; x_wconf 88' lang='lat' dir='ltr'><strong>factus</strong></span> <span class='ocrx_word' id='word_1_455' title='bbox 1467 3134 1722 3194; x_wconf 85' lang='lat' dir='ltr'><strong>tanquam</strong></span> 
     </span>
    </p>
   </div>
   <div class='ocr_carea' id='block_1_60' title="bbox 1831 3111 3419 3192">
    <p class='ocr_par' dir='ltr' id='par_1_60' title="bbox 1831 3111 3419 3192">
     <span class='ocr_line' id='line_1_60' title="bbox 1831 3111 3419 3192; baseline -0.006 -17"><span class='ocrx_word' id='word_1_456' title='bbox 1831 3135 1934 3192; x_wconf 90' lang='lat' dir='ltr'><strong>pus</strong></span> <span class='ocrx_word' id='word_1_457' title='bbox 1962 3119 2086 3175; x_wconf 81' lang='lat' dir='ltr'><strong>Citii</strong></span> <span class='ocrx_word' id='word_1_458' title='bbox 2116 3115 2410 3189; x_wconf 73' lang='lat' dir='ltr'><strong>redarguit,</strong></span> <span class='ocrx_word' id='word_1_459' title='bbox 2435 3123 2490 3171; x_wconf 92' lang='lat' dir='ltr'><strong>et</strong></span> <span class='ocrx_word' id='word_1_460' title='bbox 2510 3113 2674 3184; x_wconf 88' lang='lat' dir='ltr'><strong>jussit</strong></span> <span class='ocrx_word' id='word_1_461' title='bbox 2695 3129 2921 3184; x_wconf 83' lang='lat' dir='ltr'><strong>pergere</strong></span> <span class='ocrx_word' id='word_1_462' title='bbox 2958 3121 3015 3168; x_wconf 91' lang='lat' dir='ltr'><strong>et</strong></span> <span class='ocrx_word' id='word_1_463' title='bbox 3047 3113 3277 3168; x_wconf 90' lang='lat' dir='ltr'><strong>educere</strong></span> <span class='ocrx_word' id='word_1_464' title='bbox 3302 3111 3419 3167; x_wconf 84' lang='lat' dir='ltr'><strong>ela-</strong></span> 
     </span>
    </p>
   </div>
   <div class='ocr_carea' id='block_1_61' title="bbox 146 3184 3425 3286">
    <p class='ocr_par' dir='ltr' id='par_1_61' title="bbox 146 3184 3425 3286">
     <span class='ocr_line' id='line_1_61' title="bbox 146 3184 3425 3286; baseline -0.002 -20"><span class='ocrx_word' id='word_1_465' title='bbox 146 3212 269 3266; x_wconf 90' lang='lat' dir='ltr'><strong>nihil</strong></span> <span class='ocrx_word' id='word_1_466' title='bbox 299 3213 496 3268; x_wconf 82' lang='lat' dir='ltr'><strong>fuisset</strong></span> <span class='ocrx_word' id='word_1_467' title='bbox 528 3213 653 3268; x_wconf 88' lang='lat' dir='ltr'><strong>mali</strong></span> <span class='ocrx_word' id='word_1_468' title='bbox 687 3184 1008 3284; x_wconf 54' lang='lat' dir='ltr'><strong>perpessus;</strong></span> <span class='ocrx_word' id='word_1_469' title='bbox 1022 3225 1075 3270; x_wconf 88' lang='lat' dir='ltr'><strong>et</strong></span> <span class='ocrx_word' id='word_1_470' title='bbox 1104 3184 1315 3271; x_wconf 81' lang='lat' dir='ltr'><strong>rediens</strong></span> <span class='ocrx_word' id='word_1_471' title='bbox 1346 3217 1412 3269; x_wconf 91' lang='lat' dir='ltr'><strong>ad</strong></span> <span class='ocrx_word' id='word_1_472' title='bbox 1450 3184 1725 3286; x_wconf 70' lang='lat' dir='ltr'><strong>propriam</strong></span> <span class='ocrx_word' id='word_1_473' title='bbox 1753 3184 1798 3246; x_wconf 82' lang='lat' dir='ltr'><strong><em>C</em></strong></span> <span class='ocrx_word' id='word_1_474' title='bbox 1830 3184 1954 3269; x_wconf 73' lang='lat' dir='ltr'><strong>vum</strong></span> <span class='ocrx_word' id='word_1_475' title='bbox 1983 3231 2048 3270; x_wconf 78' lang='lat' dir='ltr'><strong>ex</strong></span> <span class='ocrx_word' id='word_1_476' title='bbox 2079 3184 2328 3282; x_wconf 78' lang='lat' dir='ltr'><strong>imagine.</strong></span> <span class='ocrx_word' id='word_1_477' title='bbox 2361 3209 2463 3277; x_wconf 85' lang='lat' dir='ltr'><strong>Qui</strong></span> <span class='ocrx_word' id='word_1_478' title='bbox 2514 3223 2762 3278; x_wconf 85' lang='lat' dir='ltr'><strong>pergens,</strong></span> <span class='ocrx_word' id='word_1_479' title='bbox 2793 3214 2847 3261; x_wconf 91' lang='lat' dir='ltr'><strong>et</strong></span> <span class='ocrx_word' id='word_1_480' title='bbox 2893 3207 2996 3261; x_wconf 92' lang='lat' dir='ltr'><strong>hoc</strong></span> <span class='ocrx_word' id='word_1_481' title='bbox 3032 3219 3246 3274; x_wconf 86' lang='lat' dir='ltr'><strong>gerens,</strong></span> <span class='ocrx_word' id='word_1_482' title='bbox 3290 3219 3425 3259; x_wconf 36' lang='lat' dir='ltr'><strong>cum.</strong></span> 
     </span>
    </p>
   </div>
   <div class='ocr_carea' id='block_1_62' title="bbox 144 3299 1725 3377">
    <p class='ocr_par' dir='ltr' id='par_1_62' title="bbox 144 3299 1725 3377">
     <span class='ocr_line' id='line_1_62' title="bbox 144 3299 1725 3377; baseline 0.005 -24"><span class='ocrx_word' id='word_1_483' title='bbox 144 3299 380 3368; x_wconf 90' lang='lat' dir='ltr'><strong>domum,</strong></span> <span class='ocrx_word' id='word_1_484' title='bbox 408 3317 508 3370; x_wconf 90' lang='lat' dir='ltr'><strong>pro</strong></span> <span class='ocrx_word' id='word_1_485' title='bbox 533 3305 830 3373; x_wconf 87' lang='lat' dir='ltr'><strong>gratiarum</strong></span> <span class='ocrx_word' id='word_1_486' title='bbox 867 3307 1078 3359; x_wconf 79' lang='lat' dir='ltr'><strong>actione</strong></span> <span class='ocrx_word' id='word_1_487' title='bbox 1116 3306 1288 3360; x_wconf 79' lang='lat' dir='ltr'><strong>erexit</strong></span> <span class='ocrx_word' id='word_1_488' title='bbox 1319 3306 1393 3362; x_wconf 88' lang='lat' dir='ltr'><strong>illi</strong></span> <span class='ocrx_word' id='word_1_489' title='bbox 1439 3307 1725 3377; x_wconf 77' lang='lat' dir='ltr'><strong>imaginem</strong></span> 
     </span>
    </p>
   </div>
   <div class='ocr_carea' id='block_1_63' title="bbox 144 3387 1726 3467">
    <p class='ocr_par' dir='ltr' id='par_1_63' title="bbox 144 3387 1726 3467">
     <span class='ocr_line' id='line_1_63' title="bbox 144 3387 1726 3467; baseline 0.008 -26"><span class='ocrx_word' id='word_1_490' title='bbox 144 3387 191 3442; x_wconf 92' lang='lat' dir='ltr'><strong>in</strong></span> <span class='ocrx_word' id='word_1_491' title='bbox 228 3391 450 3458; x_wconf 80' lang='lat' dir='ltr'><strong>publico</strong></span> <span class='ocrx_word' id='word_1_492' title='bbox 473 3403 528 3446; x_wconf 87' lang='lat' dir='ltr'><strong>et</strong></span> <span class='ocrx_word' id='word_1_493' title='bbox 568 3392 874 3448; x_wconf 88' lang='lat' dir='ltr'><strong>clarissimo</strong></span> <span class='ocrx_word' id='word_1_494' title='bbox 903 3395 1140 3451; x_wconf 91' lang='lat' dir='ltr'><strong>civitatis</strong></span> <span class='ocrx_word' id='word_1_495' title='bbox 1170 3397 1307 3462; x_wconf 92' lang='lat' dir='ltr'><strong>loco,</strong></span> <span class='ocrx_word' id='word_1_496' title='bbox 1345 3413 1509 3467; x_wconf 89' lang='lat' dir='ltr'><strong>super</strong></span> <span class='ocrx_word' id='word_1_497' title='bbox 1531 3397 1726 3466; x_wconf 84' lang='lat' dir='ltr'><strong>januas</strong></span> 
     </span>
    </p>
   </div>
   <div class='ocr_carea' id='block_1_64' title="bbox 143 3485 1724 3561">
    <p class='ocr_par' dir='ltr' id='par_1_64' title="bbox 143 3485 1724 3561">
     <span class='ocr_line' id='line_1_64' title="bbox 143 3485 1724 3561; baseline 0.006 -25"><span class='ocrx_word' id='word_1_498' title='bbox 143 3485 419 3552; x_wconf 86' lang='lat' dir='ltr'><strong>ergasterii</strong></span> <span class='ocrx_word' id='word_1_499' title='bbox 449 3485 554 3540; x_wconf 92' lang='lat' dir='ltr'><strong>sni.</strong></span> <span class='ocrx_word' id='word_1_500' title='bbox 590 3485 848 3541; x_wconf 84' lang='lat' dir='ltr'><strong>Videntes</strong></span> <span class='ocrx_word' id='word_1_501' title='bbox 875 3497 1054 3542; x_wconf 89' lang='lat' dir='ltr'><strong>autem</strong></span> <span class='ocrx_word' id='word_1_502' title='bbox 1085 3505 1205 3544; x_wconf 86' lang='lat' dir='ltr'><strong>eam</strong></span> <span class='ocrx_word' id='word_1_503' title='bbox 1238 3491 1453 3561; x_wconf 91' lang='lat' dir='ltr'><strong>quidam</strong></span> <span class='ocrx_word' id='word_1_504' title='bbox 1495 3507 1560 3546; x_wconf 87' lang='lat' dir='ltr'><strong>ex</strong></span> <span class='ocrx_word' id='word_1_505' title='bbox 1602 3492 1724 3546; x_wconf 84' lang='lat' dir='ltr'><strong>inﬁ-</strong></span> 
     </span>
    </p>
   </div>
   <div class='ocr_carea' id='block_1_65' title="bbox 143 3571 1726 3638">
    <p class='ocr_par' dir='ltr' id='par_1_65' title="bbox 143 3571 1726 3638">
     <span class='ocr_line' id='line_1_65' title="bbox 143 3571 1726 3638; baseline 0.009 -14"><span class='ocrx_word' id='word_1_506' title='bbox 143 3571 343 3628; x_wconf 89' lang='lat' dir='ltr'><strong>delibus</strong></span> <span class='ocrx_word' id='word_1_507' title='bbox 402 3582 510 3628; x_wconf 89' lang='lat' dir='ltr'><strong>tam</strong></span> <span class='ocrx_word' id='word_1_508' title='bbox 557 3577 947 3632; x_wconf 88' lang='lat' dir='ltr'><strong>honorabiliter</strong></span> <span class='ocrx_word' id='word_1_509' title='bbox 988 3595 1111 3634; x_wconf 85' lang='lat' dir='ltr'><strong>eum</strong></span> <span class='ocrx_word' id='word_1_510' title='bbox 1162 3580 1456 3636; x_wconf 90' lang='lat' dir='ltr'><strong>luminibus</strong></span> <span class='ocrx_word' id='word_1_511' title='bbox 1501 3591 1555 3636; x_wconf 93' lang='lat' dir='ltr'><strong>et</strong></span> <span class='ocrx_word' id='word_1_512' title='bbox 1594 3583 1726 3638; x_wconf 86' lang='lat' dir='ltr'><strong>velis</strong></span> 
     </span>
    </p>
   </div>
   <div class='ocr_carea' id='block_1_66' title="bbox 141 3662 1722 3740">
    <p class='ocr_par' dir='ltr' id='par_1_66' title="bbox 141 3662 1722 3740">
     <span class='ocr_line' id='line_1_66' title="bbox 141 3662 1722 3740; baseline 0.008 -26"><span class='ocrx_word' id='word_1_513' title='bbox 141 3662 450 3731; x_wconf 87' lang='lat' dir='ltr'><strong>gloriﬁcari,</strong></span> <span class='ocrx_word' id='word_1_514' title='bbox 485 3667 670 3734; x_wconf 88' lang='lat' dir='ltr'><strong>repleti</strong></span> <span class='ocrx_word' id='word_1_515' title='bbox 699 3668 832 3732; x_wconf 85' lang='lat' dir='ltr'><strong>zelo,</strong></span> <span class='ocrx_word' id='word_1_516' title='bbox 857 3670 1317 3725; x_wconf 89' lang='lat' dir='ltr'><strong>contnrbaverunt</strong></span> <span class='ocrx_word' id='word_1_517' title='bbox 1346 3672 1549 3728; x_wconf 84' lang='lat' dir='ltr'><strong>similes</strong></span> <span class='ocrx_word' id='word_1_518' title='bbox 1574 3688 1722 3740; x_wconf 87' lang='lat' dir='ltr'><strong>suos,</strong></span> 
     </span>
    </p>
   </div>
   <div class='ocr_carea' id='block_1_67' title="bbox 144 3752 1724 3816">
    <p class='ocr_par' dir='ltr' id='par_1_67' title="bbox 144 3752 1724 3816">
     <span class='ocr_line' id='line_1_67' title="bbox 144 3752 1724 3816; baseline 0.007 -13"><span class='ocrx_word' id='word_1_519' title='bbox 144 3752 477 3808; x_wconf 86' lang='lat' dir='ltr'><strong>inordinatos</strong></span> <span class='ocrx_word' id='word_1_520' title='bbox 504 3757 709 3810; x_wconf 83' lang='lat' dir='ltr'><strong>scilicet</strong></span> <span class='ocrx_word' id='word_1_521' title='bbox 741 3757 1021 3816; x_wconf 87' lang='lat' dir='ltr'><strong>homines:</strong></span> <span class='ocrx_word' id='word_1_522' title='bbox 1056 3759 1127 3812; x_wconf 91' lang='lat' dir='ltr'><strong>ita</strong></span> <span class='ocrx_word' id='word_1_523' title='bbox 1159 3767 1218 3812; x_wconf 92' lang='lat' dir='ltr'><strong>ut</strong></span> <span class='ocrx_word' id='word_1_524' title='bbox 1241 3761 1554 3816; x_wconf 91' lang='lat' dir='ltr'><strong>conveniret</strong></span> <span class='ocrx_word' id='word_1_525' title='bbox 1586 3761 1724 3815; x_wconf 91' lang='lat' dir='ltr'><strong>mul-</strong></span> 
     </span>
    </p>
   </div>
   <div class='ocr_carea' id='block_1_68' title="bbox 143 3842 1725 3913">
    <p class='ocr_par' dir='ltr' id='par_1_68' title="bbox 143 3842 1725 3913">
     <span class='ocr_line' id='line_1_68' title="bbox 143 3842 1725 3913; baseline 0.011 -19"><span class='ocrx_word' id='word_1_526' title='bbox 143 3842 339 3913; x_wconf 85' lang='lat' dir='ltr'><strong>titudo,</strong></span> <span class='ocrx_word' id='word_1_527' title='bbox 368 3857 425 3902; x_wconf 91' lang='lat' dir='ltr'><strong>et</strong></span> <span class='ocrx_word' id='word_1_528' title='bbox 449 3865 572 3900; x_wconf 80' lang='lat' dir='ltr'><strong>cum</strong></span> <span class='ocrx_word' id='word_1_529' title='bbox 607 3849 838 3904; x_wconf 87' lang='lat' dir='ltr'><strong>tumultu</strong></span> <span class='ocrx_word' id='word_1_530' title='bbox 884 3851 1181 3906; x_wconf 89' lang='lat' dir='ltr'><strong>clamaret:</strong></span> <span class='ocrx_word' id='word_1_531' title='bbox 1233 3852 1383 3907; x_wconf 88' lang='lat' dir='ltr'><strong>Tolle</strong></span> <span class='ocrx_word' id='word_1_532' title='bbox 1431 3871 1460 3908; x_wconf 93' lang='lat' dir='ltr'><strong>a</strong></span> <span class='ocrx_word' id='word_1_533' title='bbox 1494 3855 1725 3911; x_wconf 85' lang='lat' dir='ltr'><strong>vivendo</strong></span> 
     </span>
    </p>
   </div>
   <div class='ocr_carea' id='block_1_69' title="bbox 141 3936 1723 4016">
    <p class='ocr_par' dir='ltr' id='par_1_69' title="bbox 141 3936 1723 4016">
     <span class='ocr_line' id='line_1_69' title="bbox 141 3936 1723 4016; baseline 0.008 -28"><span class='ocrx_word' id='word_1_534' title='bbox 141 3936 224 4004; x_wconf 86' lang='lat' dir='ltr'><strong>qui</strong></span> <span class='ocrx_word' id='word_1_535' title='bbox 253 3937 356 3991; x_wconf 90' lang='lat' dir='ltr'><strong>hoe</strong></span> <span class='ocrx_word' id='word_1_536' title='bbox 407 3937 554 4004; x_wconf 87' lang='lat' dir='ltr'><strong>fecit,</strong></span> <span class='ocrx_word' id='word_1_537' title='bbox 586 3948 642 3993; x_wconf 90' lang='lat' dir='ltr'><strong>et</strong></span> <span class='ocrx_word' id='word_1_538' title='bbox 692 3940 869 4011; x_wconf 86' lang='lat' dir='ltr'><strong>imago</strong></span> <span class='ocrx_word' id='word_1_539' title='bbox 897 3942 1216 4012; x_wconf 89' lang='lat' dir='ltr'><strong>deponatur.</strong></span> <span class='ocrx_word' id='word_1_540' title='bbox 1263 3944 1500 4016; x_wconf 83' lang='lat' dir='ltr'><strong>Contigit</strong></span> <span class='ocrx_word' id='word_1_541' title='bbox 1542 3956 1723 4002; x_wconf 89' lang='lat' dir='ltr'><strong>autem</strong></span> 
     </span>
    </p>
   </div>
   <div class='ocr_carea' id='block_1_70' title="bbox 143 4027 1724 4097">
    <p class='ocr_par' dir='ltr' id='par_1_70' title="bbox 143 4027 1724 4097">
     <span class='ocr_line' id='line_1_70' title="bbox 143 4027 1724 4097; baseline 0.009 -17"><span class='ocrx_word' id='word_1_542' title='bbox 143 4039 230 4093; x_wconf 84' lang='lat' dir='ltr'><strong>per</strong></span> <span class='ocrx_word' id='word_1_543' title='bbox 254 4027 718 4097; x_wconf 88' lang='lat' dir='ltr'><strong>dispensationem</strong></span> <span class='ocrx_word' id='word_1_544' title='bbox 751 4030 863 4096; x_wconf 90' lang='lat' dir='ltr'><strong>Dei,</strong></span> <span class='ocrx_word' id='word_1_545' title='bbox 893 4043 950 4086; x_wconf 91' lang='lat' dir='ltr'><strong>ut</strong></span> <span class='ocrx_word' id='word_1_546' title='bbox 974 4033 1055 4087; x_wconf 85' lang='lat' dir='ltr'><strong>vir</strong></span> <span class='ocrx_word' id='word_1_547' title='bbox 1100 4050 1205 4089; x_wconf 91' lang='lat' dir='ltr'><strong>non</strong></span> <span class='ocrx_word' id='word_1_548' title='bbox 1237 4035 1571 4092; x_wconf 88' lang='lat' dir='ltr'><strong>inveniretur</strong></span> <span class='ocrx_word' id='word_1_549' title='bbox 1599 4048 1724 4095; x_wconf 87' lang='lat' dir='ltr'><strong>tunc</strong></span> 
     </span>
    </p>
   </div>
   <div class='ocr_carea' id='block_1_71' title="bbox 144 4113 1727 4187">
    <p class='ocr_par' dir='ltr' id='par_1_71' title="bbox 144 4113 1727 4187">
     <span class='ocr_line' id='line_1_71' title="bbox 144 4113 1727 4187; baseline 0.011 -21"><span class='ocrx_word' id='word_1_550' title='bbox 144 4113 192 4168; x_wconf 92' lang='lat' dir='ltr'><strong>in</strong></span> <span class='ocrx_word' id='word_1_551' title='bbox 221 4117 382 4171; x_wconf 89' lang='lat' dir='ltr'><strong>domo</strong></span> <span class='ocrx_word' id='word_1_552' title='bbox 412 4134 529 4172; x_wconf 83' lang='lat' dir='ltr'><strong>sua.</strong></span> <span class='ocrx_word' id='word_1_553' title='bbox 563 4118 934 4175; x_wconf 87' lang='lat' dir='ltr'><strong>Procurabant</strong></span> <span class='ocrx_word' id='word_1_554' title='bbox 978 4123 1145 4187; x_wconf 84' lang='lat' dir='ltr'><strong>enim,</strong></span> <span class='ocrx_word' id='word_1_555' title='bbox 1175 4134 1233 4178; x_wconf 92' lang='lat' dir='ltr'><strong>ut</strong></span> <span class='ocrx_word' id='word_1_556' title='bbox 1275 4125 1328 4178; x_wconf 90' lang='lat' dir='ltr'><strong>in</strong></span> <span class='ocrx_word' id='word_1_557' title='bbox 1370 4141 1492 4180; x_wconf 90' lang='lat' dir='ltr'><strong>eum</strong></span> <span class='ocrx_word' id='word_1_558' title='bbox 1536 4144 1727 4184; x_wconf 90' lang='lat' dir='ltr'><strong>manus</strong></span> 
     </span>
    </p>
   </div>
   <div class='ocr_carea' id='block_1_72' title="bbox 144 4205 1727 4276">
    <p class='ocr_par' dir='ltr' id='par_1_72' title="bbox 144 4205 1727 4276">
     <span class='ocr_line' id='line_1_72' title="bbox 144 4205 1727 4276; baseline 0.009 -17"><span class='ocrx_word' id='word_1_559' title='bbox 144 4205 440 4276; x_wconf 88' lang='lat' dir='ltr'><strong>injicerenl,</strong></span> <span class='ocrx_word' id='word_1_560' title='bbox 468 4209 589 4265; x_wconf 88' lang='lat' dir='ltr'><strong>aliis</strong></span> <span class='ocrx_word' id='word_1_561' title='bbox 618 4211 719 4264; x_wconf 82' lang='lat' dir='ltr'><strong>alia</strong></span> <span class='ocrx_word' id='word_1_562' title='bbox 762 4211 1202 4268; x_wconf 89' lang='lat' dir='ltr'><strong>vociferantibus.</strong></span> <span class='ocrx_word' id='word_1_563' title='bbox 1236 4213 1434 4268; x_wconf 83' lang='lat' dir='ltr'><strong>Malitia</strong></span> <span class='ocrx_word' id='word_1_564' title='bbox 1464 4218 1606 4271; x_wconf 91' lang='lat' dir='ltr'><strong>enim</strong></span> <span class='ocrx_word' id='word_1_565' title='bbox 1636 4234 1727 4274; x_wconf 90' lang='lat' dir='ltr'><strong>eo-</strong></span> 
     </span>
    </p>
   </div>
   <div class='ocr_carea' id='block_1_73' title="bbox 144 4300 1725 4375">
    <p class='ocr_par' dir='ltr' id='par_1_73' title="bbox 144 4300 1725 4375">
     <span class='ocr_line' id='line_1_73' title="bbox 144 4300 1725 4375; baseline 0.008 -24"><span class='ocrx_word' id='word_1_566' title='bbox 144 4311 254 4352; x_wconf 88' lang='lat' dir='ltr'><strong>rum</strong></span> <span class='ocrx_word' id='word_1_567' title='bbox 278 4300 450 4355; x_wconf 90' lang='lat' dir='ltr'><strong>multa</strong></span> <span class='ocrx_word' id='word_1_568' title='bbox 469 4309 522 4354; x_wconf 90' lang='lat' dir='ltr'><strong>et</strong></span> <span class='ocrx_word' id='word_1_569' title='bbox 549 4317 743 4372; x_wconf 88' lang='lat' dir='ltr'><strong>magna</strong></span> <span class='ocrx_word' id='word_1_570' title='bbox 771 4312 891 4358; x_wconf 90' lang='lat' dir='ltr'><strong>erat</strong></span> <span class='ocrx_word' id='word_1_571' title='bbox 915 4305 966 4358; x_wconf 91' lang='lat' dir='ltr'><strong>in</strong></span> <span class='ocrx_word' id='word_1_572' title='bbox 995 4314 1288 4375; x_wconf 89' lang='lat' dir='ltr'><strong>conspectu</strong></span> <span class='ocrx_word' id='word_1_573' title='bbox 1314 4305 1406 4361; x_wconf 91' lang='lat' dir='ltr'><strong>Dei</strong></span> <span class='ocrx_word' id='word_1_574' title='bbox 1437 4308 1725 4364; x_wconf 81' lang='lat' dir='ltr'><strong>vehemen-</strong></span> 
     </span>
    </p>
   </div>
   <div class='ocr_carea' id='block_1_74' title="bbox 146 4390 1725 4471">
    <p class='ocr_par' dir='ltr' id='par_1_74' title="bbox 146 4390 1725 4471">
     <span class='ocr_line' id='line_1_74' title="bbox 146 4390 1725 4471; baseline 0.007 -28"><span class='ocrx_word' id='word_1_575' title='bbox 146 4394 241 4454; x_wconf 81' lang='lat' dir='ltr'><strong>ter,</strong></span> <span class='ocrx_word' id='word_1_576' title='bbox 271 4399 328 4444; x_wconf 93' lang='lat' dir='ltr'><strong>et</strong></span> <span class='ocrx_word' id='word_1_577' title='bbox 357 4390 560 4446; x_wconf 88' lang='lat' dir='ltr'><strong>invidia</strong></span> <span class='ocrx_word' id='word_1_578' title='bbox 591 4391 877 4459; x_wconf 90' lang='lat' dir='ltr'><strong>immensa,</strong></span> <span class='ocrx_word' id='word_1_579' title='bbox 902 4403 956 4449; x_wconf 91' lang='lat' dir='ltr'><strong>et</strong></span> <span class='ocrx_word' id='word_1_580' title='bbox 985 4392 1126 4467; x_wconf 84' lang='lat' dir='ltr'><strong>[Gr.,</strong></span> <span class='ocrx_word' id='word_1_581' title='bbox 1161 4396 1313 4450; x_wconf 84' lang='lat' dir='ltr'><strong>furiis</strong></span> <span class='ocrx_word' id='word_1_582' title='bbox 1341 4398 1572 4471; x_wconf 81' lang='lat' dir='ltr'><strong>incitati]</strong></span> <span class='ocrx_word' id='word_1_583' title='bbox 1597 4414 1725 4469; x_wconf 90' lang='lat' dir='ltr'><strong>ope-</strong></span> 
     </span>
    </p>
   </div>
   <div class='ocr_carea' id='block_1_75' title="bbox 146 4483 1726 4560">
    <p class='ocr_par' dir='ltr' id='par_1_75' title="bbox 146 4483 1726 4560">
     <span class='ocr_line' id='line_1_75' title="bbox 146 4483 1726 4560; baseline 0.009 -28"><span class='ocrx_word' id='word_1_584' title='bbox 146 4489 318 4534; x_wconf 82' lang='lat' dir='ltr'><strong>rantes</strong></span> <span class='ocrx_word' id='word_1_585' title='bbox 347 4483 418 4538; x_wconf 91' lang='lat' dir='ltr'><strong>ad</strong></span> <span class='ocrx_word' id='word_1_586' title='bbox 469 4483 573 4538; x_wconf 90' lang='lat' dir='ltr'><strong>hoc</strong></span> <span class='ocrx_word' id='word_1_587' title='bbox 618 4496 1022 4553; x_wconf 86' lang='lat' dir='ltr'><strong>convenerant,</strong></span> <span class='ocrx_word' id='word_1_588' title='bbox 1075 4497 1283 4558; x_wconf 86' lang='lat' dir='ltr'><strong>tempus</strong></span> <span class='ocrx_word' id='word_1_589' title='bbox 1324 4489 1593 4545; x_wconf 89' lang='lat' dir='ltr'><strong>invenisse</strong></span> <span class='ocrx_word' id='word_1_590' title='bbox 1635 4508 1726 4560; x_wconf 85' lang='lat' dir='ltr'><strong>pu-</strong></span> 
     </span>
    </p>
   </div>
   <div class='ocr_carea' id='block_1_76' title="bbox 148 4574 1721 4649">
    <p class='ocr_par' dir='ltr' id='par_1_76' title="bbox 148 4574 1721 4649">
     <span class='ocr_line' id='line_1_76' title="bbox 148 4574 1721 4649; baseline 0.008 -27"><span class='ocrx_word' id='word_1_591' title='bbox 148 4579 315 4627; x_wconf 80' lang='lat' dir='ltr'><strong>tantes</strong></span> <span class='ocrx_word' id='word_1_592' title='bbox 357 4574 660 4630; x_wconf 86' lang='lat' dir='ltr'><strong>simultates</strong></span> <span class='ocrx_word' id='word_1_593' title='bbox 705 4577 997 4642; x_wconf 91' lang='lat' dir='ltr'><strong>excitandi,</strong></span> <span class='ocrx_word' id='word_1_594' title='bbox 1026 4587 1081 4632; x_wconf 87' lang='lat' dir='ltr'><strong>et</strong></span> <span class='ocrx_word' id='word_1_595' title='bbox 1133 4588 1376 4634; x_wconf 88' lang='lat' dir='ltr'><strong>sanctum</strong></span> <span class='ocrx_word' id='word_1_596' title='bbox 1410 4578 1721 4649; x_wconf 85' lang='lat' dir='ltr'><strong>injuriandi,</strong></span> 
     </span>
    </p>
   </div>
   <div class='ocr_carea' id='block_1_77' title="bbox 148 4665 1720 4741">
    <p class='ocr_par' dir='ltr' id='par_1_77' title="bbox 148 4665 1720 4741">
     <span class='ocr_line' id='line_1_77' title="bbox 148 4665 1720 4741; baseline 0.008 -27"><span class='ocrx_word' id='word_1_597' title='bbox 148 4673 324 4732; x_wconf 82' lang='lat' dir='ltr'><strong>utpote</strong></span> <span class='ocrx_word' id='word_1_598' title='bbox 371 4665 516 4719; x_wconf 87' lang='lat' dir='ltr'><strong>illum</strong></span> <span class='ocrx_word' id='word_1_599' title='bbox 543 4667 632 4737; x_wconf 88' lang='lat' dir='ltr'><strong>qui</strong></span> <span class='ocrx_word' id='word_1_600' title='bbox 675 4668 871 4722; x_wconf 84' lang='lat' dir='ltr'><strong>crebro</strong></span> <span class='ocrx_word' id='word_1_601' title='bbox 909 4669 1260 4741; x_wconf 87' lang='lat' dir='ltr'><strong>redarguerat</strong></span> <span class='ocrx_word' id='word_1_602' title='bbox 1291 4670 1551 4724; x_wconf 90' lang='lat' dir='ltr'><strong>malitiam</strong></span> <span class='ocrx_word' id='word_1_603' title='bbox 1599 4671 1720 4726; x_wconf 86' lang='lat' dir='ltr'><strong>ﬁdei</strong></span> 
     </span>
    </p>
   </div>
   <div class='ocr_carea' id='block_1_78' title="bbox 147 4757 1725 4830">
    <p class='ocr_par' dir='ltr' id='par_1_78' title="bbox 147 4757 1725 4830">
     <span class='ocr_line' id='line_1_78' title="bbox 147 4757 1725 4830; baseline 0.007 -28"><span class='ocrx_word' id='word_1_604' title='bbox 147 4760 196 4803; x_wconf 84' lang='lat' dir='ltr'><strong>et</strong></span> <span class='ocrx_word' id='word_1_605' title='bbox 242 4769 484 4809; x_wconf 90' lang='lat' dir='ltr'><strong>errorem</strong></span> <span class='ocrx_word' id='word_1_606' title='bbox 510 4771 697 4810; x_wconf 92' lang='lat' dir='ltr'><strong>eorum</strong></span> <span class='ocrx_word' id='word_1_607' title='bbox 736 4757 828 4826; x_wconf 89' lang='lat' dir='ltr'><strong>qui</strong></span> <span class='ocrx_word' id='word_1_608' title='bbox 877 4757 926 4811; x_wconf 93' lang='lat' dir='ltr'><strong>in</strong></span> <span class='ocrx_word' id='word_1_609' title='bbox 970 4758 1099 4828; x_wconf 90' lang='lat' dir='ltr'><strong>ipsis</strong></span> <span class='ocrx_word' id='word_1_610' title='bbox 1139 4757 1410 4830; x_wconf 89' lang='lat' dir='ltr'><strong>gentiliter</strong></span> <span class='ocrx_word' id='word_1_611' title='bbox 1436 4773 1725 4813; x_wconf 79' lang='lat' dir='ltr'><strong>conversa-</strong></span> 
     </span>
    </p>
   </div>
   <div class='ocr_carea' id='block_1_79' title="bbox 149 4842 1724 4918">
    <p class='ocr_par' dir='ltr' id='par_1_79' title="bbox 149 4842 1724 4918">
     <span class='ocr_line' id='line_1_79' title="bbox 149 4842 1724 4918; baseline 0.004 -20"><span class='ocrx_word' id='word_1_612' title='bbox 149 4842 358 4899; x_wconf 82' lang='lat' dir='ltr'><strong>bantur.</strong></span> <span class='ocrx_word' id='word_1_613' title='bbox 402 4844 534 4901; x_wconf 92' lang='lat' dir='ltr'><strong>Cum</strong></span> <span class='ocrx_word' id='word_1_614' title='bbox 570 4862 698 4918; x_wconf 88' lang='lat' dir='ltr'><strong>ergo</strong></span> <span class='ocrx_word' id='word_1_615' title='bbox 737 4863 844 4902; x_wconf 90' lang='lat' dir='ltr'><strong>non</strong></span> <span class='ocrx_word' id='word_1_616' title='bbox 891 4857 1111 4918; x_wconf 86' lang='lat' dir='ltr'><strong>possent</strong></span> <span class='ocrx_word' id='word_1_617' title='bbox 1151 4849 1296 4905; x_wconf 88' lang='lat' dir='ltr'><strong>ferre</strong></span> <span class='ocrx_word' id='word_1_618' title='bbox 1333 4857 1536 4903; x_wconf 88' lang='lat' dir='ltr'><strong>tantam</strong></span> <span class='ocrx_word' id='word_1_619' title='bbox 1581 4849 1724 4905; x_wconf 56' lang='lat' dir='ltr'><strong>insav</strong></span> 
     </span>
    </p>
   </div>
   <div class='ocr_carea' id='block_1_80' title="bbox 148 4935 1725 5009">
    <p class='ocr_par' dir='ltr' id='par_1_80' title="bbox 148 4935 1725 5009">
     <span class='ocr_line' id='line_1_80' title="bbox 148 4935 1725 5009; baseline 0.004 -19"><span class='ocrx_word' id='word_1_620' title='bbox 148 4935 322 5004; x_wconf 80' lang='lat' dir='ltr'><strong>niam,</strong></span> <span class='ocrx_word' id='word_1_621' title='bbox 352 4949 723 5007; x_wconf 67' lang='lat' dir='ltr'><strong>praeceperunt</strong></span> <span class='ocrx_word' id='word_1_622' title='bbox 760 4939 853 4992; x_wconf 92' lang='lat' dir='ltr'><strong>uni</strong></span> <span class='ocrx_word' id='word_1_623' title='bbox 895 4939 1122 4995; x_wconf 89' lang='lat' dir='ltr'><strong>militum</strong></span> <span class='ocrx_word' id='word_1_624' title='bbox 1163 4939 1456 4997; x_wconf 86' lang='lat' dir='ltr'><strong>ascendere</strong></span> <span class='ocrx_word' id='word_1_625' title='bbox 1495 4941 1725 5009; x_wconf 87' lang='lat' dir='ltr'><strong>scalam,</strong></span> 
     </span>
    </p>
   </div>
   <div class='ocr_carea' id='block_1_81' title="bbox 149 5027 1722 5100">
    <p class='ocr_par' dir='ltr' id='par_1_81' title="bbox 149 5027 1722 5100">
     <span class='ocr_line' id='line_1_81' title="bbox 149 5027 1722 5100; baseline 0.004 -19"><span class='ocrx_word' id='word_1_626' title='bbox 149 5027 415 5097; x_wconf 80' lang='lat' dir='ltr'><strong>etejicere</strong></span> <span class='ocrx_word' id='word_1_627' title='bbox 459 5029 768 5100; x_wconf 83' lang='lat' dir='ltr'><strong>imaginem.</strong></span> <span class='ocrx_word' id='word_1_628' title='bbox 819 5029 919 5097; x_wconf 88' lang='lat' dir='ltr'><strong>Qui</strong></span> <span class='ocrx_word' id='word_1_629' title='bbox 967 5033 1282 5097; x_wconf 89' lang='lat' dir='ltr'><strong>ascendens,</strong></span> <span class='ocrx_word' id='word_1_630' title='bbox 1329 5039 1383 5086; x_wconf 90' lang='lat' dir='ltr'><strong>et</strong></span> <span class='ocrx_word' id='word_1_631' title='bbox 1428 5034 1722 5089; x_wconf 80' lang='lat' dir='ltr'><strong>extendens</strong></span> 
     </span>
    </p>
   </div>
   <div class='ocr_carea' id='block_1_82' title="bbox 150 5118 1721 5195">
    <p class='ocr_par' dir='ltr' id='par_1_82' title="bbox 150 5118 1721 5195">
     <span class='ocr_line' id='line_1_82' title="bbox 150 5118 1721 5195; baseline 0.005 -26"><span class='ocrx_word' id='word_1_632' title='bbox 150 5128 336 5170; x_wconf 83' lang='lat' dir='ltr'><strong>manus</strong></span> <span class='ocrx_word' id='word_1_633' title='bbox 387 5127 444 5172; x_wconf 88' lang='grc' dir='ltr'><strong>ιιι</strong></span> <span class='ocrx_word' id='word_1_634' title='bbox 473 5118 668 5174; x_wconf 86' lang='lat' dir='ltr'><strong>faceret</strong></span> <span class='ocrx_word' id='word_1_635' title='bbox 712 5119 862 5188; x_wconf 86' lang='lat' dir='ltr'><strong>quod</strong></span> <span class='ocrx_word' id='word_1_636' title='bbox 883 5119 980 5175; x_wconf 89' lang='lat' dir='ltr'><strong>sibi</strong></span> <span class='ocrx_word' id='word_1_637' title='bbox 1011 5133 1336 5195; x_wconf 66' lang='lat' dir='ltr'><strong>praxeptum</strong></span> <span class='ocrx_word' id='word_1_638' title='bbox 1368 5120 1567 5189; x_wconf 86' lang='lat' dir='ltr'><strong>fuerat,</strong></span> <span class='ocrx_word' id='word_1_639' title='bbox 1598 5139 1721 5178; x_wconf 83' lang='lat' dir='ltr'><strong>mox</strong></span> 
     </span>
    </p>
   </div>
   <div class='ocr_carea' id='block_1_83' title="bbox 151 5207 1724 5281">
    <p class='ocr_par' dir='ltr' id='par_1_83' title="bbox 151 5207 1724 5281">
     <span class='ocr_line' id='line_1_83' title="bbox 151 5207 1724 5281; baseline 0.006 -21"><span class='ocrx_word' id='word_1_640' title='bbox 151 5207 304 5263; x_wconf 89' lang='lat' dir='ltr'><strong>elisus</strong></span> <span class='ocrx_word' id='word_1_641' title='bbox 328 5217 415 5264; x_wconf 87' lang='lat' dir='ltr'><strong>est</strong></span> <span class='ocrx_word' id='word_1_642' title='bbox 453 5227 480 5263; x_wconf 87' lang='lat' dir='ltr'><strong>a</strong></span> <span class='ocrx_word' id='word_1_643' title='bbox 511 5225 718 5266; x_wconf 90' lang='lat' dir='ltr'><strong>sursum</strong></span> <span class='ocrx_word' id='word_1_644' title='bbox 769 5225 940 5280; x_wconf 91' lang='lat' dir='ltr'><strong>usque</strong></span> <span class='ocrx_word' id='word_1_645' title='bbox 965 5212 1245 5281; x_wconf 87' lang='lat' dir='ltr'><strong>deorsum,</strong></span> <span class='ocrx_word' id='word_1_646' title='bbox 1296 5213 1495 5270; x_wconf 86' lang='lat' dir='ltr'><strong>cadens</strong></span> <span class='ocrx_word' id='word_1_647' title='bbox 1528 5215 1579 5269; x_wconf 93' lang='lat' dir='ltr'><strong>in</strong></span> <span class='ocrx_word' id='word_1_648' title='bbox 1614 5225 1724 5270; x_wconf 81' lang='lat' dir='ltr'><strong>ter-</strong></span> 
     </span>
    </p>
   </div>
   <div class='ocr_carea' id='block_1_84' title="bbox 154 5297 1722 5374">
    <p class='ocr_par' dir='ltr' id='par_1_84' title="bbox 154 5297 1722 5374">
     <span class='ocr_line' id='line_1_84' title="bbox 154 5297 1722 5374; baseline 0.006 -26"><span class='ocrx_word' id='word_1_649' title='bbox 154 5311 258 5350; x_wconf 86' lang='lat' dir='ltr'><strong>ram</strong></span> <span class='ocrx_word' id='word_1_650' title='bbox 285 5315 299 5350; x_wconf 91' lang='lat'>:</span> <span class='ocrx_word' id='word_1_651' title='bbox 330 5307 387 5352; x_wconf 89' lang='lat' dir='ltr'><strong>et</strong></span> <span class='ocrx_word' id='word_1_652' title='bbox 414 5297 548 5353; x_wconf 90' lang='lat' dir='ltr'><strong>facto</strong></span> <span class='ocrx_word' id='word_1_653' title='bbox 568 5316 764 5374; x_wconf 85' lang='lat' dir='ltr'><strong>magno</strong></span> <span class='ocrx_word' id='word_1_654' title='bbox 795 5301 1022 5355; x_wconf 91' lang='lat' dir='ltr'><strong>tumultu</strong></span> <span class='ocrx_word' id='word_1_655' title='bbox 1052 5302 1103 5357; x_wconf 92' lang='lat' dir='ltr'><strong>in</strong></span> <span class='ocrx_word' id='word_1_656' title='bbox 1144 5307 1322 5366; x_wconf 86' lang='lat' dir='ltr'><strong>turba,</strong></span> <span class='ocrx_word' id='word_1_657' title='bbox 1353 5312 1722 5374; x_wconf 86' lang='lat' dir='ltr'><strong>apposuernnt</strong></span> 
     </span>
    </p>
   </div>
   <div class='ocr_carea' id='block_1_85' title="bbox 154 5389 1718 5460">
    <p class='ocr_par' dir='ltr' id='par_1_85' title="bbox 154 5389 1718 5460">
     <span class='ocr_line' id='line_1_85' title="bbox 154 5389 1718 5460; baseline 0.009 -22"><span class='ocrx_word' id='word_1_658' title='bbox 154 5389 550 5445; x_wconf 81' lang='lat' dir='ltr'><strong>exardescentes</strong></span> <span class='ocrx_word' id='word_1_659' title='bbox 585 5392 751 5446; x_wconf 90' lang='lat' dir='ltr'><strong>alium</strong></span> <span class='ocrx_word' id='word_1_660' title='bbox 801 5390 1093 5460; x_wconf 88' lang='lat' dir='ltr'><strong>imponere.</strong></span> <span class='ocrx_word' id='word_1_661' title='bbox 1143 5396 1251 5452; x_wconf 90' lang='lat' dir='ltr'><strong>Sed</strong></span> <span class='ocrx_word' id='word_1_662' title='bbox 1297 5402 1350 5447; x_wconf 89' lang='lat' dir='ltr'><strong>et</strong></span> <span class='ocrx_word' id='word_1_663' title='bbox 1397 5395 1486 5450; x_wconf 91' lang='lat' dir='ltr'><strong>ille</strong></span> <span class='ocrx_word' id='word_1_664' title='bbox 1528 5412 1718 5452; x_wconf 87' lang='lat' dir='ltr'><strong>manus</strong></span> 
     </span>
    </p>
   </div>
   <div class='ocr_carea' id='block_1_86' title="bbox 152 5480 1720 5555">
    <p class='ocr_par' dir='ltr' id='par_1_86' title="bbox 152 5480 1720 5555">
     <span class='ocr_line' id='line_1_86' title="bbox 152 5480 1720 5555; baseline 0.008 -27"><span class='ocrx_word' id='word_1_665' title='bbox 152 5491 268 5532; x_wconf 85' lang='lat' dir='ltr'><strong>suas</strong></span> <span class='ocrx_word' id='word_1_666' title='bbox 296 5480 599 5544; x_wconf 88' lang='lat' dir='ltr'><strong>extendens,</strong></span> <span class='ocrx_word' id='word_1_667' title='bbox 631 5481 768 5554; x_wconf 38' lang='lat' dir='ltr'><strong>pari,</strong></span> <span class='ocrx_word' id='word_1_668' title='bbox 799 5481 955 5535; x_wconf 90' lang='lat' dir='ltr'><strong>modo</strong></span> <span class='ocrx_word' id='word_1_669' title='bbox 980 5482 1141 5540; x_wconf 89' lang='lat' dir='ltr'><strong>elisus</strong></span> <span class='ocrx_word' id='word_1_670' title='bbox 1177 5481 1377 5542; x_wconf 85' lang='lat' dir='ltr'><strong>cecidit</strong></span> <span class='ocrx_word' id='word_1_671' title='bbox 1422 5500 1583 5555; x_wconf 90' lang='lat' dir='ltr'><strong>super</strong></span> <span class='ocrx_word' id='word_1_672' title='bbox 1613 5495 1720 5540; x_wconf 82' lang='lat' dir='ltr'><strong>ter-</strong></span> 
     </span>
    </p>
   </div>
   <div class='ocr_carea' id='block_1_87' title="bbox 1820 5487 2079 5546">
    <p class='ocr_par' dir='ltr' id='par_1_87' title="bbox 1820 5487 2079 5546">
     <span class='ocr_line' id='line_1_87' title="bbox 1820 5487 2079 5546; baseline 0.015 -4"><span class='ocrx_word' id='word_1_673' title='bbox 1820 5487 2019 5543; x_wconf 88' lang='lat' dir='ltr'><strong>librum</strong></span> <span class='ocrx_word' id='word_1_674' title='bbox 2065 5507 2079 5546; x_wconf 86' lang='lat'><strong>:</strong></span> 
     </span>
    </p>
   </div>
   <div class='ocr_carea' id='block_1_88' title="bbox 1827 3295 3447 3366">
    <p class='ocr_par' dir='ltr' id='par_1_88' title="bbox 1827 3295 3447 3366">
     <span class='ocr_line' id='line_1_88' title="bbox 1827 3295 3447 3366; baseline -0.009 -3"><span class='ocrx_word' id='word_1_675' title='bbox 1827 3308 2086 3363; x_wconf 81' lang='lat' dir='ltr'><strong>educeret</strong></span> <span class='ocrx_word' id='word_1_676' title='bbox 2128 3305 2364 3366; x_wconf 84' lang='lat' dir='ltr'><strong>clavum,</strong></span> <span class='ocrx_word' id='word_1_677' title='bbox 2409 3300 2692 3355; x_wconf 88' lang='lat' dir='ltr'><strong>alleviatus</strong></span> <span class='ocrx_word' id='word_1_678' title='bbox 2729 3307 2815 3353; x_wconf 91' lang='lat' dir='ltr'><strong>est</strong></span> <span class='ocrx_word' id='word_1_679' title='bbox 2847 3296 3018 3352; x_wconf 90' lang='lat' dir='ltr'><strong>dolor.</strong></span> <span class='ocrx_word' id='word_1_680' title='bbox 3051 3295 3447 3365; x_wconf 66' lang='lat' dir='ltr'><strong>lnterrogetuc</strong></span> 
     </span>
    </p>
   </div>
   <div class='ocr_carea' id='block_1_89' title="bbox 1829 3383 3437 3461">
    <p class='ocr_par' dir='ltr' id='par_1_89' title="bbox 1829 3383 3437 3461">
     <span class='ocr_line' id='line_1_89' title="bbox 1829 3383 3437 3461; baseline -0.01 -9"><span class='ocrx_word' id='word_1_681' title='bbox 1829 3407 2009 3452; x_wconf 89' lang='lat' dir='ltr'><strong>autem</strong></span> <span class='ocrx_word' id='word_1_682' title='bbox 2044 3396 2170 3449; x_wconf 91' lang='lat' dir='ltr'><strong>hinc</strong></span> <span class='ocrx_word' id='word_1_683' title='bbox 2205 3403 2260 3448; x_wconf 89' lang='lat' dir='ltr'><strong>et</strong></span> <span class='ocrx_word' id='word_1_684' title='bbox 2289 3392 2612 3461; x_wconf 82' lang='lat' dir='ltr'><strong>episcOpns:</strong></span> <span class='ocrx_word' id='word_1_685' title='bbox 2650 3391 2805 3443; x_wconf 90' lang='lat' dir='ltr'><strong>adest</strong></span> <span class='ocrx_word' id='word_1_686' title='bbox 2835 3387 3000 3441; x_wconf 90' lang='lat' dir='ltr'><strong>enim.</strong></span> <span class='ocrx_word' id='word_1_687' title='bbox 3050 3383 3437 3454; x_wconf 54' lang='lat' dir='ltr'><strong>Interrogatus;</strong></span> 
     </span>
    </p>
   </div>
   <div class='ocr_carea' id='block_1_90' title="bbox 1827 3461 3418 3557">
    <p class='ocr_par' dir='ltr' id='par_1_90' title="bbox 1827 3461 3418 3557">
     <span class='ocr_line' id='line_1_90' title="bbox 1827 3461 3418 3557; baseline -0.009 -17"><span class='ocrx_word' id='word_1_688' title='bbox 1827 3461 1958 3557; x_wconf 83' lang='lat' dir='ltr'><strong>ergo</strong></span> <span class='ocrx_word' id='word_1_689' title='bbox 2004 3484 2290 3553; x_wconf 89' lang='lat' dir='ltr'><strong>episcopus</strong></span> <span class='ocrx_word' id='word_1_690' title='bbox 2329 3479 2476 3544; x_wconf 90' lang='lat' dir='ltr'><strong>Citii,</strong></span> <span class='ocrx_word' id='word_1_691' title='bbox 2509 3494 2631 3533; x_wconf 89' lang='lat' dir='ltr'><strong>cum</strong></span> <span class='ocrx_word' id='word_1_692' title='bbox 2671 3477 2981 3547; x_wconf 70' lang='lat' dir='ltr'><strong>iuramento</strong></span> <span class='ocrx_word' id='word_1_693' title='bbox 3023 3474 3260 3527; x_wconf 88' lang='lat' dir='ltr'><strong>ﬁrmavit</strong></span> <span class='ocrx_word' id='word_1_694' title='bbox 3301 3472 3418 3526; x_wconf 68' lang='lat' dir='ltr'><strong>haec</strong></span> 
     </span>
    </p>
   </div>
   <div class='ocr_carea' id='block_1_91' title="bbox 1826 3561 3417 3643">
    <p class='ocr_par' dir='ltr' id='par_1_91' title="bbox 1826 3561 3417 3643">
     <span class='ocr_line' id='line_1_91' title="bbox 1826 3561 3417 3643; baseline -0.011 -13"><span class='ocrx_word' id='word_1_695' title='bbox 1826 3589 2010 3630; x_wconf 85' lang='lat' dir='ltr'><strong>coram</strong></span> <span class='ocrx_word' id='word_1_696' title='bbox 2038 3573 2243 3643; x_wconf 86' lang='lat' dir='ltr'><strong>synodo</strong></span> <span class='ocrx_word' id='word_1_697' title='bbox 2275 3570 2354 3626; x_wconf 91' lang='lat' dir='ltr'><strong>sic</strong></span> <span class='ocrx_word' id='word_1_698' title='bbox 2383 3583 2442 3624; x_wconf 90' lang='lat' dir='ltr'><strong>se</strong></span> <span class='ocrx_word' id='word_1_699' title='bbox 2468 3570 2688 3622; x_wconf 86' lang='lat' dir='ltr'><strong>habere.</strong></span> <span class='ocrx_word' id='word_1_700' title='bbox 2717 3565 2858 3618; x_wconf 84' lang='lat' dir='ltr'><strong>Ante</strong></span> <span class='ocrx_word' id='word_1_701' title='bbox 2887 3563 3163 3618; x_wconf 87' lang='lat' dir='ltr'><strong>biennium</strong></span> <span class='ocrx_word' id='word_1_702' title='bbox 3195 3561 3417 3631; x_wconf 74' lang='lat' dir='ltr'><strong>naviga-</strong></span> 
     </span>
    </p>
   </div>
   <div class='ocr_carea' id='block_1_92' title="bbox 1825 3652 3440 3734">
    <p class='ocr_par' dir='ltr' id='par_1_92' title="bbox 1825 3652 3440 3734">
     <span class='ocr_line' id='line_1_92' title="bbox 1825 3652 3440 3734; baseline -0.009 -16"><span class='ocrx_word' id='word_1_703' title='bbox 1825 3672 2022 3718; x_wconf 89' lang='lat' dir='ltr'><strong>verunt</strong></span> <span class='ocrx_word' id='word_1_704' title='bbox 2047 3663 2145 3716; x_wconf 91' lang='lat' dir='ltr'><strong>viri</strong></span> <span class='ocrx_word' id='word_1_705' title='bbox 2163 3657 2475 3734; x_wconf 91' lang='lat' dir='ltr'><strong>[Citienses]</strong></span> <span class='ocrx_word' id='word_1_706' title='bbox 2500 3659 2552 3712; x_wconf 93' lang='lat' dir='ltr'><strong>in</strong></span> <span class='ocrx_word' id='word_1_707' title='bbox 2579 3657 2788 3711; x_wconf 87' lang='lat' dir='ltr'><strong>duabus</strong></span> <span class='ocrx_word' id='word_1_708' title='bbox 2818 3654 3043 3710; x_wconf 87' lang='lat' dir='ltr'><strong>navibus</strong></span> <span class='ocrx_word' id='word_1_709' title='bbox 3069 3653 3121 3707; x_wconf 92' lang='lat' dir='ltr'><strong>in</strong></span> <span class='ocrx_word' id='word_1_710' title='bbox 3137 3652 3440 3707; x_wconf 88' lang='lat' dir='ltr'><strong>civitatem.</strong></span> 
     </span>
    </p>
   </div>
   <div class='ocr_carea' id='block_1_93' title="bbox 1829 3741 3417 3826">
    <p class='ocr_par' dir='ltr' id='par_1_93' title="bbox 1829 3741 3417 3826">
     <span class='ocr_line' id='line_1_93' title="bbox 1829 3741 3417 3826; baseline -0.008 -17"><span class='ocrx_word' id='word_1_711' title='bbox 1829 3754 2022 3826; x_wconf 72' lang='lat' dir='ltr'><strong>Syriae,</strong></span> <span class='ocrx_word' id='word_1_712' title='bbox 2056 3768 2177 3823; x_wconf 68' lang='lat' dir='ltr'><strong>qua:</strong></span> <span class='ocrx_word' id='word_1_713' title='bbox 2209 3759 2434 3806; x_wconf 90' lang='lat' dir='ltr'><strong>vocatur</strong></span> <span class='ocrx_word' id='word_1_714' title='bbox 2457 3747 2682 3804; x_wconf 85' lang='lat' dir='ltr'><strong>Gabala.</strong></span> <span class='ocrx_word' id='word_1_715' title='bbox 2716 3746 2850 3802; x_wconf 89' lang='lat' dir='ltr'><strong>Cum</strong></span> <span class='ocrx_word' id='word_1_716' title='bbox 2881 3755 3059 3800; x_wconf 91' lang='lat' dir='ltr'><strong>autem</strong></span> <span class='ocrx_word' id='word_1_717' title='bbox 3098 3751 3281 3799; x_wconf 89' lang='lat' dir='ltr'><strong>essent</strong></span> <span class='ocrx_word' id='word_1_718' title='bbox 3307 3741 3417 3797; x_wconf 83' lang='lat' dir='ltr'><strong>Ga—</strong></span> 
     </span>
    </p>
   </div>
   <div class='ocr_carea' id='block_1_94' title="bbox 1826 3835 3439 3906">
    <p class='ocr_par' dir='ltr' id='par_1_94' title="bbox 1826 3835 3439 3906">
     <span class='ocr_line' id='line_1_94' title="bbox 1826 3835 3439 3906; baseline -0.011 -4"><span class='ocrx_word' id='word_1_719' title='bbox 1826 3845 1961 3902; x_wconf 74' lang='lat' dir='ltr'><strong>bala:</strong></span> <span class='ocrx_word' id='word_1_720' title='bbox 2003 3844 2299 3899; x_wconf 89' lang='lat' dir='ltr'><strong>secundum</strong></span> <span class='ocrx_word' id='word_1_721' title='bbox 2346 3839 2812 3901; x_wconf 88' lang='lat' dir='ltr'><strong>consuetudinem,</strong></span> <span class='ocrx_word' id='word_1_722' title='bbox 2845 3835 3012 3890; x_wconf 89' lang='lat' dir='ltr'><strong>taxati</strong></span> <span class='ocrx_word' id='word_1_723' title='bbox 3040 3835 3439 3906; x_wconf 64' lang='lat' dir='ltr'><strong>Agarenorum»</strong></span> 
     </span>
    </p>
   </div>
   <div class='ocr_carea' id='block_1_95' title="bbox 1827 3925 3416 3994">
    <p class='ocr_par' dir='ltr' id='par_1_95' title="bbox 1827 3925 3416 3994">
     <span class='ocr_line' id='line_1_95' title="bbox 1827 3925 3416 3994; baseline -0.009 -2"><span class='ocrx_word' id='word_1_724' title='bbox 1827 3935 2223 3992; x_wconf 88' lang='lat' dir='ltr'><strong>descenderunt</strong></span> <span class='ocrx_word' id='word_1_725' title='bbox 2245 3933 2314 3987; x_wconf 89' lang='lat' dir='ltr'><strong>ad</strong></span> <span class='ocrx_word' id='word_1_726' title='bbox 2345 3931 2617 3986; x_wconf 88' lang='lat' dir='ltr'><strong>maritima</strong></span> <span class='ocrx_word' id='word_1_727' title='bbox 2648 3948 2660 3983; x_wconf 93' lang='lat'>:</span> <span class='ocrx_word' id='word_1_728' title='bbox 2686 3936 2742 3984; x_wconf 90' lang='lat' dir='ltr'><strong>et</strong></span> <span class='ocrx_word' id='word_1_729' title='bbox 2775 3927 3054 3983; x_wconf 89' lang='lat' dir='ltr'><strong>venientes</strong></span> <span class='ocrx_word' id='word_1_730' title='bbox 3079 3925 3297 3994; x_wconf 84' lang='lat' dir='ltr'><strong>quidam</strong></span> <span class='ocrx_word' id='word_1_731' title='bbox 3319 3938 3416 3979; x_wconf 89' lang='lat' dir='ltr'><strong>eo-</strong></span> 
     </span>
    </p>
   </div>
   <div class='ocr_carea' id='block_1_96' title="bbox 1827 4015 3412 4091">
    <p class='ocr_par' dir='ltr' id='par_1_96' title="bbox 1827 4015 3412 4091">
     <span class='ocr_line' id='line_1_96' title="bbox 1827 4015 3412 4091; baseline -0.009 -6"><span class='ocrx_word' id='word_1_732' title='bbox 1827 4045 1947 4084; x_wconf 87' lang='lat' dir='ltr'><strong>rum</strong></span> <span class='ocrx_word' id='word_1_733' title='bbox 1979 4026 2263 4091; x_wconf 90' lang='lat' dir='ltr'><strong>Gabalam,</strong></span> <span class='ocrx_word' id='word_1_734' title='bbox 2295 4024 2570 4079; x_wconf 87' lang='lat' dir='ltr'><strong>divertunt</strong></span> <span class='ocrx_word' id='word_1_735' title='bbox 2599 4022 2651 4076; x_wconf 92' lang='lat' dir='ltr'><strong>in</strong></span> <span class='ocrx_word' id='word_1_736' title='bbox 2689 4020 2960 4091; x_wconf 85' lang='lat' dir='ltr'><strong>quoddam</strong></span> <span class='ocrx_word' id='word_1_737' title='bbox 2987 4017 3243 4088; x_wconf 86' lang='lat' dir='ltr'><strong>templum</strong></span> <span class='ocrx_word' id='word_1_738' title='bbox 3273 4015 3412 4071; x_wconf 85' lang='lat' dir='ltr'><strong>civi-</strong></span> 
     </span>
    </p>
   </div>
   <div class='ocr_carea' id='block_1_97' title="bbox 1827 4104 3414 4184">
    <p class='ocr_par' dir='ltr' id='par_1_97' title="bbox 1827 4104 3414 4184">
     <span class='ocr_line' id='line_1_97' title="bbox 1827 4104 3414 4184; baseline -0.01 -9"><span class='ocrx_word' id='word_1_739' title='bbox 1827 4121 1970 4175; x_wconf 87' lang='lat' dir='ltr'><strong>tatis.</strong></span> <span class='ocrx_word' id='word_1_740' title='bbox 2011 4119 2181 4174; x_wconf 87' lang='lat' dir='ltr'><strong>Porro</strong></span> <span class='ocrx_word' id='word_1_741' title='bbox 2207 4131 2347 4171; x_wconf 89' lang='lat' dir='ltr'><strong>unus</strong></span> <span class='ocrx_word' id='word_1_742' title='bbox 2379 4130 2446 4169; x_wconf 89' lang='lat' dir='ltr'><strong>ex</strong></span> <span class='ocrx_word' id='word_1_743' title='bbox 2489 4112 2754 4184; x_wconf 84' lang='lat' dir='ltr'><strong>Agarenis</strong></span> <span class='ocrx_word' id='word_1_744' title='bbox 2799 4111 2989 4165; x_wconf 86' lang='lat' dir='ltr'><strong>videns</strong></span> <span class='ocrx_word' id='word_1_745' title='bbox 3032 4109 3322 4178; x_wconf 88' lang='lat' dir='ltr'><strong>imaginem</strong></span> <span class='ocrx_word' id='word_1_746' title='bbox 3354 4104 3414 4160; x_wconf 91' lang='lat' dir='ltr'><strong>in</strong></span> 
     </span>
    </p>
   </div>
   <div class='ocr_carea' id='block_1_98' title="bbox 1825 4196 3428 4281">
    <p class='ocr_par' dir='ltr' id='par_1_98' title="bbox 1825 4196 3428 4281">
     <span class='ocr_line' id='line_1_98' title="bbox 1825 4196 3428 4281; baseline -0.011 -16"><span class='ocrx_word' id='word_1_747' title='bbox 1825 4213 2032 4281; x_wconf 89' lang='lat' dir='ltr'><strong>pariete</strong></span> <span class='ocrx_word' id='word_1_748' title='bbox 2061 4209 2125 4263; x_wconf 89' lang='lat' dir='ltr'><strong>de</strong></span> <span class='ocrx_word' id='word_1_749' title='bbox 2166 4206 2416 4270; x_wconf 86' lang='lat' dir='ltr'><strong>calculis,</strong></span> <span class='ocrx_word' id='word_1_750' title='bbox 2455 4201 2806 4271; x_wconf 77' lang='lat' dir='ltr'><strong>interrogavit</strong></span> <span class='ocrx_word' id='word_1_751' title='bbox 2836 4199 3123 4272; x_wconf 87' lang='lat' dir='ltr'><strong>quemdam</strong></span> <span class='ocrx_word' id='word_1_752' title='bbox 3147 4196 3428 4253; x_wconf 48' lang='lat' dir='ltr'><strong>Christia-i</strong></span> 
     </span>
    </p>
   </div>
   <div class='ocr_carea' id='block_1_99' title="bbox 1826 4290 3406 4372">
    <p class='ocr_par' dir='ltr' id='par_1_99' title="bbox 1826 4290 3406 4372">
     <span class='ocr_line' id='line_1_99' title="bbox 1826 4290 3406 4372; baseline -0.009 -14"><span class='ocrx_word' id='word_1_753' title='bbox 1826 4317 1953 4358; x_wconf 90' lang='lat' dir='ltr'><strong>num</strong></span> <span class='ocrx_word' id='word_1_754' title='bbox 1981 4301 2071 4372; x_wconf 89' lang='lat' dir='ltr'><strong>qui</strong></span> <span class='ocrx_word' id='word_1_755' title='bbox 2096 4302 2307 4363; x_wconf 86' lang='lat' dir='ltr'><strong>aderat,</strong></span> <span class='ocrx_word' id='word_1_756' title='bbox 2335 4297 2462 4367; x_wconf 84' lang='lat' dir='ltr'><strong>quid</strong></span> <span class='ocrx_word' id='word_1_757' title='bbox 2487 4296 2707 4367; x_wconf 89' lang='lat' dir='ltr'><strong>prodest</strong></span> <span class='ocrx_word' id='word_1_758' title='bbox 2739 4294 2916 4363; x_wconf 84' lang='lat' dir='ltr'><strong>imago</strong></span> <span class='ocrx_word' id='word_1_759' title='bbox 2944 4292 3094 4346; x_wconf 60' lang='lat' dir='ltr'><strong>haec?</strong></span> <span class='ocrx_word' id='word_1_760' title='bbox 3131 4290 3213 4345; x_wconf 86' lang='lat' dir='ltr'><strong>Ad</strong></span> <span class='ocrx_word' id='word_1_761' title='bbox 3240 4303 3406 4359; x_wconf 88' lang='lat' dir='ltr'><strong>quem</strong></span> 
     </span>
    </p>
   </div>
   <div class='ocr_carea' id='block_1_100' title="bbox 1826 4382 3414 4460">
    <p class='ocr_par' dir='ltr' id='par_1_100' title="bbox 1826 4382 3414 4460">
     <span class='ocr_line' id='line_1_100' title="bbox 1826 4382 3414 4460; baseline -0.009 -11"><span class='ocrx_word' id='word_1_762' title='bbox 1826 4393 2170 4449; x_wconf 89' lang='lat' dir='ltr'><strong>Christianus</strong></span> <span class='ocrx_word' id='word_1_763' title='bbox 2208 4391 2306 4455; x_wconf 90' lang='lat' dir='ltr'><strong>ait,</strong></span> <span class='ocrx_word' id='word_1_764' title='bbox 2336 4389 2462 4460; x_wconf 83' lang='lat' dir='ltr'><strong>quia</strong></span> <span class='ocrx_word' id='word_1_765' title='bbox 2498 4387 2584 4442; x_wconf 92' lang='lat' dir='ltr'><strong>his</strong></span> <span class='ocrx_word' id='word_1_766' title='bbox 2610 4386 2831 4456; x_wconf 87' lang='lat' dir='ltr'><strong>quidem</strong></span> <span class='ocrx_word' id='word_1_767' title='bbox 2852 4383 2944 4454; x_wconf 87' lang='lat' dir='ltr'><strong>qui</strong></span> <span class='ocrx_word' id='word_1_768' title='bbox 2965 4397 3085 4439; x_wconf 88' lang='lat' dir='ltr'><strong>eam</strong></span> <span class='ocrx_word' id='word_1_769' title='bbox 3114 4382 3414 4446; x_wconf 86' lang='lat' dir='ltr'><strong>honorant,</strong></span> 
     </span>
    </p>
   </div>
   <div class='ocr_carea' id='block_1_101' title="bbox 1826 4470 3418 4554">
    <p class='ocr_par' dir='ltr' id='par_1_101' title="bbox 1826 4470 3418 4554">
     <span class='ocr_line' id='line_1_101' title="bbox 1826 4470 3418 4554; baseline -0.006 -18"><span class='ocrx_word' id='word_1_770' title='bbox 1826 4484 2048 4554; x_wconf 89' lang='lat' dir='ltr'><strong>prodest</strong></span> <span class='ocrx_word' id='word_1_771' title='bbox 2073 4499 2088 4534; x_wconf 89' lang='lat'><strong>:</strong></span> <span class='ocrx_word' id='word_1_772' title='bbox 2121 4481 2206 4536; x_wconf 89' lang='lat' dir='ltr'><strong>his</strong></span> <span class='ocrx_word' id='word_1_773' title='bbox 2235 4488 2412 4534; x_wconf 84' lang='lat' dir='ltr'><strong>autem</strong></span> <span class='ocrx_word' id='word_1_774' title='bbox 2435 4477 2526 4547; x_wconf 91' lang='lat' dir='ltr'><strong>qui</strong></span> <span class='ocrx_word' id='word_1_775' title='bbox 2556 4477 2700 4530; x_wconf 89' lang='lat' dir='ltr'><strong>illam</strong></span> <span class='ocrx_word' id='word_1_776' title='bbox 2733 4477 3083 4539; x_wconf 87' lang='lat' dir='ltr'><strong>inhonorant,</strong></span> <span class='ocrx_word' id='word_1_777' title='bbox 3111 4480 3291 4528; x_wconf 89' lang='lat' dir='ltr'><strong>nocet.</strong></span> <span class='ocrx_word' id='word_1_778' title='bbox 3337 4470 3418 4527; x_wconf 82' lang='lat' dir='ltr'><strong>Et</strong></span> 
     </span>
    </p>
   </div>
   <div class='ocr_carea' id='block_1_102' title="bbox 1829 4563 3409 4638">
    <p class='ocr_par' dir='ltr' id='par_1_102' title="bbox 1829 4563 3409 4638">
     <span class='ocr_line' id='line_1_102' title="bbox 1829 4563 3409 4638; baseline -0.005 -11"><span class='ocrx_word' id='word_1_779' title='bbox 1829 4573 2135 4628; x_wconf 87' lang='lat' dir='ltr'><strong>Saracenos</strong></span> <span class='ocrx_word' id='word_1_780' title='bbox 2161 4587 2173 4624; x_wconf 89' lang='lat'><strong>:</strong></span> <span class='ocrx_word' id='word_1_781' title='bbox 2203 4570 2340 4625; x_wconf 86' lang='lat' dir='ltr'><strong>Ecce</strong></span> <span class='ocrx_word' id='word_1_782' title='bbox 2381 4584 2501 4638; x_wconf 81' lang='lat' dir='ltr'><strong>ego,</strong></span> <span class='ocrx_word' id='word_1_783' title='bbox 2531 4567 2728 4637; x_wconf 85' lang='lat' dir='ltr'><strong>inquit,</strong></span> <span class='ocrx_word' id='word_1_784' title='bbox 2754 4563 3002 4620; x_wconf 77' lang='lat' dir='ltr'><strong>elfodiam</strong></span> <span class='ocrx_word' id='word_1_785' title='bbox 3025 4565 3239 4620; x_wconf 88' lang='lat' dir='ltr'><strong>oculum</strong></span> <span class='ocrx_word' id='word_1_786' title='bbox 3267 4563 3409 4635; x_wconf 85' lang='lat' dir='ltr'><strong>ejus,</strong></span> 
     </span>
    </p>
   </div>
   <div class='ocr_carea' id='block_1_103' title="bbox 1827 4654 3413 4730">
    <p class='ocr_par' dir='ltr' id='par_1_103' title="bbox 1827 4654 3413 4730">
     <span class='ocr_line' id='line_1_103' title="bbox 1827 4654 3413 4730; baseline -0.006 -11"><span class='ocrx_word' id='word_1_787' title='bbox 1827 4672 1882 4719; x_wconf 91' lang='lat' dir='ltr'><strong>et</strong></span> <span class='ocrx_word' id='word_1_788' title='bbox 1912 4662 2103 4716; x_wconf 84' lang='lat' dir='ltr'><strong>videbo</strong></span> <span class='ocrx_word' id='word_1_789' title='bbox 2132 4659 2261 4730; x_wconf 90' lang='lat' dir='ltr'><strong>quid</strong></span> <span class='ocrx_word' id='word_1_790' title='bbox 2296 4659 2424 4714; x_wconf 90' lang='lat' dir='ltr'><strong>mihi</strong></span> <span class='ocrx_word' id='word_1_791' title='bbox 2453 4665 2663 4712; x_wconf 87' lang='lat' dir='ltr'><strong>noceat.</strong></span> <span class='ocrx_word' id='word_1_792' title='bbox 2696 4656 2822 4710; x_wconf 81' lang='lat' dir='ltr'><strong>llaec</strong></span> <span class='ocrx_word' id='word_1_793' title='bbox 2847 4655 3001 4720; x_wconf 87' lang='lat' dir='ltr'><strong>dixit,</strong></span> <span class='ocrx_word' id='word_1_794' title='bbox 3033 4663 3089 4710; x_wconf 91' lang='lat' dir='ltr'><strong>et</strong></span> <span class='ocrx_word' id='word_1_795' title='bbox 3111 4654 3413 4710; x_wconf 82' lang='lat' dir='ltr'><strong>extendens</strong></span> 
     </span>
    </p>
   </div>
   <div class='ocr_carea' id='block_1_104' title="bbox 1826 4742 3410 4821">
    <p class='ocr_par' dir='ltr' id='par_1_104' title="bbox 1826 4742 3410 4821">
     <span class='ocr_line' id='line_1_104' title="bbox 1826 4742 3410 4821; baseline -0.008 -9"><span class='ocrx_word' id='word_1_796' title='bbox 1826 4763 2045 4812; x_wconf 87' lang='lat' dir='ltr'><strong>contum</strong></span> <span class='ocrx_word' id='word_1_797' title='bbox 2094 4766 2270 4812; x_wconf 90' lang='lat' dir='ltr'><strong>suum,</strong></span> <span class='ocrx_word' id='word_1_798' title='bbox 2324 4749 2576 4821; x_wconf 88' lang='lat' dir='ltr'><strong>imaginis</strong></span> <span class='ocrx_word' id='word_1_799' title='bbox 2619 4746 2836 4802; x_wconf 90' lang='lat' dir='ltr'><strong>oculum</strong></span> <span class='ocrx_word' id='word_1_800' title='bbox 2889 4745 3142 4800; x_wconf 80' lang='lat' dir='ltr'><strong>dextrum</strong></span> <span class='ocrx_word' id='word_1_801' title='bbox 3201 4742 3410 4800; x_wconf 77' lang='lat' dir='ltr'><strong>eﬂ‘odit.</strong></span> 
     </span>
    </p>
   </div>
   <div class='ocr_carea' id='block_1_105' title="bbox 1825 4835 3436 4914">
    <p class='ocr_par' dir='ltr' id='par_1_105' title="bbox 1825 4835 3436 4914">
     <span class='ocr_line' id='line_1_105' title="bbox 1825 4835 3436 4914; baseline -0.009 -12"><span class='ocrx_word' id='word_1_802' title='bbox 1825 4845 2080 4902; x_wconf 86' lang='lat' dir='ltr'><strong>Protinus</strong></span> <span class='ocrx_word' id='word_1_803' title='bbox 2108 4857 2237 4914; x_wconf 83' lang='lat' dir='ltr'><strong>ergo</strong></span> <span class='ocrx_word' id='word_1_804' title='bbox 2266 4851 2322 4899; x_wconf 94' lang='lat' dir='ltr'><strong>et</strong></span> <span class='ocrx_word' id='word_1_805' title='bbox 2347 4856 2476 4898; x_wconf 88' lang='lat' dir='ltr'><strong>suus</strong></span> <span class='ocrx_word' id='word_1_806' title='bbox 2502 4839 2693 4898; x_wconf 79' lang='lat' dir='ltr'><strong>dexter</strong></span> <span class='ocrx_word' id='word_1_807' title='bbox 2718 4837 2908 4893; x_wconf 87' lang='lat' dir='ltr'><strong>oculus</strong></span> <span class='ocrx_word' id='word_1_808' title='bbox 2941 4837 2994 4892; x_wconf 91' lang='lat' dir='ltr'><strong>in</strong></span> <span class='ocrx_word' id='word_1_809' title='bbox 3027 4845 3223 4893; x_wconf 86' lang='lat' dir='ltr'><strong>terram</strong></span> <span class='ocrx_word' id='word_1_810' title='bbox 3262 4835 3436 4890; x_wconf 80' lang='lat' dir='ltr'><strong>exsi-‘</strong></span> 
     </span>
    </p>
   </div>
   <div class='ocr_carea' id='block_1_106' title="bbox 1827 4927 3411 5008">
    <p class='ocr_par' dir='ltr' id='par_1_106' title="bbox 1827 4927 3411 5008">
     <span class='ocr_line' id='line_1_106' title="bbox 1827 4927 3411 5008; baseline -0.005 -16"><span class='ocrx_word' id='word_1_811' title='bbox 1827 4938 1929 5004; x_wconf 92' lang='lat' dir='ltr'><strong>liit,</strong></span> <span class='ocrx_word' id='word_1_812' title='bbox 1979 4938 2228 5007; x_wconf 90' lang='lat' dir='ltr'><strong>idemque</strong></span> <span class='ocrx_word' id='word_1_813' title='bbox 2280 4937 2437 5008; x_wconf 89' lang='lat' dir='ltr'><strong>ignea</strong></span> <span class='ocrx_word' id='word_1_814' title='bbox 2473 4941 2559 4990; x_wconf 86' lang='lat' dir='ltr'><strong>est</strong></span> <span class='ocrx_word' id='word_1_815' title='bbox 2597 4931 2747 4989; x_wconf 90' lang='lat' dir='ltr'><strong>febre</strong></span> <span class='ocrx_word' id='word_1_816' title='bbox 2791 4929 3057 4985; x_wconf 89' lang='lat' dir='ltr'><strong>detentus.</strong></span> <span class='ocrx_word' id='word_1_817' title='bbox 3104 4927 3170 4984; x_wconf 78' lang='lat' dir='ltr'><strong>Hi</strong></span> <span class='ocrx_word' id='word_1_818' title='bbox 3224 4935 3411 4984; x_wconf 87' lang='lat' dir='ltr'><strong>autem</strong></span> 
     </span>
    </p>
   </div>
   <div class='ocr_carea' id='block_1_107' title="bbox 1827 5020 3420 5102">
    <p class='ocr_par' dir='ltr' id='par_1_107' title="bbox 1827 5020 3420 5102">
     <span class='ocr_line' id='line_1_107' title="bbox 1827 5020 3420 5102; baseline -0.002 -19"><span class='ocrx_word' id='word_1_819' title='bbox 1827 5030 1918 5102; x_wconf 91' lang='lat' dir='ltr'><strong>qni</strong></span> <span class='ocrx_word' id='word_1_820' title='bbox 1952 5030 2112 5085; x_wconf 90' lang='lat' dir='ltr'><strong>simul</strong></span> <span class='ocrx_word' id='word_1_821' title='bbox 2138 5042 2262 5083; x_wconf 89' lang='lat' dir='ltr'><strong>eum</strong></span> <span class='ocrx_word' id='word_1_822' title='bbox 2296 5020 2387 5083; x_wconf 75' lang='lat' dir='ltr'><strong>illo</strong></span> <span class='ocrx_word' id='word_1_823' title='bbox 2430 5025 2674 5088; x_wconf 88' lang='lat' dir='ltr'><strong>aderant,</strong></span> <span class='ocrx_word' id='word_1_824' title='bbox 2725 5028 2881 5076; x_wconf 90' lang='lat' dir='ltr'><strong>acute</strong></span> <span class='ocrx_word' id='word_1_825' title='bbox 2929 5022 3082 5078; x_wconf 88' lang='lat' dir='ltr'><strong>illum</strong></span> <span class='ocrx_word' id='word_1_826' title='bbox 3123 5029 3420 5092; x_wconf 73' lang='lat' dir='ltr'><strong>:egrotasse</strong></span> 
     </span>
    </p>
   </div>
   <div class='ocr_carea' id='block_1_108' title="bbox 1826 5112 3421 5189">
    <p class='ocr_par' dir='ltr' id='par_1_108' title="bbox 1826 5112 3421 5189">
     <span class='ocr_line' id='line_1_108' title="bbox 1826 5112 3421 5189; baseline -0.004 -12"><span class='ocrx_word' id='word_1_827' title='bbox 1826 5123 2094 5189; x_wconf 88' lang='lat' dir='ltr'><strong>videntes,</strong></span> <span class='ocrx_word' id='word_1_828' title='bbox 2147 5119 2413 5186; x_wconf 90' lang='lat' dir='ltr'><strong>tulerunt,</strong></span> <span class='ocrx_word' id='word_1_829' title='bbox 2461 5119 2612 5172; x_wconf 77' lang='lat' dir='ltr'><strong>etad</strong></span> <span class='ocrx_word' id='word_1_830' title='bbox 2662 5112 2940 5169; x_wconf 87' lang='lat' dir='ltr'><strong>civitatem</strong></span> <span class='ocrx_word' id='word_1_831' title='bbox 2973 5116 3144 5189; x_wconf 87' lang='lat' dir='ltr'><strong>ipsius</strong></span> <span class='ocrx_word' id='word_1_832' title='bbox 3189 5113 3421 5170; x_wconf 81' lang='lat' dir='ltr'><strong>reduxe-</strong></span> 
     </span>
    </p>
   </div>
   <div class='ocr_carea' id='block_1_109' title="bbox 1828 5198 3432 5274">
    <p class='ocr_par' dir='ltr' id='par_1_109' title="bbox 1828 5198 3432 5274">
     <span class='ocr_line' id='line_1_109' title="bbox 1828 5198 3432 5274; baseline -0.006 -7"><span class='ocrx_word' id='word_1_833' title='bbox 1828 5221 1974 5267; x_wconf 88' lang='lat' dir='ltr'><strong>runt.</strong></span> <span class='ocrx_word' id='word_1_834' title='bbox 2019 5215 2148 5270; x_wconf 64' lang='lat' dir='ltr'><strong>Haec</strong></span> <span class='ocrx_word' id='word_1_835' title='bbox 2177 5212 2338 5268; x_wconf 84' lang='lat' dir='ltr'><strong>nobis</strong></span> <span class='ocrx_word' id='word_1_836' title='bbox 2391 5198 2695 5264; x_wconf 83' lang='lat' dir='ltr'><strong>retulerunt</strong></span> <span class='ocrx_word' id='word_1_837' title='bbox 2722 5202 2826 5257; x_wconf 87' lang='lat' dir='ltr'><strong>viri</strong></span> <span class='ocrx_word' id='word_1_838' title='bbox 2856 5206 2950 5274; x_wconf 78' lang='lat' dir='ltr'><strong>qui</strong></span> <span class='ocrx_word' id='word_1_839' title='bbox 2995 5211 3305 5265; x_wconf 87' lang='lat' dir='ltr'><strong>remearunt</strong></span> <span class='ocrx_word' id='word_1_840' title='bbox 3352 5205 3432 5260; x_wconf 85' lang='lat' dir='ltr'><strong>ad.</strong></span> 
     </span>
    </p>
   </div>
   <div class='ocr_carea' id='block_1_110' title="bbox 1827 5296 2748 5375">
    <p class='ocr_par' dir='ltr' id='par_1_110' title="bbox 1827 5296 2748 5375">
     <span class='ocr_line' id='line_1_110' title="bbox 1827 5296 2748 5375; baseline -0.015 -17"><span class='ocrx_word' id='word_1_841' title='bbox 1827 5302 2083 5375; x_wconf 87' lang='lat' dir='ltr'><strong>Cyprum,</strong></span> <span class='ocrx_word' id='word_1_842' title='bbox 2119 5315 2350 5358; x_wconf 89' lang='lat' dir='ltr'><strong>numero</strong></span> <span class='ocrx_word' id='word_1_843' title='bbox 2373 5296 2594 5364; x_wconf 85' lang='lat' dir='ltr'><strong>triginta</strong></span> <span class='ocrx_word' id='word_1_844' title='bbox 2618 5299 2748 5350; x_wconf 89' lang='lat' dir='ltr'><strong>duo.</strong></span> 
     </span>
    </p>
   </div>
   <div class='ocr_carea' id='block_1_111' title="bbox 1897 5380 3452 5455">
    <p class='ocr_par' dir='ltr' id='par_1_111' title="bbox 1897 5380 3452 5455">
     <span class='ocr_line' id='line_1_111' title="bbox 1897 5380 3452 5455; baseline -0.012 -5"><span class='ocrx_word' id='word_1_845' title='bbox 1897 5396 2218 5452; x_wconf 83' lang='lat' dir='ltr'><strong>Theodorus</strong></span> <span class='ocrx_word' id='word_1_846' title='bbox 2250 5387 2630 5447; x_wconf 87' lang='lat' dir='ltr'><strong>sanctissimus</strong></span> <span class='ocrx_word' id='word_1_847' title='bbox 2648 5383 2935 5455; x_wconf 87' lang='lat' dir='ltr'><strong>episcopus</strong></span> <span class='ocrx_word' id='word_1_848' title='bbox 2959 5389 3180 5446; x_wconf 64' lang='lat' dir='ltr'><strong>Camnae</strong></span> <span class='ocrx_word' id='word_1_849' title='bbox 3200 5380 3427 5437; x_wconf 86' lang='lat' dir='ltr'><strong>tradidit</strong></span> <span class='ocrx_word' id='word_1_850' title='bbox 3450 5403 3452 5405; x_wconf 50' lang='grc' dir='ltr'>ν</span> 
     </span>
    </p>
   </div>
   <div class='ocr_carea' id='block_1_112' title="bbox 2134 5472 3440 5553">
    <p class='ocr_par' dir='ltr' id='par_1_112' title="bbox 2134 5472 3440 5553">
     <span class='ocr_line' id='line_1_112' title="bbox 2134 5472 3440 5553; baseline -0.011 -15"><span class='ocrx_word' id='word_1_851' title='bbox 2134 5496 2300 5553; x_wconf 87' lang='lat' dir='ltr'><strong>quem</strong></span> <span class='ocrx_word' id='word_1_852' title='bbox 2358 5479 2637 5550; x_wconf 89' lang='lat' dir='ltr'><strong>accipiens</strong></span> <span class='ocrx_word' id='word_1_853' title='bbox 2690 5475 2987 5547; x_wconf 85' lang='lat' dir='ltr'><strong>Gregorius</strong></span> <span class='ocrx_word' id='word_1_854' title='bbox 3033 5483 3141 5537; x_wconf 89' lang='lat' dir='ltr'><strong>Deo</strong></span> <span class='ocrx_word' id='word_1_855' title='bbox 3174 5472 3440 5529; x_wconf 77' lang='lat' dir='ltr'><strong>amabilis.</strong></span> 
     </span>
    </p>
   </div>
  </div>
