3924 5678
490 393 592 447 δη

1660 385 2020 448 ANASTASII
2060 381 2607 444 BlBLlOTilECARﬂ:

3648 357 3752 443 si:

496 509 677 563 banti
703 503 895 562 Basilii
916 504 985 560 de
1008 520 1243 560 temone
1270 506 1322 559 in
1354 505 1560 561 beatum
1598 504 1873 570 Barlaam,
1916 501 2070 571 cujus
2097 497 2147 558 Α
2177 495 2300 552 tasti
2329 497 2382 551 in
2407 503 2552 551 terra
2574 503 2684 550 tua.
2707 493 2846 550 Ecce
2881 493 3023 549 enim
3051 492 3233 549 mittes
3253 492 3324 549 de
3352 498 3554 548 cratem
3581 487 3749 546 vinum

1121 576 1329 630 initium
1357 586 1429 632 est
1452 590 1471 628 :

563 707 726 763 Prius
765 707 982 778 quidem
1025 717 1336 764 sanctorum
1385 715 1609 764 mortes.
1656 706 1725 762 Et
1759 715 1883 776 post
1925 704 2070 759 alia:

493 797 780 868 Assurgite
811 813 954 854 nunc
980 798 1136 864 mibi,
1160 816 1194 853 ο
1221 798 1511 853 clarissimi
1541 797 1920 853 athleticarum
1959 796 2072 850 vir-

495 895 670 940 tutum
697 888 954 957 pictores,
976 896 1032 943 et
1061 888 1246 943 militis
1273 887 1644 942 abbreviatam
1671 885 1960 956 imaginem
1984 899 2076 938 ve-

494 979 626 1033 stris
664 979 1004 1046 magniﬁca-te
1051 978 1296 1033 artibus:
1325 978 1610 1033 obscurius
1648 993 1679 1030 a
1721 991 1828 1040 me,
1859 975 1950 1046 qui
1979 989 2077 1030 eo-

492 1079 722 1127 ronatns
770 1081 875 1137 est,
927 1073 1188 1143 scriptum
1239 1082 1433 1128 vestra:
1483 1072 1762 1144 sapientia:
1810 1071 2075 1141 fulgorate

492 1159 783 1215 coloribus.
819 1160 912 1216 Ibo
959 1160 1012 1214 in
1055 1160 1405 1217 victoriarum
1441 1163 1698 1233 martyris
1722 1178 1823 1234 per
1857 1178 1955 1218 vos
1991 1163 2074 1233 pi-

494 1257 651 1303 ctura
680 1249 858 1304 victus
891 1268 904 1304 :
930 1246 1190 1320 gaudebo
1215 1251 1305 1307 tali
1330 1262 1526 1307 vestra:
1552 1251 1887 1308 fortitudinis
1915 1253 2075 1309 hodie

493 1339 724 1394 victoria
748 1350 1056 1410 superatus.
1086 1340 1294 1395 Videbo
1315 1357 1506 1397 manus
1528 1342 1594 1397 ad
1625 1342 1799 1412 ignem
1825 1344 2075 1398 subtilius

494 1443 527 1482 a
553 1429 708 1484 vobis
733 1431 1002 1500 depictum
1029 1441 1326 1488 certamen.
1358 1433 1562 1488 Videbo
1584 1433 1867 1488 clariorem
1898 1436 1952 1490 in
1985 1450 2075 1490 ve-

494 1526 608 1573 stra
633 1519 903 1589 depictum
932 1523 1167 1592 imagine
1183 1523 1521 1579 luctatorem.
1547 1525 2070 1594 Plorentdaemones,

494 1610 755 1681 martyris
787 1610 946 1668 factis
980 1613 1212 1670 fortibus
1233 1626 1287 1671 et
1318 1633 1462 1672 nunc
1489 1619 1717 1686 perculsi
1745 1633 1760 1672 :
1795 1621 2073 1675 combusta

493 1697 605 1754 illis
641 1716 832 1758 manus
869 1712 925 1757 et
974 1705 1202 1760 vincens
1246 1708 1563 1762 ostendatur
1589 1727 1606 1762 :
1645 1717 1702 1762 et
1729 1709 1981 1780 pingatur
2018 1711 2072 1766 in

494 1791 679 1846 tabula
707 1793 960 1849 similiter
985 1805 1038 1851 et
1060 1797 1172 1867 ipse
1199 1798 1524 1868 agonotheta
1549 1799 1900 1855 luctaminum
1923 1801 2072 1857 Cbri-

497 1891 637 1948 stus,
677 1885 766 1940 cui
795 1898 877 1941 est
897 1888 1064 1958 gloria
1091 1890 1142 1944 in
1167 1891 1360 1945 saecula
1385 1892 1726 1948 saeculorum.
1759 1892 1953 1949 Amen.

570 1971 960 2034 Constantinus
999 1978 1107 2034 D‘eo
1153 1980 1401 2036 amabilis
1448 1982 1705 2039 diaconus
1735 1992 1790 2039 et
1834 1985 2079 2040 notarius

494 2059 649 2130 legit.

573 2162 599 2191 ιι
628 2151 843 2209 Photini
885 2155 997 2212 Deo
1040 2159 1289 2217 amabilis
1330 2164 1636 2236 presbyteri
1678 2174 1735 2220 et
1779 2166 2080 2225 defensoris

497 2242 860 2300 sanctissimae
889 2262 1098 2317 magna:
1127 2249 1382 2308 Ecclesiae
1410 2252 1972 2328 Constantinopoleos.

532 2371 614 2428 De
655 2374 775 2431 Vita
801 2389 998 2466 sancte:
1022 2386 1288 2462 memoria:
1315 2387 1539 2466 [capitis
1580 2389 1929 2466 Jejunatoris,
1953 2397 2042 2466 qui

868 2449 968 2518 fuit
994 2453 1260 2522 episcOpus
1285 2457 1514 2525 ejusdem
1541 2449 1702 2515 urbis.

569 2557 762 2616 Adhuc
789 2577 890 2646 nec
916 2564 1018 2620 hoc
1044 2565 1207 2621 lateat
1229 2557 1683 2639 miraculum,nec
1710 2576 2083 2649 indulgeamus

497 2650 717 2718 egregio
740 2649 889 2706 Patri
918 2653 1020 2710 hoc
1042 2656 1240 2712 dudum
1272 2661 1504 2717 maxime
1529 2662 1706 2719 celare
1733 2667 2077 2724 acceleranti.

499 2735 634 2792 Nam
662 2755 765 2795 nox
796 2742 1009 2812 quidem
1039 2756 1176 2812 erat,
1200 2758 1254 2802 et
1293 2751 1698 2811 deambulamus
1725 2772 1848 2812 cum
1879 2760 2079 2818 veloci-

495 2836 610 2884 tate
630 2831 823 2898 multa,
847 2843 1030 2906 utpote
1049 2837 1100 2892 in
1132 2849 1330 2896 terram
1360 2843 1498 2899 ultra
1518 2846 1748 2916 positam
1761 2849 2082 2922 Mauricium,

498 2918 882 2990 imperatorem
930 2928 1171 2984 adituri:
1203 2931 1542 3001 Mauricium,
1584 2940 1673 3008 qui
1716 2940 1916 2997 dudum
1959 2918 2081 3014 qui?

499 3011 622 3065 dem
653 3011 987 3086 iustissimus
1025 3027 1079 3072 et
1122 3021 1442 3098 mitissimus
1478 3026 1597 3093 fuit,
1629 3046 1772 3087 nunc
1811 3011 1995 3090 autem
2024 3043 2080 3090 et

497 3109 741 3172 martyr;
783 3105 884 3160 hoc
927 3109 1072 3162 enim
1121 3113 1572 3180 prol’undissimus
1615 3119 1664 3173 ei
1704 3121 1867 3177 draco
1907 3133 1962 3179 et
1998 3134 2076 3196 ty-

497 3205 705 3249 rannus
746 3197 908 3252 etiam
971 3200 1203 3259 nolendo
1247 3205 1487 3262 donavit.
1525 3208 1660 3264 Cum
1710 3226 1840 3284 ergo
1883 3214 2077 3271 festiue
2103 3202 2148 3264 C

497 3285 926 3360 ambularemus,
953 3295 1147 3351 mulier
1180 3299 1425 3367 quaedam
1470 3303 1714 3370 speciosa
1756 3305 1934 3372 valde,
1967 3317 2078 3364 tam

494 3386 668 3446 veste,
703 3396 864 3452 quam
896 3385 1045 3441 vultu
1092 3396 1148 3442 et
1189 3389 1388 3455 anima,
1430 3407 1552 3462 qua:
1585 3394 1735 3450 dives
1789 3397 2076 3454 admodum

490 3470 696 3538 fuerat,
724 3474 817 3530 sed
852 3490 960 3531 non
984 3480 1274 3547 putabatur
1307 3491 1535 3552 propter
1557 3483 1918 3542 calamitatem
1957 3504 2079 3558 quae

494 3561 673 3619 inerat
697 3565 769 3630 ei,
801 3567 989 3637 procul
1019 3571 1273 3638 apparuit
1309 3573 1442 3628 mihi
1475 3574 1633 3630 mista
1665 3591 1789 3631 cum
1833 3577 2076 3634 multitu-

490 3651 617 3707 dine
643 3653 873 3710 fratrum
903 3666 1204 3715 nostrorum
1230 3676 1550 3732 pauperum,
1593 3681 1716 3735 qua:
1737 3669 2072 3737 persecutio-

488 3758 616 3798 nem
647 3746 716 3800 ab
741 3746 828 3802 his
876 3748 1023 3819 [Gr.,
1051 3751 1254 3820 reiecta
1298 3754 1367 3810 ab
1408 3755 1517 3829 his]
1543 3773 1725 3827 passa,
1775 3761 1865 3830 qui
1911 3779 2074 3833 super

487 3833 595 3890 isto
619 3844 776 3890 erant
811 3840 1063 3906 ordinati,
1100 3856 1441 3913 nequaquam
1487 3850 1794 3917 recedebat,
1824 3853 1918 3907 sed
1948 3867 2070 3908 cum

489 3925 770 3997 lacrymis,
800 3928 928 3986 licet
954 3936 1252 3990 verecunda
1263 3944 1312 3990 ta
1347 3947 1569 4008 propter
1590 3949 1863 4008 naturam,
1884 3959 2070 4000 neces-

484 4014 664 4070 sitatis
694 4025 871 4074 tamen
899 4036 1060 4077 causa
1086 4024 1426 4095 impudenter
1448 4028 1714 4086 inferebat
1744 4032 2066 4090 molestiam.

483 4104 583 4160 llis
603 4107 736 4164 visis
754 4111 997 4168 ordinem
1023 4114 1075 4169 in
1099 4130 1206 4185 quo
1232 4117 1438 4174 fueram
1469 4122 1776 4191 deputatus,
1801 4125 2064 4196 relinquo,

478 4205 540 4251 et
567 4200 914 4268 apprehende
941 4204 1243 4273 mulierem,
1266 4218 1322 4264 et
1346 4211 1604 4280 quidnam
1631 4213 1808 4279 vellet,
1837 4215 2069 4272 interro-

479 4287 696 4372 gabam.
731 4290 801 4345 At
829 4292 918 4358 illa
946 4309 962 4347 :
993 4295 1201 4365 Virum,
1236 4299 1430 4370 inquit,
1463 4301 1636 4358 habeo
1663 4312 1719 4360 et
1743 4305 2068 4363 daemonium

479 4379 646 4436 habet
673 4399 688 4436 :
728 4393 783 4439 et
823 4386 1016 4444 tertius
1039 4405 1216 4446 annus
1241 4402 1326 4448 est
1357 4395 1480 4460 iste,
1503 4411 1569 4451 ex
1601 4411 1708 4466 quo
1742 4399 1896 4454 denis
1937 4400 2062 4455 mil-

476 4467 640 4540 libus,
667 4483 726 4529 ut
755 4475 1074 4551 ita-dicam,
1111 4485 1512 4542 venerabilibus
1553 4487 1685 4545 locis
1715 4500 1772 4546 et
1797 4491 2064 4562 religiosis

476 4563 790 4623 hominibus
835 4570 980 4627 hunc
1025 4573 1282 4630 miserum
1315 4579 1503 4645 obtuli,
1549 4591 1605 4637 et
1643 4584 1776 4639 nihil
1818 4583 2063 4642 obtinere

473 4652 707 4722 amplius
750 4656 914 4711 valui.
961 4659 1043 4716 Ad
1080 4673 1383 4722 extremum
1437 4685 1536 4741 ego
1579 4687 1722 4729 nunc
1767 4675 1836 4730 ab
1877 4689 2078 4736 eremo.

471 4742 620 4796 veni.
646 4743 784 4798 Nam
815 4746 902 4801 ille
933 4749 1066 4818 ipse,
1102 4754 1194 4822 qui
1221 4755 1274 4809 in
1300 4771 1364 4810 ea
1391 4772 1502 4827 prae
1529 4761 1780 4817 omnibus
1802 4762 1916 4818 fere
1935 4779 2061 4820 san-

471 4829 578 4885 ctis
608 4833 869 4890 miracula
906 4837 1256 4910 facientibus,
1295 4845 1348 4899 in
1375 4848 1649 4916 patrandis
1679 4852 1953 4910 miraculis
1983 4864 2061 4911 te-

469 4921 785 4980 stimonium
818 4927 1053 4985 habebat
1095 4930 1324 5006 [habet],
1371 4937 1438 4991 ad
1485 4940 1820 4996 curationem
1862 4945 2060 5000 exhor-

471 5019 594 5067 tans
627 5009 770 5086 [Gr.,
800 5016 867 5072 ad
895 5020 1232 5078 curationem
1274 5033 1329 5079 et
1372 5026 1487 5096 ipse
1529 5027 1662 5082 nihil
1690 5031 2003 5106 proficiens]
2038 5051 2052 5088 :

467 5101 640 5172 Vade,
690 5106 884 5175 inquit,
932 5111 999 5165 ad
1050 5109 1310 5170 Joannem
1363 5119 1726 5186 patriarcham
1777 5101 2053 5195 magnum,

465 5194 704 5266 indeque
742 5197 889 5254 feres
932 5216 1058 5256 cum
1095 5203 1469 5264 benedictione
1515 5211 1712 5266 summi
1758 5194 2058 5284 sacerdotis

465 5285 563 5340 Dei
596 5290 980 5359 omnipotentis
1010 5294 1299 5365 imaginem
1328 5297 1566 5370 Virginis
1593 5305 1786 5358 matris
1827 5306 1954 5370 Dei;
2003 5319 2060 5365 et

464 5376 587 5442 ibis,
619 5387 677 5433 et
698 5380 946 5449 portabis
977 5381 1262 5453 imaginem
1293 5387 1347 5441 in
1388 5389 1629 5458 domum,
1666 5391 1720 5446 in
1761 5409 1867 5463 qua
1897 5395 2048 5451 babi-

535 5544 560 5574 ε
591 5532 783 5588 Exstat
805 5535 1238 5586 antinnusmum
1259 5539 1378 5586 νηί,
1406 5539 1457 5584 in
1484 5556 1591 5582 mm
1619 5541 1798 5592 ,ηηιιφ
1825 5543 2043 5598 ρηιηηη

2175 593 2343 650 tuum,
2360 584 2628 641 etlocabis
2640 598 2763 639 eum
2776 584 2829 638 in
2844 584 2999 639 atriis
3010 587 3200 640 domus
3213 592 3318 639 tuae
3335 600 3349 650 ;
3362 593 3418 638 et
3432 596 3542 637 non
3555 581 3752 635 videbit

2171 675 2396 730 vitatem
2414 675 2561 746 regis
2578 689 2851 746 magnam,
2866 673 2933 727 ad
2955 689 3117 744 quam
3131 689 3275 729 nunc
3286 671 3656 746 proficisceris
3673 689 3685 724 :
3701 679 3753 726 et

2173 765 2463 831 exaltabis,
2489 775 2546 822 et
2573 780 2742 837 pones
2780 765 3210 830 similitudinem,
3239 773 3294 820 et
3324 763 3419 818 fiet
3439 761 3752 819 sanctifica-

2174 855 2251 910 tio
2299 855 2483 911 domui
2506 866 2612 912 tuae
2643 874 2657 911 :
2685 865 2740 912 et
2764 856 2871 912 erit
2903 865 2962 911 ut
2986 857 3165 914 omnis
3191 855 3505 926 quicunque
3549 852 3754 907 habita-

2173 945 2315 1000 verit
2335 946 2391 1000 in
2413 961 2499 1012 ea,
2541 946 2916 1020 benedictione
2959 946 3353 1002 benedicatur:
3385 952 3439 998 et
3465 956 3597 997 ecce
3637 940 3757 1009 fuga

2174 1033 2365 1105 fugiet,
2409 1047 2464 1090 et
2507 1036 2776 1092 alienatus
2821 1037 2928 1092 erit
2974 1036 3215 1106 spiritus,
3256 1041 3313 1090 et
3344 1033 3484 1088 ultra
3518 1046 3629 1086 non
3666 1046 3755 1099 ap-

2175 1126 2559 1196 propinquabit
2587 1127 2661 1192 ei,
2701 1141 2766 1182 eo
2809 1129 2952 1197 quod
3001 1126 3261 1182 Dominus
3290 1139 3459 1194 prope
3493 1123 3588 1187 sit,
3619 1130 3675 1176 et
3706 1121 3756 1173 in

2175 1215 2368 1271 saecula
2401 1215 2570 1287 gloria
2617 1215 2753 1284 ejus.
2792 1217 2989 1271 Amen.
3033 1214 3129 1270 llis
3175 1214 3357 1278 dictis,
3402 1212 3612 1268 adduco
3638 1225 3757 1265 eam

2177 1306 2244 1361 ad
2290 1306 2652 1377 patriarcham
2697 1308 2782 1363 die
2833 1308 3075 1376 sequenti
3125 1307 3215 1376 qui
3263 1313 3416 1361 sexta
3453 1303 3593 1359 feria
3629 1317 3758 1358 eon-

2176 1404 2430 1450 sueverat
2459 1396 2514 1450 in
2548 1396 2642 1450 Dei
2683 1398 2962 1468 genitricis
3006 1396 3204 1468 templo
3249 1396 3406 1466 iuxta
3452 1395 3759 1465 ingressum

2175 1485 2321 1540 facto
2346 1485 2624 1542 celebrare
2656 1485 2798 1558 [Gr.,
2823 1470 2948 1543 dum
2978 1497 3131 1543 sexta
3164 1486 3300 1542 feria
3319 1486 3386 1541 de
3409 1500 3564 1540 more
3589 1485 3643 1538 in
3667 1483 3758 1538 Dei

2177 1577 2455 1645 genitricis
2479 1578 2840 1647 propinquum
2887 1577 3146 1646 templum
3181 1583 3326 1631 esset
3353 1571 3756 1646 ingressurus]:

2176 1678 2232 1724 et
2290 1667 2474 1724 refero
2522 1669 2722 1740 negotii
2778 1669 3285 1744 circumstantiam,
3338 1682 3485 1723 nunc
3541 1665 3758 1737 quidem

2175 1758 2331 1814 valde
2373 1759 2688 1830 iuveniliter
2733 1759 2897 1814 simul
2951 1769 3007 1814 et
3056 1760 3356 1826 rhetorice,
3396 1773 3543 1814 nunc
3580 1765 3758 1811 autem

2101 1841 2150 1902 B
2177 1835 2444 1905 submisse
2481 1865 2545 1904 ac
2579 1849 2862 1906 dolenter:
2892 1861 2946 1904 et
2995 1848 3318 1920 gaudebam,
3363 1847 3596 1902 suadere
3641 1861 3758 1915 spe-

2181 1957 2311 1996 rans
2353 1941 2559 2012 pariter
2605 1951 2661 1998 et
2696 1942 2929 2010 laudari,
2955 1957 3020 1998 eo
3043 1942 3184 2012 quod
3214 1941 3286 1995 ita
3314 1941 3431 2010 pias
3459 1955 3756 1996 assererem

2178 2031 2595 2102 propositiones.
2620 2031 2811 2087 Adhuc
2845 2040 3025 2087 autem
3052 2031 3184 2086 mihi
3219 2039 3414 2087 maesto
3440 2039 3496 2086 et
3522 2030 3755 2098 docenti,

2180 2121 2434 2190 quoniam
2483 2120 2624 2193 [Gr.,
2676 2121 2867 2177 Adhuc
2911 2131 3089 2178 autem
3129 2123 3261 2178 mihi
3287 2121 3524 2185 docenti,
3551 2128 3608 2175 et
3636 2135 3754 2174 cum

2179 2209 2428 2265 libertate
2454 2211 2677 2277 dicenti,
2706 2209 2788 2284 q.]
2817 2211 3060 2275 eremita,
3092 2226 3126 2266 ο
3164 2211 3404 2276 domine,
3430 2209 3568 2264 dixit
3594 2225 3626 2263 a
3652 2209 3757 2264 Deo

2181 2310 2385 2367 motus,
2419 2303 2563 2372 quod
2595 2303 2789 2359 merito
2834 2318 2952 2370 vos,
3003 2303 3242 2368 domine,
3287 2301 3610 2374 expulsurus
3649 2301 3750 2356 sis:

2182 2390 2457 2446 interdicit
2480 2407 2784 2448 sermonem
2810 2406 3011 2458 meum,
3025 2401 3079 2447 et
3101 2391 3281 2447 furore
3300 2390 3546 2446 fervens:
3573 2390 3754 2453 etiam,

2181 2480 2418 2546 domine,
2469 2482 2656 2548 etiam,
2702 2482 2940 2548 domine,
2991 2496 3176 2537 vocem
3225 2480 3488 2537 extollens
3534 2479 3753 2534 eremita

2179 2571 2484 2637 clamabat;
2510 2573 2696 2637 etiam,
2721 2581 2779 2626 ut
2803 2586 2902 2642 ego
2924 2572 3175 2627 dominus
3193 2570 3402 2639 eiiciam
3424 2570 3754 2631 daemonem;

2181 2673 2239 2720 ut
2263 2664 2462 2731 dicam,
2491 2665 2586 2721 tibi
2608 2665 2729 2720 dico
2751 2665 3049 2729 immundo,
3075 2664 3162 2719 exi
3189 2679 3219 2718 a
3247 2663 3524 2735 figmento,
3553 2669 3611 2716 et
3629 2661 3756 2716 vade

2179 2757 2286 2811 huc
2326 2766 2490 2826 atque
2527 2755 2674 2821 illuc,
2703 2765 2756 2811 et
2783 2756 2849 2811 ad
2874 2755 3184 2811 invisibile:
3218 2755 3343 2809 talia
3363 2753 3525 2822 iubes
3550 2762 3613 2806 ut
3640 2768 3757 2823 gar-

2179 2850 2316 2905 riam
2355 2850 2520 2905 homo
2553 2847 2802 2904 sordidus
2827 2857 2881 2904 et
2912 2857 3168 2918 peccator
3195 2865 3208 2902 :
3238 2848 3282 2902 si
3306 2848 3442 2902 estis
3466 2847 3608 2902 mira
3636 2860 3756 2914 ope-

2179 2953 2381 3009 rantes,
2414 2959 2592 2999 meum
2620 2943 2800 3013 eiicite
2835 2943 3102 3013 Spiritum.
3135 2940 3451 2997 Orationum
3476 2953 3605 3009 eges
3626 2935 3756 2991 mulo

2181 3045 2377 3100 tarum,
2415 3034 2585 3090 frater
2610 3033 2860 3098 Photine,
2890 3048 2988 3102 per
3015 3031 3290 3087 orationes
3311 3037 3647 3085 sanctorum.
3671 3026 3761 3080 Sic

2178 3134 2374 3194 praeter
2408 3138 2558 3194 spem
2595 3123 2973 3186 inbonoratus,
3027 3120 3342 3176 recedebam
3389 3117 3756 3173 erubescens:

2179 3227 2234 3273 et
2263 3217 2485 3273 silenter
2524 3215 2806 3286 effugiens,
2857 3213 3120 3270 eilerebar
3167 3220 3486 3273 retrorsum,
3538 3218 3597 3264 et
3650 3209 3756 3262 for-

2180 3307 2336 3372 tuito,
2375 3315 2430 3361 et
2460 3305 2512 3360 in
2545 3304 2828 3361 obviantes
2876 3303 3030 3374 quasi
3085 3301 3393 3371 crapulatus
3422 3299 3754 3361 incidebam;

2177 3407 2232 3454 et
2275 3396 2623 3467 apprehende
2655 3395 2746 3449 vix
2776 3395 3062 3465 quamdam
3098 3391 3279 3447 sacelli
3309 3390 3711 3446 extremitatem
3737 3404 3753 3440 :

2177 3495 2232 3542 et
2261 3485 2442 3540 furore
2470 3495 2771 3540 commotus
2794 3484 3104 3554 (plurimum
3133 3494 3367 3550 namque
3396 3481 3635 3536 tristitia:
3648 3480 3757 3550 iam

2175 3577 2230 3630 in
2281 3575 2519 3632 furorem
2571 3573 2920 3640 efferebatur,
2975 3589 3041 3630 eo
3091 3574 3232 3646 quod
3291 3592 3396 3631 non
3456 3573 3753 3629 invenerim

2175 3667 2404 3738 gratiam
2451 3666 2504 3721 in
2546 3675 2837 3734 conspectu
2873 3666 3068 3720 summi
3100 3667 3400 3722 sacerdotis
3430 3666 3528 3720 Dei
3558 3664 3756 3735 magni)

2174 3757 2343 3812 multa
2390 3756 2606 3812 silentio
2651 3757 2704 3810 in
2749 3758 3072 3828 memetipso
3103 3756 3417 3828 reputabam
3451 3755 3601 3828 [Gr.,
3631 3771 3755 3809 con-

2173 3846 2489 3921 querebar],
2517 3856 2574 3903 et
2599 3848 2744 3918 quod
2772 3863 2878 3902 non
2905 3857 3050 3902 esset
3074 3849 3143 3903 ab
3170 3848 3272 3902 isto
3303 3847 3608 3918 quidquam
3632 3845 3754 3900 boni

2171 3940 2265 3995 ulli
2315 3940 2497 3996 ovium
2547 3941 2895 4007 sperandum,
2945 3947 3161 4008 pastore
3208 3937 3461 3992 videlicet
3501 3935 3662 3991 nobis
3687 3934 3754 3988 ad

2169 4031 2280 4102 lupi
2320 4038 2567 4085 naturam
2609 4029 2977 4099 perveniente.
3015 4030 3072 4083 In
3110 4029 3196 4084 his
3234 4043 3366 4098 ergo
3404 4043 3532 4082 cum
3579 4041 3752 4082 essem

2169 4124 2448 4188 haesitans,
2488 4123 2618 4176 mihi
2663 4122 2946 4178 consilium
2980 4123 3060 4177 fit.
3092 4121 3160 4176 Et
3184 4121 3404 4176 mittens
3430 4121 3654 4176 domum
3683 4134 3750 4171 ex

2169 4207 2522 4288 sequentibus
2549 4215 2865 4286 quemdam,
2891 4214 3076 4270 defero
3109 4214 3341 4270 domina:
3368 4211 3661 4283 imaginem
3683 4223 3750 4264 ex

2167 4305 2253 4361 his
2277 4322 2397 4377 quae
2420 4306 2527 4361 illic
2555 4307 2746 4376 positae
2784 4315 2964 4370 erant,
3005 4305 3138 4360 satis
3179 4304 3377 4375 oppido
3400 4302 3703 4373 speciosam
3731 4317 3746 4355 :

2166 4404 2223 4450 et
2265 4397 2538 4453 adornans
2562 4395 2720 4451 valde
2746 4396 2907 4462 bene,
2933 4403 2990 4450 et
3016 4405 3076 4450 ut
3103 4404 3221 4450 erat
3251 4392 3512 4463 possibile
3538 4393 3609 4447 ad
3632 4389 3742 4444 evi-

2166 4487 2382 4542 dentius
2410 4488 2779 4558 apparendum
2809 4495 2863 4543 et
2893 4490 3277 4557 reputandum,
3312 4485 3438 4555 quia
3463 4483 3749 4554 Oportebat

2166 4594 2196 4633 a
2237 4579 2472 4633 maxime
2524 4587 2697 4646 patre,
2755 4585 2937 4648 utpote
2983 4577 3097 4648 iam
3153 4575 3455 4640 inclinato,
3501 4574 3750 4643 accipere

2165 4668 2455 4740 imaginem
2492 4665 2635 4740 [Gr.,
2667 4668 2796 4738 quia
2823 4683 2852 4721 a
2878 4667 3115 4721 maximo
3149 4675 3300 4737 patre
3323 4672 3402 4719 ut.
3433 4663 3472 4718 i.
3503 4663 3612 4718 inc.
3654 4677 3743 4716 ac-

2164 4773 2374 4832 ceptam
2421 4761 2678 4817 haberem
2726 4757 3067 4830 imaginem],
3122 4757 3269 4812 tenui
3310 4756 3473 4819 hanc,
3518 4764 3579 4808 et
3623 4753 3741 4807 dedi

2163 4851 2410 4917 mulieri;
2454 4865 2724 4919 orareque
2753 4864 2850 4920 pro
2879 4848 3058 4914 nobis,
3088 4857 3144 4903 et
3169 4847 3498 4918 patriarcha:
3539 4846 3744 4916 gratias

2163 4942 2360 4998 multas
2393 4941 2663 5007 confiteri,
2713 4951 2876 5012 atque
2903 4940 3055 4995 abire
3083 4956 3206 4995 cum
3235 4939 3430 5009 gaudio
3453 4937 3737 5008 iubebam.

2157 5032 2228 5086 At
2264 5032 2354 5086 illa
2401 5031 2736 5087 liberabatur
2781 5031 3049 5086 modicum
3081 5028 3223 5102 [Gr.,
3252 5027 3668 5100 propemodum]
3690 5035 3743 5081 et

2157 5120 2454 5187 exsultans,
2481 5131 2537 5177 et
2560 5138 2665 5176 non
2693 5121 2899 5178 habens
2937 5121 3079 5190 quod
3126 5121 3327 5175 faceret
3360 5115 3508 5190 [Gr.,
3539 5117 3737 5192 ﬁeret].

2161 5211 2315 5267 Unde
2349 5221 2404 5267 et
2447 5222 2567 5266 erat
2612 5213 2893 5282 utriusque
2940 5213 3094 5283 quasi
3139 5211 3418 5267 dimidium
3459 5209 3738 5281 gaudium.

2159 5300 2293 5354 Nam
2336 5317 2436 5372 ego
2476 5303 2693 5371 quidem
2741 5303 3028 5373 putabatur
3064 5299 3204 5374 [Gr.,
3234 5300 3484 5371 putabar,
3519 5317 3638 5364 seu,
3663 5299 3738 5354 vi-

2158 5389 2371 5462 debar],
2405 5406 2513 5446 non
2539 5400 2717 5446 autem
2747 5392 3066 5463 gaudebam.
3117 5391 3207 5447 Illa
3251 5406 3378 5448 vero
3416 5401 3475 5446 et
3511 5389 3737 5462 putaba-

2155 5541 2341 5594 codice
2371 5553 2599 5590 renerlm
2640 5555 2757 5586 cum
2825 5547 2902 5586 ηπ
2951 5547 3170 5602 insertis
3214 5563 3316 5604 una
3358 5559 3478 5602 esse
3523 5546 3738 5602 videtur

3403 5632 3420 5636 δ
3447 5615 3612 5652 Ι-οοὲηε
3643 5630 3734 5660 επ.
