3924 5696
105 311 192 368 313

740 309 1294 370 INTERPRETATIO
1331 299 1584 368 SYNODI
1621 296 1707 353 V'll
1744 296 2148 369 GENERALIS.
2183 342 2251 351 —
2291 309 2494 369 aeno
2534 311 2621 367 tv.

107 439 198 491 tur,
221 434 272 481 et
291 425 591 497 gaudebat:
619 427 712 482 sed
758 426 988 482 intentio
1015 437 1069 480 et
1100 427 1174 481 rei
1206 426 1327 481 finis
1354 441 1457 479 non
1489 425 1647 479 habe—
1677 427 1729 487 Α
1756 423 1948 480 faciem
1984 423 2121 498 [Cr.,
2161 435 2282 496 post
2313 442 2442 482 vero
2479 426 2544 499 f.]
2595 427 2839 492 intuitus,
2899 429 3150 486 arbitrari
3199 419 3338 502 ccepi

103 519 182 572 bat
211 516 436 570 initium.
477 515 628 570 Tunc
655 531 781 587 ergo
808 516 972 569 animi
1001 515 1383 581 defectionem,
1413 530 1533 584 quae
1554 528 1652 568 nos

103 609 426 675 obtinuerat,
481 609 750 663 consolari
803 607 981 662 taliter
1033 608 1327 678 opinatus,
1391 604 1652 676 acquisivi

102 700 226 754 aliud
251 697 391 770 [ατη
425 698 636 770 aliam],
667 698 1037 768 contemplans
1063 707 1120 753 et
1151 707 1431 767 reputans,
1470 712 1650 766 quem,

104 792 314 862 quando,
341 801 396 847 et
421 791 536 856 ubi,
564 800 618 845 et
642 792 692 845 in
719 806 848 860 quo,
880 799 935 845 et
960 792 1252 860 quomodo,
1298 790 1378 844 vel
1417 805 1521 858 qua
1556 804 1655 842 no-

103 882 173 936 bis
214 883 481 937 mediante
539 881 748 936 abirem
806 882 1063 936 seductus
1115 891 1172 935 et
1223 880 1656 935 circumveniens

104 972 221 1044 [Cr.,
266 973 606 1028 seduxissem
652 981 706 1025 et
752 971 1254 1043 circumvenissem]
1285 971 1656 1025 mulierculam

103 1063 452 1126 miserrimam,
501 1071 557 1118 et
599 1062 670 1115 ita
715 1061 1103 1126 miserabilem,
1139 1070 1196 1114 et
1225 1069 1404 1114 tantas
1434 1059 1658 1113 fiducias

105 1155 234 1208 nobis
267 1156 762 1209 commendantem.
805 1152 1035 1207 Maxime
1056 1161 1235 1206 autem
1272 1149 1655 1215 contristabar,

103 1253 260 1314 utpote
306 1260 574 1314 separaris
619 1243 1258 1298 mulieremameliorum
1300 1242 1657 1312 protectione,

104 1344 148 1388 et
181 1350 267 1405 per
292 1334 456 1388 alium
487 1335 613 1388 talia
655 1335 953 1405 sapientem
994 1333 1059 1388 ad
1105 1349 1168 1388 ea
1206 1331 1344 1404 [ϐυ-η
1379 1349 1500 1403 qua:
1523 1347 1660 1402 Optls

104 1427 166 1482 illi
187 1435 329 1482 erant
372 1426 734 1499 exhibitione]
785 1442 906 1495 qua:
955 1426 1195 1481 dealbari
1247 1426 1560 1479 verebatur.
1601 1422 1657 1477 lu

103 1518 174 1574 bis
210 1533 412 1582 rursus,
454 1526 517 1573 et
559 1527 779 1589 prepter
819 1517 1562 1587 hnjusmodi.seductionem.
1607 1524 1664 1569 et

107 1609 261 1664 dicere
283 1619 448 1679 atque
476 1607 756 1664 oblatrare
784 1609 1036 1677 spiritum
1069 1607 1372 1662 existimavi
1408 1624 1421 1660 :
1453 1615 1507 1661 et
1537 1606 1663 1676 quia

106 1698 200 1769 ipse
231 1712 324 1770 ego
365 1713 398 1754 e
446 1699 727 1754 contrario
781 1698 1111 1753 firmaverim
1159 1707 1324 1766 atque
1370 1695 1661 1750 locaverim

1756 517 1894 572 hanc
1919 517 2062 572 illam
2100 534 2218 574 esse
2249 535 2368 589 qua:
2393 521 2542 575 olim.
2572 508 2888 590 Apponebat
2914 524 3110 593 quippe
3133 535 3186 579 et
3215 526 3336 590 hoc,

1755 610 1878 678 quia
1916 610 2057 664 Deus
2092 613 2393 666 mercedem
2440 613 2631 666 domus
2661 628 2794 667 meze
2826 614 2914 668 det
2947 613 3059 678 tibi,
3102 617 3337 672 domine.

1757 697 1908 754 Tunc
1954 699 2130 769 plane,
2166 709 2292 756 tunc
2321 711 2513 756 cuncta
2542 702 2809 767 videbam,
2854 703 3164 774 pariterque
3210 722 3341 777 gau-

1719 804 1724 808 ·
1758 789 1894 845 dens
1931 799 1987 844 et
2033 793 2326 862 agonizans
2375 792 2658 865 [certans],
2707 795 2808 849 hoc
2839 795 3014 850 solum
3044 796 3342 865 interroga-

1757 883 1882 938 bam
1911 901 1924 937 :
1955 883 2098 938 Sana
2132 884 2268 939 facta
2300 885 2394 939 es?
2424 886 2542 939 vel:
2573 885 2854 953 Quomodo
2895 901 3027 940 sana
3076 887 3213 942 facta
3240 887 3344 944 es?

1758 984 1812 1028 et
1844 989 2125 1030 assumens
2152 986 2362 1032 secreto
2405 975 2546 1049 [Gr.,
2581 978 2630 1031 in
2658 975 2817 1048 otio],
2839 977 3109 1032 enarravit
3144 977 3342 1033 adveni

1760 1074 1870 1119 tum
1898 1065 1964 1119 ad
1992 1067 2286 1136 regionem,
2318 1075 2374 1122 et
2401 1068 2827 1137 deportationem
2867 1068 3120 1138 imaginis
3149 1069 3216 1122 ad
3245 1068 3342 1122 do-

1760 1173 1906 1212 mum
1951 1173 2104 1212 suam
2132 1177 2145 1212 :
2173 1168 2230 1213 et
2276 1160 2402 1229 quia
2433 1160 2484 1214 in
2515 1160 2784 1214 excelsum
2812 1160 3038 1225 elevata,
3074 1168 3127 1214 et
3154 1175 3342 1229 super-

1759 1250 1933 1320 posita
1978 1260 2063 1304 est
2103 1251 2154 1305 in
2209 1251 2503 1320 parietibus
2553 1251 2807 1306 domicilii
2857 1266 3013 1305 sacro
3055 1250 3260 1320 pariter
3288 1256 3344 1303 et

1761 1337 2166 1394 decentissime.
2195 1339 2262 1395 Ut
2289 1349 2469 1394 autem
2493 1350 2546 1396 et
2567 1356 2665 1411 per
2692 1351 2902 1410 tempus
2924 1340 3178 1410 frequens
3201 1340 3341 1393 ima-

1761 1429 1871 1499 gitti
1921 1428 2199 1484 oblatrans
2249 1438 2412 1499 atque
2457 1429 2700 1484 delusum
2750 1430 3058 1499 figmentum
3090 1427 3230 1500 [Gr.,
3265 1427 3346 1482 ina

1763 1521 1990 1583 sultans,
2021 1536 2085 1576 ac
2118 1520 2231 1576 fere
2264 1521 2603 1592 figmentum,
2649 1520 2781 1592 etc.]
2827 1522 3141 1590 discerpens
3188 1519 3348 1590 spiri-

1763 1617 1872 1674 tus,
1905 1610 1957 1663 in
1991 1609 2096 1664 fine
2128 1611 2366 1665 insonuit
2390 1609 2532 1682 [ϐω
2569 1609 2906 1681 discesserit}
2938 1627 2953 1664 :
2995 1619 3050 1664 et
3092 1609 3233 1664 facta
3263 1616 3347 1664 est

1764 1699 1920 1752 nobis
1969 1699 2255 1766 medicina,
2310 1701 2465 1763 dixit,
2515 1701 2657 1771 quod
2699 1700 3004 1771 patiebatur
3029 1697 3348 1771 [Gr.patie-

105 1789 447 1857 stabilitatem,
500 1805 624 1862 qua:
651 1797 772 1846 erat
805 1789 1034 1845 daemoni
1075 1790 1221 1844 circa
1261 1788 1555 1842 hominem.
1594 1787 1660 1840 Et
1691 1791 1734 1850 Β
1765 1789 1979 1862 bamur]
2021 1791 2149 1846 olim
2183 1791 2234 1846 in
2281 1792 2531 1847 veritate.
2581 1791 2687 1846 Eos
2731 1791 2872 1845 enim
2905 1790 2995 1860 qui
3023 1789 3218 1845 similia
3249 1804 3348 1860 pa-

106 1879 223 1948 quod
252 1879 424 1936 factus
451 1895 578 1936 sum
607 1880 659 1934 ei
688 1888 744 1935 et
770 1879 998 1934 materia
1025 1889 1082 1934 et
1109 1878 1328 1933 occasio
1364 1877 1660 1932 calumnia-

107 1985 204 2025 rum
233 1970 532 2040 iustarum,
581 1987 684 2028 non
728 1971 856 2026 dum
900 1971 1022 2026 dico
1067 1981 1255 2026 contra
1283 1971 1661 2041 memetipsnm

106 2060 272 2126 solum,
311 2077 445 2133 ergo
498 2061 645 2133 [Gr.,
671 2061 788 2134 sed]
823 2071 1012 2117 contra
1047 2075 1236 2117 omnes
1265 2061 1479 2132 quidem
1507 2061 1666 2115 Chri-

105 2151 302 2216 stianos,
325 2161 381 2206 et
406 2160 606 2206 contra
632 2151 946 2206 sacerdotes
971 2150 1203 2220 primum
1229 2191 1245 2215 ,
1271 2165 1338 2206 eo
1361 2150 1505 2219 quod
1532 2165 1664 2206 nxoo

107 2258 200 2297 rem
244 2242 464 2314 quidam
519 2241 806 2315 presbyter
855 2242 1026 2298 altero
1069 2243 1255 2313 typho,
1289 2242 1460 2309 aiunt,
1493 2242 1665 2298 altero

110 2333 340 2400 damone,
385 2336 488 2406 qui
534 2342 657 2391 erat
709 2334 1002 2400 mendacii,
1047 2333 1417 2406 przrjudicavit
1459 2353 1472 2388 :
1521 2333 1664 2404 quod

110 2424 220 2478 nihil
258 2424 509 2494 profecto
550 2433 637 2481 est
677 2424 844 2490 aliud,
872 2441 1037 2495 quam
1061 2425 1115 2480 in
1144 2425 1446 2480 Beelzebub
1469 2424 1667 2494 ejicere

110 2515 223 2570 velle
262 2515 551 2572 daemonia.
593 2515 719 2572 Haec
759 2514 976 2586 quidem
1004 2516 1136 2570 mihi
1164 2526 1219 2571 et
1249 2517 1552 2586 huiusmodi
1585 2517 1668 2572 in-

109 2603 387 2662 desinenter
415 2607 663 2662 animam
691 2607 932 2678 ingressa
959 2608 1218 2662 atrociter
1246 2608 1664 2674 conturbabant,

107 2702 150 2744 et
167 2695 492 2762 infleiebant,
520 2705 577 2752 et
603 2712 798 2768 magna
820 2704 1136 2768 exspectare
1162 2697 1364 2753 dabant
1393 2697 1531 2751 mala
1559 2707 1664 2752 tam

107 2787 162 2841 ab
195 2787 527 2856 hominibus,
570 2803 732 2858 quam
764 2788 833 2843 ab
860 2788 975 2857 ipso
1005 2787 1133 2842 Deo.
1171 2787 1552 2842 Verumtamen
1584 2801 1668 2842 re-

107 2878 400 2949 cogitabam,
455 2888 518 2935 et
546 2878 847 2935 referebam
875 2877 1228 2948 mibimetipsi
1261 2879 1665 2934 excusationem

108 2969 573 3044 [simulationem],
630 2979 687 3027 et
742 2969 1036 3040 quamdam
1082 2968 1234 3038 quasi
1285 2968 1670 3024 consolationis

105 3060 416 3127 phantasiam
472 3061 543 3116 ad
590 3074 830 3130 pnesens
877 3056 1256 3129 imponebam,
1301 3057 1485 3111 dicens
1528 3057 1668 3127 apud

1763 1885 1990 1950 tiuntur,
2024 1885 2193 1950 locus,
2226 1886 2334 1941 imo
2361 1885 2536 1956 figura
2567 1885 2805 1956 Virginis
2828 1885 3019 1940 matris
3048 1891 3221 1940 curat.
3250 1882 3351 1940 llic

1763 1983 1849 2030 est
1866 1975 2010 2028 enim
2041 1975 2166 2030 finis
2192 1991 2390 2032 causan

1834 2065 1944 2121 Leo
1979 2067 2353 2124 sanctissimus
2387 2069 2670 2140 episcopus
2697 2066 2913 2122 Phociae
2940 2065 3077 2119 dixit
3124 2082 3137 2118 :
3183 2063 3334 2118 Scri-

1763 2165 1916 2226 ptum
1939 2167 2047 2222 est,
2101 2158 2226 2228 quia
2256 2157 2308 2213 in
2333 2159 2542 2214 duobus
2590 2159 2669 2212 vel
2716 2157 2888 2211 tribus
2928 2155 3156 2209 testibus
3182 2154 3349 2208 stabit

1763 2264 1924 2305 omne
1945 2250 2168 2305 verbum
2199 2249 2416 2322 (Matth.
2462 2250 2622 2321 xvm)
2650 2265 2664 2302 :
2689 2258 2746 2304 et
2771 2248 2930 2302 hodie
2966 2245 3189 2300 exhibiti
3221 2251 3350 2300 sunt

1766 2343 1922 2399 nobis
1961 2343 2178 2414 plurimi
2227 2345 2370 2399 sacri
2414 2345 2560 2409 libri,
2592 2343 2681 2412 qui
2714 2349 2921 2395 mentes
2953 2346 3169 2393 nostras
3209 2337 3350 2407 riga-

1765 2443 1981 2499 verunt,
2015 2443 2070 2488 et
2104 2434 2484 2490 satisfecerunt
2539 2435 2606 2490 de
2649 2431 2990 2488 restitutione
3041 2435 3351 2484 sanctarum

1767 2527 2084 2596 imaginum.

1838 2619 1907 2673 Et
1936 2618 2068 2689 legit
2100 2617 2294 2672 Petrus
2315 2616 2484 2672 lector
2517 2631 2531 2669 :

1769 2755 1848 2811 De
1873 2756 1976 2811 vita
2006 2755 2168 2810 beatae
2219 2752 2408 2808 Maria:
2437 2752 2706 2824 Afgyptite
2731 2793 2746 2820 ,
2788 2768 2940 2823 cujus
2988 2751 3196 2806 initium
3224 2757 3300 2804 est
3322 2761 3346 2803 :

1843 2887 2124 2943 Secretum
2155 2885 2296 2957 regis
2324 2885 2503 2940 celare
2537 2885 2739 2940 bonmn
2769 2893 2872 2950 est,
2901 2899 3063 2954 opera
3095 2897 3225 2936 vero
3254 2880 3354 2936 Dei

1772 2979 2068 3049 praedicare
2090 2977 2379 3048 gloriosum
2411 2986 2515 3031 est.
2549 2977 2752 3045 Etpost
2781 2975 2884 3029 alia
2921 2993 2934 3028 :
2965 2973 3112 3028 Alios
3131 2973 3347 3042 quidem

1776 3069 2031 3140 templum
2059 3067 2314 3131 habebat,
2339 3067 2554 3121 nemine
2580 3067 2936 3135 impediente;
2970 3078 3055 3118 me
3097 3077 3227 3116 vero
3253 3061 3355 3115 mi-

107 3151 384 3208 ntezbeus
431 3151 586 3207 enim
635 3153 702 3208 de
747 3151 931 3206 futuro
984 3149 1147 3205 faciet
1189 3165 1399 3206 curam.
1460 3149 1516 3203 In
1566 3151 1667 3204 hoc

1773 3161 1951 3214 seram
1986 3174 2092 3213 non
2143 3155 2458 3226 recipiebat,
2508 3154 2668 3210 veluti
2705 3155 2937 3225 quadam
2969 3151 3186 3207 militari
3223 3149 3358 3204 mul-

106 3243 276 3314 quippe
314 3261 468 3301 anno
519 3244 662 3300 intra
708 3244 884 3301 locum
917 3243 1054 3298 forte
1083 3241 1224 3314 [Gr.,
1253 3242 1310 3296 ln
1346 3243 1447 3298 hoc
1475 3243 1672 3314 quippe

108 3331 401 3390 intermedio
449 3343 699 3406 tempore
745 3333 911 3406 forte]
943 3332 1098 3388 nobis
1123 3333 1384 3388 morietur
1411 3334 1526 3388 sive
1557 3349 1674 3387 mu-

106 3422 318 3492 liercula,
359 3425 484 3481 sive
535 3425 652 3496 ipse
696 3425 800 3490 vir,
841 3426 956 3480 sive
984 3424 1123 3480 alius
1145 3425 1675 3496 qnisquam.Moriar

106 3525 260 3572 autem
286 3517 574 3574 multoties
593 3531 713 3589 ego,
743 3525 799 3574 et
822 3517 1054 3572 cessabit
1083 3517 1173 3586 qui
1197 3513 1314 3589 [σν.
1335 3526 1382 3570 ει
1406 3533 1501 3571 ma.
1535 3515 1672 3582 10L,

107 3607 249 3681 Quod]
294 3609 581 3665 tristitiam
633 3608 920 3664 inferebat.
968 3607 1137 3680 Igitur
1164 3608 1216 3662 in
1245 3608 1330 3663 his
1359 3617 1493 3662 tunc
1515 3624 1546 3662 a
1577 3609 1674 3679 dy-

105 3700 262 3768 scolis,
293 3717 420 3772 qua:
446 3702 598 3757 circa
620 3701 870 3756 miseram
893 3700 1174 3756 mulierem
1202 3709 1378 3764 erant,
1409 3707 1468 3752 nt
1494 3701 1670 3765 rebar,

105 3787 360 3858 liberatus,
415 3792 585 3847 rebar
616 3804 648 3846 a
678 3790 833 3845 turba
883 3790 1125 3846 liberari.
1172 3789 1301 3844 Post
1338 3805 1509 3845 annos
1553 3805 1676 3844 reor

105 3879 252 3938 ferme
277 3892 391 3938 tres
417 3881 637 3938 stabam
683 3895 847 3952 penes
886 3882 1033 3951 ipsas
1069 3895 1254 3936 sacras
1279 3889 1466 3951 portas
1495 3881 1672 3951 magni

105 3973 285 4042 templi.
315 3973 382 4028 Et
413 3988 547 4029 ecce
592 3971 787 4028 mulier
813 3971 1034 4027 elevans
1072 3971 1380 4041 supercilia,
1419 3980 1475 4026 et
1515 3971 1672 4026 vehe-

105 4073 292 4120 menter
330 4081 400 4121 ac
453 4063 725 4121 indefesse
764 4063 1122 4134 pronuntians
1159 4071 1215 4116 et
1261 4062 1556 4133 respirans,
1588 4063 1671 4116 in-

105 4153 217 4208 tuita
245 4165 328 4211 est
373 4157 429 4211 in
480 4171 589 4221 me,
644 4163 701 4209 et
742 4155 1044 4225 proximam
1105 4155 1507 4224 interrogabat:
1537 4155 1672 4224 ipse,

104 4252 259 4308 putas,
287 4246 412 4300 est?
443 4244 528 4301 vel
556 4243 722 4316 quid?
751 4253 804 4300 et
831 4243 1032 4310 locuta,
1059 4242 1224 4298 etiam
1256 4243 1374 4314 ipse
1397 4252 1484 4299 est
1517 4259 1674 4299 vera-

106 4331 257 4411 aiter;
285 4336 494 4390 cursim
519 4343 788 4400 movetur,
810 4343 862 4389 et
885 4334 1191 4405 procumbit
1216 4334 1348 4389 mihi
1373 4335 1443 4390 ad
1467 4350 1670 4406 genua;

107 4431 152 4475 et
191 4423 324 4480 nexa
379 4427 801 4499 comprehendit
849 4426 982 4482 mihi
1032 4425 1188 4493 talos,
1235 4434 1287 4481 et
1331 4426 1675 4482 osculabatur

1776 3252 2001 3308 titudine
2030 3251 2095 3305 ad
2126 3251 2230 3306 hoc
2249 3249 2499 3304 ordinata
2528 3247 2612 3303 vel
2648 3247 2818 3316 jnssa,
2844 3254 2904 3300 ut
2938 3244 3068 3298 mihi
3097 3241 3354 3298 exclude-

1773 3353 1858 3400 ret
1891 3343 2094 3397 aditum
2142 3359 2154 3395 :
2191 3340 2370 3394 taliter
2425 3354 2512 3394 me
2542 3337 2789 3408 quaedam
2816 3337 2992 3390 audax
3029 3333 3172 3406 [Gr.,
3227 3346 3359 3385 con-

1775 3433 1932 3503 ferta]
1964 3432 2288 3504 prohibebat
2325 3430 2516 3484 virtus.
2551 3429 2618 3482 Et
2663 3428 2854 3481 iterum
2889 3425 3012 3479 steti
3053 3424 3105 3476 in
3149 3421 3305 3475 atriis
3335 3437 3349 3471 :

1774 3524 1878 3579 hoc
1933 3533 2016 3577 ter
2050 3531 2106 3576 et
2146 3531 2339 3590 quater
2383 3509 2756 3588 patiens‘sive
2801 3515 3024 3577 faciens,
3076 3511 3355 3574 deficiens,

1776 3614 1918 3668 ultra
1967 3613 2079 3682 jam
2129 3611 2252 3682 pelli
2286 3619 2342 3665 et
2381 3608 2564 3678 repelli
2595 3623 2702 3662 non
2730 3606 2872 3661 valui
2911 3624 2924 3660 :
2976 3605 3179 3660 factum
3209 3602 3354 3657 enim

1775 3707 1906 3762 mihi
1951 3713 2037 3760 est
2079 3719 2276 3774 corpus
2317 3717 2428 3772 pne
2475 3701 2526 3755 vi
2571 3699 2864 3755 defessum.
2914 3695 3177 3752 Desinens
3227 3707 3359 3762 ergo

1776 3795 1996 3859 recessi,
2029 3805 2084 3848 et
2131 3793 2254 3848 steti
2287 3793 2342 3846 in
2385 3791 2620 3861 quodam
2651 3789 2848 3861 angulo
2878 3787 3012 3842 aula:
3051 3784 3235 3854 templi
3265 3803 3277 3838 :
3304 3792 3363 3839 et

1777 3889 1863 3942 vix
1901 3886 2115 3942 tandem
2162 3884 2230 3938 ad
2279 3883 2667 3939 conscientiam
2697 3880 2918 3951 perveni
2972 3893 3150 3933 causa:
3177 3875 3364 3946 prohi-

1776 3979 1955 4036 bentis
1999 3991 2086 4032 me
2140 3977 2325 4031 videre
2375 3973 2647 4030 viviticum
2684 3974 2908 4045 lignum.
2963 3970 3164 4040 Tetigit
3207 3967 3358 4023 enim

1779 4069 1910 4125 mihi
1937 4067 2124 4122 oculos
2170 4065 2349 4120 cordis
2375 4079 2554 4120 sermo
2577 4062 2853 4126 salutaris,
2877 4059 3168 4115 ostendens
3198 4055 3358 4120 mihi,

1776 4159 1916 4228 quod
1943 4171 2156 4212 caenum
2179 4166 2320 4210 esset
2361 4169 2585 4225 Operum
2613 4167 2880 4216 meorum,
2907 4149 3050 4220 quod
3081 4147 3363 4203 introitum

1775 4248 1908 4303 mihi
1938 4246 2241 4302 claudebat.
2269 4244 2419 4314 (Ζωρί
2449 4244 2614 4313 igitur
2637 4242 2767 4297 flere
2799 4256 2862 4296 ac
2889 4240 3168 4310 plangere,
3197 4245 3363 4307 atque

1777 4347 1966 4410 peetus
2014 4336 2424 4407 pereutiebam,
2469 4334 2704 4405 gemitus
2745 4347 2812 4386 ex
2863 4330 3132 4402 profundo
3179 4327 3365 4384 cordis

1778 4431 2078 4486 attrahens.
2110 4427 2352 4498 Cumque
2397 4427 2687 4496 plorarem,
2726 4425 2882 4479 video
2925 4425 2991 4478 de
3033 4426 3153 4477 loco
3179 4423 3230 4476 in
3254 4436 3365 4490 quo

109 4513 542 4587 circumplexans,
585 4526 643 4574 et
678 4517 867 4588 jacens
893 4517 947 4572 in
969 4519 1299 4588 pavimento.
1322 4517 1434 4590 Ego
1460 4519 1675 4588 quidem
1705 4509 1754 4568 D
1781 4520 2012 4583 stabam,
2055 4516 2344 4586 imaginem
2385 4514 2742 4569 sanctissima:
2765 4512 2857 4565 Dei
2885 4511 3177 4566 Genitricis
3204 4510 3362 4564 desu-

107 4605 329 4663 sinebam
356 4609 578 4664 interim
603 4618 660 4664 et
688 4609 1012 4682 gaudebam,
1043 4617 1100 4666 et
1124 4609 1231 4666 huc
1257 4619 1420 4680 atque
1451 4612 1577 4666 illuc
1608 4612 1677 4668 ad

113 4699 279 4756 turbas
317 4701 826 4772 circumspiciebam
882 4701 1242 4770 praeminens
1303 4701 1544 4774 [delicias
1597 4702 1678 4757 fa-

109 4789 282 4864 ciens],
327 4802 386 4847 et
431 4792 518 4848 his
545 4793 635 4864 qui
665 4792 1100 4848 circumstabant
1120 4791 1390 4862 jacentem
1415 4792 1677 4850 videndus

111 4875 232 4948 [Gr.,
261 4890 310 4934 et
338 4898 444 4936 ma.
487 4881 615 4948 101.,
656 4881 833 4936 videri
865 4879 1047 4952 dans],
1098 4890 1155 4935 et
1199 4881 1493 4937 ostendens
1530 4884 1674 4953 quod

110 4980 264 5025 essem
305 4973 497 5042 utique
536 4972 736 5029 alicubi
763 4979 822 5026 et
847 4971 964 5040 ipse
988 4987 1175 5027 eorum
1205 4972 1298 5044 qui
1342 4971 1508 5026 multa
1552 4989 1678 5044 pos-

111 5070 236 5116 sunt.
272 5063 346 5118 Αι
379 5064 470 5119 ina
492 5065 590 5121 alia
623 5063 880 5136 quaedam
909 5079 1028 5132 quae
1055 5078 1346 5136 egenarum
1373 5075 1546 5133 erant,
1580 5084 1680 5124 sa:-

111 5149 213 5215 pins
257 5152 491 5208 allocuta
518 5153 656 5226 (erat
683 5151 839 5208 enim
869 5151 1012 5222 inde)
1041 5151 1156 5224 [ϐν.
1185 5152 1338 5216 add.,
1374 5161 1430 5207 et
1453 5170 1681 5213 veneror

108 5242 392 5315 dominum,
444 5253 626 5322 saepius
667 5251 892 5313 locuta;
936 5258 1053 5303 erat
1081 5250 1223 5306 enim
1253 5245 1350 5319 ibi]
1378 5248 1571 5312 deinde
1599 5263 1681 5308 ta-

111 5349 218 5392 men
262 5349 317 5394 et
363 5352 737 5417 constringens
794 5354 892 5394 nos
940 5339 1112 5407 valde,
1155 5339 1381 5413 deponit
1427 5343 1479 5398 vi
1516 5344 1680 5418 tergis

109 5430 241 5485 suis:
273 5442 328 5486 et
351 5432 586 5501 jacebam
628 5433 866 5495 cadens,
913 5431 1050 5487 risus
1079 5432 1252 5490 factus
1285 5429 1415 5486 hinc
1443 5433 1679 5492 circum-

107 5521 358 5577 stantibus
387 5524 633 5593 multum;
668 5534 732 5580 el.
763 5520 858 5574 vix
887 5531 994 5590 prze
1019 5522 1320 5581 reverentia
1353 5535 1678 5595 exsurgens,

106 5608 212 5664 dedi
239 5613 284 5666 ei
313 5613 535 5682 alapam,
563 5627 617 5673 et
648 5615 901 5670 decanos
923 5613 1195 5682 vocabam,
1227 5621 1286 5671 et
1315 5611 1382 5666 ad
1409 5613 1676 5674 decanum

1780 4625 1875 4680 per
1901 4617 2135 4664 stantem
2162 4646 2178 4672 ,
2203 4615 2260 4661 et
2285 4606 2374 4661 aio
2396 4605 2462 4659 ad
2489 4620 2609 4659 eam
2631 4601 3086 4661 indeclinabiliter
3109 4603 3360 4656 intuens:

1780 4701 1944 4770 Virgo
1986 4698 2222 4762 domina,
2254 4712 2374 4767 quae
2430 4696 2597 4750 Deum
2628 4694 2861 4751 Verbum
2910 4694 3208 4749 secundum
3237 4708 3363 4746 car—

1779 4807 1903 4847 nem
1941 4789 2206 4859 genuisti;
2240 4789 2364 4844 novi
2393 4788 2636 4858 quidem,
2663 4786 2810 4848 novi,
2849 4789 2993 4857 quod
3027 4802 3132 4841 non
3163 4787 3231 4842 sit
3263 4785 3363 4840 de-

1779 4884 1963 4948 cibile,
2005 4898 2181 4954 neque
2231 4881 2579 4949 rationabile,
2629 4896 2717 4938 me
2768 4879 2841 4933 ita
2877 4880 3149 4935 sordidam
3191 4886 3247 4934 et
3294 4878 3370 4931 ita

1779 4974 2134 5038 luxuriosam,
2179 4973 2468 5044 imaginem
2497 4967 2858 5038 contemplari
2889 4978 3056 5034 tuam,
3083 4985 3203 5039 qua:
3227 4981 3372 5022 sem-

1780 5081 1878 5136 per
1897 5079 1958 5120 es
1977 5063 2146 5135 Virgo
2175 5073 2350 5128 casta,
2379 5075 2583 5131 corpus
2605 5071 2660 5119 et
2699 5057 2938 5114 animam
2979 5061 3184 5116 habens
3213 5072 3376 5112 mun-

1783 5160 1909 5216 dam
1937 5168 1990 5212 et
2018 5157 2379 5229 impollutam.
2405 5151 2626 5212 Justum
2657 5150 2801 5209 enim
2820 5161 2927 5219 est,
2956 5165 3015 5209 ut
3040 5153 3377 5210 luxuriosam

1784 5268 1872 5309 me
1897 5252 2161 5307 munditia
2192 5259 2281 5304 tua
2333 5244 2460 5300 odio
2488 5246 2691 5303 habeat
2720 5249 2776 5294 et
2801 5241 3120 5301 detestetur.
3152 5243 3381 5300 Verum-

1786 5351 1972 5398 tamen
2019 5339 2294 5410 quoniam,
2345 5341 2407 5388 ut
2436 5338 2652 5402 audivi,
2701 5330 2823 5386 ideo
2882 5333 3061 5392 factus
3105 5345 3190 5390 est
3234 5330 3382 5385 Deis

1783 5449 1944 5506 quem
1973 5430 2230 5501 genuisti,
2261 5430 2444 5488 homo,
2478 5437 2544 5482 ut
2577 5432 2737 5483 vocet
2776 5437 3094 5492 peceatores
3118 5430 3184 5481 ad
3210 5415 3384 5493 paeni.

1788 5526 2011 5584 tentiam
2039 5521 2255 5592 (Matth.
2286 5517 2363 5588 Ix)
2383 5555 2398 5580 ,
2435 5522 2714 5577 auxiliare
2755 5515 2911 5582 mihi,
2941 5535 3062 5589 qua;
3092 5517 3205 5570 sola
3238 5519 3410 5577 sum,.

1758 5633 1894 5672 ,ηοιι
1931 5615 2135 5669 habens
2186 5621 2516 5680 quemquam
2548 5614 2601 5668 in
2654 5605 3006 5674 adjutorium.
3037 5604 3169 5661 ane
3219 5596 3384 5651 etiam
