3924 5566
515 369 620 425 515

1691 371 2046 426 ANAST.~\SII
2089 369 2631 426 ItIBLIOTIIECAIill

3673 367 3771 422 316

515 486 723 540 visione
746 484 900 556 ligni,
927 485 980 540 in
1011 499 1120 553 quo
1163 483 1456 538 secundum
1489 498 1707 537 carnem
1742 484 1934 537 atlixus
1960 483 2100 535 licus
2129 485 2176 542 Α
2207 478 2272 532 Et
2294 489 2412 549 post
2439 480 2542 534 alia
2580 499 2591 534 :
2621 479 2952 538 Adolescens
2986 487 3166 534 autem
3198 476 3394 547 gaudio
3419 490 3618 546 magno
3657 492 3769 544 pcr-

516 591 674 646 quem
720 574 976 644 genuisti,
1009 573 1323 643 Sanguinem
1376 572 1654 641 proprium
1684 586 1781 640 pro
1816 586 1902 626 me
1933 571 1984 624 in
2014 586 2098 624 rc-

515 665 880 736 demptionem
928 663 1092 718 dedit.
1138 663 1273 718 Jube
1301 662 1432 716 tnihi
1465 661 1651 724 ctiam,
1682 677 1715 715 ο
1755 659 2099 728 domina,ja-

515 772 678 814 nuam
706 755 901 826 aperiri
948 754 1331 821 sacratissima:
1368 753 1549 808 crucis
1579 753 1931 806 adorationis.
1959 751 2100 806 Ecce

515 857 571 900 te
597 848 664 901 do
693 846 824 910 Deo,
860 845 950 913 qui
977 859 1044 898 ex
1078 852 1129 897 te
1157 844 1371 913 genitus
1401 851 1505 907 est,
1538 842 1926 904 vadimonium,
1953 839 2097 910 quod

517 937 746 992 ulterius
776 936 924 990 carni
948 935 1072 989 huic
1095 934 1345 1004 injuriam
1370 949 1473 988 non
1505 932 1734 986 inferam
1763 946 1858 999 per
1888 939 2096 1000 turpem

516 1043 897 1098 quamcunque
917 1025 1351 1081 commistionem
1382 1041 1395 1076 :
1429 1023 1662 1078 sedcum
1695 1022 1897 1092 lignum
1919 1021 2099 1076 crucis

517 1120 614 1177 ﬁlii
659 1121 732 1174 tui
786 1120 990 1181 videro.
1025 1119 1224 1172 mundo
1273 1126 1328 1171 et
1364 1117 1449 1171 his
1479 1132 1597 1186 qua:
1627 1116 1678 1169 in
1715 1114 1918 1168 mundo
1970 1121 2099 1168 sunt

515 1209 800 1266 cenfestim
847 1209 1242 1272 abrenuntiem,
1293 1216 1346 1262 et
1399 1207 1584 1261 statim
1641 1205 1732 1259 ibo
1776 1218 2100 1274 quocunque

516 1301 658 1371 ipsa,
705 1310 890 1372 utpote
936 1300 1192 1354 salutaris
1239 1299 1401 1353 vades
1443 1295 1608 1370 [vas],
1655 1296 2018 1351 insinuaveris
2046 1303 2102 1350 et

516 1393 734 1449 duxeris
784 1409 889 1448 me.
935 1392 1029 1446 His
1076 1391 1254 1455 dictis,
1300 1405 1364 1445 ac
1394 1390 1439 1444 si
1487 1388 1720 1458 quadam
1771 1386 2101 1442 certitudine

523 1490 803 1551 percepta,
857 1481 976 1536 fidei
1011 1482 1246 1544 fervore,
1285 1477 1650 1534 miserationis
1677 1475 1970 1532 Genitricis
2005 1476 2099 1531 Dei

519 1575 746 1639 cenfisa,
792 1585 847 1630 et
901 1589 1122 1630 movens
1169 1574 1428 1644 meipsam
1473 1573 1540 1626 de
1583 1570 1677 1625 illo
1732 1569 1870 1634 loco,
1910 1570 2102 1640 inquo

517 1673 671 1722 stans
699 1665 1136 1736 deprecationem
1167 1662 1462 1728 faciebam;
1491 1671 1546 1716 et
1571 1661 1733 1717 venio
1764 1676 1956 1716 rursus
1976 1702 1991 1727 ,
2045 1671 2102 1717 et

511 1757 944 1828 ingredientibus
989 1765 1188 1812 memet
1219 1757 1537 1814 commiscui
1565 1775 1578 1811 :
1611 1767 1669 1812 ct
1691 1771 1797 1812 non
1829 1765 1948 1810 erat
1982 1755 2095 1823 jam

513 1848 656 1903 ullus
687 1848 778 1918 qui
804 1863 890 1904 me
913 1847 1213 1917 impelleret
1237 1856 1293 1903 et
1321 1848 1606 1918 repelleret
1629 1845 1771 1919 [Gr.,
1802 1847 2095 1916 repellere-
2128 1837 2175 1896 B
2204 1867 2385 1913 rem“
2413 1867 2523 1912 "es
2549 1857 2601 1910 ίη
2637 1869 2700 1910 ea
2733 1854 2997 1924 imagines

514 1940 645 2014 tur].
673 1941 958 2010 nullusque
989 1942 1300 2010 prohiberet
1319 1941 1503 2011 januaa
1525 1941 1984 2012 appropinquare,
2002 1954 2098 2008 per

514 2049 678 2105 quam
731 2033 785 2088 in
839 2034 1096 2104 templum
1148 2033 1611 2105 ingrediebantur.
1675 2032 2101 2103 Comprehendit

513 2139 644 2196 ergo
665 2140 749 2180 me
776 2126 973 2180 horror
997 2134 1050 2180 et
1074 2127 1324 2191 ecstasis,
1350 2134 1406 2181 et
1431 2135 1541 2181 tota
1566 2140 1632 2180 ex
1658 2134 1771 2181 toto
1805 2125 2102 2195 torquebar

513 2225 678 2286 atque
710 2214 1027 2272 tremebam.
1077 2215 1276 2271 Deinde
1328 2232 1450 2272 cum
1507 2216 1872 2288 pervenissem
1927 2216 1994 2270 ad
2015 2214 2100 2284 ja-

517 2325 710 2376 nuam,
743 2325 862 2379 quae
891 2325 1058 2379 usque
1104 2317 1230 2364 tunc
1266 2309 1397 2364 mihi
1432 2309 1609 2365 fuerat
1635 2308 1910 2373 obserata,
1964 2322 2028 2362 ac
2055 2307 2100 2362 si

515 2401 740 2456 omnino
774 2401 968 2463 virtus,
989 2416 1110 2470 qua:
1140 2399 1292 2470 prius
1318 2415 1405 2455 me
1433 2399 1774 2468 impedierat,
1797 2411 1942 2452 nunc
1965 2396 2116 2452 mihi.

517 2501 876 2562 prazparasset
933 2491 1259 2560 ingressum,
1314 2489 1388 2545 ita
1437 2490 1556 2544 sine
1612 2489 1797 2545 labore
1858 2487 2106 2558 ingressa

518 2598 638 2636 sum
672 2599 686 2636 :
718 2581 791 2636 ita
824 2581 964 2635 intra
990 2580 1190 2636 Sancta
1219 2589 1531 2635 sanctorum
1563 2577 1769 2648 ingredi
1811 2577 1972 2648 digna
2021 2575 2098 2632 ef-

517 2677 657 2730 fecta
686 2691 828 2730 sum.
859 2673 993 2728 Nam
1038 2683 1092 2728 et
1130 2673 1400 2728 v-ivificam
1453 2673 1632 2727 crucis
1661 2671 1924 2726 visionem
1977 2687 2103 2742 pro-

518 2763 714 2828 merui,
745 2773 802 2818 et
830 2762 925 2818 Dei
957 2763 1064 2818 vidi
1109 2762 1388 2834 mysteria,
1414 2762 1543 2831 quin
1573 2771 1628 2816 et
1656 2777 1816 2831 quam
1849 2761 1918 2816 sit
1947 2777 2076 2832 para
2107 2790 2118 2798 -

517 2862 604 2908 tus
625 2853 692 2907 ad
727 2851 1120 2922 suscipiendam
1153 2851 1549 2922 pmnitentiam.
1581 2849 1878 2919 Projiciens
1911 2851 2094 2920 itaque

517 2961 606 3002 me
634 2946 805 3016 ipsam
851 2959 1014 3014 super
1041 2952 1265 3010 terram,
1315 2955 1370 3000 et
1417 2953 1606 3001 sancto
1629 2943 1722 3000 illo
1761 2945 1984 3000 adorato
2008 2961 2103 3014 pa-

516 3036 779 3101 vimento,
803 3035 1089 3090 currebam
1111 3034 1447 3105 postulatura
1471 3033 1756 3106 [egressa],
1787 3049 1956 3104 penes
1979 3049 2102 3090 eam

514 3141 637 3196 quae
667 3125 794 3180 mihi
844 3125 1004 3180 fidem
1045 3126 1276 3190 dixerat,
1321 3126 1648 3180 accelerans.
1702 3124 1800 3180 Fio
1833 3125 2014 3195 itaque
2043 3125 2094 3179 in

516 3222 608 3278 illo
654 3222 794 3286 loco,
830 3223 882 3275 in
928 3236 1035 3291 quo
1061 3221 1352 3275 vadimonii
1387 3219 1805 3290 chirographum
1834 3219 2093 3292 scriptum

517 3321 604 3368 est
639 3331 652 3366 :
682 3321 737 3367 et
783 3327 920 3384 genu
970 3311 1109 3366 flexo
1137 3325 1322 3367 coram
1358 3311 1702 3366 sanctissima
1743 3308 1962 3380 Virgine
2001 3311 2095 3366 Dei

520 3405 805 3479 genitrice,
834 3405 918 3460 his
936 3420 1033 3461 usa
1062 3420 1179 3460 sum
1213 3403 1392 3460 verbis
1420 3421 1433 3457 :
1467 3403 1548 3457 Tu
1577 3403 1816 3472 quidem.
1841 3403 2096 3459 bonitatis

518 3497 752 3553 amatrix
777 3497 1018 3562 domina,
1057 3505 1203 3551 tuam
1235 3495 1289 3550 in
1335 3511 1421 3550 me
1463 3494 1744 3550 ostendisti
1796 3495 2098 3550 misericor-

517 3590 661 3644 diam
689 3603 704 3642 :
745 3598 800 3643 tu
825 3588 1056 3660 indigna:
1077 3603 1184 3643 non
1206 3581 1594 3643 es‘abominata
1618 3585 2086 3656 deprecationem!

514 3683 624 3739 vidi
659 3683 908 3752 gloriam,
931 3697 1091 3752 quam
1107 3679 1254 3750 juste
1279 3695 1384 3735 non
1413 3678 1661 3733 videmus
1690 3693 1791 3733 nos
1812 3678 2094 3734 luxuriosi.

517 3769 700 3826 Gloria
751 3771 884 3834 Deo,
920 3771 1009 3839 qui
1046 3785 1144 3838 per
1197 3778 1249 3824 te
1291 3777 1638 3838 peccatorum
1670 3768 1895 3837 suscipit
1929 3770 2097 3838 paeni-

518 3863 764 3916 tentiam.
795 3863 933 3929 Quid
963 3863 1107 3917 enim
1138 3863 1335 3926 habeo,
1380 3861 1676 3930 peccatrix,
1714 3861 1942 3931 amplius
1969 3877 2098 3916 con-

519 3954 781 4018 siderare,
818 3953 899 4006 vel
951 3953 1090 4007 fari?
1142 3953 1380 4023 Tempus
1409 3963 1515 4017 est,
1565 3954 1804 4017 domina,
1858 3963 1916 4008 ut
1956 3969 2099 4009 com-

517 4044 767 4114 pleantur
803 4043 914 4112 jam
948 4042 1151 4100 foedera
1202 4043 1520 4107 vadimonii,
1573 4059 1655 4097 Clll
1699 4044 1860 4098 tidem
1889 4043 2094 4098 dixisti.

516 4134 671 4191 Nune
695 4135 867 4191 deduc
896 4151 1003 4205 quo
1037 4133 1290 4202 iusseris.
1319 4134 1473 4190 Nunc
1495 4143 1613 4189 esto
1642 4135 1773 4190 mihi
1813 4137 1986 4205 magis
2015 4152 2098 4191 sa-

517 4228 644 4284 lutis
670 4229 953 4297 magistra,
985 4245 1144 4283 manu
1191 4230 1392 4284 ducens
1432 4228 1484 4283 in
1516 4229 1657 4282 viam
1683 4243 1803 4298 quae
1829 4229 1894 4283 ad
1921 4229 2096 4298 pumi-

517 4321 742 4376 tentiam
784 4321 987 4392 dirigit.
1016 4322 1083 4376 Et
1110 4338 1244 4403 cum,
1265 4322 1380 4377 huic
1408 4321 1587 4377 adlmc
1613 4321 1874 4386 dicerem,
1905 4322 2089 4377 audivi

518 4419 807 4486 quemdam
856 4433 886 4470 a
916 4416 1074 4489 longe
1096 4416 1415 4472 clamantem
1449 4434 1462 4471 :
1497 4414 1556 4471 Si
1586 4416 1878 4472 Jordanem
1912 4425 2093 4472 trans-

521 4507 672 4572 ieris,
721 4509 919 4562 bonam
947 4506 1188 4564 invenies
1240 4508 1504 4578 requiem.
1533 4506 1644 4577 Ego
1672 4520 1802 4560 vero
1833 4505 1973 4561 hanc
2001 4521 2094 4561 vo-
2120 4532 2172 4594 Ι)

511 4615 631 4656 cem
657 4601 898 4665 audiens,
923 4609 978 4655 et
1005 4600 1145 4655 hanc
1180 4608 1402 4671 prepter
1442 4613 1529 4655 me
1554 4597 1750 4654 factam
1780 4597 1946 4653 fuisse
1973 4613 2092 4654 cre-

513 4693 668 4758 dens,
695 4691 988 4764 lacrymata
1022 4691 1272 4752 clamavi,
1310 4699 1366 4744 et
1394 4689 1489 4744 Dei
1513 4687 1763 4760 genitrici
1789 4687 2090 4744 vociferata

513 4800 671 4839 sum:
708 4783 798 4838 Dei
848 4783 1101 4853 genitrix,
1144 4781 1384 4842 domina,
1418 4796 1483 4834 ne
1505 4779 1848 4850 derelinquas
1890 4795 1996 4835 me.
2027 4779 2092 4833 Et

513 4874 598 4933 his
616 4873 795 4938 dictis,
816 4875 956 4930 exivi
979 4873 1046 4929 de
1074 4872 1216 4927 atrio
1244 4871 1452 4942 templi,
1475 4883 1529 4928 et
1559 4881 1877 4927 constanter
1902 4872 2092 4927 ambu-

518 4963 719 5019 labant.

583 5053 820 5109 Joannes
855 5052 1336 5109 reverendissimus
1376 5051 1694 5114 monachus,
1722 5053 2006 5121 presbyter
2037 5058 2094 5104 et

523 5145 762 5200 vicarius
787 5144 1138 5200 Orientalium
1171 5143 1485 5214 pontificum
1521 5141 1753 5203 sedimn,
1783 5141 1919 5194 dixit
1945 5155 1957 5190 :
1987 5137 2094 5191 Ta—

513 5233 619 5291 lem
671 5235 958 5302 imaginem
1006 5251 1103 5289 nos
1149 5235 1381 5288 vidimus
1424 5235 1477 5288 in
1535 5239 1723 5286 sancta
1761 5228 1964 5284 Christi
1997 5228 2091 5282 Dei

516 5327 690 5386 nostri
718 5327 955 5390 civitate,
995 5336 1048 5381 et
1075 5328 1321 5382 crebrius
1351 5342 1469 5380 cam
1500 5324 1877 5380 salutavimus.

560 5440 564 5446 '
589 5417 895 5488 Stephanus
937 5418 1047 5472 Βρο
1088 5417 1334 5470 amabilis
1357 5417 1613 5460 llinnnnnc
1661 5413 1904 5464 notarius
1927 5417 1983 5460 et
2011 5425 2095 5458 re.

2201 579 2357 638 cepto
2385 571 2436 624 in
2464 572 2566 625 fide
2597 572 2880 626 roboratus
2901 580 3004 636 est,
3039 569 3292 625 similiter
3315 583 3508 624 omnes
3534 567 3630 636 qui
3658 583 3772 620 cuiu

2200 677 2264 715 eo
2285 671 2475 726 erant;
2505 672 2560 717 ct
2578 664 2765 718 eadem
2793 663 2970 718 noctis
3000 662 3134 718 hora
3156 675 3410 718 reversus
3431 668 3519 715 est
3539 672 3665 712 cum
3692 658 3775 711 mi-

2201 751 2403 815 litibus,
2456 762 2511 808 et
2548 754 2696 807 venit
2742 753 3130 823 Scythopolim.
3164 753 3230 806 Et
3257 748 3539 806 advocatis
3575 747 3776 802 occulte

2150 862 2161 874 σ
2200 843 2451 898 omnibus
2502 845 2619 898 auri
2655 854 2711 898 et
2754 845 2962 916 argenti
3010 843 3348 908 artificibus,
3403 839 3777 912 interrogabat

2201 952 2315 999 eos,
2339 937 2528 992 dicens
2554 955 2566 990 :
2594 937 2827 992 Potestis
2870 938 3002 992 mihi
3025 936 3205 992 facere
3231 952 3349 1002 vas,
3380 936 3526 1006 quod
3559 950 3666 1005 ego
3689 949 3778 989 vo-

2201 1028 2286 1083 bis
2315 1032 2560 1098 expono?
2583 1030 2682 1098 Qui
2716 1031 2969 1085 timentes
2994 1029 3364 1084 austeritatem
3393 1029 3517 1095 viri,
3558 1026 3778 1083 consilio

2202 1118 2346 1176 facto
2400 1128 2707 1175 statuerunt
2753 1136 2937 1175 coram
2991 1135 3057 1175 eo
3083 1135 3272 1184 unum,
3320 1119 3411 1189 qui
3446 1128 3568 1174 erat
3613 1117 3780 1188 major

2201 1225 2412 1275 eorum,
2440 1210 2704 1265 artificem
2726 1209 2944 1264 nomine
2975 1209 3234 1272 Marcum,
3259 1209 3503 1263 dicentes
3531 1225 3544 1260 :
3580 1206 3689 1261 Iste
3709 1205 3780 1261 fa-

2202 1300 2326 1361 ciet,
2369 1300 2607 1364 domine,
2659 1299 2993 1354 voluntatem
3041 1309 3207 1353 tuam.
3259 1297 3324 1352 Et
3365 1306 3492 1368 post
3549 1311 3775 1366 pauca:

2203 1391 2416 1446 Marcus
2443 1399 2627 1446 autem
2659 1406 2762 1445 non
2788 1391 3013 1460 parebat
3049 1390 3122 1446 ei.
3145 1389 3478 1444 Adolescens
3502 1403 3638 1442 vero
3664 1403 3781 1458 per-

2203 1486 2373 1541 suasit
2403 1485 2501 1550 illi,
2539 1485 2745 1549 dicens,
2791 1485 2916 1555 quia
2951 1500 3119 1554 usque
3149 1484 3216 1538 ad
3245 1490 3473 1538 mortem
3503 1497 3615 1538 non
3646 1480 3781 1537 indi-

2203 1579 2339 1634 cabo
2363 1577 2676 1649 imperatori
2717 1585 3009 1632 secretum.
3039 1575 3140 1642 Qui
3167 1578 3414 1640 credens,
3440 1589 3539 1644 per
3564 1580 3780 1629 noctem

2204 1669 2257 1724 in
2286 1677 2497 1724 secreto
2526 1676 2782 1738 operatus
2821 1676 2907 1722 est
2931 1681 3148 1722 crucem
3195 1666 3260 1721 de
3291 1674 3518 1734 argento
3545 1673 3599 1718 et
3624 1678 3779 1718 auro.

2207 1763 2273 1818 Et
2296 1763 2494 1818 factum
2522 1771 2604 1816 est
2631 1769 2689 1815 ut
2715 1767 3090 1816 consummata
3119 1767 3175 1811 et
3214 1765 3392 1812 erecta
3414 1770 3598 1815 cruce,
3616 1769 3781 1824 appa-

3044 1869 3057 1905 :
3104 1863 3160 1908 et
3183 1860 3303 1905 erat
3346 1849 3781 1920 superscriptum

2204 1954 2469 2012 llebraica
2499 1951 2736 2006 dictione
2763 1962 2979 2006 sursum
3014 1946 3068 2000 in
3091 1943 3378 2015 principio,
3411 1941 3737 1996 Emmanuel
3763 1955 3778 1993 :

2203 2058 2260 2106 et
2305 2048 2358 2102 in
2405 2045 2648 2112 utrisque
2695 2040 2885 2103 initiis,
2934 2037 3183 2101 Michael,
3229 2046 3285 2090 et
3317 2033 3562 2090 Gabriel.
3606 2031 3782 2086 Voluit

2203 2153 2331 2211 ergo
2367 2137 2580 2191 Marcus
2630 2131 2898 2187 reveritus
2946 2129 3124 2184 delere
3151 2125 3428 2197 imagines,
3462 2132 3648 2179 etnon
3685 2136 3782 2190 po-

2205 2230 2327 2283 tuit.
2365 2227 2554 2281 Manus
2594 2223 2739 2277 enim
2787 2218 2904 2288 ejus
2945 2219 3201 2273 manebat
3231 2215 3393 2271 veluti
3439 2214 3617 2268 arida.
3649 2213 3782 2268 Cum

2204 2330 2386 2376 autem
2409 2317 2583 2390 gallus
2622 2329 2810 2370 vocem
2836 2311 3092 2374 dedisset,
3122 2307 3270 2364 venit
3296 2308 3406 2362 dux
3443 2307 3539 2376 qui
3565 2306 3787 2361 diceba-

2205 2421 2296 2467 tur
2322 2407 2639 2464 adolescens
2662 2399 2966 2475 [Neanias],
2993 2400 3060 2454 ad
3089 2399 3306 2453 domum
3335 2393 3525 2462 Marci,
3549 2403 3609 2449 ut
3635 2394 3784 2450 tolle.

2205 2511 2291 2558 ret
2315 2512 2532 2556 crucem
2562 2515 2576 2551 :
2602 2504 2658 2552 et
2685 2494 2875 2549 videns
2903 2507 3046 2556 eam,
3077 2488 3324 2544 adoravit
3367 2487 3538 2553 illam,
3575 2495 3631 2542 et
3659 2485 3786 2541 dicit

2205 2592 2431 2647 Marco:
2473 2587 2604 2654 Qua:
2627 2592 2754 2641 sunt
2777 2584 2860 2638 hae
2887 2580 3077 2644 facies,
3107 2588 3161 2633 et
3187 2593 3308 2648 qua:
3349 2575 3782 2648 superscriptio:

2206 2683 2346 2740 Dicit
2370 2683 2420 2737 ei
2449 2702 2463 2736 :
2490 2677 2734 2740 Domine,
2759 2676 2814 2730 in
2838 2689 2900 2730 ea
2935 2674 3089 2738 hora,
3115 2686 3221 2742 qua
3243 2677 3688 2724 consummatum
3707 2676 3788 2721 est

2205 2789 2362 2847 opus,
2393 2781 2527 2828 orta:
2577 2776 2704 2825 sunt
2769 2766 2944 2822 ieonae
2995 2763 3148 2828 istze;
3201 2769 3256 2816 et
3286 2761 3472 2815 nescio
3501 2758 3680 2826 cujus,
3708 2756 3788 2811 vel

2205 2881 2326 2938 quae
2375 2863 2448 2918 sit
2475 2856 2890 2932 superscriptio.
2942 2854 3113 2909 Porro
3139 2851 3455 2907 adolescens
3499 2847 3786 2922 [Neauias]

2206 2955 2464 3029 cognovit
2500 2951 2791 3022 quamdam
2821 2948 3077 3004 virtutem
3118 2946 3171 2999 in
3197 2960 3262 3001 ea
3300 2959 3442 3000 esse.
3465 2943 3536 2998 Et
3561 2942 3787 2998 adorata

2208 3061 2392 3112 cruce,
2423 3042 2647 3098 involvit
2675 3054 2932 3110 purpura,
2955 3047 3011 3092 et
3040 3037 3138 3091 ivit
3162 3036 3303 3090 viam
3337 3050 3492 3090 suam
3524 3035 3785 3104 gaudens,

2221 3142 2350 3197 latis
2371 3137 2568 3194 artifici
2592 3135 2774 3189 Marco
2805 3132 2994 3202 pretiis
3015 3130 3278 3200 pluribus,
3309 3137 3363 3184 et
3395 3127 3646 3182 introivit
3665 3142 3785 3183 cum

2202 3235 2414 3294 duobus
2447 3228 2689 3286 numeris
2716 3227 2768 3280 in
2801 3224 3073 3280 civitatem
3098 3237 3273 3276 suam.

2271 3320 2580 3392 Stephanus
2605 3312 3089 3371 reverendissimus
3115 3308 3413 3364 monachus
3437 3318 3494 3364 et
3525 3308 3785 3364 librorum

2197 3429 2382 3477 custos
2411 3411 2739 3469 venerabilis
2759 3405 3074 3479 patriarchii
3109 3403 3235 3475 legit
3267 3421 3280 3457 :

2198 3573 2285 3630 Ea:
2319 3571 2437 3626 Vita
2463 3568 2631 3624 sancti
2670 3563 2843 3618 Patris
2879 3561 3042 3616 nostri
3073 3558 3329 3630 Theodori
3354 3557 3787 3611 archimandritc

2553 3635 2844 3693 Sicensium
2863 3672 2878 3700 ,
2907 3631 3059 3702 cujus
3083 3629 3290 3682 initium
3316 3639 3425 3682 est:

2267 3776 2580 3832 Benedictus
2633 3772 2774 3826 Deus
2821 3780 2884 3824 et
2941 3767 3106 3822 Pater
3156 3766 3367 3821 Domini
3438 3765 3610 3820 nostri
3659 3764 3786 3818 Iesu

2197 3869 2390 3925 Christi
2415 3865 2499 3936 (II
2534 3863 2658 3919 Cor.
2689 3862 2749 3932 ι).
2799 3861 2864 3914 Et
2914 3869 3032 3930 post
3077 3859 3222 3913 alia:
3267 3857 3399 3911 Cum
3433 3865 3618 3910 autem
3645 3862 3786 3910 esset

2197 3961 2351 4033 quasi
2385 3971 2650 4012 annorum
2709 3951 3011 4016 duodecim,
3064 3950 3204 4005 facta
3251 3956 3333 4002 est
3372 3946 3678 4001 mortalitas
3720 3960 3786 3998 ex

2197 4053 2410 4107 bubone
2441 4049 2494 4104 in
2528 4047 2619 4102 illa
2641 4045 2787 4107 villa,
2815 4045 2887 4098 ita
2916 4051 2976 4098 ut
3003 4043 3116 4112 ipse
3144 4041 3510 4096 intlrmaretur
3537 4053 3676 4108 pene
3720 4036 3786 4090 ad

2198 4152 2448 4196 mortem.
2484 4139 2653 4193 Porro
2676 4135 2984 4192 detulerunt
3013 4149 3134 4189 eum
3170 4133 3221 4186 in
3248 4131 3546 4186 oratoriam
3568 4131 3784 4184 domum

2197 4231 2370 4287 sancti
2415 4227 2639 4285 Joannis
2681 4225 2955 4296 Baptistae,
2996 4237 3116 4292 quae
3142 4229 3261 4277 erat
3299 4221 3454 4291 juxta
3480 4219 3684 4282 villam,
3732 4225 3788 4272 et

2197 4330 2506 4382 statuerunt
2557 4316 2912 4394 [straverunt]
2950 4331 3072 4370 eum
3121 4315 3189 4369 ad
3247 4313 3524 4368 introitum
3573 4308 3783 4364 altaris.

2195 4418 2366 4472 Porro
2393 4429 2556 4484 super
2581 4411 2711 4466 illud
2761 4409 2813 4463 in
2851 4405 3186 4478 receptaculo
3209 4403 3390 4460 crucis
3422 4403 3604 4458 stabat
3649 4401 3790 4455 ima-

2198 4522 2264 4578 go
2296 4499 2597 4560 Salvatoris
2621 4500 2790 4555 nostri
2819 4498 2943 4554 .Iesu
2972 4496 3193 4552 Christi.
3239 4495 3479 4564 Cumque
3508 4508 3577 4546 ex
3601 4490 3791 4546 dolore

2199 4595 2428 4651 bubonis
2452 4591 2812 4654 cruciaretur,
2861 4596 3083 4658 repente
3112 4586 3180 4640 de
3208 4583 3440 4654 imagine
3469 4581 3784 4662 ceciderunt

2195 4701 2357 4755 super
2382 4697 2506 4739 eum
2539 4680 2678 4736 roris
2703 4688 2885 4749 guttaa,
2919 4685 2973 4732 et
3001 4677 3179 4731 statim
3204 4675 3378 4745 gratia
3421 4671 3518 4727 Dei
3545 4687 3577 4726 a
3600 4670 3788 4725 dolore

2195 4773 2492 4837 convaluit,
2523 4780 2578 4826 et
2599 4784 2764 4824 sanus
2789 4767 3012 4822 effectus
3037 4773 3137 4829 est,
3161 4771 3215 4818 et
3239 4761 3577 4817 ivitdomum
3605 4773 3786 4815 suam.

2196 4867 2264 4921 Et
2297 4872 2418 4935 post
2452 4861 2635 4917 brevia
2667 4877 2680 4914 :
2712 4857 2918 4912 Imitari
2949 4855 3112 4926 igitur
3157 4851 3342 4908 volens
3378 4851 3547 4906 David
3579 4851 3635 4904 in
3679 4850 3790 4904 Deo

2195 4957 2407 5013 decibili
2431 4954 2737 5027 hymnodia,
2763 4952 2928 5022 coepit
2947 4949 3158 5005 discere
3183 4945 3517 5018 psalterium.
3542 4943 3787 5012 Cumque

2195 5046 2410 5103 difficile
2455 5061 2578 5101 cum
2631 5042 2907 5113 multoque
2959 5039 3144 5094 labore
3185 5036 3460 5092 didicisset
3500 5048 3674 5104 usque
3718 5031 3786 5085 ad

2195 5138 2464 5194 decimum
2511 5142 2746 5197 sextum,
2799 5132 3165 5187 imminentem
3197 5127 3463 5184 decimum
3493 5125 3786 5195 septimum

2195 5227 2466 5300 psalmum
2499 5241 2604 5281 non
2637 5223 2850 5278 valebat
2877 5221 3153 5278 memoria:
3178 5218 3583 5276 commendare.
3616 5215 3784 5270 Medi-

2198 5329 2321 5374 tans
2365 5333 2495 5388 ergo
2532 5317 2583 5370 in
2627 5315 2866 5370 oratorio
2895 5313 3065 5368 sancti
3097 5311 3352 5382 martyris
3381 5307 3784 5378 Christopboci,

2203 5411 2348 5466 quod
2373 5416 2491 5462 erat
2521 5408 2587 5458 de
2607 5407 2851 5456 proxima
2881 5403 3031 5456 villa.
3077 5411 3134 5458 et
3175 5418 3280 5450 non
3313 5401 3498 5454 valens
3517 5400 3784 5461 ediscere,
