3980 6288
147 276 243 332 5ιῖ

830 275 1388 334 INTERPRETATiO
1426 277 1677 336 διιΝοοι
1715 277 1802 340 Yll
1841 277 2248 340 GENERALIS.
2288 316 2356 326 —-
2392 285 2596 345 ACTIO
2632 287 2722 342 IV.

3287 297 3400 354 318

145 392 314 461 itaque
355 404 592 460 surgens
615 392 680 446 de
717 392 1046 461 pavimento,
1079 401 1135 451 et
1169 394 1387 464 imagini
1419 391 1717 450 Salvatoris
1743 398 1794 454 A
1822 395 2161 464 invisibiliter
2199 402 2566 474 mm,
2605 405 2742 474 imo,
2793 415 2853 461 ut
2897 407 3080 464 verius
3131 409 3396 478 dicamus,

143 483 1718 553 ὶιωωεςειειῃιίαωεεαιεὶιιὶιιωῶιιωωβυε

141 572 432 630 maritarum
453 573 664 628 illatam
697 575 752 628 in
771 590 838 630 os
857 591 1035 631 suum.
1065 578 1166 644 Qui
1191 579 1384 650 agnita
1399 579 1497 633 Dei
1517 579 1714 648 gratia,

145 671 194 718 et
215 672 458 734 percepta
489 663 796 734 dulcedine.
825 667 1030 736 gratias
1059 667 1170 735 egit
1217 668 1328 724 Deo
1354 687 1366 722 :
1399 678 1454 723 et
1479 669 1547 724 ab
1581 669 1716 724 hora

146 751 226 807 illa
246 750 448 831 facilius
467 766 534 806 ac
558 750 693 807 bene
725 753 1055 828 [docibilius]
1083 757 1254 812 docta:
1276 759 1552 812 memoria:
1572 757 1720 828 psal-

145 852 316 898 terium
345 846 789 900 commendabat.

203 933 417 992 Casinas
477 935 596 992 Deo
647 938 898 994 amabilis
952 939 1212 996 diaconus
1263 949 1319 996 et
1375 941 1716 998 cubuclesius

283 1043 298 1078 :

149 1134 361 1221 Epistula
399 1138 648 1264 Gregorii
697 1143 1014 1198 sanctissimi
1050 1161 1198 1215 papa:
1232 1144 1459 1200 Romani
1486 1149 1556 1200 ad
1582 1165 1710 1203 san-

203 1217 474 1264 ctissimum
537 1227 833 1264 ermanum.
849 1215 940 1264 ani
959 1215 1128 1264 fuerat
1143 1216 1440 1264 patriarcha
1457 1217 1710 1264 (Inmuni-

203 1209 474 1331 ‘ctissinrtm
489 1209 833 1279 Germanum,
849 1215 940 1284 qui
957 1209 1128 1284 fuerat
1139 1216 1440 1286 patriarcha
1457 1217 1713 1273 Constan-

224 1295 360 1331 ntouo
383 1296 494 1331 eos.

224 1295 494 1350 ntepotens.

203 1396 372 1465 Qualis
393 1407 448 1453 et
477 1413 604 1470 qua:
643 1399 928 1458 delectatio
958 1417 1134 1457 meam
1163 1403 1243 1458 sic
1286 1403 1561 1460 lzetiﬁcare
1589 1405 1709 1461 ani-

148 1501 268 1541 mam
293 1489 460 1553 novit,
491 1491 638 1545 sicut
679 1492 959 1562 gratiﬁcus
1003 1495 1224 1549 nuntius
1269 1510 1432 1565 super
1477 1505 1568 1550 tuo
1608 1510 1707 1550 no-

148 1578 291 1643 mine,
325 1578 464 1649 quod
496 1583 860 1637 reverendum
904 1599 1090 1640 revera
1123 1587 1251 1640 mihi
1279 1596 1333 1640 et
1362 1586 1712 1654 magniﬁcan-

149 1665 255 1724 dum
281 1669 528 1726 decenter
569 1679 680 1738 est,
719 1689 752 1728 ο
790 1675 1125 1732 sanctiﬁcate
1154 1685 1211 1732 et
1253 1678 1512 1732 divinitus
1543 1677 1708 1733 acte?

1811 489 1979 544 simul
2003 501 2229 562 pugnat,
2257 499 2314 548 et
2343 494 2529 550 hostes
2559 497 2612 550 in
2658 495 2835 566 fugam
2863 498 3027 553 vertit
3053 517 3067 553 :
3105 516 3170 556 ac
3197 503 3284 556 ubi
3321 506 3400 558 sic

1815 581 2029 650 cmpisti
2089 581 2352 652 prndium,
2413 593 2473 639 ut
2535 584 2675 642 Deus
2724 587 2838 656 ipse
2893 589 2986 644 tibi
3041 595 3404 649 monstravit?

1815 687 2050 742 praeesse
2080 674 2395 745 praecipiens
2423 677 2474 730 in
2499 678 2692 732 castris
2715 679 2863 748 regni
2883 680 3082 737 Christi
3105 683 3400 753 gloriosum

1816 776 1944 815 vere
1973 777 2036 816 ac
2085 762 2296 834 insigne
2346 763 2614 832 labarum,
2646 766 2698 821 id
2727 776 2810 822 est
2854 769 3121 825 viviﬁcam
3157 788 3398 839 crucem,

1813 865 2265 923 magnumcontra
2289 865 2516 910 mortem
2549 859 2929 929 magnitudinis
2960 875 3072 917 suae
3096 869 3354 932 tropzeum
3381 882 3397 918 :

1815 947 1869 1000 in
1900 961 2008 1016 quo
2049 947 2232 1002 mundi
2279 948 2612 1018 quadrifarie
2663 952 2922 1008 terminos
2950 953 3396 1025 circumscripsit,

1814 1036 2155 1092 lineamentis
2197 1037 2556 1110 distinguens.
2599 1039 2800 1095 Deinde
2847 1050 2902 1096 et
2930 1052 3171 1098 sanctam
3205 1044 3398 1116 imagi‘

1814 1145 1936 1183 nem
1962 1128 2203 1183 omnium
2235 1129 2468 1185 dominae
2499 1147 2561 1185 ac
2593 1147 2732 1185 verm
2759 1129 2850 1186 Dei
2873 1131 3080 1198 Matris,
3107 1133 3262 1204 cujus
3284 1135 3403 1189 vnl-

1815 1229 1924 1274 tum
1953 1220 2146 1275 divites
2168 1219 2338 1290 plebis
2366 1222 2816 1291 deprecabuntur.
2849 1223 3058 1278 Etenim
3087 1235 3269 1280 sancta
3292 1235 3396 1292 est,

1811 1311 2263 1380 quemadmodum
2293 1311 2542 1382 patribus
2567 1313 2799 1378 videtur,
2831 1330 2951 1384 quae
2979 1314 3153 1369 taliter
3183 1331 3214 1370 a
3245 1316 3399 1372 vobis

1811 1403 1897 1473 pie
1949 1403 2210 1457 honorata
2257 1404 2448 1459 tribuit
2491 1404 2908 1460 vicissitudines.
2960 1405 3094 1461 Nam
3146 1407 3400 1474 imaginis

1812 1493 1986 1548 honor
2021 1494 2087 1548 ad
2125 1493 2476 1564 principalem
2510 1495 2729 1561 transit,
2797 1495 3092 1552 secundum
3138 1496 3395 1553 Basilium

1810 1569 2086 1660 magnum.
2139 1583 2208 1638 Et
2239 1585 2436 1656 pietate
2466 1593 2550 1640 est
2597 1585 2750 1656 plena
2781 1585 3166 1640 venerabilium
3208 1586 3395 1658 imagi-

1811 1693 1938 1732 num
1967 1691 2152 1742 causa,
2181 1676 2320 1732 sicut
2342 1677 2474 1732 dicit
2523 1676 2942 1749 Chrysostomus
2974 1695 2988 1731 :
3028 1677 3139 1747 Ego
3166 1686 3222 1733 et
3267 1665 3395 1734 ce'ra

149 1759 242 1816 Hoc
264 1762 398 1816 enim
425 1773 479 1817 et
507 1779 658 1820 nunc
679 1780 780 1836 ego
826 1782 925 1836 per
963 1768 1304 1824 honorabiles
1339 1769 1546 1832 litteras
1587 1779 1706 1825 tuas
1731 1741 1783 1814 Β
1812 1766 2084 1838 perfusam
2142 1768 2319 1822 amavi
2371 1741 2654 1837 picturam.
2693 1769 2892 1839 pietate
2938 1741 3191 1824 refertam
3222 1787 3237 1823 :
3284 1769 3397 1826 vidi

150 1853 513 1924 evangelia-atus
532 1857 826 1921 exsultavi,
855 1867 912 1913 et
938 1875 1048 1929 prae
1078 1860 1244 1915 nitnio
1271 1862 1485 1933 gaudio,
1513 1861 1704 1932 spiritu

151 1941 415 2000 lzetilicatus
437 1961 584 2002 sum.
617 1947 820 2003 Deinde
843 1948 896 2002 in
927 1949 1122 2004 cadum
1143 1953 1437 2006 extendens
1463 1951 1702 2017 oculum,

151 2035 406 2101 gratiarum
435 2037 766 2093 dominatori
796 2040 1036 2094 omnium
1069 2039 1180 2095 Deo
1223 2029 1382 2096 retuli
1411 2042 1654 2098 actiones
1685 2060 1700 2096 :

152 2125 222 2193 qui
255 2126 415 2182 taliter
441 2129 612 2182 etiam
662 2129 820 2184 modo
864 2129 1050 2194 voluit,
1099 2142 1156 2186 et
1197 2129 1304 2186 ﬁne
1356 2139 1512 2187 tenus
1554 2131 1704 2188 vobis

152 2227 450 2288 cooperator,
498 2231 556 2275 et
602 2221 784 2276 omnia
817 2231 996 2277 vestra
1045 2221 1096 2276 in
1129 2222 1302 2278 lucem
1329 2222 1530 2277 educit.
1589 2222 1703 2278 lloc

153 2310 270 2362 enim
293 2320 344 2366 et
359 2312 630 2366 orandum
658 2312 786 2367 mihi
807 2322 893 2367 est
921 2321 1080 2368 noctu
1108 2322 1164 2368 et
1190 2312 1442 2378 interdiu,
1468 2321 1522 2366 et
1561 2329 1699 2367 tutu-

152 2413 282 2465 quam
307 2400 596 2470 aliquando
627 2402 728 2456 hoc
756 2402 1082 2458 desiderium
1111 2403 1465 2458 deserendum
1494 2419 1615 2459 esse
1647 2404 1701 2460 iu

154 2489 332 2544 Christo
351 2493 638 2548 conlidens
671 2492 1050 2561 pronuntiabo.
1099 2490 1485 2547 Testimonium
1519 2502 1700 2548 autem

153 2580 361 2648 perbibet
401 2582 650 2638 serumni.
676 2597 821 2654 meo,
864 2597 900 2637 o
942 2583 1390 2652 super-laudabilis
1419 2592 1474 2639 et
1520 2600 1552 2638 a
1593 2584 1700 2640 Deo

155 2669 329 2735 dilecte,
358 2673 518 2728 etiam
555 2681 660 2728 tua:
707 2688 806 2743 per
831 2689 1047 2728 omnem
1093 2673 1280 2728 horam
1311 2673 1701 2731 benevolentiae

154 2763 413 2817 recordatio
442 2781 456 2816 :
496 2780 668 2834 quam
697 2765 1078 2822 babitatrieem
1111 2764 1316 2821 habens
1343 2766 1398 2821 in
1429 2766 1606 2832 labiis,
1643 2774 1700 2822 et

156 2853 352 2910 dolorem
378 2857 522 2912 verbi
559 2856 705 2913 ferre
731 2873 836 2914 non
861 2857 1064 2922 valens,
1098 2857 1238 2914 illico
1264 2859 1332 2913 ad
1360 2857 1580 2912 allatum
1603 2873 1702 2930 per

155 2943 323 3002 litteras
347 2951 649 3021 properavi.
683 2950 779 3006 Est
801 2951 946 3006 enim
971 2950 1210 3006 debitum
1241 2951 1392 3014 mihi,
1420 2959 1476 3006 et
1503 2951 1700 3006 debitis

1807 1859 1950 1913 enim
1976 1858 2029 1913 in
2052 1859 2287 1928 imagine
2310 1857 2556 1929 angelum
2598 1873 2800 1913 cuneos
2827 1859 3180 1914 barbarorum
3214 1873 3400 1930 perse-

1807 1959 2084 2020 quentem,
2113 1960 2168 2004 et
2197 1950 2361 2004 David
2399 1950 2686 2004 veritatem
2711 1951 2983 2006 dicentem
3019 1969 3034 2006 :
3068 1950 3308 2018 Domine,
3340 1952 3400 2010 in
3483 2013 3488 2016 _

1805 2042 2012 2096 civitate
2074 2051 2165 2096 tua
2222 2043 2499 2113 imaginem
2551 2059 2734 2096 eorum
2789 2043 2859 2098 ad
2911 2042 3132 2098 nihilum
3193 2043 3396 2114 redige;

1806 2129 1961 2204 (ι)ιαί
1986 2133 2177 2202 Lxxu).
2218 2129 2285 2186 Et
2325 2147 2665 2202 nequaquam
2712 2131 2955 2188 Ecclesia
2985 2132 3230 2206 erravit,
3270 2132 3399 2189 licet

1806 2225 1876 2279 ita
1894 2224 2056 2280 fuerit
2077 2225 2424 2280 aestimatum.
2443 2223 2719 2295 indulgeat
2733 2223 2894 2290 Deus,
2910 2221 3393 2292 nequesecundum

1803 2315 2054 2386 gentilem
2077 2313 2512 2384 consequentiam
2537 2321 2619 2368 est
2641 2311 2858 2367 traditio
2879 2311 3061 2384 (absit)
3088 2313 3141 2368 el
3164 2312 3394 2369 intentio

1804 2407 1880 2462 rei
1909 2407 2204 2462 secundum
2233 2405 2363 2476 quid
2394 2403 2674 2475 probatur,
2699 2411 2752 2459 et
2781 2417 3119 2472 nequaquam
3143 2403 3393 2459 conside-

1804 2508 1993 2552 rantur
2021 2513 2140 2568 qua:
2162 2495 2536 2567 perﬁciuntur.
2553 2491 2688 2547 Nam
2713 2508 2889 2564 neque
2909 2492 2962 2548 in
2987 2492 3236 2549 Paneade
3256 2491 3392 2548 civi‘

1805 2599 1914 2644 tate
1935 2589 2370 2644 luemorrhoissaz
2383 2587 2470 2657 pie
2486 2595 2645 2641 motae
2668 2584 2720 2639 in
2742 2583 3168 2640 recordationem
3185 2581 3311 2639 facti
3335 2581 3394 2636 in

1803 2696 1862 2736 se
1889 2679 2135 2735 miraculi
2165 2679 2568 2748 repudiabatur,
2600 2691 2726 2732 cum
2767 2683 2884 2730 orta
2917 2683 3064 2730 esset
3091 2675 3257 2730 herba
3280 2673 3392 2729 cir-

1806 2787 1867 2827 ca
1892 2770 2058 2840 pedes
2086 2779 2297 2834 statuae,
2329 2785 2450 2840 quze
2494 2768 2562 2825 ab
2589 2782 2652 2823 ea
2677 2767 2728 2822 in
2760 2765 2976 2822 nomine
3003 2764 3212 2820 Domini
3262 2763 3392 2821 Iesu

1801 2861 2002 2918 Christi
2050 2869 2234 2916 erecta
2285 2866 2492 2915 estzet
2536 2870 2794 2912 extranea
2840 2862 2978 2921 erat,
3011 2855 3393 2926 incognitoque
3432 2923 3436 2926 i

1801 2953 2003 3024 specie,
2049 2951 2331 3023 positaque
2357 2951 2611 3006 omnibus
2661 2950 2714 3004 in
2765 2949 3036 3004 variorum
3072 2948 3389 3019 languorutn

155 3039 324 3095 cunctis
347 3042 632 3115 insignius,
661 3053 712 3100 te
744 3043 964 3098 fratrem
1014 3059 1191 3099 meum
1242 3052 1298 3097 et
1331 3051 1695 3116 propngnato-
1725 3085 1770 3146 Ο
1806 3045 2103 3100 remedium
2136 3043 2592 3100 condescensione
2620 3048 2678 3096 et
2707 3041 2951 3096 bonitate
2991 3039 3084 3095 Dei
3116 3048 3170 3095 et
3201 3037 3391 3094 Salva-

155 3142 242 3184 rem
277 3132 513 3190 Ecclesia:
570 3136 808 3190 salutare
855 3149 919 3190 ac
967 3135 1190 3206 alloqui,
1248 3144 1314 3191 et,
1343 3136 1694 3192 luctamiuum

155 3227 326 3277 tuorum
351 3225 661 3282 collaudare
713 3227 990 3282 materias.
1047 3227 1271 3282 Etiamsi
1299 3227 1421 3297 quis
1465 3227 1610 3282 dicat
1641 3236 1698 3282 et

93 3341 100 3346 -
155 3312 276 3369 valde
316 3319 746 3372 convenienter:
804 3318 1002 3373 clamet
1055 3318 1234 3388 potius
1289 3332 1352 3372 ea
1405 3318 1699 3390 impietatis

157 3421 426 3474 praecursor,
454 3413 546 3482 qui
571 3427 715 3467 nunc
737 3428 928 3482 passus
959 3421 1062 3478 est,
1100 3413 1238 3467 bona
1259 3412 1469 3468 actione
1499 3412 1696 3468 malam

159 3501 380 3558 actionem
406 3506 508 3560 tuis
553 3512 987 3561 conuuutaturus
1018 3504 1385 3560 felicitatibus.
1434 3505 1570 3559 Nam
1608 3520 1695 3560 ar-

159 3585 408 3648 bitrabatur
443 3596 738 3650 secutulqu
793 3595 939 3649 illum
995 3595 1084 3664 qui
1134 3595 1419 3651 desursum
1471 3595 1692 3659 cedidit,

161 3674 346 3738 fremere
368 3687 518 3740 simul
556 3696 614 3741 et
649 3686 941 3756 pra-valere
970 3687 1231 3742 adversus
1255 3687 1512 3756 pietatem
1538 3701 1552 3739 :
1599 3685 1692 3741 sed

158 3767 394 3838 impeditur
407 3778 627 3834 cwlltns
647 3793 740 3848 spe
769 3776 1050 3834 ftaudatus
1073 3797 1087 3832 :
1117 3787 1174 3833 et
1197 3778 1690 3848 audiebatquidem

160 3859 210 3914 ab
230 3861 438 3922 Ecclesia
458 3886 530 3925 ea
550 3886 674 3939 quae
701 3878 756 3924 et
777 3869 988 3924 Pharao
1015 3871 1166 3940 prius
1183 3869 1481 3942 .Aigyptius
1506 3880 1691 3942 tyran-

160 3963 250 4016 υιιεν
273 3953 438 4028 Moyse
477 3962 560 4016 de
597 3960 689 4016 illo
711 3969 940 4015 canente
971 3978 984 4015 :
1018 3959 1164 4014 Dixit
1194 3959 1477 4018 inimicm:
1507 3960 1693 4016 Perse-

161 4055 280 4110 τιειιι
296 4051 738 4118 comprehendam,
755 4051 990 4120 partibor
1008 4049 1199 4120 spolia,
1230 4051 1431 4120 replebo
1453 4053 1544 4105 ani
1549 4068 1690 4106 utaut

157 4145 287 4190 nteant
315 4137 495 4210 (Exod.
521 4157 638 4204 xvi.
696 4141 803 4198 Sed
829 4152 883 4197 et
917 4142 1173 4198 audiebat
1206 4159 1326 4213 quae
1353 4151 1409 4199 et
1437 4142 1549 4212 ipse
1573 4143 1690 4196 dia-

157 4215 293 4290 bolus,
310 4242 420 4283 cum
439 4232 752 4302 prophetica
777 4231 852 4287 illi
876 4233 1335 4302 pmnuntiaretur
1347 4230 1686 4287 maledictio:

158 4303 392 4384 Propterea
428 4324 652 4378 detruet
697 4333 748 4377 te
795 4322 938 4378 Deus
982 4323 1038 4378 in
1077 4323 1259 4392 ﬁnem,
1307 4321 1482 4378 evellet
1524 4333 1596 4389 te,
1640 4330 1688 4377 et

1804 3135 1935 3192 toris
1960 3135 2148 3192 nosvri.
2193 3134 2304 3199 lmo
2347 3133 2553 3207 legalis,
2609 3139 2668 3186 ut
2694 3131 2806 3202 jam
2839 3130 2960 3205 [ita]
2991 3131 3391 3204 dicamns,hu-

1794 3228 2028 3299 jusmodi
2053 3229 2208 3285 estin
2239 3229 2345 3284 Deo
2366 3227 2603 3293 erectio;
2631 3227 2758 3282 licet
2780 3225 2966 3298 ﬁguris
2982 3226 3150 3298 magis
3177 3227 3392 3298 signan-

1797 3322 1864 3374 da
1898 3319 2040 3393 [Gr.,
2073 3320 2260 3393 ﬁguris
2304 3318 2658 3391 expressior],
2701 3327 2758 3373 et
2805 3318 3006 3373 umbrae
3052 3317 3388 3388 pracferenda

1797 3412 1868 3467 sit
1895 3411 2068 3482 gratia
2099 3422 2153 3465 et
2181 3412 2403 3466 veritas.
2437 3409 2588 3466 Unde
2611 3409 2902 3464 maximam
2933 3407 3125 3463 salutis
3153 3423 3377 3464 causam

1797 3511 2110 3557 sanctorum
2141 3509 2314 3556 cretus
2348 3500 2442 3555 Dei
2475 3499 2705 3555 consilio
2743 3499 2846 3553 hoc
2891 3497 3186 3566 capitulum
3220 3497 3385 3552 tradi-

1796 3593 1872 3647 dit
1900 3590 2043 3664 [Gr.,
2067 3592 2122 3646 h.
2149 3606 2268 3661 cap.
2303 3589 2560 3646 Ecclesia:
2591 3587 2756 3660 trad.]
2787 3587 2839 3642 in
2871 3587 3242 3644 universorum
3267 3587 3385 3642 vul-

1797 3682 1963 3748 tibus,
1990 3691 2044 3738 et
2066 3682 2307 3737 colorum
2333 3681 2740 3752 operationibus
2764 3679 3122 3735 venerabilem
3152 3688 3209 3734 ct
3253 3695 3381 3735 san-
3419 3732 3422 3736 .

1795 3785 1940 3830 ctum
1973 3774 2346 3828 characterem
2387 3773 2680 3844 secundum
2708 3771 3093 3826 immanitatem
3122 3770 3239 3842 ejus
3287 3769 3390 3841 qui

1799 3867 1936 3922 tollit
1961 3874 2240 3937 peccatqu
2269 3864 2478 3930 mundi,
2504 3863 2796 3936 erigamus,
2827 3878 2923 3934 per
2950 3877 3074 3916 eum
3099 3861 3383 3917 humilita-
3417 3915 3422 3922 _

1795 3959 1864 4014 tis
1889 3957 2262 4014 celsitudinem
2298 3956 2392 4012 Dei
2412 3955 2565 4011 verbi
2592 3955 3022 4018 considerantes,
3074 3962 3129 4008 et
3156 3953 3222 4008 ad
3261 3968 3420 4012 me-A.

1793 4049 2021 4104 tuoriam
2054 4047 2482 4105 conversationis
2507 4047 2558 4103 in
2590 4061 2754 4102 carne
2782 4044 2956 4111 factae,
3002 4052 3107 4099 tam
3130 4043 3384 4100 videlicet:

1791 4141 2058 4211 passionis
2083 4141 2200 4210 ejus
2245 4150 2300 4196 et
2326 4139 2581 4196 salutaris
2611 4138 2822 4203 mortis,
2864 4152 3029 4208 quam
3059 4134 3379 4206 redemptio-

1790 4234 1875 4288 nis
1899 4250 2021 4304 qua:
2037 4233 2162 4289 hinc
2188 4234 2388 4288 mundo
2412 4231 2601 4287 eﬁ'ecta
2635 4239 2738 4295 est,
2769 4244 2931 4284 manu
2977 4224 3380 4308 quodammodo

1791 4326 1936 4380 ducti
1968 4333 2063 4380 :et
2101 4323 2248 4379 nulla
2299 4333 2381 4380 est
2420 4323 2547 4380 hinc
2589 4339 2620 4377 a
2669 4321 2866 4376 divinis
2915 4319 3270 4375 dissonantia.
3316 4317 3376 4374 Si

158 4405 374 4476 clligl'cln't
405 4423 452 4468 te
471 4415 536 4470 de
559 4415 900 4470 tabernaculo
942 4425 1052 4478 tuo,
1091 4426 1138 4470 et
1175 4416 1406 4470 radicem
1434 4425 1579 4470 tuam
1621 4416 1686 4470 de
1713 4433 1764 4492 ο
1789 4416 1935 4470 enim
1984 4415 2316 4486 prophetiae
2365 4412 2776 4485 prmlocutioucs
2825 4411 3114 4467 terminum
3152 4409 3378 4466 minime

156 4498 262 4550 tam
277 4499 528 4558 virentium
555 4502 728 4576 (Ρωι.
757 4505 852 4575 ιι).
895 4505 974 4559 lta
996 4512 1052 4559 et
1082 4503 1170 4560 ille
1195 4514 1390 4575 praeter
1411 4519 1560 4574 spem
1591 4520 1682 4560 co.

158 4587 343 4656 IIIlibus,
364 4594 450 4663 qui
479 4597 534 4649 in
563 4611 660 4666 spe
689 4603 868 4660 erant,
905 4593 1199 4651 frustratus
1227 4595 1408 4666 periit,
1445 4611 1680 4666 superno

159 4685 290 4744 θεουε
313 4695 476 4741 vestro
495 4695 550 4743 et
571 4687 785 4750 robore,
817 4693 1080 4756 apostatae
1107 4696 1364 4742 enervata
1397 4687 1680 4758 impugna-

159 4765 269 4824 tione
307 4776 550 4837 adversus
592 4781 778 4844 Deum,
829 4780 1080 4836 deorsum
1127 4779 1344 4845 eﬁ'ecta,
1388 4788 1442 4834 et
1483 4779 1552 4835 ad
1582 4796 1679 4836 no-

162 4855 383 4942 rissimum
431 4873 816 4942 propemodum
862 4871 1086 4941 expulsa
1133 4871 1359 4928 exitium
1399 4870 1674 4928 Christum

161 4939 462 5026 impugnantis
499 4939 781 5020 ferocitate
811 4978 828 5018 :
875 4939 948 5018 ita
988 4972 1048 5017 ut
1094 4977 1261 5034 super
1297 4979 1366 5021 eo
1395 4963 1676 5035 Scriptura

160 5045 374 5103 Ventilet
398 5051 694 5124 impleatur,
715 5069 840 5123 qua:
865 5052 996 5108 dicit
1025 5071 1039 5107 :
1079 5053 1247 5108 Arcus
1275 5054 1496 5124 fortium
1523 5071 1678 5125 supe-

161 5138 272 5185 ram
293 5147 376 5204 est,
399 5153 442 5196 et
471 5145 667 5213 inﬁrmi
705 5145 926 5200 accincti
956 5153 1077 5200 sunt
1106 5142 1290 5200 robore
1329 5142 1382 5216 (1
1411 5143 1521 5215 Reg
1549 5146 1624 5216 ll)
1657 5157 1674 5199 3

160 5228 235 5288 Ρη)
249 5240 302 5282 eo
315 5235 441 5300 quod
461 5237 597 5293 nulla
609 5238 788 5296 estad
811 5238 1085 5293 inﬁrmum
1103 5235 1196 5291 Dei
1221 5236 1448 5291 ﬁrmitas
1469 5237 1676 5293 abomi~

162 5317 344 5379 nationis
379 5343 555 5386 eorum
603 5331 696 5402 qui
739 5331 908 5387 Deum
954 5331 1290 5401 impugnant,
1344 5339 1402 5386 et
1432 5345 1674 5400 pugnare

163 5414 236 5471 illo
256 5410 343 5471 Deo
365 5423 603 5479 mundum
633 5431 820 5480 contra
844 5423 1146 5479 insensatos
1174 5420 1368 5477 asserit
1389 5420 1672 5494 [scriptum

165 5495 257 5568 95']-
279 5503 523 5572 Quomodo
540 5531 672 5586 ergo
689 5531 799 5571 non
821 5529 942 5570 cum
969 5514 1082 5570 Deo
1106 5527 1375 5585 pugnans,
1403 5527 1438 5568 ο
1461 5520 1516 5566 ιιι
1544 5527 1673 5567 san-

167 5588 368 5666 clissime,
391 5606 633 5665 adversus
655 5623 750 5666 eos
773 5607 868 5679 qui
896 5608 1013 5664 sine
1057 5608 1166 5664 Deo
1190 5614 1246 5664 et
1271 5613 1458 5663 contra
1501 5604 1671 5660 Deum

167 5688 274 5744 sunt.
298 5699 655 5756 commoveris?
682 5699 784 5767 Qui
826 5698 1074 5757 videlicet
1105 5697 1544 5756 inveniunteum
1575 5695 1669 5768 qui

1789 4515 2169 4578 perceperunt,
2201 4520 2270 4560 ne
2314 4504 2618 4559 scribantur
2649 4517 2735 4558 res
2765 4502 2831 4555 ad
2873 4500 3237 4556 ostensiouem
3281 4515 3376 4558 eo-

1790 4611 1908 4650 rum
1934 4611 2055 4666 qua:
2079 4595 2258 4650 adhuc
2285 4592 2429 4648 facta
2469 4608 2576 4648 non
2615 4602 2744 4647 sunt
2776 4610 2788 4644 :
2822 4591 2874 4646 id
2901 4599 3006 4656 est,
3047 4590 3090 4646 si
3139 4605 3247 4646 non
3288 4599 3380 4647 est
3411 4659 3414 4666 ι

1787 4681 2100 4742 incarnatus
2129 4684 2408 4749 Dominus,
2439 4699 2541 4740 nou
2565 4683 2827 4739 formetur
2839 4692 3029 4740 sancta
3053 4683 3233 4754 imago
3253 4682 3377 4755 ejus

1786 4777 2080 4834 secundum
2111 4791 2347 4832 carnem.
2385 4775 2442 4830 Si
2471 4791 2578 4830 non
2607 4783 2694 4832 est
2744 4784 2904 4831 natus
2959 4775 3013 4830 in
3055 4772 3371 4832 Bethlebem

1783 4885 1850 4925 ex
1882 4868 2112 4940 gloriosa
2143 4866 2362 4939 Virgine
2391 4867 2488 4923 Dei
2530 4866 2810 4940 genitrice,
2859 4880 3037 4936 neque
3078 4870 3219 4936 magi
3253 4881 3372 4921 mu-

1781 4980 1911 5020 uera
1945 4963 2276 5028 obtulerunt,
2305 4979 2479 5034 neque
2507 4964 2817 5035 pastoribus
2839 4978 3004 5031 supra
3030 4963 3180 5018 stetit
3205 4977 3370 5034 ange-
3409 4992 3411 4994 -

1777 5057 1882 5121 lus,
1910 5071 2085 5126 neque
2128 5056 2418 5122 multitudo
2449 5057 2686 5112 caelestis
2731 5055 3009 5111 exercitus
3043 5064 3172 5110 nato
3203 5055 3366 5128 bym-

1780 5167 1906 5205 nttm
1936 5149 2130 5206 obtulit
2153 5148 2369 5221 (Matth.
2403 5165 2533 5215 xxv,
2555 5132 2664 5202 an
2687 5148 2807 5217 11.);
2831 5147 2874 5203 si
2907 5163 3013 5204 non
3038 5147 3091 5203 in
3107 5147 3245 5205 ulnis
3268 5163 3368 5219 ge-

1777 5241 1987 5298 nitricis
2025 5249 2085 5296 ut
2115 5239 2409 5295 infantulus
2433 5239 2722 5304 ferebatur,
2753 5237 2844 5308 qui
2884 5246 3069 5308 portat
3093 5238 3368 5305 universa,

1780 5340 1834 5388 et
1860 5331 2018 5389 lactis
2045 5331 2359 5386 alimoniam
2387 5330 2626 5401 pertulit,
2648 5329 2850 5400 quidat
2868 5344 3049 5386 escam
3064 5330 3212 5386 omni
3239 5346 3364 5386 car-
3405 5381 3410 5386 .

1779 5423 1835 5480 ni
1866 5441 1879 5479 :
1913 5439 2016 5480 nec
2036 5422 2139 5478 hoc
2179 5423 2460 5493 ﬁguretur.
2485 5420 2542 5476 Si
2573 5437 2679 5475 non
2711 5435 2740 5475 a
2777 5435 2908 5476 sene
2947 5419 3361 5490 suscipiebatur,

1778 5517 1870 5588 qui
1893 5517 2177 5574 vittetenet
2202 5514 2559 5587 principatum
2589 5522 2644 5568 et
2665 5513 2877 5580 mortis,
2905 5522 2962 5568 et
2983 5512 3225 5568 omnium
3253 5509 3362 5564 Do-

1779 5607 1960 5664 minus
1992 5622 2090 5678 per
2111 5621 2237 5664 eum
2273 5606 2489 5677 agnitus
2530 5602 2689 5659 simul
2730 5611 2786 5658 et
2841 5601 3185 5672 praedicatus,
3215 5605 3360 5652 etut

1780 5699 2160 5760 demissionem
2226 5698 2588 5764 concederet,
2643 5696 2937 5769 postulatus
2970 5714 2982 5750 :
3014 5694 3058 5750 si
3125 5707 3232 5748 non
3298 5689 3358 5748 in
