3980 6288
1188 328 1195 334 .
1228 317 1320 338 ,κη
1375 318 1385 328 ⁵

501 371 608 431 519

1665 375 2027 432 ANASTASII
2069 373 2613 431 BlBLlOTllECARIl

3670 370 3776 427 δῶ

501 484 796 559 Egyptum
832 499 991 542 causa
1018 485 1434 557 dispensationis
1480 487 1738 558 pergebat
1771 503 1936 556 super
1984 503 2080 539 nu-
2112 488 2156 546 Λ
2186 483 2412 539 visibilia
2445 485 2588 540 visus
2613 492 2757 538 esset
2783 484 2891 539 Deo
2921 481 3288 537 adorationem
3326 481 3545 546 offerre,
3577 492 3630 536 et
3676 496 3776 553 per

500 579 625 632 bent
654 576 824 631 levem
854 577 999 631 omni
1027 576 1232 632 scilicet
1266 577 1468 632 lumine
1499 578 1821 632 illustratam
1854 587 2083 631 matrem

501 680 566 720 ac
581 664 869 720 sanctitate
907 662 1203 728 robustam,
1235 663 1324 732 qui
1358 665 1410 719 in
1441 651 1653 720 excelso
1674 665 1824 721 sedet
1853 683 1867 719 z
1914 674 1970 720 et
1995 680 2084 719 re-

501 756 582 810 dit
623 770 690 810 ex
733 753 990 825 Egypto,
1023 764 1078 810 et
1105 753 1314 809 habitat
1339 754 1606 812 Nazareth
1641 774 1655 811 :
1687 772 1756 812 ne
1787 755 2085 826 figurentur

498 845 788 901 coloribus.
833 845 889 900 Si
915 860 1019 899 non
1062 854 1306 901 mortuos
1345 847 1648 913 suscitavit,
1691 856 1746 903 et
1772 849 1947 902 erexit
1985 863 2082 918 pa-

497 937 775 1009 ralyticos,
806 945 861 992 et
885 936 1110 1006 leprosis
1136 938 1365 1007 prmbuit
1397 939 1792 1010 purgationem,
1827 947 1882 992 et
1906 952 2082 992 caecos

497 1027 844 1095 illuminavit,
887 1027 1081 1082 deinde
1110 1038 1161 1082 et
1187 1043 1501 1099 expressam
1548 1028 1677 1084 fecit
1702 1028 1936 1100 linguam
1963 1045 2080 1082 mu-

496 1124 700 1182 torum,
730 1126 784 1170 et
805 1115 964 1172 bases
988 1116 1301 1172 claudorum
1330 1118 1582 1183 firmavit,
1629 1127 1684 1174 et
1723 1119 1928 1190 expulit
1967 1119 2081 1174 daa-

495 1221 726 1262 mones:
751 1206 854 1261 nisi
895 1207 1107 1277 aperuit
1143 1223 1302 1262 aures
1329 1208 1637 1275 surdorum,
1660 1218 1715 1264 et
1735 1211 1914 1264 omnia
1944 1225 2077 1279 ope-

494 1305 645 1353 ratus
671 1305 759 1353 est
800 1297 1056 1368 gloriosa,
1099 1307 1154 1354 et
1191 1299 1243 1352 in
1276 1299 1386 1354 Deo
1407 1300 1556 1368 signa
1579 1300 1837 1369 perlecit;
1870 1315 1936 1356 ne
1961 1302 2079 1372 pin-

493 1399 718 1461 gantur;
757 1399 812 1444 et
833 1391 937 1444 nisi
967 1390 1271 1460 passionem
1303 1391 1603 1448 voluntarie
1633 1394 1887 1464 suscepit,
1914 1405 1968 1449 et
1996 1395 2078 1450 in-

493 1479 706 1535 fernum
733 1481 1006 1552 spoliavit,
1029 1490 1083 1536 et
1121 1497 1348 1550 surgens
1375 1482 1428 1538 in
1459 1482 1656 1538 cmlum
1690 1485 1951 1550 ascendit,
1981 1485 2074 1554 qui

494 1578 753 1646 venturus
779 1571 1123 1646 estjudicare
1149 1571 1302 1626 vivos
1336 1581 1392 1627 et
1424 1581 1667 1628 mortuos
1697 1593 1710 1628 :
1743 1589 1916 1644 neque
1935 1574 2074 1644 tign-

495 1643 618 1713 rent
647 1656 790 1730 [Cr.,
822 1642 921 1714 nec
949 1660 1276 1726 scribantur,
1324 1675 1426 1716 nec
1477 1662 1794 1736 figurentur]
1829 1642 2076 1735 scrip—tu-

489 1763 565 1804 rte
599 1749 683 1804 vel
711 1749 970 1815 historim,
998 1765 1117 1820 qua:
1147 1751 1245 1806 ista
1271 1761 1550 1818 enarrant,
1581 1760 1688 1808 tam
1715 1768 1812 1823 per
1840 1754 2070 1822 litteras,

2192 575 2364 644 typica
2389 590 2595 630 memor
2619 582 2764 630 esset
2781 574 3114 638 creantis,et
3139 588 3244 628 non
3267 572 3491 626 vitulum
3515 573 3776 629 retineret

2189 679 2253 720 ac
2283 680 2496 720 muscas
2546 682 2710 736 super
2765 665 2975 721 tabulas
3022 664 3350 720 testamenti.
3384 663 3605 718 Utinam
3651 679 3776 718 san-

2185 762 2332 808 ctum
2357 755 2525 809 altare
2551 756 2720 826 magis
2741 756 3120 821 desiderasset,
3150 762 3208 810 et
3235 769 3338 808 non
3367 753 3564 808 vitulas
3585 752 3778 808 Samae

2185 843 2296 898 riae.
2318 843 2534 900 Utinam
2564 846 2885 900 attendisset
2914 845 3090 900 Aaron
3120 844 3422 913 virgam,et
3443 859 3549 897 non
3578 843 3775 898 Astar-

2185 940 2313 985 tem.
2342 931 2546 986 Bonum
2569 934 2766 1003 quippe
2793 933 2950 988 simul
2976 944 3030 988 et
3051 934 3256 1004 justum
3284 941 3428 988 esset
3454 933 3525 997 ei,
3555 941 3771 1001 petram

2180 1021 2416 1078 salutare
2469 1039 2588 1092 quae
2638 1024 2838 1078 imbres
2888 1025 3148 1080 divinitus
3173 1025 3341 1089 dedit,
3379 1034 3433 1078 et
3476 1039 3585 1078 non
3616 1023 3771 1079 Baal.

2182 1111 2398 1168 Utinam
2453 1115 2520 1168 ad
2576 1114 2781 1185 virgam
2824 1113 2994 1186 Moysi
3037 1115 3213 1184 magis
3251 1115 3476 1170 intuitus
3502 1124 3671 1178 esset,
3720 1121 3776 1173 et

2179 1220 2370 1260 urnam
2405 1220 2660 1272 auream,
2713 1221 2929 1270 arcam,
2983 1205 3416 1277 propitiatorium
3438 1246 3453 1270 ,
3484 1205 3730 1275 petalum
3757 1247 3773 1272 ,

2177 1300 2376 1370 ephod,
2399 1315 2663 1365 mensam,
2693 1299 3098 1356 tabernaculum
3131 1298 3361 1354 interius
3391 1306 3448 1353 et
3475 1298 3728 1363 exterius
3754 1293 3770 1331 ⁵

2177 1407 2297 1462 qua:
2323 1394 2501 1449 omnia
2531 1395 2582 1449 in
2611 1394 2836 1466 gloriam
2855 1393 2947 1447 Dei
2979 1400 3225 1463 patrata;
3259 1391 3387 1447 licet
3414 1383 3578 1444 manu
3604 1389 3772 1454 facta,

2179 1485 2376 1540 Sancta
2407 1493 2605 1550 tamen,
2643 1483 3052 1554 appellabantur
3104 1490 3437 1546 sanctorum,
3469 1481 3670 1535 deinde
3717 1489 3774 1535 et

2175 1575 2454 1630 cherubim
2483 1575 2780 1645 sculptiles,
2806 1569 3039 1645 quorum‘
3061 1572 3375 1628 memoriam
3395 1571 3602 1627 faciens
3625 1571 3772 1641 Apo-

2174 1665 2344 1721 stolus
2381 1668 2457 1720 ait
2489 1681 2506 1720 :
2535 1665 2816 1720 Cherubim
2867 1664 3049 1734 gloriae
3095 1663 3466 1718 adumbrantia
3515 1662 3774 1732 propitia-

2174 1757 2365 1809 torium
2394 1755 2582 1826 (Hebr.
2618 1759 2698 1826 lx)
2731 1769 2745 1809 :
2771 1755 2966 1825 quibus
2986 1767 3042 1808 et
3073 1754 3308 1808 divinam
3331 1752 3453 1807 vehi
3482 1752 3712 1822 gloriam
3739 1767 3770 1805 a

487 1852 652 1906 quam
687 1851 785 1906 per
827 1837 1054 1894 colores.
1082 1839 1172 1904 At,
1199 1839 1244 1894 si
1277 1841 1390 1895 haec
1411 1841 1594 1896 omnia
1631 1841 1773 1898 facta
1825 1852 1975 1909 sunt,
2021 1853 2076 1900 et
2105 1835 2148 1894 Β
2179 1848 2458 1919 Scriptura
2496 1849 2774 1904 docemur.
2827 1847 2886 1902 Si
2934 1848 3019 1902 his
3070 1847 3408 1912 intendisset,
3439 1861 3546 1899 non
3581 1844 3774 1914 utique

485 1943 744 2002 magnum
775 1938 860 1984 est
881 1931 1098 2001 pietatis
1125 1934 1465 2004 mysterium,
1497 1936 1704 1992 utinam
1734 1947 1880 1994 esset
1904 1941 2074 2010 possi-

487 2017 614 2085 bile,
648 2019 920 2076 utcaalum
943 2031 998 2076 et
1028 2031 1169 2077 terra
1211 2032 1264 2078 et
1301 2039 1449 2080 mare
1474 2065 1491 2090 ,
1537 2026 1831 2083 animantia
1863 2044 2076 2100 quoque

485 2110 670 2166 omnia
697 2119 752 2166 et
771 2111 1024 2182 virgulta,
1049 2123 1104 2168 et
1133 2114 1392 2185 quidquid
1417 2116 1559 2171 aliud
1591 2127 1698 2184 est,
1737 2129 1958 2175 enarret
1986 2121 2074 2176 illa

486 2208 542 2256 et
567 2217 666 2272 per
696 2217 858 2259 voces
905 2214 959 2260 et
985 2221 1081 2275 per
1106 2205 1340 2272 litteras,
1371 2216 1426 2262 et
1456 2225 1553 2279 per
1581 2211 1840 2279 picturas.
1873 2212 2072 2268 Eorum

485 2294 632 2370 enim
653 2309 772 2364 qua:
797 2311 902 2351 non
934 2307 1080 2362 sunt,
1111 2296 1386 2365 formatio,
1421 2299 1615 2356 idolica
1645 2303 1854 2372 pictura
1897 2305 2075 2359 nomi-

485 2393 668 2452 natur,
698 2403 817 2457 quaa
837 2396 893 2444 et
920 2405 1142 2460 pagana:
1165 2389 1512 2448 fahulationis
1549 2409 1737 2463 poema
1767 2395 1944 2462 ﬁnxit,
1981 2412 2077 2451 eo-

486 2490 608 2530 rum
656 2493 776 2546 qua:
819 2495 1054 2549 unquam
1082 2479 1302 2536 fuerunt
1329 2497 1426 2552 per
1463 2485 1778 2553 essentiam,
1808 2486 2070 2543 facturam

484 2563 814 2636 desipienter
836 2584 1174 2625 asseverans.
1205 2571 1272 2627 Et
1293 2583 1442 2628 certe
1471 2575 1616 2630 nulla
1641 2585 1722 2632 est
1737 2579 2071 2635 condescen-

483 2658 567 2708 sio
593 2653 848 2712 Ecclesia:
876 2657 1077 2714 Christi
1117 2676 1240 2716 cum
1272 2662 1429 2718 idolis
1454 2665 1649 2721 :absit.
1694 2666 1876 2738 Neque
1927 2671 2070 2725 enim

482 2742 682 2814 vitulas
715 2747 1076 2813 adoravimus,
1130 2767 1304 2822 neque
1330 2753 1555 2810 vitulum
1597 2756 1652 2811 in
1694 2757 1907 2816 Cboreb
1935 2761 2071 2816 fudi-

485 2849 628 2902 mus,
657 2852 832 2907 neque
854 2855 884 2894 a
913 2841 1071 2897 nobis
1091 2853 1344 2898 creatura
1368 2845 1510 2901 Deus
1538 2849 1800 2904 aestimata
1818 2861 1900 2906 cst
1933 2871 1947 2906 :
1977 2854 2070 2909 sed

485 2940 660 2995 neque
711 2945 900 2984 rursus
963 2932 1198 3002 sculptili
1235 2936 1588 3005 procidimus,
1643 2948 1698 2993 et
1740 2939 2073 3014 Beelphegor

486 3014 682 3098 initiati
705 3035 915 3102 sumus,
945 3037 1120 3092 neque
1155 3034 1406 3080 natorum
1443 3029 1718 3086 occisores
1741 3041 1835 3085 aut
1861 3035 2073 3088 saerill-

486 3113 698 3163 calores
726 3107 946 3177 fuimus,
979 3120 1070 3165 aut
1101 3112 1312 3168 occulta
1339 3118 1594 3187 mysteria
1627 3117 2022 3177 celebravimus
2052 3140 2064 3176 :

2178 1940 2336 1995 idolis
2359 1941 2707 2011 procidisset.
2733 1939 2904 1997 Omne
2950 1955 3184 2008 namque
3229 1953 3364 2009 Opus
3384 1938 3528 2007 quod
3561 1938 3614 1992 in
3674 1951 3774 1990 no-

2177 2031 2322 2087 mine
2363 2031 2572 2086 Domini
2625 2030 2720 2095 lit,
2772 2030 3064 2101 pretiosum
3120 2037 3176 2083 et
3244 2036 3489 2082 sanciunt
3546 2035 3652 2080 est.
3704 2025 3773 2079 Et

2175 2121 2304 2192 quid
2364 2137 2500 2192 opus
2557 2130 2640 2177 est
2684 2120 2964 2191 epistolam
3021 2119 3074 2173 in
3144 2117 3358 2186 longum
3420 2114 3774 2171 extendere?

2177 2221 2233 2267 et
2293 2212 2528 2266 maxime
2574 2212 2640 2266 ad
2689 2212 2866 2264 virum
2913 2210 3024 2264 Deo
3075 2207 3329 2279 placitum
3360 2247 3376 2272 ,
3414 2214 3470 2261 et
3517 2221 3616 2260 vas
3663 2205 3774 2259 ele-

2175 2308 2320 2354 ctum
2379 2317 2406 2354 a
2462 2301 2611 2364 Deo,
2654 2299 2884 2369 gratiam
2947 2297 3199 2366 adeptum
3260 2296 3484 2366 spiritus
3517 2335 3533 2360 ,
3591 2303 3652 2349 et
3711 2293 3770 2349 in

2174 2389 2436 2460 profunda
2486 2389 2789 2444 divinorum
2843 2387 3157 2457 dogmatum
3223 2386 3491 2440 valentem
3553 2383 3770 2454 prospi-

2174 2496 2320 2548 cere,
2345 2493 2506 2552 atque
2529 2482 2640 2536 Deo
2665 2482 2890 2536 ductore
2915 2479 3262 2534 considerare
3284 2492 3554 2533 summam
3583 2477 3769 2531 scien-

2177 2572 2263 2625 tia:
2322 2571 2680 2626 altitudinem.
2733 2569 2932 2624 Verum
2985 2569 3113 2624 hinc
3167 2567 3234 2622 ad
3287 2566 3624 2638 propositum
3685 2580 3770 2620 re—

2174 2661 2440 2728 deamus,
2497 2660 2932 2732 propugnatricis
2981 2668 3124 2725 tuae,
3185 2674 3220 2714 ο
3273 2658 3659 2720 sanctissime,
3713 2664 3772 2710 et

2174 2753 2416 2809 omnium
2467 2754 2896 2818 Christianorum
2919 2751 3151 2807 dominae
3181 2750 3648 2822 ntagnilicationes
3672 2765 3686 2801 :
3711 2759 3771 2803 et

2173 2845 2346 2916 qualis
2375 2847 2488 2916 ipse
2507 2854 2755 2901 ostensus
2777 2843 2940 2900 fueris
2970 2844 3022 2898 in
3055 2843 3263 2899 cunctis
3282 2843 3350 2897 ab
3381 2842 3472 2897 illa
3501 2842 3756 2896 directus

2172 2947 2226 2994 et
2241 2938 2513 3003 salvatus,
2539 2945 2592 2993 et
2619 2946 2805 2993 contra
2837 2935 3086 2991 inimicos
3105 2933 3458 2997 confortatus,
3483 2933 3740 2987 admiran

2175 3039 2272 3085 tes.
2301 3029 2381 3083 Illi
2412 3044 2541 3084 vero
2569 3030 2659 3099 qui
2701 3043 2764 3084 ex
2797 3027 2963 3082 multo
2985 3025 3096 3095 jam
3128 3036 3369 3094 tempore
3411 3030 3604 3079 contra
3643 3037 3768 3076 eam

2172 3118 2485 3174 debacchati
2545 3125 2707 3182 sunt,
2784 3123 2936 3171 tanto
3001 3117 3326 3170 invenerunt
3389 3113 3764 3174 resistentem,

486 3211 662 3266 neque
703 3197 842 3255 filios
888 3208 1101 3256 nostros
1143 3211 1197 3256 et
1234 3203 1372 3260 filias
1405 3207 1803 3265 immolavimus
1831 3227 2066 3282 unquam
2098 3216 2142 3276 C
2173 3217 2375 3280 quanto
2403 3209 2727 3264 invenerunt
2768 3207 2867 3262 sibi
2914 3206 3391 3261 contradicentem.
3430 3203 3497 3259 Et
3526 3205 3636 3259 hoc
3665 3204 3770 3258 mi—

486 3289 840 3356 daemonibus,
873 3301 933 3347 ut
963 3293 1016 3348 in
1044 3309 1142 3349 nos
1166 3311 1231 3350 ea
1258 3311 1380 3366 quas
1421 3312 1449 3351 a
1479 3299 1766 3355 Salomone
1805 3302 2066 3359 idolorum

484 3379 780 3438 cultoribus
801 3384 939 3440 dicta
962 3397 1089 3441 sunt
1112 3386 1228 3458 (111
1260 3387 1382 3460 Reg.
1404 3390 1503 3461 χι),
1528 3404 1894 3452 assumantur.
1921 3397 2068 3453 Nun-

484 3471 668 3539 quida
697 3473 853 3529 nobis
894 3473 1094 3531 infecta
1133 3488 1217 3532 est
1261 3487 1404 3534 terra
1451 3481 1504 3536 in
1554 3485 1942 3554 sanguinibus?
1985 3489 2068 3543 vel

484 3560 776 3632 imaginem
825 3563 878 3618 in
930 3564 1130 3636 templo
1178 3566 1426 3634 fecimus,
1459 3571 1826 3640 quadriforme
1865 3576 2068 3632 haben-

487 3660 596 3707 tem
625 3653 848 3719 idolum,
875 3664 930 3710 et
952 3656 1090 3711 hanc
1113 3659 1492 3715 adoravimus?
1518 3660 1766 3733 Nunquid
1790 3666 2069 3722 abomina-

485 3741 690 3797 tionem
731 3745 1030 3813 repentium
1057 3754 1109 3801 et
1154 3763 1407 3816 pecorum
1449 3766 1609 3821 supra
1637 3769 1849 3809 mttrum
1882 3759 2066 3827 templi

487 3831 864 3903 depinximus?
882 3836 990 3891 Aut
1019 3837 1213 3892 iterum
1253 3855 1352 3893 nos
1377 3840 1626 3896 Ezechiel
1649 3844 1779 3899 vidit
1805 3845 2067 3916 plangen-

485 3929 568 3977 tes
620 3924 944 3991 Adonidem,
993 3936 1046 3982 et
1076 3929 1354 3984 incensum
1403 3931 1498 3986 soli
1535 3933 2063 4007 olferentes(Ezech.

487 4012 632 4084 vni),
667 4013 734 4068 de
761 4016 956 4082 quibus
983 4016 1113 4072 dicit
1138 4017 1460 4088 Apostolus:
1491 4011 1792 4078 Servierunt
1812 4036 2068 4081 creatura:

486 4119 553 4170 po
579 4105 660 4156 ius
707 4122 866 4175 quam
915 4107 1154 4162 Creatori
1183 4108 1362 4180 (Rom.
1395 4111 1458 4182 ι).
1499 4111 1736 4168 Putasne
1780 4116 2070 4171 statuimus

489 4192 756 4262 imagines
770 4197 992 4251 duarum
1024 4197 1438 4255 fornicariarum
1455 4203 1505 4257 in
1527 4203 1782 4276 Egypto,
1805 4205 1932 4262 Oola
1957 4208 2064 4262 sci-

489 4281 616 4338 licet
637 4291 692 4338 et
736 4284 945 4350 Ooliab,
978 4295 1031 4341 et
1065 4303 1159 4344 eas
1205 4290 1544 4348 adoravimus
1575 4294 1790 4364 (Ezecli.
1839 4297 2070 4368 xxxiii)?

487 4371 570 4427 An
603 4389 840 4430 rursusa
877 4376 1034 4432 nobis
1052 4378 1314 4434 sacrificia
1338 4381 1428 4436 Bel
1457 4383 1508 4436 in
1544 4382 1834 4455 Babylone,
1873 4395 1928 4440 et
1962 4387 2066 4441 Da-

2170 3315 2290 3354 rum
2317 3314 2423 3353 non
2442 3305 2545 3353 est.
2571 3297 2627 3352 Si
2642 3298 2782 3351 enim
2799 3295 3042 3351 Bethulia
3063 3311 3159 3366 per
3188 3310 3405 3350 manum
3434 3293 3625 3349 Iudith
3657 3311 3772 3348 mu-

2167 3387 2318 3445 lieris
2360 3388 2671 3444 lsraelitidis
2709 3386 3041 3450 salvabatur,
3085 3384 3238 3454 cujus
3283 3400 3416 3454 opus
3451 3384 3770 3440 Holofernis

2167 3479 2470 3550 peremptio
2497 3477 2630 3543 fuit;
2663 3486 2718 3533 et
2747 3478 2887 3531 hanc
2926 3477 3266 3532 salvatricem
3307 3474 3496 3540 Israel,
3531 3476 3630 3545 qui
3661 3491 3762 3546 per

2168 3569 2308 3624 idem
2350 3579 2563 3640 tempus
2609 3569 2844 3634 fuerunt,
2897 3568 3332 3638 prtedicaverunt
3379 3565 3536 3637 (Iud.
3588 3567 3764 3637 xm):

2167 3659 2436 3730 quomodo
2463 3674 2569 3714 non
2599 3667 2877 3728 oporteret
2913 3657 3143 3728 amplius
3175 3666 3323 3710 tuam
3363 3655 3766 3726 amplissimam

2167 3750 2507 3804 sanctitatem
2569 3748 2660 3802 tali
2709 3747 3129 3818 prepugnatriee
3170 3761 3324 3800 usam
3368 3745 3588 3815 aggredi
3638 3745 3767 3800 ﬁdei

2167 3842 2382 3905 hostes,
2411 3849 2467 3894 et
2496 3839 2722 3895 victoria
2744 3854 3005 3894 coronare
3030 3837 3335 3905 subjectos?
3363 3835 3470 3892 Sed
3495 3837 3758 3907 ejusdem

2165 3931 2643 4003 SUpplicationihus
2683 3941 2738 3986 et
2785 3930 3023 3983 omnium
3083 3935 3390 3982 sanctorum
3439 3936 3640 3997 potens
3709 3927 3765 3982 in

2165 4023 2350 4095 przelio
2380 4022 2521 4077 Deus
2550 4029 2767 4086 noster,
2802 4019 2959 4076 fortis
2989 4029 3042 4074 et
3070 4019 3440 4089 longanimus,
3465 4021 3558 4089 qui
3588 4020 3765 4075 dedu—

2164 4117 2244 4171 xit
2270 4124 2322 4170 te
2346 4129 2507 4184 super
2525 4113 2722 4183 Ioseph
2755 4121 2814 4167 ut
2840 4128 3018 4178 ovem,
3041 4113 3309 4168 custodiat
3331 4121 3384 4168 te
3409 4112 3770 4168 sanctissime

2167 4207 2220 4262 in
2248 4220 2418 4260 annos
2443 4204 2703 4276 prolixos,
2733 4204 3000 4259 universa:
3027 4202 3347 4258 Christiana:
3366 4203 3509 4258 bene
3530 4217 3764 4272 operan-

2169 4304 2274 4350 tem
2329 4293 2757 4359 conversationi,
2821 4301 2876 4348 et
2926 4307 3082 4347 sacro
3130 4292 3323 4346 canoni
3373 4291 3761 4361 obtemperare

2166 4393 2391 4439 cunctos
2421 4385 2702 4440 docentem
2728 4392 2784 4438 et
2809 4382 3121 4437 incitantem
3141 4421 3155 4447 ,
3189 4390 3243 4437 et
3273 4381 3549 4436 custodire
3585 4381 3762 4452 depo-

483 4474 585 4532 gon
617 4463 667 4516 in
705 4462 989 4519 Palaestina
1034 4466 1212 4522 oblata
1260 4479 1384 4524 sunt
1423 4469 1585 4544 (Dan.
1628 4472 1798 4543 xw)?‘
1828 4473 1912 4530 vel
1946 4475 2064 4531 aliis
2093 4504 2142 4563 υ
2168 4477 2328 4532 situm
2358 4475 2502 4544 quod
2546 4489 2578 4528 a
2627 4473 2878 4530 Patribus
2923 4473 3289 4542 suscepimus;
3339 4481 3760 4528 convertentem

486 4555 590 4610 diis
621 4556 858 4627 gentium
886 4559 1250 4628 procidimus?
1277 4561 1393 4616 Non
1420 4571 1546 4618 sunt
1594 4565 1727 4630 haec,
1749 4581 1855 4620 non
1888 4575 2015 4621 sunt
2046 4585 2061 4622 :

483 4646 846 4703 calumnietur
873 4651 1086 4708 nullus:
1117 4655 1369 4723 quoniam
1409 4655 1463 4710 in
1515 4656 1662 4712 nullo
1710 4672 1898 4714 eorum
1942 4675 2063 4730 quae

482 4738 784 4792 consistunt
811 4750 866 4794 et
887 4739 1028 4796 facta
1067 4751 1210 4810 sunt,
1237 4761 1432 4801 nomen
1454 4749 1596 4816 quod
1617 4758 1700 4804 est
1720 4765 1883 4819 super
1901 4765 2062 4806 omne

481 4841 676 4882 nomen
723 4830 951 4900 populus
995 4832 1194 4888 Christi
1235 4851 1403 4906 usque
1451 4837 1632 4902 hodie,
1677 4844 1876 4908 praeter
1927 4856 2058 4896 san-

485 4921 630 4970 etam
657 4919 923 4976 vivificam
949 4921 1288 4989 Trinitatem,
1317 4923 1502 4991 coluit,
1535 4927 1620 4982 vel
1661 4929 1882 4983 servivit
1911 4928 2055 5001 [Gr.,

479 5008 638 5064 latria
668 5012 934 5087 adoravit]
970 5033 982 5069 :
1008 5014 1166 5071 absit.
1185 5014 1319 5070 Nam
1349 5019 1537 5074 modus
1552 5019 1867 5076 idololatriae
1890 5023 2062 5076 mani-

483 5097 655 5154 festus
682 5110 786 5155 est.
817 5101 1141 5160 Christianis
1167 5113 1345 5170 autem
1377 5106 1469 5160 Dei
1495 5107 1794 5164 cultoribus
1820 5110 2059 5164 omnium

486 5188 791 5246 dominator
809 5202 891 5248 est
913 5195 1235 5251 adorandus.
1267 5196 1436 5251 Porro
1447 5197 1490 5252 si
1517 5198 1637 5269 quis
1662 5196 1884 5254 Judaico
1911 5215 2060 5255 more

486 5279 554 5333 ad
577 5283 977 5338 accusationem
1009 5295 1205 5350 motus,
1236 5304 1356 5358 qua:
1387 5288 1515 5343 olim
1568 5298 1756 5344 contra
1795 5289 2059 5346 idolorum

481 5372 718 5428 unltores
752 5375 891 5430 dicta
924 5386 1068 5443 sunt,
1085 5378 1463 5442 diﬂ‘amaverit,
1492 5388 1548 5434 et
1569 5379 1925 5434 idololatriam
1959 5381 2059 5436 Ee-

482 5467 662 5522 clesia:
693 5483 742 5520 nt
765 5475 892 5521 stra'.
917 5470 1228 5540 ascripserit
1255 5487 1319 5526 ex
1349 5471 1735 5528 venerabilium
1768 5473 2056 5544 imaginum
2103 5485 2108 5490 '

482 5557 678 5613 deifico
704 5565 758 5614 et
784 5558 1013 5614 mirabili
1043 5561 1109 5614 ad
1133 5562 1352 5617 meliora
1378 5563 1598 5629 ducatu,
1623 5563 1754 5618 nihil
1783 5563 1924 5620 aliud
1973 5580 2061 5618 ar.-

482 5647 765 5714 bitremur,
789 5666 950 5721 quam
983 5661 1041 5704 ut
1063 5652 1214 5707 canis
1246 5653 1425 5718 latret,
1472 5666 1526 5709 ct
1574 5656 1626 5710 iit
1677 5654 1836 5709 funda
1875 5656 2059 5724 procul

483 5736 726 5805 abjeetus
754 5741 934 5797 audiat
976 5743 1110 5798 sicut
1143 5743 1356 5800 Judams
1383 5763 1393 5797 :
1425 5745 1637 5802 Utinam
1673 5755 1726 5802 et
1756 5746 1916 5803 Israel
1967 5764 2062 5817 per

2167 4581 2261 4621 eos
2288 4566 2380 4636 qui
2411 4567 2478 4620 ad
2503 4565 2772 4621 modicum
2799 4565 2927 4636 quid
2961 4579 3066 4619 non
3104 4563 3487 4619 intellexerunt
3517 4580 3532 4616 :
3558 4579 3595 4616 ο
3623 4562 3764 4632 juge

2164 4658 2417 4728 gaudium
2449 4667 2716 4720 nostrum,
2759 4663 2814 4710 et
2852 4653 3156 4710 communis
3184 4653 3386 4708 utilitas
3410 4660 3464 4707 et
3503 4653 3758 4718 refectio,

2163 4746 2504 4802 sanctissime
2525 4753 2582 4802 et
2603 4743 2856 4801 omnibus
2876 4741 3199 4799 Christianis
3231 4741 3498 4797 amabilis.

2235 4838 2492 4893 Tarasius
2537 4837 2913 4894 sanctissimus
2951 4837 3260 4906 patriarcha
3307 4836 3489 4891 dixit:
3526 4835 3764 4902 Petrum

2164 4930 2405 4986 divinum
2434 4929 2733 5000 apostolum
2764 4927 3068 4993 aemulatus,
3116 4928 3244 4982 tuba
3288 4926 3485 4981 cecinit
3531 4926 3694 4982 nobis
3722 4941 3756 4980 a

2163 5021 2334 5078 Roma
2370 5022 2653 5077 veritatem
2683 5021 2848 5075 etiam
2877 5019 3038 5074 Pater
3063 5019 3166 5074 iste
3193 5019 3401 5074 beatus.

2234 5114 2548 5170 Theodorus
2575 5114 2693 5186 [σν.
2733 5111 3092 5169 Theodosiusl
3115 5113 3604 5170 reverendissimus
3633 5129 3752 5170 mo-

2163 5206 2367 5260 nachus
2387 5215 2444 5260 et
2463 5205 2705 5260 notarius
2727 5204 2883 5275 legit:

2163 5315 2402 5386 Epistola
2442 5313 2693 5386 Germani
2721 5314 3026 5386 beatissimi,
3055 5316 3144 5384 qui
3167 5314 3268 5383 fuit
3290 5315 3595 5386 patriarcha
3617 5314 3750 5369 Con.

2254 5385 2776 5455 stantinopoleos,ad
2825 5383 3083 5438 Joannem
3129 5383 3426 5455 episcopum
3469 5384 3754 5442 Suaden-

2232 5473 2362 5510 8cm.
2381 5471 2384 5473 λ

2225 5566 2528 5639 Ἐρίειοιειιιι
2571 5572 2768 5620 νοείτω
2814 5563 2924 5619 Deo
2949 5565 3298 5622 amabilitatis
3345 5565 3565 5622 tradidit
3591 5564 3750 5620 nobis

2164 5661 2420 5717 Tarasius
2464 5654 2919 5711 laudahi'lissimus
2965 5657 3249 5726 patricius,
3278 5658 3332 5712 in
3359 5673 3467 5728 qua
3497 5657 3743 5712 contine-

2165 5755 2322 5809 batur
2343 5756 2407 5810 de
2439 5756 2548 5810 Deo
2570 5754 2785 5811 amabili
2809 5755 3062 5826 episcopo
3084 5755 3334 5813 Nacoliat.
3361 5755 3744 5825 Significamus
