3924 5644
107 371 187 426 εξι
740 356 1295 416 INTERPRETATIO
1333 354 1580 411 SYNOUI
1621 353 1706 407 vn
1746 350 2151 406 (mutamus.
2200 383 2266 391 —
2306 353 2510 410 AC'flt)
2553 355 2642 412 IV.

3221 350 3330 408 52%

107 495 214 550 ergo
241 476 311 540 ei,
339 472 476 544 quod
500 482 554 527 et
606 479 894 540 antequam
949 468 1380 537 suscepissemus
1435 465 1644 519 litteras
1673 473 1717 529 Α
1749 464 2043 518 humanum
2111 463 2228 532 ejus
2274 464 2669 532 characterem,
2717 476 2772 524 et
2837 467 3088 524 humanm
3131 469 3331 538 speciei

105 579 272 624 vestra:
301 566 408 619 Deo
436 561 803 629 amabilitatis,
836 575 958 617 cum
991 561 1097 614 huc
1123 559 1457 629 pervenisset
1498 557 1641 611 idem

104 664 198 732 ipse
222 658 322 713 Deo
349 653 592 709 amabilis
619 655 920 723 episcopus,
953 650 1021 706 ad
1063 666 1370 707 sermonem
1400 650 1646 705 venimus

104 767 205 805 eum
225 763 316 813 eo,
343 744 696 816 dijudicantes
720 759 937 799 sensum
968 741 1087 811 ejus
1104 781 1120 808 ,
1154 741 1328 812 qualis
1356 740 1647 795 haberetur

103 839 347 897 sententia:
367 850 530 908 super
556 835 641 891 his
665 851 786 905 qua:
809 834 1154 888 audieramus
1174 833 1240 886 de
1272 832 1362 886 illo
1388 849 1401 885 :
1426 840 1480 885 et
1509 831 1649 884 hanc

104 930 231 984 nobis
261 925 530 998 proposuit
552 926 892 980 traditionem
920 921 1063 994 [Gr.,
1094 923 1379 986 rationem,
1404 936 1496 976 seu
1520 935 1650 989 apo-

102 1023 264 1091 logiam
295 1035 308 1072 :
337 1018 601 1073 rationem
629 1016 782 1070 habet
825 1033 924 1070 ms.
973 1014 1110 1086 101.]
1151 1017 1534 1084 (opportunum
1565 1019 1651 1066 est

102 1110 237 1170 enim,
286 1116 344 1162 ut
379 1107 564 1162 omnia
613 1107 881 1161 subtiliter
931 1105 1298 1177 signiﬁcemus
1347 1104 1455 1157 Deo
1500 1119 1653 1157 amas

104 1199 263 1254 bilitati
299 1199 421 1271 tum)
454 1199 600 1269 quod
631 1199 869 1254 audisset
908 1199 1142 1253 divinam
1186 1197 1522 1266 Scripturam
1567 1195 1649 1250 di-

70 1267 316 1370 !centem:
348 1267 487 1346 Non—
506 1293 668 1361 facies
705 1307 906 1345 omnem
937 1289 1366 1353 similitudinem,
1408 1289 1476 1342 ad
1518 1288 1650 1341 ado-

101 1386 288 1438 randum
323 1401 458 1451 eam,
507 1401 685 1438 eorum
726 1401 844 1451 qua:
883 1399 1092 1438 sursum
1131 1384 1185 1436 in
1231 1382 1358 1436 caelo
1400 1391 1447 1435 et
1493 1397 1650 1452 super

99 1487 260 1528 terram
297 1485 414 1529 sunt
464 1472 666 1546 (Exod.
715 1475 827 1544 xx).
874 1473 1072 1528 Contra
1122 1470 1262 1544 [Gr.,
1311 1471 1494 1544 Juxta]
1548 1473 1647 1527 hoc

99 1566 205 1630 dixi,
231 1567 348 1635 quia
377 1581 486 1620 non
531 1575 747 1636 oportet
791 1567 1017 1621 adorare
1068 1565 1396 1631 tuanul‘acta,
1441 1566 1495 1619 id
1540 1575 1644 1627 est,

99 1671 196 1723 qum
242 1656 305 1711 ab
357 1656 672 1713 hominibus
727 1667 854 1712 sunt
907 1656 1174 1712 confecta.
1245 1655 1377 1710 Nam
1429 1665 1648 1711 sanctos

99 1747 264 1801 Christi
307 1757 598 1819 martyres,
645 1763 803 1804 veras
828 1748 950 1802 ﬁdei
991 1748 1334 1818 margaritas,
1363 1747 1510 1802 onmi
1545 1747 1644 1802 hu-

1747 571 1907 625 quam
1938 571 2034 625 per
2057 570 2276 610 carnem
2304 557 2564 628 suscepit,
2585 559 2900 630 imaginem,
2921 568 2978 616 et
2999 575 3108 615 non
3130 560 3334 615 incom-

1745 647 2126 720 prehensibilis
2153 649 2293 720 ejus,
2321 659 2376 704 et
2403 651 2688 708 invisibilis
2713 653 2930 709 deitatis
2947 695 2964 720 ,
3008 653 3332 722 formantes,

1749 742 1879 797 hinc
1928 757 2050 812 quae
2076 752 2204 797 sunt
2227 743 2350 798 ﬁdei
2381 753 2772 816 repraesentare
2804 763 3060 819 urgemur
3107 746 3330 820 [satagi-

1748 832 1914 904 mus],
1940 834 2289 890 ostendentes
2317 837 2459 904 quod
2492 853 2597 892 non
2631 852 2726 908 per
2757 838 3104 907 phantasiam
3128 848 3186 895 et
3209 854 3328 894 um-

1749 924 1961 980 bratice
1989 933 2243 979 naturam
2266 934 2510 980 nostram
2551 927 2655 982 sibi
2685 929 2940 995 univerit,
2969 931 3329 999 quemadmo-
3421 995 3423 997 1

1749 1016 1878 1070 dum
1937 1016 2158 1086 quidam
2228 1017 2574 1087 antiquorum
2645 1018 3027 1076 haereticorum
3086 1031 3334 1078 errantes

1749 1109 2251 1180 dogmatizaverunt
2279 1127 2292 1162 :
2326 1111 2418 1164 sed
2441 1110 2585 1180 quod
2616 1112 2728 1182 ipsa
2753 1129 2811 1168 re
2836 1128 2900 1169 ac
2920 1113 3150 1168 veritate
3172 1113 3335 1168 homo

1750 1197 1823 1251 sit
1843 1197 2118 1268 perfectus
2143 1213 2242 1267 per
2269 1199 2468 1262 omnia,
2513 1210 2741 1270 excepto
2767 1203 2881 1257 solo
2911 1210 3157 1271 peccato,
3188 1199 3337 1271 quod

1749 1289 2074 1342 seminatnm
2096 1297 2181 1342 est
2211 1289 2365 1343 nobis
2391 1305 2457 1343 ex
2489 1291 2726 1346 inimico.
2758 1292 2852 1347 Est
2876 1292 2977 1348 hoc
3013 1308 3174 1348 sensu
3201 1301 3332 1348 tutae

1749 1380 1872 1434 ﬁdei
1920 1394 2080 1448 quam
2129 1381 2182 1434 in
2228 1381 2378 1436 illum
2405 1383 2690 1448 habemus,
2721 1393 2923 1440 sanctae
2953 1385 3124 1455 ipsius
3145 1387 3328 1442 carnis

1748 1469 2125 1524 characterem
2151 1470 2205 1524 in
2235 1471 2562 1542 imaginibus
2584 1472 2903 1543 formantes,
2928 1484 2981 1529 et
3012 1475 3334 1540 salutamus,

1747 1569 1802 1615 et
1830 1561 2074 1614 omnium
2105 1561 2248 1616 cultu
2279 1576 2344 1616 ac
2373 1563 2579 1618 honore
2601 1564 2812 1619 decenti
2836 1565 3055 1636 dignum
3086 1565 3334 1622 decerni-

1749 1664 1890 1713 mus,
1916 1649 1969 1703 in
1998 1650 2434 1705 recordationem
2467 1652 2592 1707 hinc
2639 1654 2922 1709 venientes
2951 1656 3148 1710 divinae
3189 1656 3335 1712 illius

1749 1751 1803 1796 et
1831 1740 2055 1796 viviﬁcae
2083 1756 2146 1794 ac
2171 1739 2458 1798 ineﬁ‘abilis
2496 1743 2905 1800 incarnationis.
2949 1744 3210 1801 Similiter
3239 1762 3338 1800 au-

100 1855 204 1893 nore
241 1840 422 1911 dignos
449 1818 803 1906 ῥινωιηιηυιι,
825 1851 880 1896 ει
907 1841 1325 1895 intercessiones
1347 1856 1532 1896 eorum
1559 1841 1643 1894 in-
1675 1818 1722 1878 Β
1752 1841 1862 1887 tem
1895 1841 1949 1886 et
1988 1833 2322 1888 intemerata:
2360 1836 2656 1888 secundum
2705 1851 2927 1891 carnem
2976 1838 3166 1891 matris
3209 1839 3327 1907 ejus

96 1944 329 1985 vocamus.
354 1929 436 1986 Ad
467 1932 588 1986 haec
631 1931 793 2003 igitur
838 1947 936 1986 nos
977 1932 1354 2001 respondimus
1396 1933 1443 1986 ei
1475 1947 1488 1985 :
1517 1932 1644 2002 quia

97 2021 489 2077 Christianorum
513 2023 651 2079 ﬁdes
674 2032 729 2080 et
758 2023 934 2078 cultus
957 2032 1014 2078 et
1035 2023 1278 2079 adoratio
1301 2024 1352 2078 in
1375 2040 1539 2078 unum
1562 2031 1648 2079 est

97 2111 303 2166 etsolum
325 2113 517 2174 Deum,
549 2114 694 2168 sicut
715 2113 976 2184 scriptum
1005 2122 1089 2168 est
1114 2130 1127 2167 :
1170 2112 1450 2166 Dominum
1476 2113 1645 2167 Deum

97 2211 212 2251 ηιωη
229 2201 487 2265 adorabis,
516 2211 570 2256 et
595 2203 694 2272 ipsi
715 2201 815 2257 soli
837 2204 1028 2256 servies
1061 2203 1238 2269 (Deut.
1269 2200 1373 2272 vr);
1405 2213 1459 2256 et
1484 2203 1647 2273 glori-

98 2289 242 2344 ﬁcatio
271 2300 470 2355 nostra,
505 2291 905 2362 et'obsequium
943 2301 1184 2346 nostrum
1216 2291 1315 2361 ipsi
1348 2292 1445 2345 soli
1475 2290 1642 2346 oti‘er-

98 2387 165 2431 tur
189 2388 283 2433 tam
307 2396 334 2433 a
359 2381 572 2436 sanctis
594 2382 685 2452 qui
710 2383 762 2436 in
792 2382 944 2437 cmlis
966 2391 1115 2448 sunt,
1137 2391 1191 2436 et
1221 2382 1646 2452 intelligibilihus

97 2469 602 2545 incorporalibusqne
650 2474 962 2539 virtutibus,
1009 2489 1171 2544 quam
1216 2475 1284 2529 ab
1321 2475 1423 2540 eis,
1453 2475 1542 2544 qui
1591 2475 1644 2530 in

97 2565 209 2611 terra
235 2575 348 2614 cum
372 2571 560 2618 essent
589 2560 769 2634 [sint],
794 2564 936 2617 viam
962 2572 1333 2634 cognoverunt
1361 2565 1603 2619 veritatis
1626 2579 1641 2619 :

97 2652 505 2718 quemadmodum
560 2662 617 2708 et
656 2654 711 2708 in
757 2654 1001 2709 ecclesiis
1026 2653 1250 2718 Christi,
1299 2670 1418 2724 quae
1447 2655 1643 2724 ubique

95 2739 246 2808 posita:
267 2751 411 2808 sunt,
435 2752 631 2798 sancta
663 2743 911 2798 laudatur
957 2752 1013 2798 et
1050 2742 1388 2814 gloriﬁcatur
1408 2743 1645 2800 Trinitas

95 2831 134 2883 in
163 2833 395 2904 singulari
424 2835 804 2890 dominatione
818 2851 884 2891 ac
911 2836 1111 2890 deitate
1136 2852 1150 2888 :
1175 2837 1471 2890 secundum
1496 2837 1639 2905 quod

94 2933 136 2977 et
159 2941 278 2979 llnllS
319 2942 348 2981 a
397 2926 560 2982 nobis
597 2926 740 2982 Deus
771 2928 1098 2998 pmdicatur
1125 2935 1180 2982 et
1209 2939 1420 2983 nonest
1449 2921 1645 2998 praeter

93 3031 189 3068 eum
217 3018 298 3086 qui
327 3018 645 3072 dominetur
693 3018 745 3072 in
786 3027 1068 3088 potentatu
1098 3033 1196 3074 suo
1242 3018 1459 3082 saeculo,
1494 3026 1547 3073 et
1573 3033 1641 3072 ex

93 3123 174 3160 non
201 3109 533 3164 exstantibus
570 3109 772 3173 omnia,
819 3117 877 3163 ut
918 3119 1118 3170 essent,
1164 3109 1436 3178 produxit,
1479 3117 1639 3178 quot-

1748 1930 1951 1978 sauctae
1972 1923 2064 1977 Dei
2091 1921 2368 1994 genitricis
2387 1921 2540 1991 juxta
2563 1927 2809 1980 emndem
2833 1927 3050 1981 modum
3081 1928 3326 1997 depingi-

1746 2031 1869 2070 mus
1913 2014 2345 2079 similitudinem,
2389 2016 2756 2081 ostendentes,
2812 2019 2936 2086 quia
2981 2033 3103 2072 cum
3137 2018 3331 2073 mulier

1747 2117 1894 2162 esset
1919 2116 2133 2171 natura,
2163 2122 2214 2162 et
2239 2118 2499 2162 extranea
2541 2124 2734 2163 massae
2759 2119 2958 2165 nostrzc
2994 2111 3217 2166 minime
3245 2111 3327 2165 fa-

1747 2209 1856 2265 cta,
1885 2199 2051 2253 Deum
2095 2198 2414 2253 invisibilem
2441 2208 2497 2253 et
2525 2210 2720 2254 cuncta
2762 2199 3132 2255 moderantem
3169 2215 3334 2271 super

1747 2305 1964 2345 omnem
2011 2304 2232 2345 sensum
2277 2298 2332 2363 et.
2374 2290 2652 2344 hominum
2691 2300 2748 2345 et
2785 2292 3097 2360 angelorum
3141 2291 3194 2345 in
3237 2306 3338 2345 suo

1747 2383 1994 2452 concepit
2025 2391 2199 2448 utero,
2227 2391 2283 2438 et
2312 2397 2378 2437 ex
2409 2397 2466 2437 se
2489 2384 2828 2439 incarnatum
2862 2385 3088 2454 peperit.
3125 2384 3335 2438 Etenim

1748 2482 1808 2528 ut
1853 2473 2071 2544 proprie
2116 2488 2180 2528 ac
2219 2473 2484 2528 veraciter
2525 2483 2752 2528 matrem
2806 2474 2898 2528 Dei
2944 2474 3054 2528 veri
3109 2473 3338 2528 colimus

1747 2578 1890 2629 eam,
1917 2573 1972 2618 et
1999 2563 2432 2632 magniticamus,
2479 2572 2535 2618 et
2573 2564 2717 2617 omni
2747 2563 2943 2618 visibili
2978 2580 3042 2618 ac
3081 2563 3336 2617 invisibili

1747 2665 1996 2712 creatura
2025 2656 2359 2726 superiorem
2387 2656 2734 2713 arbitramur.
2764 2656 2832 2710 Et
2877 2667 3094 2711 sanctos
3117 2671 3332 2726 quoque

1750 2756 2019 2818 martyres
2044 2745 2278 2809 Christi,
2309 2745 2582 2816 apostolos
2607 2756 2660 2800 et
2690 2747 3005 2815 prophetas,
3037 2761 3332 2800 conservos

1747 2838 1964 2907 quidem
2024 2845 2241 2892 nostros
2278 2845 2338 2912 et,
2373 2851 2530 2891 veros
2578 2835 2806 2891 famulos
2859 2836 2951 2890 Dei
3004 2835 3198 2897 factos,
3235 2849 3327 2890 ac-

1747 2930 1999 2999 tibusque
2055 2928 2210 2983 bonis
2273 2936 2330 2983 et
2371 2928 2753 2997 praedicatione
2803 2928 3080 2992 veritatis,
3133 2938 3187 2982 et
3231 2942 3330 2997 pa-

1747 3019 1935 3075 tientia
1989 3019 2041 3072 in
2098 3018 2471 3087 passionibus,
2537 3034 2672 3088 quas
2720 3034 2816 3088 pro
2868 3019 2983 3088 ipso
3033 3018 3142 3072 Deo
3202 3033 3324 3086 per—

1746 3112 2008 3177 tulerunt,
2057 3111 2312 3182 probatos
2351 3120 2406 3165 et
2444 3111 2649 3164 amicos
2674 3110 2768 3164 Dei
2811 3121 3078 3175 ostensos,
3105 3119 3160 3164 et
3198 3109 3334 3164 mul-

93 3208 195 3266 quot
219 3200 440 3254 visibilia
471 3209 536 3255 et
561 3199 850 3254 invisibilia
881 3211 1034 3264 sunt;
1062 3200 1114 3253 id
1137 3208 1242 3264 est,
1277 3199 1437 3253 Pater
1471 3209 1525 3253 et
1550 3197 1644 3253 Fi-

1751 3215 1859 3259 tam
1913 3181 2165 3259 ﬁduciam
2201 3203 2340 3272 apud
2395 3217 2516 3256 eum
2553 3210 2878 3258 consecutos
2916 3202 3252 3256 admiramur
3280 3209 3337 3254 et

92 3289 170 3343 lius
189 3300 233 3345 et
263 3291 497 3361 Spiritus
537 3303 791 3356 sanctus,
822 3301 1010 3346 sancta
1043 3290 1252 3344 scilicet
1283 3291 1643 3345 consubstan-

93 3382 204 3436 tialis
221 3393 270 3438 et
295 3383 506 3438 viviﬁca
537 3383 803 3438 Trinitas.
852 3383 908 3436 In
957 3397 1120 3452 quam
1146 3383 1311 3436 etiam
1342 3382 1640 3446 credentes,

93 3482 134 3526 et
155 3490 294 3542 quam
322 3475 672 3538 conﬁtentes,
713 3473 974 3544 baptizati
1005 3488 1190 3528 sumus
1220 3473 1273 3527 in
1306 3473 1523 3527 nomine
1545 3473 1645 3526 Pa-

92 3563 168 3616 tris
188 3573 235 3618 et
253 3563 369 3618 Filii
393 3574 450 3620 et
479 3563 724 3634 Spiritus
751 3563 923 3618 sancti
953 3561 1170 3626 (Matth.
1209 3563 1426 3634 xxvur),
1451 3577 1642 3632 quem-

93 3654 338 3710 admodum
380 3655 616 3711 tradidit
661 3655 776 3726 ipse
818 3657 962 3710 Deus
990 3652 1245 3718 Verbum,
1273 3656 1364 3724 qui
1394 3655 1646 3709 incarna-

93 3750 158 3795 tus
183 3754 271 3804 est.
296 3746 566 3800 Dominus
587 3744 839 3799 videlicet
862 3753 1049 3800 noster
1067 3742 1227 3799 Jesus
1255 3743 1522 3808 Christus,
1550 3744 1641 3813 qui

91 3846 202 3887 unus
226 3844 303 3889 est
328 3837 580 3905 ejusdem
621 3844 823 3890 saneta:
865 3844 920 3890 et
970 3835 1530 3904 incomprehensibilis
1559 3835 1643 3890 di-

90 3924 200 3980 vina:
225 3927 508 3984 Trinitatis
545 3944 561 3983 :
597 3938 652 3984 et
681 3945 784 3983 non
815 3939 1096 3984 creaturas
1136 3931 1422 3985 adoramus
1455 3929 1640 4002 (absit)

91 4027 231 4083 neque
276 4017 546 4072 culturam
594 4033 716 4087 qua).
746 4019 952 4074 deiﬁcae
1000 4019 1354 4074 dominationi
1393 4020 1642 4084 debetur,

91 4103 143 4156 ad
187 4121 468 4164 conservos
516 4107 869 4163 inﬁectimus.
927 4108 1112 4178 Neque
1163 4111 1306 4164 enim
1359 4124 1511 4181 reges
1559 4111 1644 4165 vel

92 4194 324 4268 principes
347 4201 400 4254 in
432 4209 587 4255 terra
619 4201 930 4265 adorantes,
969 4202 1236 4272 aequalem
1271 4203 1642 4257 adorationem

92 4283 131 4335 ei
152 4299 292 4352 quam
332 4287 443 4342 Deo
484 4288 836 4355 exhibemus,
887 4290 1068 4347 facere
1102 4293 1397 4348 noscimur.
1429 4294 1644 4349 Etenim

94 4369 267 4429 Nathan
309 4380 636 4449 prophetam
684 4391 900 4437 constat
941 4399 1102 4453 super
1150 4393 1350 4439 terram
1390 4386 1644 4443 adorasse

95 4460 230 4519 Datid
253 4467 526 4524 hominem
550 4472 871 4529 cxistentem
887 4484 940 4528 et
957 4489 1138 4545 regem
1167 4474 1250 4545 (11
1259 4474 1288 4528 I
1309 4475 1432 4547 Reg.
1452 4477 1524 4545 1);
1551 4479 1643 4533 sed

1745 3295 2140 3360 beatiﬁcamus,
2180 3302 2237 3348 et
2265 3293 2331 3348 ad
2355 3293 2784 3348 recordationem
2828 3291 3096 3346 virilitatis
3121 3306 3333 3353 eorum,

1747 3403 1813 3442 ac
1874 3401 2147 3458 germana:
2193 3385 2342 3440 circa
2392 3383 2560 3438 Deum
2610 3383 2908 3446 servitutis,
2955 3381 3338 3437 similitudines

1747 3491 1934 3531 eorum
1959 3475 2331 3544 depingimus:
2365 3489 2470 3526 non
2515 3487 2609 3528 eos
2632 3480 2691 3526 ut
2734 3472 2926 3526 divina:
2954 3480 3158 3524 naturae
3184 3485 3335 3524 com-

1747 3566 2112 3621 municatores
2155 3564 2585 3634 pronuntiantes,
2628 3561 2866 3622 debitqu
2919 3561 3122 3627 deiﬁcze
3153 3559 3338 3634 gloria:

1713 3713 1716 3716 ,
1748 3666 1911 3726 atque
1932 3655 2185 3727 potestati
2210 3656 2467 3710 honorem
2493 3664 2548 3708 et
2598 3653 2966 3734 adorationem
2987 3651 3094 3720 illis
3126 3653 3336 3722 impen-

1748 3746 1925 3802 dimus
1951 3763 1965 3812 ;
1996 3746 2090 3801 sed
2115 3760 2359 3800 amorem
2387 3752 2655 3808 nostrum,
2685 3758 2843 3813 quem
2877 3743 3019 3798 circa
3047 3757 3140 3797 eos
3168 3743 3336 3811 hahe-

1747 3853 1888 3902 mus,
1927 3853 2026 3908 pcr
2055 3838 2157 3892 hoc
2186 3837 2637 3901 demonstrantes,
2668 3851 2787 3905 qua:
2814 3849 2910 3905 per
2939 3833 3179 3888 auditum
3210 3848 3337 3888 vera

1746 3946 1868 3986 esse
1908 3930 2203 3993 credimus,
2250 3929 2365 3984 haec
2395 3937 2449 3984 et
2497 3944 2593 3996 per
2617 3928 2839 3999 pictum
2874 3928 3228 3982 imitationem
3267 3927 3337 3981 ad

1749 4026 2043 4081 ﬁrmiorem
2089 4025 2470 4080 eertitudiuem
2503 4034 2743 4080 nostram
2791 4027 3095 4080 statuimus.
3122 4025 3336 4080 Etenim

1748 4132 1912 4172 carne
1941 4131 2006 4171 ae
2039 4117 2300 4186 Sanguine
2331 4116 2584 4181 connexi,
2633 4124 2688 4170 et
2715 4131 2811 4185 per
2837 4117 3094 4171 visionem
3131 4133 3192 4171 ea
3216 4131 3338 4186 qua

1748 4210 1945 4264 animae
1968 4207 2284 4264 satisfacere
2323 4217 2568 4278 possunt,
2600 4207 2905 4262 certissime
2932 4223 3160 4264 noscere
3187 4223 3336 4264 com-

1748 4299 2000 4369 pellimur
2023 4297 2166 4370 [Gr.,
2191 4299 2352 4355 etiam
2383 4314 2480 4369 per
2498 4299 2596 4353 vis.
2629 4298 2838 4368 plenam
2890 4301 3084 4354 animae
3139 4307 3337 4354 nostra:

1748 4389 2125 4463 eertitudiuem
2180 4389 2504 4465 conﬁrmare
2561 4387 2886 4459 studemus].
2944 4388 3077 4443 Nam
3129 4398 3186 4443 et
3235 4389 3336 4458 ipsi

1749 4481 1925 4537 sancti
1948 4481 2043 4535 Dei
2074 4480 2128 4534 in
2153 4495 2317 4535 unum
2342 4489 2398 4534 et
2424 4478 2596 4534 solum
2629 4479 2798 4534 Deum
2829 4481 3143 4535 servitutem
3173 4490 3336 4549 atque

95 4570 179 4610 non
205 4559 312 4615 ideo
332 4562 717 4628 accusabitur,
746 4567 898 4634 quasi
930 4567 1021 4636 qui
1052 4568 1322 4623 hominem
1356 4579 1644 4624 veneratus
1674 4559 1722 4618 D
1747 4569 2194 4641 gloriﬁcatiouem
2235 4577 2290 4622 et
2326 4569 2698 4623 adorationem
2749 4579 3157 4632 conservantes,
3182 4577 3236 4623 et
3265 4571 3335 4632 ad

95 4645 150 4698 sit
177 4661 353 4717 praeter
394 4653 587 4708 Deum.
622 4653 806 4724 Neque
851 4656 1146 4727 imaginum
1191 4658 1477 4724 facturam,
1523 4675 1645 4728 quae

97 4751 173 4805 per
195 4756 360 4796 ceram
405 4753 461 4798 et
509 4745 724 4800 coldres
777 4745 1094 4812 formantur,
1141 4749 1195 4803 in
1233 4750 1641 4806 subversionem

98 4829 405 4896 perfectionis
430 4851 556 4904 qua:
577 4836 724 4890 circa
751 4838 994 4892 divinum
1021 4838 1251 4895 efﬁcitur
1275 4839 1480 4895 cultum
1503 4882 1518 4905 ,
1544 4842 1642 4896 ad-

99 4919 340 4979 mittimus.
384 4925 577 4996 Neque
601 4927 749 4981 euim
778 4927 1064 4986 invisibilis
1105 4930 1330 4986 deitatis
1353 4931 1642 5004 imaginem

101 5017 142 5061 et
158 5011 568 5080 similitudinem,
617 5016 704 5071 vel
747 5020 963 5074 schema
1006 5021 1090 5076 vel
1137 5022 1366 5092 ﬁguram
1404 5023 1642 5094 aliquam

101 5097 379 5172 formamus,
413 5123 579 5177 quam
609 5123 682 5163 ne
725 5109 956 5178 ipsorum
982 5123 1300 5169 sanctorum
1329 5117 1645 5185 angelorum

103 5197 319 5257 sublimes
351 5205 575 5260 ordines
603 5205 946 5262 considerare
976 5218 1032 5265 et
1072 5208 1404 5278 investigare
1433 5213 1650 5282 penitus

103 5287 683 5365 valerrLSedquoniam
719 5296 1019 5368 unigenitus
1065 5301 1262 5365 Filius,
1315 5304 1409 5372 qui
1461 5316 1546 5364 est
1594 5303 1649 5357 in

105 5376 199 5465 sinu
218 5379 402 5449 Patris,
434 5399 707 5440 revocans
732 5389 996 5456 proprium
1023 5393 1342 5465 ﬁgmentum
1387 5409 1418 5449 a
1457 5396 1652 5454 mortis

103 5463 426 5558 damnatione,
471 5473 815 5542 bcneplacito
844 5476 1020 5537 Patris
1069 5463 1358 5550 sanctique
1406 5483 1650 5558 Spiritus

99 5551 235 5644 homo
255 5561 499 5632 dignatus
524 5575 609 5619 est
652 5562 789 5630 ﬁeri,
825 5568 1069 5629 similiter
1096 5571 1259 5627 nobis
1285 5551 1650 5644 participatus

1749 4667 1852 4720 hoc
1883 4677 2073 4719 omnes
2095 4663 2426 4718 advocantes
2454 4672 2618 4733 atque
2645 4665 2920 4729 docentes,
2951 4680 3105 4720 suum
3135 4663 3337 4719 eﬁ'ude-

1749 4761 1874 4808 runt
1905 4751 2244 4821 sanguinem,
2279 4761 2334 4807 et
2379 4767 2524 4808 verae
2569 4752 2928 4809 confessionis
2955 4769 3153 4810 corona
3196 4753 3339 4810 redi—

1750 4843 1866 4898 miti
1889 4851 2031 4899 sunt.
2084 4840 2184 4898 llic
2220 4852 2303 4899 est
2347 4845 2540 4921 modus
2577 4843 2948 4902 faciendarum
2995 4845 3335 4916 imaginum:

1751 4952 1856 4990 non
1885 4951 1993 5006 quo
2021 4936 2298 5004 decentem
2336 4936 2864 5008 incomprehensibili
2895 4947 2951 4996 et
2981 4936 3341 4997 inaccessibili

1751 5027 1938 5082 deitati
1962 5027 2012 5081 in
2043 5026 2238 5095 spiritu
2279 5036 2334 5082 et
2361 5031 2594 5084 veritate
2624 5026 2998 5085 adorationem
3047 5028 3343 5087 transfera-

1753 5133 1874 5173 mus
1906 5119 1959 5174 in
1995 5117 2332 5174 manufactas
2362 5119 2646 5193 imagines,
2675 5117 2756 5172 vel
2808 5125 2949 5180 artis
2973 5137 3139 5195 opera
3171 5121 3346 5177 horni—

1753 5225 1905 5277 num,
1940 5209 2022 5263 vel
2053 5212 2275 5265 omnino
2305 5209 2358 5264 in
2384 5227 2480 5269 eas
2505 5225 2624 5282 quae
2656 5224 2685 5263 a
2713 5210 2825 5265 Deo
2855 5213 3012 5274 facta:
3037 5223 3162 5272 sunt
3190 5228 3347 5269 crea-

1755 5312 1891 5359 turae
1920 5304 2032 5360 sive
2064 5301 2118 5355 in
2167 5302 2490 5369 visibilihus,
2537 5303 2650 5358 sive
2703 5301 2758 5355 in
2806 5304 3201 5364 invisibilibus:
3249 5302 3346 5360 sed

1754 5409 1862 5462 quo
1894 5393 2258 5457 dilectionem,
2288 5408 2450 5462 quam
2477 5395 2996 5464 justepossidemus
3022 5401 3164 5456 circa
3189 5407 3349 5452 verus

1751 5499 1940 5542 servos
1982 5485 2077 5539 Dei
2116 5483 2308 5547 nostri,
2357 5499 2454 5554 per
2481 5486 2641 5543 talem
2684 5489 2908 5548 modum
2962 5496 3347 5548 monstrantes,

1753 5592 1848 5644 per
1881 5582 2092 5636 illorum
2124 5578 2384 5636 honorem
2431 5581 2486 5635 in
2520 5582 2688 5638 Deum
2735 5584 2828 5644 qui
2869 5587 3049 5642 abhis
3073 5578 3347 5644 gloriﬁca:
