3924 5560
613 370 722 428 39.3

1743 367 1748 370 ’
1784 372 2144 432 ἎΝΑΒΤΑὸΙΙ
2184 374 2723 434 BIBLIOTHECARII

3755 384 3836 440 ’5⁵13

611 493 669 540 et
701 497 800 540 nos
838 482 1142 539 tmrtatores
1169 480 1444 537 virilitatis
1476 495 1664 536 eorum
1690 491 1748 536 et
1771 481 2056 539 charitatis
2079 500 2201 554 quae
2227 490 2276 549 Α
2307 485 2554 540 notarius
2599 492 2655 540 et
2681 483 3044 556 scevophyiax
3073 485 3458 541 venerabilium
3495 487 3841 557 .patriarchieo-

612 577 668 632 in
694 576 863 633 Deum
891 585 995 640 est,
1019 591 1115 644 per
1133 575 1271 630 bona
1299 590 1462 644 opera
1487 583 1542 627 et
1569 573 1982 643 refragationem
2009 585 2200 632 contra

580 668 741 724 vitia
778 668 1232 723 demonstremur.
1287 666 1449 722 Juxta
1475 682 1606 737 ergo
1635 667 1777 721 hunc
1825 668 2040 722 modum
2066 669 2201 724 ima-

608 760 797 830 ginum
846 757 1139 814 fracturam
1186 759 1239 812 in
1285 759 1526 813 Ecclesia
1583 757 1784 812 Christi
1840 757 1976 826 ﬁeri,
2007 769 2062 814 et
2091 776 2198 815 non

607 849 824 904 aliunde
852 863 950 903 nos
971 864 1089 917 qua:
1112 859 1237 903 sunt
1249 848 1441 903 salutis
1466 857 1806 918 exspectare,
1830 850 2198 920 unusquisque

609 941 911 996 certissime
939 942 1170 1005 noverit,
1203 952 1312 995 tam
1366 941 1418 995 in
1451 941 1647 996 visibili
1680 943 1897 1004 mundo,
1949 959 2110 1013 quam
2142 944 2195 997 in

607 1031 790 1089 futuro
825 1033 1039 1096 sarculo,
1088 1035 1190 1089 nisi
1242 1049 1272 1088 a
1323 1034 1437 1089 solo
1483 1034 1760 1104 unigenito
1789 1033 1925 1090 Filio
1965 1035 2057 1090 Dei
2090 1051 2195 1090 una
2259 1076 2266 1082 .

607 1137 730 1179 cum
754 1125 914 1180 Patre
941 1134 998 1179 et
1031 1125 1234 1195 Spiritu
1268 1134 1478 1190 sancto,
1527 1125 1620 1194 qui
1649 1124 1828 1179 divina
1868 1125 2007 1178 dona
2036 1123 2198 1196 largi-

606 1222 717 1270 tur.
744 1213 929 1283 Neque
975 1214 1118 1268 enim
1147 1213 1289 1267 aliud
1320 1229 1514 1267 nomen
1551 1223 1636 1267 est
1655 1213 1838 1267 datum
1865 1213 2193 1280 hominibus,

605 1304 660 1358 in
695 1319 805 1373 quo
851 1320 949 1359 nos
978 1304 1156 1359 salvos
1187 1304 1299 1357 ﬁeri
1348 1314 1598 1373 oporteat
1643 1304 1784 1375 (Act.
1823 1304 1919 1375 tv).
1948 1303 2117 1360 Porro
2141 1313 2195 1360 et

602 1396 650 1451 si
691 1397 900 1451 Domini
927 1405 982 1452 et
1009 1396 1306 1452 Salvatoris
1331 1398 1524 1462 nostri,
1551 1407 1606 1452 et
1635 1397 1970 1454 intemerata:
2007 1397 2195 1455 Matris

601 1488 738 1559 ejus,
791 1503 912 1558 qua:
961 1504 1090 1543 vere
1116 1490 1207 1543 Dei
1251 1489 1484 1560 genitrix
1509 1497 1616 1554 est,
1658 1498 1715 1543 et
1740 1499 2047 1546 sanctorum
2077 1491 2195 1563 ejus

601 1582 867 1652 imagines
915 1583 1228 1644 salutamus,
1290 1582 1382 1637 sed
1437 1597 1542 1636 non
1590 1584 1884 1638 secundum
1943 1586 2191 1640 eumdem

601 1670 852 1728 aﬁ‘ectum
889 1675 1056 1728 etiam
1089 1673 1245 1728 ﬁdem
1276 1673 1420 1728 circa
1466 1673 1585 1728 illos
1614 1674 1758 1743 ipsos
1784 1675 2058 1730 habemus.
2089 1674 2193 1730 Ve-

599 1772 906 1820 rumtamen
955 1766 1120 1821 Deum
1151 1767 1368 1836 quidem
1416 1767 1662 1822 novimus
1697 1766 1836 1839 [Gr.,
1869 1770 2034 1824 Demn
2065 1770 2190 1841 qui-

602 1856 724 1910 dem
751 1856 901 1912 illum
931 1857 1080 1932 nov.]
1107 1861 1223 1915 sine
1249 1860 1403 1914 initio
1427 1870 1482 1915 et
1516 1861 1806 1928 inﬁnitum,
1854 1873 1909 1918 et
1951 1864 2003 1918 in
2026 1880 2186 1919 manu

597 1945 780 1999 omnia
808 1948 1199 2011 continentem,
1243 1948 1612 2018 [actoremque
1643 1939 1885 2004 nostrum
1926 1960 1982 2005 et
2007 1953 2185 2008 omnis

598 2044 880 2102 creaturae,
911 2046 967 2090 et
1011 2039 1278 2092 veraciter
1317 2039 1640 2094 salvatorem
1676 2040 1867 2104 Deum,
1898 2040 2183 2097 habentem

593 2136 915 2196 potestatem
948 2129 1000 2182 in
1025 2128 1163 2184 cmlo
1203 2138 1257 2183 et
1286 2130 1339 2183 in
1370 2139 1533 2194 terra,
1559 2145 1655 2200 pro
1680 2146 1878 2202 genere
1909 2133 2182 2188 hominum

594 2217 933 2272 inearnatum
975 2217 1161 2273 fuisse.
1195 2219 1364 2274 Porro
1419 2220 1558 2274 hanc
1589 2220 1863 2284 ancillam,
1895 2230 1945 2275 et
1970 2223 2184 2292 proprie

594 2317 822 2364 matrem
877 2308 1013 2377 ejus,
1043 2325 1106 2364 ac
1137 2303 2036 2381 intercessionem.potentissimam
2085 2329 2182 2383 ge-

593 2399 744 2456 neris
781 2403 949 2456 nostri
993 2401 1334 2470 suscipimus.
1365 2401 1522 2456 lllum
1548 2403 1763 2471 quidem
1793 2411 1852 2456 ut
1876 2404 2179 2458 dominato-

591 2508 729 2558 rem,
762 2503 816 2549 et
838 2509 957 2564 quae
1001 2493 1190 2550 salutis
1229 2504 1430 2550 nostra:
1471 2504 1598 2548 sunt
1638 2493 2002 2561 tribuentem;
2039 2496 2180 2552 hanc

591 2599 720 2640 vero
770 2595 829 2640 ut
877 2594 1117 2641 materne
1170 2601 1270 2656 pro
1313 2586 1468 2642 nobis
1510 2596 1818 2658 petentem:
1868 2597 1921 2641 et
1964 2599 2179 2644 sanctos

588 2689 802 2741 omnes,
847 2685 1100 2745 tanquam
1145 2690 1438 2732 conservos
1461 2675 1680 2746 quidem
1719 2685 1949 2733 nostros.
1979 2687 2034 2731 et
2082 2695 2178 2733 no-
2247 2705 2250 2708 ~

589 2775 718 2821 atra:
750 2777 956 2822 natura:
979 2769 1363 2834 consistentes,
1393 2771 1488 2824 sed
1520 2768 1794 2838 placentes
1824 2769 1954 2835 Deo,
1985 2785 2175 2840 quem-

585 2859 872 2914 admodum
910 2861 1222 2930 praedictum
1255 2870 1360 2926 est,
1391 2871 1445 2915 et
1473 2875 1756 2931 supernam
1786 2862 2170 2918 conﬁdentiam

583 2959 643 3006 et
665 2951 1048 3006 beatitudinem
1081 2953 1219 3022 apud
1258 2968 1380 3007 eum
1412 2953 1657 3024 adeptos,
1701 2963 1754 3009 et
1780 2955 2011 3025 gratiam
2042 2961 2200 3010 con-'

585 3053 804 3097 secutos
851 3058 881 3097 a
935 3044 1044 3098 Deo
1095 3043 1161 3098 ad
1215 3045 1630 3098 ministrantium
1701 3047 1859 3101 nobis
1910 3047 2169 3102 beneﬁcia

585 3133 756 3204 ipsius
788 3175 804 3200 ,
856 3136 1220 3205 sanitatesque
1273 3138 1624 3206 passionum,
1699 3146 1755 3192 et
1807 3139 2168 3206 periculorum

584 3226 897 3298 creptiones
943 3228 994 3282 in
1044 3229 1380 3284 invocatione
1409 3229 1503 3283 Dei
1553 3231 1746 3294 nostri,
1775 3246 1896 3284 cum
1929 3249 2023 3302 per
2052 3249 2166 3288 me-

583 3319 812 3373 moriam
841 3333 1027 3374 eorum
1070 3320 1122 3373 in
1154 3320 1369 3392 hymnis
1393 3329 1448 3375 et
1492 3322 1742 3387 canticis,
1776 3323 2162 3381 beatitudinem

580 3418 638 3462 et
698 3409 958 3465 honorem
1024 3411 1259 3479 ipsorum
1335 3411 1642 3467 recolimus.
1700 3412 1955 3469 Memoria
2023 3417 2164 3472 enim

578 3498 869 3570 iustorum,
891 3508 948 3553 ut
963 3499 1241 3570 Scriptura
1260 3500 1451 3571 inquit,
1475 3518 1599 3558 cum
1625 3504 1869 3561 laudibus
1893 3506 2070 3578 (Prov.
2088 3513 2162 3577 ι).

579 3587 707 3644 llrec
761 3589 940 3644 omnia
988 3589 1101 3659 jam
1159 3592 1505 3662 exposuimus
1527 3593 1639 3663 jam
1672 3594 1781 3650 fato
1814 3595 1924 3650 Deo
1949 3600 2164 3655 amabili

577 3679 834 3750 episcopo
857 3678 1122 3735 Nacolize:
1155 3696 1277 3750 qua:
1325 3689 1380 3737 et
1407 3685 1668 3754 suscepit,
1699 3694 1755 3739 et
1781 3685 2058 3756 professus
2081 3698 2166 3744 est

579 3777 833 3838 tanquam
863 3785 1045 3824 coram
1097 3770 1208 3825 Deo
1240 3773 1610 3828 universorum
1658 3777 1735 3830 sic
1781 3792 1840 3832 se
1865 3787 2068 3844 tenere,
2111 3793 2166 3836 et

579 3857 715 3913 nihil
746 3858 887 3913 aliud
918 3861 1097 3916 dicere
1127 3861 1208 3916 vel
1238 3877 1398 3931 agere
1426 3865 1492 3919 ad
1524 3867 1970 3925 scaudalizandos
1997 3887 2164 3942 popu—

578 3948 684 4015 los,
731 3949 815 4003 vel
847 3950 1166 4005 turbationis
1215 3952 1294 4006 eis
1345 3969 1561 4009 causam
1615 3960 1998 4026 praestandum.
2051 3961 2163 4018 Hoc

578 4052 708 4108 ergo
729 4039 908 4094 sciens
954 4040 1062 4094 Deo
1109 4042 1411 4098 amabilitas
1437 4054 1636 4110 vestra,
1678 4062 1852 4118 neque
1876 4051 1986 4106 Deo
2016 4067 2162 4108 ama-

576 4127 740 4184 bilem
785 4133 1046 4201 synodum
1096 4147 1246 4187 suam
1294 4137 1470 4189 vexari
1516 4136 1699 4203 faciat,
1745 4155 1917 4210 neque
1960 4143 2010 4197 in
2060 4145 2162 4200 hoc

578 4223 894 4276 scandalum
951 4225 998 4278 ei
1025 4225 1240 4295 aliquod
1293 4227 1403 4282 ﬁat.
1449 4227 1554 4284 Sed
1578 4231 1644 4284 de
1669 4242 1868 4288 czetero
1895 4239 2161 4294 accersito
2231 4265 2234 4270 -

575 4327 665 4378 eo,
701 4321 756 4368 et
801 4315 1156 4385 praesentibus
1199 4315 1394 4372 litteris
1426 4321 1628 4375 nostris
1655 4320 1808 4378 lectis
1832 4324 2159 4384 satisfactio-

575 4418 752 4474 neque
778 4420 1074 4461 consensus
1102 4406 1218 4477 ejus
1243 4422 1342 4476 per
1367 4421 1459 4464 eas
1487 4407 1627 4482 [Gr.,
1667 4411 1722 4466 in
1744 4411 1850 4485 bis]
1883 4427 2156 4488 percepta,

575 4507 766 4553 exoret
791 4499 1007 4567 quidem
1051 4514 1150 4569 pro
1193 4502 1516 4572 optimorum
1554 4505 1894 4562 dominorum
1945 4520 2160 4566 nostro-

575 4603 697 4643 rum
748 4599 804 4644 et
861 4590 1246 4660 imperatorum
1287 4591 1625 4665 longaevitate
1676 4605 1838 4667 atque
1889 4601 2154 4656 victoria:

574 4680 810 4749 postulet
845 4691 1022 4736 autem
1062 4693 1118 4738 et
1169 4683 1598 4742 Christianorum
1630 4689 1770 4758 plebi
1806 4705 1992 4760 pacem
2037 4693 2153 4759 Dei,

569 4786 696 4841 qua:
719 4782 1008 4842 exsuperat
1044 4789 1257 4829 onmem
1288 4792 1503 4832 sensum
1531 4777 1752 4851 (Philip.
1784 4784 1878 4853 iv).

646 4861 903 4917 Tarasius
958 4864 1332 4921 sanctissimus
1391 4870 1700 4937 patriarcha
1749 4873 1926 4928 dixit:
1994 4874 2156 4932 Pater

573 4960 762 5007 noster
807 4962 1028 5008 sanctus
1082 4954 1382 5010 Germanus
1433 4962 1726 5016 concordat
1773 4979 1896 5020 cum
1945 4968 2152 5037 praede-

572 5043 888 5101 cessm‘ibus
915 5045 1269 5100 sanctissimis
1293 5047 1560 5105 Patribus.

647 5130 850 5188 Sancta
876 5135 1112 5204 synodus
1132 5135 1304 5189 dixit:
1355 5137 1510 5204 Vere,
1540 5140 1770 5209 domine,
1813 5163 1862 5199 .n
1906 5149 2159 5204 omnibus

577 5227 894 5282 concordat.

654 5315 912 5370 'l‘arusius
961 5320 1331 5377 sanctissimus
1354 5323 1660 5392 patriarcha
1685 5327 1848 5383 dixit:
1879 5332 1985 5388 Has
2012 5335 2158 5390 litte-

582 5421 675 5462 ras
723 5405 1025 5475 suscipiens
1052 5408 1382 5470 Nacoliensis
1429 5415 1728 5484 abscondit,
1778 5428 1966 5477 etnon
2012 5425 2162 5481 dedit

530 5534 537 5546 ι
586 5515 682 5554 eas
729 5497 1142 5554 metrouolitano
1178 5519 1295 5550 suo-
1345 5505 1420 5550 Αιί
1475 5508 1576 5560 hoc
1631 5507 1825 5558 iterum
1872 5514 2060 5560 ςρνίιιίι
2090 5516 2156 5560 ad

2213 5543 2215 5546 ‹
2261 5529 2622 5560 vnrpmcennl
2667 5523 3168 5560 maenala-:osiw-n
3240 5537 3260 5542 -

2307 590 2428 629 rum
2454 575 2837 640 oratoriorum,
2875 575 3001 646 legit
3027 593 3040 628 :

2303 707 2558 780 Ejusdem
2599 707 2773 764 Patris
2809 714 2972 765 nostri
3014 725 3210 768 sanare
3248 717 3512 771 memoria:
3541 713 3767 773 Germani
3789 724 3838 776 ad

2584 779 2987 836 Constantinum
3015 784 3310 856 episcopum
3346 784 3607 842 Ναοοιίω.

2369 887 2608 944 Joannes
2636 888 2745 943 Deo
2774 891 3022 947 amabilis
3071 891 3466 964 Synadensinm
3522 899 3842 969 metropolita-

2264 975 2268 978 ’
2300 995 2401 1035 nus
2430 980 2648 1051 scripsit
2683 981 2856 1048 nobis,
2889 984 3030 1053 quod
3071 1001 3178 1040 non
3213 987 3433 1041 tradidit
3478 987 3581 1044 sibi
3605 989 3708 1045 Deo
3729 1008 3842 1050 amt-

2297 1071 2479 1127 bilitas
2509 1081 2597 1127 tua
2638 1072 2848 1129 litteras
2877 1085 3120 1132 nostras:
3149 1078 3202 1133 in
3242 1079 3437 1149 quibus
3464 1097 3573 1137 non
3602 1083 3842 1141 mediocri-

2297 1173 2382 1222 ter
2409 1183 2571 1238 super
2595 1176 2646 1224 te
2669 1171 2977 1226 contristati
3005 1188 3210 1238 sumus,
3235 1190 3300 1231 eo
3325 1177 3467 1247 quod
3493 1183 3838 1250 postposueris,

2295 1259 2570 1350 utliquet,
2615 1270 2669 1318 et
2713 1263 2808 1318 Dei
2853 1281 3092 1323 amorem
3140 1267 3284 1342 [Cr.,
3315 1272 3613 1348 timorem],
3639 1285 3692 1332 et
3725 1277 3841 1333 debi-

2297 1360 2409 1406 tum
2435 1354 2693 1411 membris
2739 1356 2940 1413 Christi
2982 1359 3052 1414 ab
3080 1360 3355 1418 alterutris
3399 1381 3643 1420 amorem
3682 1369 3841 1438 pariter

2294 1450 2350 1496 et
2379 1443 2658 1500 honorem.
2692 1445 2860 1518 Hujus
2910 1452 2986 1505 rei
3031 1453 3204 1522 gratia
3234 1469 3331 1522 per
3359 1467 3655 1525 praesentes
3676 1459 3839 1516 litteras

2293 1543 2509 1590 nostras
2561 1539 2906 1610 prmcipinms
2935 1541 3045 1598 Deo
3085 1546 3402 1602 amabilitati
3437 1557 3565 1615 tua},
3600 1559 3658 1604 ut
3696 1553 3838 1608 statim

2291 1639 2391 1695 per
2433 1628 2777 1704 semetipsum
2822 1631 2913 1686 det
2953 1633 3262 1703 prmdictam
3311 1637 3596 1706 epistolam
3644 1649 3838 1697 nostram

2293 1718 2551 1787 pracdicto
2580 1719 2692 1776 Deo
2731 1722 2951 1777 amabili
2995 1726 3410 1795 metropolitano
3438 1744 3553 1793 suo,
3592 1738 3648 1784 et
3667 1747 3839 1787 omnem

2221 1848 2267 1908 Β
2294 1811 2342 1865 ei
2367 1811 2625 1867 honorem
2673 1811 2967 1882 impendat,
3003 1823 3056 1869 et
3085 1818 3358 1886 subjace'at
3392 1819 3442 1873 ei
3469 1821 3756 1876 secundum
3777 1837 3841 1876 or-

2294 1900 2473 1956 dinem
2522 1902 2612 1973 qui
2650 1907 2909 1960 condecet
2962 1909 3303 1964 sacerdotes:
3338 1919 3392 1965 et
3424 1913 3839 1981 quemadmodum

2293 2011 2571 2052 sermones
2621 2008 2834 2055 nostros
2888 2001 2999 2058 Deo
3029 2006 3331 2062 amabilitas
3387 2015 3474 2061 tua
3536 2010 3841 2080 s'uscepit,et

2291 2085 2390 2140 bos
2437 2087 2631 2142 sectari
2664 2090 2903 2160 professa
2951 2103 3054 2159 est,
3093 2107 3427 2165 permaneat,
3480 2114 3592 2153 non
3642 2101 3839 2156 insensu

2289 2191 2386 2231 suo
2425 2179 2723 2236 abundans.
2757 2180 2871 2238 Non
2921 2185 3064 2240 enim
3107 2188 3336 2258 ignorat,
3368 2205 3469 2245 nec
3513 2191 3838 2259 obliviscitur,

2289 2279 2348 2325 ut
2382 2272 2779 2342 existimamus,
2835 2278 2961 2347 quia
2993 2289 3042 2333 et
3071 2295 3168 2349 pro
3201 2281 3642 2339 abrenuntiando
3670 2285 3840 2356 episeo-

2286 2373 2413 2436 patu
2443 2366 2662 2436 proprio
2688 2383 2785 2423 nos
2833 2369 3064 2440 rogavit,
3121 2373 3462 2442 praetendens
3505 2376 3840 2431 incursionem

2285 2456 2536 2512 meditari
2591 2467 2778 2514 contra
2829 2476 2910 2526 se,
2981 2461 3035 2516 in
3085 2463 3300 2534 quibus,
3349 2473 3408 2519 ut
3463 2465 3686 2522 dicebat
3734 2467 3840 2538 ipsa,

2284 2566 2390 2606 non
2418 2559 2536 2606 erat
2561 2552 2810 2607 conscia:
2843 2551 3118 2610 aﬁirmans
3143 2554 3277 2610 nihil
3317 2555 3385 2609 ad
3417 2555 3670 2624 iniuriam
3695 2559 3843 2613 Domi-

2283 2643 2337 2697 ni
2363 2642 2444 2698 vel
2491 2653 2802 2698 sanctorum
2827 2644 2945 2714 ejus
2991 2655 3212 2717 propter
3247 2647 3439 2702 horum
3494 2648 3775 2720 imaginem
3799 2663 3844 2702 se

2280 2737 2462 2792 dicere
2486 2735 2568 2792 vel
2601 2753 2781 2808 agere,
2807 2741 2898 2794 sed
2933 2740 3304 2796 tantummodo
3350 2739 3655 2811 Scriptura:
3675 2739 3842 2797 sectari

2279 2827 2673 2898 magisterium,
2728 2845 2793 2885 eo
2846 2831 2989 2900 quod
3036 2831 3168 2885 nihil
3225 2832 3278 2886 in
3311 2833 3584 2887 creaturis
3631 2832 3842 2887 divinum

2277 2928 2554 2974 mereatur
2606 2920 2887 2975 honorem.
2931 2919 3085 2988 Quod
3123 2931 3178 2978 et
3205 2938 3304 2978 nos
3349 2923 3422 2977 ila
3461 2913 3522 2977 se
3554 2923 3754 2978 habere
3776 2922 3816 2974 di

2276 3008 2531 3074 dicimus,
2582 3018 2638 3064 ct
2666 3009 2899 3064 ﬁrmiter
2942 3011 3239 3068 retinemus
3266 3023 3321 3068 et
3347 3011 3693 3084 proﬁtemur.
3738 3012 3844 3080 Quae

2274 3113 2455 3158 autem
2485 3104 2684 3174 scripta
2714 3112 2840 3159 sunt
2865 3120 2895 3159 a
2921 3105 3079 3161 nobis
3136 3104 3202 3160 ad
3226 3106 3337 3177 jam
3369 3116 3730 3162 memoratum
3756 3103 3842 3159 Deo

2196 3213 2240 3274 η
2272 3194 2562 3250 amabilem
2615 3196 3013 3266 metropolitam
3054 3197 3193 3268 ejus,
3221 3197 3450 3269 legimus
3471 3199 3521 3254 ei
3548 3215 3566 3265 ;
3614 3208 3672 3255 et
3705 3199 3754 3254 in
3775 3199 3844 3252 bis

2271 3300 2591 3356 permanere
2622 3284 2864 3357 professa
2908 3296 3029 3353 est;
3057 3295 3113 3342 et
3133 3287 3460 3358 exemplaria
3493 3285 3843 3356 hujuscemodi

2271 3374 2514 3444 epistolae
2558 3375 2884 3446 prmbuimus
2932 3377 3004 3432 ei.
3061 3377 3140 3432 Nc
3191 3391 3320 3448 ergo
3366 3377 3502 3432 velis
3550 3376 3844 3433 scandalum

2272 3455 2388 3519 ﬁeri
2444 3465 2585 3536 plebi
2637 3467 2843 3537 experti
2885 3467 3170 3533 malorum,
3217 3483 3530 3522 memorans
3577 3469 3844 3524 terminum

2241 3617 2244 3619 Α
2263 3556 2453 3629 judicii
2490 3556 2716 3623 domini,
2742 3557 2885 3626 quod
2925 3557 3087 3612 etiam
3119 3559 3204 3613 his
3232 3557 3322 3628 qui
3352 3575 3521 3613 unum
3548 3560 3844 3630 pusillorum

2270 3647 2666 3713 scandalizant,
2727 3649 2928 3703 inferre
2993 3651 3228 3705 minatus
3278 3660 3362 3704 est
3423 3649 3650 3720 (Matth.
3709 3665 3846 3711 svnt,

2270 3739 2442 3792 Marc.
2481 3755 2557 3805 rx,
2589 3739 2717 3794 Luc.
2754 3740 2906 3811 xvn).
2941 3737 3052 3796 Hoc
3099 3749 3280 3797 autem
3309 3741 3464 3804 sciat,
3519 3743 3668 3811 quod
3695 3741 3846 3796 donec

2267 3830 2549 3898 epistolam
2598 3837 2836 3886 nostram
2868 3832 3116 3886 tribuerit
3160 3833 3271 3886 Deo
3318 3832 3715 3887 amabilissimo
3755 3845 3848 3886 me-

2270 3923 2595 3992 tropolitano
2635 3937 2751 3986 suo,
2795 3938 2860 3978 ex
2891 3924 3215 3979 auctoritate
3260 3933 3462 3979 sancta:
3519 3939 3588 3979 ac
3637 3921 3847 3979 consub-

2267 4011 2535 4067 stantialis
2604 4011 2887 4067 Trinitatis
2939 4028 3043 4067 non
3095 4013 3290 4067 habeat
3342 4021 3674 4083 potestatem
3731 4027 3847 4082 qua-

2267 4101 2585 4173 lemcunque
2615 4104 2926 4175 contingere
2960 4101 3296 4158 sacerdotale
3322 4100 3582 4158 oll‘icium.
3637 4102 3848 4174 Oportet

2268 4203 2448 4249 autem
2485 4195 2656 4266 magis
2684 4210 2782 4250 nos
2811 4194 3083 4249 austerius
3108 4208 3230 4249 eam
3279 4194 3520 4263 aggredi,
3554 4209 3725 4264 quam
3753 4208 3844 4247 non

2267 4293 2567 4340 correctam
2639 4283 2895 4339 divinitus
2971 4282 3268 4340 referendae
3335 4283 3679 4338 damnationi
3741 4297 3844 4338 eam

2269 4372 2464 4446 [ream]
2497 4373 2767 4428 deserere.

2339 4466 2594 4522 Tarasius
2624 4467 2996 4522 sanctissimus
3037 4467 3344 4536 patriarcha
3375 4465 3513 4521 dixit
3541 4484 3555 4520 :
3591 4465 3766 4522 Sicuti
3800 4472 3846 4518 et

2189 4567 2236 4626 D
2261 4560 2507 4630 praadixi,
2531 4560 2750 4626 fratres,
2777 4558 3107 4616 introductio
3131 4559 3291 4614 illata:
3317 4558 3576 4614 novitatis
3603 4559 3765 4625 hujus
3785 4571 3843 4611 ex

2264 4653 2522 4722 praedicto
2552 4651 2690 4714 viro,
2726 4649 2777 4704 id
2807 4659 2890 4705 est
2914 4650 3168 4720 episcopo
3197 4648 3452 4712 Nacoliae,
3491 4647 3640 4703 facta
3679 4659 3781 4704 est.

2334 4743 2720 4800 Constantinus
2769 4742 2879 4799 Deo
2916 4743 3167 4798 amabilis
3207 4742 3462 4797 diaconus
3505 4751 3562 4797 et
3609 4741 3844 4798 notarius

2260 4837 2386 4908 legit
2411 4854 2424 4892 :

2331 4967 2588 5042 Epistola_
2601 4967 2850 5024 Germani
2887 4971 3111 5042 episcopi
3141 4971 3670 5039 Constantinopoleos
3708 4974 3778 5026 ad

2547 5039 2798 5095 Thomam
2820 5039 3114 5112 episcopum
3139 5042 3563 5112 Claudiopoleos.

2333 5151 2482 5206 Dixit
2519 5152 2570 5206 in
2596 5153 2829 5222 quodam
2864 5153 3198 5224 eloquiorum
3234 5167 3454 5207 suorum
3486 5154 3610 5210 loco
3635 5156 3843 5224 sapien-

2263 5244 2502 5300 tissimus
2517 5244 2775 5300 Salomon
2796 5264 2808 5298 :
2831 5245 3023 5302 Frater
3039 5247 3128 5316 qui
3142 5245 3470 5315 adjuvaturn
3487 5245 3684 5315 fratre,
3698 5246 3843 5319 quasi

2261 5338 2443 5390 civitas
2461 5336 2615 5404 ﬁrma
2639 5348 2686 5392 et
2709 5338 2821 5391 alta
2853 5353 2872 5390 :
2912 5339 3043 5394 valet
3064 5349 3235 5394 autem
3256 5338 3393 5392 sicut
3421 5341 3559 5394 seris
3586 5341 3843 5394 munitam

2262 5443 2474 5499 regnum
2504 5426 2685 5498 (Prov.
2707 5430 2884 5502 xvm).
2909 5429 3019 5499 Ego
3039 5439 3216 5486 autem
3239 5445 3343 5484 non
3366 5445 3434 5484 ex
3457 5431 3548 5485 his
3576 5431 3670 5500 qui
3701 5429 3841 5496 adju-

3637 5521 3698 5540 η-
