3924 5490
130 417 211 471 525
758 401 1311 466 INTERPRETATIO
1350 409 1601 464 SYNODI
1643 407 1679 463 ν

1779 405 2174 463 GENERMJS.
2219 439 2283 448 —
2322 407 2526 466 ACTIO
2565 410 2644 466 IV.
3224 409 3328 468 ’δίει

129 521 224 599 quae
243 541 280 579 SI
305 513 530 595 quidem,
571 532 630 578 ut
656 524 949 578 secundum
995 522 1302 591 deiloquum
1328 521 1649 592 Gregorium
1681 525 1727 582 Α
1755 518 1953 572 Christi
1987 519 2240 575 Ecclesia:
2269 519 2336 574 ab
2375 521 2678 577 infidelibus
2716 518 2952 576 collectae
2979 528 3124 586 sunt,
3155 523 3334 578 facere

131 620 344 677 dicamus,
379 613 644 668 mendacia
699 628 842 667 aura:
874 613 1048 666 ferant
1081 630 1093 666 :
1127 619 1184 665 at
1216 612 1262 665 si
1291 611 1529 674 veracia,
1553 625 1655 665 un-
1756 609 2036 676 debentes,
2086 611 2249 664 etiam
2295 611 2453 680 hujus
2493 611 2853 666 venerabilem
2899 621 3060 680 atque
3100 613 3337 669 divinam

128 711 257 778 dique
281 714 496 768 mentem
538 719 711 757 meam
743 702 989 758 confusio
1021 701 1452 773 comprehendit.
1491 699 1658 755 Putas
1753 703 2038 759 ostendere
2070 703 2525 760 immobilitatcm.
2571 704 2683 759 Hoc
2714 704 2878 776 igitur
2908 705 2959 758 in
2987 705 3174 774 primis
3201 704 3344 762 scire

129 798 239 852 enim
270 795 398 864 quod
437 803 490 848 et
532 795 668 863 ipsa,
705 795 997 848 secundum
1042 793 1333 848 multorum
1369 791 1653 856 desidiam,
1755 803 1990 863 oportet,
2010 796 2133 864 quia
2160 812 2264 851 non
2291 805 2499 851 tantum
2526 813 2692 861 nunc,
2723 797 2816 851 sed
2847 795 3158 867 frequenter
3179 798 3343 853 etiam

128 884 383 940 dilectionis
400 881 730 950 jucunditate
755 882 912 938 labiis
943 891 1148 936 tantum
1177 883 1342 938 fuerit
1381 897 1476 935 usa
1510 879 1652 953 [Gr.,
1754 883 1923 939 Iudici
1953 886 2076 939 talia
2104 887 2262 942 nobis
2284 888 2583 943 intulerunt
2615 888 2665 942 in
2690 889 3058 957 opprobrium,
3086 896 3135 942 et
3169 889 3223 943 bi
3246 888 3340 959 qui

128 979 174 1032 fit
197 975 396 1048 illicita],
433 987 487 1030 et
515 985 620 1030 non
646 976 696 1028 in
721 975 1044 1046 profundum
1076 975 1415 1030 descenderit
1438 975 1654 1038 mentis,
1757 989 1883 1029 vere
1913 975 2228 1029 idololatriae
2261 976 2500 1031 cultores
2521 977 2785 1041 existunt,
2813 977 3122 1047 vituperare
3170 977 3343 1032 solum

126 1067 436 1122 existimantis
477 1066 727 1120 videlicet
768 1067 908 1136 quod
954 1082 1060 1122 non
1112 1069 1322 1122 sincera
1369 1066 1657 1121 dilectione
1759 1068 2136 1122 intemeratam
2175 1077 2232 1123 et
2275 1070 2510 1123 divinam
2565 1069 2722 1125 fidem
2765 1078 3004 1124 nostram
3060 1084 3344 1136 conantes,

125 1161 238 1213 circa
261 1157 390 1212 illam
417 1156 750 1229 ﬂagremus?
779 1158 859 1212 vel
905 1158 1006 1213 hoc
1039 1158 1256 1228 quidem
1294 1171 1653 1228 nequaquam,
1757 1168 1811 1212 et
1840 1172 1968 1222 non,
2011 1165 2070 1211 ut
2103 1157 2426 1214 manufactis
2472 1159 2812 1214 intenderent
2843 1157 2984 1232 [ατη
3029 1175 3134 1214 non
3167 1159 3342 1213 inten-

125 1251 197 1304 sed
219 1249 518 1320 imperitiam
547 1257 785 1305 nostram
806 1259 861 1303 et
882 1249 1176 1321 pigritiam,
1201 1259 1254 1304 et
1278 1248 1656 1319 negligentiam
1757 1248 1916 1301 datur
1945 1262 1959 1300 :
1988 1247 2086 1312 aL,
2119 1263 2224 1302 non
2252 1249 2641 1322 intenderent],
2692 1261 3068 1322 perm-gentes.
3102 1249 3202 1304 Ubi
3240 1250 3345 1306 illis

125 1342 237 1397 circa
264 1357 321 1397 ea
349 1359 464 1412 qua:
506 1343 617 1397 Dco
642 1350 766 1397 sunt
797 1343 1014 1413 placita,
1049 1343 1283 1412 respuit;
1324 1349 1508 1411 utpote
1535 1355 1658 1410 qua:
1757 1351 1918 1391 omne
1947 1338 2184 1392 studium
2227 1347 2281 1392 et
2321 1338 2497 1393 cultus
2525 1354 2690 1409 super
2738 1341 2839 1395 hoc
2884 1341 3180 1410 perficitur,
3213 1339 3349 1395 nihil

123 1433 285 1488 nullam
327 1449 508 1488 curam
565 1436 795 1504 gesserit
844 1435 896 1488 in
951 1434 1338 1503 perscrutanda
1383 1431 1658 1487 voluntate
1760 1429 1845 1483 his
1879 1444 1998 1498 quae
2044 1430 2298 1484 videntur
2340 1438 2395 1483 et
2432 1431 2759 1495 sentiuntur,
2810 1431 3075 1486 excelsius
3122 1445 3342 1502 ponere,

123 1525 285 1592 divina,
318 1527 608 1581 secundum
652 1527 906 1580 traditum
944 1525 1100 1580 nobis
1139 1541 1236 1594 per
1285 1539 1474 1579 sacras
1513 1523 1658 1578 Scri-
1760 1519 1853 1574 sed
1886 1520 2122 1574 divinam
2155 1530 2402 1574 naturam
2429 1523 2578 1577 varie
2603 1522 2908 1589 humiliare,
2941 1533 3032 1578 aut
3077 1524 3194 1578 loco
3217 1539 3352 1594 quo-

131 1626 281 1684 pturas
304 1626 543 1671 sanctum
572 1617 922 1671 mandatum?
953 1617 1060 1670 Aut
1089 1617 1279 1670 horum
1308 1629 1412 1669 non
1441 1614 1657 1683 quidetn
1761 1611 1883 1666 dam
1915 1612 2398 1668 circumchulentcs
2425 1614 2798 1668 tmiversornm
2826 1616 3200 1686 inspectricem
3230 1614 3350 1683 ejus

123 1717 186 1761 cst
204 1718 307 1777 apta
338 1707 594 1778 suSpicio,
631 1707 764 1762 illud
788 1722 916 1762 vero
946 1707 1175 1761 fortasse
1205 1705 1530 1776 opinandunt
1551 1713 1656 1768 est,
1758 1705 2174 1775 providentiam,
2205 1714 2297 1758 aut
2335 1707 2710 1776 corporalibus
2749 1708 3126 1778 spcciftcantes
3156 1708 3343 1764 formis

124 1809 168 1851 ut
190 1799 384 1853 meliore
429 1799 534 1854 sibi
573 1798 712 1854 facta
770 1799 1099 1854 revelatione
1147 1800 1313 1870 (piget
1359 1808 1540 1853 autent
1573 1813 1658 1851 me
1762 1811 1898 1865 quos
1934 1811 2038 1850 non
2066 1796 2372 1866 ignobiliter
2393 1799 2612 1868 quidam
2635 1801 3061 1869 przcdecessores
3093 1801 3263 1856 nostri
3295 1808 3354 1854 ιιι

123 1891 267 1944 dicere
285 1890 506 1944 elatione
534 1891 768 1960 quadam
795 1900 845 1944 et
873 1889 1154 1960 prudentia
1180 1889 1364 1962 [sensu
1391 1887 1658 1961 tumido]:
1697 1893 1736 1951 Β
1765 1899 1929 1939 canes
1981 1894 2179 1948 mutos,
2236 1895 2292 1938 ut
2344 1901 2468 1940 cum
2517 1886 2797 1957 Scriptura
2853 1889 3170 1955 dixerimus,
3216 1903 3354 1943 vane

121 1979 314 2032 charitas
362 1980 506 2034 enim
541 1979 741 2034 malum
789 1995 893 2034 non
939 1981 1159 2048 cogitat,
1215 1990 1283 2039 ut
1323 1981 1399 2034 ait
1447 1979 1661 2035 divinus
1767 1975 2028 2030 latrantes
2067 1976 2136 2030 ab
2167 1975 2290 2029 ovili
2324 1976 2523 2031 Christi
2574 1979 2891 2047 repulerunt
2926 1997 2939 2032 :
2975 1995 3206 2049 quorum
3242 1993 3348 2032 non

118 2069 361 2138 Apostolus
388 2068 442 2141 [I
474 2069 606 2125 Cor.
638 2069 799 2141 xttt])
832 2070 884 2123 in
931 2077 1090 2125 talem
1125 2071 1404 2126 devenerit
1455 2069 1666 2126 satisfa-
1768 2069 1924 2124 nobis
1950 2069 2078 2123 sunt
2111 2084 2222 2139 pra:
2255 2070 2504 2124 manibus
2535 2071 2732 2124 stttdia.
2780 2070 2885 2125 Sed
2915 2079 2971 2125 et
3011 2072 3077 2125 de
3123 2069 3356 2140 propriis

122 2162 338 2227 ctionem,
376 2177 540 2231 quam
576 2161 925 2218 manifestare
948 2164 1103 2219 nobis
1131 2178 1194 2217 ex
1225 2163 1546 2218 necessitate
1574 2164 1667 2218 de-
1767 2163 1946 2233 impiis
1991 2164 2466 2220 adinventiOnibus
2515 2166 2762 2220 veritatis
2811 2181 2990 2221 sermo
3053 2167 3152 2221 hos
3203 2181 3357 2221 com-

119 2251 215 2306 beat
241 2250 343 2323 [Gr.
370 2252 576 2325 debet].
611 2253 780 2308 Porro
809 2256 953 2310 facta
982 2264 1066 2310 est
1092 2256 1248 2310 nobis
1269 2271 1333 2310 ex
1361 2253 1665 2324 hujusmodi
1767 2272 1990 2328 pescere
2015 2256 2146 2312 facit
2179 2273 2194 2310 :
2228 2273 2457 2328 quorum
2483 2259 2698 2332 quidem
2736 2259 2873 2313 alius
2905 2259 3142 2329 publicat
3183 2273 3354 2329 paga-

118 2345 473 2412 sttspicionibus
533 2343 681 2418 [.Gr.,
735 2347 1040 2416 hujusmodi
1103 2346 1500 2420 suspicionum]
1556 2364 1664 2403 non
1770 2365 1963 2405 norum
2002 2350 2423 2404 immolationem
2455 2361 2504 2404 ct
2554 2350 2854 2406 fabularum
2887 2352 3272 2422 turpitudinem
3301 2361 3359 2407 et

119 2436 459 2492 irrationabilis
507 2439 734 2494 occasio
774 2457 787 2492 :
827 2440 951 2508 quia
992 2449 1234 2509 tempore
1276 2439 1445 2495 multo
1469 2442 1667 2510 degens
1765 2442 2217 2497 exsecrationem.
2246 2439 2459 2496 .ludzeos
2484 2452 2662 2497 autem
2691 2443 2828 2498 alius
2857 2445 3179 2498 erubescere
3204 2443 3355 2509 facit,

115 2535 224 2600 apud
243 2548 330 2589 nos
363 2545 551 2590 vestra
579 2535 692 2590 Deo
716 2535 1021 2591 amabilitas
1052 2545 1108 2589 et
1136 2550 1506 2601 commorans,
1543 2551 1666 2605 qua:
1767 2535 1909 2604 quod
1932 2551 2038 2590 non
2061 2535 2231 2591 solmn
2257 2545 2441 2605 patres
2464 2552 2651 2591 eorum
2681 2538 2746 2591 ad
2775 2538 2913 2592 idola
2943 2537 3176 2608 prolapsi
3204 2545 3355 2601 sunt,

116 2620 244 2676 etiam
269 2622 583 2680 litteralium
608 2640 994 2696 nonnunquam
1021 2627 1309 2681 verborum
1337 2634 1389 2681 et
1407 2627 1664 2696 qumstio-
1766 2626 2124 2694 exprobrans,
2180 2625 2274 2678 sed
2324 2625 2548 2694 etquod
2585 2635 2772 2680 contra
2825 2626 3022 2696 legem,
3069 2641 3231 2695 quant
3282 2624 3356 2678 illi

91 2728 215 2767 ‘llllm
238 2714 553 2788 [Scriptum
602 2732 708 2772 non
759 2719 1150 2773 sententiarum
1190 2727 1244 2774 et
1279 2716 1398 2791 qu.]
1433 2719 1665 2774 intcrro-
1767 2724 1953 2770 tenere
1975 2731 2034 2771 se
2065 2716 2388 2785 gloriantur,
2423 2727 2584 2787 agant
2613 2735 2626 2770 :
2663 2717 2756 2771 sed
2785 2717 2903 2771 loco
2934 2717 3164 2785 quodam
3206 2713 3349 2788 [Gr.,

113 2806 316 2876 sationes
339 2825 679 2881 proponens,
713 2809 918 2865 nullum
953 2825 1259 2866 sermonem
1307 2811 1476 2866 movit
1512 2811 1666 2866 nobis
1766 2819 1888 2860 cum
1918 2806 2005 2860 illa
2031 2807 2148 2862 loco
2169 2806 2249 2879 q.]
2280 2807 2503 2862 definito
2526 2823 2588 2862 ea
2619 2823 2738 2878 qua:
2779 2809 3077 2878 typicarum
3107 2818 3231 2862 sunt
3264 2808 3360 2862 ho—

113 2897 359 2968 aliquando
393 2901 460 2956 de
501 2901 834 2972 imaginibus
876 2902 990 2956 sive
1038 2909 1350 2956 sanctorum
1399 2901 1661 2970 virorum,
1767 2899 2018 2963 stiarum,
2060 2897 2258 2954 offerre
2301 2900 2619 2966 decreverit,
2660 2899 2745 2954 isti
2787 2900 2840 2954 in
2876 2899 3023 2954 omni
3066 2899 3181 2954 loco
3209 2898 3359 2954 orbis

110 2986 202 3042 sive
229 2988 384 3058 ipsius
407 2989 631 3045 Domini
670 2999 725 3046 ct
750 2989 1049 3046 Salvatoris
1082 2991 1251 3046 nostri
1281 2990 1409 3046 Jesu
1440 2990 1662 3057 Christi,
1769 2999 2034 3046 terrarum
2078 2991 2181 3046 hoc
2226 3007 2387 3063 agere
2438 3008 2544 3046 non
2590 2992 2914 3056 detrectent,
2944 3000 3262 3048 consuetam
3304 2991 3359 3046 in

123 3087 169 3131 et
197 3080 475 3136 secundum
525 3095 753 3136 carnem
784 3079 900 3148 ejus
945 3089 1146 3136 sanctae
1191 3091 1246 3136 et
1272 3082 1540 3137 veraciter
1569 3080 1664 3136 Dei
1765 3091 2014 3138 sanctum
2063 3081 2327 3153 Spiritum
2375 3082 2654 3152 perfidiam
2702 3092 2926 3152 paterna
2973 3081 3359 3152 consequentia

109 3168 346 3235 genitricis
367 3169 557 3225 Maria:
587 3189 601 3224 :
636 3186 810 3241 neque
847 3180 1102 3241 tanquam
1131 3171 1435 3240 inquirens,
1465 3178 1521 3227 et
1545 3186 1663 3227 ccr—
1768 3173 2196 3239 adinvenientes,
2226 3183 2281 3229 et
2311 3176 2412 3230 hoc
2440 3175 2598 3229 modo
2626 3174 2968 3230 immolantes
2994 3174 3274 3229 daemoniis
3299 3182 3356 3228 ct

111 3257 355 3313 titudincm
381 3259 643 3314 invenire
672 3259 884 3325 volens,
908 3260 963 3315 id
991 3269 1072 3315 est
1101 3261 1465 3332 interrogans,
1491 3260 1667 3330 qualis
1693 3244 1739 3307 ε
1771 3279 1878 3318 non
1905 3265 2035 3319 Deo.
2063 3263 2205 3319 Vera
2236 3264 2376 3318 enitr
2410 3263 2476 3318 ad
2509 3278 2693 3319 verum
2729 3265 2894 3318 Deum
2936 3264 3168 3319 servitus
3196 3271 3360 3333 atque

109 3345 237 3400 nobis
261 3349 322 3402 de
346 3349 450 3404 hoc
473 3363 678 3404 sensus
703 3349 963 3404 existeret
991 3364 1006 3403 :
1037 3359 1095 3404 et
1122 3349 1166 3404 si
1189 3349 1480 3404 secundum
1505 3350 1670 3405 ratio-
1769 3354 2016 3409 adoratio
2046 3355 2099 3408 in
2125 3354 2508 3409 observatione
2535 3362 2737 3409 sanctm
2762 3353 3120 3409 confessionis
3141 3365 3261 3424 qum
3279 3362 3365 3408 est

111 3449 204 3488 nent
227 3447 360 3492 esset
388 3438 538 3508 quod
573 3437 628 3491 in
657 3437 739 3492 his
771 3437 946 3503 fieret,
973 3437 1169 3492 nullam
1211 3437 1491 3492 inferendo
1519 3439 1671 3492 dam-
1769 3447 1914 3501 circa
1943 3462 2090 3510 eum,
2116 3456 2277 3516 atque
2300 3447 2352 3501 in
2384 3447 2628 3503 custodia
2662 3447 2840 3516 legum
2867 3454 2922 3500 et
2952 3447 3356 3516 mysteriorum,

110 3527 342 3582 nationem
385 3530 488 3583 ista
537 3529 866 3584 facientibus
907 3547 922 3584 :
975 3532 1069 3584 sed
1119 3544 1292 3600 neque
1343 3531 1410 3584 ad
1459 3531 1671 3584 firmam
1768 3550 1889 3606 qum
1914 3537 2054 3590 etab
2078 3537 2193 3605 ipso
2216 3535 2327 3590 sive
2352 3534 2694 3606 generaliter,
2721 3535 2835 3588 sive
2873 3534 3206 3604 capitulatim
3233 3532 3360 3587 data

107 3616 499 3675 satisfactionem
552 3617 862 3688 abjectione
897 3629 952 3674 et
992 3620 1404 3690 iuteremptione
1449 3621 1669 3692 dignun
1771 3635 1922 3692 sunt,
1963 3627 2267 3681 certissime
2308 3626 2580 3697 dirigitur.
2644 3625 2932 3680 Saracenis
2973 3634 3176 3690 autem,
3226 3639 3360 3694 quo-

108 3705 376 3772 bnjustuodi
406 3711 648 3773 ducens,
684 3711 751 3765 ad
781 3711 1067 3766 consilium
1113 3713 1269 3766 nobis
1299 3713 1669 3782 accipiendunt
1772 3715 1914 3768 niam
1945 3723 1997 3770 et
2029 3715 2127 3785 ipsi
2158 3714 2263 3768 tale
2299 3714 2428 3784 quid
2460 3711 2758 3770 obtendere
2789 3715 3204 3786 dignoscantur,
3245 3712 3356 3769 suf-

107 3801 290 3857 tradidit
334 3803 697 3874 semetipsan‘t
741 3813 920 3858 utrum
951 3802 1094 3876 [Gr.,
1125 3803 1207 3877 ut]
1237 3814 1292 3859 et
1333 3820 1432 3860 nos
1480 3805 1672 3860 similis
1771 3807 1884 3862 ficit
1909 3803 1976 3862 ad
1997 3805 2370 3862 confusionem
2413 3814 2468 3860 et
2502 3806 2908 3868 verecundiam,
2949 3803 3142 3859 afferre
3183 3803 3364 3858 accla-

107 3909 267 3953 sensus
297 3914 548 3955 essemus
581 3916 597 3952 :
631 3899 726 3953 sed
759 3900 824 3955 de
851 3900 938 3955 bis
965 3901 1194 3956 omnino.
1217 3901 1269 3955 in
1310 3901 1526 3955 silentio
1552 3914 1672 3970 per-
1772 3899 2089 3964 malion‘em,
2139 3913 2261 3968 qua:
2303 3911 2474 3968 usque
2525 3897 2578 3951 in
2624 3911 2864 3966 prmsens
2891 3897 2944 3951 in
2974 3910 3159 3950 eremo
3190 3896 3259 3949 ab
3285 3894 3366 3948 eis

107 3984 222 4043 fecto
265 4005 320 4044 se
348 3992 563 4055 sciens,
622 3990 676 4044 in
725 3991 946 4045 civitate
989 4007 1088 4046 sua
1119 3992 1275 4061 quasi
1304 4007 1369 4046 ex
1400 3989 1671 4045 communi
1773 3988 2068 4043 inanimato
2095 3987 2258 4057 lapidi
2289 3987 2616 4051 celebratur,
2660 4000 3067 4058 cognomenque
3111 3984 3256 4039 illius
3285 3983 3368 4039 di-

107 4075 320 4148 dogmate
352 4091 408 4136 et
437 4080 794 4135 indubitabili
843 4081 1076 4151 quadam
1107 4082 1499 4152 disceptatione
1535 4081 1674 4134 ima-
1773 4079 1917 4134 citur
1966 4077 2084 4150 [Gr.
2114 4119 2130 4141 ,
2185 4078 2690 4147 invocationcmque
2744 4077 2887 4132 illius
2951 4075 3093 4146 quod
3145 4071 3364 4147 dicitur]

105 4168 256 4235 ginum
289 4172 695 4242 depositionem
715 4211 731 4236 ,
761 4171 903 4227 sicut
939 4173 1246 4237 didicimus,
1299 4171 1427 4226 fecit
1457 4189 1471 4225 :
1506 4171 1550 4226 si
1585 4186 1674 4226 ve-
1773 4169 2008 4236 Chobar,
2030 4180 2086 4225 et
2104 4180 2300 4225 caetera
2324 4183 2476 4223 vana:
2497 4170 2733 4240 ipsorum
2751 4168 3056 4223 traditionis
3074 4176 3359 4222 etconver—

108 4259 216 4317 ritas
239 4263 309 4318 ita
347 4279 407 4319 se
435 4264 630 4325 habet,
660 4263 854 4319 iterum
905 4265 1168 4320 dicemus.
1203 4264 1412 4318 Etenim
1451 4279 1557 4318 non
1591 4273 1676 4322 est
1775 4260 2000 4316 sationis
2028 4259 2230 4314 ludicra
2259 4261 2537 4331 mysteria,
2566 4275 2686 4330 qua:
2714 4259 2764 4313 in
2794 4258 2991 4330 insigni
3019 4256 3364 4312 solemnitate

106 4354 235 4408 nobis
272 4356 447 4412 facilis
476 4359 706 4412 animus
756 4357 822 4411 ad
872 4357 1200 4412 credendum
1245 4356 1546 4412 inconsulte
1590 4356 1675 4411 bis
1776 4360 2035 4429 gerebant
2057 4356 2317 4429 [gerunt].
2348 4356 2779 4412 Christianorum
2801 4363 2981 4408 autem
3007 4353 3247 4406 onmium
3270 4366 3366 4422 per

105 4443 176 4512 qui
213 4447 396 4503 crebro
449 4448 719 4503 dicuntur
765 4447 1053 4502 detrahere
1091 4448 1370 4518 proximis.
1423 4446 1678 4502 Necessa—
1778 4459 1949 4505 totum
1966 4451 2152 4504 orbem
2178 4450 2276 4503 sub
2298 4463 2405 4502 uno
2417 4447 2565 4518 jugo,
2587 4447 2856 4515 Evangelii
2879 4443 3223 4508 videlicet,ut
3244 4457 3368 4512 pro.

106 4534 219 4589 rium
235 4548 499 4608 ponentes
545 4538 700 4611 [add.
729 4555 793 4592 e1:
813 4536 902 4592 Gr.
939 4553 957 4590 :
987 4538 1094 4594 Sed
1122 4555 1220 4594 nos
1245 4554 1367 4594 nec.
1394 4538 1571 4611 pon.],
1618 4538 1670 4592 in
1704 4605 1739 4611 ,λ
1780 4541 1942 4610 pheta
1972 4540 2136 4600 dicit,
2177 4538 2526 4593 servientium
2575 4538 2681 4589 Deo
2728 4535 2900 4588 forma
2939 4534 3366 4601 peculiarissima

108 4605 396 4683 luctatione
441 4638 500 4683 et
545 4605 795 4682 fraterna
843 4629 1161 4697 probatione
1208 4643 1270 4682 ea
1312 4605 1432 4698 qua:
1481 4605 1672 4682 sensus
1703 4605 1751 4663 ί)
1775 4605 1860 4684 est
1883 4629 2014 4682 fides
2038 4637 2092 4682 et
2120 4626 2408 4688 confessio,
2433 4625 2661 4680 credens
2684 4624 2736 4678 in
2763 4640 2925 4677 unum
2949 4623 3115 4677 Deum
3140 4621 3358 4675 Patrem

107 4719 247 4772 nostri
287 4729 438 4785 sunt,
466 4717 848 4782 manifestare,
897 4720 1172 4774 subtiliter
1199 4719 1284 4773 illa
1315 4736 1434 4789 quae
1463 4719 1527 4772 de
1572 4720 1676 4772 hoc
1772 4729 1829 4774 et
1855 4719 2047 4773 Filium
2082 4727 2138 4772 et
2175 4710 2438 4787 Spiritum
2470 4723 2714 4770 sanctum
2742 4756 2757 4779 ,
2784 4713 3108 4768 Trinitatem
3154 4711 3362 4764 increa-

107 4819 224 4873 sunt,
251 4812 674 4866 consideramus
703 4811 954 4881 aggredi;
987 4810 1116 4865 illud
1146 4810 1398 4880 primitus
1435 4823 1674 4864 commo-
1775 4821 1910 4876 tam,
1934 4809 2346 4881 sempiternam,
2373 4804 2992 4877 incomprehensibilem,
3020 4800 3369 4865 invisibilem,

110 4910 288 4966 nentes,
307 4903 438 4974 quia
461 4902 699 4957 omnino
730 4917 924 4958 cavere
948 4919 1043 4957 nos
1064 4911 1276 4974 oportet
1302 4917 1481 4956 rerum
1516 4901 1673 4955 novi-
1773 4905 1936 4957 unius
1979 4903 2298 4958 substantia:
2338 4915 2402 4954 ac
2433 4898 2692 4955 sessionis
2723 4917 2737 4952 :
2767 4899 3030 4954 confitens
3074 4893 3282 4966 pariter
3318 4899 3375 4948 et

111 4997 278 5057 tatem;
302 5002 357 5048 et
380 4993 634 5047 maxime
655 4990 747 5046 ubi
771 4991 910 5045 inter
931 4992 1110 5061 plebes
1134 5007 1255 5062 qua:
1279 4991 1330 5045 in
1359 4991 1460 5044 fide
1475 4990 1678 5047 ChrisLi
1777 4995 1895 5049 Filii
1943 4994 2038 5051 Dei
2081 4991 2512 5048 incarnationem
2545 4989 2690 5063 [Gr.,
2718 4989 3016 5058 perfectam
3049 4985 3378 5043 incarnatio-

111 5091 228 5149 suat,
259 5085 498 5140 turbatio
537 5081 792 5152 quaedam
815 5090 867 5136 οι
894 5083 1270 5138 εοθηάειίοιύιιι
1295 5097 1455 5136 causa
1486 5083 1679 5136 Sllbse-
1784 5087 1952 5160 nem].
1990 5101 2044 5144 et
2074 5087 2178 5142 alia
2213 5085 2509 5143 secundum
2539 5083 2793 5138 virtutem
2821 5077 3179 5138 sacratissimi
3218 5076 3380 5146 Sym-

109 5173 278 5237 quitur,
333 5174 536 5229 deinde
581 5179 642 5226 et
692 5171 884 5240 prolixi
934 5173 1191 5243 temporis
1239 5173 1570 5226 consuetudo
1625 5169 1678 5222 in
1783 5178 1924 5244 noli,
1953 5181 2097 5252 quod
2144 5179 2299 5249 plebs
2335 5177 2538 5232 Christi
2571 5171 2916 5228 concorditer
2944 5182 3068 5228 ante
3097 5167 3380 5238 mysticam

111 5263 321 5319 ecclesiis
355 5265 558 5321 tenuit.
595 5261 656 5317 Si
681 5262 826 5316 enim
864 5278 982 5320 cum
1011 5264 1238 5321 consilio
1271 5264 1453 5318 vinum
1491 5273 1682 5336 potare
1783 5277 1840 5322 et
1864 5279 2111 5326 sanctam
2144 5267 2480 5323 oblationem
2511 5262 2667 5318 offert
2694 5259 2806 5314 Deo
2849 5280 2864 5315 :
2907 5275 3067 5333 atque
3097 5259 3184 5315 illa
3218 5255 3384 5324 spiri-

110 5345 357 5422 Scriptura
409 5351 670 5423 praecipit
729 5345 906 5416 (Ρνουο
935 5357 1103 5426 xxxi),
1159 5351 1330 5408 multo
1367 5355 1538 5424 magis
1584 5365 1683 5406 nos
1774 5358 1950 5434 _tualis
1999 5359 2369 5434 regeneratio,
2396 5371 2516 5426 quae
2544 5355 2596 5408 in
2629 5351 2846 5406 nomine
2885 5353 3196 5413 earumdem
3226 5348 3386 5400 trium

109 5454 289 5490 (mm-Im
332 5446 500 5490 mnlln
561 5441 920 5490 innnicilinna
958 5443 1418 5490 nnppgggrinrihnc
1458 5460 1658 5484 nnarn“

1185 5443 1418 5486 rinrihnc
1458 5460 1680 5484 Anam-un
1789 5447 2143 5490 [divinos-nm]
2186 5451 2278 5490 nni
2312 5444 2687 5488 nvi-minantur“
2733 5458 2734 5463 ‘
