3924 5460
574 381 681 444 52'

1761 395 2121 454 ANAS’I'ASII
2160 389 2704 450 BIBLIOTHECARII

571 495 741 556 eescit
774 495 1127 564 lllumiuatio,
1156 509 1213 555 et
1248 499 1537 572 impietatis
1564 503 1802 561 tenebras
1827 502 2154 574 ell'ugantur,
2185 507 2235 567 Α
2259 510 2355 573 pto
2385 500 2793 559 commodarem
2822 497 2963 573 [Gr,,
2997 499 3401 574 attribuerent],
3434 499 3738 572 impietatis
3762 518 3837 561 eo.

573 591 836 648 habentes
877 600 933 647 et
981 592 1110 662 ipsa:
1157 592 1359 663 proprii
1405 594 1612 649 erroris
1656 595 2156 669 manifestissimam

538 681 968 755 cognitionem,
1016 682 1308 737 multorum
1346 683 1598 739 videlicet
1634 685 1859 739 deorum
1889 685 2156 755 supersti-

558 772 797 849 tionem.
828 770 954 828 Haec
978 781 1160 829 autem
1188 772 1260 826 ita
1286 772 1517 829 invicem
1538 773 1918 840 adversantur,
1945 783 2005 829 ut
2030 790 2160 845 apo-

572 865 761 920 stolice
805 864 980 919 dicam
1006 904 1021 928 ,
1068 864 1525 933 quemadmodum
1567 864 1620 920 in
1668 865 1935 936 principio
1977 865 2161 922 divisit

573 954 718 1011 Deus
747 956 888 1010 inter
914 955 1085 1010 lucem
1116 965 1172 1010 et
1211 956 1355 1010 inter
1381 955 1650 1011 tenebras.
1687 956 1841 1012 Dicat
1867 957 2032 1027 igitur
2059 972 2159 1012 no-

572 1049 781 1106 biscum
827 1049 1170 1107 beatissimus
1212 1049 1553 1122 Evangelista
1598 1048 1880 1106 Joannes:
1924 1049 2055 1105 Ha'c
2083 1059 2162 1106 est

542 1144 792 1199 .t-ictoria
814 1161 931 1215 quae
955 1146 1077 1200 vicit
1107 1144 1380 1208 mundum,
1411 1143 1544 1213 ﬁdes
1587 1152 1769 1197 nostra
1805 1141 1858 1213 (1
1889 1141 2050 1197 Joan.
2080 1142 2158 1214 v);

571 1235 802 1292 addatur
831 1244 1012 1292 autem
1039 1245 1095 1292 et
1139 1251 1171 1290 a
1202 1236 1386 1301 nobis,
1413 1245 1469 1291 et
1498 1235 1713 1290 dicatur
1744 1253 1758 1289 :
1792 1235 1920 1291 Htec
1948 1245 2033 1291 est
2068 1251 2163 1307 pe-

571 1335 675 1389 tra,
701 1341 861 1396 supra
884 1343 1045 1405 quam
1070 1327 1317 1383 Christus
1337 1325 1629 1382 aedificavit
1657 1342 1812 1382 suam
1835 1326 2158 1393 Ecelesiam,

570 1415 743 1485 portis
793 1416 984 1482 inferi,
1033 1417 1087 1473 id
1137 1427 1223 1474 est
1271 1417 1709 1488 aggressionibus
1758 1418 2161 1474 contrariarum

536 1558 543 1564 .
572 1491 835 1561 virtutum
866 1507 1245 1563 inconcussam
1271 1516 1327 1561 et
1351 1506 1745 1564 inevertibilem
1773 1507 1992 1579 (Matth.
2022 1506 2157 1581 xw).

570 1597 711 1654 Hinc
755 1613 955 1655 novum
984 1614 1180 1655 nomen
1222 1600 1651 1663 sortiti-sumus,
1683 1602 1824 1671 quod
1846 1642 1862 1667 ,
1892 1610 1953 1656 ut
1991 1600 2162 1657 Isaias

568 1691 724 1759 dicit,
755 1693 1126 1749 benedieetur.
1158 1692 1302 1748 Dixit
1328 1693 1473 1748 enim
1505 1693 1579 1748 ita
1603 1712 1620 1749 :
1643 1692 1959 1751 Benedieent
1989 1693 2160 1748 Deum

2225 637 2235 643 .
2263 608 2384 649 rum
2405 602 2462 648 et
2490 593 2741 649 amentia:
2765 592 3116 669 ostendentes
3140 592 3503 649 nimietatem.
3531 594 3640 649 Alii
3673 602 3834 652 autem

2260 693 2385 754 post
2416 685 2532 744 [nec
2558 684 2775 754 gentilis
2806 684 3080 754 religionis
3106 684 3344 755 aggressi
3371 683 3775 753 confusionem,
3795 699 3837 743 et

2230 775 2403 838 .hauc
2443 774 2834 844 circumtegere
2863 772 3186 829 festinantes
3227 776 3328 831 sub
3360 775 3584 831 nomine
3630 775 3835 833 deorum

2232 916 2235 925 ,
2260 862 2355 932 qui
2385 860 2525 933 apud
2551 877 2646 917 eos
2670 862 3005 928 colebantur,
3037 862 3451 918 simulacrorum
3481 878 3651 921 curas
3680 866 3837 920 studio

2264 949 2419 1025 [οη.
2469 952 2806 1026 structuras]
2854 952 3208 1025 peragebant,
3260 961 3371 1009 tam
3424 953 3643 1010 scilicet
3684 952 3836 1021 lovis,

2261 1058 2423 1114 quem
2448 1055 2504 1099 et
2530 1054 2740 1115 patrem
2771 1053 2826 1100 et
2850 1045 3158 1111 consulem,
3197 1046 3252 1102 id
3279 1054 3364 1102 est
3396 1047 3838 1103 sublimissimum

2261 1138 2486 1192 deorum
2506 1152 2572 1192 ac
2597 1138 2875 1194 hominum
2902 1139 3482 1210 nuncupabant,quam
3506 1148 3836 1207 ceterorum,

2261 1240 2492 1296 quorum
2519 1243 2625 1283 non
2647 1237 2733 1284 est
2757 1229 2964 1285 incerta
2988 1231 3288 1286 nominatio
3312 1231 3578 1302 pluribus.
3612 1231 3838 1299 Quorum

2260 1318 2613 1389 purgationes
2639 1317 3061 1393 [venerationes]
3083 1329 3139 1377 et
3166 1322 3420 1388 honores,
3443 1323 3539 1394 qui
3568 1338 3672 1394 per
3688 1324 3839 1380 sacri-

2262 1407 2383 1464 ficia
2414 1425 2534 1481 qute
2579 1409 2649 1465 ab
2679 1410 2761 1466 eis
2792 1411 3158 1478 celebrantur,
3194 1412 3418 1479 fiebant,
3462 1413 3838 1472 fornicationes

2262 1516 2478 1572 quoque
2498 1510 2662 1573 atque
2689 1502 2939 1567 luxuriat,
2964 1519 3030 1559 ac
3052 1505 3219 1560 totius
3244 1505 3606 1562 immunditia:
3627 1507 3838 1564 demon-

2232 1630 2237 1635 .
2261 1591 2579 1659 strationes,
2606 1601 2666 1647 ut
2691 1608 2883 1663 parum
2914 1595 2986 1649 sit
3009 1595 3133 1658 dici,
3166 1596 3344 1666 turpia
3371 1597 3538 1652 verba
3567 1599 3775 1669 pariter
3795 1608 3839 1655 et

2260 1680 2610 1753 blasphemia:
2641 1702 2657 1739 :
2693 1700 2817 1741 cum
2847 1685 2989 1756 apud
3038 1701 3133 1743 eos
3167 1687 3460 1743 homicidia
3490 1689 3548 1744 in
3589 1690 3837 1745 honorem

569 1798 750 1836 verum
780 1782 917 1853 (Isa.
945 1782 1107 1853 uv);
1144 1792 1200 1838 et
1236 1784 1641 1855 superignotam
1667 1793 1832 1855 atque
1867 1786 2160 1857 investiga-
2188 1854 2223 1857 ᾗ
2265 1775 2359 1831 Dei
2395 1777 2576 1833 studio
2618 1788 2930 1849 agerentur,
2960 1787 3018 1835 et
3059 1794 3254 1850 pompa
3303 1782 3555 1851 turpibus
3597 1784 3839 1853 operibus

568 1874 730 1929 bilem
761 1874 1044 1930 ineliahilis
1071 1873 1187 1942 ejus
1210 1854 1828 1933 naturaeannuntiantes
1856 1854 2157 1947 incompre—
2188 1854 2234 1914 Β
2261 1882 2449 1924 eorum
2480 1868 2884 1938 honorabalur,
2916 1871 2969 1926 in
3010 1872 3267 1927 honorem
3299 1886 3490 1928 eorum
3528 1874 3625 1945 qui
3660 1875 3839 1931 adora-

538 2024 541 2027 _
568 1962 1022 2045 hensibilitatem;
1058 1964 1381 2021 invisibilem
1405 1967 1566 2022 etiam
1588 1966 1757 2033 illam,
1778 1977 1836 2024 et
1861 1969 2155 2025 incircnm-
2260 1963 2460 2018 bantur
2486 1972 2787 2034 assumpta,
2812 1972 2999 2035 utpote
3046 1966 3162 2021 haec
3191 1965 3299 2021 illis
3342 1967 3656 2037 agentibus,
3687 1976 3743 2024 et
3767 1968 3838 2024 his

568 2055 861 2124 scriptam,
900 2067 956 2111 et
999 2057 1221 2113 omnino
1260 2057 1759 2117 incommutabilem
1813 2060 2155 2117 indubitabili

568 2146 896 2202 certitudine
945 2148 1336 2217 praedicantes;
1390 2157 1555 2220 atque
1602 2150 1988 2222 sempiternam
2030 2151 2157 2223 {ejus

540 2237 824 2295 virtutem
852 2248 906 2294 et
934 2240 1270 2296 divinitatem
1297 2256 1328 2295 a
1349 2250 1598 2297 creatura
1624 2244 1829 2308 mundi,
1856 2244 2155 2300 secundum

568 2328 992 2385 sacratissimum
1038 2329 1264 2385 Paulum
1289 2372 1304 2397 ,
1358 2346 1456 2401 per
1483 2347 1548 2387 ea
1575 2348 1695 2402 qua:
1724 2331 1865 2390 facta
1898 2344 2043 2400 sunt,
2076 2336 2157 2390 in-

536 2418 864 2493 _tellectam,
909 2422 1307 2491 conspicientes
1355 2422 1538 2494 (Rom.
1589 2423 1651 2494 I).
1703 2422 1902 2494 Sicque
1950 2425 2158 2483 servire

535 2584 541 2589 θ
569 2509 682 2566 Deo
722 2512 845 2568 vivo
886 2521 941 2567 et
978 2528 1112 2583 vero
1146 2513 1476 2579 meruimus,
1505 2524 1560 2570 et
1596 2514 1846 2571 libertate
1872 2531 1977 2586 qua
2003 2515 2157 2573 Chri-

568 2612 685 2659 stus
714 2620 813 2660 nos
843 2604 1093 2660 liberavit
1115 2646 1130 2671 ,
1164 2607 1504 2663 honorilieati
1545 2623 1733 2662 sumus
1761 2616 1817 2663 et
1844 2608 2153 2680 glorificati,

537 2696 635 2771 'ah
659 2696 805 2752 omni
837 2697 1008 2768 erepti
1038 2698 1231 2754 idolico
1256 2713 1446 2755 errore
1471 2707 1525 2755 et
1555 2700 1832 2770 impietate
1854 2698 2000 2772 (Gal.
2033 2703 2107 2773 tv)
2135 2718 2153 2760 :

566 2788 722 2859 cujus
753 2788 1043 2859 ιπεεείριιτιἓ
1066 2790 1338 2859 cognitio,
1369 2791 1550 2846 dicere
1588 2791 1773 2863 lapidi,
1812 2791 1890 2847 Tu
1932 2808 2021 2849 me
2063 2808 2154 2865 ge-

567 2880 730 2934 nuisti
762 2898 775 2932 :
806 2889 873 2949 et
893 2879 1059 2951 ligno,
1089 2879 1168 2935 Tu
1200 2870 1286 2937 me
1321 2881 1519 2949 fecisti,
1549 2884 1845 2939 secundum
1880 2886 2155 2955 prophetae

569 2987 802 3047 vocem:
835 2981 889 3028 et
916 2988 1022 3027 non
1053 2973 1295 3043 aspicere
1324 2975 1378 3029 in
1416 2976 1613 3031 caelum
1633 3016 1648 3042 ,
1674 2986 1734 3030 ut
1763 2976 1931 3032 lsaias
1959 2977 2156 3033 clamat

569 3062 706 3131 (ιτα.
745 3067 919 3130 χχιι),
958 3075 1019 3119 ιιι
1063 3066 1406 3130 existimetur
1448 3068 1571 3138 quis
1616 3078 1732 3133 est,
1778 3068 1868 3139 qui
1918 3070 2156 3125 ostendit

571 3155 688 3209 lucc
733 3155 913 3210 omnia
964 3173 981 3209 :
1033 3155 1124 3225 qui
1180 3155 1363 3211 educit
1416 3172 1514 3227 per
1561 3172 1845 3212 numerum
1895 3158 2152 3213 mundum

2262 2049 2421 2108 lactis
2448 2054 2974 2125 congratulantibus.
3000 2055 3173 2113 Porro
3195 2071 3317 2127 quae
3340 2058 3484 2129 apud
3511 2056 3838 2115 Christianos

2222 2153 2388 2201 -sunt
2432 2146 2696 2217 imagines
2740 2155 3052 2203 sanctorum
3100 2148 3381 2215 virorum,
3425 2150 3523 2219 qui
3570 2166 3749 2221 usque
3780 2151 3837 2205 ad

2260 2238 2578 2308 sanguinem
2623 2238 2941 2294 restiterunt
2987 2248 3209 2309 peccato
3253 2242 3555 2296 secundum
3606 2241 3836 2310 Apostoli

2254 2342 2446 2383 vocem
2484 2325 2673 2400 (Hebr.
2703 2328 2825 2400 xu),
2865 2329 3067 2399 quique
3096 2330 3265 2386 verbo
3288 2330 3542 2386 veritatis
3576 2332 3839 2388 ministra-

2260 2428 2488 2483 verunt,
2531 2418 2916 2489 prophetarum
2948 2418 3155 2475 scilicet
3180 2429 3236 2474 et
3279 2419 3656 2490 apostolorum
3687 2437 3706 2475 :
3733 2423 3834 2477 sive

2223 2555 2226 2559 .
2258 2509 2424 2564 etiam
2452 2523 2641 2564 eorum
2687 2510 2776 2579 qui
2807 2510 2895 2580 pia
2925 2510 3034 2566 vita
3063 2519 3120 2566 et
3163 2511 3463 2568 directione
3504 2528 3735 2583 operum
3759 2514 3838 2569 bo-

2257 2616 2447 2656 norum
2476 2601 2746 2658 veraciter
2789 2603 2884 2657 Dei
2912 2603 3052 2659 servi
3082 2603 3285 2662 ostensi
3332 2613 3492 2672 sunt,
3526 2606 3667 2661 nihil
3702 2606 3835 2661 aliud

2255 2704 2568 2765 suntquam
2595 2694 2928 2751 fortitudinis
2952 2697 3281 2768 exemplum,
3306 2699 3837 2769 conversationisque

2257 2786 2577 2841 venerandae
2614 2802 2679 2842 ac
2700 2786 2963 2842 virtutum
2990 2802 3179 2843 norma
3197 2828 3213 2853 ,
3246 2796 3408 2859 atque
3434 2790 3503 2845 ad
3548 2789 3837 2860 gloriﬁcan-

2257 2880 2383 2935 dnm
2415 2879 2603 2946 Deum,
2635 2881 2722 2936 cui
2772 2881 2827 2936 in
2872 2883 3122 2952 praesenti
3168 2882 3284 2938 vita
3320 2883 3462 2939 bene
3501 2881 3832 2954 placuerunt,

2257 2970 2665 3027 incitamentum
2695 2981 2750 3027 et
2777 2974 3054 3029 excitatio.
3086 2972 3278 3030 Sermo
3303 2974 3449 3029 enim
3478 2978 3744 3031 bonorum
3769 2975 3835 3029 vi-

2257 3078 2440 3118 rorqu
2470 3072 2624 3118 actus
2651 3065 2919 3129 edocens,
2944 3062 3098 3133 juvat
3127 3064 3406 3121 audientes
3424 3106 3440 3130 ,
3466 3074 3524 3120 et
3566 3066 3638 3120 ad
3671 3065 3833 3122 zelum

2260 3152 2580 3210 imitationis
2622 3152 2936 3231 frequenter
2964 3156 3175 3210 invitat.
3222 3154 3280 3210 ld
3328 3156 3504 3225 ipsum
3557 3166 3740 3212 autem
3782 3156 3837 3210 ﬁt

570 3260 729 3313 suum
752 3288 767 3311 ,
819 3261 916 3315 per
943 3262 1139 3302 nomen
1171 3249 1386 3305 vocabit
1429 3264 1541 3319 prae
1571 3250 1736 3305 multa
1766 3251 1936 3322 gloria
1960 3292 1975 3317 ,
2004 3261 2058 3308 et
2099 3252 2154 3306 in
2180 3230 2228 3295 α
2258 3246 2554 3302 secundum
2573 3230 2968 3317 competentem
2994 3248 3283 3314 rationem,
3307 3249 3352 3304 si
3384 3247 3508 3304 ﬁnis
3532 3251 3835 3304 attendam

572 3336 917 3393 multitudine
941 3338 1184 3403 virtutis;
1210 3338 1362 3407 cujus
1389 3355 1583 3395 manus
1607 3341 2011 3410 plasmaverunt
2036 3342 2157 3398 uni-

573 3442 782 3484 versam
815 3428 1062 3483 militiam
1100 3429 1223 3509 cmli
1244 3469 1258 3494 ,
1290 3431 1743 3500 quemadmodum
1776 3431 1914 3489 alius
1937 3432 2156 3502 quidam

567 3520 646 3574 ait
695 3520 1135 3590 prophetarum:
1187 3528 1439 3576 caeterum
1487 3531 1750 3578 creatura:
1798 3524 2064 3580 universae
2100 3524 2155 3578 in

567 3611 973 3687 aptoiordinem
1018 3611 1287 3665 intuentes
1310 3651 1324 3677 ,
1357 3627 1453 3681 per
1488 3626 1606 3667 eam
1640 3612 1916 3668 intellectu
1960 3613 2157 3669 animae

567 3703 820 3759 similiter
862 3703 1227 3773 generationis
1292 3704 1557 3763 rationem
1615 3705 1960 3761 considerare
2002 3702 2153 3777 [Gr.,

569 3792 916 3862 proportione
940 3794 1316 3863 productivum
1347 3793 1466 3864 ejus
1493 3794 1716 3851 verbum
1744 3794 1949 3868 cons.],
1978 3808 2033 3852 et
2059 3811 2157 3867 per

568 3901 690 3941 eam
719 3886 986 3942 veraciter
1020 3887 1342 3962 existentem
1375 3888 1543 3944 Deum
1588 3889 1816 3944 adorare
1837 3927 1854 3954 ,
1895 3887 2157 3960 quemad-

570 3975 790 4034 modum
835 3977 1024 4032 beatus
1050 3976 1412 4042 Athanasius,
1453 3992 1759 4034 sermonem
1785 3989 1974 4035 contra
2012 3979 2155 4036 idola

568 4081 922 4137 componens,
954 4067 1208 4137 liquidius
1235 4068 1445 4125 edocet.
1484 4068 1638 4124 Sicut
1672 4084 1804 4141 ergo
1837 4069 1982 4143 nulla
2009 4085 2156 4127 com-

570 4157 869 4212 municatio
897 4157 1001 4213 luci
1034 4157 1100 4212 ad
1133 4160 1403 4224 tenebras,
1432 4159 1515 4215 vel
1540 4161 1827 4217 conventio
1854 4160 2060 4217 Christi
2087 4163 2154 4217 ad

568 4247 738 4304 Belial
763 4248 852 4320 (Il
884 4250 1008 4305 Cor.
1037 4248 1112 4322 Vl)
1147 4269 1161 4305 :
1194 4251 1267 4305 ita
1298 4251 1432 4306 nihil
1467 4260 1557 4307 est
1584 4266 1871 4310 commune
1898 4253 2158 4310 Christia-

570 4342 677 4408 nis,
703 4343 794 4412 qui
824 4358 989 4399 unum
1015 4341 1184 4397 Deum
1213 4342 1572 4400 inaccessibili
1601 4343 1850 4399 claritate
1874 4353 1932 4399 et
1960 4344 2156 4413 virtute

570 4434 905 4490 adorandum
935 4434 1138 4501 colunt,
1171 4434 1239 4491 ad
1262 4451 1359 4491 eos
1386 4435 1476 4507 qui
1507 4435 1716 4508 tingunt
1743 4437 1942 4502 Deum,
1970 4444 2027 4492 et
2054 4436 2154 4492 hu-

563 4527 801 4599 jnsmodi
825 4547 854 4585 a
884 4530 1141 4601 propheta
1162 4529 1308 4601 jnste
1335 4530 1518 4586 miseri
1542 4539 1805 4587 vocantur
1823 4529 1959 4602 (Isa.
1984 4528 2148 4602 xmv).

2256 3340 2571 3413 imaginum.
2610 3341 2741 3410 Quae
2781 3343 2928 3398 enim
2977 3357 3158 3398 sermo
3203 3341 3443 3409 historiae
3477 3356 3578 3412 per
3604 3342 3833 3396 auditum

2253 3435 2632 3502 commendat,
2689 3435 2805 3491 haec
2851 3435 3060 3506 pictura
3112 3445 3297 3493 tacens
3341 3450 3440 3506 per
3488 3436 3833 3492 imitationem

2253 3524 2526 3588 ostendit,
2563 3539 2790 3596 magnus
2838 3525 3039 3581 clamat
3084 3525 3348 3591 Basilius,
3383 3540 3451 3581 ex
3478 3533 3715 3597 utraque
3742 3526 3835 3580 isto

2255 3616 2323 3669 ad
2374 3613 2743 3670 fortitudinem
2792 3616 2892 3671 hos
2929 3616 3021 3686 qui
3072 3617 3397 3680 attendunt,
3450 3617 3589 3688 erigi
3636 3616 3830 3672 dicens.

2242 3707 2440 3763 Brevis
2467 3708 2613 3763 enim
2632 3750 2646 3772 ,
2682 3716 2742 3762 ut
2771 3708 2893 3779 quis
2919 3708 3145 3771 dixerit,
3175 3718 3230 3763 et
3255 3707 3573 3779 rapitularis
3603 3708 3833 3763 narratio

2252 3808 2529 3869 gestorum
2555 3814 2585 3853 a
2613 3799 2821 3869 pictore
2850 3799 2904 3854 in
2936 3798 3171 3871 imagine
3200 3797 3340 3872 [Gr.,
3372 3799 3440 3854 ab
3470 3814 3538 3855 eo
3565 3799 3661 3871 qui
3695 3800 3831 3869 depi-

2252 3898 2372 3946 ctus
2398 3901 2479 3947 est
2516 3891 2570 3945 in
2602 3889 2721 3964 im.]
2755 3891 2815 3946 lit
2856 3891 3043 3952 nobis.
3069 3890 3158 3962 qui
3199 3891 3526 3963 aspicimus,
3564 3891 3831 3948 imitabilis

2254 3980 2479 4037 visionis
2506 3980 2677 4052 ipsius
2706 3980 2975 4038 formatio.
3004 3979 3075 4036 Ut
3099 3996 3229 4053 ergo
3250 3991 3450 4036 etcum
3484 3978 3630 4055 [ϐω
3656 3998 3830 4053 quem-

2253 4072 2545 4129 admodum
2571 4071 2802 4145 etcum]
2852 4070 3008 4127 idolis
3053 4070 3310 4127 falsorum
3349 4072 3575 4128 deorum
3599 4071 3830 4128 sceleste

2257 4167 2494 4237 ipsorum
2530 4164 2840 4221 coexistnnt
2878 4162 3021 4236 [Gr.,
3053 4164 3211 4220 simul
3253 4163 3541 4238 apparent]
3578 4164 3825 4224 actim

2252 4264 2310 4312 et
2333 4255 2494 4310 alimn
2519 4254 2736 4325 quidem
2759 4271 2831 4311 ex
2862 4253 3049 4309 auditu
3079 4253 3469 4324 percipientem
3503 4268 3570 4309 ea
3597 4268 3721 4323 qua
3742 4267 3830 4323 per

2252 4354 2472 4403 sanctos
2493 4345 2639 4400 viros
2676 4353 2828 4413 gesta
2861 4352 3015 4408 sunt,
3062 4343 3116 4398 in
3160 4344 3594 4399 recordationem
3637 4342 3829 4398 audito-

2215 4451 2374 4491 -rum
2418 4435 2719 4505 huiusmodi
2760 4432 3145 4504 contemplatio
3188 4431 3438 4503 impellit.
3480 4432 3668 4487 Alium
3712 4445 3827 4486 vero

2255 4525 2591 4596 ignorantem
2617 4523 2685 4578 ad
2711 4522 2997 4595 diligenter
3018 4521 3479 4592 percunctandum
3507 4521 3757 4585 instruit,
3782 4528 3832 4572 et

568 4589 680 4679 illis
732 4589 899 4679 enim'
941 4589 1079 4679 cinis
1123 4589 1339 4692 quidem
1385 4638 1479 4679 cor
1520 4632 1637 4697 est,
1691 4589 1843 4678 sicut
1890 4589 2153 4694 scriptum
2181 4589 2232 4649 υ
2257 4589 2378 4686 qua:
2409 4632 2505 4686 per
2547 4614 2695 4670 illum
2743 4589 3195 4685 docentur-[Cm
3222 4611 3365 4666 illius
3389 4620 3514 4667 acta
3544 4609 3827 4683 edoctum].

539 4723 655 4768 est
704 4731 720 4767 :
773 4727 1002 4783 quorum
1044 4713 1136 4768 alii
1178 4712 1392 4784 quidem
1467 4727 1631 4785 opera
1678 4713 1804 4769 idoli
1844 4728 1875 4767 a
1932 4728 1992 4768 se
2025 4711 2151 4768 facti

531 4850 537 4857 .
569 4805 747 4861 creari
777 4806 879 4860 sibi
907 4804 1075 4861 Deum
1105 4814 1376 4861 recentem
1403 4820 1471 4861 ex
1519 4821 1623 4860 non
1646 4806 2009 4861 existentibus
2033 4805 2152 4875 opi-

571 4907 773 4953 nantur
817 4915 833 4953 :
883 4907 941 4954 et
987 4907 1276 4953 corruente
1332 4898 1434 4952 hoc
1483 4912 1552 4953 ex
1603 4897 1842 4967 qualibet
1888 4912 2051 4953 causa
2098 4904 2156 4951 et

532 5020 539 5025 ι
572 4990 972 5054 exterminata,
1016 4988 1247 5043 firmiter
1277 4995 1457 5043 tenent
1505 5003 1611 5042 non
1639 5002 1759 5044 esse
1802 4988 1903 5043 sibi
1933 4988 2155 5043 omnino

574 5078 779 5143 Deum,
825 5078 927 5134 nisi
956 5078 1210 5149 quiddam
1248 5076 1391 5131 aliud
1422 5078 1536 5148 pari
1587 5077 1746 5132 modo
1790 5078 2151 5134 condiderint.

574 5169 643 5223 Et
688 5170 793 5224 hoc
840 5169 1045 5238 liquido
1095 5185 1192 5225 nos
1239 5169 1418 5224 divina
1464 5169 1621 5223 docet
1667 5169 1943 5239 Scriptura
1990 5171 2043 5225 in
2089 5184 2157 5223 eo

574 5261 720 5331 quod
747 5259 948 5319 factum
976 5271 1061 5316 est
1089 5262 1144 5315 in
1170 5276 1377 5326 eremo,
1405 5277 1569 5331 opere
1602 5261 1752 5316 vituli
1781 5263 1849 5317 ab
1876 5263 2155 5328 lsraelitis,

574 5350 794 5388 ηηειηοΙΛ
813 5349 967 5384 ειΜίΙῖ
984 5366 993 5367 ί
1054 5366 1063 5367 ί

2257 4706 2313 4762 ἰιι
2341 4720 2579 4761 amorem
2605 4713 2663 4759 et
2693 4704 2906 4759 laudem
2957 4703 3051 4758 Dei
3088 4702 3295 4757 fervide
3319 4702 3631 4758 suscitant:
3674 4703 3745 4757 ita
3779 4712 3830 4756 ut

2256 4813 2354 4869 per
2384 4806 2676 4867 utrumque
2710 4797 2936 4851 istorum
2967 4793 3298 4865 aspicientes
3334 4803 3657 4850 sanctorum
3683 4808 3829 4866 opera

2256 4895 2394 4947 bona
2413 4931 2430 4958 ,
2465 4889 2768 4961 gloriﬁcent
2811 4888 3027 4944 Patrem
3056 4895 3299 4943 nostrum
3328 4887 3421 4957 qui
3470 4886 3527 4942 in
3555 4887 3712 4943 caelis
3739 4894 3831 4949 est.

2254 4982 2551 5038 secundum
2598 4980 2871 5051 Evangelii
2920 4993 3107 5035 vocem
3151 4977 3369 5045 (Matth.
3406 4979 3487 5046 v).
3545 4979 3620 5035 At
3662 4980 3711 5034 si
3748 4992 3835 5048 per

2257 5072 2493 5143 Moysem
2523 5070 2788 5141 legislatio
2826 5070 3071 5140 praecipit
3114 5067 3312 5140 popqu
3350 5067 3505 5123 illum
3542 5066 3836 5141 hyacinthi-

2220 5208 2223 5211 .
2258 5180 2387 5219 num
2416 5164 2469 5219 in
2501 5161 2727 5217 fimbriis
2757 5176 2877 5231 qua:
2902 5171 3031 5217 sunt
3062 5160 3116 5215 in
3154 5158 3573 5215 summitatibus
3597 5160 3835 5219 vestium,

2257 5254 2462 5325 imponi
2492 5253 2559 5307 ad
2591 5251 3019 5308 recordationem
3046 5258 3442 5321 praeceptorum
3474 5260 3646 5321 atque
3669 5257 3839 5317 enato:

2266 5347 2402 5380 ηπ-ηυ-
2432 5343 2620 5390 IN-nn-
2648 5346 2736 5390 nn
2764 5363 2775 5390 :
2802 5352 3004 5394 nnanto
3031 5342 3203 5406 maris
3225 5356 3331 5394 non
3360 5343 3623 5388 ραι-νινε·
3656 5358 3686 5366 -
3742 5358 3751 5359 ί
3774 5339 3816 5364 ⁴⁸
