3924 5778
116 352 219 411 3‘19

852 347 1408 406 INTERPRETATIO
1447 346 1700 404 SYNODI
1736 345 1827 402 γιι
1863 343 2266 403 GENERALtS.
2308 373 2378 383 ——
2414 339 2617 399 ACTlO
2657 339 2744 395 IV.

3289 342 3395 399 330

113 472 236 541 ςιςιη
264 479 347 523 est
384 466 784 532 haereticorum,
813 466 902 536 qui
933 465 1215 537 phantasia
1240 474 1296 521 et
1322 479 1427 521 non
1474 464 1706 520 veritate
1734 465 1781 524 Α
1809 467 1865 518 et
1892 475 1998 515 non
2033 445 2221 530 utique
2244 464 2325 513 tot
2346 456 2719 513 multitudines
2742 458 2858 513 zelo
2882 468 3237 531 congregatas
3282 477 3396 518 sua:

112 561 400 616 hominem
432 573 555 613 eum
581 557 779 612 factum
802 557 1063 613 maledice
1088 557 1403 628 perhibent,
1433 558 1565 612 etin
1596 572 1709 611 ma-

117 649 510 704 nuductionem
543 649 826 718 quamdam
867 663 1055 703 eorum
1101 650 1192 718 qui
1239 664 1343 703 non
1391 663 1612 703 omnino
1643 648 1709 704 ad

116 739 503 795 celsitudinem
550 738 841 794 ascendere
884 739 1183 809 spiritualis
1238 738 1709 809 contemplationis

114 830 322 896 valent,
354 831 453 886 sed
488 831 731 901 indigent
768 832 928 887 etiam
959 834 1192 903 quadam
1224 832 1489 903 corporali
1533 832 1711 888 consi-

116 922 404 977 deratione
430 923 499 977 ad
522 924 824 977 auditorum
856 924 1251 980 firmamentum
1273 965 1288 992 ,
1328 935 1532 994 quanto
1563 926 1711 981 video

116 1009 240 1066 licet
261 1012 457 1069 utilius
481 1024 537 1069 et
567 1014 849 1070 sollicitius
876 1015 1037 1071 fuerit
1080 1016 1221 1088 [Gr.,
1275 1033 1456 1073 rerum
1496 1018 1708 1074 audita-

116 1116 234 1155 rum
267 1102 357 1157 fir.
402 1118 736 1174 quacunque
764 1106 1009 1162 utiliores
1042 1118 1186 1172 sunt,
1211 1119 1266 1164 et
1290 1107 1479 1176 majori
1525 1125 1710 1181 prose-

116 1196 348 1264 quenda
400 1195 642 1269 allecto].
693 1198 1004 1270 Mysteriqu
1055 1201 1199 1256 enim
1247 1201 1389 1271 quod
1437 1210 1492 1257 et
1541 1203 1710 1259 etelos

115 1287 332 1357 operuit
353 1285 660 1355 majestate,
684 1289 1057 1346 absconditum
1087 1308 1115 1347 a
1149 1292 1359 1348 sacculis
1384 1302 1441 1349 et
1486 1308 1712 1366 genera-

116 1376 357 1434 tionibus
387 1378 444 1434 in
471 1379 606 1446 Deo,
631 1382 726 1453 qui
753 1383 934 1438 omnia
961 1384 1187 1450 creavit,
1214 1395 1270 1439 et
1297 1386 1438 1456 quod
1476 1401 1582 1442 non
1617 1402 1708 1442 so-

114 1467 225 1523 lum
252 1483 321 1524 ex
353 1469 542 1525 auditu
582 1470 740 1525 tidem
774 1471 939 1527 habet
990 1473 1145 1542 (ﬁdes
1192 1476 1336 1529 enim
1377 1491 1444 1529 ex
1496 1476 1706 1542 auditu,

115 1557 190 1613 ait
216 1558 516 1628 Apostolus
541 1559 721 1632 [Rom.
759 1560 864 1634 η),
893 1564 984 1619 sed
1017 1564 1180 1620 etiam
1209 1582 1308 1637 per
1330 1556 1592 1622 visionem
1619 1567 1710 1622 lir-

114 1656 290 1704 matur
313 1649 369 1704 in
398 1665 590 1705 eorum
620 1653 889 1709 mentibus
908 1655 999 1726 qui
1024 1655 1206 1711 vident
1234 1674 1249 1710 :
1277 1665 1334 1712 et
1354 1659 1550 1714 virtute
1574 1659 1705 1715 illud

112 1740 479 1809 vociferatur;
519 1744 644 1814 quia
690 1761 749 1802 se
792 1746 936 1803 Deus
960 1748 1325 1805 manifestavit
1353 1751 1406 1805 in
1434 1766 1622 1819 carne,
1654 1762 1709 1808 et

1809 551 2049 622 pietatis.
2074 552 2266 608 divina:
2302 550 2667 622 intelligentia:
2688 564 2752 606 ac
2779 551 3005 606 ducatus
3025 562 3271 608 exsortes
3297 555 3396 610 de-

1811 650 2051 705 sereret,
2101 656 2209 711 quo
2254 640 2432 695 minus
2474 640 2718 695 viderent
2758 642 3067 710 pervenisse
3111 658 3283 714 usque
3325 644 3397 699 ad

1812 730 2271 800 perseverantiam
2314 729 2665 800 perfectionis
2708 730 2962 787 Ecclesia:
3008 732 3196 803 ipsius,
3230 749 3397 805 quam

1810 819 2124 876 exhibuisse
2164 821 2265 875 sibi
2310 820 2638 875 credidimus
2672 836 2775 877 non
2806 821 3093 876 habentem
3130 823 3394 878 maculam

1811 920 1903 966 aut
1953 924 2163 983 rugam,
2214 921 2307 967 aut
2354 912 2556 982 aliquid
2610 912 2912 985 hujusmodi
2961 933 2973 967 :
3022 914 3147 970 licet
3190 930 3295 971 non
3338 914 3398 972 in

1812 1005 2000 1074 paucis
2047 1004 2129 1060 vel
2171 1005 2495 1076 ignobilibus
2533 1007 2861 1070 civitatibus,
2890 1008 3005 1074 sed,
3039 1018 3095 1063 ut
3129 1010 3203 1064 ita
3243 1010 3397 1066 dixe-

1812 1098 1936 1161 rint,
1966 1112 2102 1167 pene
2139 1098 2193 1152 in
2237 1098 2488 1153 omnibus
2529 1099 2855 1171 regionibus,
2901 1110 2955 1156 et
3001 1101 3056 1155 in
3101 1101 3399 1159 illustribus

1810 1202 1874 1243 ac
1911 1189 2298 1259 principalibus
2328 1189 2584 1246 Ecclesiis
2616 1190 2920 1261 hujusmodi
2968 1206 3119 1246 more
3164 1201 3396 1249 retento.

1811 1280 1965 1349 Quod
1992 1298 2121 1337 vero
2157 1283 2438 1354 antiquum
2464 1284 2534 1339 sit
2561 1285 2848 1341 historicas
2874 1285 3214 1340 narrationes
3245 1284 3397 1341 Scri-

1758 1368 1773 1381 '
1810 1382 2090 1444 pturarum
2121 1373 2436 1444 frequenter
2478 1375 2531 1430 in
2573 1375 2896 1447 imaginibus
2929 1375 3171 1442 formari,
3205 1377 3401 1447 probat

1810 1470 2012 1519 sanctae
2037 1465 2310 1520 memoria:
2334 1463 2582 1535 Gregorii
2606 1464 2790 1537 Nyssae
2811 1480 3009 1531 sermo,
3032 1466 3100 1522 de
3119 1465 3399 1521 Abraham

1811 1556 2018 1613 habens
2046 1558 2592 1629 superscriptionem;
2638 1559 2691 1614 in
2718 1574 2825 1629 quo
2849 1559 2917 1615 de
2945 1559 3213 1615 sacrificio
3247 1560 3399 1615 Isaae

1811 1650 2094 1705 historiam
2120 1651 2171 1706 in
2200 1651 2425 1721 picturis
2446 1662 2779 1721 assumptum
2809 1651 2988 1707 docet.
3025 1651 3179 1719 Quod
3222 1652 3267 1707 si
3310 1666 3397 1707 se-

1810 1740 2046 1796 cundum
2076 1741 2194 1796 illos
2221 1741 2400 1797 taliter
2423 1756 2483 1798 se
2508 1755 2594 1796 res
2616 1741 2812 1807 habet,
2863 1740 3033 1797 multo
3060 1739 3200 1814 [Gr.,
3241 1740 3397 1808 Quod

114 1831 383 1888 creditum
413 1844 501 1891 est
535 1835 590 1889 in
628 1838 847 1905 mundo,
878 1840 1129 1896 omnibus
1170 1843 1410 1899 sanctius
1436 1852 1598 1913 atque
1620 1844 1703 1900 sa-'

1806 1831 1851 1886 si
1896 1842 2047 1903 gesta
2086 1832 2298 1889 illorum
2348 1834 2440 1899 ita,
2488 1833 2677 1899 multo,
2722 1832 2854 1906 etc.]
2900 1834 3070 1906 magis
3106 1833 3401 1890 Dominicte

114 1920 320 1980 lubrius
358 1924 687 1982 invenietur.
730 1926 807 1983 ita
848 1938 908 1984 ut
942 1944 1007 1986 ea
1046 1946 1166 2001 quas
1196 1932 1398 2003 scripta
1447 1943 1571 1989 sunt
1608 1949 1708 2004 per

112 2016 460 2088 evangelicas
482 2019 892 2089 prmdicationes
914 2020 980 2077 de
999 2024 1410 2079 conversatione
1431 2022 1572 2096 ejus,
1598 2041 1706 2097 qua

112 2106 411 2162 modum
434 2122 657 2164 carnem
690 2108 747 2163 in
768 2152 773 2157 .
793 2117 939 2165 terra
966 2125 1089 2166 cum
1123 2112 1432 2169 hominibus
1475 2130 1706 2170 conver-

112 2202 262 2251 satus
304 2204 414 2264 est,
444 2197 501 2252 in
532 2198 887 2271 populorum,
936 2216 1005 2257 ne
1055 2203 1385 2272 delerentur,
1438 2205 1704 2276 descripta

112 2286 221 2343 sint
260 2293 678 2355 monumentis:
708 2303 766 2349 ut
815 2295 871 2350 et
914 2293 1091 2352 cultus
1141 2297 1405 2353 claritatis
1459 2299 1596 2371 ejus,
1650 2307 1706 2355 et

113 2378 257 2434 circa
284 2394 391 2436 nos
418 2380 701 2450 bonitatis,
733 2384 1071 2442 manifestius
1089 2388 1474 2458 przedicaretur
1496 2397 1551 2443 et
1580 2390 1707 2444 ado-

115 2482 346 2529 raretur.
396 2473 515 2532 Non
562 2478 707 2533 enim
748 2477 1013 2548 lignorum
1055 2490 1111 2536 et
1160 2481 1398 2537 colorum
1448 2483 1706 2538 adorator

114 2564 359 2632 mistura,
389 2567 485 2623 sed
522 2567 811 2626 invisibilis
837 2571 1000 2637 Deus,
1030 2574 1120 2643 qui
1157 2573 1212 2627 in
1243 2574 1362 2629 sinu
1389 2573 1566 2629 Patris
1591 2575 1704 2646 ipse

115 2657 486 2715 adorationem
526 2663 756 2717 assumit
806 2663 861 2718 in
896 2664 1089 2734 spiritu
1118 2673 1172 2721 et
1205 2666 1457 2731 veritate,
1501 2681 1600 2736 per
1644 2680 1704 2722 se

115 2749 269 2807 nobis
310 2751 644 2808 oblationem
689 2769 810 2825 quae
840 2756 911 2810 ad
935 2756 1150 2811 Patrem
1185 2764 1286 2822 est,
1329 2757 1556 2825 donans,
1590 2759 1704 2827 ipse

112 2840 323 2914 quoque
344 2859 475 2901 cum
507 2846 626 2916 ipso
650 2846 855 2917 pariter
881 2848 1185 2903 adorandus
1211 2847 1395 2919 (Joan.
1428 2849 1522 2919 tv).
1564 2848 1700 2903 Nam

113 2940 168 2986 et
201 2931 370 2990 Jaeob
408 2937 669 2992 adorasse
709 2936 906 2993 dicitur
950 2953 1113 3007 super
1139 2939 1501 2994 summitatem
1539 2940 1702 3010 virga:

113 3019 325 3092 Ioseph,
358 3039 471 3080 non
498 3024 644 3096 ligno
669 3025 873 3081 cultum
900 3027 1236 3097 impendens,
1290 3029 1382 3083 sed
1442 3030 1699 3083 honorem

111 3112 162 3167 ei
203 3113 295 3182 qui
342 3113 488 3170 hanc
534 3115 869 3186 possidebat,
918 3118 1208 3172 ostendens
1254 3117 1442 3189 (Ilebr.
1468 3119 1565 3190 XI).
1610 3118 1702 3174 Sic

113 3202 290 3275 itaque
333 3213 394 3260 et
436 3214 642 3262 sanctae
678 3206 888 3262 Domini
917 3215 972 3262 et
1002 3222 1216 3278 semper
1241 3208 1487 3280 gloriosae
1513 3209 1700 3266 Matris
1729 3197 1773 3261 C

112 3294 309 3368 eﬂigies
333 3296 658 3370 intelligitur
684 3312 714 3353 a
745 3298 947 3354 Christi
990 3300 1206 3371 populo,
1258 3309 1311 3356 ct
1352 3301 1693 3357 honoratur:

116 3386 188 3443 sic
225 3402 258 3441 a
297 3388 501 3460 priscis
545 3389 1011 3445 sanctissimarum
1044 3390 1409 3447 Ecclesiarum
1464 3394 1700 3463 praelatis

117 3479 236 3535 talia
291 3489 516 3552 recepta
571 3492 735 3550 sunt,
786 3492 865 3538 et
910 3484 965 3539 hi
1022 3484 1222 3540 nullam
1280 3487 1697 3555 prohibitionem

116 3573 287 3646 adepti
335 3583 467 3629 sunt
520 3574 665 3648 [Gr.,
699 3576 842 3631 nulla
894 3577 1255 3648 prohibitione
1303 3580 1470 3636 vetita
1526 3581 1696 3653 sunt].

118 3665 433 3738 Quanquam
473 3677 597 3738 post
631 3670 1058 3740 persecutionem
1110 3672 1369 3727 transitus
1401 3674 1454 3727 in
1492 3675 1698 3730 adven-

118 3764 224 3812 tum
260 3757 389 3815 lidei
415 3799 432 3825 ,
472 3759 588 3815 haec
627 3757 826 3829 ubique
863 3769 1073 3816 retenta
1108 3761 1335 3816 concilia
1373 3763 1700 3820 universalia

116 3850 274 3905 etiam
296 3864 473 3921 usque
509 3850 578 3907 ad
604 3851 1007 3922 generationem
1047 3860 1285 3907 nostram
1328 3855 1501 3923 parati
1551 3864 1697 3923 sunt,

117 3958 230 4012 quas
263 3943 625 4014 plurimorum
663 3945 1020 4016 capitulorum
1056 3960 1217 4017 super
1252 3948 1578 4018 imaginibus
1617 3964 1703 4005 re-

117 4033 262 4103 gulas
301 4048 603 4106 exposuere
647 4034 789 4109 [Gr.,
829 4036 963 4092 Cum
1008 4046 1186 4094 tamen
1234 4042 1700 4110 persecutionibus

117 4126 426 4192 transactis,
459 4135 515 4182 et
540 4126 646 4183 fide
685 4140 809 4183 cum
854 4128 1104 4184 libertate
1129 4130 1325 4200 ubique
1355 4132 1698 4203 prmvalente,

118 4218 382 4286 generalia
410 4234 628 4291 quoque
649 4220 875 4276 concilia
906 4237 1075 4293 usque
1115 4224 1182 4278 ad
1228 4234 1410 4280 nostra
1460 4237 1703 4298 tempora

116 4305 251 4361 facta
280 4309 423 4374 sint,
462 4320 518 4366 et
544 4325 608 4365 ea
644 4326 880 4368 canones
908 4314 1174 4369 ediderint
1203 4315 1270 4371 de
1296 4316 1537 4387 pluribus
1557 4319 1707 4390 capi-

120 4396 240 4454 talis
266 4398 429 4469 longe
455 4400 679 4457 minoris
701 4404 978 4470 momenti,
1005 4420 1168 4475 quam
1196 4405 1267 4462 sit
1292 4408 1357 4463 de
1377 4407 1703 4479 imaginibus

118 4490 450 4569 Wtatio].
501 4496 646 4564 Quas
702 4514 810 4555 non
866 4509 1011 4557 esset
1053 4517 1348 4573 congruum
1402 4503 1703 4561 indiscusse

117 4598 276 4658 super
302 4568 486 4646 hocet
508 4592 877 4663 perfunctdrie
905 4568 1302 4666 derelinqdere,
1334 4597 1379 4651 si
1403 4599 1697 4653 secundum
1733 4568 1780 4628 θ

118 4681 470 4747 quorumdam
496 4684 806 4756 opinionem
835 4701 958 4742 cum
990 4687 1253 4743 idolorum
1289 4687 1477 4744 formis
1511 4699 1567 4745 et
1608 4704 1702 4746 ex-

118 4773 492 4840 secramentis,
529 4791 651 4847 qua:
691 4778 1039 4834 continentur
1069 4779 1120 4834 in
1158 4780 1354 4836 divinis
1382 4780 1699 4852 Scriptnris,

119 4859 281 4914 etiam
303 4868 637 4922 consuetudo
666 4880 789 4937 qua:
809 4869 1110 4940 antiquitus
1157 4870 1298 4941 apud
1340 4887 1440 4928 nos
1485 4876 1703 4931 teneba-

120 4961 224 5022 tur,
290 4952 553 5028 discebat,
599 4962 704 5018 vel
767 4965 833 5019 ad
896 4964 994 5021 Dei
1046 4964 1423 5022 alienationem
1472 4971 1704 5026 ducatur

122 5041 261 5117 [Gr.,
300 5062 332 5102 a
364 5049 555 5121 priscis
589 5056 923 5125 temporibus
957 5056 1097 5127 apud
1135 5072 1235 5113 nos
1270 5059 1434 5127 viget,
1473 5062 1525 5118 in
1558 5064 1698 5119 idem

123 5136 314 5206 tendit,
351 5144 507 5212 amne
542 5145 612 5200 ad
649 5143 751 5199 Dei
793 5146 951 5203 alien.
993 5146 1184 5221 ducit].
1237 5146 1289 5204 Is
1325 5152 1470 5208 enim
1509 5156 1599 5226 qui
1640 5167 1701 5209 se

124 5242 248 5285 en
284 5235 531 5302 apostolis
566 5252 693 5292 esse
726 5252 894 5308 usque
926 5239 994 5293 ad
1032 5242 1552 5302 consummationem
1590 5261 1698 5302 ste-

122 5317 232 5374 euli
270 5321 394 5380 dixit
431 5325 647 5399 (Matth.
691 5330 883 5403 xxvnt)
908 5371 922 5396 ,
964 5331 1069 5387 hoc
1103 5332 1351 5389 videlicet
1400 5338 1563 5394 etiam
1614 5337 1701 5394 bis

122 5409 216 5501 qui
254 5421 368 5481 post
399 5430 488 5473 eos
523 5416 861 5489 inspectores
898 5421 1151 5479 Ecclesiae
1197 5431 1323 5479 sunt
1353 5464 1369 5489 ,
1409 5429 1699 5501 repromit-

124 5499 208 5555 tit.
269 5503 377 5563 Non
423 5512 577 5567 enim.
614 5527 743 5569 cum
782 5516 885 5575 illis
931 5518 1287 5586 corporaliter
1322 5499 1702 5588 perseveratu-

120 5605 218 5649 rus
252 5608 364 5654 erat
394 5618 560 5675 usque
592 5606 663 5663 ad
705 5608 953 5667 instantis
989 5613 1170 5668 saeculi
1211 5614 1534 5687 transitum;
1567 5615 1700 5689 quin

120 5691 178 5737 et
215 5700 337 5745 cum
377 5694 458 5753 bis
500 5700 593 5771 qui
634 5700 692 5755 in
736 5704 949 5759 nomine
984 5704 1101 5774 ejus
1143 5706 1250 5761 duo
1288 5707 1369 5762 vel
1423 5719 1532 5768 tres
1569 5726 1701 5769 con-

1811 1922 2225 1993 dispensationis
2268 1924 2528 1981 miracula
2568 1933 2622 1980 et
2663 1926 2943 1996 passiones
2973 1924 3277 1995 hujusmodi
3302 1923 3402 1979 de-

1806 2012 1939 2069 bent
1970 2016 2226 2086 consequi
2265 2016 2705 2088 approbationem
2751 2014 2893 2089 [Gr.,
2942 2016 3395 2091 expressionem],

1806 2107 2264 2177 quemadmodum
2316 2119 2373 2164 et
2420 2118 2733 2165 sanctorum
2784 2118 3083 2183 martyrum
3135 2111 3398 2182 triumphi

1805 2199 2187 2265 certaminum,
2216 2200 2307 2271 qui
2334 2202 2401 2256 ad
2423 2190 2816 2257 zelum’bonum
2837 2202 3111 2258 adducunt
3129 2202 3399 2271 aspicien-

1809 2300 1909 2348 tes.
1959 2291 2113 2358 Quod
2140 2291 2428 2348 manifeste
2452 2291 2655 2349 factum
2679 2294 2984 2350 ostenditur
3007 2293 3173 2350 etiam
3200 2297 3254 2349 in
3284 2293 3398 2350 for-

1808 2385 2003 2441 tissimi
2053 2396 2109 2440 et
2153 2384 2418 2441 mirabilis
2454 2386 2610 2442 testis
2655 2386 2900 2441 veritatis
2927 2385 3201 2442 Anastasii
3224 2396 3398 2444 certa-

1805 2477 1970 2532 mine.
2030 2475 2140 2532 Sed
2182 2475 2310 2531 illud
2354 2474 2585 2532 fortasse
2612 2475 2810 2531 dixerit
2844 2474 3058 2546 aliquis,
3090 2477 3225 2532 tueri
3250 2475 3393 2550 [Gr.,

1805 2566 2005 2639 vereri]
2034 2568 2399 2623 necessarium
2430 2567 2585 2622 nobis
2628 2576 2833 2621 sanctae
2864 2565 3160 2636 Scriptura:
3192 2583 3398 2638 praece-

1805 2664 1915 2728 pta.
1955 2656 2020 2712 Ut
2050 2664 2177 2728 puta
2206 2675 2221 2712 :
2254 2655 2376 2711 Non
2400 2656 2561 2726 [acies
2592 2656 2786 2710 tibimet
2821 2654 3043 2721 idolum,
3082 2673 3245 2727 neque
3290 2674 3396 2711 om~

1806 2775 1922 2815 nem
1959 2759 2377 2831 similitudinem,
2423 2773 2742 2829 quiscunque
2785 2758 2844 2813 in
2887 2758 3014 2813 calo
3061 2754 3293 2826 sursum,
3343 2772 3396 2816 ct

1804 2869 1961 2925 super
2002 2862 2197 2907 terram
2239 2851 2500 2914 deorsum,
2547 2858 2596 2906 et
2635 2868 2956 2923 antrumque
2997 2854 3052 2908 in
3089 2855 3241 2923 aquis
3271 2856 3397 2909 sub-

1805 2956 1890 3002 tus
1917 2955 2142 3001 terram:
2168 2961 2271 2999 non
2290 2943 2536 2999 adorabis
2558 2960 2642 3009 ea,
2667 2959 2830 3014 neque
2849 2944 3041 2999 servies
3063 2945 3168 2999 illis
3192 2945 3392 3014 (Exod.

1804 3039 1920 3110 xx).
1962 3038 2027 3093 Et
2049 3051 2236 3092 rursus
2270 3054 2282 3090 :
2312 3034 2435 3090 Non
2455 3036 2677 3104 accipies
2700 3052 2885 3090 nomen
2905 3035 3003 3090 Dei
3030 3038 3106 3091 tui
3126 3037 3179 3091 in
3201 3054 3395 3093 vanum

1808 3128 2007 3196 (ibid.).
2057 3127 2123 3183 Et
2164 3128 2218 3182 in
2258 3126 2716 3181 Deuteronumio:
2761 3124 2944 3196 Neque
2986 3129 3161 3199 inique
3200 3130 3393 3200 agatis,

1802 3231 1852 3276 et
1877 3220 2086 3290 faciatis
2113 3218 2380 3290 vobisipsis
2402 3217 2693 3287 scttlptilem
2716 3218 3134 3285 similitudinem,
3181 3231 3227 3274 et
3273 3237 3393 3292 qua:

1804 3327 1921 3365 cum
1951 3310 2056 3365 illis
2080 3309 2261 3383 (Deut.
2290 3309 2367 3381 v).
2409 3307 2516 3363 Sed
2547 3311 2659 3363 tunc
2688 3308 2870 3363 omnia
2915 3311 3260 3365 manifestum
3302 3312 3397 3366 ha-

1800 3401 1931 3457 bent
1952 3416 2189 3464 sensum,
2214 3400 2357 3470 qnod
2379 3399 2556 3454 divina
2582 3408 2778 3454 natura
2797 3401 3126 3470 sempiterna
3153 3402 3224 3457 sit
3249 3400 3391 3475 [Gr.,

1801 3492 1975 3549 forma
2015 3506 2207 3547 carens
2231 3489 2324 3562 sit]
2363 3500 2525 3560 atque
2567 3491 3147 3562 incomprehensibilis,
3178 3502 3234 3549 et
3262 3495 3392 3550 nulli

1802 3584 1993 3639 similis
2014 3582 2331 3639 restimanda
2356 3597 2545 3637 eorum
2567 3597 2688 3651 qua:
2713 3592 3010 3638 cernuntur
3044 3604 3056 3637 :
3089 3585 3182 3640 sed
3216 3601 3395 3657 neque

1803 3676 2124 3731 tractatibus
2144 3684 2203 3730 et
2227 3674 2457 3745 ingeniis
2492 3670 2711 3731 ferenda
2743 3675 2810 3730 ad
2838 3678 3150 3745 corporales
3172 3680 3400 3750 opinio-V

1801 3783 1897 3823 nes
1914 3767 2055 3840 [Gr.,
2074 3778 2128 3823 ut
2141 3768 2333 3838 nequis
2347 3765 2590 3836 coniectu
2599 3766 2673 3822 ris
2687 3776 2739 3822 et
2753 3768 3147 3837 suspicionibus
3164 3771 3395 3826 ducatur

1802 3860 1869 3914 ad
1897 3872 2187 3928 corporeas
2208 3855 2633 3929 conceptiones].
2653 3856 2957 3913 Prmdicens
2978 3859 3120 3914 enim
3145 3859 3385 3931 Moyses:

1801 3949 2071 4005 Custodite
2093 3948 2242 4004 ualde
2270 3950 2545 4003 animabus
2571 3950 2778 4013 vestris,
2823 3951 2948 4021 quia
2991 3951 3386 4005 similitudinem

1803 4057 1906 4097 non
1956 4041 2157 4096 vidistis
2182 4041 2236 4095 in
2261 4041 2344 4095 die
2366 4057 2473 4112 qua
2501 4039 2705 4094 locutus
2731 4050 2805 4094 est
2831 4039 3088 4094 Dominus
3114 4041 3183 4094 ad
3210 4057 3297 4094 vos
3329 4042 3384 4095 in

1803 4136 2001 4192 Choreb
2022 4136 2086 4190 de
2107 4136 2277 4190 medio
2296 4134 2466 4205 ignis;
2491 4136 2606 4189 haec
2629 4134 2942 4203 praedicens,
2971 4134 3148 4188 intulit
3167 4134 3351 4201 statim
3372 4151 3387 4190 :

1805 4228 1987 4300 Neque
2011 4229 2188 4299 inique
2213 4228 2402 4298 agatis,
2424 4242 2586 4297 neque
2609 4226 2817 4297 faciatis
2838 4226 2982 4280 vobis
3005 4226 3131 4296 ipsis
3151 4225 3391 4297 sculptile

1806 4319 1986 4394 (Deut.
2031 4334 2103 4385 tv,
2145 4319 2222 4390 v),
2251 4327 2307 4374 et
2334 4331 2455 4387 quae
2497 4332 2620 4373 cum
2655 4315 2830 4386 ipsis:
2870 4317 3185 4370 recordatus
3236 4314 3391 4371 vituli

1806 4410 2160 4467 confectionis
2186 4424 2307 4479 qua:
2334 4407 2476 4462 facta
2503 4405 2702 4468 fuerat,
2731 4414 2892 4474 atque
2924 4419 3229 4475 praecavere
3261 4406 3392 4460 hor~

1808 4513 1969 4570 tatus,
2000 4519 2067 4559 ne
2088 4513 2143 4557 et
2168 4501 2266 4571 ipsi
2304 4498 2600 4555 secundum
2632 4495 3011 4566 Egyptiornm
3040 4496 3388 4552 consuetudi-

1805 4610 1952 4661 nem,
1985 4604 2150 4664 quam
2182 4590 2448 4654 sciebant,
2479 4588 2547 4643 ad
2582 4586 2742 4642 talem
2791 4585 3098 4643 laberentur
3139 4587 3389 4656 impieta-

1806 4698 1938 4753 tem,
1979 4692 2037 4742 et
2074 4682 2408 4739 divinitatem
2447 4677 2783 4733 aestimarent
2824 4675 3054 4731 similem
3102 4674 3243 4730 istis.
3277 4673 3392 4728 Hoc

1806 4776 1951 4832 enim
1981 4784 2038 4832 et
2065 4785 2293 4844 magnus
2332 4768 2621 4839 Apostolus
2665 4765 2725 4822 in
2767 4767 3028 4823 concione
3076 4767 3220 4822 facta
3249 4763 3393 4837 apud

1803 4868 2166 4924 Athenienses
2189 4862 2465 4935 perhibuit
2495 4881 2511 4920 :
2538 4859 2713 4917 Genus
2748 4876 2872 4931 ergo
2903 4873 3020 4914 cum
3064 4860 3230 4916 simus
3272 4857 3393 4922 Dei,

1804 4977 1909 5017 non
1936 4961 2179 5017 debemus
2205 4955 2467 5013 testimars
2496 4969 2649 5018 auro,
2676 4960 2766 5005 aut
2797 4961 3038 5023 argento,
3079 4958 3173 5006 aut
3208 4949 3396 5021 lapidi,

1802 5052 2089 5124 sculptura:
2126 5052 2256 5104 artis
2280 5056 2331 5102 et
2357 5044 2690 5118 cogitationis
2726 5044 2972 5111 hominis,
3012 5043 3249 5101 diuinum
3287 5058 3399 5099 esss

1802 5143 1975 5199 simile
1997 5144 2134 5217 (Act.
2165 5137 2332 5208 xv");
2363 5137 2651 5208 eidemque
2676 5135 2859 5189 sensui
2886 5134 3169 5193 continuat
3195 5153 3210 5191 :
3244 5133 3314 5189 Et
3338 5148 3402 5186 ne

1803 5234 2033 5305 accipias
2060 5244 2245 5287 nomen
2265 5227 2485 5282 Domini
2510 5226 2605 5283 Dei
2629 5223 2685 5277 in
2705 5239 2899 5282 vanum
2937 5224 3134 5302 (Exod.
3183 5225 3298 5296 xx),
3349 5223 3403 5277 id

1803 5332 1909 5391 est,
1937 5343 2004 5383 ne
2029 5337 2192 5382 voces
2223 5331 2278 5377 et
2310 5321 2552 5377 testimes
2583 5318 2749 5372 Deum
2798 5320 2946 5389 quod
2989 5335 3098 5376 non
3137 5316 3404 5374 veraciter

1803 5422 1909 5477 hoc
1949 5432 2064 5491 est,
2104 5420 2199 5477 sed
2240 5417 2447 5472 frustra
2488 5413 2799 5486 opinionem
2847 5418 2903 5473 et
2945 5431 3241 5488 cognomen
3294 5407 3405 5464 tale
3481 5458 3491 5467 _

1802 5517 2128 5587 promeruit.
2168 5509 2275 5569 Sed
2302 5505 2494 5576 nobis,
2524 5510 2600 5563 ait
2625 5519 2856 5577 magnus
2897 5511 3221 5582 Apostolus:
3254 5501 3402 5557 Unus

1802 5612 1950 5672 De“,
1981 5615 2142 5670 pater
2175 5621 2239 5662 εκ
2279 5615 2382 5673 quo
2422 5604 2625 5667 omnia,
2671 5606 2720 5652 et
2768 5617 2909 5660 unas
2950 5605 3202 5658 Dominus
3245 5593 3404 5649 leam

1804 5702 2047 5761 Christus
2073 5715 2165 5775 per
2188 5707 2338 5770 quem
2362 5697 2566 5761 omnia,
2589 5701 2635 5748 et
2661 5706 2799 5747 unus
2829 5694 3059 5765 Spiritus
3098 5696 3309 5746 sanctus
3334 5696 3404 5745 ,tn
