3924 5642
483 366 583 427 531

1637 377 1999 439 ANASTASII
2032 380 2578 441 BlBLlOTllECARIl

3647 391 3743 452 331

477 484 916 559 praepositionum
959 489 1378 546 commutatione
1419 490 1656 549 inducta.
1714 493 1869 550 Absit
1909 509 1924 549 :
1961 495 2062 550 tria
2092 499 2137 558 Α
2169 494 2375 549 tritium
2407 509 2711 550 sermonem
2741 496 2832 566 qui
2873 497 2926 551 in
2970 495 3141 572 omni]
3177 498 3332 569 plebe
3363 499 3570 557 Christi
3608 503 3743 558 inve-

479 578 624 632 enim
655 593 794 634 unus
825 580 968 636 Deus
995 596 1116 637 cum
1152 582 1430 640 alterutris
1457 584 1794 658 intelligitur,
1824 595 1883 642 ut
1910 588 2067 644 docet

411 683 415 687 ‘
477 666 770 741 Gregorius
795 672 1032 742 sapiens.
1076 673 1214 729 Nulli
1253 674 1383 747 ergo
1408 690 1601 732 nomen
1631 680 1773 748 quod
1798 688 1881 735 est
1902 695 2067 750 super

476 773 639 814 omne
658 775 852 816 nomen
885 759 1001 834 [Gn
1025 762 1176 828 add.,
1203 774 1296 819 aut
1316 765 1541 831 cultum,
1574 775 1667 822 aut
1692 766 1926 841 latriam]
1966 783 2064 839 po-

476 847 635 920 pulus
661 848 860 905 Christi
906 866 1077 923 usque
1122 853 1302 919 hodic,
1350 865 1574 925 excepta
1617 867 1802 911 sancta
1846 866 1902 912 et
1945 858 2066 912 vita:

422 994 425 1003 λ
474 943 759 1015 principali
791 945 1078 1011 Trinitate,
1118 947 1391 1018 applicuit.
1439 948 1613 1004 Absit.
1650 948 1785 1004 Nam
1830 950 1920 1004 ubi
1967 964 2066 1006 nos

475 1035 680 1089 servire
709 1034 903 1091 talibus
929 1036 1108 1092 divina
1152 1037 1430 1109 Scriptura
1468 1039 1736 1109 prohibet,
1770 1049 1826 1095 et
1859 1040 2064 1096 alienos

475 1143 569 1182 seu
599 1138 842 1185 exsortes
869 1146 899 1184 a
930 1130 1021 1186 tali
1064 1131 1176 1187 vult
1203 1146 1390 1188 errore
1417 1133 1590 1189 modis
1625 1134 1878 1189 omnibus
1905 1134 2061 1188 exhi-

474 1222 590 1277 beri
632 1221 812 1294 [Certe
840 1223 982 1278 enim
1007 1223 1178 1280 latriae
1203 1224 1404 1280 cultum
1433 1241 1538 1281 non
1571 1226 1932 1281 exhibendum
1964 1226 2065 1281 btt-

468 1314 706 1385 jusmodi
748 1315 931 1379 rebus,
978 1317 1242 1379 addendo,
1297 1315 1576 1386 Scriptura
1616 1318 1819 1373 alienos
1864 1332 1960 1373 nos
2008 1325 2065 1374 et

473 1405 695 1459 omnino
746 1416 991 1462 exsortes
1033 1407 1270 1462 ostendit
1312 1425 1342 1463 a
1386 1408 1479 1463 tali
1531 1407 1761 1481 errore].
1825 1407 2064 1479 Denique
2110 1402 2117 1409 ’

473 1496 794 1552 manifestus
821 1505 905 1553 est
928 1497 1193 1553 idolorum
1221 1498 1498 1554 servitutis
1526 1498 1737 1554 modus.
1777 1498 1930 1568 Apud
1962 1512 2062 1554 nos

443 1565 654 1666 fantem
704 1603 842 1642 unus
882 1596 966 1644 est
1012 1588 1155 1644 Deus
1199 1590 1525 1651 adorandus,
1555 1599 1611 1645 et
1647 1605 1752 1644 una
1781 1599 1837 1645 et
1870 1590 2059 1645 eadem

470 1679 530 1735 in
570 1680 743 1751 ipsum
793 1679 1094 1746 estlides,
1145 1688 1200 1736 et
1253 1697 1420 1736 unum
1476 1696 1540 1737 ac
1596 1681 1831 1737 salutare
1889 1680 2064 1751 bapti-

471 1772 647 1828 smum
689 1791 705 1829 :
748 1771 826 1828 sic
857 1780 912 1827 et
950 1787 1210 1843 una.qu:e
1247 1773 1474 1828 oll'ertur
1519 1773 1568 1829 ei
1614 1774 1850 1829 servitus
1888 1789 1917 1828 a
1957 1787 2057 1827 no-

2166 584 2347 638 nitur?
2392 584 2470 639 llli
2517 584 2663 641 enim
2709 585 2776 642 de
2818 587 3015 657 quibus
3062 587 3228 645 Isaias
3262 590 3401 645 dixit
3436 591 3577 661 (Ira.
3607 604 3743 662 ur},

2164 687 2327 742 super
2356 673 2587 730 vertices
2612 675 2876 730 montium
2910 677 3282 744 immolabant,
3314 688 3371 735 et
3402 696 3569 751 super
3595 682 3747 739 colles

2164 764 2565 834 sacrificabant,
2609 768 2801 825 subtus
2829 785 3089 840 quercum
3119 781 3176 827 et
3220 773 3477 844 populum
3512 785 3567 830 et
3596 776 3746 830 arboo

2166 873 2278 912 rem
2332 858 2787 931 obumbrantem:
2837 861 2963 930 quia
3009 863 3147 918 bene
3193 849 3506 935 tegit'[6r.,
3556 867 3746 921 bonum

2166 949 2599 1023 tegumentum],
2660 954 3113 1022 quemadmodum
3170 957 3309 1011 alius
3362 958 3746 1030 prophetarum

2162 1037 2312 1094 Isaiae
2360 1054 2573 1096 coaevus
2622 1039 2822 1097 clamat
2871 1042 3038 1113 (Ore.
3101 1045 3219 1116 tv).
3276 1046 3517 1118 Populus
3578 1038 3747 1103 autem

2163 1129 2363 1187 Christi
2394 1146 2574 1203 regem
2604 1132 2923 1190 saeculorum
2965 1135 3429 1207 incorruptibilem
3449 1182 3465 1204 ,
3513 1140 3745 1195 invisibi-

2163 1221 2289 1287 lem,
2325 1221 2501 1277 solum
2529 1232 2586 1278 et
2616 1225 2915 1295 sapientem
2943 1225 3110 1281 Deum
3152 1227 3203 1297 (1
3237 1227 3372 1283 Tim.
3407 1229 3449 1300 ι)
3479 1231 3673 1286 adorat
3699 1232 3745 1285 in

2162 1316 2285 1371 aula
2314 1324 2498 1371 sancta
2526 1317 2672 1388 ejus,
2717 1317 3088 1374 adorationem
3125 1320 3179 1374 in
3222 1321 3418 1391 spiritu
3445 1331 3505 1377 et
3534 1323 3747 1379 veritate

2162 1408 2401 1476 faciens,
2432 1426 2759 1484 omnemque
2800 1412 3011 1469 laudem
3052 1425 3108 1469 et
3145 1415 3598 1487 glorificationem
3627 1418 3747 1473 vivi.

2162 1497 2277 1552 lieae
2317 1498 2567 1555 Trinitati
2625 1501 2962 1556 incessanter
3021 1501 3271 1559 oﬂ'ercns.
3328 1505 3521 1561 Brevis
3575 1516 3743 1561 autem

2162 1586 2285 1643 linis
2325 1589 2613 1654 idolorum,
2655 1607 2813 1661 quem
2863 1593 3125 1662 sapientia
3158 1596 3544 1662 concionatur,
3576 1596 3632 1651 id
3674 1604 3748 1652 cst

2162 1679 2355 1734 horum
2388 1681 2694 1748 demolitio,
2721 1694 2776 1739 et
2813 1686 2955 1754 quod
2988 1702 3092 1741 non
3135 1686 3188 1741 in
3217 1686 3613 1758 sempiternum
3644 1704 3745 1744 ma-

2160 1782 2344 1839 neant,
2386 1789 2490 1829 non
2521 1774 2740 1831 aliunde
2764 1792 2927 1847 quam
2964 1794 3029 1833 ex
3064 1779 3403 1850 apparitione
3442 1779 3649 1836 factum
3672 1789 3746 1835 est

469 1863 557 1919 bis
581 1905 596 1928 ,
638 1864 777 1920 sicut
816 1862 1070 1929 traditum
1106 1874 1187 1920 est
1224 1881 1254 1919 a
1282 1866 1470 1921 isacris
1508 1866 1763 1938 apostolis
1787 1906 1803 1931 ,
1839 1875 1895 1921 et
1931 1881 2064 1923 con-
2093 1855 2135 1913 Β
2169 1863 2347 1932 magni
2397 1863 2489 1918 Dei
2518 1873 2570 1919 et
2617 1864 2916 1922 Salvatoris
2962 1869 3132 1923 nostri
3174 1868 3299 1924 Jesu
3345 1868 3552 1938 Chisti;
3595 1883 3745 1940 quam

473 1964 747 2011 servatum
783 1972 798 2021 ;
845 1955 1281 2028 sacrificiumque
1320 1958 1495 2013 laudis
1521 2001 1536 2026 ,
1576 1962 1719 2030 quod
1757 1975 1855 2030 per
1896 1959 2055 2014 Chri—

471 2055 614 2102 stum
666 2044 1005 2103 referendum
1058 2056 1142 2103 est
1200 2047 1310 2102 Deo
1366 2058 1420 2102 et
1478 2049 1670 2115 Patri,
1727 2058 1787 2104 ut
1844 2048 2060 2105 divinus

471 2142 548 2195 ait
589 2141 873 2212 Apostolus
920 2140 1110 2214 (Hebr.
1158 2141 1301 2212 xm),
1339 2144 1390 2197 id
1436 2153 1517 2199 est
1551 2143 1811 2199 labiorum
1853 2144 2060 2200 fructus

471 2232 847 2288 confitentium
906 2233 1106 2288 nomini
1152 2232 1301 2301 ejus;
1348 2245 1404 2289 et
1457 2235 1791 2290 divinissima
1840 2236 2060 2292 traditio

469 2340 591 2395 quae
604 2333 686 2380 est
705 2323 995 2380 iuviviﬂcis
1018 2326 1313 2396 mySteriis,
1347 2342 1507 2397 quam
1535 2326 1915 2395 praenuntiavit
1943 2327 2056 2381 Ma-

469 2413 678 2470 lacbias
701 2413 963 2484 prepheta
988 2413 1143 2483 quasi
1172 2428 1238 2468 ex
1261 2428 1490 2484 persona
1515 2414 1609 2469 Dei
1633 2414 1845 2471 locutus
1867 2437 1883 2469 ι
1919 2416 2059 2482 Quia

468 2507 535 2566 ab
567 2516 684 2560 ortu
706 2505 830 2560 solis
855 2522 1015 2577 usque
1035 2506 1103 2559 ad
1131 2521 1372 2559 occasum
1400 2505 1751 2577 glori/iculum
1775 2516 1848 2561 est
1872 2522 2060 2560 nomen

467 2612 639 2651 meum
669 2597 725 2651 in
748 2598 1005 2668 gentibus,
1051 2607 1102 2651 et
1138 2598 1192 2650 in
1227 2598 1369 2651 omni
1396 2596 1509 2651 loco
1537 2598 1804 2652 incensum
1839 2599 2061 2668 o/fertur

470 2688 668 2741 nomini
688 2703 825 2752 meo,
854 2696 902 2742 et
922 2686 1241 2757 sacriﬁcium
1269 2687 1521 2753 mundum
1545 2684 1802 2758 (Malach.
1835 2689 1897 2761 t).
1932 2687 2065 2753 Νυιτ

467 2778 553 2833 lus
590 2775 755 2850 igitur
789 2788 875 2835 est
916 2794 1211 2837 consensus
1250 2779 1449 2850 templo
1496 2780 1622 2847 Dei,
1670 2781 1722 2836 id
1767 2790 1851 2838 est
1890 2782 2060 2852 ipsius

450 2869 720 2926 Ecclesiae
745 2887 867 2927 cum
895 2871 1052 2927 idolis
1073 2869 1157 2942 (11
1187 2869 1309 2925 Cor.
1330 2872 1430 2941 vi).
1460 2871 1634 2928 Absit.
1666 2872 1791 2928 llaec
1813 2881 1896 2928 est
1914 2872 2058 2929 enim

466 2961 715 3017 columna
760 2971 816 3016 ct
865 2960 1258 3016 firmamentum
1308 2962 1589 3030 veritatis,
1639 2972 1701 3019 ut
1764 2964 2059 3036 apostolice

467 3061 778 3122 nuncupata
805 3061 888 3107 est
913 3051 961 3124 (1
998 3051 1133 3107 Tim.
1173 3052 1296 3125 in):
1335 3052 1599 3110 idolorum
1628 3064 1808 3110 autem
1840 3056 2057 3111 nomina

466 3142 971 3203 «terminabuntur
1018 3158 1049 3197 a
1102 3151 1277 3209 terra,
1317 3145 1578 3214 propheta
1617 3145 1909 3202 Zacharias
1944 3145 2052 3201 cla-

2163 1953 2403 2011 Eeelesia
2452 1955 2599 2026 ejus,
2638 1973 2759 2029 quae
2803 1974 2832 2011 a
2878 1958 3077 2014 finibus
3119 1975 3301 2030 usque
3329 1962 3397 2016 ad
3435 1960 3573 2017 fines
3610 1962 3747 2016 orbis

2164 2055 2321 2100 terrae
2350 2047 2609 2118 sanguine
2634 2048 2749 2117 ejus
2786 2049 3050 2119 acquisita
3090 2059 3212 2114 est,
3252 2066 3469 2121 semper
3500 2052 3591 2123 pie
3635 2066 3746 2107 seu-

2164 2135 2307 2192 tiens
2357 2138 2644 2193 confitetur
2710 2147 2766 2193 et
2829 2138 3113 2209 gloriﬁcat.
3172 2138 3317 2194 Nihil
3377 2156 3511 2210 ergo
3573 2154 3747 2211 reprea

2161 2226 2436 2283 hensionis
2496 2227 2809 2296 idolorum,
2882 2246 3004 2300 qua:
3073 2231 3128 2285 in
3205 2230 3311 2286 illis
3362 2233 3566 2302 scripta
3641 2241 3743 2294 est,

2161 2332 2449 2387 germanus
2515 2327 2572 2374 et
2639 2335 2806 2376 verax
2864 2320 3149 2376 Trinitatis
3222 2323 3477 2377 adorator
3529 2321 3745 2393 populus

2159 2406 2361 2462 Christi
2411 2408 2463 2463 in
2504 2418 2679 2465 semet
2706 2410 2965 2477 attrahit,
2999 2421 3307 2468 sanctorum
3347 2413 3591 2468 virorum
3619 2414 3746 2468 ima—

2160 2498 2314 2568 gines
2340 2499 2588 2555 habendo
2622 2501 2689 2556 ad
2726 2503 3234 2559 rememorationcm
3266 2503 3485 2559 virtutis
3517 2519 3740 2560 eorum:

2159 2592 2612 2660 quemadmodum
2677 2609 2778 2649 nec
2838 2595 3000 2649 beato
3058 2593 3227 2649 Paulo
3279 2594 3526 2665 apostolo
3572 2596 3746 2650 carnis

2160 2682 2466 2750 prohibenti
2521 2684 3023 2751 circumcisionem,
3056 2696 3123 2745 1et
3166 2702 3260 2742 eos
3303 2688 3397 2756 qui
3455 2689 3745 2743 secundum

2159 2770 2332 2843 legem
2367 2770 2653 2841 iustiﬁcari
2704 2775 2992 2843 volebant,
3021 2775 3355 2848 increpanti,
3391 2777 3615 2848 culpam
3654 2777 3747 2831 alia

2159 2877 2322 2932 quam
2351 2862 2513 2919 infert
2543 2872 2639 2919 aut
2664 2865 2870 2922 crimen
2896 2905 2913 2933 ,
2944 2867 3090 2937 quod
3132 2867 3536 2923 circumciderit
3575 2866 3748 2922 Timo-

2160 2953 2348 3008 theum
2394 2952 2659 3026 legaliter,
2703 2955 2849 3026 quod
2897 2956 3212 3022 tetenderit,
3251 2964 3416 3026 atquc
3455 2956 3511 3012 in
3560 2956 3747 3027 templo

2160 3044 2492 3102 sacriﬁcium
2522 3043 2786 3103 obtulisse
2814 3047 3093 3102 claruerit.
3123 3045 3306 3118 Neque
3329 3047 3477 3103 enim
3505 3062 3629 3116 quae
3654 3062 3747 3116 pas

2160 3142 2394 3203 trantur,
2429 3135 2748 3208 simpliciter
2786 3137 2983 3192 intueri
3017 3147 3262 3208 oportet;
3301 3138 3411 3213 sed.
3444 3138 3647 3208 ubique
3676 3138 3750 3191 in-

467 3242 577 3288 mat
612 3232 799 3304 (Zach.
828 3235 952 3304 xm)
977 3251 990 3287 :
1018 3234 1235 3303 quando
1263 3234 1441 3290 omnis
1469 3234 1622 3291 locus
1646 3234 1828 3290 domui
1857 3237 2051 3303 David,

2162 3227 2451 3284 tentionem
2495 3234 2770 3298 gestorum
2813 3228 3063 3283 convenit
3109 3228 3450 3298 comprobari
3481 3225 3623 3301 [Gr.,
3665 3242 3746 3299 ge.

466 3323 633 3380 idest
663 3323 915 3380 Ecclesia!
944 3323 1165 3389 Christi,
1194 3324 1349 3395 cujus
1370 3325 1565 3380 domus
1600 3340 1700 3381 nos
1725 3339 1932 3391 sumus,
1958 3341 2057 3398 per

2162 3319 2397 3375 rentium
2421 3318 2671 3375 convenit
2695 3319 2945 3389 probari,
2973 3333 3092 3389 qua:
3114 3329 3359 3390 agentem
3398 3320 3485 3375 vel
3531 3321 3749 3375 crimine

468 3418 830 3488 γρςεριξοηθηι
855 3416 996 3490 [Gr.,
1032 3417 1348 3492 receptioni]
1387 3419 1508 3476 ﬁdei
1544 3420 1662 3492 ejus
1689 3420 2053 3492 adaperiam,
2163 3409 2414 3477 absolvit,
2442 3409 2529 3466 vel
2552 3419 2741 3466 contra
2763 3408 3030 3482 damnat].
3055 3410 3166 3467 Nisi
3180 3412 3323 3467 enim
3346 3411 3454 3466 hoc
3475 3411 3749 3485 diligenter

467 3509 565 3568 liis
603 3513 787 3582 utique
830 3512 1097 3567 addentur
1120 3520 1238 3583 tam
1278 3528 1341 3569 ea
1371 3527 1493 3584 quae
1534 3521 1661 3569 sunt
1695 3513 1746 3568 in
1794 3513 2056 3584 sapientia

2162 3503 2501 3569 observetur,
2552 3501 2788 3559 fortasse
2827 3518 2928 3559 nec
2952 3503 3124 3573 ipsius
3161 3502 3256 3560 Dei
3283 3515 3612 3574 praeceptum
3640 3504 3748 3561 sine

468 3619 590 3676 qua:
610 3604 810 3659 dicitur
844 3604 1184 3668 Salomonis,
1217 3619 1379 3674 quam
1417 3615 1474 3660 et
1504 3604 1591 3660 illa
1623 3620 1742 3675 quae
1769 3607 1909 3676 apud
1938 3622 2054 3661 mn-
2158 3595 2432 3662 calumnia
2453 3611 2623 3667 Penes
2652 3596 2895 3653 inﬁdeles
2917 3596 3200 3655 CHiCielur-
3230 3598 3384 3666 Ουοά
3410 3609 3595 3656 amem
3618 3600 3747 3655 δοιὼ

467 3695 779 3768 gniloqnum
822 3694 1063 3765 rejacent
1100 3695 1314 3750 Isaiam.
1354 3694 1431 3751 lbi
1474 3696 1619 3751 enim
1667 3696 1902 3751 dicitur;
1944 3695 2059 3750 Ini-
2158 3688 2323 3758 ptiles
2348 3687 2467 3759 lege
2497 3688 2849 3751 interdicente
2880 3686 3021 3760 [Gr.,
3057 3688 3330 3767 Siquidem
3369 3691 3621 3762 sculptile
3642 3692 3746 3748 sire

469 3788 602 3843 tium
644 3788 1007 3859 fornicationis
1053 3787 1364 3858 excogitatio
1404 3785 1688 3842 idolorum.
1746 3787 2057 3842 Adinventio
2158 3781 2429 3837 conflatile
2464 3781 2583 3853 lege
2621 3781 3000 3854 interdicente]
3025 3823 3040 3847 ,
3078 3784 3168 3852 qui
3200 3783 3602 3845 obumbrabant
3635 3800 3746 3855 pro-

470 3887 646 3933 autem
688 3892 870 3932 eorum
914 3876 1177 3946 corruptio
1218 3875 1356 3930 citae.
1407 3875 1590 3948 Neque
1628 3875 1767 3932 enim
1802 3887 1950 3932 erant
1993 3876 2058 3931 ab
2159 3872 2499 3943 pitiatorium
2533 3889 2701 3949 “super
2745 3887 2928 3928 arcam
2964 3873 3478 3949 cherubimggloriae,
3526 3886 3588 3931 ut
3615 3875 3749 3947 Apo-

470 3972 646 4037 initio,
674 3986 836 4042 neque
862 3970 914 4024 in
947 3969 1199 4024 steculum
1227 3978 1397 4024 erunt.
1426 3967 1586 4024 Inani
1611 3970 1746 4025 enim
1770 3970 1940 4041 gloria
1969 3970 2061 4025 Ito—
2159 3964 2330 4020 stultis
2360 3965 2605 4020 nominat
2630 3963 2817 4037 (Hebr.
2851 3965 2951 4038 rx),
2985 3967 3106 4022 talis
3130 3976 3311 4025 essent
3339 3966 3546 4041 [erant]
3588 3969 3745 4024 factu-

470 4064 671 4118 minum
696 4061 927 4116 introivit
950 4060 1092 4133 [Gr.,
1124 4060 1460 4133 introierunt]
1486 4062 1842 4129 inmundum,
1863 4073 1910 4118 et
1942 4063 2059 4119 ideo
2160 4069 2234 4123 ῐῗω
2267 4054 2633 4128 [summm]:
2665 4057 2862 4127 quibus
2900 4065 2956 4113 ει
2991 4058 3229 4113 (“Villam
3272 4054 3491 4129 quoque
3521 4060 3745 4131 gloriam

471 4153 637 4210 brevis
681 4167 858 4209 eorum
902 4153 1023 4223 ﬁnis
1063 4154 1386 4226 excogitatas
1414 4164 1489 4209 ert
1523 4154 1676 4227 (Sap.
1705 4157 1840 4229 xiv),
1871 4165 1925 4213 et
1951 4173 2059 4213 ea}-
2161 4148 2535 4203 contineretur
2566 4146 2883 4220 [insidere],
2920 4164 3026 4204 non
3067 4149 3239 4205 solum
3268 4165 3333 4206 ex
3361 4150 3650 4222 Scriptura
3675 4151 3746 4207 di-

469 4257 620 4314 tera;
651 4247 791 4317 apud
821 4247 1138 4317 prophetam
1165 4256 1344 4319 autem
1371 4265 1384 4301 :
1420 4247 1828 4319 Confundeutur
1847 4252 1937 4322 qui
1961 4250 2062 4322 ﬁn-

471 4351 597 4411 gunt
627 4339 790 4395 Deum
829 4337 964 4412 (Ira.
1004 4338 1152 4411 xuv)
1190 4348 1246 4394 et
1281 4337 1567 4408 sculpunt:
1609 4346 1662 4394 et
1694 4354 1884 4395 omnes
1920 4341 2062 4397 unde

468 4431 604 4488 facti
653 4439 798 4497 sunt,
852 4430 1113 4487 exsiccati
1153 4437 1311 4494 sunt,
1352 4439 1409 4486 et
1450 4429 1600 4487 surdi
1635 4431 1704 4487 ab
1750 4430 2063 4487 hominibus

2162 4237 2386 4305 scimus,
2414 4238 2510 4293 sed
2537 4247 2594 4294 et
2615 4238 2808 4295 beatus
2827 4240 3158 4297 Athanasius
3180 4241 3307 4300 illud
3327 4242 3526 4312 psalmi
3552 4243 3745 4299 dictum

2163 4325 2568 4396 interpretans,
2624 4326 2729 4394 Qui
2771 4329 2917 4385 sedes
2971 4346 3129 4401 super
3184 4331 3493 4398 cherubim,
3567 4348 3746 4403 appara

2163 4413 2337 4488 (Prol.
2370 4416 2588 4487 LXXIX),
2633 4418 2789 4473 talem
2821 4420 2889 4476 de
2923 4418 3029 4477 illis
3068 4422 3288 4478 tradidit
3317 4422 3743 4495 intelligentiam.

474 4522 604 4578 facti
651 4531 809 4589 sunt,
849 4531 906 4578 et
945 4537 1010 4577 ea
1047 4537 1167 4593 qua:
1209 4537 1333 4579 cum
1375 4522 1507 4592 ipsis
1556 4520 1873 4593 ell'eruntur,
1920 4520 2060 4578 fabri
2094 4573 2137 4593 η
2164 4507 2416 4587 Ειωιίε
2460 4509 2677 4585 illorum
2713 4501 3004 4569 animum.
3035 4514 3355 4589 Wineipalia,
3405 4517 3595 4589 ίεηοιει
3631 4526 3746 4574 sum

475 4613 721 4686 lignei-ite
745 4613 880 4668 artis
899 4613 1222 4684 excogitatio
1249 4632 1261 4667 :
1292 4624 1348 4667 et
1374 4612 1640 4685 lignorum
1667 4628 1790 4684 quae
1811 4613 1868 4668 in
1898 4612 2060 4668 mini-

474 4705 705 4763 sterium
731 4704 1040 4760 hominibus
1074 4716 1216 4769 sunt,
1245 4703 1527 4761 efﬁcientia
1557 4702 1694 4777 [Gr.,
1734 4713 2063 4765 transmuta-

474 4778 574 4870 tio]
614 4796 672 4851 in
714 4795 817 4851 viri
861 4793 1113 4862 formam,
1149 4802 1206 4851 et
1248 4794 1543 4864 publicatio
1588 4792 1845 4855 amentia:
1874 4809 2063 4851 eorum

477 4887 571 4959 qui
597 4888 830 4943 adorant
857 4900 922 4941 ea
957 4884 1154 4957 quibus
1189 4885 1439 4940 infertur.
1472 4884 1680 4952 Videte,
1711 4901 1818 4941 non
1847 4887 2064 4952 dicetis,

476 4976 608 5047 quia
635 4977 977 5033 mendacium
1010 4975 1065 5030 in
1096 4975 1320 5032 dextera
1356 4990 1475 5031 mea
1512 4984 1632 5032 est:
1665 4976 1807 5047 quod
1834 4977 1900 5032 ad
1926 4991 2065 5048 prae-

476 5069 697 5139 scripta:
740 5067 1033 5141 impietatis
1074 5067 1494 5125 destructionem
1537 5067 1737 5123 intulit.
1778 5066 1888 5124 Nos
1931 5084 2070 5139 ergo.

476 5162 713 5221 scientes
749 5170 806 5218 et
835 5162 1119 5219 credentes
1153 5162 1207 5216 in
1246 5160 1442 5217 Filium
1480 5160 1595 5225 Dei,
1626 5162 1718 5231 qui
1744 5170 1829 5217 est
1863 5162 2064 5217 veritas

473 5265 533 5313 et
559 5255 782 5311 dextera
812 5250 1008 5318 Patris,
1049 5251 1209 5308 alieni
1247 5260 1289 5306 a'
1319 5251 1579 5322 praedicta
1604 5251 1882 5320 prophetae
1906 5252 2061 5306 dam-

473 5345 699 5404 natione
714 5342 1127 5413 ostendimuret
1155 5344 1451 5400 secundum
1482 5341 1587 5397 hoc
1612 5348 1913 5412 opportune
1935 5355 2063 5410 pro-

400 5494 410 5503 ,
473 5437 753 5512 pheticttm
794 5436 1023 5493 verbum
1050 5435 1258 5492 dicam:
1307 5434 1450 5503 Quid
1491 5432 1662 5504 paleae
1701 5432 1770 5488 ad
1816 5430 2056 5488 frumen-

480 5541 489 5544 ”
642 5526 773 5574 4hr.
819 5525 1020 5582 utili-2
1069 5526 1199 5580 Dum
1233 5524 1572 5578 familiaritas
1608 5537 1717 5572 non
1760 5522 2059 5570 subsisten-

2089 4573 2139 4631 D

2164 4601 2491 4658 omnimodis
2518 4612 2712 4659 natura
2743 4605 3052 4663 hominibus
3077 4622 3091 4662 :
3117 4608 3340 4677 spiritus
3363 4610 3511 4664 enim
3537 4619 3593 4666 et
3618 4610 3745 4683 ignis

2165 4695 2437 4771 existunt,
2484 4704 2541 4750 et
2586 4696 2653 4752 ab
2706 4697 2854 4753 omni
2909 4699 3175 4769 corporali
3214 4684 3544 4757 formatione
3596 4711 3745 4773 atque

2168 4795 2360 4873 natura
2385 4796 2661 4857 extranea.
2709 4788 2841 4858 Quae
2889 4790 3035 4847 enim
3071 4792 3140 4848 de
3182 4792 3287 4848 illis
3326 4776 3744 4864 ‘corpulentiusa

2169 4881 2434 4951 propheta
2480 4882 2624 4938 dicta
2671 4893 2829 4949 sunt,
2889 4884 3242 4956 symbolicum
3284 4894 3341 4941 et
3395 4886 3742 4943 excellentem

2169 4969 2311 5044 [Gr.,
2363 4972 2740 5046 anagogicum]
2780 4990 2995 5030 sensum
3038 4976 3269 5041 habent,
3316 4976 3482 5045 aliter
3532 4975 3742 5044 intelligi

2164 5063 2395 5119 valentia
2435 5060 2579 5137 [Gr.,
2621 5081 2728 5121 non
2770 5065 3028 5139 valentia]
3054 5067 3349 5123 secundum
3387 5067 3741 5134 venerabilem

2165 5158 2430 5239 rationem
2457 5197 2474 5220 ,
2516 5166 2571 5211 et
2606 5157 2661 5213 id
2705 5158 2852 5228 quod
2886 5158 3246 5229 incorporalia
3285 5159 3465 5239 decer.
3512 5160 3741 5230 llludque

2164 5228 2345 5304 dicere
2372 5251 2737 5304 necessarium
2767 5257 2851 5305 est
2869 5290 2885 5317 ,
2922 5250 3176 5320 quoniam
3205 5230 3556 5323 nequaquam
3601 5250 3740 5307 Caris

2164 5343 2324 5398 stiani
2355 5358 2543 5399 eorum
2568 5345 2657 5414 qui
2682 5344 2787 5400 sibi
2812 5352 2939 5400 sunt
2975 5345 3270 5405 secundum
3294 5360 3521 5401 carnem
3549 5344 3737 5417 agnati,

2164 5432 2277 5488 noti
2318 5431 2405 5488 vel
2448 5432 2655 5499 amnes,
2701 5435 2937 5506 speciem
2986 5435 3358 5507 depingentes,
3408 5435 3613 5501 colunt,
3656 5442 3739 5489 aut

2165 5523 2346 5578 alinuo
2373 5524 2604 5576 reddunt
2627 5526 2818 5578 dianus
2852 5529 3078 5584 honore.
3120 5527 3239 5589 Sed.
3272 5543 3453 5600 neque
3497 5528 3737 5600 ἱηψετίιτ

3605 5629 3718 5642 *καλ
