3980 6288
197 345 314 400 335

887 342 1440 403 INTERPRETATIO
1477 346 1726 432 SYNODI
1771 347 1854 404 Vll
1893 345 2300 406 GENERALIS.
2341 380 2410 392 —
2445 350 2649 411 ACTIO
2689 351 2771 409 IV.

3370 357 3476 416 ’ὁδὶ

197 471 327 517 runt
358 460 581 532 gloriam
600 460 1009 531 incorruptibilis
1038 460 1136 516 Dei
1157 461 1211 516 in
1239 461 1632 516 similitudinem
1655 463 1789 516 ima-
1813 466 1864 525 Α
1890 469 2099 532 gantes,
2141 470 2201 516 ut
2245 462 2298 518 id
2336 465 2480 534 quod
2518 464 2636 522 sine
2673 466 2931 522 seandalo
2962 474 3016 524 et
3048 467 3355 542 turbatione
3379 485 3477 542 po-

197 554 341 624 gims
362 549 714 621 corruptibilis
740 550 986 618 hominis,
1010 559 1070 606 ut
1092 552 1168 606 ait
1195 551 1480 621 Apostolus
1511 552 1688 623 (Rom.
1717 551 1793 624 1):

197 644 276 698 ita
308 651 368 697 ut
394 643 559 697 etiam
590 657 656 697 ex
687 642 791 697 hoc
820 641 978 712 plane
1005 643 1162 697 modo
1202 643 1624 709 demonstretur,
1655 643 1797 714 quod

197 731 476 786 calumnia
505 727 935 800 quaa'scripturze
965 731 1126 796 inest,
1151 731 1304 786 nobis
1332 729 1476 804 [Cr.,
1501 734 1796 798 accusatio,

197 839 368 893 quam
424 822 588 876 infert
643 822 932 891 scriptura,
987 821 1162 895 nobis]
1214 839 1319 878 non
1377 823 1549 894 possit
1599 825 1795 893 aptari.

195 913 344 987 Ergo
370 914 414 970 si
449 915 568 984 pias
612 912 678 968 de
708 913 988 970 divinitate
1021 915 1302 984 Opiniones
1329 915 1393 969 ad
1432 917 1799 986 corpulentias

197 1002 619 1068 transferentes,
651 1011 708 1058 et
736 1018 799 1057 ea
830 1019 949 1073 quae
990 1003 1103 1058 Deo
1130 1005 1375 1062 decibilis
1415 1007 1599 1077 gloria:
1639 1016 1800 1077 atque

193 1097 481 1153 servitutis
525 1105 684 1162 sunt,
725 1094 1066 1160 deserentes,
1109 1107 1202 1151 aut
1258 1099 1550 1153 secundum
1597 1099 1799 1169 aliquid

200 1187 432 1242 omnino
458 1187 794 1241 minorantes
823 1185 888 1241 de
917 1185 1221 1254 hujusmodi
1265 1204 1426 1243 causa
1453 1189 1656 1244 ostensi
1684 1189 1798 1245 fue-

194 1277 394 1342 rimus,
431 1277 564 1331 bene
597 1275 783 1346 utique
813 1276 1222 1331 circumauferri
1265 1277 1526 1332 haberent
1569 1293 1628 1333 ea
1679 1294 1798 1350 qum

193 1378 467 1440 occupant
498 1378 552 1426 et
580 1371 908 1426 abstrahunt
946 1387 1044 1426 nos
1073 1388 1102 1426 a
1135 1371 1344 1426 cultura
1383 1381 1436 1428 et
1473 1373 1794 1440 sedulitate,

193 1477 305 1530 qua
335 1461 480 1516 circa
511 1479 676 1516 unum
707 1473 761 1518 et
784 1479 971 1519 verum
1005 1463 1210 1518 utimur
1233 1465 1400 1520 Deum
1429 1485 1441 1519 :
1478 1467 1622 1536 quod
1653 1483 1797 1523 nunc

195 1564 230 1606 ο
261 1552 546 1606 contrario
599 1554 842 1608 videmus
874 1553 1096 1610 factum.
1138 1555 1426 1612 lntendens
1477 1559 1619 1612 enim
1676 1559 1797 1627 quis

197 1659 328 1698 cum
358 1644 642 1714 disciplina
671 1645 890 1717 imagini
917 1647 1127 1701 cuidam
1158 1657 1495 1713 sanctorum,
1535 1649 1793 1718 quemad-

197 1739 424 1794 modum
447 1740 776 1796 convenieus
796 1749 898 1806 est,
923 1741 1103 1796 Gloria
1131 1743 1225 1798 tibi
1252 1743 1412 1808 Deus,
1439 1743 1589 1808 dicit,
1618 1744 1790 1798 sancti

1900 549 2009 620 puli
2039 549 2129 618 sit,
2160 553 2486 614 omnimodis
2516 555 2914 625 persequamini
2951 571 2967 610 :
3003 558 3300 628 prazsertim
3330 575 3477 626 cum,

1899 657 1968 696 ne
1996 657 2136 698 unus
2160 658 2224 698 ex
2257 644 2494 700 minimis
2530 656 2929 714 contemnatur,
2977 649 3254 719 praecipiat
3296 651 3479 706 Domi-

1901 745 2040 796 nus;
2072 731 2321 786 similiter
2351 743 2529 788 autem
2576 744 2628 790 et
2668 749 2736 791 ne
2777 736 3190 802 scandalizetur,
3222 739 3480 810 importa-

1899 819 2061 875 hilem
2096 820 2238 893 [cum
2270 824 2372 880 hoc
2400 824 2555 897 imp.]
2591 825 2724 882 ferat
2752 836 2809 882 et
2838 829 3130 884 terribilem
3164 831 3230 886 iis
3255 832 3346 902 qui
3376 834 3480 889 hoc

1899 913 2162 981 fecerint,
2205 917 2601 973 damnationem
2641 918 2853 991 (Matth.
2902 919 3079 977 xvml.
3119 921 3272 978 Nunc
3299 934 3480 980 autem

1899 1015 1953 1062 et
1983 1006 2232 1062 civitates
2260 1023 2448 1064 omnes
2480 1007 2621 1081 [Gr.,
2655 1008 2801 1082 totae]
2835 1021 2889 1067 et
2915 1012 3284 1070 multitudines
3313 1030 3483 1085 popu-

1901 1097 2073 1179 lorum
2107 1113 2210 1154 non
2245 1099 2298 1152 in
2331 1115 2505 1170 pauco
2538 1117 2700 1171 super
2737 1103 2839 1158 hoc
2875 1104 3103 1160 tumultu
3133 1106 3434 1162 consistunt
3463 1127 3477 1162 :

1900 1189 1953 1243 in
1979 1205 2086 1260 quo
2113 1205 2180 1245 ne
2211 1205 2308 1246 nos
2337 1192 2555 1247 obnoxii
2586 1208 2963 1263 appareamus,
2985 1197 3129 1251 omni
3157 1198 3334 1252 studio
3355 1214 3482 1268 pro-

1898 1271 2171 1334 curemus.
2233 1281 2352 1335 Prae
2410 1282 2662 1337 omnibus
2709 1283 3098 1352 providendum
3147 1294 3232 1342 est
3283 1287 3479 1352 nobis,

1897 1371 2042 1440 quod
2074 1379 2311 1427 mentem
2343 1387 2519 1427 meam
2547 1383 2870 1441 commovet,
2902 1390 2969 1430 ne
3003 1375 3341 1432 occasionem
3372 1377 3481 1432 ela-

1898 1461 2061 1517 tionis
2092 1462 2219 1518 binc
2246 1463 2464 1532 capiant
2492 1463 2527 1517 ii
2559 1465 2650 1532 qui
2677 1473 2870 1518 contra
2901 1464 3059 1520 [idem
3097 1474 3340 1522 nostram
3373 1468 3480 1522 ini-

1898 1551 2023 1605 mici
2052 1561 2177 1606 sunt
2208 1552 2390 1606 crucis
2420 1551 2642 1618 Christi,
2675 1553 2934 1620 dicentes,
2966 1557 3109 1626 quod
3136 1572 3306 1627 usque
3335 1573 3487 1613 nunc

1896 1640 2192 1698 Christiani
2221 1653 2523 1699 errassent.
2553 1643 2664 1699 Nisi
2683 1645 2833 1712 enim
2857 1646 2960 1700 hoc
2985 1645 3338 1703 idololatrian)
3359 1662 3482 1704 esse

1896 1732 2294 1800 cognovissent,
2337 1748 2676 1804 nequaquam
2722 1734 2881 1788 modo
2913 1735 3347 1791 manufactorum
3385 1737 3481 1792 ab-

197 1830 492 1900 cujuslibet
520 1847 714 1886 nomen
758 1831 1019 1900 adjiciens
1045 1849 1056 1885 :
1091 1832 1162 1886 ita
1195 1841 1247 1887 ut
1279 1849 1376 1902 per
1405 1835 1548 1888 hunc
1577 1850 1789 1905 quoque

1890 1819 2175 1889 jectionem
2207 1822 2484 1878 fecissent.
2519 1823 2672 1891 Quod
2703 1833 2960 1894 quantam
2991 1823 3238 1893 iniuriam
3283 1834 3339 1881 et
3385 1827 3482 1882 de-

197 1924 424 1980 modum
455 1923 792 1993 compleatur
816 1923 958 1993 quod
985 1923 1034 1976 in
1061 1925 1310 1980 oratione
1339 1925 1537 1980 dicitur
1559 1941 1589 1978 a
1615 1925 1790 1990 nobis,

197 2032 307 2088 quo
346 2025 404 2072 et
427 2031 525 2086 per
554 2016 842 2072 invisibilia
872 2024 926 2070 et
952 2016 1186 2070 visibilia
1213 2017 1546 2086 glorificetur
1567 2017 1794 2084 sanctis-

196 2109 399 2164 simum
437 2123 633 2163 nomen
681 2107 906 2164 Christi.
959 2106 1066 2162 Sed
1105 2123 1280 2178 neque
1311 2108 1476 2163 Deum
1505 2107 1792 2176 quemdam

197 2207 518 2255 sanctorum
580 2201 820 2255 virorum
885 2213 1084 2254 vocare
1143 2199 1417 2270 patimur:
1483 2214 1792 2268 quanquam

196 2291 510 2360 hujusmodi
562 2277 1000 2362 appellationem.
1038 2292 1084 2347 is
1137 2291 1228 2362 qui
1273 2295 1490 2362 preprte
1538 2290 1684 2345 solus
1739 2300 1795 2345 et

199 2396 340 2438 unus
371 2391 460 2436 est
496 2382 653 2446 Deus,
687 2382 792 2437 illis
820 2381 913 2452 qui
951 2382 1052 2438 sibi
1079 2381 1401 2452 placuerint,
1435 2381 1659 2453 largitus
1688 2383 1791 2447 sit,

196 2471 656 2540 quemadmodum
709 2473 762 2526 in
812 2488 969 2527 sacro
1013 2472 1346 2542 psalmorum
1399 2471 1658 2541 scriptum
1710 2480 1792 2526 est

197 2563 342 2619 libro
373 2561 549 2636 (Psal.
591 2563 819 2634 Lxxxn).
862 2562 1047 2633 Neque
1089 2578 1282 2618 rursus
1331 2571 1392 2617 ut
1437 2561 1790 2618 sufﬁcientem

195 2657 407 2712 habere
439 2672 540 2712 nos
562 2641 892 2712 arbitrantes
915 2655 1009 2711 Dei
1035 2656 1360 2729 cognitionis
1384 2655 1788 2720 certitudinem,

196 2747 336 2802 tales
390 2747 654 2817 imagines
683 2733 1142 2816 parvipendimus,
1183 2745 1264 2800 vel
1314 2746 1621 2816 spernimus
1663 2759 1791 2799 con-

196 2851 421 2891 cursum
454 2837 544 2906 qui
585 2837 638 2890 in
677 2836 921 2892 ecclesiis
965 2837 1058 2891 Dei
1102 2837 1190 2902 fit;
1232 2837 1326 2892 sed
1374 2837 1554 2892 die-ac
1593 2843 1789 2902 nocte,

194 2925 308 2980 imo
346 2933 404 2979 ut
439 2940 565 2979 cum
596 2925 802 2995 psalmo
841 2925 1067 2979 dixerim
1098 2922 1271 2995 (Psal.
1301 2924 1434 2994 Liv),
1485 2937 1712 2993 vespere
1736 2932 1792 2977 et

192 3030 360 3070 mane
405 3024 462 3071 et
501 3017 731 3071 meridie
771 3015 882 3070 Deo
920 3013 1328 3080 benedicimus,
1367 3023 1422 3069 et
1462 3015 1698 3069 maxime
1735 3015 1786 3087 in

194 3115 448 3176 tempore
493 3105 660 3161 divini
708 3104 957 3160 sacriﬁcii
1001 3121 1064 3160 ac
1097 3104 1279 3160 oflieii.
1326 3104 1464 3172 Quin
1502 3104 1683 3174 potius
1731 3111 1790 3158 ut

1895 1914 2215 1982 positionem
2249 1915 2448 1970 inferat
2483 1915 2606 1970 fidei
2633 1932 2754 1985 qua:
2787 1917 2840 1970 in
2869 1916 3143 1972 Christum
3171 1927 3273 1984 est,
3313 1934 3482 1976 unus-

1895 2005 2124 2075 quisque
2152 2006 2435 2061 confessus
2465 2007 2754 2062 exstiterit.
2797 2005 3074 2078 Siquidem
3105 2016 3160 2063 et
3185 2009 3289 2064 hoc
3325 2009 3480 2079 quasi

1894 2095 2022 2164 quid
2052 2096 2344 2151 verisimile
2373 2095 2614 2166 profecto
2657 2097 2850 2152 dicturi
2897 2083 3064 2162 sunt,
3091 2097 3348 2169 quoniam
3395 2099 3480 2153 his

1893 2185 1985 2254 qui
2016 2186 2180 2240 semel
2206 2198 2546 2252 erraverunt,
2584 2187 2804 2258 omnino
2843 2187 3156 2257 persuaderi
3187 2201 3296 2242 non
3328 2195 3487 2257 pote-'

1895 2274 1965 2328 rit
2011 2271 2154 2346 [Gr.,
2191 2277 2411 2332 omnino
2460 2277 2649 2331 danda:
2695 2293 2801 2332 non
2851 2283 2986 2332 sunt
3020 2275 3233 2349 aures];
3283 2278 3482 2348 quippe

1892 2378 2058 2434 penes
2083 2380 2218 2435 quos
2255 2366 2459 2421 veritas
2496 2381 2601 2420 non
2642 2373 2748 2420 est.
2785 2366 2956 2422 Porro
2992 2366 3120 2436 quid
3148 2365 3301 2436 plura
3330 2367 3490 2422 dixc-'

1893 2457 2018 2522 rim,
2049 2471 2169 2512 cum
2198 2465 2257 2512 et
2282 2457 2380 2527 ipsi
2411 2473 2510 2527 per
2536 2465 2728 2513 cuncta
2755 2457 2982 2528 piissimi
3009 2467 3064 2513 et
3091 2459 3251 2514 amici
3277 2459 3480 2514 Christi

1894 2547 2244 2624 imperatores
2281 2548 2452 2604 nostri
2479 2547 2713 2602 tabulam
2740 2549 3008 2604 veraciter
3028 2550 3232 2620 proprii
3262 2548 3480 2604 deitatis

1893 2639 2116 2706 amoris,
2147 2639 2201 2694 id
2255 2648 2339 2694 est
2378 2639 2665 2709 imaginem
2697 2655 2816 2710 qua}
2851 2648 2975 2695 ante
3013 2639 3214 2711 regalia
3239 2650 3341 2706 est,
3372 2643 3480 2697 eri-

1893 2737 2099 2800 gentes,
2129 2739 2184 2784 et
2223 2730 2276 2784 in
2315 2745 2378 2785 ea
2421 2730 2784 2800 apostolorum
2813 2738 2869 2785 et
2897 2729 3280 2801 prophetarum
3307 2731 3480 2802 impo-

1892 2827 2080 2874 nentes
2123 2818 2356 2890 effigies,
2397 2829 2452 2876 et
2489 2820 2681 2874 horum
2729 2821 2795 2875 de
2841 2821 3070 2876 Domino
3118 2821 3478 2879 inscribentes

1891 2923 2088 2972 voces,
2143 2909 2484 2964 confidentiae
2533 2924 2644 2964 suae
2691 2899 3137 2980 glorificationem
3184 2911 3489 2968 salutarem“

1892 3011 2107 3052 crucem
2156 3011 2276 3052 esse
2319 2999 2786 3068 praedicaverunt?
2838 2998 3084 3070 Capitula
3136 3015 3264 3056 vero
3311 3010 3474 3070 sunt,

1892 3106 2011 3161 quae
2041 3093 2248 3158 dicunt,
2289 3110 2388 3164 per
2419 3094 2682 3166 imagines
2730 3093 2869 3168 [Gr.,
2899 3097 3072 3168 Caput
3109 3103 3242 3154 vero
3285 3114 3476 3154 eorum

194 3199 408 3270 liquido
432 3200 687 3266 scientes,
721 3216 827 3254 non
867 3199 1084 3254 aliunde
1125 3199 1280 3254 nobis
1317 3215 1467 3270 spem
1503 3199 1788 3269 provenire
1817 3178 1863 3238 (ἶ
1893 3183 1983 3254 (Ιυί
2012 3179 2280 3250 dicunt“:
2327 3200 2427 3256 Per
2470 3177 2660 3259 ἰῶδες-1
2709 3189 2951 3244 diversas
2995 3188 3161 3244 Deum
3193 3199 3474 3261 operatum

195 3289 409 3356 salutis,
448 3289 547 3344 nisi
579 3303 643 3343 ex
673 3289 757 3358 pia
791 3288 893 3344 fide
927 3298 981 3343 et
1011 3288 1351 3345 confessione
1387 3305 1506 3360 quae
1535 3289 1587 3344 in
1619 3305 1784 3343 unum

195 3377 396 3444 Deum,
429 3379 520 3449 qui
551 3380 604 3433 in
635 3379 898 3434 Trinitate
925 3379 1206 3444 adoratur,
1252 3379 1482 3434 ellicitur
1512 3399 1524 3432 :
1559 3395 1786 3449 quarum

195 3490 300 3528 una
341 3474 561 3544 quidem
599 3473 654 3529 in
685 3473 846 3530 corde
874 3473 1141 3537 consistit,
1195 3472 1364 3528 altera
1415 3488 1545 3528 vero
1594 3473 1646 3526 in
1693 3488 1788 3528 ore

195 3561 474 3634 profertur
523 3562 727 3632 (Corde
771 3563 908 3617 enim
959 3562 1190 3617 creditur
1234 3562 1303 3616 ad
1344 3563 1646 3632 justitiam,
1699 3578 1788 3616 ore

193 3665 370 3708 autem
404 3653 661 3723 confessio
699 3653 758 3722 ﬁt
799 3653 867 3705 ad
905 3651 1128 3707 salu!em
1168 3651 1349 3724 [Rom.
1379 3649 1496 3724 vr])
1529 3669 1541 3704 :
1575 3665 1790 3720 semper

194 3743 413 3798 laudem
445 3743 613 3813 ipsius
643 3744 735 3798 Dei
763 3744 854 3813 qui
886 3742 1012 3798 fecit
1041 3757 1141 3798 nos
1167 3740 1340 3813 (Psal.
1369 3743 1572 3810 cxux),
1613 3742 1665 3795 iu
1693 3757 1787 3796 ore

194 3835 484 3903 habemus,
535 3845 590 3891 et
635 3835 992 3891 exaltationes
1035 3837 1153 3906 ejus
1179 3837 1234 3890 in
1266 3833 1510 3890 faucibus
1539 3832 1784 3896 ferimus,

193 3925 484 3996 omnisque
512 3925 662 3996 plebs
690 3924 891 3981 Christi
930 3925 995 3980 ad
1028 3925 1428 3996 perceptionem
1457 3924 1784 3980 sanctissimi

195 4015 444 4087 corporis
491 4015 607 4083 ejus
657 4025 712 4069 et
763 4014 1079 4086 sanguinis,
1139 4030 1238 4085 per
1290 4030 1411 4084 quae
1467 4013 1784 4068 memoriam

196 4105 393 4161 mortis
421 4101 538 4173 ejus
564 4113 619 4157 et
650 4104 1078 4160 resurrectionis
1101 4105 1393 4160 secundum
1434 4104 1604 4174 ipsius
1641 4102 1786 4158 cele-

196 4193 425 4252 bramus
454 4194 798 4249 traditionem
824 4235 838 4257 ,
881 4194 1170 4250 insatiabili
1213 4194 1480 4249 desiderio
1508 4203 1564 4249 et
1592 4193 1787 4249 divini-

196 4291 286 4341 tus
329 4293 479 4340 mota
523 4285 783 4339 industria
825 4293 1144 4356 perurgetur
1176 4285 1365 4354 magis,
1401 4300 1564 4354 quam
1593 4301 1786 4341 cervus

198 4381 266 4436 ad
293 4379 475 4436 fontes
504 4393 767 4449 aquarum
807 4375 980 4445 (Psal.
1013 4378 1146 4448 xu).
1189 4376 1296 4433 Sed
1337 4395 1437 4434 nec
1463 4378 1593 4433 illud
1623 4394 1785 4434 scan-

201 4455 397 4526 dalizet
423 4465 706 4540 quosdam,
741 4469 883 4539 quod
912 4477 1039 4524 ante
1068 4469 1332 4540 imagines
1353 4480 1666 4524 sanctorum
1705 4457 1799 4522 lu?

1890 3275 2178 3344 miracula,
2215 3278 2280 3332 de
2314 3277 2510 3347 quibus
2537 3278 2690 3332 multi
2721 3279 2942 3334 amitam
2973 3280 3254 3336 historiam
3288 3290 3475 3338 texere

1888 3363 2116 3431 volunt;
2147 3374 2336 3436 utputa
2377 3366 2750 3422 infirmitatum
2803 3370 3060 3437 medelas,
3103 3387 3239 3442 quas
3276 3381 3331 3426 et
3371 3373 3474 3442 ipsi

1888 3471 1988 3510 nos
2008 3461 2214 3526 experti
2241 3473 2449 3523 sumus,
2474 3466 2530 3514 ct
2553 3460 3070 3515 circumventionum
3096 3462 3471 3528 resolutiones,

1887 3561 2023 3616 quas
2069 3548 2120 3600 in
2173 3548 2380 3604 somnis
2424 3565 2521 3619 per
2566 3551 2806 3619 picturas
2851 3553 3044 3606 crebro
3094 3553 3474 3622 conspeximus

1888 3635 2031 3708 [Gr.,
2081 3647 2137 3694 et
2185 3641 2406 3696 crebras
2453 3642 2787 3712 depictorum
2839 3642 2892 3697 in
2943 3643 3146 3698 somnis
3191 3645 3469 3717 visiones].

1887 3727 2058 3785 Porro
2088 3732 2324 3786 maxime
2353 3732 2596 3786 omnium
2625 3732 3146 3800 manifeStissimum,
3184 3735 3239 3789 et
3267 3735 3470 3789 nullam

1886 3815 2318 3876 controversiam
2337 3822 2422 3878 vel
2443 3822 2850 3895 ambiguitatem
2877 3823 3170 3889 sustinens,
3198 3833 3302 3889 est,
3329 3827 3473 3894 quod

1885 3908 2063 3978 imago
2085 3904 2206 3980 quae
2234 3911 2440 3981 pridem
2479 3911 2726 3982 Sozopoli
2763 3912 2978 3968 Pisidiae
3011 3914 3344 3969 intemeratae
3373 3916 3471 3970 Dei

1885 4002 2163 4082 genitricis
2190 4002 2311 4069 fuit,
2352 4018 2422 4059 ex
2463 4003 2674 4075 depicta
2703 4005 2880 4075 palma
2913 4020 3010 4060 sua
3036 4007 3294 4077 unguenti
3323 4021 3473 4062 ema-

1884 4092 2159 4148 riationem
2224 4093 2545 4164 profuderit.
2609 4093 2775 4163 Cujus
2837 4096 3082 4151 miraculi
3134 4107 3296 4154 testes
3344 4106 3472 4153 sunt

1885 4182 2059 4236 multi.
2104 4183 2256 4238 Licet
2296 4194 2480 4240 autem
2505 4201 2648 4240 nunc
2677 4183 3044 4253 hujuscemodi
3075 4202 3180 4241 non
3215 4186 3308 4242 flat
3335 4203 3471 4257 opus

1886 4274 2154 4340 miraculi,
2190 4291 2296 4331 non
2333 4285 2514 4333 tamen
2563 4275 2900 4333 incredibilia
2945 4287 3104 4334 erunt
3145 4279 3358 4349 priora,
3401 4295 3470 4335 ne

1884 4368 2002 4436 pari
2043 4370 2204 4426 modo
2245 4370 2581 4446 incredibilia
2621 4369 2932 4435 iudicentur
2978 4387 3096 4441 qua:
3141 4373 3196 4426 in
3245 4373 3469 4428 Actibus

1887 4461 2253 4530 apostolorum
2285 4470 2411 4517 sunt
2439 4462 2731 4530 descripta,
2762 4462 2813 4516 in
2841 4463 3106 4532 principio
3133 4463 3470 4533 praedicatio-

199 4560 554 4614 minariorum
606 4559 952 4615 concinnatio
994 4566 1050 4612 et
1095 4559 1276 4613 suavis
1323 4560 1506 4615 odoris
1548 4559 1780 4631 thymia-
1817 4532 1863 4590 ί)
1889 4551 1995 4616 "is.
2028 4551 2181 4622 signa
2207 4553 2418 4622 diversa
2444 4561 2498 4606 et
2526 4552 2851 4606 Charismala
2886 4551 3138 4621 Spiritus.
3169 4569 3288 4622 (11133
3323 4555 3482 4608 nunc

197 4661 338 4705 mata
386 4653 542 4705 fiunt.
599 4649 906 4721 Symbolice
954 4665 1190 4721 namque
1240 4651 1363 4705 talia
1409 4651 1670 4706 celebrari
1708 4651 1782 4704 ad

197 4741 459 4796 honorem
517 4739 733 4794 illorum
783 4741 1086 4810 excogitata
1137 4748 1306 4804 sunt,
1368 4754 1596 4808 quorum
1657 4752 1779 4791 cum

193 4833 414 4888 Christo
441 4831 656 4900 requies
685 4840 784 4894 est,
813 4847 1040 4902 quorum
1074 4831 1248 4886 honor
1277 4830 1330 4884 in
1361 4845 1483 4886 eum
1513 4829 1778 4884 recurrit:

191 4922 294 4977 hoc
321 4921 593 4992 probante
615 4920 814 4974 Basilio
842 4920 1081 4990 sapiente
1111 4919 1312 4990 (homil.
1346 4919 1399 4971 in
1428 4917 1781 4988 quadraginta

190 5009 503 5080 martyres),
539 5008 665 5078 quia
703 5009 877 5062 honor
904 5007 1047 5063 circa
1077 5009 1246 5063 bonos
1275 5020 1661 5062 conservorum
1689 5021 1782 5074 ap-

187 5100 573 5171 probationem
622 5098 785 5154 habet
833 5097 1218 5153 benevolentize
1268 5111 1394 5166 erga
1442 5109 1802 5152 communem“

187 5189 455 5246 exhibita:
485 5187 794 5242 Dominum.
843 5187 1046 5243 Indicia
1085 5197 1210 5243 sunt
1250 5201 1482 5256 namque
1509 5183 1780 5241 sensibilia

186 5282 397 5340 lumina
431 5279 599 5336 divini
629 5296 695 5336 ac
723 5281 841 5335 sine
880 5279 1106 5335 materia
1149 5279 1370 5333 luminis
1410 5277 1522 5332 dati
1563 5295 1576 5331 :
1617 5291 1781 5346 porro

187 5379 510 5429 aromatum
541 5371 819 5426 incensum
851 5369 1158 5439 purissimae
1185 5377 1240 5423 et
1268 5369 1432 5424 totius
1457 5367 1625 5424 sancti
1660 5366 1781 5435 Spi-

186 5466 329 5522 ritus
383 5461 756 5534 inspirationis
803 5468 858 5516 et
905 5459 1216 5516 refectiOnis
1261 5458 1403 5532 [Gr.,
1446 5456 1778 5530 repletionis]

189 5557 427 5628 insigne.
483 5554 551 5608 Et
597 5553 714 5607 hac
757 5550 972 5621 quidem
1016 5549 1182 5605 veluti
1222 5560 1408 5606 contra
1439 5557 1780 5618 emergentes

191 5648 567 5718 oppositiones
597 5653 653 5700 et
679 5643 1158 5708 contradictiones,
1201 5657 1320 5713 qua:
1347 5642 1504 5711 quasi
1533 5657 1601 5696 ex
1632 5641 1779 5696 Scri-

193 5737 368 5807 pturis
399 5737 827 5808 praetenduntur,
857 5733 1140 5792 scribenda
1167 5732 1658 5800 consideravimus;
1694 5725 1800 5788 ro-'

1888 4642 2109 4697 minime
2135 4649 2444 4711 patrantur;
2487 4649 2730 4696 amatore
2769 4643 3046 4697 hominum
3077 4643 3327 4698 videlicet
3356 4643 3466 4698 Deo

1884 4747 1984 4802 per
2011 4731 2167 4786 talem
2195 4731 2708 4786 condescensionem
2733 4747 2825 4788 eos
2846 4733 2934 4802 qui
2966 4731 3291 4788 infirmiores
3312 4743 3466 4788 erant

1888 4823 2080 4896 [sunt],
2112 4825 2444 4898 potentiores
2475 4824 2526 4878 in
2559 4824 2662 4880 fide
2689 4841 2783 4880 sua
2813 4824 3148 4895 perﬁciente,
3178 4834 3232 4880 et
3261 4826 3481 4894 pariter

1887 4928 2041 4967 suam
2069 4913 2322 4969 virtutem
2350 4913 2513 4968 etiam
2543 4930 2641 4984 per
2667 4915 2764 4970 hos
2793 4914 2910 4986 [per
2937 4913 3072 4986 haec]
3109 4917 3422 4972 ostendente
3446 4953 3476 4981 ,μ

1885 5004 2336 5072 quemadmodum
2389 5005 2752 5075 apostolorum
2804 5005 3001 5059 factum
3059 5014 3143 5060 est
3201 5014 3459 5073 tempore.

1883 5095 2184 5165 Aliquando
2230 5095 2374 5150 cnim
2410 5097 2602 5150 horum
2651 5095 2861 5159 umbra,
2899 5095 3184 5164 aliquando
3210 5112 3338 5152 vero
3370 5113 3482 5152 ve-'

1883 5188 2042 5242 stium
2073 5185 2281 5242 sublata
2331 5184 2469 5257 [Gr.,
2521 5187 2587 5242 de
2629 5175 2868 5241 vestibus
2901 5187 3208 5258 pendentia]
3245 5187 3461 5246 sudaria

1885 5279 2144 5333 sanitates
2179 5279 2528 5349 praestabant.
2562 5275 2716 5331 Sicut
2758 5279 2887 5356 ergo
2917 5278 2972 5334 in
3017 5278 3120 5334 illis
3149 5294 3254 5333 non
3284 5280 3462 5335 omnis
3496 5315 3500 5320 ~

1884 5369 2127 5439 corporis
2155 5369 2368 5432 umbra,
2400 5368 2494 5422 sed
2533 5367 2686 5422 Petri
2719 5369 3089 5424 tantummodo
3123 5370 3286 5424 dabat
3313 5369 3466 5424 labo-

1884 5457 2126 5525 rantlbus
2173 5457 2435 5526 medelam
2470 5471 2484 5508 :
2519 5457 2769 5512 similiter
2809 5467 2866 5513 et
2905 5459 3120 5513 sudaria
3151 5473 3256 5513 non
3285 5457 3459 5532 omnis

1883 5548 2206 5612 vestimenti,
2246 5549 2338 5603 sed
2366 5547 2515 5626 Pauli
2544 5547 2880 5616 solummodo
2904 5551 3166 5606 sanabant
3193 5543 3482 5612 infirmos,.

1883 5640 1937 5694 in
1982 5637 2402 5696 satisfactionem
2451 5629 2572 5700 ﬁdei
2613 5638 2730 5708 ejus
2761 5640 2948 5710 quivab
2973 5640 3102 5711 ipsis
3133 5638 3458 5707 praedicaba-

1884 5740 1990 5801 tur,
2019 5730 2115 5806 qui
2153 5729 2384 5805 gratiam
2419 5731 2570 5788 suam
2606 5733 2768 5790 etiam
2797 5748 2895 5804 per
2920 5727 3209 5787 inanlmata
3239 5731 3460 5796 demon-
