3924 5638
492 423 594 478 555

1612 498 1632 503 η
1650 368 2015 507 ᾹΝᾹδτΑδιι
2052 372 2598 503 ammoniacum
2620 376 2629 380 i

3648 388 3738 477 £56

491 539 739 613 strabat:
773 537 844 592 ita
874 545 930 592 et
960 549 1119 613 super
1156 500 1655 609 imaginibusscepe
1683 500 2065 603 fieri-placuit;
2174 528 2292 597 fecit
2323 506 2544 600 utroque
2585 545 2742 583 unum
2771 526 2982 607 (Ephes.
3013 528 3099 601 ιι).
3141 528 3318 599 ipsum
3358 529 3516 594 decet
3562 528 3736 601 gloria,

491 612 597 689 non
625 629 678 684 in
704 626 850 682 omni
881 612 1112 703 imagine
1134 625 1214 684 vel
1232 625 1444 703 pictura
1474 622 1596 679 talis
1614 622 1799 703 rspecie
1823 612 2070 678 beneficii

488 723 633 778 inter
660 720 940 776 credentes
968 698 1187 789 ell'eeta,
1213 698 1306 771 sed
1348 716 1400 770 in
1433 698 1569 783 solis
1612 702 1944 793 sanctorum,
1985 710 2069 765 vel

485 815 650 872 etiam
678 812 915 879 ejusdem
959 810 1164 867 Domini
1206 826 1223 865 :
1267 823 1376 878 quo
1418 822 1524 887 non
1575 815 1764 887 suapte
1808 805 2072 887 intellige-

484 912 673 963 rentnr
710 902 969 973 sanitates
1005 900 1283 964 accedere,
1335 884 1539 953 sedes
1591 885 1704 951 sola
1752 884 1923 968 gratia
1975 884 2068 950 Dei

485 993 679 1055 nostri.
732 992 959 1065 Dignum
1005 1000 1209 1063 autem,
1263 997 1319 1042 ut
1367 1003 1513 1069 reor,
1559 995 1668 1051 est,
1720 973 1896 1055 neque
1938 984 2068 1065 illud

481 1085 978 1158 praetermittamus,
1014 1082 1155 1153 quod
1198 1080 1464 1159 Eusebius
1505 1077 1770 1149 Pamphili
1806 1076 1859 1131 in
1889 1075 2065 1131 eccle-

481 1175 699 1237 siastica
740 1173 975 1248 Historia
1014 1171 1210 1240 posuit,
1264 1170 1390 1240 quia
1434 1169 1487 1224 in
1531 1167 1797 1248 Paneade,
1824 1165 2063 1231 civitate,

480 1281 642 1341 quam
667 1264 970 1321 Caesaream
1006 1261 1237 1338 Philippi
1274 1260 1621 1337 Evangelium
1651 1258 1915 1322 nominat,
1954 1250 2066 1312 fer-4

480 1364 569 1415 tur
596 1357 817 1429 domum
845 1368 964 1427 esse
995 1353 1272 1429 sanguinis
1310 1350 1507 1427 fluxum
1553 1350 1804 1429 patientis
1841 1347 2061 1422 [passm]

477 1426 740 1515 mulieris,
773 1426 890 1517 quin
936 1426 1147 1519 ﬁmbria
1194 1426 1487 1497 Salvatoris
1532 1429 1722 1519 sanata
1750 1426 1873 1519 dest,
1920 1440 2062 1495 sicut

475 1537 738 1607 scriptum
763 1546 845 1591 est
869 1536 923 1590 in
949 1516 1253 1613 Evangeliis
1279 1531 1495 1603 (Matth.
1677 1516 1841 1603 Cujus
1869 1518 2064 1586 domus

473 1641 574 1698 pro
600 1624 803 1701 foribus
828 1624 978 1679 aiunt
1001 1631 1233 1701 statuam
1263 1622 1463 1701 deicere
1490 1616 1687 1701 factam
1725 1628 1891 1693 stare,
1924 1618 2062 1701 imas

471 1719 650 1789 ginem
677 1698 935 1772 ferentem
964 1698 1449 1778 Domini;contra
1485 1698 1647 1784 quam
1668 1698 1906 1791 formam
1940 1700 2059 1783 mu{

471 1806 871 1877 lierisgenibus
894 1805 1186 1878 provoluta:
1209 1804 1536 1882 consistere,
1581 1803 1775 1883 palmis
1815 1792 2055 1859 extensis

2174 620 2347 674 honOr
2369 628 2423 674 et
2444 612 2689 674 adoratio
2722 635 2843 675 cum
2874 620 3033 675 Patre
3056 627 3110 675 et
3138 628 3327 675 sancto
3354 618 3583 690 Spiritu,
3612 638 3739 676 nunc

2171 696 2225 765 et
2256 727 2467 780 semper
2498 723 2551 765 et
2582 712 2633 765 iu
2665 700 2858 766 sarcula
2887 700 3226 767 saeculorum.
3269 714 3467 768 Amen.

2181 800 2188 807 ’
2241 800 2437 856 Sancta
2462 802 2699 873 synodus
2720 801 2885 857 dixit:
2920 803 3185 858 Divinitus
3204 804 3512 858 sonantium
3536 788 3741 860 Patrum

2171 890 2431 948 doctrina:
2459 910 2556 971 nos
2588 904 2937 950 correxerunt
2966 895 2978 949 l
3007 895 3082 949 Ex
3130 895 3260 966 ipsis
3308 884 3629 951 haurientes
3667 912 3744 953 ve-

2171 988 2387 1061 ritatem
2422 988 2588 1058 potati
2644 990 2867 1044 sumus!
2909 988 3016 1043 Eos
3064 998 3373 1059 sequentes,
3412 989 3743 1044 mendacium

2166 1081 2438 1151 persecuti
2465 1065 2652 1137 sumus
2670 1082 2683 1136 !
2700 1067 2801 1155 Ab
2819 1081 2899 1137 eis
2913 1081 3109 1149 edocti,
3128 1080 3467 1137 venerabiles
3491 1070 3746 1155 imagines

2166 1164 2498 1250 salutamus!
2528 1154 2716 1227 Patres
2743 1154 3054 1242 praedicant,
3074 1171 3165 1226 ﬁlii
3193 1154 3521 1228 obedientiae
3545 1187 3743 1235 sumus,

2164 1273 2218 1333 et
2246 1266 2687 1336 congratulamnr
2725 1266 2778 1320 in
2824 1264 2962 1319 facie
2991 1258 3203 1335 matris,
3232 1264 3527 1341 traditione
3564 1262 3742 1320 Eccle-

2165 1353 2259 1408 siae
2284 1352 2599 1409 catholicae!
2634 1342 2927 1410 Credentes
2952 1342 3205 1408 in'uuum
3245 1353 3438 1419 Deum,
3477 1353 3533 1407 in
3580 1351 3745 1407 Trini-

2164 1450 2272 1517 tate
2313 1434 2657 1510 laudandum,
2709 1430 3052 1500 honorabiles
3091 1430 3363 1516 imagines
3404 1428 3738 1499 salutamus!

2161 1532 2262 1600 Qui
2289 1534 2366 1590 sic
2394 1550 2451 1590 se
2479 1536 2582 1590 nun
2613 1520 2842 1599 habent,
2876 1530 3163 1590 anathema
3204 1526 3369 1599 Sint;‘
3401 1522 3496 1606 qui
3542 1536 3618 1590 ita
3648 1524 3743 1590 nou

2162 1614 2424 1690 Sentinnt,
2447 1612 2632 1696 procul
2656 1626 2721 1679 ab
2751 1624 2987 1703 Ecclesia
3014 1626 3309 1703 pellantur!
3342 1625 3449 1681 Nos
3471 1627 3741 1697 antiquam

2158 1708 2551 1793 legislationem
2571 1700 2829 1771 Ecclesiae
2855 1718 3134 1773 catholica:
3158 1700 3472 1788 sequimur!
3498 1716 3612 1772 Nos
3628 1712 3743 1788 jura

2158 1803 2377 1859 Patrum
2407 1796 2831 1882 conservamns!
2867 1823 2966 1863 nos
2998 1822 3091 1864 eos
3126 1807 3216 1877 qui
3244 1807 3447 1862 addunt
3476 1806 3631 1877 quid,
3665 1806 3739 1861 vel

472 1897 792 1972 supplicanti
852 1897 1123 1961 similem;
1195 1896 1245 1950 in
1310 1896 1738 1950 recordationem
1803 1894 2050 1950 miraculi
2083 1891 2787 1965 B.aufcrnnt,excatholica
2809 1884 3741 1956 Ecclesiaanathematizamus!Nos

469 1990 614 2062 quod
656 1988 862 2058 factum
906 1995 990 2044 est
1023 1990 1169 2063 circa
1204 2001 1284 2051 se,
1313 1986 1417 2042 hoc
1450 1973 1525 2041 ab.
1545 2002 1606 2041 ea
1636 1986 1863 2067 sollicite
1889 1976 2050 2041 acto:

468 2090 523 2139 et
563 2084 707 2151 quod
752 2080 1025 2150 adapedes
1065 2074 1257 2134 Statum
1292 2078 1345 2133 in
1382 2079 1600 2153 nomine
1631 2078 1841 2133 Domini
1872 2078 2052 2143 factae,

466 2173 633 2229 herba
669 2172 1128 2243 quaadamuoritur
1168 2186 1308 2227 nova
1356 2170 1546 2249 specie.
1576 2184 1641 2243 ac
1676 2169 1911 2249 ignota,
1933 2157 2057 2246 quze

464 2261 741 2331 variorum
769 2261 1088 2332 languorum
1122 2246 1571 2331 medicamentum
1599 2246 1712 2325 est;
1765 2246 1910 2328 quod
1953 2271 2053 2326 per

463 2355 701 2428 scipsum
745 2356 943 2412 vidisse
987 2354 1252 2423 Eusebius
1287 2354 1365 2423 ait
1395 2372 1408 2408 :
1448 2352 1736 2425 manifeste
1769 2338 2053 2408 Salvatore

462 2447 696 2518 propriae
739 2445 937 2519 gratias,
974 2445 1383 2516 dispensatori-te
1429 2443 1658 2518 insignia
1704 2442 1938 2519 faciente
1982 2444 2051 2500 ad

462 2537 623 2594 tidem
648 2537 1013 2604 mulierculae;
1040 2536 1360 2606 ostendente
1386 2536 1528 2606 quod
1559 2549 1659 2589 nos
1691 2534 1942 2606 superius
1968 2534 2051 2589 in-

460 2631 799 2698 dicavimus,
834 2612 971 2703 quia
1018 2646 1125 2688 non
1172 2630 1489 2702 simpliciter
1537 2629 2049 2706 tractanda‘[acci-

456 2721 677 2795 pienda]
705 2732 833 2783 sunt
857 2738 984 2794 qua:
1003 2731 1287 2795 geruntur,
1320 2722 1415 2778 sed
1454 2722 1685 2797 intentio
1718 2722 1772 2795 rei
1794 2798 1798 2802 _
1820 2721 2048 2795 [facien—

457 2813 551 2887 tis]
599 2824 686 2872 est
731 2815 1159 2885 comprobanda.
1192 2813 1333 2869 Dicit
1372 2823 1552 2882 autem
1595 2813 1738 2885 idem
1780 2813 2046 2885 Eusebius

457 2905 603 2975 quod
631 2916 686 2959 et
714 2904 1082 2974 apostolorum
1113 2904 1377 2975 imagines
1399 2903 1544 2959 Petri
1572 2912 1629 2959 et
1656 2902 1842 2969 Pauli,
1884 2911 2049 2974 atque

460 2992 629 3063 ipsius
652 2992 876 3058 Christi,
905 3009 1002 3063 per
1025 2992 1234 3048 colores
1257 2994 1556 3049 testimatas
1584 2992 1728 3066 [Gr.,
1755 3009 2045 3065 conserva-

458 3081 566 3155 tas]
615 3082 668 3137 in
697 3082 920 3153 picturis
945 3083 1235 3154 aspexerit.
1281 3082 1398 3153 Non
1446 3090 1626 3138 autem
1672 3084 1775 3159 hoc
1815 3083 2043 3139 dicimus

454 3184 589 3237 nos,
634 3179 697 3226 ut
741 3179 951 3229 statuas
996 3187 1182 3241 aeneas
1224 3170 1405 3245 facere
1451 3172 1806 3247 stn'deamus,
1846 3173 1942 3228 sed
1981 3181 2042 3227 ut

2158 1988 2624 2043 Subintroductam
2650 1978 2952 2045 novitatem
2991 1989 3326 2046 Christianos
3366 1991 3737 2046 accusantium

2156 2079 2710 2157 anathematizamus!
2731 2080 2838 2136 Nos
2863 2079 3195 2136 venerauiles
3212 2081 3396 2135 iconas
3411 2070 3735 2137 salutamus!

2155 2160 2264 2225 Nos
2297 2185 2392 2225 eos
2423 2170 2513 2241 qui
2544 2171 2621 2248 sic
2650 2156 2708 2226 se
2744 2186 2851 2226 non
2882 2170 3101 2236 habent,
3130 2171 3469 2227 anathemati
3512 2173 3738 2229 submit-

2154 2264 2318 2331 timus
2344 2263 2356 2316 l
2386 2262 2726 2317 Christianos
2770 2248 3175 2326 accusantibus,
3222 2261 3276 2318 id
3326 2271 3446 2331 est,‘
3482 2263 3738 2336 imagines

2152 2352 2619 2425 eontringentibus
2670 2342 2956 2410 anathema
3011 2356 3121 2411 sit!
3161 2354 3257 2410 llis
3306 2356 3398 2425 qui
3457 2366 3736 2412 assumunt

2151 2443 2292 2502 dicta
2328 2455 2528 2500 sancta:
2558 2445 2876 2516 Scripturae,
2917 2461 3038 2516 quae
3075 2433 3201 2500 sunt
3246 2455 3436 2501 contra
3490 2446 3655 2512 idola,
3682 2447 3733 2501 in

2149 2535 2487 2593 venerabiles
2516 2526 2795 2609 imagines,
2825 2537 3109 2592 anathema
3137 2538 3149 2591 !
3180 2536 3271 2593 liis
3305 2539 3398 2609 qui
3433 2554 3540 2593 non
3591 2540 3732 2594 salu-

2151 2622 2268 2683 tant
2293 2622 2512 2685 sanctas
2552 2643 2616 2684 ac
2644 2616 2981 2708 venerabiles
3028 2628 3570 2708 iconas,‘anathema
3597 2631 3611 2683 !
3641 2629 3734 2685 ﬂis

2150 2719 2240 2791 qni
2265 2720 2534 2791 appellant
2564 2736 2757 2797 sacras
2788 2705 3050 2792 imagines
3089 2705 3257 2787 idola,
3276 2722 3570 2777 anathema
3595 2752 3613 2777 ο
3642 2720 3734 2777 llis

2153 2796 2247 2880 qui
2291 2809 2498 2877 dicunt,
2524 2810 2667 2880 quod
2705 2796 2872 2865 veluti
2908 2809 2977 2864 ad
3024 2809 3153 2865 deos
3207 2809 3527 2876 Christiani,
3557 2811 3630 2865 ita
3666 2811 3732 2865 ad

2149 2897 2335 2955 iconas
2364 2894 2648 2966 accedant,
2687 2885 3013 2955 anathema!
3050 2897 3143 2954 llis
3191 2890 3282 2970 qui
3328 2900 3733 2956 communicant

2147 2990 2390 3067 scienter
2412 2990 2665 3063 inju'riam
2689 2999 2744 3045 et
2770 2990 3206 3045 inhonorantiam
3242 2990 3603 3046 inferentibus
3643 3005 3731 3045 ve-

2152 3082 2488 3139 neraliilibus
2514 3082 2870 3153 imaginibus,
2894 3074 3223 3137 anathema!
3253 3081 3351 3137 llis
3397 3082 3490 3153 qui
3546 3080 3730 3138 dicunt

2148 3174 2314 3245 quod,
2337 3184 2565 3245 excepto
2591 3174 2810 3230 Christo
2833 3163 3059 3230 Domino
3080 3174 3292 3237 nostro,
3310 3174 3449 3229 alius
3467 3190 3731 3230 noseruc-

456 3263 793 3319 insinuemns
839 3264 1093 3334 quoniam
1150 3272 1205 3333 et
1255 3244 1393 3319 illud
1433 3244 1729 3331 secundum
1769 3264 2036 3344 .gentilem
2067 3260 2112 3322 C
2149 3244 2220 3322 rit
2247 3267 2315 3321 ab
2348 3244 2524 3332 idolis,
2553 3262 2877 3321 anathema!
2912 3265 3006 3321 liis
3031 3265 3125 3336 qui
3159 3267 3362 3321 audent
3411 3265 3597 3321 dicere
3641 3282 3728 3320 ca-

453 3354 900 3431 consuetudiuem
946 3353 1169 3420 factum,
1218 3369 1324 3408 non
1367 3351 1651 3421 renuente,
1691 3354 1786 3410 sed
1824 3353 2036 3410 volente

451 3442 719 3511 Domino,
773 3453 836 3500 ut
878 3445 931 3500 in
982 3445 1099 3516 ipso
1153 3446 1557 3519 demonstretur
1605 3461 1701 3517 per
1743 3444 2034 3521 plurimum

453 3544 664 3604 tempus
713 3534 1184 3604 ipsiusbouitatis
1238 3536 1611 3608 miraculum;
1651 3536 1845 3607 equod
1893 3535 2033 3605 apud

449 3640 548 3695 nos
586 3626 943 3682 venerabilius
983 3636 1068 3681 est
1111 3628 1345 3698 qualiter
1388 3629 1640 3703 obtinens
1675 3644 1811 3694 mos,
1842 3629 2032 3684 doceat

447 3715 980 3777 commemoratiouis
1013 3715 1158 3788 [Gr.,
1198 3734 1428 3785 morem,
1471 3720 1562 3790 qui
1594 3720 1735 3790 apud
1764 3734 1862 3775 nos
1887 3720 2030 3789 obti-

450 3805 567 3875 nuit
597 3805 765 3877 utagis
790 3805 877 3875 pie
906 3808 1320 3876 quodammodo,
1353 3823 1458 3863 non
1484 3817 1567 3863 est
1593 3808 1673 3862 fas
1700 3808 2028 3878 vituperare.

449 3892 507 3949 in
550 3894 636 3949 bis
674 3894 838 3965 igitur
871 3895 1183 3950 absolvatur
1225 3905 1422 3951 nostra:
1457 3895 1625 3970 com.}
1656 3911 1857 3953 sermo.
1889 3896 2031 3952 Deus

448 3986 940 4057 autemveritatis,
976 3987 1068 4057 qui
1104 3986 1325 4061 deduxit
1353 4003 1451 4044 nos
1488 3990 1543 4044 in
1583 3991 2030 4068 omnem‘verita-

449 4084 583 4140 tem,
614 4085 672 4131 et
706 4091 923 4133 omnem
958 4078 1313 4147 dissensionis
1349 4076 1713 4152 occasionem,
1751 4088 1808 4137 et
1847 4082 2029 4136 turba-

446 4165 610 4232 tionis
635 4181 856 4222 causam
903 4183 934 4222 a
978 4170 1179 4225 nostris
1207 4170 1377 4241 abigit
1404 4171 1720 4243 animabus,
1753 4173 2026 4227 unanimi-

447 4268 532 4317 tet'
561 4276 667 4317 uno
695 4261 886 4331 spiritu
918 4261 1284 4334 glorificantes
1308 4280 1429 4319 eum
1459 4266 1831 4337 supercmlcsti
1862 4282 2026 4337 regno

446 4352 638 4424 dignos
663 4351 877 4409 efﬁciat.
1292 4426 1299 4435 .
1875 4425 1878 4428 ῃ

466 4497 477 4502 -
516 4440 772 4500 Tarasius
798 4444 1168 4502 sanctissimus
1193 4447 1501 4519 patriarcha
1528 4449 1666 4523 dixit
1693 4467 1705 4503 :
1739 4448 2024 4506 Clamave—

444 4543 570 4590 runt
605 4533 855 4590 custodes
907 4534 1161 4590 Ecclesiae
1204 4534 1505 4612 catholicae,
1549 4538 1721 4592 sancti
1771 4538 2023 4615 videlicet

442 4623 630 4681 Patres
656 4625 827 4682 nostri
852 4665 867 4690 ,
895 4623 988 4696 q’ui
1038 4641 1249 4698 semper
1287 4644 1447 4698 supra
1486 4627 1856 4708 .intelligibiles
1906 4632 2022 4703 ejus

440 4720 729 4790 vigilantes
754 4722 954 4787 arietes
982 4721 1356 4793 [iutelligibilia
1377 4723 1800 4798 propugnacula]
1827 4765 1844 4792 ,
1860 4741 2021 4781 omne

439 4814 681 4883 praelium
709 4814 947 4879 etinane
973 4812 1198 4869 verbum
1222 4813 1569 4883 repulerunt;
1596 4824 1652 4885 et
1689 4816 1830 4872 hanc
1862 4817 2023 4872 indis-

439 4912 680 4974 cerptatu
722 4911 1019 4967 servantes,
1055 4903 1361 4959 universam
1386 4903 1705 4975 phalangem
1728 4906 2018 4961 adversan-

438 4995 574 5056 tium
601 4994 866 5065 persecuti
897 5001 1114 5058 sunt,et
1132 5006 1237 5046 una
1273 5007 1396 5047 cum
1419 4993 1688 5048 veteribus
1723 4995 2018 5051 haeresibus

437 5094 493 5142 et
522 5097 765 5142 errorem
812 5098 966 5138 novae
1018 5082 1304 5152 pravitatis
1354 5081 1690 5138 Christianos
1732 5082 2018 5140 calumniis

436 5173 804 5247 appetendum
841 5158 1183 5242 pupugeruut
1231 5170 1409 5243 gladio
1458 5170 1700 5243 spiritus.
1763 5170 2017 5228 Dicamus

436 5281 569 5338 ergo
595 5263 772 5318 cuncti
803 5277 909 5316 una
949 5277 1081 5317 voce
1110 5277 1231 5315 cum
1282 5259 1544 5334 magistro
1584 5254 1805 5326 nostro,
1846 5259 2013 5318 Paulo

436 5355 690 5414 videlicet
739 5351 919 5409 divino
961 5352 1200 5423 apostolo
1230 5369 1244 5407 :
1282 5349 1522 5407 Christus
1556 5366 1661 5425 pax
1695 5359 1892 5417 nostra,
1923 5353 2031 5425 qui

579 5487 617 5502 ¹’
658 5486 744 5524 ⁸·νῖ
796 5499 858 5524 η’
884 5498 1030 5534 sacra
1061 5484 1295 5534 omnibus
1322 5492 1562 5532 ualeant-
1604 5497 1811 5530 sacrum
1840 5479 2010 5538 πήρη

2148 3358 2402 3414 tholicam
2434 3357 2728 3414 Ecclesiam
2756 3356 2896 3413 idola
2941 3356 3230 3427 aliquando
3279 3356 3575 3424 recepisse,
3601 3370 3728 3408 ana-

2140 3449 2323 3504 thema
2347 3451 2360 3504 !
2702 3502 2706 3507 .

2208 3538 2273 3593 Et
2301 3516 2584 3610 postquam
2613 3536 2805 3609 prolati
2855 3545 2981 3593 sunt
3030 3534 3239 3607 prmfati
3289 3537 3725 3592 anatocmatismi

2133 3643 2234 3698 per
2254 3628 2520 3696 chartam,
2558 3635 2745 3685 sancta
2781 3628 3036 3700 synodus,
3062 3618 3268 3698 legente
3297 3622 3592 3698 Euthymio
3617 3627 3727 3697 epi-

2132 3738 2297 3792 scopo
2318 3721 2387 3776 Sa
2399 3722 2523 3785 rdis,
2540 3706 2926 3792 pronuntiavit
2957 3721 3145 3775 subter
3171 3734 3400 3774 annexa.

2207 3813 2296 3868 Dei
2324 3820 2380 3868 et
2414 3812 2711 3868 Sulvatoris
2740 3811 2905 3867 nostri
2935 3808 3061 3865 .lcsu
3097 3809 3298 3865 Christi
3342 3808 3589 3864 divinum
3624 3809 3718 3864 ad-

2132 3904 2416 3976 implentes
2443 3910 2790 3974 prmceptum,
2828 3902 2996 3955 sancti
3030 3899 3215 3954 Patres
3245 3900 3413 3953 nostri
3439 3899 3719 3955 lucernam

2130 3995 2232 4049 sibi
2261 3993 2454 4048 divina:
2478 3992 2801 4069 cognitionis
2827 3991 2896 4046 ab
2922 4006 2986 4046 co
3017 3992 3195 4046 datam
3226 4005 3330 4045 non
3380 3992 3486 4045 sub
3537 3992 3718 4046 modio

2129 4086 2563 4159 absconderant,
2617 4084 2710 4141 sed
2762 4072 2919 4156 supra
2980 4084 3361 4141 candelabrum
3418 4093 3720 4156 posuerunt

2127 4179 2396 4249 utilissimi
2429 4164 2748 4250 magisterii,
2772 4187 2829 4232 ut
2854 4178 3033 4232 luceat
3063 4177 3311 4232 omnibus
3337 4177 3429 4246 qui
3459 4178 3514 4231 in
3539 4178 3719 4239 domo,

2128 4272 2180 4326 id
2205 4280 2310 4337 est,
2341 4270 2431 4340 qui
2462 4270 2515 4324 in
2538 4269 2779 4325 Ecclesia
2812 4268 3078 4324 catholica
3120 4268 3227 4322 nati
3273 4277 3400 4322 sunt
3435 4286 3451 4321 :
3490 4283 3561 4323 ne
3583 4267 3719 4322 forte

2124 4339 2362 4435 tiﬂ'eudat
2398 4360 2596 4430 aliquis
2626 4373 2814 4414 eorum
2844 4359 2934 4429 qui
2965 4357 3050 4428 pic
3075 4353 3399 4412 confitenttir
3426 4357 3716 4412 Dominum

2124 4451 2191 4507 ad
2217 4449 2445 4521 lapidem
2470 4448 2735 4504 haeretica:
2758 4456 2813 4503 et
2842 4447 2994 4502 mal-.e
3017 4446 3286 4516 opinionis
3312 4447 3508 4517 pedem
3538 4462 3714 4504 suum.

2124 4542 2229 4614 lpsi
2253 4542 2398 4621 enim
2421 4555 2636 4596 omnem
2662 4555 2902 4596 errorem
2931 4539 3308 4596 haereticorum
3351 4539 3507 4596 foras
3540 4541 3717 4613 erpel-

2054 4613 2261 4715 Dlnnt,
2312 4616 2366 4689 et
2420 4631 2781 4703 putrefactum
2836 4631 3173 4698 membrum,
3232 4632 3277 4687 si
3335 4631 3715 4689 insanabiliter

2122 4724 2392 4796 elangnet,
2419 4722 2707 4790 excidunt;
2734 4733 2790 4777 et
2815 4722 3172 4777 ventilabrum
3213 4722 3502 4790 habentes,
3526 4739 3710 4780 arcam
3764 4719 3770 4723 ’

2119 4800 2396 4884 purgant:
2424 4821 2479 4867 et
2521 4808 2758 4867 triticum
2789 4811 3024 4881 quidem,
3053 4812 3104 4866 id
3136 4820 3253 4879 est,
3291 4802 3523 4868 verbum
3567 4813 3711 4885 quod

2120 4890 2312 4970 nutrit,
2336 4905 2585 4974 quodque
2605 4898 2891 4959 confirmat
2917 4918 3011 4959 cor
3039 4903 3296 4971 hominis,
3328 4904 3619 4960 includunt
3651 4905 3708 4960 in

2119 4994 2315 5062 horreo
2346 4995 2623 5050 catholicae
2656 4994 2911 5049 Ecclesiae
2941 5012 2954 5048 :
2986 4992 3192 5064 paleam
3229 5004 3413 5051 autem
3436 4996 3708 5051 haeretica:

2115 5101 2183 5141 ac
2209 5086 2362 5140 malae
2390 5085 2656 5155 opinionis
2679 5083 2822 5140 foras
2842 5084 2956 5154 proj
2982 5085 3210 5149 cientes,
3232 5083 3560 5138 comburunt
3583 5084 3707 5155 igne

2114 5172 2539 5243 inexstingnibili
2586 5172 2801 5243 (Matth.
2833 5173 2937 5244 ιιι).
2991 5172 3353 5240 Quamobrem
3410 5182 3601 5228 sancta
3644 5182 3705 5228 et

2113 5265 2433 5339 universalis
2456 5267 2572 5341 lucc
2598 5265 2835 5336 synodus
2858 5259 3195 5335 beneplaci'to
3219 5264 3311 5318 Dei
3335 5272 3392 5319 et
3421 5274 3555 5319 nutu
3584 5265 3705 5335 pio-

2112 5372 2230 5421 rum
2250 5364 2304 5411 et
2325 5355 2755 5412 ﬁdelissimorum
2774 5357 3154 5427 imperatorum
3177 5362 3513 5422 nostrorum,
3529 5353 3702 5411 Ireua:

2111 5476 2276 5536 mauis
2304 5485 2463 5534 etiam
2489 5487 2630 5534 nium
2661 5488 3042 5542 nundmmodo
3070 5488 3291 5543 vocavit.
3325 5485 3471 5563 Ναηι
3498 5486 3702 5557 alioqui

3402 5573 3465 5580 Ν
3495 5566 3705 5600 ,κη
