3924 5630
133 469 228 554 εξη

815 465 1370 559 ΙΝΤΕΒΡΒΕἸᾏΤΙΟ
1408 464 1659 523 SYNODI

1824 463 2230 522 GENERALIS.
2268 498 2341 510 —
2378 465 2579 527 ACTIO
2617 470 2705 526 IV.

3284 468 3390 526 538

135 599 274 639 nova!
295 582 538 649 Helenae,
571 597 633 638 ac
669 582 790 659 novi
828 583 1170 639 Constantini
1200 567 1361 653 h'ujus
1409 562 1529 636 Deo.
1571 595 1709 661 con-i
1733 581 1782 641 Α
1810 585 1863 632 et
1890 566 2236 648 propheticas
2264 595 2453 658 voces,
2474 598 2571 653 per
2592 599 2728 654 quas
2758 582 3025 637 honorare
3054 591 3105 638 et
3139 584 3384 654 magaiti-

132 668 372 729 serrandi
415 673 697 746 germinis,
733 682 1059 746 congregata
1101 676 1340 730 secundo
1371 675 1424 729 in
1468 664 1580 729 hac
1612 672 1707 729 Ni-

131 763 409 819 caeensium
434 763 584 819 clara
617 765 921 838 metropoli,
978 780 1074 836 per
1124 765 1412 821 lectionem
1462 766 1708 821 conside-

129 869 244 909 rans
266 853 700 910 memorabilium
732 863 786 911 et
810 856 1091 912 beatorum
1121 855 1342 910 Patrum
1390 863 1703 912 nostrorum

128 947 388 1016 dogmata,
415 947 592 1016 ipsum
639 945 855 1015 quidem
896 946 1064 1001 Deum
1093 945 1377 1017 gloriﬁcat,
1408 962 1437 1000 a
1464 963 1572 1017 quo
1602 946 1705 1002 illis

127 1034 268 1091 datus
294 1043 384 1090 est
412 1050 597 1091 sermo
629 1035 696 1090 ad
717 1036 1019 1092 doctrinam
1044 1045 1305 1107 nostram,
1329 1045 1386 1092 et
1413 1028 1505 1091 ad
1528 1036 1701 1108 perte.

122 1124 345 1182 ctionem
375 1126 666 1182 catholica:
688 1136 741 1182 et
767 1127 1074 1197 apostolicae
1099 1126 1355 1183 Ecclesiae
1384 1142 1399 1181 :
1442 1129 1702 1183 adversus

125 1232 235 1272 vero
256 1232 357 1274 eos
378 1218 474 1289 qui
498 1233 609 1275 non
625 1218 880 1301 sentiunt
902 1233 966 1274 ea
990 1234 1109 1290 quae
1139 1220 1237 1287 illi,
1263 1221 1357 1275 sed
1377 1219 1701 1277 obumbrare

126 1307 411 1363 moliuntur
431 1325 555 1365 eam
592 1324 712 1381 qua:
738 1306 867 1367 vere
890 1320 977 1367 est
1011 1306 1242 1378 .veritas,
1268 1320 1368 1383 per
1405 1312 1698 1367 novitatem

124 1399 506 1471 suam,psalmi
552 1401 847 1456 coneinunt
888 1415 1121 1457 vocem:
1160 1401 1369 1468 Quanta
1423 1394 1698 1472 malignati

122 1501 233 1545 sunt
255 1492 465 1548 inimici
499 1494 554 1548 iu
580 1503 769 1550 sancto
796 1496 906 1561 tuo,
932 1503 987 1549 et
1013 1494 1226 1565 gloriati
1266 1504 1394 1550 sunt
1431 1495 1692 1560 dicentes,

122 1584 232 1652 quia
275 1599 389 1639 non
435 1591 524 1640 est
582 1585 873 1656 magister,
907 1595 964 1640 et
991 1600 1091 1641 nos
1121 1600 1227 1640 non
1266 1596 1556 1657 cognoscet
1588 1595 1698 1642 tra-

121 1682 316 1730 ctantes
344 1673 539 1731 dolose
568 1674 795 1729 verbum
825 1675 1074 1731 veritatis
1106 1672 1298 1747 -(Psal.
1325 1675 1539 1746 LXXIII).
1588 1664 1699 1731 Nos

120 1776 282 1823 autem
309 1783 411 1840 per
430 1769 616 1845 omnia
640 1769 953 1826 eorumdem
983 1768 1314 1825 deil'erorum
1344 1766 1565 1822 Patrum
1596 1770 1695 1822 n6-

120 1870 340 1915 strorum
374 1856 630 1931 dogmata
668 1856 723 1916 et
752 1868 1023 1931 praecepta
1049 1868 1317 1925 tenentes,
1341 1858 1696 1930 prtedicamus

1794 664 1938 724 care
1978 668 2285 736 didicimus,
2316 673 2491 741 primo
2528 674 2743 743 quidem
2776 689 2895 729 eam
2926 689 3045 744 qua:
3083 675 3296 744 proprie
3326 687 3384 729 ar

1810 764 2077 819 veraciter
2112 773 2194 821 est
2235 766 2327 822 Dei
2374 758 2641 840 genitrix,
2691 770 3030 851 et,superior
3081 770 3394 847 coelestibus

1772 856 1779 861 ’
1809 855 2018 911 cunctis
2046 856 2362 923 virtutibus;
2393 854 2719 932 sanctasque
2746 870 2802 917 et
2843 862 3115 932 angelicas
3140 863 3390 926 virtutes,

1809 956 1970 1016 atque
2015 948 2205 1004 be’atos
2237 956 2303 1003 et'
2330 942 2781 1007 laudabilissimos
2830 952 3125 1022 apostolos,
3156 952 3391 1025 prophe-

1810 1047 1998 1109 tasque
2030 1047 2086 1093 et.
2115 1039 2379 1123 gloriosos
2408 1052 2694 1113 martyres,
2724 1043 2815 1113 qui
2837 1036 2939 1114 pro
2965 1041 3184 1098 Christo
3210 1049 3390 1123 certa—

1770 1134 1781 1139 ’
1805 1136 2030 1196 verunt;
2064 1140 2228 1201 atque
2255 1140 2473 1187 sanctos
2496 1140 2551 1188 et
2579 1132 2813 1189 deiferos
2847 1134 3158 1205 magistros,
3187 1145 3242 1191 et
3271 1148 3391 1197 om-

1798 1223 1903 1275 nes
1928 1229 2145 1277 sanctos
2173 1221 2319 1278 viros
2348 1239 2362 1276 :
2395 1230 2449 1278 et
2496 1222 2687 1279 horum
2732 1233 2995 1297 expetere
3044 1225 3390 1293 intercessio-

1784 1304 1920 1375 ‘nes,
1949 1318 2011 1365 ut
2031 1310 2270 1367 valentes
2295 1326 2394 1367 nos
2421 1310 2712 1368 familiares
2743 1312 2968 1369 reddere
2998 1314 3110 1385 regi
3143 1312 3389 1393 omnium

1803 1401 1934 1468 Deo,
1957 1402 2325 1460 custodientes
2353 1402 2605 1461 videlicet
2634 1409 2889 1461 mandata
2913 1400 3051 1478 ejus,
3087 1417 3142 1464 et
3184 1410 3236 1463 in
3269 1411 3383 1478 vir-

1804 1490 2009 1549 tutibus
2057 1476 2263 1551 'vive're'
2302 1496 2674 1566 procurantes.
2716 1476 2953 1567 Insuper
2984 1476 3287 1554 Salutamus
3330 1506 3386 1557 et

1780 1583 2028 1657 'ﬁguram
2058 1584 2406 1657 pretiosaa'ac
2435 1585 2664 1651 viviﬁcze
2696 1584 2895 1650 crucis,
2952 1594 3008 1642 et
3066 1598 3256 1653 saneta
3319 1587 3389 1647 li-

1781 1670 1971 1748 ‘psana'
1997 1668 2341 1758 sanctorum;
2373 1685 2428 1735 et
2471 1687 2687 1758 sanctas
2726 1694 2788 1735 ac
2813 1674 3150 1735 venerabiles
3199 1680 3386 1741 iconas

1784 1769 2091 1839 'recipimus
2119 1778 2190 1827 et'
2215 1752 2531 1837 salutamus,
2554 1752 2740 1843 Latque
2768 1772 3146 1843 amplectimur
3184 1788 3383 1851 secun-

1800 1858 1928 1913 dum
1973 1851 2257 1930 antiquam
2307 1860 2653 1918 traditionem
2704 1871 2910 1918 sanctze
2964 1862 3244 1918 catholicae
3289 1862 3383 1917 Dei

121 1966 216 2006 uno
238 1967 335 2007 ore
356 1960 412 2007 et
443 1968 554 2007 uno
583 1954 771 2018 corde,
801 1951 936 2027 nihil
959 1950 1239 2017 addentes,
1268 1949 1404 2006 nihil
1437 1942 1692 2005 aufereni
1726 1947 1768 2006 Β
1796 1948 2072 2015 Ecclesite,
2096 1951 2150 2006 id
2176 1959 2279 2017 est,
2310 1937 2622 2008 sanctorum
2653 1952 2873 2008 Patrum
2920 1962 3248 2019 nostrorum,
3290 1954 3382 2028 qui

120 2050 190 2097 tes
213 2057 279 2097 ex
316 2043 403 2097 his
428 2058 554 2113 qua:
575 2042 645 2097 ab
680 2042 785 2099 illis
813 2038 1371 2107 tradita'suntuobis;
1401 2041 1495 2096 sed
1524 2036 1696 2118 in‘his

120 2137 453 2202 roboramur,
478 2136 532 2191 in
556 2137 643 2192 his
676 2134 1065 2193 conﬁrmantur
1092 2149 1109 2190 :
1142 2133 1216 2191 ita
1253 2136 1592 2201 conlltemur,
1622 2134 1695 2189 ita

118 2230 380 2285 docemus.
404 2231 861 2300 quemadmodum
893 2239 1183 2297 sanctae‘ac
1217 2229 1555 2284 universales
1597 2228 1690 2284 s“:

117 2321 291 2393 synodi
319 2322 648 2376 deﬁnierunt
673 2330 727 2377 et
778 2309 1150 2376 ﬁrmaverunt.
1198 2319 1265 2376 Et
1318 2321 1590 2375 credimus
1640 2320 1693 2374 in

114 2426 264 2465 unum
295 2411 466 2467 Deum
497 2411 715 2467 Patrem
745 2409 1197 2482 omnipotentem,
1227 2412 1469 2467 omnium
1518 2402 1694 2466 iacto-'-

117 2516 217 2555 rem
247 2501 541 2571 visibilium
578 2510 635 2556 et
676 2501 1025 2573 invisibilium
1055 2517 1072 2557 :
1099 2510 1157 2557 et
1202 2502 1255 2556 in
1306 2518 1471 2555 unum
1519 2502 1695 2556 Domi-

115 2598 229 2644 num
252 2589 437 2646 Jesum
465 2584 744 2646 Christum
774 2582 1113 2662 unigenitum.
1133 2578 1327 2646 Filium
1355 2600 1408 2647 et
1458 2592 1691 2647 Verbum

117 2679 241 2749 ejus,
271 2698 371 2753 per
398 2675 561 2754 quem
613 2668 797 2738 omnia
835 2684 974 2738 facta
1004 2692 1165 2740 sunt.-
1201 2681 1269 2739 Et
1320 2683 1376 2740 in
1432 2666 1691 2755 Spiritum

115 2785 348 2847 sancttuu
382 2776 669 2831 Dominum
715 2785 772 2833 et
815 2776 1693 2843 viviﬁcantem,-consubstantia-

112 2857 315 2938 lemque
337 2864 904 2939 etconsempiternum
929 2862 1105 2926 eidem
1134 2869 1283 2924 Patri
1309 2856 1364 2924 et
1388 2868 1524 2925 Filio
1552 2867 1687 2936 ejus,

113 2959 195 3029 qui
230 2967 334 3014 una
365 2975 490 3016 cum
522 2975 587 3015 eo
626 2960 743 3017 sine
770 2962 925 3018 initio
954 2970 1058 3018 est.
1093 2960 1417 3017 Trinitatem
1448 2948 1691 3017 incondii

115 3064 236 3119 tam,
266 3055 577 3120 indivisam,
622 3046 1243 3127 incomprehensibilem,
1292 3055 1693 3121 incircumscri:

112 3157 249 3218 ptam
279 3148 569 3204 {eamdem
618 3156 790 3202 totam
835 3162 899 3200 ac
940 3144 1109 3202 solam
1164 3142 1426 3202 Servitute
1484 3144 1689 3219 [latria]

113 3240 407 3307 colendam,
450 3248 508 3295 et
552 3237 914 3307 adorandam,
957 3247 1012 3293 et
1055 3238 1419 3319 venerandam
1462 3242 1490 3291 :'
1525 3230 1689 3291 unam

114 3324 381 3401 deitatem,
424 3322 588 3389 unam
638 3318 1085 3399 dominationem,
1127 3316 1311 3387 unam
1339 3316 1691 3403 potestatem,

116 3436 269 3481 unum
297 3427 587 3497 imperium
621 3434 676 3479 et
702 3424 1023 3495 potentiam,
1060 3410 1186 3494 quia
1224 3408 1470 3494 personis
1501 3423 1692 3478 dividi-

116 3525 198 3569 tur
220 3516 470 3591 indivise,
492 3525 559 3585 et
590 3515 892 3571 substantia
920 3513 1203 3585 copulatur
1229 3514 1421 3582 divise.
1458 3503 1693 3584 Comite-1

116 3600 231 3662 inur
250 3592 311 3663 et
348 3625 516 3663 unum
563 3599 805 3679 ejusdem
852 3594 1071 3663 ‘sanctze
1116 3616 1171 3663 et
1217 3607 1694 3692 consulstantialis

112 3697 409 3767 Trinitatis,
440 3690 731 3756 Dominum
764 3698 1007 3756 noStrum
1054 3698 1241 3756 Jcsum
1285 3699 1562 3756 Christum
1603 3690 1693 3756 veé

114 3806 225 3846 rum
253 3792 417 3848 Deum
444 3794 497 3848 iu
529 3794 839 3860 novissimis
868 3794 1057 3849 diebus
1091 3801 1313 3865 propter
1336 3802 1575 3849 nostram
1601 3790 1694 3851 sa;

112 3881 268 3938 intem
294 3885 636 3940 inearnatum
678 3872 727 3938 et
758 3866 1031 3939 hominem
1062 3883 1262 3940 factum
1284 3924 1298 3948 ,
1328 3883 1571 3940 salvasse
1598 3900 1695 3954 per

111 3973 431 4030 letiferam
476 3974 938 4045 dispensationem
980 3991 1153 4040 suam,
1182 3976 1598 4046 passionemque
1630 3958 1698 4033 ac.

113 4062 586 4130 resurrectionem,
615 4071 673 4120 et
718 4064 773 4119 in
831 4064 1001 4119 caelos
1054 4066 1475 4135 regressionem.
1523 4081 1694 4137 genus

110 4166 368 4223 nostrum,
397 4167 453 4212 et
481 4160 581 4213 nes
612 4156 875 4212 liberasse
906 4158 973 4211 ab
994 4152 1188 4221 errore
1218 4157 1520 4225 idolorum;
1559 4144 1613 4214 et
1635 4139 1698 4215 ut.

110 4247 179 4300 ait
223 4251 483 4320 propheta
518 4267 532 4305 ε
567 4248 691 4304 Non
735 4249 961 4320 legatus,
1017 4256 1122 4305 'non
1170 4251 1410 4322 angelus,
1450 4252 1539 4306 sed
1583 4251 1702 4320 ipse

106 4328 352 4398 Dominus
392 4328 614 4398 sulcauit
646 4361 741 4399 nos
779 4343 917 4415 (Isa.
954 4345 1170 4415 xxxm).
1202 4344 1372 4411 Quem
1404 4353 1457 4401 et
1488 4360 1586 4418 nos
1611 4336 1705 4421 se:

104 4438 346 4503 quentes,
372 4446 427 4493 et
460 4436 623 4507 hujus
653 4452 841 4492 vocem
872 4437 1144 4513 propriam
1179 4436 1462 4504 iacientes,
1493 4453 1687 4510 magna

108 4536 230 4581 Voce
254 4526 552 4582 clamamus
580 4545 595 4581 :
620 4524 739 4582 Non
766 4528 1026 4599 synodus,
1057 4544 1164 4583 non
1189 4529 1492 4599 principum
1521 4514 1705 4599 impe-’

1794 2047 1852 2094 et
1888 2038 1986 2094 bas
2031 2031 2406 2111 suSceperunt,
2437 2036 2492 2097 et
2525 2041 2869 2097 stabilierunt
2915 2041 3031 2117 fore
3074 2042 3126 2097 in
3175 2043 3386 2098 cunctis

1792 2132 1892 2187 Dei
1918 2133 2183 2200 ecclesiis,
2238 2144 2295 2190 et
2348 2134 2399 2189 in
2449 2124 2595 2190 omni
2644 2134 2761 2191 loco
2810 2135 3194 2191 dominationis
3245 2126 3380 2204 ejus.

1795 2221 1966 2278 Porro
1994 2224 2093 2279 has
2124 2220 2389 2295 pretiosas
2432 2234 2488 2279 et
2529 2216 2867 2281 venerabiles
2910 2224 3115 2291 iconas,
3148 2234 3206 2280 ut
3246 2241 3387 2295 pra:-

1794 2315 1998 2371 d‘ictum
2026 2328 2128 2381 est,
2158 2306 2489 2373 honoramus
2520 2326 2574 2372 et
2604 2316 2935 2383 salutamus,
2962 2332 3026 2372 ac
3054 2316 3384 2399 honoranter

1795 2409 2105 2486 adoramus
2136 2426 2149 2465 :
2204 2410 2305 2477 hoc
2330 2416 2435 2485 est,
2467 2410 2646 2482 magni
2675 2409 2770 2464 Dei
2796 2418 2851 2464 ct
2880 2408 3179 2465 Salvatoris
3212 2407 3383 2463 nostri

1791 2498 1920 2556 Iesu
1951 2501 2153 2557 Christi
2195 2490 2597 2555 hutnanationis
2628 2499 2939 2572 imaginem,
2969 2508 3024 2553 et
3048 2498 3383 2554 intemerata:

1792 2595 2028 2651 dominae
2057 2603 2258 2651 nostrae
2287 2595 2645 2650 sanctissimae
2677 2594 2771 2649 Dei
2817 2591 3119 2664 genitricis,
3164 2606 3229 2647 ex
3274 2606 3380 2661 qua

1795 2687 1910 2758 ipse
1933 2686 2104 2755 voluit
2131 2686 2426 2762 incarnari,
2470 2694 2526 2749 et
2556 2685 2768 2747 salvare
2798 2692 2961 2759 atque
3004 2678 3236 2736 liberare
3281 2674 3381 2735 nos

1792 2776 1862 2836 ab
1895 2770 2040 2835 omni
2070 2766 2232 2849 impia
2264 2778 2528 2833 idolorum
2555 2777 2776 2832 vesania
2814 2794 2827 2830 :
2870 2784 3184 2831 sanctorum
3213 2773 3381 2840 etiam

1793 2877 1862 2939 et,
1893 2868 2313 2947 incorporalium
2344 2857 2658 2939 angelorum
2692 2881 2706 2921 :
2738 2878 2799 2922 ut
2826 2866 3076 2922 homines
3106 2864 3250 2920 enim
3284 2860 3380 2932 ju-

1794 2963 1894 3019 Stis
1920 2960 2306 3033 apparuerunt.
2353 2952 2618 3017 Similiter
2652 2969 2832 3039 autem
2867 2968 2923 3015 et
2961 2958 3269 3014 divinorum
3316 2972 3381 3031 ac

1795 3054 2277 3111 famosissimorum
2319 3038 2692 3125 apostolorum
2710 3094 2724 3120 ,
2748 3038 2751 3039 ν
2776 3053 3147 3123 deiloquorum
3217 3049 3381 3106 etiam

1792 3148 2205 3219 prophetarum,
2253 3156 2308 3201 et
2345 3155 2674 3202 certatorum
2723 3153 3044 3219 martyrum,
3074 3152 3130 3200 et
3167 3150 3383 3219 sancto:

1796 3218 1915 3291 rum
1940 3237 2179 3292 virorum
2207 3236 2406 3309 ﬁguras
2430 3245 2486 3291 et
2513 3220 2739 3307 eliigies,
2770 3218 2956 3306 utpote
2986 3250 3081 3306 per
3109 3218 3381 3305 picturam

1723 3322 1767 3381 C
1798 3344 1951 3385 suam
1991 3328 2045 3399 in
2077 3330 2505 3401 recordationem
2536 3337 2590 3384 et
2630 3329 2949 3383 memoriam
2973 3327 3251 3383 adducere
3283 3316 3383 3379 nos

1793 3422 2056 3489 valentes,
2090 3432 2147 3478 et
2180 3423 2247 3478 ad
2294 3421 2591 3492 principale
2620 3422 2922 3485 attrahere,
2954 3428 3115 3489 atque
3159 3417 3381 3490 partici-

1792 3529 1889 3587 pes
1920 3513 2104 3569 facere
2143 3502 2370 3583 alicujus
2404 3512 2870 3568 sanctiﬁcationis.
2914 3509 3041 3566 Haec
3087 3511 3157 3565 ita
3189 3524 3381 3581 sapere

1792 3614 1850 3659 et
1896 3605 2181 3660 didicimus
2210 3614 2265 3660 et
2305 3605 2542 3659 rohorati
2596 3619 2783 3660 sumus
2815 3620 2845 3658 a
2884 3603 3086 3659 sanctis
3126 3600 3382 3657 Patribus

1794 3693 2011 3758 nostris,
2037 3703 2090 3747 et
2120 3694 2189 3749 ab
2214 3708 2401 3749 eorum
2434 3693 2691 3749 divinitus
2731 3692 2928 3748 tradito
2955 3693 3285 3765 magisterio.
3315 3691 3384 3747 Et

1794 3786 1997 3854 gratias
2042 3785 2153 3841 Deo
2198 3801 2361 3856 super
2401 3786 2750 3852 inenarrabili
2794 3788 2935 3843 dono
2979 3801 3101 3851 suo,
3151 3783 3277 3855 quia
3324 3785 3380 3839 in

1797 3876 1955 3931 tinem
1983 3869 2090 3931 non
2121 3876 2359 3932 deseruit
2389 3892 2489 3931 nos
2510 3918 2525 3941 ,
2559 3891 2732 3946 neque
2765 3875 2984 3947 reliquit
3012 3875 3220 3946 virgam
3257 3889 3378 3946 pec-

1794 3967 2034 4022 Caterum
2071 3968 2237 4036 super
2276 3975 2473 4022 sortem
2509 3958 2802 4037 justorum,
2832 3974 2893 4020 ut
2936 3981 3042 4021 non
3081 3954 3384 4039 extendant

1787 4058 1920 4129 justi
1950 4058 2019 4114 ad
2071 4059 2411 4130 iniquitatem
2470 4047 2661 4115 manus
2700 4074 2845 4124 suas,
2900 4058 2953 4113 id
2992 4066 3097 4124 est,
3142 4056 3383 4112 actuales

1793 4149 2136 4218 o'perationes
2178 4154 2347 4206 suas:
2397 4151 2491 4207 sed
2537 4149 2675 4206 bene
2720 4146 2847 4205 fecit
2888 4148 3045 4205 bonis
3098 4158 3153 4204 et
3219 4149 3384 4223 rectis

1790 4238 1995 4301 corde,-
2028 4239 2477 4307 quemadmodum
2529 4224 2968 4311 hymnographus
3002 4238 3167 4294 David
3217 4238 3381 4292 melo-

1790 4326 1912 4383 dice
1965 4328 2206 4394 cecinit;
2274 4344 2417 4405 cum.
2461 4344 2569 4399 quo
2617 4338 2695 4399 et,
2728 4330 3001 4384 residuum
3054 4329 3375 4400 psallimus:

1791 4416 1927 4486 Quia
1960 4405 2032 4474 de.
2056 4422 2253 4497 caetero
2281 4421 2615 4477 declinantes
2655 4420 2709 4474 in
2754 4408 3110 4493 obligationes
3153 4422 3383 4475 adducet

1790 4511 2049 4591 Dominus
2070 4496 2195 4591 cum
2220 4512 2569 4583 operantibus
2598 4512 2938 4583 iniquitatem
2967 4530 2979 4567 :
3012 4521 3066 4567 et
3091 4529 3192 4584 pax
3217 4496 3391 4581 super)

107 4604 261 4679 rium,
287 4630 391 4672 non
422 4616 729 4686 conjuratio
763 4618 869 4673 Deo
898 4618 1134 4682 odibilis,
1167 4619 1235 4674 ab
1291 4618 1554 4673 idolorum
1602 4634 1768 4692 er-vh
1794 4606 1957 4663 Israel
1980 4603 2076 4662 Déi
2102 4604 2274 4679 (Ρδαίο
2307 4612 2518 4677 CXXIV)-

103 4782 373 4855 Judaicum
401 4802 651 4857 deliravit
683 4801 997 4866 concilium,
1017 4801 1157 4871 quod
1186 4810 1373 4876 contra
1400 4802 1701 4859 venerabi-.

106 4884 460 4963 lésimagines
480 4892 795 4958 infremuit;
826 4894 920 4949 sed
946 4894 1057 4964 ipse
1079 4894 1264 4963 glorise
1305 4894 1563 4971 Dominus
1605 4896 1683 4950 in-

107 4990 352 5063 captatus
380 4985 521 5040 Deus
553 5001 654 5055 nos
686 4984 934 5049 salvavit,
964 4992 1017 5040 et
1042 4986 1108 5040 ab
1138 4985 1331 5042 idoliea
1372 4987 1708 5057 deceptione

103 5067 315 5140 eripuit.
336 5072 440 5145 Ipsi
469 5076 636 5147 igitur
679 5075 872 5147 gloria,
892 5075 991 5144 ipsi
1021 5085 1200 5144 grates
1220 5117 1235 5142 ,
1261 5076 1359 5146 ipsi
1388 5079 1712 5163 gratiaruma

109 5162 267 5229 actio,
285 5166 378 5236 ipsi
410 5168 548 5235 laus,
568 5169 672 5240 ipsi
703 5168 1101 5240 magniﬁcentia
1143 5169 1352 5241 ipsius:
1385 5172 1682 5246 redemptio

108 5248 278 5322 ipsius
300 5258 451 5327 salus,
466 5261 554 5333 qui
576 5263 794 5317 salvare
818 5260 965 5316 solus
985 5260 1037 5314 in
1057 5269 1371 5332 perpetuum
1397 5260 1681 5335 [perfecte]
1706 5318 1713 5349 ζ

114 5352 303 5412 ροιεει,
326 5362 372 5407 et
402 5370 502 5410 non
535 5354 794 5417 aliorum,
825 5351 913 5422 qui
942 5351 1007 5407 de
1035 5352 1197 5408 humo
1223 5350 1467 5421 veniunt,
1501 5356 1682 5413 homi-

112 5446 249 5491 num.
281 5438 389 5512 lpse
415 5441 466 5499 in
500 5445 682 5507 nobis,
719 5443 773 5497 in
818 5456 952 5511 quos
992 5443 1124 5499 lines
1169 5440 1488 5499 surculorum
1522 5424 1709 5504 dere:

104 5534 291 5564 ἢθη-ηε
343 5547 433 5564 οιΑ-

108 4718 225 4761 rore
273 4707 495 4764 liberam
560 4708 1173 4775 iecerunt'Ecclcsiam,
1235 4710 1687 4780 quemadmodum
1721 4670 1778 4729 θ’

1978 4718 2353 4810 Interpretatur
2382 4722 2778 4812 subscriptionis
2804 4716 3199 4796 Romanorum.

1864 4875 1921 4930 In
1952 4874 2169 4931 nomine
2201 4854 2414 4930 Domini
2440 4873 2566 4931 Jcsu
2606 4874 2807 4931 Christi
2832 4874 3046 4941 Petrus,
3076 4874 3404 4949 misericor—y

1793 4968 1879 5025 dia
1907 4965 2001 5023 Dei
2038 4967 2476 5038 archipresbyter
2514 4974 2716 5024 sanctae
2746 4964 3003 5024 Ecclesite
3029 4964 3307 5021 catholicae
3334 4973 3413 5045 et.

1792 5061 2137 5133 apostolicze,
2196 5070 2250 5115 et
2300 5061 2477 5114 locum
2534 5056 3089 5126 complens'Adriani
3163 5056 3393 5114 sanctis-

1789 5153 1911 5212 simi
1939 5165 1996 5210 et
2018 5154 2300 5225 apostolici
2340 5165 2493 5223 papae
2523 5148 2755 5208 senioris
2779 5148 2993 5219 Romae,
3021 5166 3210 5206 omnes
3250 5147 3418 5223 τεεί-ι

1788 5247 1943 5318 piens
1963 5247 2051 5317 qui
2080 5244 2333 5303 conversi
2370 5253 2498 5297 sunt
2535 5245 2604 5299 ab
2648 5239 2811 5308 impia
2834 5242 3049 5301 ‘hmresi
3098 5239 3395 5313 reprobanf

1792 5342 1924 5397 tium
1953 5340 2296 5396 venerabiles
2327 5337 2611 5405 imagines,
2642 5334 2953 5416 secondum
3003 5336 3303 5406 doctrinam
3341 5336 3399 5383 et

1790 5431 2135 5489 traditionem
2194 5436 2505 5485 sanctorum
2547 5427 2769 5482 Patrum
2817 5438 3134 5472 nneimrnm
3213 5419 3396 5462 omni"
