3924 5756
525 481 630 537 359

1699 477 2059 538 ANASTASII
2099 476 2638 540 BlBLlOTllECARll
3419 556 3426 561 ἢ
3675 484 3756 540 διο

487 591 492 594 ’
524 595 792 664 recipiens
821 597 912 666 qui
941 597 1183 652 conversi
1220 606 1344 653 sunt
1372 599 1440 653 ab
1482 599 1643 670 impia
1687 599 1890 656 haeraesi
1920 614 2104 670 repro-
2132 601 2180 662 Α
2211 616 2311 657 ma:
2356 603 2681 659 sanctissimi
2723 604 3118 674 archiepiscopi
3165 602 3428 658 Sardinia:
3449 642 3463 665 ,
3504 615 3688 670 sequor
3712 612 3757 654 ut

522 687 764 742 bantiu'm
799 691 1131 746 venerabiles
1173 692 1435 763 imagines
1465 695 1758 749 secundum
1803 696 2102 750 doctrinam

523 778 977 850 traditioncmque
1015 790 1321 837 sanctorum
1364 783 1584 838 Patrum
1614 793 1944 851 nostrorum,
1988 799 2102 841 om-

525 867 615 921 nia
654 883 774 938 qua:
813 872 1060 939 superius
1092 873 1406 942 eﬂ'eruntur,
1451 876 1756 946 approbans
1782 886 1836 933 et
1878 892 2104 934 consen-

523 959 684 1023 tiens,
724 961 1035 1031 subscripsi.

595 1045 912 1116 Tarasiusn,
943 1053 1311 1112 misericordia
1355 1057 1448 1113 Dei
1485 1059 1767 1130 episcopus
1796 1061 2106 1117 Constanti-

483 1143 488 1149 '
519 1140 776 1209 nepoleos
802 1158 953 1198 novae
981 1144 1187 1212 Romae,
1212 1149 1539 1205 conﬁrmans
1566 1151 1644 1207 sic
1681 1167 1740 1208 se
1776 1153 1978 1208 habere
2012 1169 2104 1210 ve-

519 1226 737 1284 ritatem
792 1234 972 1287 omnia
1024 1250 1143 1304 qua:
1197 1238 1443 1309 superius
1487 1239 1820 1308 efferuntur,
1873 1244 2104 1300 libenter

521 1319 829 1388 admittens,
860 1323 945 1378 bis
980 1326 1298 1398 subscripsi.

587 1407 847 1479 Joannes,
879 1415 1248 1473 misericordia
1299 1419 1391 1475 Dei
1441 1423 1725 1493 presbyter
1771 1433 1826 1479 et
1871 1425 2101 1496 patriar-

517 1501 742 1557 charum
778 1506 1068 1576 syncellns,
1100 1508 1279 1565 locum
1311 1513 1550 1569 retinens
1579 1515 1739 1569 trium
1777 1517 2103 1584 apostolica-

515 1609 638 1650 rum
682 1598 908 1664 sedium,
949 1600 1308 1671 Alexandriae,
1336 1605 1656 1673 Antiochize,
1697 1616 1754 1662 et
1794 1607 2100 1680 Hierosoly-

514 1699 748 1754 morum,
793 1690 1044 1747 omnibus
1094 1709 1213 1763 qua:
1273 1695 1634 1765 przeferuntur
1681 1699 1732 1752 in
1773 1699 1874 1756 hoc
1926 1708 2095 1767 textu,

514 1783 815 1850 consentio,
838 1793 892 1840 et
918 1789 1249 1846 conveniens
1271 1791 1566 1862 subscripsi
1593 1809 1710 1849 mea
1743 1810 1922 1850 manu.

583 1871 842 1940 Thomas,
867 1877 1237 1934 misericordia
1256 1881 1347 1936 Dei
1378 1884 1664 1956 presbyter
1684 1894 1736 1940 et
1765 1886 2096 1957 begumenns

512 1968 827 2022 monasterii
857 1971 1032 2025 sancti
1078 1970 1256 2028 Patris
1297 1975 1466 2030 nostri
1509 1977 1723 2032 Arsenii
1759 1977 1813 2032 in
1845 1956 2095 2051 ingypto
2125 1956 2171 2015 Β

513 2055 622 2122 siti,
671 2056 846 2113 locum
907 2062 1145 2138 retinens
1192 2065 1352 2120 trium
1401 2068 1816 2136 apostolicarum
1864 2071 2091 2138 sedium,

513 2146 874 2218 Alexandrim,
916 2136 1234 2220 Antiochiae,
1265 2167 1320 2211 et
1363 2157 1877 2230 Hierosolymorum,
1921 2163 2096 2218 omni-

510 2236 613 2293 bus
655 2254 773 2309 qua:
807 2241 1170 2312 praeferuntur
1228 2247 1282 2302 in
1331 2248 1434 2304 hoc
1489 2257 1636 2303 textu
1692 2253 1989 2320 consentio,
2041 2263 2095 2309 et

512 2332 846 2386 concordans
873 2335 1186 2406 subscripsi.

580 2422 815 2495 Agapius
853 2427 1103 2497 indignus
1140 2431 1425 2501 episcopus
1467 2431 1714 2488 Caesariac
1743 2434 2094 2506 Cappadocia:

510 2512 739 2570 libenter
794 2518 975 2572 omnia
1033 2535 1152 2589 qua:
1208 2524 1524 2594 praescripta
1570 2533 1719 2592 sunt,
1771 2528 2092 2597 suscipiens,

509 2603 825 2676 subscripsi.

577 2697 815 2756 Joannes
863 2704 1150 2774 episcopus
1199 2704 1397 2776 Ephesi
1455 2706 1690 2764 libenter
1743 2711 1921 2766 omnia
1975 2727 2094 2782 qua:

505 2793 820 2864 praescripta
850 2805 995 2861 sunt,
1026 2797 1348 2867 suscipiens,
1376 2799 1690 2870 subscripsi.

575 2883 965 2941 Constantinus
993 2889 1278 2959 episcopus
1305 2889 1634 2944 Constantia:
1654 2891 1970 2962 Cypriorum
2016 2893 2094 2947 in-

505 2976 656 3042 sulm,
701 2981 997 3035 secundum
1020 2997 1082 3036 ea
1109 2998 1228 3053 qua:
1265 2983 1512 3054 superius
1556 2984 1874 3052 cll‘eruntur,
1903 3003 2093 3057 quam-

507 3071 611 3136 que
634 3085 732 3124 nos
753 3070 986 3126 confessi
1014 3088 1200 3129 sumus
1234 3075 1591 3130 orthodoxam
1628 3077 1810 3142 ﬁdem,
1837 3079 2089 3148 suscipio,

507 3168 564 3212 et
602 3160 776 3215 saluto
806 3177 991 3218 sacras
1021 3173 1076 3218 et
1104 3166 1443 3222 venerabiles
1473 3168 1676 3230 iconas.
1708 3178 1761 3225 et
1805 3171 2092 3227 honorabi-

508 3251 632 3305 liter
670 3252 920 3320 adorans,
947 3256 1261 3327 subscripsi.
1911 3253 1916 3260 ’

2207 694 2403 749 debent
2431 696 2774 751 rationabiles
2804 697 3036 768 pecudes
3065 705 3340 767 pastorum
3383 708 3563 752 voces,
3601 707 3759 760 quem-

2207 783 2492 839 admodum
2541 786 2797 842 Dominus
2844 787 2937 852 ait,
2983 787 3108 857 quia
3134 802 3249 840 aves
3277 800 3405 838 mue
3427 797 3602 837 vocem
3620 796 3758 833 meam

2205 875 2431 928 audiunt
2461 876 2654 946 (Joan.
2685 894 2717 931 x
2740 876 2779 949 ).
2811 877 2952 947 Ergo
2976 886 3032 931 et
3057 891 3157 947 ego
3183 886 3460 946 pastorum
3492 883 3660 927 rectas
3684 885 3760 925 ro-

2204 978 2296 1019 ces
2330 977 2596 1033 sequens,
2632 981 2730 1036 per
2764 966 2986 1037 vestigia
3013 978 3201 1021 eorum
3230 965 3484 1020 incedere
3509 975 3755 1031 prOpono:

2205 1057 2400 1126 quibus
2418 1058 2829 1113 etconsentiens
2852 1059 2904 1112 in
2927 1057 3176 1114 omnibus
3204 1055 3531 1112 testimoniis
3551 1054 3763 1124 ipsorum

2205 1164 2325 1219 qua:
2351 1147 2487 1204 lecta
2516 1157 2645 1204 sunt
2668 1189 2682 1214 ,
2719 1149 3034 1220 subscripsi.

2275 1240 2609 1312 Nicephorus
2639 1243 2890 1313 indignus
2915 1243 3202 1312 episcopus
3231 1236 3760 1312 Dyrracbianensium

2201 1335 2529 1406 provinciis,
2557 1334 3041 1406 lllyricianensium
3080 1332 3346 1403 regionis,
3394 1331 3632 1385 libenter
3668 1343 3762 1381 orn-

2202 1427 2291 1482 nia
2318 1442 2439 1496 qua:
2466 1427 2780 1497 prmscripta
2811 1434 2967 1491 sunt,
2997 1425 3330 1495 suscipiens,
3365 1421 3682 1490 subscripsi.

2271 1515 2526 1572 Nicolaus
2577 1516 2876 1571 monachus
2924 1516 3290 1588 begumenus,
3339 1521 3394 1566 et
3440 1526 3510 1566 ex
3560 1524 3762 1581 persona

2205 1610 2385 1666 throni
2428 1609 2771 1680 Tyanorum,
2809 1608 3041 1663 libenter
3076 1606 3257 1663 omnia
3305 1619 3429 1675 qua:
3475 1602 3762 1673 praescripta

2199 1711 2357 1768 sunt,
2389 1702 2689 1771 suscipiens
2707 1742 2721 1767 ,
2757 1700 3072 1770 subscripsi.

2269 1791 2458 1847 Daniel
2483 1801 2753 1862 peccator,
2781 1792 3064 1862 episcOpus
3095 1789 3338 1843 Amasea:
3359 1827 3374 1854 ,
3407 1785 3642 1841 libenter
3661 1798 3759 1840 om-

2200 1884 2292 1938 nia
2326 1899 2445 1954 quze
2482 1884 2797 1954 praescripta
2835 1891 2990 1946 sunt,
3026 1879 3329 1950 suscipiens
3351 1920 3366 1944 ,
3396 1875 3708 1946 subscripsi.

2277 1977 2543 2047 Georgius
2566 1976 2819 2047 indignus
2844 1974 3146 2044 presbyter,
3175 1980 3230 2026 et
3250 1986 3314 2026 ex
3349 1983 3586 2041 persona
3613 1963 3766 2022 throni

2197 2069 2486 2134 Nazianzi,
2520 2069 2748 2124 libenter
2774 2066 2956 2122 omnia
2985 2080 3104 2136 qua:
3137 2062 3453 2136 prazscripta
3485 2067 3639 2126 sunt,
3669 2073 3764 2114 sus-

2205 2159 2443 2230 cipiens,
2474 2158 2791 2228 subscripsi.

2269 2247 2660 2305 Constantinus
2713 2246 2966 2317 indignus
3019 2257 3301 2315 cpiscopus
3349 2237 3763 2312 Gangrensium,

2195 2339 2447 2394 similiter
2496 2338 2676 2393 omnia
2725 2352 2845 2407 qua:
2891 2334 3205 2406 prwscripta
3241 2340 3395 2398 sunt,
3439 2329 3760 2400 suscipiens,

2194 2430 2506 2501 subscripsi.

2271 2522 2488 2577 Nicetas
2517 2528 2793 2591 peccator,
2825 2516 3110 2589 episcOpus
3137 2514 3577 2586 Claudiopoleos,
3608 2512 3762 2568 liben-

2198 2623 2278 2669 ter
2328 2613 2510 2668 omnia
2548 2627 2674 2682 qua:
2710 2610 3025 2682 prrescripta
3061 2618 3227 2674 sunt,
3267 2607 3613 2676 suscipiens,
3650 2605 3759 2660 sub-

2199 2704 2418 2775 scripsi.

2183 2851 2187 2855 .
2263 2764 2553 2866 Gregorius
2583 2764 2809 2864 exiguus
2837 2792 3121 2862 episcopus
3151 2787 3509 2844 Neocmsaria:
3548 2787 3767 2843 libenter

2192 2885 2372 2940 omnia
2405 2899 2524 2954 qua:
2553 2882 2866 2952 praescripta
2895 2889 3056 2945 sunt,
3085 2879 3384 2948 suscipiens
3409 2918 3425 2942 ,
3456 2876 3757 2946 subscripsi.

2263 2975 2558 3046 Gregorius
2593 2974 2845 3044 indignus
2881 2972 3168 3043 cpiscopus
3206 2971 3666 3026 Pisinuntensium
3710 2969 3765 3021 li-

2190 3069 2387 3124 benter
2409 3067 2590 3122 omnia
2615 3082 2736 3137 qua:
2758 3065 3070 3138 pra'scripta
3101 3072 3259 3131 sunt,
3286 3063 3620 3134 suscipiens,
3652 3062 3762 3116 sub-

2191 3160 2408 3230 scripsi.

2265 3251 2587 3306 Theodorus
2633 3251 2886 3322 indignus
2939 3250 3224 3320 episcopus
3271 3248 3554 3320 Myrorum
3608 3247 3763 3318 Lycia:

578 3313 917 3416 Theophilus
948 3313 1200 3420 indignus
1233 3349 1518 3420 episcopus
1569 3351 1970 3409 Thessalonicae
2021 3354 2086 3408 li-

2225 3344 2424 3400 ibenter
2471 3345 2652 3400 omnia
2697 3360 2817 3414 quae
2864 3344 3178 3414 praescripta
3227 3350 3382 3409 sunt,
3439 3341 3762 3412 suscipiens,

506 3435 699 3489 benter
726 3438 905 3491 omnia
943 3439 1254 3510 przescripta
1285 3441 1608 3512 suscipiens,
1641 3443 1956 3512 subscripsi.

578 3528 810 3584 Basilius
845 3530 1096 3602 indignus
1152 3533 1438 3604 episcopus
1491 3535 1720 3605 Ancyra:
1756 3536 1979 3592 Galatiae
2029 3537 2090 3593 li-

504 3617 694 3673 benter
717 3620 897 3674 omnia
935 3637 1054 3691 qua:
1083 3625 1393 3695 przescripta
1437 3634 1581 3689 sunt,
1613 3628 1931 3697 suscipiens,
1965 3631 2092 3685 sub-

506 3710 718 3780 scripsi.

518 3806 520 3809 '
576 3800 687 3855 Leo
714 3802 999 3873 cpiscOpus
1034 3804 1295 3864 Heraclia:
1335 3810 1580 3868 Thraciae
1605 3813 1872 3868 similiter.

575 3893 828 3952 Nicolans
878 3898 1128 3970 indignus
1181 3904 1463 3975 episcopus
1513 3908 1695 3980 Cyzici
1741 3911 1920 3964 omnia
1971 3927 2089 3981 qua:

504 3986 818 4055 pra:scripta
847 3998 989 4053 sunt,
1024 3982 1254 4048 libenter
1277 3997 1587 4063 admittens,
1626 3999 1943 4069 subscripsi.

577 4075 893 4146 Eutliymius
931 4079 1180 4150 indignus
1227 4085 1513 4156 episcopus
1567 4087 1866 4143 Sardorum
1923 4089 2089 4144 liben-

507 4174 590 4220 ter
633 4168 812 4223 omnia
851 4184 969 4238 quae
1006 4175 1318 4246 prmscripta
1367 4185 1525 4243 sunt,
1577 4181 1911 4250 suscipiens,
1962 4181 2087 4238 sub-

505 4259 717 4329 scripsi.

573 4349 765 4406 Petrus
814 4353 1064 4427 indignus
1127 4361 1412 4429 episcopus
1470 4359 1796 4416 Nicomediae
1857 4363 2087 4420 libenter

503 4457 624 4513 qua:
655 4446 854 4514 scripta
888 4458 1035 4515 sunt,
1063 4451 1382 4520 suscipiens,
1422 4452 1734 4522 subscripsi.

571 4534 718 4592 Elias
745 4548 1018 4606 peccator,
1048 4543 1334 4613 episcopus
1382 4542 1720 4602 Cretensium
1763 4547 1969 4610 insulae,
2016 4549 2082 4603 li-

499 4625 693 4681 benter
722 4628 901 4684 omnia
928 4645 1048 4700 qua:
1081 4623 1397 4703 praescripta
1425 4621 1582 4701 sunt,
1605 4636 1924 4706 suscipiens,
1957 4639 2080 4694 sub-

500 4716 716 4786 scripsi.
748 4736 751 4739 ·

570 4804 833 4878 Hypatius
858 4809 1106 4878 indignus
1126 4812 1410 4881 episcopus
1433 4811 1624 4869 Nicaea:
1650 4815 2078 4889 Bithyniensinm

497 4897 785 4966 provinciae
826 4898 1056 4955 libenter
1079 4903 1260 4956 omnia
1290 4919 1410 4973 qua:
1445 4909 1758 4976 prtescripta
1791 4917 1936 4972 sunt,
1962 4924 2079 4964 sns-

498 4989 725 5058 cipiens,
767 4992 1082 5061 subscripsi.

569 5077 884 5134 Stauracius
912 5091 1180 5146 oeccator,
1211 5085 1496 5154 episcopus
1533 5086 1921 5157 Chalcedonis,
1962 5107 2080 5145 om-

499 5166 590 5222 nia
620 5183 740 5236 qua:
770 5171 1088 5240 praescripta
1133 5180 1292 5238 sunt,
1321 5173 1553 5228 libenter
1579 5177 1881 5246 suscipiens
1901 5221 1914 5246 ,
1948 5181 2078 5236 sub-

500 5255 714 5324 scripsi.

564 5337 702 5411 Leo,
734 5346 905 5416 gratia
956 5350 1048 5405 Dei
1092 5353 1372 5424 presbyter
1418 5356 1769 5410 sanctissimae
1810 5359 1904 5413 Dei
1955 5375 2082 5429 apo-

501 5435 706 5492 stolica:
730 5451 941 5506 magnae
962 5437 1235 5507 Ecclesiae,
1255 5452 1310 5497 et
1330 5446 1578 5514 princeps
1607 5447 2078 5515 monasteriorum,

500 5533 555 5578 et
580 5525 836 5580 defensor
862 5527 1218 5586 sanctissimae
1252 5531 1345 5588 Dei
1392 5535 1673 5601 Ecclesiae,
1706 5535 1935 5594 libenter
1964 5557 2079 5594 om-

541 5615 552 5625 .
631 5630 740 5648 “³“’“
763 5615 1079 5666 ΜΨςεΓῘηιε]
1108 5629 1258 5666 sunt-
1291 5625 1590 5676 ςιιςρίηίθηε
1609 5667 1622 5676 _
1652 5628 1966 5684 suhgnrinsi.

2196 3439 2520 3508 subscripsi.

2264 3530 2583 3584 Eustathius
2623 3530 2876 3600 indignus
2908 3529 3194 3600 episcopus
3234 3528 3514 3585 Laodicea:
3544 3528 3767 3599 Phrygav

2193 3635 2312 3674 rum
2343 3620 2635 3689 provinciae
2665 3619 2896 3675 libenter
2922 3621 3105 3676 omnia
3134 3636 3254 3691 qua:
3279 3619 3600 3691 praescripta
3634 3627 3759 3680 sunt,

2193 3709 2498 3777 suscipiens
2520 3750 2534 3774 ,
2565 3710 2883 3780 subscripsi.

2264 3801 2490 3856 Michael
2515 3802 2763 3874 indignus
2786 3803 3070 3874 episcopus
3095 3801 3493 3875 Synadensium
3514 3844 3532 3867 ,
3553 3802 3762 3858 libenter

2191 3895 2372 3950 omnia
2403 3910 2521 3964 quae
2545 3896 2859 3965 przescripta
2892 3905 3050 3961 sunt,
3080 3895 3415 3966 suscipiens,
3447 3894 3751 3964 subscripsi.

2264 3985 2560 4056 Gregorius
2598 3986 2944 4059 [Georgius]
2986 3987 3239 4057 indignus
3272 3986 3562 4056 episc0pus
3594 3984 3761 4037 Antio-

2191 4075 2329 4132 cbia:
2368 4076 2582 4130 Pisidia:
2621 4077 2854 4131 libenter
2889 4076 3072 4132 omnia
3107 4091 3229 4147 qua:
3263 4076 3583 4147 prmscripta
3619 4080 3758 4138 sunt,

2188 4167 2494 4238 suscipiens
2510 4209 2524 4233 ,
2559 4168 2879 4239 subscripsi.

2260 4257 2692 4330 Theophylactus
2723 4260 2976 4332 indignus
3003 4260 3265 4315 diaconus
3295 4274 3599 4322 exarcmis,
3624 4267 3674 4312 et
3695 4271 3758 4311 ex

2185 4367 2422 4422 persona
2473 4351 2636 4407 clarae
2666 4354 3031 4423 metropoleos
3066 4352 3242 4408 Caria:
3267 4393 3282 4418 ,
3323 4351 3563 4406 libenter
3595 4349 3757 4405 omnia

2187 4458 2308 4514 qua:
2335 4443 2653 4513 praescripta
2683 4453 2844 4511 sunt,
2878 4445 3209 4515 suscipiens,
3241 4443 3561 4512 subscripsi.

2260 4531 2370 4588 Leo
2400 4533 2650 4604 indignus
2678 4534 2964 4604 episcopus
2993 4535 3156 4589 lconii
3186 4533 3418 4589 libenter
3446 4533 3626 4590 omnia
3653 4544 3756 4600 qua:

2186 4627 2506 4696 praescripta
2536 4633 2693 4689 sunt,
2729 4627 3032 4697 suscipiens
3052 4667 3066 4690 ,
3096 4624 3416 4694 subscripsi.

2258 4715 2582 4771 Anastasius
2618 4716 2868 4788 indignus
2908 4717 3192 4788 episcopus
3223 4713 3550 4783 Nicopoleos
3579 4710 3738 4766 veteri

2186 4806 2335 4876 Epiri
2374 4806 2605 4862 libenter
2641 4807 2822 4863 omnia
2857 4823 2977 4877 qua:
3023 4806 3337 4878 praescripta
3388 4814 3553 4872 sunt,
3602 4804 3731 4860 susci

2186 4899 2342 4969 piens
2363 4940 2376 4963 ,
2409 4899 2722 4969 subscripsi.

2256 4991 2645 5046 Constantinus
2685 4991 2936 5062 indignus
2966 4990 3251 5062 episcopus
3288 4990 3511 5062 Perga,
3544 4990 3734 5044 libente

2185 5081 2366 5135 omnia
2399 5097 2518 5150 qua:
2548 5081 2865 5152 praescripta
2895 5091 3049 5146 sunt,
3083 5081 3386 5152 suscipiens
3405 5121 3420 5147 ,
3451 5078 3751 5166 subscripsi.

2255 5172 2549 5244 Gregorius
2601 5181 2882 5244 peccator,
2939 5174 3240 5244 presbyter,
3302 5181 3360 5229 et
3409 5188 3480 5228 ex
3537 5183 3756 5243 persona

2186 5261 2365 5315 throni
2393 5261 2810 5334 Trajanopoleos
2838 5263 3223 5318 Thracensium
3251 5263 3511 5333 regionis,
3543 5263 3759 5317 libenter

2191 5355 2374 5410 omnia
2405 5371 2524 5425 qua:
2554 5357 2870 5426 praescripta
2897 5367 3055 5422 sunt,
3087 5358 3418 5426 suscipiens,
3449 5356 3756 5426 subscripsi.

2256 5445 2366 5500 Leo
2396 5447 2646 5516 indignus
2673 5449 2958 5518 episcopus
2985 5449 3156 5503 Rhodi
3184 5449 3418 5504 libenter
3444 5449 3629 5504 omnia
3651 5463 3759 5518 qua:

2186 5525 2497 5606 praescripta
2525 5547 2682 5603 sunt,
2714 5540 3020 5610 suscipiens
3042 5581 3055 5606 ,
3084 5540 3401 5611 subscripsi.

2255 5625 2675 5680 Cbristonborus
2730 5629 2983 5686 indignus
3039 5630 3324 5696 episcopus
3378 5629 3663 5695 Phasidis,
3716 5627 3758 5682 id

2365 5718 2374 5756 Γ
