3924 5408
128 419 221 480 54!:
779 413 1336 477 INTERPRETATIO
1375 416 1623 475 SYNODJ
1667 413 1750 470 V'll
1787 412 2194 471 GENERALIS.
2227 457 2290 464 _
2328 427 2530 482 A0110
2569 427 2655 482 IV.

3261 393 3367 485 312

190 527 390 584 Manuel
412 526 662 598 indignus
682 527 966 599 episcopus
980 527 1441 599 Hadrianopoleos
1461 529 1690 583 libenter
1717 529 1767 588 A
1863 532 2096 591 Joannes
2142 521 2388 609 indiguus
2423 542 2706 612 cpiscopus
2738 539 3055 597 Tr.ocalcos
3085 541 3370 598 definiens.

127 620 288 676 omnia
313 633 431 687 qua:
455 619 767 696 praescripta
796 627 954 682 sunt,
985 619 1306 688 suscipiens,
1339 617 1653 687 subscripsi.

108 768 112 769 ,
186 710 429 766 Nicolaus
460 711 711 780 indignus
742 712 1028 782 episcopus
1060 710 1408 780 Hierapolcos
1439 711 1682 781 Phryga-

129 816 230 855 rum
261 800 552 869 provinciae
578 800 806 854 libenter
832 801 1014 855 omnia
1040 816 1160 871 quae
1188 800 1501 870 praascripta
1529 809 1684 868 sunt,

127 891 439 959 suscipiens,
474 891 772 961 subscripsi
806 906 968 945 manu
995 905 1136 946 mea.

186 982 404 1036 Basilius
430 982 685 1053 indignus
709 983 995 1052 episcopus
1021 982 1257 1037 civitatis
1283 982 1426 1038 Silaei
1457 981 1690 1037 libenter

125 1077 280 1131 omnia
317 1093 437 1147 qua:
470 1077 786 1148 pnescripta
815 1085 972 1144 sunt,
1003 1077 1337 1147 suscipiens,
1367 1076 1684 1147 subscripsi.
1767 1105 1770 1107 λ

182 1187 360 1241 Galato
409 1187 642 1256 exiguus
688 1188 994 1258 presbyter,
1041 1196 1098 1243 et
1143 1203 1211 1242 ex
1251 1201 1482 1258 persona
1523 1185 1691 1259 [Stc-

127 1276 310 1349 phaui]
351 1277 748 1348 archiepiscOpi
788 1277 1019 1344 Siciliae,
1061 1278 1293 1333 libenter
1337 1279 1519 1333 omnia
1566 1295 1686 1350 quae

124 1368 413 1437 priescripta
445 1377 609 1434 sunt,
643 1368 981 1437 suscipiens,
1012 1368 1330 1438 subscripsi.

185 1456 616 1528 Thcopbylactus
647 1457 899 1526 indignus
929 1459 1216 1529 episcopus
1244 1445 1685 1518 Euchaiteusium

123 1547 331 1602 libenter
376 1548 564 1603 omnia
609 1563 728 1618 qua:
777 1549 1090 1620 praescripta
1141 1560 1303 1617 sunt,
1353 1552 1682 1625 suscipiens,

123 1641 412 1710 subscripsi.
499 1655 520 1680 -'

183 1731 402 1803 Cyrinus
441 1734 776 1798 monachus,
809 1742 865 1789 et
892 1749 960 1790 ex
997 1749 1230 1805 persona
1268 1734 1490 1791 Joannis
1529 1734 1676 1808 [mo-

123 1821 296 1894 nachi]
326 1824 573 1894 episcopi
611 1823 856 1891 Gothim,
889 1827 1160 1880 enutritus
1199 1827 1514 1897 apostolicis
1550 1843 1687 1898 prae-

1791 628 2044 684 similiter
2065 631 2378 700 subscripsi.

1864 720 2230 775 Theodoricus
2254 722 2614 795 [Theodorus]
2646 724 2898 796 indignus
2925 725 3210 795 episcopus
3233 723 3371 778 Tau-

1795 814 1978 876 riantc,
2031 817 2370 880 concorditer
2413 831 2510 886 per
2558 817 2737 871 omnia
2791 826 3100 872 sanctorum
3153 816 3370 871 Patrum

1791 905 2064 960 doctrinas
2109 914 2163 959 et
2209 908 2514 962 testimonia
2558 922 2748 963 eorum
2793 925 2912 979 qua:
2966 908 3182 980 pra-lata
3224 920 3373 976 sunt,

1789 1009 2044 1063 sequens,
2074 996 2388 1065 subscripsi.

1861 1085 2242 1154 CristOpliorus
2274 1086 2524 1157 indignus
2547 1087 2834 1158 episcopus
2877 1097 3075 1142 sancta!
3105 1086 3372 1159 Cyriacze;

1791 1177 2131 1232 concorditer
2173 1191 2268 1246 per
2294 1172 2477 1231 omnia
2509 1187 2818 1233 sanctorum
2849 1178 3066 1232 Patrum
3099 1178 3377 1234 doctrinas

1790 1277 1846 1324 et
1875 1267 2180 1324 testimonia
2201 1282 2386 1323 eorum
2409 1283 2530 1339 quae
2555 1269 2774 1340 praalata
2797 1278 2943 1336 sunt,
2966 1284 3217 1340 sequens,
3248 1268 3376 1324 sub-

1791 1360 2004 1430 scripsi.

1861 1451 2090 1507 Basilius
2122 1451 2371 1523 indignus
2395 1453 2679 1523 episcopus
2712 1451 3143 1522 Liparelensium‘
3164 1450 3372 1518 insulas,

1790 1543 2041 1614 superius
2061 1543 2184 1599 latis
2198 1553 2510 1599 sanctorum
2527 1544 2749 1600 Patrum
2771 1544 3033 1601 doctrinis
3046 1543 3375 1600 conveniens

1790 1633 1843 1688 in
1875 1635 2148 1700 omnibus,
2183 1635 2499 1707 subscripsi.
2761 1672 2766 1677 ~
3372 1645 3376 1666 τ

1861 1724 2174 1782 Theotimus
2197 1727 2445 1797 indignus
2463 1729 2746 1799 episcopus
2757 1727 3190 1790 Crotonensium,
3217 1741 3377 1796 supe-

1791 1819 1904 1874 rius
1933 1820 2158 1888 prolatis
2182 1830 2493 1876 sanctorum
2524 1823 2746 1876 Patrum
2795 1821 3120 1877 testimoniis
3152 1836 3378 1876 consen-

123 1913 461 1970 dicationibus
497 1925 554 1970 et
587 1915 810 1970 Patrum
845 1887 1263 1983 traditionibus,
1297 1927 1352 1973 et
1387 1935 1506 1990 quae
1544 1887 1687 1975 nunc
1720 1887 1762 1946 Β
1794 1912 1934 1966 liciis
1965 1913 2017 1966 in
2042 1912 2316 1978 Omnibus.
2345 1913 2663 1983 SlleCl'ipSi-

121 2005 408 2076 praascripta
441 2015 607 2073 sunt,
641 2006 974 2078 suscipiens,
1008 2008 1324 2079 subscripsi.

179 2113 490 2174 Theodorus
523 2118 777 2190 indignus
807 2119 1094 2191 episcopus
1124 2119 1385 2176 Seleuciae
1409 2162 1423 2188 ,
1456 2120 1687 2178 libenter

120 2209 272 2262 omnia
303 2225 422 2278 qua:
455 2210 776 2280 praescripta
805 2219 962 2277 sunt,
991 2210 1326 2282 suscipiens,
1360 2213 1680 2288 subscripsi.

177 2298 478 2371 Stephanus
529 2301 780 2373 indignus
822 2302 1108 2374 episcopus
1157 2303 1391 2359 civitatis
1434 2303 1684 2376 Sugden-

119 2389 232 2444 simu
267 2389 709 2463 [Sugdaensium]
749 2390 977 2447 libenter
1004 2392 1185 2447 omnia
1215 2408 1335 2463 qua:
1365 2395 1684 2466 praescripta

121 2491 253 2547 sunt,
280 2483 590 2554 suscipiens
609 2524 622 2548 ,
654 2484 976 2554 subscripsi.

174 2570 429 2627 Antonius
458 2572 714 2644 indignus
737 2573 1057 2639 monachus,
1081 2582 1134 2630 et
1159 2589 1223 2630 ex
1249 2590 1478 2646 persona
1507 2576 1685 2634 throni

117 2660 353 2736 Smyrnae,
377 2665 620 2721 libenter
642 2667 820 2722 omnia
846 2681 966 2738 qua:
993 2672 1304 2742 przescripta
1332 2683 1486 2740 sunt,
1516 2676 1686 2730 susci-

120 2755 250 2824 piens
267 2798 280 2823 ,
312 2759 642 2830 subscripsi.

173 2847 558 2904 Constantinus
609 2850 898 2921 episcopus
943 2852 1065 2908 Chii
1124 2853 1268 2927 [Gn
1321 2867 1370 2910 et
1409 2875 1506 2912 ms.
1545 2858 1682 2924 101.,

117 2932 278 3006 Rhegii
305 2936 320 3009 ]
355 2939 599 2993 libenter
628 2941 810 2995 omnia
841 2955 960 3010 quae
987 2945 1302 3016 praescripta
1331 2957 1484 3012 sunt,
1516 2949 1686 3004 susci-

115 3026 271 3095 piens,
304 3031 616 3102 subscripsi

171 3139 396 3202 Joanue's
455 3146 626 3202 miser
659 3155 713 3202 et
750 3157 1004 3218 peccator
1038 3154 1468 3210 cacomouacbus
1505 3153 1526 3227 [
1557 3169 1679 3226 pec-

115 3243 250 3290 cator
282 3238 668 3311 monachus],
703 3239 880 3295 locum
912 3240 1117 3299 faciens
1149 3243 1392 3316 Procopii
1425 3262 1680 3303 reveren-
1711 3241 1755 3305 C

112 3323 294 3381 dissimi
330 3329 616 3400 episc0pi,
656 3344 897 3386 consona
942 3330 1196 3389 Patribus
1238 3349 1336 3404 per
1373 3336 1554 3391 omnia
1595 3352 1681 3392 sa-

110 3415 268 3483 piens,
298 3421 630 3490 subscripsi.

167 3506 476 3565 Theodorus
537 3509 790 3582 indignus
839 3513 1128 3584 episcopus
1175 3512 1395 3571 Catana:
1430 3558 1446 3584 ,
1503 3526 1682 3574 ratum

110 3596 291 3656 ducens
319 3617 550 3674 semper
578 3613 854 3660 amatores
883 3607 1132 3662 veritatis
1159 3617 1214 3663 et
1242 3619 1554 3664 sanctorum
1582 3610 1685 3665 Pa-

111 3702 230 3748 trum
261 3697 582 3752 doctrinam
612 3706 667 3752 et
698 3699 925 3770 vestigia
957 3701 1148 3770 sequi,
1182 3712 1344 3772 atque
1388 3704 1551 3759 rectis
1592 3720 1683 3759 eo-

109 3795 207 3841 rum
247 3790 542 3845 venustari
583 3789 967 3861 dogmatibus;
1016 3793 1100 3848 his
1137 3801 1192 3849 et
1228 3809 1329 3866 ego
1368 3795 1542 3849 taxari
1587 3794 1685 3868 [id

105 3884 196 3941 est,
235 3879 642 3951 annumerari]
694 3880 984 3948 festinans,
1037 3883 1385 3938 consentiens
1431 3886 1684 3942 omnibus

105 3977 207 4033 qua
233 3969 300 4023 ab
339 3969 426 4025 eis
450 3969 633 4026 edicta
675 3980 838 4039 sunt,
891 3973 958 4028 iis
995 3987 1116 4043 qua;
1157 3975 1474 4046 priescripta
1519 3986 1680 4044 sunt,

105 4057 405 4130 subscripsi.

161 4143 394 4207 Joannes
421 4151 683 4224 indignus
709 4153 994 4224 episcopus
1020 4155 1396 4212 Tauromenize
1413 4199 1428 4225 ,
1457 4173 1695 4215 concor-

107 4234 229 4292 diter
256 4255 355 4310 per
382 4241 576 4296 omnia
607 4251 923 4298 sanctorum
955 4242 1181 4299 Patrum
1211 4247 1489 4304 doctrinas
1518 4258 1574 4304 et
1607 4259 1683 4304 te-

104 4329 338 4389 stimonia
389 4349 588 4390 eorum
629 4350 751 4406 qua:
801 4335 1011 4407 prolata
1051 4347 1217 4404 sunt,
1249 4353 1512 4410 sequens,
1555 4341 1683 4398 sub-

103 4420 295 4492 scripsi.
840 4439 842 4441 ’

159 4509 464 4571 Gaudiosus
486 4514 741 4586 indignus
765 4518 1052 4589 episcopus
1072 4519 1307 4578 Missinaa
1335 4521 1644 4598 [Messanae]
1663 4566 1678 4591 ,

104 4607 430 4662 concorditer
457 4621 560 4677 per
585 4609 769 4662 omnia
799 4619 1114 4666 sanctorum
1145 4612 1368 4669 Patrum
1399 4597 1678 4674 doctrinas
1706 4597 1759 4658 D

103 4701 148 4745 et
172 4699 483 4753 testimonia
525 4701 846 4756 eorumdem
868 4741 882 4770 ,
916 4718 1036 4773 qua:
1064 4704 1273 4775 prolata
1303 4713 1466 4774 sunt,
1492 4709 1681 4766 subse-

105 4798 253 4852 quens
269 4829 283 4852 ,
317 4789 648 4862 subscripsi.

162 4897 477 4958 Theodorus
495 4903 751 4976 indignus
775 4907 1059 4980 episcopus
1083 4909 1362 4978 Panormi,
1392 4916 1683 4974 concordi-

107 4995 176 5044 ιει·
214 4993 494 5051 doctrinas
540 5007 596 5052 et
649 4999 957 5058 testimonia
982 5018 1170 5061 eorum
1204 5021 1324 5077 quae
1368 5015 1686 5088 przescripta

119 5095 232 5154 iuni,
261 5105 520 5162 sequens,
553 5092 875 5164 subscripsi.
1287 5154 1290 5156 γ

162 5175 548 5239 Constantinus
571 5184 828 5255 indignus
840 5190 1118 5262 episcopus
1133 5194 1430 5261 Leontium,
1450 5213 1668 5266 concor.

123 5263 230 5304 nn“.
249 5285 346 5304 ηδ’.
369 5273 556 5318 omn“!
588 5282 900 5326 αειῐὶηίηηιτη
932 5280 1144 5324 βρονηηι
1193 5284 1461 5318 [θηροκῖηοο
1491 5306 1553 5330 α.
1607 5308 1657 5330 ,Α

1860 2003 2247 2060 Constantinus
2269 2005 2519 2075 indiguus
2552 2005 2840 2075 episcopus
2887 2021 3100 2069 .arinat,
3132 2005 3378 2074 superius

1789 2096 2014 2168 prolatis
2055 2097 2380 2152 testimoniis
2421 2106 2733 2154 sanctorum
2783 2097 3001 2153 Patrum
3034 2097 3378 2152 consentiens

1790 2187 1844 2243 iu
1871 2186 2144 2248 omnibus,
2177 2186 2496 2256 subscripsi.

1860 2278 2216 2348 Theophanes
2245 2278 2532 2348 cpiscopus
2555 2277 2772 2350 Lilybzei
2800 2278 3069 2334 similiter.

1861 2369 2180 2426 Theodorus
2209 2370 2495 2440 episcopus
2522 2370 2870 2441 Tropaeorum
2901 2369 3167 2423 similiter.

1857 2463 2078 2535 Sergius
2100 2464 2386 2534 episcopus
2413 2461 2846 2518 Nicoterensium
2878 2462 3146 2517 similiter.

1860 2555 2176 2611 Theodorus
2206 2555 2490 2626 cpiscopus
2519 2555 2692 2626 Bizym
2715 2554 2984 2610 similiter.

1861 2647 2173 2703 Mauriauus
2200 2648 2485 2717 episcopus
2522 2645 2964 2716 Pompeiopoleos
2991 2645 3264 2700 similiter.

1857 2739 2095 2794 Joannes
2119 2740 2404 2809 episcopus
2432 2737 2832 2793 Saloucntianae
2857 2737 3123 2792 similiter.

1859 2830 2166 2885 Eustratius
2203 2830 2489 2900 episcopus
2515 2827 2943 2898 Bitbyuiensium
2974 2826 3266 2897 provincia-
3299 2827 3375 2880 si-

1787 2921 2008 2976 militcr.

1858 3006 2050 3062 Petrus
2076 3021 2360 3076 episcopus
2409 3021 2787 3064 xerunensium
2813 3006 3086 3061 similiter.

1853 3097 2089 3154 Joannes
2115 3100 2400 3169 episcopus
2424 3098 2845 3169 Arcadiopolcos
2865 3099 3138 3154 similiter.

1851 3191 2239 3248 Constantinus
2257 3191 2565 3262 presbvter,
2589 3202 2642 3249 et
2661 3207 2729 3248 ex
2754 3206 2983 3263 persona
3008 3190 3185 3247 throni
3209 3189 3377 3246 Seba-

1787 3282 2078 3352 stopolcos,
2120 3282 2393 3338 similiter.
2879 3327 2886 3330 .
3011 3342 3016 3347 λ

1851 3372 2148 3444 Gregorius
2169 3373 2467 3444 presbyter,
2497 3381 2630 3430 etex
2652 3387 2884 3444 persona
2909 3381 3109 3429 .ucetae
3134 3369 3387 3444 episcopi?

1787 3462 2044 3528 Coloniae,
2077 3462 2345 3518 similiter.
2627 3471 2631 3474 ’
3303 3465 3305 3467 ’

1857 3553 2131 3611 Sisinnius
2148 3554 2434 3624 episcopus
2463 3553 2608 3609 Parii
2635 3555 2905 3611 similiter.

1859 3630 2191 3718 Epiphanius
2213 3647 2499 3718 episcopus
2529 3647 2692 3702 Mileti
2725 3648 2996 3704 similiter.

1852 3738 2037 3794 Niceta
2062 3739 2354 3808 episcopus
2375 3738 2722 3794 Proeconnesi
2749 3739 3019 3794 simiiiter.

1851 3827 2089 3885 Joannes
2113 3829 2420 3899 presbyter,
2451 3837 2506 3884 et
2545 3843 2611 3883 cx
2637 3844 2867 3900 persona
2909 3828 3112 3886 Nicetze
3137 3830 3374 3902 episcopi

1786 3917 2044 3985 Colonize,
2081 3919 2350 3974 similiter.
3316 3921 3318 3924 ’

1860 4010 2357 4082 υηυεῆθρίερουυδ
2400 4010 2896 4069 Avaritianensium
2926 4014 3182 4070 Εροιθειω
3224 4020 3375 4068 suni-

1785 4101 1931 4156 liter.
3320 4112 3322 4114 '

1854 4192 2163 4248 Eustratius
2189 4194 2475 4265 episcopus
2503 4193 2826 4267 Methymna:
2853 4196 3122 4252 similiter.

1855 4284 1965 4340 Leo
1990 4285 2276 4356 cpiscopus
2303 4285 2385 4340 Cii
2416 4287 2684 4342 similiter.

1855 4376 2094 4433 Joannes
2117 4379 2401 4449 episc0pus
2428 4379 2557 4449 Apri
2588 4380 2857 4436 similiter.

1853 4469 2289 4540 Theopliylactus
2318 4470 2603 4538 episcopus
2629 4469 2999 4540 Cypsellorum
3029 4470 3299 4525 similiter.

1856 4561 2182 4616 Laurentius
2239 4563 2524 4632 cpiscopus
2584 4570 2783 4617 sanctae
2837 4563 3392 4634 Apsaretiauensium;

1785 4651 2038 4708 Ecclesia:
2065 4651 2336 4708 similiter.

1857 4741 1969 4797 Leo
1987 4742 2272 4812 episcopus
2297 4741 2552 4810 Carpathi
2579 4741 2846 4798 similiter.

1856 4831 2172 4888 Eustathius
2199 4832 2483 4901 episcopus
2509 4832 2919 4901 Crotadeusium
2955 4834 3221 4890 similiter.

1861 4923 2122 4995 Cyriacus
2139 4924 2421 4996 episcopus
2441 4923 2832 4999 Zyparensium
2859 4924 3112 5000 [Drizypa
3121 4923 3384 4994 rensnuu]

1793 5017 2064 5076 similiter.
3187 5058 3194 5068 ,
3398 5031 3402 5056 τ

1862 5106 1972 5162 Leo
2000 5108 2284 5180 episcopus
2310 5106 2650 5167 Mesembria:
2677 5102 2952 5177 similiter.

1869 5196 2161 5271 Gregorius
2190 5201 2481 5269 episcopus
2513 5195 2862 5256 Dercensium
2887 5200 3168 5264 similiter.

1863 5291 2178 5332 ΤιιοηιΙΛν-ηο
2232 5291 2330 5328 fl}:-
2440 5287 2798 5334 ἸἾιΔΛίΙηςῖηαΊ
2848 5292 3141 5346 anim-inn."
3196 5282 3400 5332 Aur-nr”
