3980 6296
878 377 1440 436 l-N'I‘ERPRETATIO
1480 376 1730 434 SYNODI
1770 374 1858 432 ΥΠ
1897 375 2304 435 GENERALIS.
2345 411 2416 422 -—
2451 380 2652 439 ACTlO
2693 382 2735 436 Υ

3331 386 3438 442 334

161 494 388 557 sistunt;
415 488 613 562 quique
635 487 879 545 habitant
902 505 963 545 ea
984 506 1105 562 qua:
1133 492 1386 546 dicuntur
1406 489 1593 545 Castra
1621 488 1749 560 jux-
1778 497 1824 556 Α
1855 488 1943 558 qui
2001 486 2156 561 [non]
2190 489 2527 560 Splendcbit:
2558 503 2614 548 et
2649 493 3130 550 anathematizabit
3182 493 3444 568 [catathe-

149 584 216 636 ἰιι
264 581 543 636 civitatem
596 579 1058 652 Porphyreonem,
1109 581 1164 635 in
1210 580 1504 635 venerabili
1555 580 1747 644 domo,

151 673 329 743 quam
359 671 471 726 Deo
509 667 772 741 placabile
822 670 1107 740 imperium
1157 681 1396 725 vestrum
1441 669 1602 739 jussit
1643 669 1753 724 illic

150 761 446 819 ‘mditicari.
470 762 598 830 Quae
623 761 896 817 subtiliter
924 761 1062 816 sciet
1106 770 1282 816 vestra
1321 759 1578 814 divinitus
1622 775 1752 814 con-

160 857 430 912 servanda
465 853 827 924 tranquillitas
879 868 975 922 per
1013 868 1074 907 ea
1118 867 1238 922 quae
1283 850 1584 923 signiﬁcata
1625 857 1753 904 sunt

156 947 456 1003 humilitati
497 957 694 1001 nostrae
726 960 754 998 a
785 944 954 998 Paulo
980 941 1321 998 sanctissimo
1341 943 1596 1015 episcopo
1615 941 1751 1009 ejus-

162 1041 286 1093 dem
317 1029 734 1109 Porphyrcouis,
760 1044 815 1090 et
853 1035 1014 1090 missa
1039 1043 1165 1089 sunt
1192 1034 1345 1088 nobis
1371 1050 1400 1088 a
1435 1034 1752 1090 beatissimo

160 1131 405 1187 Orientis
434 1123 772 1199 patriarcha,
790 1113 895 1198 'qui
916 1135 970 1181 et
997 1127 1110 1197 ipse
1137 1143 1299 1197 super
1326 1127 1430 1182 hoc
1463 1121 1752 1181 vehemen-

163 1232 249 1278 ter
273 1220 446 1276 doluit
469 1226 706 1290 :quanto
738 1201 910 1288 magis
933 1217 1356 1272 mansuetissimi
1391 1211 1532 1288 [Gr.,
1563 1216 1750 1287 quidni

161 1313 309 1369 enim
337 1309 542 1382 mans.]
568 1308 882 1379 principes?
908 1307 1216 1362 Prmsertim
1247 1322 1370 1362 cum
1399 1316 1454 1361 et
1492 1307 1754 1362 inanima-

166 1413 248 1460 tos
277 1402 486 1472 lapides
509 1399 813 1472 huiusmodi
843 1399 1148 1468 impietates
1181 1397 1363 1454 facere
1394 1397 1593 1472 [facile]
1641 1397 1754 1454 suf-

160 1477 752 1559 tlcet‘ent'exclamare,
800 1477 936 1562 quas
986 1493 1039 1546 in
1069 1485 1351 1562 prmsentia
1387 1490 1520 1546 vidit
1560 1492 1754 1561 praedi-

161 1598 282 1642 rtus
307 1581 684 1642 sanctissimus
711 1583 970 1656 pontifex.
1003 1582 1216 1639 Etenim
1247 1583 1411 1654 Super
1441 1592 1672 1638 mortem
1695 1589 1751 1638 et

161 1680 524 1752 perditionem
542 1685 846 1748 reputatum
865 1685 944 1732 est
959 1675 1027 1731 ab
1047 1673 1352 1730 humilitate
1378 1684 1586 1739 nostra,
1605 1674 1750 1744 quod

161 1773 385 1839 quaquo
413 1769 573 1823 modo
594 1768 660 1823 ad
691 1765 905 1822 auditus
939 1775 1154 1821 nostros
1182 1761 1394 1821 venerit
1419 1765 1539 1821 talis
1561 1767 1754 1835 impie-

1856 577 2154 650 matizabit]
2184 593 2276 634 eos
2317 579 2368 633 in
2406 581 2750 638 inferioribus
2783 584 2956 656 abyssi
2990 585 3104 654 ipse
3131 598 3352 644 sanctus
3388 600 3444 646 et

1849 661 2198 738 omnipotens
2223 667 2461 738 Spiritus
2483 668 2606 725 Jesu
2635 671 2834 728 Christi
2868 674 3080 729 Domini
3106 679 3296 741 nostri,
3348 679 3440 746 qui

1853 773 1920 812 ex
1968 757 2128 812 Patre
2157 750 2422 828 procedit,
2473 761 2538 814 ad
2582 763 2912 832 perdendum
2941 764 3058 821 illos
3087 767 3138 820 in
3173 767 3439 823 infinitam

1853 849 2234 918 perditionem.
2293 849 2446 906 Hunc
2496 853 2640 906 enim
2672 853 2843 909 zelum
2875 855 3026 911 vobis
3058 866 3295 924 strenue,
3333 859 3444 914 Deo

1853 940 2211 994 conservandi
2263 948 2317 994 et
2349 942 2794 1011 trimnphatores,
2845 945 2897 999 in
2947 946 3119 1015 ipsum
3170 949 3262 1018 qui
3317 965 3440 1004 cum

1852 1031 2053 1100 pietate
2079 1040 2260 1085 vestra
2307 1042 2522 1102 regnat,
2556 1027 2911 1106 unigenitum.
2943 1037 3443 1095 demonstrantibus

1853 1121 2044 1187 Deum,
2093 1138 2260 1193 super
2308 1125 2636 1180 sacrificium
2681 1128 2913 1184 Abraha:
2947 1131 3314 1201 suscipiemini
3371 1134 3443 1189 ab

1852 1211 1968 1282 ejus
2023 1223 2340 1269 cunctorum
2392 1214 2714 1287 inspectrice
2741 1220 2938 1276 deitate
2966 1238 2978 1273 :
3008 1230 3061 1277 et
3085 1221 3190 1276 erit
3227 1238 3443 1292 peram-

1852 1303 1991 1379 plius
2021 1303 2388 1371 benedictum,
2419 1308 2658 1376 potentia
2689 1309 2903 1366 virtutis
2943 1309 3080 1380 ejus,
3114 1323 3168 1369 et
3198 1314 3443 1384 magnifi-

1824 1391 2032 1478 Jcatum
2078 1394 2295 1452 Christo
2339 1397 2592 1452 dilectum
2638 1401 2926 1470 imperium
2984 1413 3226 1460 vestrum
3277 1421 3443 1476 super

1853 1489 2035 1576 omnia
2083 1488 2442 1556 praecedentia
2481 1505 2645 1562 regna
2675 1509 2688 1546 :
2720 1493 2975 1562 quoniam
3007 1495 3109 1565 ipsi
3139 1505 3226 1552 est
3271 1497 3442 1569 gloria

1855 1579 1909 1632 in
1951 1578 2143 1633 sa‘cula
2169 1579 2510 1635 saeculorum.
2541 1581 2735 1638 Amen.
2757 1643 2760 1646 ,

1857 1679 1862 1684 ·
1928 1668 2184 1726 Tarasius
2230 1672 2607 1728 sanctissimus
2663 1674 2972 1743 patriarcha
3022 1677 3156 1732 dixit
3197 1696 3210 1732 :
3261 1677 3442 1734 Nostis

1853 1756 2065 1832 qualem
2097 1763 2419 1818 sententiam
2449 1764 2758 1820 exhibuerit
2790 1759 2986 1821 Pater?

162 1869 265 1921 tas,
291 1865 415 1928 qua:
437 1856 1328 1927 superexeetﬁtomnemacliouem
1355 1856 1744 1926 blaSphcmam,
1781 1849 1826 1909 Β
1925 1853 2155 1909 Basilius
2206 1854 2582 1911 sanctissimus
2638 1857 2924 1926 episcopus
2973 1847 3205 1930 Aneyra:
3256 1860 3436 1917 dixit:

160 1947 550 2021 praesumptam
589 1950 639 2004 in
673 1949 726 2005 id
759 1950 934 2021 ipsum
987 1950 1081 2004 Dei
1134 1944 1395 2015 Verbum,
1447 1949 1588 2019 quod
1630 1964 1753 2019 pro-

161 2022 281 2114 pter
309 2045 413 2097 nos
441 2043 778 2096 inrarnatu‘m
807 2049 914 2106 est,
958 2049 1011 2094 et
1043 2040 1096 2094 in
1120 2040 1517 2095 sanctissimam
1547 2055 1611 2094 ac
1636 2039 1750 2111 glo-

160 2135 368 2192 riosam
399 2134 511 2191 -Dei
550 2135 901 2205 genitricem,
951 2143 1115 2202 atque
1168 2135 1220 2189 in
1270 2133 1632 2190 venerabilem
1689 2123 1753 2188 ac

160 2224 462 2295 pretiosam
493 2239 729 2289 crucem,
768 2225 977 2279 necnon
1006 2232 1060 2279 et
1096 2224 1149 2278 in
1199 2231 1418 2279 sanctos
1449 2221 1586 2292 ejus.
1617 2221 1751 2277 Pro-

158 2327 281 2389 pter
310 2317 458 2388 quod
485 2314 978 2372 commemorantes
1008 2316 1345 2386 suggerimus
1373 2315 1572 2370 divinis
1609 2314 1754 2368 auri-

163 2409 280 2464 bus
301 2407 520 2470 vestris,
551 2407 806 2477 quoniam
835 2407 878 2462 si
906 2403 1162 2477 piissimze
1195 2406 1458 2460 bonarum
1494 2405 1752 2459 victoria;

163 2511 282 2552 rum
335 2508 645 2552 vestrarum
699 2496 1076 2568 leges’jubcnt,
1128 2495 1360 2566 imagine
1409 2497 1752 2565 imperatoris

163 2579 380 2658 injuriis
397 2588 672 2654 lacessita,
698 2589 860 2643 murti
888 2601 1154 2657 suprema:
1185 2600 1249 2641 ac
1278 2587 1750 2657 perniciosissima:

166 2677 489 2743 tradendos,
537 2677 630 2747 qui
671 2677 774 2732 hoc
799 2677 985 2731 conari
1031 2676 1500 2746 praesumpserint,
1528 2681 1750 2745 quanta,

163 2777 348 2837 putas,
377 2769 522 2840 digni
547 2777 673 2823 sunt
703 2769 1050 2822 damnatione
1075 2769 1126 2822 in
1155 2768 1536 2835 perditionem,
1573 2769 1666 2838 qui
1697 2757 1754 2821 in

160 2858 462 2929 imaginem
513 2859 635 2914 Filii
684 2859 777 2913 Dei
810 2867 864 2914 et
901 2859 1257 2914 sanctissima:
1285 2874 1347 2914 ac
1379 2859 1625 2931 gloriosa:
1652 2859 1747 2916 Dei

160 2945 466 3002 Geuitricis
493 2961 614 3001 cum
644 2947 790 3002 omni
832 2945 1087 3002 ineffabili
1119 2945 1428 3019 [iudieibili]
1471 2947 1754 3018 impudeiv

161 3039 236 3092 tia
257 3046 312 3092 et
335 3037 634 3107 impietate,
654 3048 708 3093 et
731 3047 952 3108 propter
975 3039 1194 3092 nimiam
1227 3037 1510 3104 malitiam,
1529 3053 1635 3093 non
1659 3038 1749 3092 ha-

159 3125 424 3195 beoquod
445 3127 641 3190 dicam,
667 3127 791 3181 talia
817 3136 1297 3198 praesumpserant,
1330 3127 1473 3182 nulla
1507 3128 1559 3182 in
1581 3128 1660 3183 eis
1675 3128 1751 3184 fa-

1853 1943 2028 1998 Etiam
2055 1945 2386 2017 indulgentia
2413 1941 2506 2001 e05
2537 1943 2792 2017 indignos
2801 1948 3079 2018 judicavit.

1861 2047 1864 2054 ‘
1921 2033 2158 2090 Joannes
2205 2036 2688 2092 reverendissimus
2741 2037 3056 2103 monachus,
3105 2046 3161 2093 et
3208 2038 3444 2095 vicarius

1853 2123 2207 2180 Orientalium
2227 2124 2560 2202 pontificum,
2586 2125 2720 2179 dixit
2745 2143 2758 2179 :
2787 2125 2984 2197 Liquet
3010 2128 3286 2196 omnibus,
3310 2117 3436 2198 quia

1855 2214 2137 2270 Samaritze
2183 2214 2570 2285 pejorcs‘sunt
2610 2215 2731 2272 aliis
2780 2217 3050 2273 haereticis
3089 2229 3184 2274 :et
3217 2220 3441 2278 haeresis

1853 2319 2039 2358 eorum
2089 2303 2250 2358 nimis
2276 2299 2537 2374 ejicienda
2571 2315 2626 2360 et
2649 2310 2818 2376 prava
2847 2317 2949 2373 est,
2981 2317 3033 2362 et
3057 2323 3085 2362 a
3115 2310 3288 2380 gratia
3325 2327 3442 2364 οηι-

1853 2396 2317 2468 ninolonginqua.
2346 2396 2532 2466 itaque
2557 2398 2731 2452 oratio
2752 2401 3158 2464 demonSIravit,
3185 2403 3441 2470 quoniam

1853 2486 1906 2540 hi
1939 2487 2028 2558 qui
2055 2487 2389 2542 venerabiles
2416 2489 2603 2544 iconas
2629 2489 2964 2555 subvertunt,
2991 2491 3290 2545 deteriores
3317 2502 3443 2547 sunt

1854 2580 1993 2635 istis.
2028 2580 2257 2651 Dignum
2288 2573 2418 2652 ergo
2445 2591 2528 2637 est
2564 2579 2705 2654 [ϐω
2738 2584 2881 2638 Satis
2913 2594 3093 2639 autem
3120 2582 3225 2656 est]
3266 2586 3442 2639 nomi-

1852 2685 1983 2727 nare
2013 2672 2130 2728 illos
2159 2672 2481 2729 Samaritas.
3095 2734 3098 2738 ,

1871 2771 1874 2775 ’
1921 2762 2310 2818 Constantinus
2360 2765 2735 2820 sanctissimus
2786 2764 3070 2835 episcopus
3107 2764 3440 2821 Constantim

1853 2853 2011 2924 Cypri
2043 2853 2178 2908 dixit
2207 2870 2220 2908 :
2246 2853 2359 2924 Ego
2385 2854 2598 2925 quidem
2628 2853 2916 2924 imaginum
2946 2853 3264 2928 iufraetores
3289 2867 3441 2911 tanto

1851 2943 2064 3016 pejores
2115 2944 2404 3000 Samaritis
2452 2945 2706 3008 arbitror,
2758 2954 2962 3014 quanto
3013 2945 3085 2999 illi
3128 2937 3441 3016 ignOranter

1852 3043 2122 3108 egerunt,
2193 3051 2314 3091 cum
2365 3045 2546 3092 essent
2589 3037 2747 3091 alieni
2797 3054 2826 3091 a
2873 3036 3302 3092 Christianismo.
3349 3037 3448 3091 Isti,

1855 3142 1983 3183 vero
2009 3129 2240 3183 scienter
2269 3128 2535 3194 fecerunt,
2564 3139 2617 3184 et
2659 3128 2860 3183 idcirco
2888 3128 3094 3200 indigni
3124 3137 3249 3182 sum
3279 3129 3439 3185 satis-

161 3226 247 3272 eta
265 3218 676 3272 misericordia?
695 3217 846 3274 Unde
873 3219 1220 3274 obsecramus
1245 3219 1746 3274 victoriosissimum
1778 3199 1823 3261 (ἶ
1855 3223 2134 3292 factione;~
2162 3205 2300 3278 sicut
2330 3223 2472 3278 enim
2499 3223 2759 3294 scriptum
2787 3232 2871 3277 est
2903 3213 2915 3276 ὲ
2950 3199 3053 3288 Qui
3089 3207 3225 3278 ueri:
3261 3224 3442 3278 volun—

163 3306 454 3376 imperium
496 3314 762 3370 vestrum,
802 3322 868 3362 ne
917 3306 1084 3362 faciat
1109 3308 1535 3364 misericordiam
1570 3308 1622 3362 in
1653 3323 1747 3362 eos

163 3402 252 3469 qui
277 3401 387 3456 hoc
408 3415 570 3471 agere
588 3403 700 3456 ausi
725 3410 868 3468 sunt,
895 3417 1068 3471 neque
1091 3409 1278 3470 parcat
1298 3402 1398 3467 eis,
1417 3414 1590 3470 neque
1616 3415 1744 3469 qua-

162 3490 492 3560 lemcunque
543 3491 956 3560 postulationem
1001 3490 1086 3546 vel
1135 3491 1394 3546 rationem
1447 3504 1608 3560 super
1647 3489 1752 3544 illis

163 3581 418 3652 accipiat,
455 3582 602 3637 ne‘in
630 3582 772 3635 aliud
793 3582 922 3651 quid
945 3590 1244 3646 vertantur,
1286 3580 1443 3636 sicuti
1488 3580 1601 3650 jam
1632 3575 1763 3634 visu‘

162 3675 432 3736 videram,
467 3673 712 3728 indicans
741 3675 978 3744 Augusto
1000 3687 1184 3729 mense
1214 3671 1554 3727 sanctissimo
1611 3680 1666 3726 et
1721 3687 1749 3725 a

164 3765 275 3820 Deo
302 3764 778 3820 honorabilissimo
807 3759 1148 3834 patriai-clum,
1178 3763 1495 3835 significans
1535 3763 1750 3818 interim

165 3855 268 3910 hoc
302 3856 449 3926 apud
489 3868 550 3910 se
598 3849 918 3910 servandum
954 3873 966 3908 :
998 3870 1172 3925 neque
1206 3855 1349 3909 enim
1402 3854 1683 3910 abscondit
1721 3855 1765 3907 a'

163 3947 324 4002 nobis
354 3947 500 4002 Deus
527 3947 880 4018 cogitationes
907 3961 1112 4001 eorum.
1151 3945 1304 4003 Unde
1353 3947 1534 4002 certos
1588 3961 1706 4000 sum
1735 3987 1750 4011 ,

166 4055 384 4108 semper
401 4039 1022 4110 Augustiimperatores,
1044 4037 1186 4108 quod
1226 4053 1331 4095 non
1373 4035 1596 4094 sufferat
1640 4038 1768 4093 Dco‘

167 4128 550 4184 conﬁrmatum
581 4143 676 4184 cor
705 4136 966 4195 vestrum,-
1000 4129 1140 4199 quod
1185 4129 1353 4199 ipsius
1371 4137 1453 4184 est
1484 4121 1768 4200 magnituQ

169 4220 293 4276 dine
320 4220 668 4283 illustratum,
700 4211 904 4275 tantam
931 4219 1322 4275 inhonorantize
1343 4219 1770 4288 procaeitatem,

169 4323 331 4378 quam
355 4323 631 4379 nunquam
656 4310 930 4380 hucusque
955 4309 1277 4375 audivimus,
1308 4309 1549 4364 fortassis
1571 4311 1772 4366 autem"

172 4413 272 4455 nec
299 4399 445 4455 alius
481 4397 770 4470 quisquam
803 4401 1254 4456 Christianorum.
1280 4399 1385 4455 Sed
1415 4397 1606 4469 adjuro
1630 4407 1772 4465 vos,“

173 4489 408 4554 domine,
451 4506 548 4561 per
578 4491 895 4548 Emmanuel
925 4493 1092 4547 Deum
1115 4491 1410 4558 excelsum,
1440 4509 1506 4547 ne
1531 4489 1755 4548 suffera-

175 4581 242 4634 tis
266 4581 460 4636 saltem
497 4582 564 4636 ad
611 4583 878 4638 modicum
927 4584 1054 4654 quid
1107 4583 1224 4638 fieri
1267 4583 1544 4639 decentem
1577 4583 1752 4641 vindi-

173 4685 350 4742 ctam;
383 4678 482 4731 sed
504 4675 740 4744 juheatis
767 4672 993 4747 exquiri
1027 4677 1190 4734 etiam
1240 4677 1332 4732 illa
1354 4693 1473 4749 qua:
1505 4677 1557 4732 in
1594 4687 1758 4748 puteo

177 4767 314 4824 facta
345 4778 474 4824 sunt
524 4783 552 4822 a
584 4769 745 4824 nimia
776 4785 962 4824 eorum
1009 4779 1064 4825 et
1091 4770 1622 4840 pessima‘nequitia,
1667 4767 1771 4825 se?

173 4861 407 4915 cundum
434 4869 670 4916 tenorem
701 4861 942 4930 epistolte
963 4876 1085 4931 qua:
1105 4863 1172 4916 ad
1199 4871 1440 4918 nostram
1463 4853 1770 4917 medioerii

175 4958 337 5008 tatem
370 4951 686 5005 transmissa
717 4959 801 5008 est
835 4970 848 5006 :
884 4951 1104 5007 minime
1131 4953 1473 5021 permittente
1504 4959 1757 5007 mansue-

178 5041 381 5097 tissima
419 5043 786 5100 dominatione
819 5053 1018 5110 vestra,
1061 5045 1104 5099 si
1139 5046 1276 5100 forte
1309 5047 1614 5116 putaverint
1640 5047 1758 5116 qui-

179 5131 296 5188 dam
327 5134 701 5189 subseminare
729 5135 1063 5204 importunos
1099 5138 1402 5200 sermones",
1451 5151 1570 5191 cum
1602 5128 1775 5208 quasi.

181 5220 470 5279 Dominicze
500 5226 608 5279 sint
645 5227 927 5295 potestatis
952 5225 1096 5299 [σι-η
1122 5243 1178 5294 q.
1210 5228 1274 5282 ad
1321 5228 1548 5283 dominre
1578 5229 1615 5283 i.
1648 5227 1773 5282 Au-'

182 5322 344 5382 gusta:
373 5322 692 5384 potestatem
727 5315 1078 5388 pertineant],
1117 5315 1226 5372 Deo
1279 5317 1369 5388 qui
1421 5319 1565 5374 dedit
1603 5319 1774 5374 vobis'

184 5403 486 5474 imperium,
516 5406 694 5460 taliter
715 5423 876 5478 super
903 5423 1120 5464 omnem
1167 5408 1495 5479 impietatem
1545 5408 1758 5478 injuriis

185 5495 371 5552 πίθοιο
401 5515 415 5550 :
446 5505 505 5551 ut
528 5506 582 5552 et
605 5499 783 5553 cmteri
809 5513 996 5554 eorum
1023 5499 1271 5554 timorem
1294 5501 1526 5555 habeant
1545 5500 1755 5555 cunctis

187 5584 368 5640 diebus
405 5585 702 5642 maledicta:
731 5602 794 5643 ac
843 5597 1138 5659 segregata:
1167 5590 1287 5645 vita:
1314 5591 1548 5659 ipsorum
1580 5606 1596 5646 :
1623 5603 1776 5660 quos

186 5683 236 5730 et
261 5678 556 5748 suscipient
578 5687 820 5750 cognatae
850 5681 1086 5735 tenebrae
1129 5696 1242 5736 suae
1267 5681 1319 5735 in
1355 5680 1756 5736 damnationem
1803 5729 1810 5734 .

191 5768 381 5823 vermis
414 5767 662 5842 [cineris]
688 5769 779 5840 qui
811 5779 1152 5826 comesturus
1204 5779 1285 5828 est
1333 5771 1472 5837 illos,
1526 5780 1580 5828 et
1619 5770 1758 5842 ignis

1855 3325 2013 3370 tatem
2053 3317 2250 3370 domini
2297 3307 2419 3376 sui,
2466 3326 2514 3370 et
2571 3333 2674 3370 non
2726 3315 2896 3386 facit,
2945 3315 3205 3385 vapulabit
3263 3317 3440 3370 multis

1857 3397 2010 3480 (Luc.
2050 3407 2132 3478 ιι).
2223 3409 2226 3411 ‘
2655 3397 2661 3402 ‘
2887 3467 2890 3470 ,

1925 3495 2602 3553 Nieolaus'sanctissimus
2660 3497 2944 3568 episc0pus
2996 3497 3176 3568 Cyzici
3231 3498 3366 3553 dixit
3418 3513 3439 3553 :

1856 3583 1997 3639 Ecce
2025 3599 2119 3656 ego
2149 3601 2338 3641 servus
2383 3586 2636 3640 minimus
2680 3586 2983 3642 sanctitatis
3015 3597 3208 3642 vestrae
3235 3588 3432 3644 librum

1856 3675 2036 3731 defero
2063 3673 2233 3731 sancti
2277 3676 2452 3730 Patris
2495 3678 2664 3731 nostri
2694 3663 2916 3732 Joannis
2940 3661 3437 3748 cpiscopi’Thessa-

1855 3763 2062 3829 Ionica),
2094 3753 2154 3819 et
2187 3764 2397 3836 postulo
2427 3765 2662 3819 recitari.

1881 3867 1884 3870 '
1927 3855 2128 3911 Sancta
2155 3853 2391 3928 synodus
2423 3857 2922 3926 dixittfiecitctur.
3247 3928 3250 3932 η

1883 3943 1892 3950 ’
1926 3947 1992 4002 Ει
2020 3949 2288 4019 accipiens
2317 3939 2639 4004 Demetrius.
2659 3950 3144 4007 reverendissimus
3175 3950 3437 4010 diaconus

1854 4037 1909 4096 et
1929 4033 2308 4114 sceuophylas,
2341 4041 2470 4114 legit

1853 4199 2079 4256 Joannis
2107 4200 2332 4272 episcopi
2367 4199 2748 4282 Thessalonica?
2770 4199 2832 4254 de
2860 4216 3122 4265 sermone,
3153 4200 3303 4270 cujus
3329 4202 3435 4256 ini-

2513 4281 2645 4324 (tum
2685 4281 2760 4324 εει
2773 4287 2794 4326 ἰ

1881 4406 1886 4412 ’
1931 4399 2118 4477 Usque
2171 4405 2314 4461 nunc
2341 4404 2628 4459 Dominum
2687 4395 2928 4458 uestrum
2958 4412 3014 4482 et
3049 4399 3230 4458 Iesum
3279 4401 3440 4458 Chri-

1860 4507 2002 4554 stum
2035 4497 2248 4552 tentaus
2270 4503 2576 4566 perseverat
2612 4493 2860 4548 inimicus
2899 4494 2950 4547 in
2978 4507 3181 4547 eremo.
3227 4493 3294 4547 Et
3317 4500 3444 4562 post

1859 4605 2024 4660 pauca
2067 4603 2082 4641 :
2115 4586 2344 4643 Gentilis
2374 4573 2552 4640 dixit:
2591 4585 2693 4639 Vos
2723 4597 2851 4654 ergo
2894 4583 2946 4636 in
2973 4582 3215 4638 ecclesiis
3243 4583 3436 4656 imagi-

1860 4673 1957 4734 nes
2007 4695 2112 4733 non
2153 4676 2374 4748 pingitis
2425 4674 2627 4730 sanctis
2674 4673 2889 4737 vestris,
2924 4677 2980 4727 et
3013 4672 3252 4728 adoratis
3283 4672 3442 4727 illas?

1859 4777 1916 4824 et
1951 4782 2056 4822 non
2085 4765 2258 4822 solum
2283 4765 2506 4829 sanctis,
2532 4764 2700 4818 sedet
2724 4763 2820 4832 ipsi
2857 4762 2967 4817 Deo
2996 4771 3174 4817 vestro
3202 4781 3215 4816 :
3249 4762 3325 4817 sic
3349 4778 3437 4817 er-
3519 4807 3530 4812 _

1860 4876 1928 4932 go
1961 4859 2168 4915 aestima
2197 4853 2254 4913 et
2275 4874 2374 4914 nos
2396 4855 2684 4912 simulacra
2725 4855 3195 4918 circumfoventes,
3229 4870 3332 4910 non
3372 4867 3441 4908 ea

1862 4953 2106 5016 adorare,
2136 4945 2228 5006 Sed
2250 4941 2628 5019 'incorporales
2655 4945 2898 5009 virtutes,
2927 4961 3046 5016 qua:
3085 4945 3296 5024 periilla
3327 4945 3438 5015 pla-

1861 5052 2073 5098 cantur.
2102 5041 2335 5098 Sauctus
2365 5041 2498 5096 dixit
2532 5059 2545 5093 :
2579 5039 2682 5094 Sed
2719 5054 2818 5093 nos
2850 5037 3111 5108 imagines
3156 5035 3438 5110 hominum

1861 5133 2145 5194 factorum,
2174 5141 2486 5187 sanctorum
2525 5117 3084 5184 videlicet’servorum
3114 5115 3207 5182 Dei
3239 5135 3294 5181 et
3315 5141 3440 5180 cor-

1861 5237 1989 5294 pora
2021 5221 2308 5275 ferentium
2346 5219 2577 5274 facimus
2624 5217 2703 5271 ad
2735 5215 3122 5271 recordandum
3169 5224 3224 5270 et
3261 5215 3437 5270 hono-

1862 5315 2086 5369 randum
2113 5329 2206 5368 eos
2231 5330 2244 5366 :
2272 5321 2324 5368 et
2353 5311 2482 5366 nihil
2509 5312 2864 5381 incongruum
2894 5324 3183 5380 ope-ramus
3209 5309 3436 5387 pingen-

1861 5417 1942 5463 tes
1989 5422 2086 5462 eos
2115 5405 2301 5475 quales
2322 5412 2377 5460 et
2405 5403 2622 5458 fuerunt
2648 5419 2666 5455 :
2694 5417 2868 5471 neque
2892 5403 3034 5458 enim
3057 5403 3264 5474 agimus
3291 5399 3439 5472 [Gr.,

1861 5495 2133 5569 fingimus]
2184 5495 2479 5550 secuudnm
2497 5497 2607 5553 vos,
2639 5508 2815 5561 neque
2861 5491 3276 5570 incorporalium
3301 5503 3439 5560 quo-

1861 5589 2106 5645 rumdam
2154 5586 2462 5658 corporales
2513 5587 2862 5641 characteres
2923 5587 3354 5640 demonstramus
3417 5597 3436 5635 :

1860 5683 1952 5738 sed
1993 5690 2049 5736 et
2100 5681 2410 5743 adorantes,
2466 5693 2570 5732 non
2599 5677 2878 5748 imagines,
2910 5684 2969 5730 ut
3008 5676 3167 5730 etiam
3201 5683 3254 5726 tu
3285 5685 3432 5741 prte-

1863 5772 2073 5839 dixisti,
2109 5771 2202 5827 sed
2232 5785 2324 5827 eos
2359 5765 2449 5840 qui
2471 5784 2573 5840 per
2611 5768 2879 5839 picturam
2920 5766 3244 5830 indicantur,
3271 5760 3435 5834 glori-
