3980 6296
501 299 604 372 555

504 515 694 561 servos
719 505 775 554 et
795 495 997 551 amicos
1024 491 1156 554 Dei,
1184 499 1240 543 et
1277 485 1528 541 ﬁduciam
1561 479 1820 536 habentes
1844 479 2081 530 interce-

506 591 669 649 dendi
705 602 804 659 pro
833 583 1009 640 nobis.
1040 581 1110 634 At
1138 591 1268 632 vero
1308 573 1572 645 imagines
1602 568 1696 622 Dei
1747 566 1996 630 facimus,
2029 563 2084 619 id

508 693 616 748 est,
648 679 859 739 Domini
893 685 948 732 et
978 670 1278 729 Salvatoris
1299 668 1468 723 nostri
1492 664 1616 720 Jesu
1641 661 1864 724 Christi,
1898 673 2086 730 quem-

509 774 797 831 admodum
824 768 972 822 visus
993 773 1076 819 est
1111 775 1274 832 super
1301 769 1522 821 terram,
1551 763 1751 811 etcum
1778 752 2088 806 hominibus

510 871 863 923 conversatus
889 867 1003 921 est,
1030 857 1175 911 hunc
1211 853 1515 924 pingentes,
1543 859 1598 903 et
1622 863 1726 902 non
1751 855 1808 899 ιιι
1835 842 2089 913 intelligi-

511 965 602 1012 tur
629 961 821 1008 natura
867 949 1031 1004 Deus.
1075 946 1205 1014 Quae
1235 945 1377 999 enim
1419 940 1714 997 similitudo
1743 946 1845 1002 est,
1882 936 1966 990 vel
1995 935 2086 1004 qui

511 1043 732 1100 habitus
777 1037 1079 1108 incorporei
1122 1045 1176 1088 et
1208 1035 1326 1090 sine
1366 1034 1639 1088 schemate
1664 1029 1827 1084 Verbi
1873 1027 2090 1082 Patris?

513 1135 749 1206 Spiritus
791 1131 933 1186 enim
963 1137 1046 1184 est
1086 1129 1249 1190 Deus,
1278 1135 1338 1180 ut
1363 1124 1620 1193 scriptum
1663 1129 1746 1176 est
1777 1118 1959 1201 (Joan.
1990 1117 2088 1200 IV),

499 1227 566 1281 id
597 1234 703 1290 est,
733 1230 934 1278 sanctae
968 1230 1022 1274 et
1049 1215 1527 1275 consubstantialis
1551 1213 1836 1268 Trinitatis
1873 1219 2086 1264 natura.

513 1317 622 1373 Sed
651 1316 905 1387 quoniam
935 1311 1271 1383 heneplaeito
1299 1309 1391 1364 Dei
1423 1316 1477 1362 et
1520 1306 1717 1370 Patris,
1755 1302 2088 1359 descendens

503 1407 821 1478 'unigcnitus
866 1403 1033 1459 Filius
1077 1401 1194 1470 ejus
1213 1409 1268 1454 et
1300 1399 1441 1454 Deus
1475 1395 1710 1452 Verbum
1738 1409 1768 1449 e
1792 1393 1964 1458 caelis,
2007 1392 2118 1446 ili--

515 1508 772 1554 carnatus
815 1505 914 1552 est
949 1503 1168 1566 propter
1221 1491 1452 1547 salutem
1500 1497 1744 1544 nostram
1781 1487 1846 1542 de
1888 1483 2094 1556 Spiritu

517 1601 706 1649 sancto
735 1600 790 1646 et
833 1590 1150 1644 intemerata
1183 1585 1390 1655 virgine
1438 1583 1530 1639 Dei
1569 1581 1830 1655 genitrice
1876 1579 2042 1634 Maria
2078 1571 2092 1645 ,

515 1673 909 1744 humanitatem
947 1682 1065 1752 ejus
1098 1678 1384 1751 pingimus,
1428 1691 1532 1730 non
1573 1672 1964 1744 incorporalem
1988 1670 2094 1726 dei-

1189 350 1196 355 ,
1632 275 1993 338 ANASTASll
2027 271 2570 333 meuornecsnu

504 415 730 471 ticamus
763 426 778 462 :
809 405 991 468 ethos
1015 417 1122 459 non
1149 409 1209 456 ut
1230 399 1359 456 deos
1381 371 1588 469 (absit),
1619 392 1713 448 sed
1744 399 1803 446 ut
1832 389 2080 460 proprios
2110 392 2157 452 Α
2257 385 2516 440 Tarasius
2568 379 2946 471 sanctissimus
2971 376 3282 471 patriarcha
3314 375 3452 471 dixit
3479 393 3492 430 :
3528 373 3750 471 furibus

3655 261 3748 318 356

2184 475 2547 548 percipiamus
2569 472 2770 526 dictum
2800 469 2998 529 Patris.
3030 468 3156 539 quia
3179 466 3250 522 ibi
3283 466 3501 536 quidem
3527 464 3754 518 Samari-

2184 573 2252 620 tae
2275 562 2538 631 imagines
2573 559 2784 615 Domini
2813 567 2868 614 et
2900 557 3200 613 Salvatoris
3231 554 3402 610 nostri
3440 552 3570 608 Jesu
3614 553 3754 608 Chri-

2186 654 2253 709 sti
2283 661 2337 707 et
2363 653 2696 707 intemeratae
2726 648 2918 703 matris
2959 645 3076 715 ejus
3118 646 3519 704 subverterunt,
3553 642 3639 697 hic
3673 659 3757 696 an-

2189 753 2297 800 tem
2329 743 2543 814 pagani,
2572 751 2630 796 ut
2655 741 2964 796 didicimus.
2991 737 3239 794 Ostendit
3268 751 3396 791 vero
3422 734 3603 798 Pater,
3631 734 3756 802 quod

2187 846 2242 894 et
2272 835 2486 908 angelos
2535 843 2786 904 oporteat
2840 831 3009 903 pingi,
3062 829 3318 899 quoniam
3375 826 3757 895 circumscripti

2189 936 2338 994 sunt,
2363 936 2416 982 et
2455 927 2619 981 veluti
2651 926 2898 981 homines
2921 930 3291 994 apparuerunt
3319 919 3523 976 multis.

2261 1021 2458 1076 Sancta
2479 1020 2716 1092 synodus
2739 1019 2876 1074 dixit
2905 1035 2917 1070 :
2949 1017 3148 1080 Etiam,
3179 1014 3418 1070 domine.

2261 1112 2568 1183 Stephanus
2594 1109 2890 1165 monachus
2920 1108 3050 1177 legit
3077 1123 3092 1161 :

2441 1243 2520 1298 De
2540 1242 2896 1314 disputatione
2931 1239 3110 1294 λιιάωὶ
3137 1247 3188 1293 et
3220 1235 3532 1293 Christiani.

2193 1468 2198 1473 I
2256 1402 2473 1458 Judaeus
2519 1399 2689 1455 dicit:
2731 1397 2948 1453 Credidi
2975 1395 3042 1450 ad
3082 1394 3285 1459 omnia,
3325 1402 3378 1450 et
3408 1391 3574 1448 credo
3604 1389 3770 1448 cruci-

2196 1496 2304 1551 ﬁxo
2330 1493 2457 1550 Jesu
2481 1492 2718 1555 Christo,
2748 1489 2873 1560 quia
2903 1498 2984 1544 est
3011 1488 3180 1544 Filius
3209 1487 3303 1542 Dei
3334 1486 3461 1540 vivi.
3493 1483 3768 1541 Scandali-

2197 1566 2293 1640 eor
2316 1593 2494 1638 autem
2519 1583 2571 1637 in
2595 1596 2712 1647 vos,
2730 1578 3044 1643 Christiani,
3073 1578 3200 1646 quia
3231 1576 3495 1646 imagines
3523 1573 3772 1629 adoratis.

2201 1675 2485 1746 Scriptura
2532 1673 2729 1744 quippe
2756 1672 2955 1741 ubique
3003 1669 3250 1739 praecipit
3297 1684 3405 1722 non
3467 1666 3653 1722 facere
3679 1666 3774 1722 sibi

520 1741 705 1833 tatem.
745 1741 994 1831 Gentilis'
1017 1741 1154 1828 dixit
1250 1741 1379 1824 Esto
1413 1787 1425 1822 :
1460 1769 1601 1822 Deus
1632 1741 1869 1821 Verbum
1903 1772 1960 1818 ut
2007 1763 2095 1816 in-
2129 1750 2171 1808 Β
2197 1741 2525 1836 queinquam
2548 1741 2794 1832 sculptile
2820 1761 2906 1816 vel
2933 1775 3150 1816 omnem
3173 1757 3607 1814 similitudinem.
3631 1756 3778 1812 Chri-

519 1863 773 1925 carnatus
815 1864 1122 1936 depingitur
1155 1880 1168 1916 :
1201 1863 1267 1917 de
1298 1849 1506 1932 angelis
1546 1859 1674 1929 quid
1727 1855 2014 1912 asseritis?
2043 1863 2098 1910 et

521 1967 666 2029 ipsos
710 1970 940 2026 namque
1007 1953 1294 2023 depingitis
1340 1960 1398 2004 ut
1445 1950 1710 2014 homines,
1748 1955 1803 2002 et
1837 1947 2096 2012 adoratis,

523 2063 828 2119 quanquam
857 2045 1102 2101 homines
1124 2060 1229 2098 non
1254 2043 1384 2107 sint,
1417 2041 1512 2098 sed
1545 2041 1907 2112 intelligibiles
1935 2049 1990 2095 et
2013 2041 2098 2094 in-

524 2135 836 2208 corporales
874 2143 929 2190 et
965 2135 1092 2189 dicti
1121 2141 1177 2189 et
1203 2135 1498 2190 existentes
1531 2149 1545 2187 :
1579 2132 1658 2188 sic
1704 2139 1893 2202 reputa
1921 2142 1976 2186 et
2005 2145 2100 2187 eos

525 2229 616 2300 qui
647 2228 788 2298 apud
815 2211 912 2282 nes
959 2227 1316 2292 honorantur,
1351 2225 1482 2280 deos
1514 2239 1612 2296 per
1639 2233 1845 2280 statuas
1874 2225 2100 2297 placari,

526 2322 661 2378 nihil
695 2321 1079 2378 inconveniens
1123 2321 1278 2376 nobis
1299 2321 1602 2392 agentibus,
1651 2319 2101 2390 quemadmodum

525 2431 625 2470 nec
648 2415 800 2469 vobis
830 2428 990 2483 super
1023 2413 1252 2483 depictis
1274 2413 1503 2484 angelis.
1550 2411 1781 2467 Sanctus
1810 2411 1944 2466 dixit
1976 2429 1989 2464 :
2026 2409 2103 2466 De

527 2503 731 2570 angelis
752 2512 805 2558 et
835 2503 1196 2574 archangelis,
1224 2511 1280 2560 et
1318 2504 1522 2558 sanctis
1545 2503 1834 2558 virtutibus
1863 2517 1982 2572 qua:
2009 2518 2102 2556 su-

434 2643 436 2645 ,
527 2607 622 2664 per
644 2595 774 2648 ist0s
788 2602 934 2658 sunt,
959 2594 1152 2648 addam
1181 2603 1358 2649 autem
1381 2593 1544 2648 etiam
1577 2601 1793 2649 nostras
1822 2594 2104 2648 hominum

528 2685 755 2750 animas,
787 2685 1152 2754 intelligibiles
1186 2684 1403 2755 quidem
1442 2675 1535 2740 e05
1577 2683 1842 2740 catholica
1893 2693 1949 2740 et
1974 2699 2106 2754 apo-

529 2775 718 2831 stolica
761 2777 907 2831 novit
945 2775 1206 2842 Ecclesia,
1237 2791 1341 2830 non
1377 2784 1553 2832 tamen
1594 2761 1964 2846 ineorporales
1990 2789 2108 2830 om-

530 2866 659 2922 nino
687 2875 741 2921 et
771 2865 1086 2932 invisibiles,
1109 2867 1267 2922 sicuti
1311 2881 1405 2923 vos
1443 2869 1636 2938 pagani
1668 2855 1909 2922 fatemini
1941 2885 1953 2920 :
1980 2867 2110 2920 sub-

532 2956 655 3011 tiles
701 2963 877 3010 antem
917 2972 1162 3026 corpore,
1209 2955 1499 3022 et'aereos,
1531 2965 1586 3012 et
1610 2959 1795 3029 igneos
1827 2968 1875 3022 ε,
1917 2971 2116 3030 διερωμ-⁸

534 3047 662 3102 dum
709 3045 760 3100 id
808 3046 948 3115 quod
990 3045 1250 3117 scriptum
1277 3055 1359 3102 est
1399 3065 1411 3100 :
1447 3046 1552 3112 Qui
1592 3048 1718 3118 facit
1752 3047 1960 3118 angeios
1986 3063 2108 3102 suos

534 3137 776 3206 spiritus,
823 3145 870 3190 et
907 3108 1174 3213 ministros
1223 3139 1394 3208 ignem
1452 3108 1690 3192 iireniem
1740 3108 1913 3209 (Psal.
1979 3154 2108 3204 cur;
2138 3108 2182 3170 Ο

538 3222 702 3278 Hebr.
735 3223 797 3295 l).
836 3224 905 3279 Et
929 3225 1031 3280 hoc
1076 3225 1274 3281 multos
1302 3235 1615 3280 sanctorum
1652 3226 1873 3279 Patrum
1901 3235 2113 3282 nostro-

539 3328 662 3368 rum
694 3313 929 3370 sensisse
969 3314 1274 3370 invenimus
1316 3331 1328 3366 :
1369 3315 1597 3384 quorum
1639 3324 1722 3370 est
1749 3313 1978 3369 Basilius
2027 3315 2114 3372 ille

538 3420 788 3476 magnus,
819 3413 874 3460 et
900 3415 1100 3462 sanctae
1141 3407 1416 3462 memoriae
1442 3407 1790 3472 Athanasius,
1817 3417 1978 3477 atque
2002 3408 2111 3462 Me-

540 3493 754 3549 thodins
799 3502 855 3548 et
901 3495 991 3563 qui
1035 3494 1180 3550 circa
1228 3496 1372 3566 ipsos
1405 3505 1534 3551 sunt
1563 3514 1576 3550 :
1609 3496 1721 3551 sola
1750 3497 1916 3562 enim,
1947 3506 2115 3552 utve—

541 3584 743 3638 raciter
769 3583 1059 3649 fateamur,
1089 3585 1343 3641 divinitas
1365 3595 1449 3642 est
1483 3586 1841 3658 incorporalis
1870 3598 1924 3642 et
1952 3588 2115 3643 incir-

543 3675 866 3742 cumscripta
901 3691 915 3729 :
948 3690 1112 3745 porro
1163 3677 1528 3748 intelligibiles
1575 3688 1839 3732 creaturae
1874 3694 2117 3734 nonom-

543 3766 670 3820 nino
698 3766 1064 3836 incorporales
1101 3775 1157 3821 et
1205 3767 1524 3832 invisibiles,
1554 3775 1612 3821 ut
1639 3768 1914 3833 divinitas,
1945 3777 2070 3823 sunt
2101 3755 2124 3822 ε’

542 3857 764 3924 propter
806 3855 949 3924 quod
979 3856 1030 3910 in
1072 3855 1190 3911 loco
1241 3865 1385 3922 sunt,
1413 3866 1466 3912 et
1490 3858 1913 3928 circumscriptae
1937 3846 2121 3914 conSi-

547 3955 713 4002 stunt.
743 3947 911 4002 Porro
941 3947 1109 4003 sicubi
1136 3949 1343 4018 reperis
1365 3949 1713 4019 incorporeos
1742 3951 1920 4005 vocari
1953 3965 2117 4020 ange-

545 4037 650 4102 los,
683 4046 775 4092 aut
823 4038 1116 4103 daemones,
1161 4049 1254 4093 aut
1292 4039 1813 4109 animas,‘tanquam
1865 4055 1972 4095 non
2000 4030 2134 4097 exi?

552 4139 759 4184 stentes
803 4130 868 4185 de
917 4131 1290 4186 commistione
1330 4131 1690 4187 materiallum
1744 4143 1979 4204 quatuor
2011 4135 2121 4191 ele-

551 4227 878 4286 mentorum,
907 4221 986 4275 sic
1011 4235 1105 4275 eos
1129 4221 1342 4276 noveris
1370 4221 1682 4292 appellatos,
1713 4239 1836 4278 cum
1859 4239 1965 4279 non
1989 4225 2118 4291 sint,

551 4318 608 4364 et
663 4309 775 4380 ipsa
816 4325 1041 4380 corpora
1074 4326 1278 4376 crassa,
1307 4319 1361 4367 et
1407 4311 1601 4366 similia
1649 4313 1758 4379 his,
1799 4314 1994 4384 quibus
2024 4329 2123 4369 nos

559 4400 978 4456 circumdamur.
1003 4400 1171 4468 Licet,
1195 4410 1252 4456 ut
1276 4401 1458 4458 verius
1483 4401 1765 4469 fateamur,
1798 4405 1864 4459 ad
1897 4419 2120 4473 compa-

551 4492 813 4548 rationem
837 4492 1006 4546 nostri
1037 4491 1336 4562 incorporei
1357 4489 1498 4564 [Gr.,
1533 4492 1849 4566 invisibiles]
1874 4502 1998 4550 sunt
2026 4512 2039 4548 :
2066 4502 2122 4548 at

551 4599 682 4640 vero
700 4584 799 4638 visi
825 4593 951 4639 sunt
971 4601 1002 4639 a
1027 4584 1274 4656 plurimis
1293 4587 1486 4641 crebro
1512 4587 1836 4643 sensibiliter
1868 4588 1922 4641 in
1946 4589 2125 4659 specie

551 4676 892 4747 pmpriorum
941 4690 1230 4745 corporum
1265 4692 1506 4742 suorum,
1540 4677 1660 4748 (visi
1696 4687 1821 4733 sunt
1848 4673 2141 4731 autem‘ab

555 4766 662 4830 his,
693 4767 889 4836 quibus
909 4765 1119 4836 aperuit
1140 4768 1282 4822 Deus
1304 4768 1508 4839 oculos)
1535 4779 1589 4823 et
1629 4769 1748 4824 loco
1787 4769 2130 4824 circumscri-

553 4857 631 4927 pti
663 4865 1054 4923 monstrantur,
1105 4874 1226 4912 cum
1260 4876 1364 4914 non
1399 4861 1509 4916 sint
1548 4863 1768 4918 omnino
1803 4862 2127 4932 incorporei,

556 4948 694 5002 sicut
734 4949 914 5002 divina
963 4957 1177 5003 natura.
1210 4948 1319 5004 Nos
1346 4965 1475 5022 ergo
1527 4968 1630 5006 non
1665 4960 1722 5006 ut
1767 4952 1917 5017 deos,
1948 4952 2042 5008 sed
2070 4963 2128 5006 ut

556 5048 836 5095 creaturas
887 5041 1210 5110 spirituales,
1261 5051 1316 5097 et
1363 5042 1641 5098 ministros
1696 5043 1810 5108 Dei,
1851 5053 2038 5098 etnon
2070 5053 2130 5097 ut

554 5129 774 5197 proprie
813 5130 1158 5200 incorporeos
1187 5134 1506 5200 existentes,
1561 5135 1842 5206 pingentes
1879 5143 1933 5188 et
1963 5136 2132 5190 hono-

557 5221 742 5272 rantes
758 5219 993 5289 angelos,
1024 5237 1128 5275 non
1157 5239 1476 5293 peccamus:
1507 5227 1650 5296 quod
1681 5241 1810 5281 vero
1841 5225 1893 5280 in
1936 5227 2133 5280 huma-

555 5317 623 5358 n'a
657 5320 752 5361 eos
778 5305 946 5361 forma
974 5308 1347 5380 depingamus,
1378 5329 1442 5368 eo
1491 5314 1690 5370 factum
1724 5324 1830 5380 est,
1853 5315 1997 5385 quod
2021 5313 2130 5370 frc-

557 5409 791 5467 quenter
826 5400 903 5456 sic
958 5407 1307 5472 apparuerint
1336 5409 1443 5477 his,
1473 5412 1540 5465 azl
1592 5427 1726 5482 quos
1751 5412 1898 5467 missi
1949 5417 2072 5467 sunt
2101 5427 2132 5466 a

560 5489 676 5542 solo
700 5490 825 5543 Deo.

2199 1859 2409 1916 stianus
2463 1857 2599 1912 dixit
2630 1874 2642 1908 :
2673 1856 2839 1910 Deum
2892 1863 3164 1908 recentem
3219 1851 3543 1923 praecipiunt
3589 1858 3648 1906 te
3680 1863 3779 1904 non

2199 1950 2426 2018 adorare
2471 1932 2788 2016 Scriptum,
2833 1954 2888 2000 et
2941 1959 3158 2000 omnem
3218 1943 3630 1998 similitudinem
3681 1955 3782 1997 non

2202 2042 2428 2096 adorare
2449 2047 2509 2093 ut
2555 2038 2746 2092 Deum.
2776 2035 3042 2106 Imagines
3072 2049 3202 2088 vero
3225 2048 3360 2102 quas
3388 2033 3562 2106 vides,
3594 2032 3665 2087 ad
3705 2043 3787 2089 ro-

2201 2131 2571 2189 cordationem
2612 2127 3014 2198 benignissima:
3069 2126 3261 2180 salutis
3323 2124 3646 2194 pinguntur,
3694 2139 3784 2202 per

2203 2220 2538 2277 Salvatorem
2565 2227 2810 2273 nostrum
2842 2215 3028 2270 Jesum
3050 2213 3324 2270 Christum
3353 2212 3580 2277 eﬁ'ectte,
3614 2212 3786 2268 incar-

2203 2313 2438 2368 nationis
2469 2311 2586 2380 ejus
2634 2322 2924 2379 personam
2980 2305 3351 2378 signiﬁcantes
3401 2322 3414 2358 :
3471 2315 3785 2359 sanctorum

2205 2384 2384 2456 autem
2439 2398 2703 2468 imagines
2757 2396 3010 2451 similiter
3069 2393 3489 2463 uniuscujusque
3544 2395 3784 2464 ipsorum

2205 2491 2513 2564 significant
2543 2505 2768 2560 agones,
2807 2505 2944 2559 quos
2971 2489 3231 2544 adversus
3279 2488 3557 2543 diabolum
3589 2488 3789 2544 habue-

2207 2593 2355 2648 runt,
2377 2589 2433 2637 et
2454 2581 2712 2636 victorias
2743 2594 2933 2634 eorum
2961 2589 3124 2649 atque
3151 2593 3400 2634 coronas.
3436 2578 3555 2633 Non
3587 2587 3788 2641 autem,

2207 2684 2268 2731 ut
2311 2685 2366 2730 tu
2415 2673 2694 2744 intelligis,
2727 2671 3043 2728 deiﬁcantes
3080 2688 3173 2728 eas
3215 2673 3508 2729 Christiani
3542 2673 3791 2738 adorant,

2209 2770 2302 2825 sed
2325 2769 2438 2823 zelo
2471 2767 2741 2822 ferventes
2769 2757 2824 2822 et
2856 2766 2982 2830 ﬁde,
3014 2774 3324 2820 sanctorum
3354 2765 3793 2834 contemplantur

2210 2860 2496 2929 imagines,
2545 2858 2863 2912 memoriam
2921 2855 3160 2912 ferentes
3191 2857 3382 2911 horum
3425 2857 3520 2911 Dei
3555 2856 3736 2910 cultus
3782 2874 3795 2908 :

2209 2960 2267 3006 et
2299 2951 2608 3013 adorantes,
2649 2959 2961 3004 sanctorum
3005 2949 3258 3003 invocant
3287 2947 3477 3013 Deum,
3504 2948 3792 3003 dicentes:

2212 3043 2534 3098 Benedictus
2570 3057 2630 3097 es
2658 3042 2801 3096 Deus
2829 3040 2988 3110 hujus
3012 3040 3186 3095 sancti
3213 3055 3279 3095 ac
3302 3040 3549 3094 omnium
3579 3049 3798 3094 sancto-

2218 3149 2358 3200 rum,
2387 3133 2478 3202 qui
2519 3132 2711 3189 dedisti
2753 3132 2834 3188 eis
2874 3131 3213 3202 patientiam,
3249 3137 3306 3185 et
3333 3129 3524 3200 dignos
3578 3129 3704 3184 illos
3727 3130 3803 3184 fe-

2216 3225 2338 3280 cisti
2381 3238 2546 3294 regno
2579 3231 2670 3278 tuo
2700 3240 2714 3276 :
2741 3237 2841 3277 nos
2865 3237 3082 3292 quoque
3125 3219 3421 3291 participes
3453 3235 3646 3275 eorum
3672 3237 3798 3276 con-

2229 3316 2418 3378 stitue,
2475 3322 2638 3385 atque
2664 3313 3002 3368 orationibus
3022 3327 3210 3368 eorum
3253 3311 3432 3367 salvos
3454 3326 3556 3366 nos
3595 3309 3705 3366 fac.
3734 3312 3798 3365 At

2215 3420 2346 3460 vero
2381 3404 2684 3460 Salvatoris
2709 3404 2921 3459 ieonam
2951 3401 3381 3470 contemplantes
3409 3410 3465 3456 et
3485 3401 3800 3474 adorantes,

2216 3495 2584 3566 spiritualibus
2609 3495 2780 3551 oculis
2806 3505 2861 3551 et
2894 3495 3076 3550 cordis
3101 3493 3307 3549 visibus
3345 3493 3456 3549 Deo
3478 3505 3800 3549 cunctorum

2217 3588 2444 3642 Domino
2491 3588 2695 3658 gratias
2741 3587 2974 3657 agimus,
3026 3585 3118 3656 qui
3167 3585 3418 3654 dignatus
3445 3586 3604 3641 estin
3629 3586 3799 3641 forma

2218 3679 2358 3734 servi
2405 3679 2678 3733 hominem
2730 3679 3030 3748 suscipere,
3077 3687 3132 3732 et
3188 3677 3400 3732 salvare
3427 3678 3712 3742 mundum,
3750 3687 3806 3733 et

2219 3769 2413 3824 similis
2435 3769 2592 3824 nobis
2628 3768 2762 3824 efﬁci
2794 3783 2892 3840 per
2915 3769 3095 3823 omnia
3125 3769 3331 3838 absque
3357 3769 3504 3824 omni
3551 3778 3798 3838 peccato.

2217 3861 2361 3932 Ergo
2406 3876 2512 3915 non
2563 3861 2794 3933 ligneam
2832 3861 3118 3929 imaginem
3144 3860 3228 3916 vel
3263 3860 3463 3930 pictum
3486 3859 3800 3924 adoramus,

2220 3935 2314 4004 aut
2345 3951 2596 4017 colimus,
2623 3951 2720 4006 sed
2744 3951 2985 4006 omnium
3012 3950 3295 4006 Dominum
3323 3948 3596 4006 Christum
3628 3950 3799 4005 Deum

2221 4041 2601 4112 gloriﬁcamus.
2633 4041 3044 4108 Verumtamen,
3095 4041 3282 4107 frater,
3332 4043 3619 4097 ostendam
3677 4042 3797 4106 tibi,

2221 4135 2346 4204 quia
2383 4142 2436 4188 et
2464 4133 2693 4204 Moyses,
2726 4133 2817 4203 qui
2860 4133 2974 4188 haec
3025 4132 3120 4187 tibi
3150 4133 3203 4187 in
3254 4133 3372 4204 iege
3393 4133 3543 4188 dedit
3569 4173 3583 4196 ,
3622 4134 3808 4204 jussus

2221 4232 2325 4289 est,
2354 4224 2492 4279 sicut
2517 4224 2774 4294 scriptum
2798 4233 2879 4278 est
2903 4222 3104 4293 (Exod.
3135 4239 3210 4278 vn
3251 4234 3298 4278 et
3335 4222 3482 4294 xxv),
3507 4232 3562 4276 et
3584 4222 3808 4292 sculpti-

2222 4312 2300 4368 les
2336 4313 2471 4368 duos
2508 4311 2778 4382 seraphim
2821 4309 2973 4376 fecit,
3003 4325 3165 4380 supra
3209 4310 3619 4366 tabernaculum
3662 4311 3824 4364 testi-.

2229 4387 2394 4459 monii
2420 4419 2685 4474 expansos
2705 4402 2833 4458 hinc
2853 4411 2906 4457 et
2923 4401 3045 4456 inde
3068 4419 3081 4456 :
3105 4417 3210 4471 quo
3232 4417 3335 4456 non
3359 4400 3554 4456 licebat
3569 4400 3805 4468 cuipiam

2231 4498 2459 4569 ingredi,
2511 4497 2612 4551 nisi
2642 4495 2742 4552 soli
2767 4494 3007 4565 pontifici
3039 4494 3206 4549 semel
3256 4495 3309 4548 in
3345 4509 3508 4558 anno,
3541 4502 3595 4548 et
3632 4493 3813 4547 incen-

2231 4602 2352 4642 sum
2383 4585 2576 4642 offerre
2631 4585 2684 4638 in
2735 4583 2935 4638 Sancta
2964 4592 3294 4638 sanctorum.
3335 4583 3600 4638 Similiter
3631 4592 3810 4638 autem

2232 4688 2288 4753 et
2309 4686 2615 4749 serpentem
2661 4689 2868 4730 aeneum
2915 4690 3048 4744 opus
3113 4675 3236 4728 teris
3283 4673 3442 4729 fusile
3463 4675 3813 4740 condens,et

2235 4771 2570 4842 suspendens
2591 4770 2643 4824 in
2668 4769 2843 4824 medio
2868 4778 3195 4831 castrorum,
3213 4767 3428 4821 dicebat
3452 4781 3465 4820 :
3493 4766 3813 4836 Quicunque

2237 4879 2451 4918 morsus
2495 4861 2656 4918 fuerit
2683 4878 2714 4915 a
2752 4868 3017 4930 serpente,
3057 4859 3331 4914 intueatur
3357 4873 3564 4914 aeneum
3589 4874 3811 4929 serpen-

2237 4962 2344 5008 tem
2388 4953 2571 5019 istum,
2612 4961 2666 5006 et
2697 4952 2902 5015 credat,
2943 4951 3069 5020 quia
3117 4964 3342 5019 serpens
3376 4951 3480 5004 iste
3507 4959 3703 5018 potens
3731 4959 3814 5004 est

2237 5046 2678 5108 sanareillum,et
2691 5044 2969 5098 sanabitur
2990 5041 3178 5114 (Num.
3204 5043 3337 5112 xxr).
3361 5040 3525 5096 Vides
3549 5042 3815 5111 quomodo

2238 5137 2325 5210 ille
2381 5136 2611 5206 Moyses,
2654 5135 2746 5204 qui
2795 5133 3051 5204 praecepit
3097 5130 3516 5188 similitudinem
3559 5146 3671 5186 non
3723 5130 3812 5185 fa-

2240 5227 2506 5291 ciendam,
2533 5224 2938 5281 similitudinem
2963 5223 3108 5278 fecit.

2309 5318 2542 5375 Joannes
2573 5314 3054 5372 reverendissimus
3083 5315 3398 5379 monachus,
3437 5313 3726 5385 presbyter
3759 5327 3820 5368 ac

2245 5409 2475 5464 vicarius
2509 5406 2859 5462 Orientalium
2884 5402 3194 5475 pontiﬁcum
3216 5445 3230 5468 ,
3261 5404 3436 5458 dixit:
3469 5403 3610 5458 Ecce
3649 5402 3820 5457 mani-

2242 5501 2397 5565 feste,
2419 5495 2772 5555 sacratissimi
2789 5495 2976 5549 Patres
2996 5495 3184 5564 nostri,
3209 5503 3467 5564 negantes
3482 5493 3817 5548 incarnatam

594 5599 952 5683 ‘nf‘Loqnitur
977 5617 1041 5658 es
1087 5605 1302 5673 propria
1339 5611 1638 5667 sententia:
1670 5629 1794 5669 nam
1821 5612 2108 5669 concilium
2147 5626 2336 5683 supra,
2366 5610 2488 5668 Act.
2514 5611 2569 5678 4,
2594 5609 2649 5666 in
2688 5603 3035 5666 confessione
3075 5620 3172 5662 sua
3212 5606 3432 5677 angelos
3472 5605 3838 5677 incorpore-os

565 5668 810 5726 aﬂirinat.

3955 1351 3957 1390 ἲ

3956 1435 3957 1456 l

3956 1575 3957 1598 ι
