3924 5656
116 377 210 433 557

798 374 1354 433 INTERPRETATIO
1392 373 1642 433 SYNODI
1683 376 1770 433 VII
1823 376 2234 435 GENERALIS.
2262 408 2329 419 —
2369 379 2572 448 ACTIO
2614 381 2678 437 γ.

3273 383 3378 442 558

112 491 562 558 dispensationem
590 483 790 541 Christi
823 487 918 541 Dei
948 487 1156 547 nostri.
1182 487 1368 541 dicunt
1393 485 1684 556 projiclen-
1716 492 1765 548 A
1789 502 1981 542 omnes
2001 527 2016 553 ,
2050 489 2124 542 ait
2151 505 2164 542 :
2211 487 2528 560 Priusquam
2566 491 2671 546 illis
2699 490 2903 557 tradar,
2942 491 3204 563 hymnum
3235 495 3384 552 dica-

112 583 202 637 das
223 595 342 636 esse
375 575 517 651 [Gr.,
544 578 857 651 projccisse]
890 588 1106 634 sanctas
1145 578 1436 647 imagines,
1481 577 1691 632 Hebraei

1797 592 1918 632 mus
1945 577 2115 644 Patri,
2137 586 2193 633 et
2226 579 2305 634 sic
2327 581 2393 634 ad
2425 582 2760 652 propositum
2787 597 3065 638 exeamus.
3094 583 3228 639 Cum
3254 601 3388 658 ergo

111 673 308 728 scilicet
335 679 391 728 et
423 669 731 725 Samaritae.
761 670 948 740 Itaque
989 670 1080 740 qui
1132 668 1394 737 abjiciunt
1419 682 1530 735 eas,
1575 667 1694 725 istis
1757 701 1760 706 -
1786 668 2042 738 jussisset
2072 672 2225 726 nobis
2251 689 2442 744 gyrum
2474 673 2657 730 facere
2688 676 2996 729 tenentibus
3025 677 3252 732 invicem
3275 692 3388 732 ma-

111 763 307 820 similes
331 771 484 818 sunt.
561 806 568 812 .

176 852 375 907 Sancta
416 849 658 921 synodus
687 849 821 904 dixit
847 867 860 904 :
895 848 1112 904 Similes
1140 856 1285 904 sunt.

171 942 508 1013 Epiphanius
538 943 644 996 Deo
675 941 922 996 amabilis
943 942 1228 1007 diaconus,
1261 949 1318 994 et
1353 939 1532 995 locum
1557 939 1690 994 reti-

110 1054 234 1092 nens
263 1035 490 1091 Thomas
517 1037 752 1106 episcopi
787 1034 1050 1090 Sardinia:
1079 1035 1208 1104 legit
1234 1051 1249 1090 :

110 1173 187 1228 Ex
209 1173 362 1243 falsis
403 1171 926 1244 superscriptiunibus
965 1163 1359 1236 itinerariprum
1391 1178 1693 1224 sanctorum

285 1255 292 1261 '
468 1241 477 1244 ⁷
667 1241 671 1242 ⁷
713 1241 1094 1311 apostolorum.

171 1353 353 1410 Pictor
396 1368 529 1425 ergo
566 1353 738 1423 prima
786 1352 873 1406 die
920 1350 1266 1406 lineamentis
1305 1365 1370 1406 eo
1413 1350 1693 1420 designato

109 1446 320 1518 quievit.
353 1442 581 1500 Postera
614 1458 742 1498 vero
771 1443 857 1497 die
881 1442 1043 1496 etiam
1083 1441 1356 1496 coloribus
1397 1439 1544 1494 illum
1576 1455 1697 1510 per-

110 1538 339 1601 miscuit,
379 1545 436 1591 et
470 1534 758 1607 Lycomedi
789 1533 1042 1603 gaudenti
1081 1532 1292 1586 iconam
1324 1532 1502 1586 dedit:
1535 1546 1694 1600 quam

112 1641 162 1686 et
186 1644 391 1702 ponens
413 1629 469 1683 in
499 1626 748 1682 cubiculo
777 1641 874 1681 suo
897 1624 1197 1680 coronavit.
1227 1623 1377 1692 Quod
1401 1639 1521 1677 cum
1544 1631 1696 1692 post-

110 1737 166 1776 ea
211 1715 560 1792 cognovisset
618 1715 882 1781 Joannes,
930 1715 1066 1770 dixit
1101 1715 1199 1769 ei:
1251 1713 1530 1784 Diligende
1565 1707 1696 1766 mibi

109 1813 197 1877 liii,
234 1813 365 1882 quid
392 1813 512 1883 agis
537 1826 566 1864 a
603 1810 796 1865 balneo
823 1810 1099 1880 ingressus
1128 1805 1481 1878 {ingrediens}
1509 1807 1560 1860 in
1596 1822 1688 1861 cu-

109 1902 335 1957 biculum
378 1909 532 1954 tuum
562 1898 742 1954 solus?
774 1912 949 1952 nonne
987 1912 1086 1965 ego
1134 1905 1309 1950 tecum
1339 1905 1541 1952 etcum
1574 1895 1698 1949 reli-

109 1994 216 2062 qnis
253 1991 520 2045 fratribus
552 2005 650 2043 oro
664 1989 788 2042 ?-an
830 2003 929 2042 nos
956 1987 1135 2042 celas?
1175 1987 1242 2041 Et
1269 1987 1384 2042 haee
1411 1987 1614 2050 dicens,
1642 1993 1698 2039 ct

110 2078 311 2149 ludens,
341 2098 469 2136 cum
513 2095 578 2136 eo
621 2079 924 2150 ingreditur
953 2078 1290 2142 cubiculum,
1331 2089 1384 2131 et
1415 2077 1561 2131 videt
1587 2077 1696 2131 ico-

111 2189 223 2228 nam
257 2180 578 2228 coronatam
613 2169 842 2225 senioris
864 2209 878 2234 ,
921 2178 977 2224 et
1014 2168 1287 2237 appositas
1313 2167 1598 2222 lucernas:
1642 2175 1699 2222 et

110 2267 364 2321 accersito
407 2273 464 2320 et
499 2271 690 2318 vocato
729 2277 814 2328 eo,
849 2262 1014 2316 dixit:
1054 2261 1406 2332 Lycomedes,
1441 2259 1569 2330 quid
1595 2259 1695 2313 sibi

110 2358 210 2412 vult
240 2359 423 2427 imago
452 2356 609 2412 haec?
633 2355 756 2426 quis
782 2371 849 2410 ex
886 2355 990 2409 diis
1033 2354 1140 2408 tuis
1167 2362 1252 2408 est
1291 2354 1392 2408 istc
1421 2352 1699 2423 depictus?

117 2449 274 2503 Video
300 2449 447 2503 enim
475 2455 528 2501 te
550 2446 727 2500 adhuc
755 2444 1027 2516 gentiliter
1051 2445 1250 2499 vivere.
1281 2443 1348 2497 Et
1368 2441 1698 2512 Lycomedes

110 2541 154 2594 ei
197 2539 517 2610 respondit;
554 2538 696 2592 Deus
723 2526 937 2606 quidem
979 2535 1109 2590 mibi
1137 2544 1222 2590 est
1255 2534 1343 2589 ille
1383 2533 1558 2599 solus,
1605 2533 1697 2603 qui

113 2631 396 2686 meerexit
444 2645 477 2684 a
526 2638 701 2683 morte
739 2642 860 2682 cum
902 2624 1129 2697 cenjnge
1169 2641 1308 2681 mea.
1351 2623 1407 2680 Si
1442 2633 1619 2678 autem
1645 2633 1701 2678 et

111 2731 222 2793 post
274 2722 447 2777 Deum
492 2720 613 2775 illos
652 2718 918 2784 homines,
961 2718 1052 2787 qui
1102 2715 1480 2772 benefactores
1528 2714 1697 2767 nostri

116 2824 268 2880 sunt,
305 2815 437 2869 deos
472 2820 687 2882 oportet
735 2811 950 2876 vocari,
982 2818 1038 2863 tu
1083 2824 1142 2864 es
1172 2808 1264 2880 qui
1295 2809 1348 2863 in
1378 2807 1611 2876 imagine
1641 2821 1700 2860 es

111 2907 381 2977 depictus,
430 2919 590 2974 quem
645 2917 845 2958 corono
883 2910 940 2956 et
983 2916 1105 2954 amo
1149 2910 1202 2955 et
1241 2900 1389 2963 colo,
1433 2900 1556 2969 quia
1593 2900 1699 2953 dux

108 3000 234 3053 mihi
274 2998 450 3052 factus
477 3012 536 3050 es
566 2997 758 3049 bonus.
791 2994 855 3047 Et
883 2993 1118 3047 Joannes
1147 2991 1350 3045 vultum
1381 3007 1535 3044 suum
1563 3005 1698 3043 non-

109 3088 229 3141 dum
261 3085 683 3154 contemplatus,
711 3083 848 3137 dixit
877 3084 926 3136 ei
954 3099 966 3135 :
1008 3081 1189 3135 llludis
1217 3080 1368 3143 mihi,
1402 3079 1561 3133 liliolc
1590 3079 1695 3144 Ini;

110 3180 196 3233 tali
252 3195 370 3233 sum
423 3179 596 3234 forma
650 3191 814 3246 super
856 3174 1134 3229 dominum
1190 3173 1374 3227 tuum?
1424 3173 1691 3242 quomodo

109 3275 236 3329 mihi
283 3272 611 3344 persuadere
657 3270 880 3340 poteris,
923 3268 1064 3338 quod
1112 3267 1242 3321 mihi
1293 3267 1468 3337 imago
1499 3266 1692 3322 similis

111 3368 208 3422 sit?
236 3375 292 3422 ct
322 3365 653 3438 Lycomedes
681 3364 729 3418 ei
761 3362 942 3417 attulit
971 3351 1270 3431 speculum.
1313 3358 1380 3413 Et
1405 3359 1588 3413 videns
1614 3373 1695 3413 se-

111 3459 394 3528 metipsum
425 3457 479 3508 in
514 3454 762 3526 speculo,
814 3461 868 3506 et
912 3453 1126 3505 intuens
1160 3449 1447 3519 imaginem
1469 3489 1483 3513 ,
1515 3449 1652 3502 dixit
1681 3466 1693 3502 :

112 3548 252 3600 Vivit
280 3546 540 3600 Dominus
570 3542 727 3598 Jesus
754 3541 1003 3596 Christus
1024 3581 1036 3603 ,
1072 3538 1264 3594 similis
1294 3538 1422 3592 mihi
1453 3548 1534 3592 est
1566 3538 1700 3592 ima-

111 3655 174 3708 go
199 3657 211 3690 :
241 3637 383 3692 male
414 3644 595 3690 autem
620 3635 722 3688 hoc
748 3632 928 3703 egisti.

177 3750 364 3802 Adhuc
391 3748 532 3824 idem
559 3745 681 3816 legit
705 3745 767 3798 de
795 3746 907 3815 ipso
937 3742 1085 3806 libro,
1119 3742 1270 3813 cujus
1290 3741 1497 3794 initium
1521 3750 1628 3794 est:

181 3859 483 3928 Aliquando
525 3857 712 3912 volens
750 3856 932 3912 Jesum
982 3865 1182 3911 tenere.
1225 3855 1290 3908 Et
1318 3863 1440 3924 post
1473 3853 1616 3908 alia:
1644 3852 1704 3908 In

115 3951 386 4006 materiali
431 3961 488 4005 et
531 3965 717 4005 crasso
768 3963 996 4018 corpore
1034 3947 1521 4018 congrediebanlur
1561 3945 1702 4018 [Gr.,

117 4059 311 4098 manus
348 4040 629 4113 applicui].
684 4041 832 4096 Alias
867 4049 1047 4095 autem
1094 4039 1288 4094 iterum
1329 4039 1578 4109 palpante
1620 4053 1705 4093 me

111 4151 272 4200 eum,
312 4136 430 4190 sine
474 4133 702 4188 materia
739 4140 857 4187 erat
897 4141 950 4186 et
984 4133 1360 4202 incorporeum
1391 4131 1534 4199 quod
1579 4130 1707 4185 sub-

115 4234 253 4288 erat,
281 4233 335 4279 et
359 4223 514 4295 quasi
544 4223 768 4278 omnino
802 4238 909 4277 non
938 4230 1101 4276 esset.
1127 4221 1295 4298 Porro
1326 4221 1370 4275 si
1421 4220 1708 4290 aliquando

119 4313 190 4368 ab
215 4314 391 4385 aliquo
412 4313 816 4368 Pharisaeorum
847 4313 1106 4368 invitatus
1131 4311 1196 4365 ad
1237 4309 1535 4367 recubitum
1565 4311 1704 4376 ibat,

119 4407 471 4476 pergebamus
516 4413 572 4459 et
621 4421 720 4459 nos
751 4420 873 4459 cum
923 4404 1068 4473 ipso;
1097 4412 1152 4458 et
1194 4402 1564 4472 unusquisque
1608 4415 1707 4456 no-

120 4501 287 4550 strum
322 4493 642 4565 accipiebat
693 4493 1010 4564 disposilmn
1061 4506 1252 4562 panem
1302 4506 1467 4545 unum
1510 4490 1578 4544 ab
1624 4489 1708 4544 bis

1796 777 1918 824 nus,
1973 763 2088 832 ipse
2135 764 2345 817 medius
2402 762 2575 820 factus
2620 765 2869 821 dicebat:
2923 767 3115 831 Amen,
3173 769 3390 826 obcdite

1797 855 1954 910 mihi.
1984 855 2163 927 Carpit
2193 871 2324 927 ergo
2358 857 2616 928 hymnum
2647 875 2842 915 canere
2876 870 2930 916 et
2959 862 3170 917 dicere:
3204 863 3388 920 Gloria

1798 945 1916 1010 tibi,
1951 945 2132 1000 Pater.
2164 947 2230 1000 Et
2257 961 2353 1002 nos
2379 949 2781 1006 circumda’ntes
2811 952 3271 1022 respondebanms
3297 955 3344 1009 ei
3370 973 3385 1010 :

1794 1037 1990 1090 Amen.
2035 1036 2216 1092 Gloria
2281 1039 2413 1103 tibi,
2466 1039 2738 1107 Verbum,
2784 1042 2954 1114 gloria
3009 1045 3138 1108 tibi,
3192 1047 3386 1115 gratia.

1795 1129 1988 1183 Amen.
2019 1127 2203 1183 Gloria
2237 1130 2358 1195 tibi,
2386 1129 2656 1201 Spiritus;
2683 1121 2854 1204 gloria
2889 1134 3005 1199 tibi,
3036 1145 3243 1201 sancte,
3274 1137 3389 1207 glo-

1795 1222 1877 1276 ria
1903 1220 2089 1292 gloriae
2120 1229 2243 1276 tme.
2276 1222 2466 1278 Amen.
2494 1223 2804 1280 Laudamus
2844 1235 2924 1292 te,
2960 1227 3154 1292 Pater;
3184 1229 3388 1298 gratias

1797 1311 1892 1366 tibi
1922 1311 2151 1382 agimus,
2173 1311 2260 1367 lux
2294 1313 2347 1367 in
2370 1309 2472 1383 qua
2504 1315 2742 1369 tenebrat
2764 1331 2867 1371 non
2900 1317 3164 1372 habitant.
3191 1319 3386 1378 Amen.

1796 1403 1852 1458 ln
1881 1420 1989 1474 quo
2031 1415 2210 1458 autem
2251 1404 2454 1474 gratias
2493 1406 2821 1476 agebamus,
2849 1407 2970 1463 dico
3014 1408 3170 1480 [forte
3199 1406 3385 1482 dicit]:

1799 1491 2010 1546 Salvari
2043 1492 2192 1555 volo,
2228 1503 2283 1548 et
2310 1509 2532 1548 servare
2570 1495 2710 1549 volo.
2750 1497 2938 1551 Amen.
2973 1496 3117 1552 Solvi
3145 1497 3299 1561 volo,
3320 1511 3391 1565 et

1795 1583 2007 1639 solvere
2061 1583 2200 1638 volo.
2253 1585 2447 1640 Amen.
2499 1585 2766 1642 Tabeﬁeri
2813 1588 2954 1654 volo,
3001 1599 3054 1644 et
3103 1592 3386 1648 tabescere
3451 1615 3463 1627 -

1798 1671 1975 1727 facere
2033 1671 2383 1746 [labefacere]
2447 1675 2586 1729 volo.
2621 1674 2740 1746 [Gn
2788 1678 2908 1730 add.
2953 1677 3193 1735 Sauciari
3244 1682 3392 1748 volo,

1796 1771 1851 1816 et
1893 1763 2140 1817 sauciare
2184 1763 2346 1835 volo.]
2382 1765 2574 1818 Amen.
2605 1764 2762 1820 Nasci
2791 1767 2944 1833 volo,
2975 1778 3030 1824 et
3055 1770 3274 1841 gignere
3297 1787 3390 1828 vo-

1726 1848 1774 1909 B
1801 1852 1867 1906 lo.
1905 1851 2229 1908 Manducare
2254 1855 2398 1918 volo,
2430 1863 2486 1910 et
2513 1857 2756 1911 consumi
2789 1858 2927 1912 volo.
2964 1859 3157 1914 Amen.
3198 1861 3390 1916 Audiri

1799 1943 1941 2008 volo,
1967 1952 2020 1998 et
2048 1943 2236 1999 audire
2263 1944 2403 1999 volo.
2433 1944 2628 1999 Amen.
2654 1946 2879 2018 lntclligi
2914 1949 3055 2013 volo,
3084 1966 3206 2005 cum
3234 1951 3392 2006 intel-

1799 2035 1971 2091 lectus
1999 2037 2100 2090 sim
2130 2046 2296 2091 totus.
2332 2037 2531 2092 Amen.
2566 2038 2759 2093 Lavari
2789 2041 2929 2105 volo,
2960 2024 3020 2096 et
3043 2042 3222 2098 lavare
3247 2043 3389 2098 volo.

1799 2125 1996 2181 Amen.
2027 2125 2211 2180 Gratia
2242 2127 2470 2182 chorum
2494 2127 2662 2183 ducit.
2697 2128 2846 2183 Tibia
2878 2145 3074 2186 canere
3100 2132 3220 2188 volo
3239 2173 3253 2198 ,
3279 2132 3389 2188 salo

1800 2228 1910 2276 tate
1935 2236 2144 2275 omnes.
2171 2220 2366 2276 Amen.
2396 2221 2706 2277 Lamentari
2739 2223 2878 2286 volo,
2909 2223 3146 2294 plangite
3175 2239 3384 2280 omnes.

1796 2309 1990 2374 Amen.
2023 2310 2090 2364 Et
2120 2321 2241 2380 post
2271 2311 2406 2366 alia:
2446 2311 2599 2378 Haec,
2633 2312 2998 2378 dilectissimi,
3036 2314 3262 2368 chorum
3292 2317 3392 2370 du-

1797 2416 1926 2456 cens
1959 2402 2239 2456 nobiscum
2280 2402 2537 2458 Dominus
2562 2403 2769 2458 exivit:
2806 2420 2861 2459 et
2899 2420 2997 2458 nos
3025 2405 3180 2475 quasi
3229 2405 3390 2460 aber-

1799 2503 1981 2549 rantes
2007 2534 2023 2560 ,
2063 2494 2147 2550 vel
2187 2495 2351 2550 etiam
2394 2495 2826 2560 obdormientes,
2863 2497 2961 2550 hac
2993 2496 3220 2565 illacqne
3248 2496 3389 2567 fngi-

1798 2599 1937 2639 mus.
1967 2583 2080 2654 Ego
2112 2599 2242 2654 ergo
2267 2584 2455 2638 videns
2479 2598 2600 2637 eum
2637 2584 2766 2654 pati,
2803 2598 2901 2638 nec
2926 2585 3238 2654 exspectavi
3263 2585 3387 2654 qui-

1800 2675 1920 2727 dem
1951 2673 2257 2743 passionem
2289 2671 2424 2741 ejus,
2454 2673 2548 2728 sed
2586 2673 2692 2744 fugi
2723 2674 2774 2727 in
2817 2683 3052 2728 montem
3084 2674 3384 2740 Olivarum,

1789 2763 2015 2835 plorans
2038 2780 2199 2833 super
2217 2765 2316 2820 hoc
2340 2761 2479 2834 quod
2506 2766 2828 2835 contigerat.
2854 2765 2919 2819 Et
2940 2767 3177 2835 quando,
3206 2766 3379 2833 Tolle,

1798 2855 2155 2919 clamabatur,
2205 2870 2500 2924 suspensus
2544 2864 2630 2910 est
2682 2857 2812 2910 hora
2861 2864 3013 2912 sexta
3061 2857 3252 2911 diurna
3281 2876 3294 2888 ο
3332 2868 3388 2912 et

1800 2945 2035 2999 tenebrae
2063 2959 2225 3014 super
2243 2953 2408 2998 totam
2434 2953 2634 2998 terram
2651 2944 2872 3000 fiebant.
2891 2945 2951 2998 Et
2971 2954 3120 3001 stans
3135 2947 3393 3002 Dominus

1799 3050 1951 3089 meus
2000 3033 2053 3087 in
2095 3033 2273 3088 medio
2312 3033 2610 3102 Speluncae,
2639 3042 2694 3088 et
2725 3033 3032 3088 illuminans
3062 3050 3180 3098 me,
3211 3035 3346 3088 dixit
3375 3053 3388 3088 :

1799 3127 2058 3192 Joannes,
2083 3128 2150 3181 ab
2179 3125 2420 3182 inferiori
2440 3127 2591 3182 turba
2615 3125 3003 3198 Hierosolymis
3016 3126 3320 3195 cruciligor,
3339 3135 3392 3182 et

1719 3208 1762 3268 C
1798 3216 2002 3272 lanceis
2047 3216 2294 3273 stimulor
2337 3225 2392 3272 et
2439 3215 2823 3282 arundinibus;
2878 3225 3032 3272 aceto
3079 3231 3295 3286 quoque
3335 3224 3394 3271 et

1799 3308 1922 3361 felle
1948 3317 2133 3378 potor:
2170 3308 2264 3362 tibi
2297 3315 2477 3362 autem
2505 3305 2726 3376 loquor;
2756 3315 2811 3360 et
2837 3309 2981 3376 quod
3008 3307 3199 3376 loquor
3243 3308 3389 3362 andi.

1799 3399 1910 3470 Ego
1955 3400 2050 3454 tibi
2100 3399 2324 3455 submisi
2365 3407 2425 3453 ut
2471 3399 2795 3455 ascenderes
2835 3399 2888 3452 in
2939 3401 3084 3454 hunc
3124 3411 3389 3464 montem,

1801 3500 2064 3559 quatenus
2095 3491 2282 3544 audias
2311 3505 2429 3560 qua:
2457 3497 2672 3559 oportet
2698 3489 3016 3560 discipulum
3059 3505 3090 3542 a
3127 3491 3385 3559 magistro

1801 3585 2030 3649 discere,
2053 3590 2108 3637 et
2129 3583 2400 3637 hominem
2424 3597 2452 3635 a
2468 3581 2598 3637 Deo.
2614 3581 2679 3635 Et
2694 3581 2778 3636 his
2793 3581 2974 3647 dictis,
3000 3581 3236 3636 ostendit
3256 3581 3389 3636 mihi

1803 3690 2019 3731 crucem
2060 3673 2280 3728 lmninis
2320 3673 2577 3740 inﬁxam,
2627 3682 2682 3726 et
2727 3673 2872 3728 circa
2913 3688 3128 3728 crucem
3171 3675 3392 3732 turbam

1804 3765 2051 3831 multam,
2082 3779 2244 3818 unam
2270 3762 2498 3818 formam
2523 3778 2628 3817 non
2659 3758 2946 3818 habentem
2975 3781 2988 3816 :
3019 3774 3074 3818 et
3103 3759 3156 3818 in
3187 3779 3250 3818 ea
3274 3772 3396 3819 erat

1805 3856 1978 3913 forma
2011 3872 2117 3910 una
2155 3865 2210 3910 et
2245 3855 2381 3910 visio
2417 3854 2628 3910 similis.
2680 3853 2856 3924 Ipsum
2903 3864 3082 3909 autem
3111 3855 3397 3928 Dominum

1806 3967 1967 4022 supra
2001 3965 2219 4006 crucem
2247 3948 2495 4004 videbam
2515 3988 2530 4013 ,
2575 3947 2795 4002 schema
2827 3962 2932 4000 non
2962 3946 3270 4012 habentem,
3302 3947 3399 4002 sed

1806 4041 2095 4111 quamdam
2143 4053 2331 4095 vocem
2381 4036 2792 4093 tantummodo:
2835 4052 3020 4092 vocem
3069 4047 3248 4093 autem
3293 4054 3397 4094 non

1808 4136 1967 4199 hanc,
1997 4149 2118 4204 qua:
2141 4133 2300 4188 nobis
2323 4141 2407 4188 est
2433 4140 2664 4196 assueta,
2691 4131 2785 4186 sed
2811 4132 3102 4200 quamdam
3125 4132 3404 4202 pr0priam

1809 4223 1951 4297 [δι’.9
1973 4222 2292 4296 jucundam]
2319 4232 2373 4277 et
2401 4238 2642 4287 suavem,
2673 4230 2730 4276 et
2762 4237 2948 4277 revera
2982 4222 3100 4287 Dei,
3127 4224 3395 4278 dicentem

1808 4317 1875 4370 ad
1905 4331 2021 4370 me:
2045 4313 2283 4370 Joannes
2301 4354 2316 4380 ,
2333 4330 2499 4369 unum
2523 4322 2738 4385 Oportet
2766 4322 2816 4367 te
2845 4329 2876 4366 a
2909 4327 2994 4367 me
3019 4329 3083 4367 ex
3106 4315 3192 4368 bis
3212 4315 3400 4369 audire

1809 4403 1948 4479 [Gr.,
1981 4422 2144 4461 unum
2175 4421 2264 4475 op.
2294 4421 2323 4460 a
2354 4421 2440 4460 me
2479 4405 2594 4460 hzec
2619 4403 2861 4475 audire];
2895 4404 3056 4458 unius
3093 4405 3236 4459 enim
3270 4420 3401 4475 egeo

1812 4494 1952 4568 [Gr.,
1981 4496 2072 4565 qui
2103 4495 2385 4549 auditurus
2414 4493 2544 4565 sit],
2582 4509 2680 4562 pro
2710 4491 2892 4546 futuro
2917 4501 2971 4547 et
3006 4493 3214 4548 audias.
3246 4493 3399 4560 Quod

125 4583 212 4651 qui
239 4584 539 4639 invitabant
570 4602 582 4637 :
628 4584 770 4638 inter
805 4597 940 4654 quos
969 4591 1023 4637 et
1054 4582 1167 4652 ipse
1193 4581 1492 4650 accipiebat
1517 4595 1702 4634 unum.
1736 4567 1784 4626 D
1810 4567 1942 4642 crux
1982 4585 2202 4640 luminis
2231 4584 2522 4654 aliquando
2550 4582 2767 4652 quidem
2801 4597 2981 4638 sermo
3007 4592 3227 4638 vocetur
3253 4600 3281 4637 a
3313 4598 3400 4638 me

130 4671 289 4729 Porro
341 4690 496 4729 suum
551 4673 914 4738 benedicens,
984 4673 1257 4729 dividebat
1303 4671 1488 4734 nobis;
1537 4679 1594 4725 et
1641 4671 1706 4726 de

127 4765 350 4833 pauxillo
393 4766 768 4836 unusquisque
813 4773 1058 4819 nostrum
1095 4763 1444 4818 saturabatur
1470 4780 1482 4814 :
1513 4775 1707 4830 panes-

131 4869 225 4923 que
263 4855 430 4910 nostri
476 4855 676 4926 integri
724 4855 1206 4918 conservabantur,
1252 4853 1326 4905 ita
1370 4859 1427 4906 ut
1463 4851 1712 4918 obstupe-

131 4955 332 4999 scerent
375 4945 672 4999 invitantcs
704 4958 850 4997 eum.
879 4942 1032 4998 Volui
1063 4952 1239 4997 autem
1277 4955 1419 5009 saepe
1449 4954 1571 4994 cum
1618 4936 1709 4991 illo

131 5035 367 5102 gradiens
393 5036 577 5091 videre
596 5075 612 5100 ,
650 5033 696 5088 si
745 5033 1026 5102 vestigium
1053 5033 1168 5102 ejus
1199 5046 1362 5101 super
1391 5021 1585 5085 terram
1615 5043 1708 5098 pa-

134 5135 284 5180 reret.
319 5126 571 5184 Videbam
600 5127 754 5182 enim
784 5139 907 5179 eum
936 5140 964 5178 a
994 5133 1137 5180 terra
1167 5137 1290 5179 sese
1321 5123 1624 5186 sustollere,
1653 5127 1710 5174 et

135 5237 383 5292 nunquam
414 5223 718 5296 aliquando
748 5219 878 5273 vidi.
911 5220 975 5274 Et
1011 5221 1123 5276 hate
1159 5217 1316 5278 vobis
1342 5220 1516 5276 adhuc
1544 5216 1708 5272 veluti

133 5313 460 5384 exhortando,
513 5317 763 5374 fratres,
817 5309 934 5364 fidei
959 5327 1077 5380 ane
1116 5313 1167 5366 in
1209 5310 1382 5378 ipsum
1423 5321 1506 5367 est
1545 5322 1708 5366 causa

131 5403 314 5481 loquor.
360 5409 634 5483 Magnalia
682 5403 834 5458 enim
881 5402 993 5471 ejus
1029 5416 1081 5460 et
1112 5401 1406 5469 mirabilia,
1444 5420 1566 5460 cum
1603 5401 1710 5456 sint

132 5499 412 5570 ineffabilia,
449 5506 774 5558 taceantur,
807 5491 942 5564 [Cr.,
973 5498 1126 5551 modo
1155 5490 1315 5562 tac.],
1356 5498 1553 5567 quippe
1585 5507 1708 5563 cmn

491 5595 578 5629 ’τι-ἴ
653 5601 843 5630 "00'"!
876 5589 1070 5630 naccinl
1115 5585 1290 5627 ιιηίΙῖνοί
1359 5588 1529 5626 Dnv-rn
1560 5595 1714 5624 σὶηία-

1806 4688 2028 4747 propter
2076 4691 2203 4736 vos.
2257 4675 2548 4744 aliquando
2593 4689 2724 4728 vero
2768 4690 2953 4742 mens,
3012 4678 3172 4730 modo
3218 4685 3401 4731 autem

1809 4766 2078 4831 Christus,
2098 4766 2256 4820 modo
2283 4766 2505 4830 ostium,
2531 4763 2690 4819 modo
2715 4763 2824 4829 via,
2851 4767 3010 4820 modo
3035 4767 3210 4837 panis,
3243 4768 3404 4822 modo

1810 4871 2016 4923 semen,
2047 4857 2209 4912 modo
2243 4857 2600 4921 resurrectio,
2632 4856 2792 4910 modo
2812 4855 2970 4912 Jesus
2989 4897 3004 4923 ,
3036 4857 3194 4912 modo
3219 4867 3402 4927 pater,

1812 4949 1971 5018 modo
1996 4947 2241 5019 spiritus,
2267 4946 2425 5002 modo
2451 4945 2583 5011 vita,
2617 4944 2775 4999 modo
2805 4947 3025 5013 veritas,
3057 4947 3217 5002 modo
3246 4947 3403 5014 fides,

1812 5038 1972 5094 modo
2003 5037 2202 5112 gratia.
3385 5043 3388 5048 ·

1883 5133 2143 5189 Tarasius
2182 5126 2557 5184 sanctissimus
2594 5127 2907 5196 patriarcha
2938 5131 3075 5188 dixit
3104 5149 3116 5184 :
3150 5127 3409 5189 Contem-

1813 5223 2042 5292 plemur,
2103 5221 2232 5291 quia
2286 5227 2394 5274 tota
2460 5219 2788 5287 conscriptio
2839 5223 2958 5282 haec
3013 5225 3288 5281 contraria
3334 5230 3418 5280 est

1817 5315 2126 5389 Evangelia.

1891 5411 2091 5467 Sancta
2121 5403 2358 5476 synodus
2383 5400 2517 5454 dixit
2543 5419 2556 5454 :
2584 5401 2784 5469 Euam,
2813 5404 3038 5467 domine
3069 5425 3083 5463 :
3110 5421 3235 5462 nam
3266 5412 3418 5476 puta-

1819 5501 1984 5556 tivam
2010 5495 2406 5557 humanitatem
2436 5490 2588 5544 dicit.

1893 5591 2152 5636 Τηρηοῖηο
2191 5581 2566 5622 εηηοιῖαοῖηῃια
2599 5583 2908 5621 ηδΙυῖηυι-ὶα
2956 5591 3078 5614 ηιξ-νει
3121 5603 3131 5610 ν
3165 5582 3183 5596 '
