3924 5384
532 388 638 443 350

1679 381 2040 438 ANASTASII
2081 377 2622 439 BIBLIOTHECARII

3683 381 3790 438 360

518 500 713 556 similia
757 497 1244 554 Phantasticorum.
1287 496 1395 553 Sed
1424 498 1474 552 iu
1518 496 1810 566 Evangelio
1837 479 2099 567 scriptum
2132 501 2177 556 Α
2278 496 2476 550 Sancta
2501 495 2738 566 synodus
2769 496 2903 552 dixit
2935 515 2950 552 :
2978 496 3312 553 Anathema!

518 600 601 646 est
633 591 698 646 de
723 589 960 653 Christo,
987 591 1110 658 quia
1133 597 1186 644 et
1210 590 1553 646 manducavit
1580 598 1634 643 et
1658 587 1823 654 bibit;
1856 597 1910 642 et
1931 587 2099 643 Judaei

519 683 586 735 dc
615 682 730 750 ipso
763 681 1016 736 dicebant
1047 697 1061 734 :
1107 679 1241 734 Ecce
1288 680 1442 734 homo
1480 696 1640 733 roma:
1676 688 1725 732 et
1770 680 1874 732 vini
1898 690 2106 748 potator

520 771 734 842 (Matth.
766 773 864 840 xl).
906 771 974 825 Et
1000 770 1068 832 si,
1108 778 1166 823 ut
1193 767 1434 823 fabulose
1472 768 1682 822 mentiti
1727 778 1874 832 sunt,
1905 779 2102 822 terram

520 879 626 918 non
663 863 931 937 calcahat,
981 861 1252 932 quomodo
1290 861 1550 928 scriptum
1578 868 1662 914 est
1699 860 1750 914 in
1779 859 2102 928 Evangeliis,

519 955 662 1024 quod
693 951 849 1009 Jesus
883 951 1141 1024 fatigatus
1160 965 1228 1006 ex
1271 950 1468 1006 itinere
1515 949 1658 1006 sedit
1691 950 1836 1005 circa
1884 957 2103 1006 outeum

484 1028 489 1034 ’
522 1045 702 1115 (Joan.
728 1043 840 1115 tv)?

497 1197 502 1201 η
594 1133 982 1188 Constantinus
1030 1132 1314 1204 episcopus
1358 1130 1689 1187 Constantize
1717 1130 1880 1202 Cypri
1925 1131 2106 1186 dixit:

527 1221 630 1278 Hic
651 1224 786 1279 liber
809 1233 889 1278 est
916 1224 1006 1294 qui
1031 1223 1312 1278 constituit
1336 1222 1801 1294 pseudosyllogum
1826 1223 1974 1277 illud.

597 1313 856 1371 Tarasius
909 1315 1284 1371 sanctissimus
1332 1314 1646 1384 patriarcha
1709 1314 1847 1370 dixit
1901 1333 1914 1369 :
1975 1313 2104 1370 Risu

490 1390 495 1394 ’
526 1405 686 1477 digna
720 1415 844 1460 sunt
869 1407 1001 1460 haec.
1358 1388 1365 1396 ’

597 1498 914 1553 Theodorus
944 1491 1064 1552 Deo
1087 1497 1336 1553 amabilis
1363 1498 1649 1568 episcopus
1678 1497 1896 1553 Catanae
1925 1497 2060 1552 dixit
2091 1515 2104 1551 :

413 1643 426 1657 ,
524 1588 666 1644 Ecce
720 1589 855 1643 liber
903 1590 995 1660 qui
1041 1589 1311 1645 destruxit
1361 1597 1702 1645 venustatem
1755 1598 1957 1644 sanctae
2011 1587 2107 1645 Dei

526 1679 804 1736 Ecclesim.

600 1772 921 1844 Euthymius
950 1773 1323 1829 sanctissimus
1350 1774 1633 1844 episcopus
1655 1771 1906 1827 Sardium
1933 1772 2105 1825 dixit:

2275 583 2538 641 Petronas
2588 587 3154 657 magnificentissimis
3194 589 3458 658 patricius
3502 589 3637 643 dixit
3676 608 3690 642 :
3733 589 3791 645 Si

2197 676 2376 745 jubes,
2402 677 2641 741 domine,
2669 679 3064 746 interrogemus
3089 679 3461 733 Amoricnsem
3493 687 3549 733 et
3576 677 3793 733 N6062-

2205 769 2502 822 sariensem
2530 769 2832 839 episcopos,
2863 769 2908 824 si
2942 768 3064 824 lecti
3089 777 3212 824 sunt
3243 770 3364 825 libri
3399 769 3452 823 in
3475 769 3795 840 pseudosyl-

2204 858 2324 928 logo
2351 859 2459 912 illo.

2274 947 2568 1019 Gregorius
2593 947 2943 1004 Neocesariae
2969 965 3033 1006 ac
3055 950 3373 1006 Theodorus
3397 950 3608 1004 Amorii
3633 951 3797 1005 inter-

2205 1039 2380 1109 rogati
2417 1037 2670 1093 dixerunt
2701 1056 2714 1092 :
2748 1039 2824 1093 Ne
2858 1040 3040 1094 Deus:
3071 1040 3179 1096 illic
3217 1041 3353 1096 liber
3383 1055 3491 1095 non
3520 1040 3794 1111 apparuit.

2204 1129 2296 1185 sed
2323 1145 2419 1199 per
2449 1129 2582 1184 falsa
2619 1131 2841 1200 pittacia
2871 1132 3209 1202 decipiebant
3238 1149 3358 1189 nos.

2275 1221 2539 1276 Tarasius
2577 1215 2956 1279 sanctissimus
2996 1226 3305 1294 patriarcha
3337 1226 3476 1281 dixit
3510 1243 3525 1279 :
3569 1223 3799 1296 Proprie

2206 1311 2387 1366 animo
2413 1312 2554 1368 suasi
2587 1324 2949 1384 exposuerunt
2971 1332 3090 1385 qua:
3117 1315 3428 1371 voluerunt.

2277 1404 2540 1460 Petronas
2585 1406 3156 1477 magnificentissimus
3183 1407 3443 1477 patricius
3481 1405 3663 1460 dixit:
3693 1403 3799 1461 Sed

2207 1507 2262 1553 et
2287 1514 2383 1567 per
2412 1499 2688 1568 imperiale
2713 1498 3029 1570 suffragium
3057 1509 3252 1556 cuncta
3283 1499 3583 1555 faciebant.

2279 1590 2571 1662 Gregorius
2596 1592 2882 1662 episcopus
2904 1591 3256 1648 Neoczcsaria:
3286 1593 3420 1648 dixit
3448 1611 3462 1647 :
3493 1593 3675 1663 Saepe,
3703 1596 3798 1648 do-

2208 1684 2374 1748 mine,
2424 1686 2554 1750 dixi,
2605 1697 2660 1741 et
2713 1688 2907 1742 iterum
2952 1689 3102 1752 dico,
3156 1688 3279 1758 quia
3333 1687 3474 1743 liber
3518 1689 3573 1742 in
3623 1689 3802 1743 medio

2213 1784 2458 1829 nostrum
2491 1784 2582 1830 aut
2607 1777 2938 1846 conscriptio
2979 1787 3199 1848 paterna
3244 1793 3348 1832 non
3384 1777 3662 1847 apparuit,
3696 1778 3797 1832 nisi

527 1861 764 1918 Decehat
812 1863 1247 1918 conventiculum
1298 1863 1427 1918 illud
1475 1864 1678 1918 habere
1712 1861 1907 1916 librum
1943 1862 2103 1915 istum
2137 1857 2180 1917 Β
2210 1865 2297 1920 illa
2324 1865 2454 1920 falsa
2481 1868 2699 1936 pittacia
2724 1868 3040 1923 deferebant
3071 1888 3082 1921 :
3115 1869 3241 1924 illud
3269 1878 3450 1924 autem
3475 1866 3809 1938 Lycomedis

531 1955 584 2009 in
616 1955 1004 2010 testimonium.

503 2119 508 2122 _
601 2043 991 2099 Constantinus
1016 2044 1304 2115 episcopus
1323 2043 1653 2101 Constantia
1675 2044 1834 2117 Cypri
1859 2044 1996 2099 dixit
2027 2062 2041 2098 :
2069 2043 2114 2100 Ο

532 2133 941 2204 blasphemiam,
968 2151 1087 2205 quae
1116 2136 1202 2189 hic
1230 2133 1491 2190 Joannem
1519 2135 1817 2206 apostolum
1850 2134 1902 2189 in
1934 2144 2114 2190 monte

535 2226 810 2281 Olivarum
834 2227 964 2282 dicit
992 2225 1190 2298 fugisse
1221 2227 1272 2280 in
1305 2227 1614 2297 speluncam
1648 2235 1887 2295 tempore
1914 2226 2110 2281 crucis.

533 2319 900 2389 Evangelium.
930 2329 1110 2373 autem
1142 2327 1390 2382 testatur,
1437 2319 1562 2388 quia
1601 2317 1843 2372 introivit
1889 2331 2008 2371 cum
2050 2332 2115 2369 eo

535 2409 588 2464 in
619 2412 815 2464 atrium
845 2409 1082 2479 Caiphae,
1112 2419 1166 2464 et
1193 2411 1316 2479 quia
1345 2410 1558 2464 astabat
1583 2410 1731 2464 cruci
1761 2409 1964 2464 Christi
1993 2424 2116 2462 cum

535 2513 718 2557 sancta
748 2490 916 2556 Matre
942 2500 1078 2569 ejus.

608 2595 806 2649 Sancta
838 2594 1076 2664 synodus
1101 2592 1236 2648 dixit
1264 2610 1277 2646 :
1311 2591 1499 2648 Omnis
1523 2590 1745 2646 haeresis
1768 2590 1820 2644 in
1855 2590 1957 2644 hoc
1983 2589 2118 2643 libro

536 2687 754 2758 pendet.
1573 2742 1576 2744 γ

525 2843 528 2848 _
607 2775 866 2829 Tarasius
891 2773 1268 2830 sanctissimus
1289 2769 1593 2841 patriarcha
1620 2769 1754 2823 dixit
1781 2789 1792 2822 :
1818 2768 1956 2833 lien,
1979 2768 2114 2822 heu!

537 2869 775 2939 qualium
822 2867 1204 2922 haereticorum
1243 2864 1398 2918 libris
1441 2862 1688 2918 lueresim
1730 2877 1884 2916 suam
1921 2860 2121 2916 consti-

539 2969 696 3016 tuunt
724 2963 737 3014 !

608 3051 906 3122 Gregorius
939 3047 1224 3117 cpiscopus
1245 3043 1598 3099 Neocmsaria:
1625 3042 1762 3097 dixit
1790 3058 1802 3093 :
1836 3039 1933 3094 llic
1953 3039 2121 3094 codex

539 3142 686 3198 omni
750 3139 1072 3208 contagione
1127 3152 1192 3190 ac
1242 3135 1594 3190 dehonestate
1647 3138 1733 3185 cst
1777 3129 1992 3200 dignus.
2056 3129 2121 3180 Et

2213 1965 2267 2010 et
2293 1957 2506 2011 auditus
2533 1967 2747 2012 nostros
2781 1959 3191 2014 contaminavit.

2283 2043 2520 2101 Joannes
2569 2047 3053 2102 reverendissimus
3108 2048 3404 2104 monachus
3450 2056 3510 2103 et
3563 2045 3802 2102 vicarius

2213 2134 2568 2192 Orientalium
2608 2139 2920 2208 pontificum
2965 2139 3136 2200 dixit:
3169 2139 3224 2195 Si
3271 2139 3446 2209 placet
3487 2149 3696 2194 saneta:
3744 2156 3802 2195 ac

2217 2225 2504 2281 universali
2554 2226 2678 2282 huic
2721 2233 2928 2298 synodo
2979 2228 3073 2282 fiat
3120 2229 3407 2296 sententia,
3453 2245 3522 2286 ne
3574 2231 3804 2287 ulterius

2203 2304 2459 2372 scribant
2479 2317 2643 2387 aliqui
2673 2319 2950 2372 sordidum
2976 2319 3136 2373 istum
3165 2319 3383 2373 librum.

2292 2413 2488 2466 Sancta
2517 2417 2754 2483 synodus
2785 2414 2921 2468 dixit
2953 2429 2966 2468 :
2999 2414 3166 2468 Nemo
3188 2415 3392 2471 scribat
3433 2433 3447 2469 :
3489 2431 3598 2470 non
3629 2415 3800 2471 solum

2218 2503 2343 2564 hoc.
2360 2505 2453 2558 sed
2477 2505 2582 2576 igni
2601 2521 2724 2558 eum
2750 2506 2967 2576 dignum
2985 2506 3292 2576 judicamus
3317 2505 3433 2562 fore
3459 2508 3800 2564 tradendum.

2288 2593 2482 2649 Petrus
2506 2595 2986 2651 reverendissimus
3014 2595 3182 2652 lector
3205 2613 3218 2651 :

2222 2746 2405 2801 Sancti
2449 2745 2794 2814 Amphilochii
2831 2747 3056 2815 episcopi
3104 2746 3276 2801 Iconii
3313 2746 3506 2807 librum
3549 2749 3617 2801 de
3661 2747 3803 2817 falsis

2261 2818 2780 2888 superscriplionibus
2804 2817 3185 2879 Itwreticorum,
3214 2819 3362 2887 cujus
3401 2818 3619 2872 initium
3660 2829 3728 2870 est
3755 2833 3768 2867 :

2289 2950 2497 3005 Justum
2539 2958 2716 3004 autem
2745 2950 2990 3004 arbitrati
3023 2965 3207 3004 sumus
3237 2967 3452 3006 omnem
3483 2967 3681 3006 eorum
3717 2953 3804 3005 dc-

2221 3041 2425 3094 nudare
2453 3040 2802 3108 impietatem,
2833 3050 2885 3091 et
2920 3039 3194 3109 publicare
3230 3049 3504 3108 patentem
3541 3054 3804 3102 errorem,

2225 3133 2476 3200 quoniam
2525 3139 2579 3185 et
2629 3129 2793 3184 libros
2838 3131 3097 3199 quosdam
3141 3141 3446 3202 proponunt
3507 3132 3806 3201 superscri-

521 3235 882 3305 .protulerunt
906 3247 972 3288 ex
1002 3246 1066 3285 co
1092 3227 1456 3284 testimonium
1479 3233 1668 3279 contra
1696 3221 1976 3293 imagines,
2002 3235 2120 3289 qua:
2149 3209 2191 3268 C
2219 3224 2440 3302 ~ptiones
2469 3223 2728 3278 habentes
2757 3223 3142 3291 apostolorum,
3173 3239 3268 3291 per
3289 3238 3426 3292 quos
3453 3222 3809 3292 simpliciores

540 3334 669 3384 sunt
699 3327 766 3379 de
794 3321 1098 3394 Lycomede
1129 3317 1454 3387 conscripta.

612 3419 850 3475 Joannes
902 3413 1388 3472 reverendissimus
1433 3421 1732 3462 monachus
1785 3411 1841 3458 et
1889 3401 2122 3456 vicarius

541 3512 899 3570 Orientalium
932 3506 1384 3580 patriarcharum,
1425 3500 1560 3555 dixit
1590 3515 1602 3552 :
1635 3497 1842 3552 inducit
1871 3495 2123 3567 Lycome-

542 3604 665 3659 dem
689 3609 1044 3658 coronantem
1072 3595 1363 3666 imaginem
1391 3589 1641 3661 apostoli,
1669 3586 2122 3658 quemadmodum

543 3692 739 3766 pagani
763 3691 925 3747 idola.

617 3762 848 3837 Basilius
897 3778 1182 3848 cpiscopus
1227 3773 1456 3843 Ancyra:
1503 3769 1640 3825 dixit
1691 3785 1703 3822 :
1750 3765 1942 3828 Absit.
1983 3762 2125 3833 quod

546 3881 767 3930 sanctus
791 3870 1026 3927 Joannes
1056 3865 1338 3934 deiloquus
1369 3871 1556 3918 contra
1582 3859 1931 3930 Evangelium
1970 3871 2124 3911 suum

545 3963 738 4018 effatus
767 3961 852 4018 sit.

621 4052 878 4111 Tarasius
917 4048 1292 4108 sanctissimus
1333 4043 1642 4117 patriarcha
1679 4041 1813 4096 dixit
1864 4057 1877 4094 :
1927 4038 2129 4095 Sensus

547 4147 640 4218 qui
674 4145 908 4216 pnclccti
933 4153 1075 4208 sunt,
1103 4141 1374 4212 Evangelii
1406 4139 1564 4194 sunt?

624 4241 826 4296 Sancta
869 4237 1107 4310 synodus
1152 4236 1292 4292 dixit
1337 4252 1350 4289 :
1393 4234 1594 4288 Absit:
1627 4245 1802 4300 neque
1842 4243 1959 4298 qum
1989 4241 2127 4297 prte-

550 4333 691 4390 lecta
717 4341 842 4388 sunt
865 4331 1210 4401 suscipimus,
1242 4340 1415 4396 neque
1441 4324 1627 4378 ultima
1662 4319 2000 4392 Lycomedis.

623 4425 886 4481 Tarasius
907 4420 1280 4478 sanctissimus
1300 4415 1611 4489 patriarcha
1635 4413 1768 4468 dixit
1796 4427 1812 4466 :
1839 4410 1938 4479 Qui
1963 4409 2132 4465 susci-

551 4519 632 4589 pit
675 4514 910 4571 secunda
939 4528 1057 4584 qua:
1084 4512 1150 4567 de
1182 4507 1484 4582 Lycomede
1513 4514 1660 4570 sunt,
1705 4503 1931 4574 suscipit
1965 4501 2129 4556 etiam

537 4568 830 4680 etprima,
858 4568 1308 4675 quemadmodum
1333 4610 1387 4656 et
1413 4568 1880 4671 pseudosyllogum
1909 4593 2056 4650 illud.
2157 4568 2208 4628 D

623 4701 824 4754 Sancta
856 4698 1094 4767 synodus
1124 4693 1259 4750 dixit
1291 4709 1306 4748 :
1338 4691 1643 4747 Anathema
1679 4689 1756 4744 illi
1782 4705 1810 4743 a
1845 4687 2018 4759 prima
2044 4686 2129 4742 lito

555 4801 668 4846 tera
700 4803 870 4858 usque
897 4783 964 4842 ad
995 4785 1364 4840 novissimam.
2147 4769 2159 4780 ”

621 4883 859 4953 Joannes
912 4877 1394 4936 reverendissimus
1442 4871 1740 4928 monaclms
1787 4880 1843 4927 et
1891 4869 2131 4925 vicarius

554 4975 909 5031 Orientalium
933 4969 1382 5041 patriarcharum,
1397 4966 1562 5021 dixit:
1580 4965 1736 5030 Ecce,
1760 4963 1902 5018 beati
1917 4961 2128 5025 Patres.

557 5065 758 5134 liquido
787 5064 1210 5118 demonstratum
1234 5065 1318 5112 est
1366 5056 1492 5125 quia
1519 5053 1776 5126 praesules
1797 5051 2134 5107 Christianos

2225 3329 2466 3384 quosque
2505 3313 2796 3380 decipiunt.
2830 3310 2946 3383 [Cn
2977 3313 3102 3366 add.
3136 3312 3201 3366 Et
3227 3312 3382 3381 paulo
3411 3325 3539 3382 post
3574 3330 3588 3365 :
3621 3311 3810 3367 Osten-

2227 3407 2414 3464 demus
2443 3407 2587 3461 enim
2612 3406 2708 3460 hos
2737 3407 2923 3472 libros,
2962 3422 3096 3476 quos
3131 3406 3284 3462 nobis
3321 3407 3354 3460 ii
3394 3405 3684 3476 proferunt
3727 3406 3810 3474 qui

2227 3499 2294 3553 ab
2326 3499 2564 3554 Ecclesia
2592 3499 2952 3563 desciverunt,
2985 3513 3089 3572 non
3120 3498 3483 3568 apostolorum
3517 3509 3642 3553 acta
3674 3514 3808 3560 esse,

2227 3589 2321 3642 sed
2347 3589 2645 3642 daemonum
2687 3587 2934 3660 scripta.]
2978 3588 3043 3663 Et
3074 3598 3194 3657 post
3232 3588 3334 3641 alia
3377 3602 3391 3641 :
3425 3587 3554 3643 llzec
3598 3589 3814 3657 quidem

2227 3680 2463 3761 Joannes
2511 3681 2784 3752 apostolus
2833 3698 3167 3752 nequaquam
3213 3683 3416 3737 diceret
3465 3683 3715 3738 scribens
3764 3684 3813 3734 in

2229 3775 2538 3844 Evangelio,
2566 3777 2691 3845 quia
2721 3776 2978 3830 Dominus
3007 3776 3058 3830 iu
3085 3792 3244 3831 cruce
3274 3777 3404 3830 dicit
3441 3794 3453 3829 :
3497 3775 3636 3829 Ecce
3673 3777 3813 3844 ﬁlius

2229 3855 2349 3921 tuus
2383 3867 2561 3938 (Joan.
2589 3867 2700 3937 xtx)
2733 3885 2745 3920 :
2779 3867 2849 3921 ita
2884 3876 2992 3921 uta
3025 3866 3110 3920 die
3141 3867 3229 3920 illa
3260 3867 3560 3935 susciperet
3582 3864 3815 3919 Joannes

2225 3957 2449 4012 Mariam
2474 3959 2526 4012 in
2549 3973 2664 4013 sua.
2689 3958 2966 4026 Quomodo
2991 3973 3120 4028 ergo
3147 3958 3233 4013 hic
3259 3958 3387 4013 dicit
3417 3974 3521 4012 non
3546 3956 3815 4012 adfuisse?

2230 4047 2324 4102 sed
2369 4047 2503 4101 nihil
2547 4058 2866 4103 extraneum
2903 4064 2917 4102 :
2948 4050 3085 4104 sicut
3141 4049 3283 4104 enim
3315 4049 3575 4104 Dominus
3615 4049 3814 4102 veritas

2229 4147 2314 4194 est
2343 4139 2525 4210 (Joan.
2550 4140 2685 4211 xw),
2713 4140 2785 4194 ita
2813 4139 3057 4195 diabolus
3085 4139 3312 4194 mendax
3341 4149 3425 4194 cst
3455 4139 3642 4208 (Joan.
3676 4141 3812 4205 vui).

2230 4229 2322 4284 ille
2345 4229 2490 4284 enim
2523 4229 2750 4284 mendax
2777 4238 2862 4285 est
2896 4238 2950 4285 et
2974 4238 3130 4299 pater
3162 4229 3277 4297 ejus
3305 4248 3315 4282 :
3345 4239 3547 4284 etcum
3580 4228 3816 4297 loquitur

2232 4321 2594 4386 mendacium,
2643 4335 2708 4376 ex
2751 4335 2850 4376 suo
2895 4319 3151 4390 loquitur.
3189 4319 3295 4375 Sed
3344 4320 3459 4374 lucc
3490 4319 3706 4388 quidem
3751 4319 3815 4372 de

2231 4411 2534 4467 mendacio.

2305 4503 2561 4560 Tarasius
2608 4504 2978 4560 sanctissimus
3040 4503 3346 4573 patriarcha
3407 4502 3545 4557 dixit
3593 4499 3815 4572 :Pater

2235 4606 2418 4653 noster
2445 4607 2663 4653 sanctus
2704 4596 3110 4667 Amphilochius
3151 4610 3376 4664 magnus
3404 4602 3512 4657 est,
3544 4601 3601 4648 et
3632 4593 3815 4646 audia-

2235 4703 2357 4745 mus
2383 4688 2522 4758 quid,
2557 4689 2703 4743 dicat
2743 4687 2811 4741 de
2848 4686 3164 4741 circuitibus
3195 4685 3277 4740 his
3307 4686 3397 4755 qui
3433 4683 3550 4739 falsi
3586 4684 3816 4739 nominis

2235 4790 2362 4836 sunt
2395 4789 2660 4850 :-propter
2706 4778 2849 4849 quod
2898 4792 3002 4832 non
3050 4792 3150 4832 nos
3193 4785 3405 4847 Oportet
3453 4790 3648 4846 parere
3695 4777 3816 4828 sub-

2235 4872 2515 4944 scriptioni
2572 4868 2714 4944 [ϐυ-η
2768 4869 3104 4940 inscriptioni
3134 4909 3150 4936 ,
3211 4865 3680 4939 superscriptioni]
3737 4867 3812 4934 ip-

2235 4979 2436 5023 sorum.

2309 5057 2538 5112 Basilius
2587 5055 2960 5111 sanctissimus
3008 5053 3288 5122 episcopus
3335 5049 3566 5121 Ancyra:
3622 5049 3755 5103 dixit
3799 5062 3811 5098 :

2349 5149 2379 5154 --
2536 5148 2568 5162 ..
3008 5147 3020 5157 -
3133 5145 3172 5158 ν’
3349 5141 3420 5177 lin
3469 5157 3635 5190 mmm
3661 5140 3814 5197 impia
