3980 6296
155 365 246 422 561
865 355 1418 415 INTERPRETATIO
1457 355 1706 413 SYNODI
1750 355 1833 414 Vll
1873 355 2280 412 GENERALIS.
2325 387 2393 397 —
2430 356 2634 414 ACTIO
2673 360 2733 412 ν.

3313 359 3426 424 sua

155 479 230 534 xit
259 495 272 530 :
297 476 614 548 Oportebat,
639 473 876 539 domine,
906 475 1011 529 hoc
1039 473 1141 543 legi
1187 473 1254 527 ad
1297 470 1726 527 satisfactionem
1758 473 1805 532 Α
1903 467 2160 525 Tarasius
2196 471 2571 542 sanctissimus
2600 471 2910 542 patriarcha
2951 471 3088 528 dixit
3118 491 3131 528 :
3170 474 3425 534 Conscri-

152 568 409 629 omnium.
439 575 496 622 et
517 581 622 620 non
646 564 808 630 illud;
836 562 1024 636 polluit
1053 565 1198 620 enim
1235 579 1396 619 aures
1425 573 1660 618 nostras.

221 660 420 714 Sancta
486 659 726 729 synodus
777 657 960 712 dixit:
998 657 1105 712 Sed
1157 657 1226 711 ad
1277 655 1545 712 cautelam
1599 656 1736 711 bene

155 751 347 808 factum
378 760 482 815 est,
508 750 652 819 quod
682 748 878 803 lectum
906 758 1010 804 est.
1107 765 1110 768 λ

221 843 474 898 Tarasius
496 842 870 898 sanctissimus
893 841 1201 912 patriarcha
1231 841 1368 896 dixit
1399 859 1411 894 :
1445 838 1734 896 Eusebium

153 935 443 990 attulerunt
474 937 524 988 in
557 935 944 999 testimonium,
978 934 1068 1003 qui
1116 935 1375 989 adversus
1401 931 1738 987 venerabiles

154 1028 416 1098 imagines
441 1027 784 1098 gari-ierunt,
813 1026 867 1080 in
900 1023 1127 1097 epistola
1159 1026 1276 1097 ejus
1307 1040 1468 1095 quam
1502 1024 1568 1079 ad
1597 1023 1737 1079 Con-

153 1120 403 1175 stantiam
458 1119 648 1174 Licinii
695 1133 919 1173 uxorem
969 1118 1208 1188 scripsit.
1269 1116 1378 1172 Sed
1432 1115 1734 1181 videamus,

149 1212 301 1282 cuius
329 1213 595 1284 dogmatis
625 1212 697 1266 sit
723 1211 1007 1266 Eusebius.

219 1301 524 1371 Stephanus
551 1299 1038 1356 reverendissimus
1068 1299 1367 1354 monachus
1399 1299 1532 1368 legit
1577 1313 1592 1353 :

149 1449 407 1506 Octavum
451 1449 667 1506 Eusebii
696 1449 1179 1535 Pamphililibrmn
1201 1452 1272 1506 ad
1299 1452 1734 1522 Eriphi-etiamm,

677 1538 828 1592 cujus
867 1534 1074 1578 tinuum
1103 1534 1218 1578 est:

219 1654 450 1708 Donrino
489 1669 609 1709 meo
633 1669 731 1724 per
753 1657 932 1712 omnia
983 1666 1266 1712 contueor.
1324 1657 1390 1712 Et
1441 1665 1562 1727 post
1609 1657 1734 1712 alia.

152 1742 263 1799 Non
290 1743 436 1798 enim
461 1744 762 1799 cocxisterc
790 1745 986 1800 Filium
1036 1747 1206 1811 Patri,
1258 1749 1352 1802 sed
1401 1759 1527 1804 ante
1574 1749 1740 1805 fuisse

1838 569 1928 632 pta
1967 561 2082 630 ejus
2106 561 2408 633 abjicimus.

1909 649 2108 708 Sancta
2141 653 2382 724 synodus
2419 654 2558 710 dixit
2589 673 2602 710 :
2645 655 2712 712 Et
2759 655 3073 727 obiicimus,
3101 667 3155 714 et
3198 660 3425 716 anathe-

1839 745 2185 802 matizamus.

1908 835 2220 908 Stephanus
2256 839 2740 896 reverendissimus
2778 841 3076 898 monachus
3103 842 3234 916 legit
3269 863 3281 898 :

1841 950 2104 1018 Antipatri
2125 951 2352 1020 episcopi
2375 949 2576 1006 Bostra.’
2597 953 3034 1010 contradictiones
3058 956 3112 1008 in
3143 953 3428 1012 Eusebium

1909 1023 2205 1091 episcopum
2229 1020 2476 1105 {laeserim
2505 1039 2598 1091 pro
2625 1022 2868 1094 Origenis
2911 1026 3230 1095 defensione,
3257 1045 3434 1106 sermo

1908 1093 2129 1160 primus,
2159 1093 2311 1162 cujus
2332 1093 2542 1146 initium
2565 1103 2640 1148 est
2673 1110 2691 1148 :

1909 1181 2022 1252 Ego
2051 1184 2266 1251 quidem
2295 1181 2623 1239 sullicienter
2642 1184 2978 1241 aestimabam
3011 1203 3096 1243 me
3124 1188 3430 1259 scripsisse,

1840 1281 1895 1327 et
1926 1272 2010 1327 his
2038 1287 2160 1342 qua:
2188 1289 2218 1327 a
2245 1283 2333 1327 tua
2365 1274 2655 1329 sanctitate
2699 1275 2852 1344 jussa
2901 1289 3045 1342 sunt,
3077 1279 3430 1346 satisfecisse,

1839 1379 1936 1435 per
1954 1365 2133 1419 omnia
2167 1363 2276 1419 Deo
2301 1362 2548 1420 amabilis
2595 1372 2653 1418 et
2698 1367 3039 1423 sanctissime
3068 1369 3229 1425 Pater
3266 1370 3430 1428 Joan-

1843 1470 1958 1510 nes.
1986 1455 2050 1509 Et
2071 1464 2190 1525 post
2215 1471 2386 1526 pauca
2418 1473 2430 1508 :
2460 1455 2725 1522 Quoniam
2749 1457 2950 1513 nudtus
2967 1460 3026 1513 in
3059 1461 3300 1517 historiis
3335 1463 3435 1518 fuit

1841 1549 1946 1612 vir,
1973 1548 2154 1601 omnia
2189 1549 2534 1616 antiquorum
2571 1549 2838 1604 volmnina
2872 1560 2928 1605 et
2952 1553 3257 1624 conscripta
3283 1570 3434 1610 scru—

1845 1650 1989 1696 tatus
2035 1650 2200 1711 atque
2251 1641 2498 1704 rimatus,
2544 1649 2599 1696 et
2655 1653 2879 1698 cunctas
2931 1643 3102 1698 ferme
3155 1645 3435 1716 opiniones

1843 1748 2144 1803 exponens,
2174 1745 2230 1790 et
2260 1735 2491 1805 plurima
2543 1741 2851 1810 conscripta
2891 1739 2944 1795 in
2975 1741 3173 1797 steculo
3202 1741 3436 1797 derelino

153 1833 364 1890 pauc“,
424 1852 586 1905 quam
639 1835 833 1891 Filium
884 1837 1136 1893 dic-Imus.
1181 1839 1321 1910 Ergo
1378 1840 1422 1894 si
1481 1839 1631 1911 [nam
1667 1841 1736 1913 δη
1773 1846 1812 1903 η
1842 1842 2035 1894 quens,
2065 1845 2296 1899 quorum
2325 1831 2580 1886 nonmdla
2607 1835 2757 1888 omni
2783 1835 3098 1906 receptione
3121 1836 3279 1908 digna
3309 1852 3436 1892 con-

153 1928 481 1993 coexistnnt,
509 1929 782 1998 quomodo
808 1943 928 1985 erat
967 1929 1132 1986 Pater
1164 1931 1343 1997 Pater,
1367 1941 1421 1988 et
1451 1932 1619 1989 Filius
1649 1933 1740 1990 Fi-

155 2018 288 2073 lius?
338 2018 421 2074 vel
449 2021 722 2090 quomodo
745 2035 884 2076 unus
910 2022 1128 2092 quidem
1175 2025 1400 2094 primus,
1434 2026 1570 2080 alter
1616 2041 1745 2082 vero

153 2111 419 2166 secundus
448 2111 568 2166 est?
598 2121 651 2166 et
677 2111 814 2168 alter
841 2113 1060 2184 quidem
1094 2114 1384 2184 ingenitus,
1407 2117 1545 2172 alter
1563 2129 1742 2174 autem

153 2203 398 2272 genitus?
428 2203 548 2258 Duo
577 2204 773 2276 quippe
819 2205 862 2260 si
913 2221 978 2260 ex
1021 2222 1176 2278 inquo
1217 2208 1468 2263 similiter
1515 2210 1744 2268 invicem

153 2297 476 2363 consistunt,
497 2306 550 2352 et
584 2299 859 2369 aequaliter
888 2299 1248 2370 honorantur,
1294 2303 1516 2374 intelligi
1563 2306 1744 2372 datur,

154 2400 239 2444 aut
267 2400 552 2468 utrosque,
583 2401 642 2445 ut
672 2392 800 2456 dixi,
830 2393 1121 2465 ingenitus,
1153 2405 1247 2451 aut
1291 2406 1552 2468 utrosque
1593 2399 1745 2470 geni—

154 2491 233 2535 tos
253 2495 398 2536 esse.
432 2465 540 2536 Sed
572 2493 820 2538 neutrum
849 2500 1034 2540 eorum
1074 2503 1262 2542 verum
1313 2504 1435 2544 esse
1478 2491 1746 2563 dignosci-

153 2585 256 2638 tur,
283 2589 462 2643 neque
485 2575 624 2629 enim
647 2575 964 2647 ingenitum,
990 2595 1162 2650 neque
1181 2582 1426 2652 genitum
1457 2593 1745 2656 utrumque

150 2665 398 2719 consistit
429 2684 441 2718 :
470 2667 561 2720 sed
609 2663 754 2737 [Cr.,
784 2684 956 2737 neque
985 2670 1128 2724 enim
1157 2683 1337 2726 essent
1369 2673 1663 2745 ingenitum
1687 2682 1744 2732 et

151 2758 391 2827 genitum
436 2775 449 2810 :
484 2756 599 2830 sed]
634 2775 799 2814 unum
827 2761 1046 2830 quidem
1079 2764 1310 2833 primum
1338 2774 1391 2820 et
1417 2766 1591 2836 majus
1636 2778 1742 2838 est,

151 2858 312 2917 atque
332 2849 526 2904 ordine
559 2859 613 2904 et
644 2851 847 2907 honore
892 2855 1186 2909 secundum
1231 2859 1504 2926 prmcedit,
1545 2860 1619 2915 ita
1661 2877 1746 2918 se-

146 2939 328 2994 cundo
355 2949 414 2994 ut
438 2957 602 2995 causa
636 2941 695 2995 Iit
724 2953 777 2997 et
806 2945 1070 3001 cxistendi
1114 2945 1259 3019 [Gr.,
1294 2959 1480 3020 utpote
1507 2953 1745 3010 secundo

151 3044 316 3084 causa
349 3039 405 3084 et
442 3030 630 3104 exist.]
663 3043 716 3087 et
742 3033 1116 3102 hujuscemodi
1144 3040 1432 3094 existcndi.

219 3118 483 3177 Tarasius
505 3125 877 3183 sanctissimus
904 3129 1208 3198 patriarcha
1234 3133 1612 3206 interrogando
1626 3137 1745 3208 qui-

149 3215 379 3268 busdam
409 3215 550 3270 dixit
576 3231 589 3269 :
623 3215 963 3288 Suscipimus
993 3220 1175 3277 hunc?

213 3303 427 3360 Sancta
475 3307 712 3374 synodus
757 3310 891 3365 dixit
921 3324 938 3366 :
967 3309 1144 3378 Absit,
1188 3313 1424 3370 domine.
1458 3315 1562 3372 Iste
1593 3317 1743 3388 plas-

152 3411 312 3466 quam
349 3396 425 3450 illi
457 3398 582 3453 odio
605 3399 891 3456 habeatur.

217 3487 458 3542 Basilius
513 3490 890 3548 sanctissimus
938 3495 1225 3566 episcopus
1269 3499 1498 3570 Ancyra:
1544 3501 1680 3555 dixit
1727 3521 1741 3557 :

154 3578 308 3633 Absit
337 3578 766 3638 ut'Cbristianus
789 3584 952 3640 homo
981 3587 1145 3642 dicat.
1198 3589 1263 3644 Et
1309 3590 1507 3646 lectum
1552 3604 1637 3648 est
1677 3609 1745 3649 ex

152 3672 342 3724 eadem
375 3673 626 3742 epistola.
681 3673 942 3731 Eumdem
997 3690 1177 3735 autem
1224 3689 1279 3736 et
1331 3682 1500 3736 solum
1556 3699 1744 3740 verum

151 3774 270 3813 esse
298 3761 462 3815 docet
489 3778 586 3832 per
613 3779 674 3818 ea
705 3781 824 3834 quae
851 3767 927 3820 ait
957 3783 970 3821 :
1006 3767 1073 3821 Ut
1094 3771 1262 3824 sciant
1290 3781 1338 3825 te
1361 3772 1528 3848 solum
1557 3791 1743 3839 rerum

153 3849 322 3904 Deum
347 3852 532 3922 (Joan.
555 3855 688 3926 xvii)
715 3871 729 3910 :
764 3873 868 3911 non
897 3860 1051 3930 quasi
1084 3878 1221 3918 unus
1243 3863 1562 3934 solusesset
1583 3866 1743 3934 Deus,

153 3945 246 3997 sed
271 3953 536 4014 tanquam
569 3963 708 4002 unus
737 3949 996 4006 existeret
1025 3967 1185 4007 verus
1217 3955 1358 4010 Deus
1384 3972 1504 4012 cum
1533 3959 1742 4017 additae

152 4046 338 4089 inemo
366 4040 776 4105 pernecessario
798 4042 934 4098 veri.
961 4042 1096 4098 Nam
1125 4056 1179 4100 et
1204 4047 1317 4116 ipse
1337 4050 1553 4118 quidem
1577 4051 1745 4110 Filius

158 4127 316 4193 Deus,
348 4131 442 4185 sed
474 4148 580 4187 non
608 4149 770 4190 verus
803 4135 942 4190 Deus
970 4156 982 4190 :
1015 4153 1155 4192 unus
1178 4141 1321 4194 enim
1373 4151 1458 4197 est
1507 4152 1561 4198 et
1597 4145 1744 4201 solus

161 4233 315 4274 verus
343 4220 507 4285 Deus,
537 4237 603 4277 eo
632 4225 773 4293 quod
793 4242 903 4282 non
944 4229 1142 4283 habeat
1164 4241 1288 4285 ante
1310 4248 1367 4286 se
1393 4251 1740 4304 quemquam.

163 4305 307 4370 Quod
336 4311 380 4363 si
409 4320 467 4364 et
493 4313 607 4381 ipse
629 4313 802 4369 Filius
835 4332 995 4372 verus
1021 4328 1127 4385 est,
1146 4321 1239 4375 sed
1263 4322 1400 4376 sicut
1427 4323 1603 4395 imago
1626 4327 1743 4382 veri

161 4395 283 4460 Dei.
319 4401 400 4456 sic
425 4401 695 4458 duntaxat
731 4415 786 4461 et
821 4409 962 4464 Deus
1009 4419 1110 4465 est.
1161 4409 1293 4465 Nam
1339 4421 1395 4467 et
1435 4413 1577 4470 Deus
1624 4417 1744 4472 erat

161 4487 418 4554 Verbum,
453 4507 560 4547 non
591 4501 767 4550 tamen
795 4507 852 4550 ut
879 4499 1025 4554 solus
1053 4515 1212 4556 verus
1234 4502 1394 4558 Deus.

1775 3217 1819 3279 ο
1852 3201 2043 3256 hormn
2071 3205 2272 3259 acrihiu
2301 3208 2530 3262 scimus.
2573 3210 2639 3264 Et
2686 3213 2844 3281 paulo
2897 3224 3022 3284 post

1847 1920 2065 1984 sistunt,
2101 1921 2224 1977 talis
2251 1923 2353 1978 viri
2383 1925 2636 1994 Opinione
2665 1935 2906 1992 utentes.
2927 1928 3208 1998 sttbripem
3237 1945 3437 1985 conan-

1849 2017 1937 2063 tur
1979 2011 2282 2084 nonnullos,
2316 2012 2552 2070 fatentes
2577 2017 2722 2086 quod
2749 2017 3016 2080 Eusebius
3062 2021 3132 2075 ad
3179 2020 3284 2076 hoc
3329 2037 3436 2076 non

1849 2101 2156 2174 traheretur
2192 2105 2394 2162 vidisse
2415 2106 2720 2179 [videretur
2751 2110 3007 2183 venisse],
3038 2113 3139 2169 nisi
3165 2111 3313 2185 [σω
3341 2130 3440 2169 no-

1849 2191 2034 2249 luisset
2066 2194 2172 2250 hoc
2200 2198 2476 2268 suscipere
2495 2241 2509 2265 ,
2529 2199 2664 2272 nisi]
2697 2217 2889 2258 onmes
2913 2204 2978 2264 ad
3001 2203 3268 2273 liquidum
3292 2213 3442 2260 vete-

1852 2299 1968 2336 rum
1997 2284 2162 2340 sciret
2187 2286 2472 2356 opiniones
2499 2290 2601 2354 hoc
2628 2292 2766 2348 velle
2793 2303 3180 2356 uteristrantes.
3222 2297 3292 2352 At
3316 2312 3439 2368 ego,

1849 2377 1990 2443 quod
2019 2375 2218 2432 multus
2243 2379 2460 2448 quidem
2496 2382 2546 2436 in
2588 2383 2830 2440 historiis
2869 2385 3030 2441 fuerit
3067 2388 3180 2454 vir,
3207 2396 3263 2444 et
3305 2389 3440 2444 nihil

1846 2477 1912 2519 ex
1950 2466 2221 2521 veteribus
2246 2471 2738 2541 wascriptionibus
2761 2475 2904 2532 illius
2924 2476 3143 2543 latuerit
3169 2480 3437 2540 notitiam.

1848 2559 2130 2613 consentio
2155 2569 2210 2614 et
2235 2561 2519 2620 conﬁteor.
2547 2565 2814 2638 lmperiali
2839 2571 3036 2640 quippe
3063 2573 3444 2642 cooperatione

1849 2665 2001 2718 usus,
2032 2653 2188 2709 facile
2226 2671 2343 2725 quae
2377 2659 2573 2729 ubique
2620 2676 2804 2732 sparsa
2841 2673 3024 2729 erant,
3063 2665 3316 2734 colligere
3344 2681 3439 2735 po-

1851 2750 2010 2798 terat.
2037 2743 2154 2800 Non
2193 2758 2375 2804 autem
2423 2752 2490 2804 ad
2541 2751 2854 2822 dogmatum
2901 2757 3158 2812 acrihiam
3209 2759 3307 2832 [id
3339 2772 3448 2825 est;

1848 2844 2094 2891 exactam
2139 2838 2543 2913 cognitionem]
2603 2843 2748 2899 hunc
2797 2847 3108 2915 pervenisse
3160 2851 3450 2919 pcrhihetL.

1853 2925 2007 2983 Unde
2035 2931 2438 2986 concedendum
2470 2933 2688 3003 quidem
2727 2947 2806 2992 est
2850 2937 2948 3005 illi,
2979 2941 3122 3008 quod
3151 2941 3318 2996 multa
3361 2943 3442 2998 di—

1848 3017 2074 3075 dicerit:
2117 3021 2260 3090 quod
2283 3032 2468 3078 autem
2494 3026 2805 3097 dogmatum
2834 3031 3100 3094 habuerit
3147 3035 3443 3098 notionem,

1849 3111 1995 3166 nullo
2026 3115 2185 3168 modo
2217 3130 2232 3166 :
2262 3131 2423 3184 quem
2460 3119 2708 3182 videlicet
2737 3123 2902 3178 nimis
2940 3123 3107 3185 fuisse
3141 3127 3328 3196 procul
3369 3126 3444 3181 ab

3077 3233 3090 3268 :
3147 3217 3332 3286 Itaque
3377 3231 3444 3270 ne

1854 3293 2132 3349 videamur
2151 3299 2374 3369 aggredi
2403 3301 2604 3365 virum,
2653 3305 2720 3356 de
2764 3306 2960 3374 quibus
3007 3323 3112 3360 non
3162 3317 3249 3363 est
3291 3308 3446 3363 nobis

1850 3383 2334 3455 intprgesentiarum
2359 3391 2568 3446 dicendi
2597 3396 2964 3463 propositum;
2998 3412 3132 3452 neve
3151 3398 3448 3459 discutien-

1851 3488 1930 3530 tes
1972 3477 2280 3550 diligentius
2309 3481 2611 3553 apologiam
2661 3499 2782 3554 qua:
2828 3487 2980 3551 facta
3021 3497 3128 3554 est,
3158 3489 3458 3547 haereticos

1849 3568 2200 3624 ostendamus
2229 3580 2538 3644 utrumque,
2567 3575 2742 3645 ipsum
2769 3579 2982 3636 scilicet
3001 3583 3092 3651 qui
3122 3593 3441 3646 excusatur,

1849 3665 1906 3711 et
1937 3673 2060 3713 eum
2082 3661 2174 3731 qui
2197 3677 2294 3732 pro
2315 3677 2382 3718 eo
2426 3667 2832 3725 excusationem
2879 3674 3153 3741 exposuit.
3195 3675 3280 3730 .Et
3325 3684 3448 3744 post

1849 3745 1954 3801 alia
2004 3765 2018 3800 :
2076 3747 2314 3826 Ostende
2355 3769 2699 3826 quemquam
2737 3773 2806 3814 ex
2845 3759 3146 3838 illustribus
3187 3763 3446 3820 Ecclesiae

1850 3840 2162 3916 magistris,
2211 3844 2305 3914 qui
2367 3861 2624 3917 expresse
2673 3859 2730 3912 et
2787 3852 3250 3921 indubitabiliter,
3301 3859 3446 3928 quod

1848 3932 2202 4003 praesistant
2249 3937 2474 4008 animae,
2525 3940 2974 4009 dogmatizaverit
3006 3964 3020 4001 :
3051 3956 3106 4001 et
3153 3965 3222 4004 ne
3257 3951 3449 4006 subre-

1849 4026 2062 4096 ptioncs
2080 4030 2342 4097 quasdam
2371 4032 2616 4101 proferre
2643 4045 2818 4112 tentes
2839 4040 2907 4095 ad
2926 4043 3460 4110 comprobationenn-

1849 4114 1982 4172 Illud
2007 4119 2152 4173 enim
2175 4121 2318 4190 quod
2349 4123 2724 4182 demonstrare
2767 4127 3013 4197 festinas,
3059 4131 3179 4190 Filii
3227 4136 3293 4190 ad
3345 4136 3450 4190 Pa-

1852 4218 1988 4266 trem
2015 4213 2406 4284 subjectionem
2433 4221 2596 4276 etiam
2624 4224 2726 4280 sibi
2771 4226 3021 4282 similiter
3063 4229 3275 4299 aliquos
3321 4248 3447 4301 per-

1849 4293 2060 4370 hibero,
2085 4307 2266 4376 primo
2311 4311 2529 4380 quidem
2576 4329 2683 4368 non
2737 4317 2997 4372 miremur
3051 4337 3064 4372 :
3122 4293 3208 4375 tua
3257 4293 3345 4378 est
3394 4333 3452 4379 et

1848 4407 2035 4450 eorum
2062 4399 2156 4467 qui
2185 4400 2327 4456 circa
2355 4411 2406 4456 te
2430 4404 2718 4469 sunt,talis
2745 4407 2948 4477 opinio.
2973 4409 3124 4466 Unde
3156 4430 3256 4468 nec
3283 4429 3452 4485 super

1849 4481 1950 4538 hoc
1975 4484 2028 4538 in
2056 4491 2304 4554 prmsenti
2338 4493 2493 4547 nobis
2523 4493 2662 4550 ullus
2691 4505 2775 4551 est
2812 4513 3022 4565 sermo,
3046 4516 3168 4556 cum
3203 4481 3456 4561 videlicet.

227 4579 653 4652 Christophorus
681 4588 1058 4645 sanctis-simus
1091 4594 1376 4664 episcopus
1407 4606 1608 4652 sancta:
1637 4598 1741 4669 Cy-

1856 4574 2140 4655 universali
2169 4579 2240 4632 sit
2277 4580 2407 4636 olim
2431 4583 2783 4653 inquisitione
2813 4588 3114 4658 projectum
3157 4591 3318 4665 [Gr.,
3365 4595 3454 4649 in-

163 4669 320 4726 riaca:
367 4673 506 4728 dixit
545 4693 556 4726 :
585 4675 938 4735 Sanctissime
967 4682 1202 4748 domine,
1231 4694 1450 4756 totaque
1483 4697 1670 4745 sancta
1696 4699 1750 4745 ct

159 4776 310 4817 sacra
338 4769 609 4837 synorhis,
633 4773 1087 4840 quemadmodum
1117 4792 1215 4832 nos
1242 4779 1504 4834 habemus
1551 4782 1748 4835 divini-

160 4863 245 4910 tus
265 4860 620 4928 conscriptos
670 4860 838 4918 libros
876 4866 1244 4933 apostolorum
1275 4878 1328 4924 et
1359 4871 1748 4941 prephetarum

160 4959 212 5002 et
231 4959 559 5004 ceterorum
584 4961 919 5018 sanctorum,
938 4955 1016 5010 ita
1049 4957 1274 5012 decebat
1299 4970 1354 5013 ct
1384 4961 1748 5032 pseudos'yllo-

159 5053 282 5107 gum
314 5041 450 5094 illud
483 5039 610 5095 talia
634 5043 834 5100 habere
863 5045 1134 5101 volumina
1176 5048 1228 5102 in
1283 5051 1653 5106 testimonium
1687 5061 1750 5107 et

158 5131 438 5188 virtutem.

225 5223 431 5281 Sancta
455 5228 694 5298 synodus
723 5229 859 5282 dixit
891 5248 902 5283 :
935 5229 1238 5284 Anathema
1273 5240 1326 5284 et
1367 5231 1519 5287 libris
1544 5232 1666 5300 iHis,
1693 5244 1750 5290 et

158 5318 438 5371 utentibus
460 5318 542 5371 eis
565 5319 577 5370 !

222 5409 422 5466 Petrus
473 5420 531 5466 et
582 5411 774 5467 Petrus
822 5415 932 5470 Deo
990 5415 1252 5470 amabiles
1306 5417 1636 5488 presbyteri,
1693 5427 1750 5473 et

154 5501 330 5559 locum
357 5507 673 5561 obtinentes
699 5507 920 5562 Adriani
945 5523 1096 5578 papae
1121 5508 1351 5564 senioris
1379 5509 1580 5577 Romae,
1601 5511 1744 5566 dixe-

155 5605 279 5651 runt
310 5615 323 5650 :
359 5597 612 5653 Ostendit
639 5599 756 5653 htec
782 5597 959 5666 lectio,
991 5603 1134 5670 quod
1174 5601 1498 5657 Arianorum
1543 5605 1765 5660 habue-

153 5687 223 5742 rit
243 5705 474 5744 sensum
506 5705 519 5741 :
557 5690 788 5744 habebat
820 5700 998 5746 autem
1022 5693 1263 5762 prolatus
1286 5694 1422 5750 liber
1446 5695 1661 5752 Eusebii
1691 5706 1749 5753 et

151 5773 286 5836 Ilias
309 5781 704 5852 bIaSphcmias,
734 5797 868 5850 quas
899 5783 1138 5854 synodus
1163 5786 1351 5844 audire
1375 5803 1478 5843 non
1503 5790 1743 5858 pertulit.-

591 5875 868 5936 P.‘.".‘!'.0i..
894 5876 1184 5942 CXXIX.

1856 4664 2134 4732 quisitioni
2193 4670 2520 4746 subjectum]
2574 4685 2737 4746 atque
2787 4681 3062 4750 repulsum
3093 4701 3105 4736 :
3135 4664 3192 4740 et
3237 4702 3341 4740 non
3396 4687 3449 4741 in

1859 4755 1961 4812 hoc
1996 4760 2297 4826 obcdiatur,
2331 4781 2506 4835 neque
2559 4770 2882 4830 discutiatur
2933 4787 3156 4850 propter
3193 4795 3305 4845 eos,
3351 4779 3452 4852 pro

1806 4918 1807 4921 η
1857 4849 2053 4920 quibus
2079 4851 2194 4909 lucc
2230 4856 2384 4912 nobis
2413 4863 2688 4930 proposita
2736 4875 2878 4922 sunt.
2929 4849 3292 4939 Porrorpurte
3331 4878 3449 4930 voci

1859 4958 1977 5012 qtue
2006 4953 2090 4998 est
2109 4945 2438 5004 Periarihnn
2470 4952 2702 5022 detrahi,
2734 4973 3075 5029 nequaquam
3107 4979 3134 5016 a
3175 4981 3450 5036 quoquam

1861 5050 2029 5105 usque
2056 5054 2198 5094 nunc
2227 5042 2444 5108 audisti,
2469 5060 2502 5099 ο
2528 5059 2677 5114 acer,
2709 5050 2966 5107 advocate
2993 5052 3242 5125 Origenis
3263 5062 3450 5129 pravi-

1857 5138 2046 5183 latum.
2661 5151 2666 5156 '

1925 5219 2322 5280 Sanctissinms
2345 5227 2659 5294 pillﬁtll‘Clla
2683 5231 2817 5286 dixit
2846 5251 2866 5286 -:
2897 5232 3124 5292 Ostensa
3155 5249 3283 5295 Slllll
3317 5257 3452 5296 con-

1854 5309 2057 5380 scripta
2083 5309 2302 5368 Eusebii
2357 5315 2521 5369 etiam
2570 5333 2668 5386 per
2720 5331 2998 5388 paternam
3047 5341 3235 5382 vocem
3275 5327 3450 5386 aliena

1857 5418 1978 5459 esse
2012 5420 2042 5458 a
2077 5407 2344 5463 catholica
2371 5407 2638 5465 Ecclesia.
3403 5423 3408 5426 '

1929 5496 2232 5555 Demetrius
2279 5501 2389 5556 Deo
2421 5503 2669 5560 amabilis
2699 5505 2959 5564 diaconus
2982 5517 3042 5565 et
3065 5528 3322 5567 vasorum
3354 5529 3448 5568 cu-

1854 5596 1966 5644 stos
1995 5589 2126 5662 legit
2150 5611 2162 5646 :
3187 5603 3191 5607 ’

1999 5700 2254 5758 Theodori
2296 5703 2504 5762 lectoris
2549 5709 2613 5765 de
2645 5708 3014 5771 Ecclesiastica
3048 5695 3304 5772 Historia.

1925 5791 2087 5850 Persa
2145 5796 2363 5865 quidam
2419 5794 2653 5857 Xenaias
2699 5814 2960 5885 vocatus,
3003 5800 3162 5876 quem
3207 5818 3462 5880 tempore,

2969 5899 3049 5956 l2
