3924 5648
514 484 622 557 363

1679 490 2039 551 ANAS’I‘ASII
2080 490 2625 552 BIBLIOTIIECARII

3684 499 3779 558 365

508 613 798 673 sacerdotii
826 613 909 670 sui
931 610 1191 671 Calendio
1222 611 1503 669 inveniens
1527 609 1902 668 ecclesiastica
1938 608 2094 663 adul-
2128 614 2173 673 Α
2204 619 2396 666 verunt
2426 611 2831 684 imperatorem,
2870 624 3026 683 quam
3064 610 3351 684 deceptum
3383 627 3416 667 a
3458 613 3779 685 patriarcha-

490 718 690 765 -terare
719 706 995 778 dogmata,
1026 712 1081 759 ct
1109 702 1328 761 castella
1352 701 1614 770 excitare,
1640 699 1787 774 pellit
1808 717 1838 755 a
1863 699 2103 771 regione.

485 789 587 858 Ἤρ
610 801 715 857 hoc
740 797 928 863 multa,
952 812 1072 866 qua:
1103 812 1132 850 a
1154 794 1385 853 diversis
1407 794 1637 851 audiens
1664 801 1937 850 scrutatus
1959 808 2103 858 sum,

484 908 579 952 ex
606 904 760 968 parte
781 893 978 949 dicam.
1005 893 1049 946 A
1074 889 1370 946 Persarum
1397 889 1542 946 enim
1578 889 1796 959 regione
1824 886 2102 958 proprium

512 988 789 1044 dominum
816 985 1048 1054 fugiens,
1072 982 1138 1037 ad
1166 982 1536 1038 Romanorum
1556 978 1821 1052 pervenit.
1848 976 1917 1032 Et
1937 976 2098 1048 patth

513 1089 636 1152 post
674 1097 687 1134 :
742 1077 896 1133 llttnc
930 1075 1131 1131 Petrus
1175 1088 1274 1147 pro
1302 1072 1446 1146 Cyro
1474 1069 1962 1143 Hierapoliensium
1999 1067 2103 1124 Ec-

511 1172 689 1229 clesia:
730 1171 1040 1243 episcopum
1077 1166 1427 1235 transmittit;
1460 1179 1621 1236 quem
1666 1178 1770 1218 non
1818 1169 1939 1232 post
1971 1158 2107 1217 mul-

506 1272 625 1319 tum
673 1259 908 1333 episcopi
953 1273 982 1313 a
1026 1254 1247 1312 Perside
1286 1254 1564 1310 venientes
1612 1252 1768 1323 quasi
1828 1248 2105 1325 vernulam

500 1354 832 1424 ‘arguebaut,
871 1360 928 1406 et
964 1358 1022 1405 ttt
1062 1347 1229 1404 divini
1265 1355 1538 1402 exsortem
1580 1342 1942 1414 baptismatis.
1989 1340 2109 1409 Quo

487 1450 811 1513 'comperto,
843 1439 1058 1503 Petrus,
1089 1436 1219 1510 quid
1255 1442 1530 1508 oporteret
1576 1433 1691 1493 fieri
1735 1448 1842 1489 non
1885 1446 2104 1495 curans.

513 1537 649 1593 dixit
670 1534 914 1592 sufﬁcere
939 1533 1013 1588 illi
1043 1530 1282 1604 episcopi
1306 1527 1772 1604 consecrationem
1797 1528 1864 1582 ad
1893 1525 2110 1597 supple-

494 1636 753 1682 mentum
783 1624 950 1681 divini
987 1620 1313 1681 sacramenti
1344 1619 1563 1693 [divintc
1597 1616 1961 1691 initiationis].

570 1716 902 1788 Stephanus
941 1716 1201 1772 diaconus
1249 1721 1306 1771 et
1355 1712 1600 1769 notarius
1654 1710 1978 1768 venerabilis
2006 1724 2106 1780 pa—

498 1808 754 1865 "trituouii
786 1808 912 1879 legit
940 1826 956 1863 ;

548 1920 776 1992 Joannis
805 1919 1214 1985 Diacrlnomem',
1253 1930 1281 1960 ι
1306 1919 1373 1973 de
1401 1915 1773 1972 Ecclesiastica
1806 1914 2068 1971 Historia.

586 2032 704 2089 Non
752 2032 897 2088 enim
955 2030 1157 2088 licitum
1217 2028 1496 2085 asserebat
1545 2026 1818 2092 Xenaias,
1869 2025 2107 2098 angelos,
2142 1992 2186 2053 Β

516 2140 640 2182 cum
669 2124 971 2195 incorporei
997 2124 1126 2188 sint,
1153 2135 1381 2193 corpora
1414 2119 1593 2175 facere
1613 2158 1629 2186 ,
1660 2126 1715 2174 et
1750 2116 1902 2189 quasi
1935 2117 1987 2172 in
2013 2117 2111 2172 lm-

514 2218 693 2274 manis
718 2215 908 2274 formis
928 2215 1228 2272 existentes
1253 2226 1544 2285 corporeus
1572 2208 1812 2265 formare
1843 2226 1857 2263 :
1889 2209 1983 2264 sed
2012 2221 2111 2263 nec

496 2309 646 2366 liliud
690 2308 1025 2375 existimare,
1082 2308 1349 2363 honorem
1405 2318 1472 2359 au
1518 2302 1747 2375 gloriam
1798 2299 2110 2373 impendere

515 2402 736 2458 Christo
776 2399 1065 2472 imaginem
1116 2398 1167 2454 ei
1234 2411 1334 2470 per
1385 2396 1614 2468 pictura:
1665 2401 1840 2448 artem
1900 2389 2112 2447 efficere

517 2492 847 2568 {effectam};
877 2504 1001 2547 esse
1023 2500 1206 2547 autem
1235 2488 1309 2544 illi
1338 2487 1510 2543 solam
1536 2483 1924 2556 acceptabilem
1955 2495 2112 2538 nosse

515 2588 571 2643 in
617 2586 812 2658 spiritu
853 2596 911 2642 et
955 2584 1188 2640 veritate
1231 2580 1627 2638 adorationem.
1673 2578 1741 2634 Et
1781 2586 1904 2649 post
1954 2576 2059 2631 alia
2094 2595 2109 2632 :

514 2678 690 2736 Nosse
721 2687 905 2734 autem
931 2676 1065 2733 dicit
1109 2683 1164 2732 et
1193 2673 1355 2740 illud,
1387 2685 1511 2729 esse
1546 2668 1774 2743 puerilis
1798 2682 1990 2724 sensus
2020 2665 2112 2722 llu-

515 2785 643 2844 gere
669 2770 724 2826 in
767 2769 1033 2827 columba:
1062 2766 1206 2824 idolo
1249 2763 1653 2823 sanctissimum
1692 2770 1747 2817 et
1777 2757 2111 2815 adorandum

500 2863 814 2936 Spiritum;
874 2863 1176 2934 pmsertim
1229 2874 1355 2916 cum
1400 2854 1728 2927 evangelicae
1766 2865 2109 2924 nequaquam

500 2957 738 3014 tradant
772 2955 995 3021 litterae,
1032 2954 1155 3025 quia
1202 2951 1378 3008 factus
1425 2958 1511 3006 est
1551 2946 1802 3005 columba
1852 2945 2108 3017 Spiritus,

516 3050 614 3106 sed
643 3047 770 3118 quia
794 3047 849 3102 in
871 3047 1050 3117 specie
1070 3043 1334 3100 columbae
1355 3040 1606 3114 apparuit
1633 3037 1921 3109 aliquando
1947 3055 1961 3091 :
1986 3035 2111 3107 quia

519 3152 651 3195 vero
672 3134 1091 3209 dispensatorie,
1129 3149 1237 3190 non
1266 3129 1702 3189 substantialiter
1739 3127 1907 3184 semel
1934 3135 2115 3182 osten-

446 3234 464 3246 ‘
504 3242 614 3285 ‘sus
658 3237 764 3295 est,
822 3240 929 3285 non
976 3225 1100 3282 ideo
1127 3232 1311 3296 aptum
1351 3223 1458 3293 piis
1503 3229 1591 3277 est
1625 3218 1874 3290 corporis
1912 3215 2111 3273 idolum

517 3320 775 3377 faciendi.
807 3317 921 3375 Hoc
946 3316 1276 3374 Philoxenus
1301 3316 1524 3380 docens,
1574 3328 1680 3368 una
1711 3327 1836 3367 cum
1868 3309 2111 3366 doctrina

2207 717 2326 757 rum
2350 703 2545 758 astutia
2591 712 2646 759 et
2679 702 2917 760 ﬁctione.
2971 702 3040 758 Et
3087 703 3418 775 accipientes
3476 715 3781 776 petcstatem

2204 811 2367 867 quam
2395 795 2704 863 voluerunt,
2733 804 2789 851 et
2817 811 3009 850 aurum
3034 796 3260 851 multum
3282 796 3441 868 vulgo
3460 798 3784 855 Aotiocheno

2208 886 2523 953 tribuentes,
2547 897 2603 945 et
2632 887 2818 945 multis
2842 888 3015 944 modis
3034 886 3349 944 Flavianum
3379 872 3717 958 tribulautes,
3738 902 3786 949 et

2206 977 2604 1049 quodammodo
2662 977 2990 1035 sutfocantes
3017 1018 3035 1046 ,
3086 987 3144 1035 et
3193 989 3451 1051 cogentes
3499 979 3784 1038 Chalcedo-

2209 1086 2433 1128 nensem
2482 1072 2747 1144 synodum
2778 1072 3260 1139 anatltematizare,
3303 1072 3485 1128 taliter
3534 1072 3685 1129 illum
3727 1075 3788 1130 ab

2208 1163 2520 1235 episcopatu
2549 1163 2811 1235 pellentes
2847 1164 3041 1221 exsilio
3065 1164 3484 1223 damnaverunt.
3509 1165 3631 1233 Quo
3652 1180 3788 1222 cotu-

2210 1262 2390 1323 perto,
2418 1255 2715 1327 imperator
2757 1254 2976 1326 gavisus
3003 1264 3112 1319 est,
3158 1264 3221 1312 et
3251 1255 3517 1313 Severum
3560 1255 3791 1328 Acepba-

2209 1344 2385 1402 lorum
2412 1347 2709 1405 exarchum
2751 1345 3120 1421 [principem]
3150 1348 3467 1420 episcopum
3503 1347 3793 1407 Antiochia

2210 1436 2380 1492 misit.

2280 1525 2547 1584 Antonius
2572 1528 3057 1586 reverendissimus
3077 1530 3378 1587 monachus
3397 1529 3532 1600 legit
3558 1548 3575 1585 :

2212 1640 2241 1683 δ
2269 1638 2355 1715 Ea:
2387 1642 2747 1715 deprecatione
2766 1659 2887 1714 qua:
2914 1643 3040 1715 data
3062 1653 3135 1698 cst
3158 1652 3354 1715 sancta:
3380 1644 3591 1715 synodo
3622 1661 3794 1700 cont-e-

2282 1712 2447 1768 nicnti
2471 1715 2525 1785 in
2567 1714 2666 1785 (iac
2691 1712 2833 1785 regia
2863 1713 2988 1769 urbe
3012 1724 3195 1770 contra
3224 1712 3477 1771 Severum
3504 1716 3795 1771 heretica

2281 1793 2327 1837 et
2358 1782 2696 1855 deep/talum,
2725 1782 2761 1840 ᾱ
2784 1785 2987 1840 clericis
3014 1795 3067 1855 et
3085 1786 3353 1855 monachis
3379 1786 3797 1849 Antiochensis;

2282 1852 2488 1936 magna:
2531 1855 2755 1910 civitatis
2796 1866 2992 1911 sancta:
3040 1852 3137 1910 Dei
3177 1854 3427 1912 Ecclesia:
3464 1870 3483 1911 :
3525 1856 3681 1926 cujus
3709 1858 3799 1911 ini.

2281 1934 2410 1979 tium
2431 1935 2505 1981 est
2534 1940 2554 1980 ἔ

2284 2036 2436 2094 Nunc
2471 2037 2684 2095 tandem
2718 2048 2928 2112 tempus
2974 2049 3075 2105 est,
3125 2055 3159 2096 ο
3203 2038 3527 2096 beatissimi.
3579 2039 3649 2094 Et
3693 2053 3802 2111 post

2211 2146 2403 2203 pauca.
2435 2130 2626 2200 Qualia
2656 2147 2806 2199 vero,
2835 2134 3185 2201 sanctissimi,
3214 2142 3269 2191 et
3289 2150 3408 2205 qua:
3436 2134 3590 2192 circa
3612 2133 3801 2203 fontes,

2211 2223 2305 2295 qui
2321 2222 2568 2296 Daphita:
2593 2234 2739 2291 sunt,
2776 2240 2937 2297 agere
2967 2242 3132 2284 ausus
3182 2229 3285 2296 sit,
3333 2228 3564 2299 magicis
3607 2230 3803 2286 artibus

2214 2314 2411 2371 ibidem
2457 2329 2610 2383 usus,
2637 2325 2692 2372 et
2721 2315 2927 2373 incensi
2974 2315 3240 2374 daamonia
3279 2318 3535 2390 placaris,
3585 2330 3700 2375 tota
3727 2319 3804 2376 illa

2213 2407 2406 2465 civitas
2443 2410 2611 2465 canit.
2652 2409 2936 2482 Siquidem
2980 2427 3078 2468 nec
3123 2412 3257 2483 ipsis
3302 2412 3511 2469 sanctis
3555 2413 3807 2470 altaribus

2211 2500 2299 2557 vel
2323 2500 2555 2558 sacratis
2601 2502 2745 2558 vasis
2790 2501 3055 2574 pepercit,
3100 2502 3189 2557 illa
3230 2503 3449 2576 quidem
3488 2505 3726 2560 eradens
3756 2513 3807 2557 ut

2213 2591 2441 2649 scelesta
2475 2591 2617 2667 [ατη
2649 2592 2921 2668 profana],
2953 2596 3065 2650 haec
3092 2604 3270 2650 autem
3308 2592 3555 2651 conﬂatis
3602 2604 3662 2651 et
3700 2611 3809 2651 ero-

2213 2692 2349 2761 gaus
2379 2686 2462 2743 his
2487 2687 2577 2757 qui
2609 2687 2802 2743 similis
2844 2687 3012 2743 moris
3040 2697 3185 2743 sunt.
3224 2687 3393 2745 Porro
3422 2697 3807 2761 praesumptum

2212 2788 2299 2836 est
2324 2779 2392 2836 ab
2418 2794 2483 2836 eo
2508 2779 2674 2837 etiam
2716 2781 2838 2847 hoc,
2868 2797 2902 2837 ο
2927 2781 3249 2838 beatissimi.
3282 2781 3389 2838 Eas
3413 2782 3592 2848 enim,
3626 2798 3741 2853 qua:
3763 2781 3810 2835 in

2214 2882 2399 2946 typum
2429 2872 2601 2928 saneti
2652 2870 2885 2944 Spiritus
2920 2882 3067 2941 sunt,
3101 2889 3280 2929 aurea!
3325 2882 3383 2929 et
3426 2883 3708 2946 argentem
3728 2889 3813 2929 co-

2216 2962 2414 3018 lumbae
2436 2978 2709 3035 suspensa:
2738 2979 2899 3036 supra
2927 2965 3107 3023 divina
3146 2964 3367 3038 [sacros
3394 2964 3616 3039 fontes]
3644 2980 3812 3020 sacra-

2216 3065 2397 3111 menta
2447 3052 2709 3128 [lavacra]
2755 3065 2811 3111 et
2845 3054 3035 3110 altaria
3062 3096 3078 3123 ,
3110 3073 3235 3112 cum
3278 3056 3402 3112 aliis
3437 3057 3810 3119 defraudabat,

2215 3145 2402 3202 dicens
2449 3160 2556 3202 non
2594 3154 2844 3218 oportere
2900 3145 3178 3204 columbas
3228 3146 3503 3204 nominari
3555 3146 3814 3219 Spiritum

2216 3248 2484 3295 sanctum.

2288 3332 2546 3388 Tarasius
2579 3333 2955 3390 sanctissimus
2982 3334 3292 3406 patriarcha
3320 3334 3460 3391 dixit
3482 3309 3511 3389 τ’
3527 3334 3588 3392 Si
3630 3335 3687 3391 in
3723 3348 3813 3390 uo-

517 3414 685 3469 etiam
741 3426 879 3484 opus
925 3409 1197 3482 patmbat.
1258 3407 1485 3497 Crebro,
1516 3418 1752 3497 namque
1801 3400 2109 3474 angelorum
2139 3380 2184 3444 C
2216 3380 2555 3481 tegas;
2579 3380 3816 3497 sua;";;;.;.;;;;;.m;:.;;.;.;ac};

520 3505 789 3578 imagines
832 3503 1053 3574 quidem
1097 3500 1376 3572 deponens
1406 3495 1656 3562 dolebat;
1689 3508 1785 3551 eas
1823 3507 1955 3549 vero
1991 3504 2112 3562 qua:

504 3597 796 3655 ~Cltristum
833 3593 1158 3668 figuraban‘t,
1181 3593 1235 3647 in
1264 3588 1463 3647 abditis
1489 3587 1625 3644 locis
1648 3582 1977 3643 multabat.

591 3687 850 3743 Tarasius
864 3684 1244 3743 sanctissimus
1254 3679 1564 3755 patriarcha
1584 3677 1724 3734 dixit
1751 3695 1765 3732 :
1788 3675 2109 3740 Audiamus,

521 3779 723 3834 sacrati
766 3776 892 3841 viri,
912 3775 1006 3846 qni
1050 3788 1160 3829 tton
1210 3779 1528 3844 receperunt
1557 3766 1894 3827 venerabiles
1920 3763 2113 3832 imagi-

505 3882 642 3933 -nes,
672 3881 783 3921 non
810 3862 1093 3936 baptizati,
1144 3861 1469 3930 Maniehtei,
1489 3869 1546 3917 et
1576 3860 1632 3916 lti
1657 3859 1750 3930 qui
1772 3857 2127 3945 phantasiam"

507 3957 825 4028 pradicant
882 3955 937 4010 in
996 3953 1200 4011 Christi
1250 3951 1656 4024 dispensatione
1698 3969 1712 4006 :
1765 3964 1832 4006 ex
1880 3960 2121 4021 quorum

521 4048 913 4122 pollutionibus
937 4046 1276 4103 Christianos
1301 4044 1614 4102 accusantis
1642 4043 1914 4100 haereseos
1942 4040 2113 4096 intro-

521 4142 778 4199 ductores
801 4139 1018 4197 fomites
1037 4145 1416 4211 susceperunt.

595 4234 809 4291 Sabbas
863 4231 1351 4289 reverendissimus
1408 4213 1746 4300 hegumenus
1799 4222 2113 4281 monasterii

507 4325 701 4384 τειυόἱί
731 4325 869 4382 dixit
895 4342 910 4379 :
938 4322 1155 4381 Gratias
1180 4323 1392 4393 agimus
1430 4319 1544 4376 Deo
1572 4328 1628 4376 et
1660 4319 1817 4374 bona:
1849 4313 2116 4372 voluntati

523 4417 804 4476 dominum
850 4424 1160 4472 nostrorum
1205 4415 1507 4479 bonorum,
1549 4412 1675 4485 quia
1707 4409 1829 4466 falsi
1865 4408 2116 4465 custodes

524 4509 917 4583 pseudosyllogi
943 4508 1089 4565 illius
1111 4507 1311 4565 devicti
1334 4515 1462 4564 sunt
1480 4521 1589 4563 una
1616 4518 1741 4563 cum
1771 4503 2118 4562 consentien-

525 4604 671 4660 tibus
696 4603 801 4658 sibi
829 4603 1121 4659 haereticis.

595 4695 796 4752 Sancta
822 4695 1063 4768 synodus
1085 4694 1222 4750 dixit
1246 4708 1263 4748 :
1290 4692 1592 4748 Anatltema
1620 4689 1760 4747 illis!

595 4784 986 4842 Constantinus
1025 4783 1511 4841 reverendissimus
1547 4782 1717 4839 lector
1762 4779 2116 4840 sanctissimae

526 4876 782 4934 Ecclesiae
804 4877 936 4949 legit
961 4894 976 4932 ι

798 4989 873 5042 De
899 4988 999 5043 vita
1024 4988 1193 5041 structi
1221 4984 1398 5040 Patris
1426 4990 1590 5041 nostri
1629 4985 1838 5042 Sabbw.

599 5098 858 5154 Flaviano
910 5098 1073 5171 igitur
1119 5107 1175 5154 et
1215 5097 1331 5155 Elia
1378 5097 1709 5171 patriarcltis
1747 5095 2028 5162 Sidonem,
2059 5105 2121 5151 ut

530 5190 734 5243 dictum
764 5196 869 5254 est,
890 5188 1357 5260 pervenientibus,
1398 5198 1454 5244 et
1481 5188 1677 5243 litteris
1704 5185 2024 5244 adulatoriis
2052 5201 2119 5242 ac

667 5293 680 5296 ’
734 5295 743 5297 ‘
764 5294 776 5298 ‘
794 5289 806 5298 ‘
863 5281 941 5310 ·²²¹·
964 5282 1028 5310 ·“’³
1053 5282 1439 5332 εηιηιξιιῃιοιιᾱιη
1462 5281 1756 5332 utentibus.
1776 5289 1832 5328 et
1850 5279 2117 5328 svnmlttm

2214 3524 2340 3570 runt
2363 3515 2569 3582 Patres,
2613 3526 2816 3586 quanto
2863 3517 3039 3589 magis
3086 3515 3357 3572 incantati
3393 3510 3565 3573 Verbi
3593 3516 3814 3582 iconas,

2213 3607 2355 3679 quod
2392 3608 2641 3678 apparuit
2665 3622 2831 3678 super
2858 3617 3056 3663 terram
3097 3623 3222 3665 cum
3252 3608 3527 3679 corpore?
3560 3607 3673 3665 Sed
3700 3623 3815 3663 cre-

2213 3698 2363 3764 dite,
2411 3699 2536 3770 quia
2583 3707 2640 3754 et
2684 3698 3003 3754 Anastasius
3057 3699 3148 3769 qtti
3194 3696 3818 3769 Coustantinopulitanis

2215 3786 2451 3861 pnefuit,
2484 3804 2679 3845 aureas
2704 3797 2758 3843 et
2787 3797 3072 3860 argenteas
3101 3788 3287 3844 iconas
3313 3787 3593 3843 fraudavit
3623 3789 3678 3844 iu
3707 3803 3820 3859 pro-

2215 3881 2362 3954 prios
2397 3897 2544 3947 usus,
2575 3882 2716 3952 quod
2744 3889 2799 3936 et
2838 3879 3074 3937 Severus
3100 3878 3246 3935 fecit.

2287 3972 2593 4046 Stephanus
2646 3973 2756 4029 Deo
2804 3971 3053 4028 amabilis
3095 3971 3357 4028 diaconus
3383 3981 3443 4028 et
3491 3971 3744 4028 notarius
3770 3977 3821 4025 et

2217 4066 2621 4125 referendarius
2659 4064 2789 4139 legit
2815 4084 2829 4121 :

2214 4163 2440 4237 Joannis
2469 4180 2695 4250 episcopi
2725 4175 3095 4250 Gabalcnsinm
3123 4177 3178 4231 in
3198 4176 3440 4250 nitente;
3466 4176 3824 4232 conversatio-

2360 4267 2477 4306 nem
2496 4246 2680 4306 Severi
2709 4247 3095 4314 ltwresiarcltw,
3124 4246 3279 4317 cujus
3310 4246 3527 4301 initium
3555 4258 3684 4301 est:

2288 4363 2345 4420 Si
2383 4363 2602 4436 quidem
2634 4362 2896 4419 voluisset
2923 4360 3159 4417 Severus
3186 4360 3272 4417 vel
3292 4360 3420 4416 vitae
3440 4374 3664 4429 semper
3684 4360 3821 4429 eius.

2223 4456 2289 4515 Et
2319 4466 2442 4529 post
2473 4471 2646 4529 pauca
2674 4474 2686 4511 :
2717 4454 2786 4512 Et
2812 4469 2990 4526 neque
3015 4453 3330 4526 angelorum
3357 4452 3590 4509 illaesum
3620 4453 3825 4513 dimisit

2218 4557 2501 4613 honorem.
2564 4553 2788 4627 Multum
2854 4561 3037 4609 autem
3097 4563 3408 4609 sermonem
3454 4548 3514 4605 iu
3566 4548 3824 4607 tribunali

2218 4655 2370 4702 stans
2405 4644 2535 4701 fecit
2568 4641 2882 4717 [faciebat],
2923 4650 2981 4699 et
3022 4640 3292 4698 multidini
3332 4640 3675 4710 persuadere
3705 4649 3823 4695 ten-

2142 4753 2195 4814 D
2225 4743 2381 4812 tahat,
2395 4741 2449 4798 in
2469 4739 2585 4812 ipso
2601 4738 2874 4795 multoties
2896 4737 3143 4794 sacrario
3165 4736 3502 4793 sanctissimi
3523 4735 3824 4796 Hiehadis.

2220 4834 2363 4907 quod
2398 4849 2505 4889 non
2550 4846 2821 4904 purpurea
2850 4830 3060 4903 angelis
3098 4830 3420 4887 vestimenta
3471 4830 3824 4890 conveniant.

2220 4927 2314 4985 sed
2342 4927 2498 4984 alba:
2533 4943 2639 4984 non
2668 4927 2928 4999 ignorans
2948 4925 3093 4997 quod
3133 4924 3267 4980 nihil
3292 4922 3504 4980 sanctis
3530 4923 3829 4979 virtutibus

2220 5017 2474 5075 sensibile
2502 5017 2829 5074 conveniant
2868 5015 2959 5090 [de
2986 5015 3228 5073 vestibus
3263 5029 3413 5070 curae
3438 5012 3572 5086 est}.
3604 5014 3706 5069 sed
3741 5027 3831 5067 sa-

2222 5117 2412 5180 tagens
2429 5117 2485 5166 et
2508 5108 2624 5164 hinc
2648 5106 2899 5164 similiter
2923 5105 3135 5161 auferre
3154 5103 3281 5178 [hac
3297 5105 3515 5161 ratione
3536 5103 3831 5178 dividere],

2225 5211 2280 5257 et
2312 5202 2365 5256 in
2405 5199 2726 5255 alterutrqu
2765 5213 3111 5255 commovere
3147 5197 3346 5253 multos
3373 5197 3455 5252 sic
3481 5209 3541 5253 et
3581 5197 3748 5254 aliter
3770 5212 3831 5252 se

2228 5293 2509 5348 ιωιιρηιθε.

2815 5383 2826 5388 ”
3003 5380 3309 5436 patriarcha
3352 5379 3535 5435 dixit:
3566 5377 3837 5436 Conside-

3455 5473 3579 5514 εκὴ
3620 5487 3665 5524 II
3716 5487 3833 5529 Il“-
