3924 5534
99 457 170 511 365
737 456 1296 517 INTERPRETATIO
1335 459 1586 519 SYNODI

1752 462 2161 517 GENERAIJS.
2203 495 2271 505 —
2310 453 2512 521 amo
2551 459 2613 519 v.

3203 464 3312 527 366

143 569 460 634 Theophilus
491 568 832 643 [Demetrius]
855 570 966 626 Deo
1014 570 1260 626 amabilis
1282 571 1542 626 diaconus
1578 580 1633 626 et
1660 577 1710 636 Α
1735 586 1858 626 eum
1889 573 1977 642 qui
2023 588 2081 629 se
2108 582 2389 628 erecturus
2433 583 2552 628 erat
2598 574 2744 646 [eum
2792 576 3134 649 deposuerat,
3166 579 3309 636 inso-

93 661 420 733 seeuophylax
444 661 611 728 dixit:
657 661 714 716 ln
759 671 943 717 sancta
988 678 1178 733 magna
1220 661 1461 717 Ecclesia
1490 661 1634 718 Con-

93 756 502 826 stantinopoleos,
529 756 743 826 quando
781 765 1062 826 promotus
1108 772 1249 822 sum,
1298 757 1550 827 inquisivi
1580 757 1633 813 in

93 845 223 910 brevi,
246 855 303 900 et
339 846 522 917 reperi
543 847 596 901 in
628 862 693 902 eo
723 846 912 903 deesse
947 848 1082 902 duos
1104 848 1320 903 codices
1350 846 1636 904 deauratos

89 953 156 1006 μετ
178 937 444 1008 imagines
470 955 484 991 :
509 951 644 1006 quos
665 938 947 1005 requirens
968 937 1180 1010 agnovi,
1207 939 1351 1011 quod
1379 939 1431 993 in
1449 939 1633 1009 ignem

87 1027 454 1085 eos-uiuentes
489 1029 842 1084 incenderint.
901 1029 1081 1086 Inveni
1134 1039 1314 1087 autem
1365 1038 1420 1086 et
1469 1030 1634 1086 alium

85 1116 242 1171 librum
290 1116 634 1175 Coustatini
672 1119 1122 1191 chartophylacis,
1169 1120 1536 1175 continentem
1569 1121 1634 1176 de

84 1206 456 1263 venerabilibus
511 1208 718 1263 iconis:
751 1218 812 1265 et
837 1209 1144 1265 reciderunt
1175 1208 1321 1275 folia,
1359 1210 1414 1264 in
1441 1210 1634 1279 quibus

80 1297 297 1365 iacebant
347 1299 519 1354 verba
551 1314 712 1370 super
738 1299 930 1367 iconis,
955 1308 1011 1356 et
1050 1316 1177 1357 ecce
1210 1300 1456 1357 eumdem
1485 1301 1634 1357 codi-

81 1402 166 1441 ccta
189 1402 302 1458 prae
329 1389 815 1446 manibus'babens
841 1399 1046 1447 sanctae
1075 1391 1282 1463 synodo
1301 1391 1547 1448 ostendo.

125 1479 183 1534 Et
217 1481 505 1550 explicans
523 1481 662 1537 idem
709 1481 1034 1561 Theophilus
1077 1481 1432 1556 [Demetrius]
1479 1483 1629 1539 codi-

80 1589 186 1635 cem,
218 1573 462 1627 ostendit
507 1573 754 1629 omnibus
782 1572 1032 1629 foliorum
1073 1575 1416 1630 recisionem.

123 1662 376 1718 Leontius
405 1664 630 1720 devotus
675 1681 704 1718 a
734 1666 962 1720 secretis
991 1665 1126 1721 dixit
1155 1683 1168 1720 :
1219 1662 1284 1721 Et
1323 1666 1484 1732 aliud,
1527 1667 1631 1723 Pa-

76 1764 180 1818 tres,
208 1755 522 1810 mirandum
563 1765 647 1810 est
671 1755 726 1810 in
755 1756 940 1811 codice
977 1759 1100 1812 hoc.
1130 1755 1204 1812 Ut
1231 1758 1424 1813 videtis
1460 1759 1624 1826 enim,

73 1853 333 1915 argenteas
387 1844 602 1900 tabulas
650 1845 833 1912 habet,
875 1855 929 1902 et
976 1847 1103 1902 hinc
1137 1847 1261 1904 inde
1303 1849 1629 1919 imaginibus

1740 661 1995 727 lescente,
2038 673 2230 718 natura
2262 664 2539 734 indigebat
2583 681 2651 720 eo
2689 668 2780 736 qui
2810 668 2981 738 ipsam
3015 669 3271 744 erigeret]
3305 696 3311 702 ’

1738 769 1843 809 ηοη
1869 755 2013 809 enim
2049 764 2262 825 poterat
2291 773 2355 812 ex
2379 771 2436 813 se
2462 758 2710 814 deorsum
2745 759 2955 828 jacens,
2979 763 3314 832 superationi

1736 859 1848 899 suae
1875 845 2127 900 reluctari
2154 846 2235 901 vel
2265 847 2508 902 revocari
2557 846 2765 920 [jacens
2806 850 3003 906 iterum
3035 853 3312 922 reluctari,

1737 935 1821 990 vel
1867 952 2215 1006 congressum
2261 929 2574 1012 revocare],
2631 941 2850 998 inimico
2893 958 3077 1000 casum
3130 961 3315 1020 aggre-

1683 1053 1694 1064 -
1735 1027 1959 1083 diente:
2030 1030 2126 1084 sed
2184 1046 2285 1086 nec
2343 1033 2671 1088 conveniens
2718 1043 2856 1101 erat,
2911 1037 3013 1091 nisi
3063 1039 3315 1095 secundis

1735 1120 2157 1187 luctaminibus,
2207 1121 2432 1177 victoria
2490 1132 2778 1195 tyrannum
2849 1135 3138 1183 excutere:
3199 1129 3316 1200 ipse

1735 1211 1982 1266 conditor
2011 1212 2242 1282 propriae
2270 1211 2514 1278 facturae,
2547 1215 2635 1284 qui
2661 1230 2797 1269 unus
2816 1225 2998 1271 estex
3026 1217 3312 1284 Trinitale,

1735 1301 1876 1357 Deus
1899 1301 2156 1369 Verbum,
2199 1304 2342 1358 sicut
2369 1320 2475 1360 non
2513 1306 2564 1359 in
2592 1303 2812 1361 fictione
2841 1308 3030 1378 prisca-
3055 1308 3310 1384 [pridem]

1734 1404 1940 1449 natura:
1969 1395 2277 1450 ministrum
2327 1411 2653 1466 quemquam
2701 1398 2967 1465 exhibuit,
3019 1399 3089 1453 ita
3139 1417 3314 1472 neque

1733 1504 1878 1544 nunc
1914 1488 2200 1560 imaginem
2242 1499 2549 1559 corruptam
2577 1491 2995 1560 instauraturus,
3025 1492 3115 1548 alii
3155 1511 3311 1565 repa-

1734 1579 2020 1634 rationem-
2049 1579 2165 1648 ejus
2204 1579 2507 1646 commisit;
2566 1582 2658 1636 sed
2705 1583 2938 1652 propria:
2986 1586 3312 1651 operationis

1733 1671 1932 1726 virtute
1954 1686 2107 1736 usus,
2143 1686 2341 1742 agones
2389 1687 2488 1742 pro
2535 1671 2691 1726 nobis
2745 1673 3009 1728 humanos
3054 1676 3308 1746 suscepit.

1732 1760 1846 1818 Hoc
1886 1762 2031 1816 enim
2060 1771 2178 1817 erat
2207 1763 2557 1827 conveniens,
2609 1771 2665 1815 ut
2715 1765 2988 1834 proprium
3033 1775 3309 1821 certamen

1733 1848 1877 1925 [Gr.,
1920 1861 2042 1923 apte
2093 1851 2445 1924 respondens]
2495 1861 2699 1923 ageret.
2752 1852 2922 1909 Porro
2965 1855 3090 1925 quia
3133 1856 3312 1912 omnis

74 1938 285 1992 omnium
313 1945 629 1992 sanctorum
658 1937 988 1993 adornatur:
1017 1948 1072 1993 et
1106 1954 1219 1994 rem
1249 1941 1418 2011 ipsam
1448 1941 1626 1996 dimit-
1657 1944 1704 2006 Β
1732 1950 1969 2000 eertator
2025 1943 2199 1999 tribus
2249 1943 2423 1998 modis
2474 1945 2789 2014 agonizans,
2841 1945 2924 2001 vel
2978 1961 3084 2001 uno
3119 1948 3308 2002 horum

74 2040 242 2095 tenes,
270 2030 324 2085 id
363 2038 470 2096 est,
503 2029 788 2100 imagines,
821 2046 940 2102 quae
969 2033 1168 2102 scripta
1199 2033 1266 2088 de
1307 2033 1629 2105 imaginibus

72 2125 189 2179 intus
216 2133 397 2188 erant,
449 2123 800 2179 reciderunt:
849 2124 990 2195 quod
1034 2136 1292 2181 extremm
1343 2107 1629 2182 dementiae

71 2231 122 2272 ('5!
135 2260 148 2272 .

117 2310 313 2365 Sancta
343 2311 585 2380 synodus
613 2310 746 2365 dixit
777 2329 790 2365 :
835 2312 1138 2366 Auatheina
1166 2313 1274 2368 sint
1301 2313 1393 2384 qui
1426 2314 1627 2370 recide-

70 2408 190 2464 runt,
231 2401 552 2456 etinsidiati
586 2402 744 2456 sunt!

112 2494 220 2550 Leo
267 2496 650 2551 sanctissimus
695 2497 984 2568 episcopus
1031 2495 1247 2553 Phocis;
1295 2497 1475 2554 dixit:
1530 2497 1630 2555 Hic

66 2587 259 2655 quidem
304 2587 480 2642 codex
523 2586 649 2641 folia
692 2588 954 2658 perdidit;
1006 2589 1060 2642 in
1111 2589 1332 2645 civitate
1363 2599 1543 2645 autem
1573 2591 1628 2646 in

65 2693 148 2745 qua
189 2677 398 2744 habito,
455 2693 620 2749 supra
685 2679 903 2751 triginta
949 2679 1164 2736 codices
1213 2681 1630 2736 combusserunt

64 2768 171 2838 igni.
1191 2777 1196 2782 ’

113 2859 322 2914 Sabbas
353 2859 845 2916 reverendissimus
887 2862 1186 2917 monachus
1213 2869 1268 2917 et
1292 2862 1630 2933 hegumenus

63 2951 344 3006 monachus
389 2951 704 3006 monasterii
741 2951 914 3006 Studii
958 2952 1133 3007 dixit:
1185 2952 1349 3007 Moris
1398 2961 1498 3019 est,
1536 2953 1628 3008 do-

59 3041 197 3107 mini,
221 3042 312 3098 his
358 3043 450 3112 qui
487 3041 616 3098 cmci
656 3051 799 3107 sunt,
853 3058 957 3098 non
988 3043 1171 3098 videre
1216 3043 1392 3097 lumen
1426 3061 1439 3096 :
1471 3041 1629 3110 hujus

60 3133 118 3186 rei
149 3132 325 3202 gratia
378 3131 456 3186 illi
489 3131 583 3203 qui
647 3132 775 3188 caeci
848 3140 974 3186 sunt
1029 3132 1228 3196 anima,
1287 3130 1626 3186 obtenehrati

57 3235 185 3278 sunt.

1730 2042 1951 2105 superat
1988 2033 2220 2098 hostem,
2275 2032 2593 2104 deceptione
2626 2035 2852 2100 scilicet,
2907 2046 3000 2090 aut
3034 2036 3168 2108 lege,
3216 2045 3311 2092 aut

1729 2125 2058 2198 tyrannide:
2110 2124 2206 2180 sed
2257 2123 2392 2180 duos
2453 2125 2667 2196 penitus
2725 2127 3001 2183 dimittens
3058 2137 3311 2199 tanquam

1729 2215 1947 2271 inutiles
1975 2222 2030 2270 et
2075 2230 2178 2270 non
2231 2216 2502 2286 proprios,
2555 2214 2649 2270 sed
2699 2231 2872 2286 neque
2928 2219 3024 2274 hos
3075 2219 3208 2274 duos
3242 2220 3310 2275 ad

1724 2321 1952 2374 agonem
1982 2305 2291 2360 commodos
2314 2304 2408 2378 [ac
2432 2321 2497 2360 ne
2525 2306 2610 2360 his
2652 2306 2892 2376 quidem,
2925 2318 3148 2378 propter
3169 2327 3306 2381 quos

1727 2405 2002 2451 certamen
2041 2403 2146 2462 est,
2195 2395 2362 2470 eom.]
2406 2396 2489 2452 vel
2537 2397 2826 2467 prolicuos,
2865 2402 2968 2454 dux
3011 2410 3066 2455 et
3107 2417 3310 2473 propu-

1727 2495 1921 2557 gnator
1948 2495 2172 2542 noster:
2212 2487 2326 2542 sive
2369 2487 2512 2542 enim
2561 2487 2711 2544 fraus
2757 2489 3063 2544 simulatam
3103 2491 3298 2547 habeat

1726 2578 2030 2644 victoriam,
2064 2593 2226 2649 prave
2265 2589 2653 2650 repugnantem
2698 2577 2908 2652 fugans,
2955 2581 3070 2638 sive
3123 2592 3307 2656 tyran-

1728 2670 1812 2725 nis
1854 2669 2210 2725 irrationabili
2242 2671 2291 2724 vi
2320 2670 2585 2736 obtineat,
2634 2687 2739 2726 non
2783 2688 2849 2728 ex
2896 2689 3052 2744 atque
3100 2673 3307 2731 faciens

1725 2762 2168 2832 congressionem
2220 2777 2233 2813 :
2296 2760 2626 2830 reliquorum
2681 2776 2800 2831 qua:
2843 2777 3050 2816 morem
3096 2778 3305 2833 nequa-

1727 2867 1890 2924 quam
1930 2851 2246 2907 disceruens
2275 2851 2342 2906 ad
2373 2851 2644 2905 luetamen
2676 2849 2933 2924 {exteros
2975 2853 3162 2910 modos
3198 2869 3307 2910 non

1729 2946 2053 3016 approbatis,
2087 2943 2154 2998 ad
2205 2943 2266 3016 1.]
2314 2944 2456 3015 quod
2497 2944 2794 3000 secundum
2835 2943 3012 3017 legem
3040 2956 3147 3014 est,
3178 2963 3305 3018 pro-

1728 3051 1970 3108 gressus,
2013 3045 2067 3090 et
2117 3051 2337 3091 carnem
2381 3050 2664 3092 assumens
2717 3051 2909 3092 massae
2948 3054 3066 3108 qua:
3092 3041 3309 3095 occide-

1731 3139 1831 3192 rat,
1877 3129 2171 3184 animatam
2209 3127 2390 3183 anima
2440 3128 2690 3186 rationali
2740 3137 2902 3200 atque
2934 3129 3301 3196 intellectuali,

1731 3235 1956 3277 manens
2005 3219 2147 3290 quod
2189 3227 2326 3284 erat,
2367 3227 2422 3274 et
2460 3219 2572 3275 suis
2612 3235 2716 3274 non
2768 3235 2980 3286 carens,
3020 3222 3200 3277 omnia
3247 3225 3310 3278 fit

110 3317 418 3372 Demetrius
451 3315 564 3372 Deo
588 3315 834 3372 amabilis
866 3315 1124 3372 diaconus
1166 3324 1220 3370 et
1262 3313 1626 3386 sccnophylax
1656 3305 1700 3366 C
1731 3316 1934 3385 absque
1976 3321 2222 3384 peccato,
2254 3322 2454 3384 quanta
2501 3322 2554 3367 et
2591 3328 2657 3367 ex
2703 3313 2899 3383 quibus
2925 3323 3007 3370 est
3037 3316 3219 3380 homo,
3256 3326 3312 3371 et

55 3407 170 3479 legit
197 3429 218 3463 :
481 3485 484 3488 .

55 3525 376 3579 Constantini
434 3524 646 3578 diaconi
704 3534 749 3577 et
789 3520 1227 3593 Wchartopliylacis
1281 3521 1626 3593 sanctissima:

113 3595 207 3650 Dei
238 3611 446 3666 magna:
477 3593 749 3666 Ecclesiw_
773 3590 1315 3666 Constantinopoleos,
1360 3591 1414 3646 in
1449 3607 1626 3645 omnes

105 3663 628 3736 sanctos'martyra,
661 3664 814 3733 cuius
842 3663 1053 3717 initium
1081 3673 1152 3717 est
1180 3674 1200 3713 :

109 3780 316 3836 Christi
358 3779 574 3851 quidem
613 3775 954 3833 festivitates.
983 3775 1053 3831 Et
1097 3784 1217 3846 post
1263 3775 1386 3830 alia.
1425 3772 1627 3829 Deinde

47 3869 406 3936 arbitramini,
451 3868 592 3938 quod
637 3867 724 3923 isti
756 3867 1032 3932 dixerunt,
1080 3866 1170 3936 qui
1215 3865 1451 3934 litigant,
1483 3862 1624 3933 quod

48 3963 96 4016 in
122 3978 227 4018 aere
243 3961 390 4036 [Gr.,
416 3963 531 4017 arb.
563 3977 680 4026 vos,
712 3961 966 4017 dixerunt
987 3957 1216 4029 judices,
1247 3957 1386 4029 quod
1417 3957 1468 4010 in
1492 3954 1622 4028 rere]

47 4071 107 4108 ac
133 4054 396 4125 lapidibus
422 4053 646 4108 salutem
679 4051 962 4118 faciamus,
1002 4061 1186 4106 etnon
1231 4049 1297 4104 ad
1334 4048 1626 4120 quamdam-

47 4145 297 4199 virtutem
344 4143 624 4214 providam
654 4149 709 4196 et
747 4141 1128 4212 protectricem
1175 4141 1538 4210 inspiciamus,
1591 4154 1623 4194 a

48 4251 151 4304 qua
178 4235 337 4291 nobis
365 4234 567 4305 Optima
615 4231 964 4287 obtinentur?
993 4230 1061 4286 Et
1091 4231 1361 4301 quomodo
1388 4231 1625 4300 pictores

48 4336 104 4380 et
131 4327 398 4396 lapidarii,
429 4334 696 4396 martyres
720 4323 992 4389 dixerunt,
1039 4321 1446 4378 simulacrorum
1487 4320 1625 4375 mul-

49 4418 329 4473 titudinem
379 4423 721 4480 construunt,
763 4414 930 4469 variis
970 4411 1158 4468 formis
1200 4413 1620 4484 conligurantes,

44 4517 100 4562 et
123 4507 334 4579 templis
363 4505 631 4577 alligent?
659 4514 714 4561 et
735 4521 830 4561 vos
861 4503 1145 4560 sacrificiis
1171 4505 1286 4559 lucc
1310 4503 1620 4570 celebratis,

45 4607 374 4653 secretorum
401 4595 830 4670 {diﬁcultatumj
873 4595 1194 4651 solutionem
1235 4595 1302 4649 ab
1329 4594 1410 4650 eis
1431 4610 1622 4664 exspe-

45 4689 285 4744 ctantes?
307 4688 452 4756 Quid
473 4696 657 4742 autem
686 4696 742 4740 et
769 4685 907 4756 apud
942 4687 1072 4741 vos?
1109 4684 1321 4757 tyranni
1356 4684 1620 4754 persecuti

48 4789 187 4834 sunt.
227 4778 364 4834 Nam
399 4793 564 4850 quam
600 4777 864 4839 asseritis,
904 4774 1156 4830 divinitas
1206 4774 1258 4828 in
1300 4772 1624 4844 imaginibus

47 4885 146 4925 non
195 4871 497 4926 exaratur?
541 4868 823 4936 Quomodo
853 4881 982 4936 ergo
1033 4867 1188 4922 nobis
1233 4864 1373 4920 male
1421 4864 1620 4928 dicitis,

49 4963 471 5032 superstitiosius
528 4962 584 5017 in
643 4960 912 5016 similibus
962 4959 1171 5016 actibus
1225 4956 1426 5030 positi?
1480 4955 1622 5028 Ergo

47 5056 289 5120 quoniam
321 5064 379 5111 et
407 5053 587 5125 nobis,
615 5068 650 5107 ο
673 5052 902 5120 judices,
943 5052 997 5107 in
1027 5049 1312 5123 exquisitis
1351 5048 1624 5118 vitupera-

50 5142 274 5200 tionibus
313 5143 613 5214 imaginum
653 5141 924 5210 picturam
968 5140 1276 5204 conlicitis,‘
1302 5136 1387 5192 eia
1421 5138 1489 5192 ab
1520 5138 1619 5192 ho-

49 5246 153 5286 rum
183 5248 372 5290 errore
415 5241 472 5288 et
517 5229 876 5300 ambiguitate
924 5247 1021 5288 vos
1045 5229 1426 5293 liberabimus,
1472 5227 1624 5283 dixe-

49 5336 158 5364 *ν
187 5337 482 5390 mrlt'res.
509 5322 635 5378 Non
670 5320 816 5375 enim
841 5321 1199 5389 divinitatem,
1245 5334 1368 5374 cum
1395 5317 1620 5388 simplex

642 5407 784 5446 "-‘nu
822 5409 1004 5454 Γανηιὶε
1020 5411 1346 5454 "nihl-0d!!!“
1369 5417 1419 5450 nl
1440 5407 1623 5450 ησηνία

1733 3421 1839 3462 non
1888 3407 2130 3478 putative
2169 3419 2432 3476 apparere
2482 3419 2610 3460 caro
2657 3405 3022 3461 dissimulans.
3077 3407 3141 3461 Et
3187 3419 3310 3478 post

1728 3515 1897 3570 pauca
1931 3513 1946 3552 :
1977 3499 2145 3569 igitur
2174 3497 2402 3553 formam
2447 3497 2498 3552 in
2527 3513 2632 3567 qua
2673 3495 3076 3554 demonstratus
3099 3509 3205 3564 est,
3249 3509 3306 3553 et

1729 3609 1850 3649 cum
1873 3592 2180 3646 hominibus
2203 3597 2688 3656 conversatusest,
2725 3585 2923 3644 tabulis
2945 3590 3305 3662 depingimus,

1729 3685 2161 3741 recordationem
2199 3683 2391 3739 salutis
2417 3699 2537 3752 qua:
2584 3696 2679 3752 per
2721 3696 2844 3736 eum
2891 3681 3031 3737 facta
3085 3691 3192 3748 est,
3227 3682 3306 3738 di-

1726 3777 1852 3831 vina
1877 3773 2052 3845 eﬁgie
2097 3772 2388 3837 facientes;
2418 3781 2473 3826 ct
2517 3772 2635 3828 non
2668 3772 2961 3827 secundum
2994 3788 3089 3828 vos
3123 3773 3304 3828 varias

1727 3866 1926 3939 figuras
1971 3865 2267 3922 secundum
2320 3864 2462 3934 quod
2507 3873 2766 3934 putantur
2811 3859 2960 3937 '[Gr.,
3014 3863 3298 3936 placuerit,

1725 3955 1992 4029 putatur],
2024 3956 2331 4010 derivantes
2357 3963 2449 4008 aut
2472 3953 2796 4025 sculpentes.

1799 4050 2055 4106 Tal-asins
2095 4047 2469 4104 sanctissimus
2506 4047 2818 4117 patriarcha
2866 4047 3004 4102 dixit
3036 4067 3046 4101 :
3101 4044 3302 4119 Pagani

1726 4150 1944 4212 pr0pter
1974 4139 2111 4195 idola
2162 4147 2427 4211 martyres
2455 4137 2907 4203 condemnabam,
2964 4146 3015 4193 et
3056 4138 3306 4194 dicebant

1725 4230 1805 4286 eis
1838 4248 1852 4284 :
1893 4228 2059 4298 Cujus
2103 4229 2177 4284 mi
2227 4229 2399 4300 gratia
2437 4227 2681 4290 certatis,
2725 4237 2780 4282 et
2811 4235 3024 4282 nostras
3054 4225 3304 4281 similitu-

1726 4319 1879 4374 dines
1925 4318 2211 4383 recusatis,
2261 4317 2523 4372 habentes
2554 4326 2608 4370 et
2655 4316 2754 4385 ipsi
2795 4315 3042 4386 proprias
3080 4315 3306 4392 iconas?

1727 4408 1908 4464 Sancti
1941 4422 2070 4462 vero
2104 4406 2502 4477 respondebant
2536 4423 2547 4458 :
2580 4403 2686 4460 Sed
2731 4420 2828 4459 nos
2870 4419 2974 4457 non
3011 4404 3298 4458 simulacra

1726 4501 2028 4556 daemonum
2080 4499 2334 4563 facimus,
2372 4498 2466 4552 sed
2510 4497 2606 4551 Dei
2637 4494 2800 4550 Verbi
2847 4497 2938 4566 qui
2992 4496 3303 4550 incarnatus

1725 4599 1828 4656 est,
1856 4591 2040 4645 iconas
2082 4589 2328 4652 facimus,
2355 4597 2410 4642 et
2437 4595 2748 4641 sanctorum
2779 4581 2894 4652 ejus
2929 4603 2942 4634 ε
2981 4600 3084 4638 non
3119 4593 3297 4639 tamen

1727 4680 2044 4736 deilicamus
2066 4692 2180 4733 eas.

1796 4771 2021 4827 Cosmas
2073 4768 2184 4824 Deo
2237 4763 2484 4837 amabilis
2522 4764 2784 4819 diaconus
2843 4773 2899 4820 et
2958 4765 3301 4820 cuhuclesius

1726 4861 1899 4919 dixit:
1926 4861 1992 4916 Et
2032 4861 2173 4915 hunc
2200 4858 2438 4914 codicem
2481 4869 2640 4927 quem
2685 4854 2822 4922 fero,
2854 4857 3056 4927 quique
3094 4855 3306 4913 Veteris

1724 4964 1809 5011 est
1838 4951 2194 5016 Testamenti,
2235 4948 2455 5007 scholiis
2483 4946 2852 5017 adjaceutibus
2882 4949 2935 5004 in
2976 4949 3304 5018 patriarchio

1725 5047 2032 5104 invenimus
2064 5066 2077 5101 :
2109 5046 2343 5102 habebat
2371 5051 2553 5098 autem
2577 5037 2820 5095 scholion
2858 5040 2913 5094 in
2938 5037 3308 5096 defensionem

1721 5137 2038 5208 imaginum.
2088 5136 2262 5192 Porro
2305 5133 2656 5190 insidiatores
2699 5128 2953 5187 veritatis
2999 5130 3314 5188 deleverunt

1726 5233 1968 5290 scholien
1997 5251 2008 5286 :
2042 5241 2097 5288 et
2121 5232 2300 5287 videte
2329 5227 2484 5284 illud.
2526 5225 2921 5280 Verum-tamen
2966 5223 3195 5279 obscure
3223 5241 3316 5296 ρετ»

1728 5333 1844 5390 ret;
1878 5326 1974 5382 sed
2000 5325 2175 5381 videte
2201 5320 2355 5383 illud,
2396 5311 2700 5376 honorandi
2731 5310 2952 5372 Patres.

1799 5417 1943 5456 Illum
1984 5410 2472 5456 νοωνοηιιίαιὶιηιια
2513 5407 2738 5448 Πιὶεωοε
2769 5407 3025 5452 "nn-400%
3053 5409 3291 5450 ρηδίοοιιι
