3924 5712
455 460 595 520 ’567

1674 448 2036 508 ANASTASH
2073 449 2609 508 BlBLlOTiIECARlI

3656 459 3751 521 328

454 584 541 629 «et
560 587 881 645 quiscunque
903 572 958 625 in
984 578 1124 625 terra
1150 569 1415 632 deorsum,
1440 574 1486 621 et
1508 582 1830 638 qua’cunque
1848 566 1903 620 in
1928 560 2079 637 aquis
2108 571 2156 631 Α
2253 563 2488 623 Joannes
2515 569 2624 624 Deo
2652 567 2897 625 amabilis
2926 570 3224 646 presbyter,
3258 575 3557 644 monachus
3580 582 3635 631 et
3660 577 3752 632 turi

492 668 676 724 subtus
717 676 956 721 terram:
995 679 1100 720 non
1144 661 1391 717 adorabis
1423 676 1507 727 ea,
1542 676 1704 731 neque
1746 659 1936 714 servies
1974 656 2080 713 illis

495 759 695 833 (Exod.
721 773 810 824 xx,
848 756 1002 812 Deut.
1031 756 1108 826 v).
1140 752 1437 810 Scholion:
1482 751 1549 807 Et
1588 751 1635 807 si
1665 749 1896 806 facimus
1932 748 2085 804 simi-

495 852 777 909 litudinem
824 848 1105 906 hominum
1133 847 1231 902 Dei
1265 842 1556 911 cultorum,
1589 859 1697 898 non
1740 841 1808 897 ad
1851 839 2088 897 adoran-

494 944 628 999 dum
666 951 727 998 ut
782 940 934 1006 deos,
992 938 1088 994 sed
1141 945 1202 993 ut
1254 937 1523 1003 videntes,
1570 934 1638 990 ad
1683 932 2084 989 aemulationem

494 1036 736 1107 ipsorum
785 1031 1083 1089 veniamus.
1129 1029 1199 1084 At
1227 1034 1362 1084 vero
1401 1027 1447 1083 si
1504 1026 1731 1082 facimus
1778 1021 2087 1081 similitudi-

498 1140 596 1183 nes
621 1122 848 1191 Christi,
871 1138 977 1179 non
1013 1130 1074 1178 ut
1112 1119 1523 1177 similitudinem
1554 1117 1864 1181 adoremus,
1894 1115 1990 1172 sed
2020 1120 2080 1169 ut

498 1234 653 1277 mens
676 1218 911 1274 videndo
940 1218 1008 1273 ad
1037 1214 1316 1287 superiora
1345 1213 1505 1268 volet.
1554 1209 1670 1267 Non
1716 1210 1860 1264 enim
1892 1207 2086 1279 imagi-

498 1326 624 1368 nem
665 1308 1066 1382 corruptibilem
1094 1305 1464 1379 corruptibilis
1490 1303 1728 1361 hominis
1754 1304 2083 1368 adoramus;

493 1402 595 1459 sed
642 1402 895 1472 quoniam
956 1401 1097 1456 Deus
1162 1399 1413 1470 dignatus
1477 1407 1561 1452 est
1601 1392 2090 1451 inconvertibiliter

500 1498 620 1554 ﬁeri
647 1499 836 1565 homo,
864 1497 1095 1553 facimus
1138 1494 1259 1568 ejus
1301 1494 1515 1550 iconam
1562 1502 1621 1545 ut
1665 1488 1917 1553 hominis,
1961 1487 2090 1543 licet

499 1590 733 1647 scientes
762 1604 886 1644 eum
936 1598 1125 1643 natura
1174 1586 1364 1641 Deum.
1398 1581 1516 1637 Non
1543 1595 1674 1651 ergo
1702 1581 1877 1652 ipsam
1917 1577 2089 1633 Deum

502 1685 714 1739 iconam
739 1681 986 1743 dicimus,
1016 1677 1111 1733 sed
1155 1677 1323 1732 Deum
1367 1672 1511 1747 [ϐπ-η
1545 1669 1817 1743 novimus]
1842 1668 2089 1725 videntes

504 1776 560 1830 in
588 1774 745 1830 icona
770 1771 1063 1842 depictum,
1092 1767 1245 1839 cujus
1267 1765 1675 1824 similitudinem
1700 1762 1863 1819 habet
1890 1761 2088 1833 imago.

500 1864 677 1919 Porro
721 1860 915 1933 pagani
960 1866 1230 1923 errantes,
1281 1853 1671 1912 similitudines
1716 1852 1849 1909 deos
1891 1849 2083 1922 pratdi-

2187 669 2434 719 sorvator
2454 657 2810 717 Orientalium
2832 664 3142 733 pontiﬁcum
3165 665 3338 721 dixit:
3361 664 3565 723 Verum
3588 668 3755 725 dicen.

2186 749 2313 806 dum
2339 759 2455 818 cSt‘;
2482 751 2607 806 mali
2626 767 2809 809 mores
2829 753 3045 812 codices
3068 755 3468 812 incendendum
3494 773 3559 813 ac
3591 758 3757 815 iconas

2184 843 2545 916 frangentium
2571 843 2886 902 lucidiorcm
2909 850 3259 905 ostenderunt
3285 850 3591 906 veritatem.

2257 936 2513 994 Tarasius
2556 938 2932 996 sanctissimus
2972 941 3277 1011 patriarcha
3313 943 3500 1001 dixit:
3535 944 3649 1000 Non
3682 962 3760 1002 so-

2187 1029 2297 1085 lum
2324 1046 2510 1087 sacras
2541 1030 2726 1088 iconas
2773 1042 3073 1101 eraserunt,
3118 1035 3213 1091 sed
3259 1043 3319 1091 et
3360 1036 3668 1109 Evangelia,
3711 1047 3762 1094 et

2187 1122 2289 1178 alia
2313 1124 2553 1193 quaedam
2592 1140 2746 1182 sacra
2779 1143 2792 1180 :
2823 1126 2898 1181 ita
2938 1127 3087 1183 enim
3106 1128 3255 1184 novit
3282 1128 3490 1186 veritas
3522 1146 3760 1202 persecu-

2190 1212 2387 1269 tionem
2418 1228 2574 1283 passa
2605 1216 2915 1285 expressius
2939 1231 3219 1287 apparere.

2261 1306 2569 1379 Stephanus
2607 1310 2903 1368 monachus
2945 1312 3117 1367 dixit:
3145 1314 3333 1369 Adhuc
3354 1323 3411 1369 et
3435 1312 3604 1370 alium
3631 1316 3766 1371 codi—

2189 1413 2305 1454 cem
2354 1399 2616 1456 habemus
2646 1401 2996 1473 depravatum
3026 1419 3057 1458 a
3088 1402 3523 1463 Christianorum
3552 1421 3764 1463 accusa-

2192 1487 2430 1556 toribus;
2461 1497 2516 1546 et
2540 1491 2585 1546 si
2606 1489 2830 1559 iubetis,
2862 1492 3007 1549 hunc
3032 1495 3314 1551 ostendam
3353 1496 3530 1553 vobis.

2265 1579 2462 1636 Sancta
2493 1582 2730 1653 synodus
2757 1583 2895 1638 dixit
2925 1599 2940 1637 :
2967 1568 3315 1641 Dstendatur.

2263 1672 2329 1728 Et
2357 1689 2541 1729 coram
2580 1674 2830 1730 universa
2854 1676 3061 1748 synodo
3092 1684 3341 1733 ostensus
3367 1686 3455 1733 est
3487 1677 3692 1737 habens
3721 1680 3769 1737 in

2192 1765 2400 1823 duabus
2427 1766 2639 1839 paginis
2665 1767 2860 1824 deleta.

2263 1854 2556 1928 Gregorius
2589 1854 2683 1912 Dei
2718 1857 2894 1913 cultor
2916 1858 3200 1931 presbyter
3224 1866 3279 1913 et
3308 1859 3646 1931 hegumenus
3670 1877 3774 1917 mo-

500 1968 653 2022 cant,
685 1955 882 2026 quibus
920 1962 973 2009 et
1020 1950 1319 2007 immolant.
1362 1948 1583 2004 Delatus
1623 1954 1708 2002 est
1748 1946 1890 2002 alius
1918 1945 2089 2001 codex
2118 1941 2164 2003 Β
2192 1947 2416 2005 nasterii
2443 1947 2741 2005 Heraehitii
2767 1947 2907 2021 [Gr.,
2939 1948 3226 2022 Hyacinthi
3261 1959 3312 2005 et
3343 1951 3464 2005 cod.
3499 1950 3659 2024 Jol.,]
3697 1952 3771 2007 di-

507 2052 716 2106 habcns
762 2044 1263 2119 interpretationem
1295 2040 1612 2114 Scripturae,
1646 2039 1701 2095 in
1731 2054 1837 2109 qua
1871 2037 2090 2109 jacebat

504 2143 878 2214 praescriptum
910 2138 1156 2196 scholion
1185 2155 1199 2192 :
1241 2152 1402 2208 quem
1442 2145 1499 2192 et
1545 2149 1771 2191 sumens
1796 2132 2092 2205 Gregorius

502 2235 616 2290 Deo
647 2233 895 2289 amabilis
938 2231 1229 2303 episcopus
1271 2228 1628 2287 Neocmsariac
1670 2226 1820 2297 legit.
1847 2226 2092 2295 Cumque

505 2324 781 2397 :idjacerct
807 2341 926 2395 qua:
955 2324 1131 2381 deleta
1160 2321 1358 2390 fuerat,
1390 2330 1447 2378 et
1473 2320 1807 2393 relegeretur
1830 2317 1975 2393 [Gr.,
2004 2318 2094 2374 cui

510 2418 793 2487 adjacebat
815 2432 875 2490 q.
912 2418 964 2472 d.
1012 2416 1050 2471 f.
1083 2425 1139 2471 et
1174 2412 1561 2486 relegebatur].

547 2506 839 2565 "Tarasins
877 2508 1256 2563 sanctissimus
1282 2505 1585 2576 patriarcha
1632 2503 1806 2559 dixit:
1852 2501 1980 2558 Haec
2020 2499 2097 2556 fe-

510 2610 699 2657 cerunt
726 2600 817 2671 qui
860 2598 989 2656 dicti
1031 2608 1157 2656 sunt
1191 2596 1527 2669 patriarcha:
1571 2593 1915 2660 Anastasius,
1962 2592 2101 2650 Con-

510 2690 786 2750 stantinus
814 2698 870 2747 ct
906 2687 1096 2747 Nideta
1122 2689 1384 2756 haeretici.

570 2772 902 2840 Theodorus
935 2781 1308 2839 sanctissimus
1332 2780 1618 2852 cpiscopus
1639 2779 1968 2853 Myrensium
1993 2777 2102 2851 Ly-

507 2875 607 2932 ciae
632 2876 808 2931 dixit:
839 2875 895 2931 Si
932 2879 1081 2931 esset
1121 2875 1410 2930 thesaurus
1450 2874 1551 2930 iste
1596 2882 1723 2931 tunc
1763 2872 2103 2939 manifestus,

521 2981 627 3023 rion
664 2974 809 3021 esset
836 2966 999 3021 homo
1026 2964 1201 3020 laesus.
1228 2964 1333 3020 Sed
1367 2965 1506 3019 Deus
1535 2963 1721 3020 reddat
1747 2963 1834 3020 his
1861 2964 1953 3035 qui
1982 2963 2106 3019 abs-

516 3055 818 3109 conderunt
840 3069 960 3109 eum
988 3054 1046 3108 in
1074 3052 1162 3108 die
1188 3052 1295 3107 illa.

582 3142 900 3201 Theodorus
928 3142 1304 3199 sanetisSimus
1342 3143 1628 3214 episcopus
1665 3142 1881 3198 Catanac
1932 3142 2106 3199 dixit:

517 3234 669 3306 Digni
717 3244 844 3290 sunt
892 3234 977 3289 isti
1026 3234 1394 3300 anathemate,
1446 3236 1701 3306 quoniam
1741 3234 2110 3291 adulterantes

2193 2041 2272 2098 xit
2305 2059 2317 2097 :
2350 2040 2600 2114 JEqualis
2626 2041 2815 2099 formae
2842 2041 3001 2112 hujus
3027 2043 3224 2110 habeo,
3248 2044 3475 2109 domini,
3505 2045 3739 2102 codicem
3759 2085 3772 2112 ,

2192 2146 2249 2195 et
2270 2139 2313 2195 si
2333 2138 2552 2211 jubetis,
2584 2139 2811 2210 legatur.

2264 2231 2332 2286 Et
2380 2233 2651 2303 accipiens
2695 2231 3003 2304 Stephanus
3050 2230 3385 2298 monachus,
3431 2240 3491 2287 et
3529 2232 3776 2289 librorum

2195 2333 2399 2389 custos,
2434 2323 2563 2395 legit
2590 2342 2602 2378 :

2199 2458 2277 2514 De
2301 2457 2672 2514 Ecclesiasliea
2703 2455 2941 2513 Historia
2963 2454 3201 2528 Evagrii,
3223 2471 3289 2511 ea:
3318 2470 3562 2511 sermone
3584 2464 3779 2527 quarto.

2271 2597 2403 2656 Cum
2459 2597 2603 2653 enim
2664 2611 2950 2668 aggressus
3011 2604 3157 2651 esset
3202 2594 3464 2650 adversus
3518 2590 3782 2648 civitatem

2201 2688 2469 2745 Chosrocs
2506 2728 2521 2753 ,
2574 2687 2929 2757 millenosquc
2984 2685 3215 2755 impetus
3266 2693 3526 2755 operatus
3592 2692 3781 2739 terram

2205 2781 2429 2838 multam
2467 2779 2816 2843 cumulassct,
2857 2779 2993 2834 adeo
3030 2784 3091 2832 ut
3127 2791 3309 2832 muros
3345 2773 3592 2830 civitatis
3638 2787 3786 2828 exce-

2205 2878 2392 2942 deret,
2434 2890 2640 2931 necnou
2677 2882 2731 2929 et
2768 2873 2901 2928 alias
2940 2871 3218 2927 machinas
3251 2869 3580 2932 censuisset,
3626 2864 3786 2921 incili-

2207 2981 2390 3023 cacem
2431 2965 2682 3036 patrabat
2718 2978 3018 3035 regressum
3044 2975 3060 3017 :
3086 2961 3263 3017 dicam
3299 2969 3479 3014 autem
3508 2973 3635 3028 qua:
3661 2955 3788 3012 facta

2208 3064 2354 3114 sunt.
2402 3054 2754 3125 Prmcipiebat
2780 3053 3047 3110 Chosroes
3077 3050 3445 3122 potentatibus
3473 3050 3593 3105 suis
3626 3048 3788 3119 ligno-

2210 3163 2330 3203 rum
2358 3146 2611 3219 colligere
2635 3160 2882 3216 maguain
2902 3144 3188 3215 quamdam
3210 3151 3416 3198 struem
3447 3140 3519 3196 ad
3545 3140 3789 3196 devasta-

2214 3240 2450 3303 tionem,
2502 3237 2762 3308 cujusque
2808 3236 3046 3293 materia:
3082 3252 3095 3290 :
3131 3250 3253 3307 qua:
3301 3234 3521 3305 quando
3565 3233 3793 3289 collecta:

514 3334 669 3379 erant
716 3324 1021 3389 veritatem,
1065 3335 1121 3380 et
1161 3325 1502 3403 insidiatores
1530 3325 1751 3380 Patrum
1791 3344 1803 3380 :
1837 3336 1891 3381 ct
1919 3325 2008 3398 qui
2042 3325 2110 3381 ab
2137 3310 2181 3374 C
2213 3342 2339 3389 sunt
2375 3331 2611 3387 velocius
2647 3345 2811 3401 quam
2849 3334 3177 3399 praeceptum
3229 3324 3423 3390 fuerat,
3474 3325 3531 3379 in
3574 3322 3793 3379 circuitu

516 3418 597 3474 eis
616 3416 1054 3473 anathematizati
1078 3426 1222 3484 sunt,
1251 3416 1399 3487 digni
1424 3426 1550 3473 sunt
1580 3417 1755 3473 laude.

610 3509 866 3565 Tarasius
919 3508 1295 3565 sanctissimus
1350 3510 1658 3581 patriarcha
1712 3508 1866 3585 [Cr.,
1923 3520 2111 3567 sancta

516 3600 775 3674 synodus]
807 3602 985 3657 dixit:
1019 3600 1111 3670 Vae
1148 3601 1432 3657 animabus
1474 3616 1684 3669 eorum,
1730 3603 1984 3675 quoniam
2023 3616 2112 3657 ve-

519 3694 738 3749 ritatem
781 3693 1182 3751 absconderunt
1202 3694 1219 3748 Ι

593 3783 787 3840 Petrus
819 3784 1195 3840 sanctissimus
1231 3785 1514 3858 cpiscopus
1541 3786 1773 3843 Germiaa
1797 3788 1934 3843 dixit
1965 3806 1977 3840 :
2013 3789 2113 3844 Dc.-

522 3876 737 3930 Ieanlur
763 3876 979 3930 nomina
1013 3890 1199 3931 eorum
1230 3877 1295 3932 de
1334 3877 1473 3933 libro
1513 3879 1826 3943 viventium,
1878 3888 1931 3934 et
1991 3894 2113 3934 cum

518 3966 680 4034 justis
707 3981 810 4022 non
838 3967 1145 4023 scribantur
1172 3965 1343 4038 (Psal.
1376 3967 1588 4040 vam).

593 4059 981 4115 Constantinus
995 4059 1369 4115 sanctissimus
1381 4060 1663 4131 episcopus
1676 4060 2004 4119 Constantia:
2021 4062 2118 4134 Cy-

482 4210 486 4213 ,
523 4153 606 4223 pri
658 4150 795 4206 dixit
822 4165 835 4202 :
859 4151 1180 4207 Benedictus
1208 4153 1378 4219 Deus,
1408 4154 1499 4224 qui
1535 4163 1658 4226 post
1686 4163 1890 4210 tantum
1934 4155 2118 4213 incen-

455 4260 461 4264 ·
527 4243 698 4308 dium,
726 4242 1062 4309 incisionem,
1095 4253 1149 4299 et
1178 4245 1546 4314 abolitionem,
1581 4247 1796 4319 reliquit
1824 4249 1931 4303 illa.

600 4334 917 4391 Theodorus
944 4337 1317 4394 sanctissimus
1341 4340 1626 4411 episcopus
1648 4339 1978 4412 Myrcusium
2020 4343 2120 4414 Ly-

527 4428 626 4481 cia:
650 4427 784 4482 dixit
817 4446 829 4481 :
859 4426 960 4495 Qui
995 4429 1109 4484 hch
1136 4428 1401 4497 fecerunt,
1433 4432 1669 4497 domine,
1704 4442 1999 4503 posuerunt
2042 4435 2121 4487 lu-

528 4536 748 4574 cernam
779 4536 929 4584 suam
960 4523 1059 4578 sub
1089 4524 1285 4579 modio.
1340 4524 1446 4581 Sed
1474 4527 1788 4581 benedictus
1822 4530 1960 4582 Deus
1983 4569 1996 4593 ,
2029 4528 2118 4596 qui

529 4611 762 4665 ostendit
792 4612 845 4665 in
875 4603 1109 4667 tenebris
1140 4613 1319 4668 lumen
1355 4614 1547 4670 salutis
1572 4617 1584 4670 !

2213 3424 2434 3496 propius
2471 3436 2676 3494 ponens
2710 3429 2911 3476 terram
2959 3419 3011 3474 in
3058 3417 3292 3475 medium
3321 3416 3474 3488 iecit,
3515 3423 3576 3472 et
3618 3424 3796 3471 contra

2214 3515 2447 3573 frontem
2490 3512 2726 3570 civitatis
2763 3512 2893 3568 ibat.
2935 3509 3132 3581 Sicque
3172 3508 3431 3582 paulatim
3473 3504 3799 3578 superaediti-

2215 3607 2352 3663 catis
2375 3605 2532 3679 lignis
2554 3614 2716 3677 atque
2745 3603 2987 3674 pulvere,
3022 3603 3410 3672 civitatemque
3445 3599 3666 3665 adiens,
3694 3607 3801 3653 tan-

2217 3710 2327 3756 tmn
2356 3701 2409 3755 in
2434 3699 2601 3754 altum
2623 3697 2834 3762 extulit,
2856 3705 2912 3752 et.
2933 3711 3144 3751 murum
3170 3693 3442 3760 excessit,
3477 3700 3541 3767 ut
3558 3691 3803 3763 superius

2216 3795 2424 3865 sagittae
2447 3801 2638 3848 contra
2669 3805 2764 3846 eos
2791 3789 2881 3862 qui
2922 3805 3021 3860 pro
3058 3788 3279 3862 civitate
3307 3785 3540 3856 perituri
3572 3791 3729 3840 erant
3751 3783 3798 3835 in

2220 3902 2375 3941 muro
2407 3885 2515 3956 jaci
2574 3882 2903 3938 viderentur.
2949 3880 3115 3951 [gitur
3146 3877 3363 3950 quando
3412 3876 3467 3932 hi
3514 3877 3611 3947 qui
3652 3877 3801 3946 depo«

2220 3974 2544 4045 pulationem
2576 3972 2939 4044 patiebantur,
2969 3979 3170 4025 terram
3190 3968 3447 4024 videbant
3465 3982 3640 4039 prope
3660 3966 3801 4037 quasi

2223 4076 2455 4123 montem
2510 4064 2943 4135 proﬁciscentem
2974 4061 3094 4118 urbi
3123 4060 3487 4141 appropiare,
3520 4059 3801 4130 gloriosos-

2220 4174 2326 4229 quc
2374 4159 2555 4213 hostes
2603 4156 2856 4222 existere,
2899 4161 2956 4208 et
2994 4152 3245 4209 similiter
3288 4150 3570 4207 civitatem
3614 4150 3806 4221 pedites

2225 4252 2579 4322 ingressuros,
2611 4249 2754 4303 ultro
2784 4247 3162 4321 macl‘iinantur
3190 4246 3335 4320 [ϐπ.
3375 4260 3612 4316 esseque
3655 4245 3709 4299 in
3749 4259 3806 4297 eo

2226 4346 2426 4407 hostes,
2474 4352 2532 4396 ιιι
2580 4342 2854 4396 civitatem
2899 4339 3110 4411 pedites
3156 4338 3596 4411 ingrederentur,
3646 4338 3807 4406 prima

2225 4435 2342 4491 luce
2383 4431 2784 4505 machinautur]
2830 4449 2896 4488 ex
2939 4432 3166 4487 adverso
3192 4441 3351 4486 terra:
3375 4431 3673 4500 congeriei.
3701 4442 3811 4500 qum

2225 4526 2360 4596 apud
2417 4526 2687 4580 ltomanos
2739 4540 2903 4596 agger
2950 4524 3291 4595 appellatur,
3346 4522 3552 4580 fossam
3601 4524 3811 4586 subtus.

2224 4633 2387 4692 quam
2441 4616 2702 4672 fodientes
2755 4617 2877 4670 hinc
2934 4625 3132 4670 terram
3172 4605 3455 4681 fecerunt,
3500 4624 3560 4671 ut
3593 4615 3811 4670 ﬂammis

600 4704 820 4759 Cosmas
882 4705 991 4760 Deo
1050 4706 1296 4762 amabilis
1351 4706 1610 4764 diaconus
1672 4718 1727 4764 et
1788 4710 2126 4767 eubuclesius
2159 4705 2469 4787 D[ducerc,
2502 4720 2559 4766 et
2587 4700 2720 4766 inde.
2741 4710 2916 4781 ignem
2941 4707 3229 4773 emittere;
3274 4713 3335 4761 ut
3376 4704 3635 4778 ﬂammis]
3679 4704 3810 4776 ligna

531 4795 705 4863 dixit:
734 4796 1038 4852 Invenimus
1065 4805 1244 4852 autem
1284 4806 1337 4852 et
1365 4795 1607 4855 codicem
1653 4800 1795 4856 hunc
1837 4802 1887 4856 in
1933 4819 2120 4860 sceno-

534 4884 779 4955 pliylacio
803 4873 1187 4941 venerabilimn
1210 4887 1568 4945 oratoriorum
1595 4891 1928 4959 patriarchii,
1953 4895 2124 4949 conti-

1804 5001 1817 5035 :
1869 4999 1989 5038 cunt
2040 4985 2125 5040 bis

535 4988 749 5030 uenient
799 4978 1137 5031 diversorum
1199 4986 1494 5048 martyrum
1556 4996 1755 5050 agones

537 5078 714 5122 autem
739 5077 794 5123 ct
816 5069 882 5124 de
905 5070 1137 5140 imagine
1158 5086 1262 5125 non
1285 5071 1587 5128 manufacta
1608 5073 2123 5133 Camulianensium.

538 5158 802 5233 l’rzetcrea
836 5158 1043 5232 [porro]
1079 5162 1382 5219 reciderunt
1433 5164 1577 5225 folia,
1627 5166 1679 5220 in
1728 5167 1925 5235 quibus
1971 5175 2127 5221 erant

1306 5274 1318 5310 :
1366 5268 1429 5331 et
1484 5274 1610 5315 ecce
1677 5259 1928 5317 omnibus
2001 5277 2125 5316 cum

541 5253 607 5306 de
662 5253 984 5323 imaginibus
1046 5257 1246 5326 scripta

544 5342 792 5399 ostendo.

508 5468 523 5477 κ
619 5433 846 5491 Michael
874 5422 1242 5491 sanetissimus
1285 5440 1568 5511 episcopus
1608 5443 2000 5513 Synadensium
2049 5445 2130 5499 div

2224 4806 2441 4860 incensa
2486 4816 2736 4873 aggerem
2783 4799 2852 4854 ad
2904 4808 3102 4854 terram
3142 4799 3499 4870 deponerent.
3570 4797 3640 4853 Et
3688 4808 3812 4868 opus

2225 4895 2440 4965 quidem
2487 4900 2921 4949 consummatum
2960 4900 3350 4963 est:aggerem
3391 4901 3576 4947 autem
3605 4907 3811 4948 succcn-

2227 4990 2415 5043 dcntcs
2456 4984 2682 5041 consilio
2718 4983 3018 5039 defraudati
3070 4992 3224 5046 sunt,
3277 4998 3385 5038 non
3436 4985 3672 5040 habente
3703 4984 3814 5055 igm

2229 5075 2682 5143 progressionem,
2721 5075 2862 5129 unde
2893 5088 3017 5130 aere
3042 5083 3259 5144 receptu
3300 5076 3590 5132 materiam
3628 5090 3816 5131 consu-

2233 5179 2378 5220 mere
2403 5174 2604 5234 posset.
2659 5164 2791 5217 Cum
2820 5179 2949 5235 ergo
2990 5165 3042 5219 in
3084 5178 3299 5220 omnem
3330 5166 3688 5223 defectionem
3732 5168 3819 5220 der

2235 5259 2538 5323 venissent,
2587 5256 2838 5314 deferunt
2892 5258 3147 5314 divinitus
3198 5259 3519 5315 fabricatam
3570 5260 3820 5333 [fabrefa—

2236 5347 2400 5421 ctam]
2449 5350 2679 5415 iconam,
2717 5366 2878 5420 quam
2908 5352 3184 5408 hominum
3215 5352 3461 5422 quidem
3487 5370 3680 5410 manus
3720 5368 3823 5410 non

2237 5451 2472 5513 operata:
2508 5452 2636 5499 sum
2667 5462 2679 5497 :
2708 5444 2959 5516 Abagaro
2989 5454 3168 5501 autem
3212 5445 3466 5515 Christus
3496 5447 3658 5515 Deus,
3690 5462 3821 5521 quo

588 5524 623 5544 τ’
699 5521 757 5542 η
778 5523 1026 5564 Amn'i'“
1052 5525 1280 5574 ‘n‘mML
1332 5532 1669 5584 g2"‘CliSﬁillm
1699 5535 1933 5590 “nmine.
1965 5537 2132 5589 falsos
2240 5536 2382 5586 uiam
2425 5552 2546 5584 olim
2578 5539 2763 5594 videre
2799 5539 3085 5596 gestiebat.
3116 5541 3440 5599 transmisit.
3481 5543 3636 5599 Hanc
