3924 5488
158 465 257 520 569

870 439 1423 516 innumeram
1462 456 1710 514 SYNODI
1751 455 1836 511 vn
1878 454 2284 512 cenemus.
2325 487 2392 498 -
2432 445 2635 518 Aeno
2683 472 2736 512 ν.

3329 461 3440 516 370

159 578 273 632 ﬁdei
299 575 644 644 operantium
673 550 860 638 adfuit,
889 582 943 628 et
973 573 1112 642 quod
1152 573 1302 642 prius
1343 580 1462 626 erat
1501 570 1607 625 illis
1648 569 1746 622 im-
1777 572 1820 629 Λ
1849 583 1915 623 eo
1941 578 1996 623 et
2029 566 2330 623 confortato
2355 567 2602 639 plurimis
2630 569 2830 634 verbis,
2857 569 3041 626 abibat
3065 569 3132 626 ad
3153 573 3436 642 proprium

158 667 422 740 possibile,
462 665 844 737 perﬁciebatur
871 683 884 717 :
914 664 1170 718 continuo
1197 663 1392 734 quippe
1424 671 1744 731 receperunt

157 758 417 812 ﬂammam
446 757 613 826 ligna,
642 765 695 810 et
722 757 885 810 verbo
917 752 1200 809 confestim
1245 754 1298 807 in
1340 754 1563 823 pruinas
1588 767 1740 807 versa

156 854 521 926 superioribus
546 853 1009 924 impartiebantur,
1038 851 1217 905 omnia
1245 851 1362 921 igne
1390 851 1516 906 hinc
1541 858 1594 903 et
1619 848 1742 904 inde

155 948 452 1018 porrigente
476 943 622 1017 [ατη
648 955 703 1000 et
736 946 880 1000 dicto
915 944 1077 1000 citius
1108 944 1159 998 in
1185 943 1406 1012 pruinas
1434 957 1586 997 versa
1619 955 1737 1011 sup.

156 1042 272 1108 imp.
299 1055 350 1092 ο.
381 1039 416 1093 i.
453 1035 823 1108 depascente].

216 1130 318 1184 Leo
357 1127 843 1184 rereremiissimus
867 1127 1040 1182 lector
1068 1143 1274 1197 magna:
1301 1127 1554 1182 Ecclesize
1581 1129 1741 1199 regia“:

156 1222 687 1291 Cottstaminnpoleos
729 1221 903 1276 dixit:
936 1221 1002 1276 Et
1031 1237 1129 1292 ego
1154 1222 1404 1291 indiguus
1435 1236 1625 1276 servus
1659 1235 1742 1275 ve-

155 1328 274 1378 ster,
298 1331 418 1371 cum
453 1315 859 1370 descendissem
890 1315 957 1368 ad
994 1313 1207 1385 Syriam
1249 1331 1370 1368 cum
1420 1315 1583 1385 regiis
1613 1330 1740 1385 apo-

156 1408 400 1462 crisiariis
425 1448 440 1469 ,
492 1407 572 1464 fui
611 1408 825 1464 Edessa:
850 1450 863 1472 ,
901 1418 956 1462 et
994 1424 1203 1463 sacram
1244 1423 1307 1461 ac
1345 1424 1450 1462 non
1492 1408 1738 1463 manufa-

156 1489 300 1557 ctam
335 1501 560 1556 iconam
603 1500 708 1555 vidi
755 1516 786 1554 a
847 1501 1090 1556 fidelibus
1142 1501 1392 1555 honorari
1443 1501 1649 1570 pariter
1685 1508 1739 1556 et

154 1590 369 1645 adorari.

218 1681 465 1737 Tarasins
498 1683 885 1738 sanctissimus
917 1684 1227 1754 patriarcha
1257 1683 1392 1737 dixit
1427 1701 1440 1737 :
1471 1682 1738 1738 "esterno

157 1773 230 1827 die
267 1774 751 1829 reverendissimus
797 1776 1131 1844 hegmneuus
1178 1775 1450 1829 Maximini
1493 1775 1734 1830 codicem

158 1865 368 1934 paradisi
407 1865 776 1920 atncenissimi
825 1865 1118 1920 Limonarii
1168 1867 1408 1936 protulit,
1460 1877 1515 1921 et
1565 1867 1735 1921 lectus

157 1962 340 2008 estzet
392 1956 700 2023 reperimus
744 1965 800 2010 et
838 1973 934 2010 nos
979 1956 1030 2008 in
1083 1956 1406 2010 bibliotheca
1459 1957 1735 2028 exentplar

159 2047 367 2110 t'jtlsdetll
397 2046 696 2100 Limonarii
731 2048 901 2103 incisa
942 2049 1148 2103 habens
1181 2049 1303 2104 folia
1325 2090 1339 2116 ,
1368 2049 1418 2103 in
1445 2050 1640 2120 quibus
1669 2051 1733 2106 de

160 2133 452 2204 imaginibus
487 2137 694 2206 scripta
717 2139 1026 2207 jacuerant.

218 2229 632 2300 CliristOpborus
677 2231 1052 2288 sanctissimus
1077 2233 1361 2304 cpiscOpus
1394 2243 1594 2288 sanctae
1633 2235 1724 2306 Cy.

162 2321 298 2375 riaea:
335 2321 469 2375 dixit
504 2340 516 2375 :
551 2321 908 2378 Sauctissime
951 2325 1194 2388 domine,
1253 2325 1502 2395 indignus
1547 2341 1735 2380 servus

161 2427 449 2489 praesumam
485 2413 634 2482 loqui
664 2430 848 2469 coram
878 2424 1063 2469 sancta
1104 2424 1158 2468 et
1205 2431 1360 2469 sacra
1407 2425 1572 2486 atque
1616 2417 1736 2470 uni-

166 2505 325 2560 versati
361 2507 591 2577 synodo.
637 2507 991 2579 Propheticus
1016 2523 1197 2563 sermo
1225 2519 1339 2572 est,
1369 2508 1494 2577 quia
1528 2508 1578 2562 in
1613 2525 1737 2576 ape-

163 2597 281 2650 ribus
325 2615 579 2652 manuum
643 2617 860 2654 urorum
913 2601 1312 2669 comprehensus
1365 2611 1439 2654 est
1493 2611 1734 2669 peccator

163 2689 308 2748 (Psal.
332 2692 428 2762 ix).
491 2692 650 2760 Quod
676 2694 820 2748 enim
851 2695 1111 2764 putabant
1145 2695 1402 2750 adversus
1426 2712 1522 2750 nos
1553 2696 1732 2750 facere

162 2780 206 2832 in
241 2784 646 2853 pseudosyllogo
681 2785 770 2839 illo
795 2785 1030 2851 collecti,
1067 2787 1167 2840 hoc
1209 2787 1468 2841 adversus
1516 2803 1610 2841 eos
1653 2786 1732 2840 fa-

164 2882 284 2925 ctum
319 2883 415 2930 est.
461 2876 526 2929 Et
569 2879 812 2945 quaedam
844 2877 1059 2946 quidem
1114 2878 1437 2943 inciderunt,
1484 2880 1729 2949 quaedam

164 2975 270 3016 vero
299 2964 651 3032 falsaveruut,
693 2977 749 3020 ut
795 2967 1136 3024 manifestata
1176 2970 1403 3025 veritate
1433 2980 1732 3040 arguantur

166 3052 436 3122 impietates
482 3073 699 3112 eorum.

223 3143 510 3214 Stephanus
571 3148 867 3204 monachus
907 3158 961 3204 ct
1001 3151 1257 3206 librormn
1308 3159 1491 3206 custos
1544 3153 1723 3208 dixit:

164 3235 314 3289 leex
355 3239 512 3295 datus
541 3239 614 3294 ab
641 3241 938 3311 hegumeno
969 3242 1261 3304 Maximini,
1303 3246 1585 3299 continens
1615 3261 1726 3300 ser-

165 3345 347 3385 monem
377 3333 467 3401 qui
507 3333 735 3388 falsatus
771 3348 852 3390 est
893 3337 944 3390 in
985 3337 1155 3392 altero
1191 3339 1374 3394 codice
1410 3340 1501 3408 qui
1541 3346 1624 3393 est
1659 3339 1725 3393 de

165 3434 308 3476 lCOlllS
343 3436 388 3476 ⁸.

223 3510 277 3565 Et
317 3513 438 3584 legit
468 3516 615 3572 idem
665 3518 975 3588 Stephanus
1027 3523 1322 3576 monachus
1369 3532 1423 3578 et
1464 3523 1724 3578 librorum

167 3612 339 3658 CllSlOS.

609 3680 693 3736 Ea:
715 3684 894 3736 eodem
926 3683 1249 3739 Limouario.

225 3781 464 3842 Dicebant
492 3791 712 3860 quidam
745 3792 1040 3858 seniorum,
1075 3795 1198 3864 quia
1237 3805 1356 3850 erat
1380 3797 1596 3867 quidam
1641 3800 1724 3853 in-

167 3873 319 3931 clusus
371 3880 421 3934 in
469 3895 656 3938 monte
706 3884 898 3940 Oliveti
949 3887 1260 3940 decertatur
1289 3889 1594 3943 maximus:
1631 3892 1726 3944 im-

169 3969 407 4036 pugnabat
436 3985 621 4030 autem
654 3992 775 4030 eum
810 3977 1018 4031 tlzemon
1046 3975 1439 4033 fornicationis.
1478 3981 1722 4047 Quadam

167 4073 273 4129 ergo
297 4063 374 4116 die
403 4082 524 4120 cum
574 4067 622 4121 ei
659 4067 828 4122 valide
877 4069 1206 4133 immineret,
1243 4071 1406 4140 cmpit
1437 4073 1618 4127 senior
1649 4073 1724 4127 la-

171 4154 364 4208 mentari
409 4167 461 4211 et
503 4159 684 4214 dicere
719 4159 990 4226 (immuni:
1047 4160 1335 4230 Usquequo
1389 4181 1493 4217 non
1547 4166 1725 4233 parcis

172 4239 312 4293 mihi?
354 4248 540 4302 recede
578 4249 690 4318 jam
720 4267 748 4302 a
780 4265 885 4316 me,
917 4251 1246 4306 consenuisli
1293 4254 1443 4307 mihi.
1489 4255 1724 4324 Apparet

178 4339 327 4383 autem
356 4334 400 4386 ei
429 4337 638 4392 daemon
669 4339 948 4394 evidenter
970 4341 1154 4395 dicens
1187 4360 1198 4395 :
1236 4341 1362 4395 Jura
1392 4344 1543 4410 mihi,
1577 4345 1720 4415 quod

173 4423 342 4476 tuemini
376 4428 522 4483 dicas
542 4432 684 4500 quod
717 4432 810 4486 tibi
860 4433 1102 4488 dicturus
1146 4451 1287 4499 sum,
1321 4446 1375 4490 et
1418 4447 1469 4491 te
1501 4439 1724 4495 ulterius

177 4524 260 4600 non
286 4513 617 4590 impugnabo.
649 4521 858 4578 Jurarit
881 4525 929 4578 ei
956 4541 1144 4592 senex,
1177 4528 1299 4596 quia
1341 4543 1436 4597 per
1464 4544 1585 4583 eum
1628 4531 1718 4600 qui

175 4597 351 4689 habitat
387 4610 436 4662 in
481 4613 731 4680 excelsis,
783 4631 887 4670 non
935 4616 1110 4671 dicam
1142 4617 1390 4687 cuiquam
1420 4635 1539 4689 quae
1587 4621 1716 4674 mihi

177 4688 360 4750 dixeris.
393 4699 539 4757 Tunc
561 4704 696 4758 dixit
724 4706 771 4759 ei
818 4706 1024 4761 tlzcmon
1057 4726 1069 4762 :
1103 4707 1181 4761 Ne
1208 4705 1399 4762 adores
1429 4688 1566 4763 hanc
1607 4710 1721 4765 ico-

182 4791 301 4847 nam,
331 4796 380 4840 et
426 4797 473 4844 te
523 4792 662 4846 ultra
715 4809 818 4847 non
874 4795 1218 4867 impugnabo.
1259 4796 1500 4852 Habebat
1540 4808 1718 4853 autem

181 4868 325 4942 imago
361 4879 729 4950 figurationem
781 4885 1013 4942 domina:
1051 4898 1248 4943 nostrm
1294 4900 1495 4946 saneta:
1542 4891 1720 4946 Maria:

184 4961 549 5030 DeiGenitricis
607 4977 874 5047 portantis
921 4980 1205 5035 Dominum
1250 4992 1491 5038 nostrum
1535 4983 1719 5038 Jesum

185 5058 434 5123 Christum.
463 5071 598 5128 Dicit
630 5074 868 5130 inclusus
892 5076 1194 5132 daemonio:
1234 5077 1362 5133 Sine
1385 5089 1633 5134 tractem.
1665 5078 1718 5132 In

186 5157 380 5212 crastino
402 5172 572 5218 autem
606 5165 807 5219 indicat
831 5167 932 5222 hoc
958 5168 1137 5223 abbati
1164 5167 1448 5226 Theodoro
1479 5169 1715 5234 ,Εῑίηινν

189 5244 260 5284 ¹¹¹¹⁵
282 5245 524 5294 ¹¹¹¹¹¹²ιει¹πει¹
556 5265 687 5300 “me
718 5256 768 5309 in
795 5256 966 5314 Laura
1001 5261 1388 5326 Pharcnsium;
1421 5247 1473 5319 et
1501 5270 1720 5317 enarrat

1750 4658 1798 4717 D

1848 660 2022 714 locum
2049 677 2224 716 suum.
2249 661 2487 732 Apparet
2510 662 2702 718 iterum
2729 663 2937 718 daemon
2969 663 3196 730 incluso,
3225 674 3282 720 et
3302 667 3442 723 dicit

1845 753 1894 808 ei
1925 772 1938 807 :
1977 753 2116 821 Quid
2155 764 2260 819 est,
2297 755 2437 811 male
2464 757 2662 811 senex?
2692 772 2867 812 nonne
2889 757 3082 827 jurasti
3123 759 3257 814 mihi
3288 761 3440 834 quod

1845 847 2046 901 nemini
2077 847 2318 902 diceres?
2362 857 2416 903 et
2456 851 2726 918 quomodo
2757 859 2950 906 cuneta
2978 851 3160 907 dixisti
3191 853 3434 909 venienti

1845 937 1910 990 ad
1943 938 2028 992 te?
2074 938 2202 992 Dico
2234 939 2351 1003 tibi,
2386 939 2523 994 male
2547 955 2730 1003 senex,
2767 952 2826 994 ut
2854 940 3102 1010 perjurus
3144 940 3436 1012 iudicabo-

1843 1030 1920 1084 ris
1944 1029 1996 1084 in
2029 1028 2115 1085 die
2137 1031 2345 1100 judicii.
2381 1031 2676 1103 Respondit
2701 1033 2749 1090 ei
2785 1033 3023 1090 inclusus
3048 1049 3062 1089 :
3088 1033 3226 1102 Quia
3246 1033 3431 1104 juravi

1841 1123 2078 1194 quidem,
2107 1123 2283 1192 jnravi
2313 1125 2530 1195 utique;
2562 1136 2620 1181 et
2647 1127 2772 1197 quia
2814 1125 3084 1198 perjuravi
3117 1127 3432 1201 [pejoravi],

1841 1215 1954 1270 scio
1982 1233 1995 1270 :
2042 1231 2225 1270 verum
2253 1231 2428 1272 meum
2456 1217 2738 1273 Dominum
2767 1229 2821 1274 et
2843 1218 3098 1275 factorem
3129 1217 3438 1290 perjuravi;

1845 1317 1895 1363 te
1926 1316 2101 1362 tamen
2134 1322 2237 1360 non
2262 1308 2498 1363 audiam.

2315 1421 2390 1478 De
2416 1423 2598 1478 eodem
2625 1423 2958 1481 Limonario.

1911 1535 2274 1593 Narraverunt
2315 1538 2444 1593 mihi
2478 1538 2640 1594 iidem
2675 1539 2862 1596 Patres
2905 1550 2959 1597 et
3006 1542 3108 1598 hoc
3136 1543 3376 1599 dicentes
3409 1563 3422 1600 :

1839 1629 1974 1696 Quia
2016 1629 2069 1684 in
2111 1631 2192 1685 his
2220 1631 2410 1685 diebus
2438 1632 2630 1688 mulier
2673 1635 2915 1703 qumdam
2956 1636 3156 1690 (Zbristi
3193 1638 3422 1692 amatrix

1841 1721 1892 1776 in
1923 1721 2120 1778 ﬁnibus
2150 1721 2387 1793 Apamia}
2437 1733 2655 1793 puteum
2709 1725 2845 1781 fodit
2881 1744 2893 1781 :
2939 1737 2994 1781 et
3037 1729 3201 1783 multa
3225 1747 3426 1799 expen-

1839 1812 1991 1875 dens,
2043 1822 2097 1867 et
2139 1813 2362 1867 multum
2396 1813 2632 1869 laborem
2670 1808 2898 1881 faciens,
2930 1827 2983 1871 et
3015 1819 3066 1872 in
3099 1819 3423 1889 profundmn

1769 1939 1812 1998 Β
1842 1902 2066 1957 multtnn
2113 1904 2464 1966 descendens,
2516 1923 2620 1960 non
2655 1909 2853 1977 reperit
2880 1925 3074 1978 aquam
3110 1930 3123 1964 :
3170 1912 3302 1966 etin
3331 1913 3424 1967 de-

1841 1992 2074 2049 fectione
2096 1995 2259 2048 animi
2293 1996 2457 2050 multa
2489 2008 2608 2051 crat
2633 1999 2826 2053 mulier
2855 2009 2908 2055 et
2940 2004 3424 2073 propterlahorem

1838 2094 1892 2140 et
1945 2095 2166 2154 propter
2212 2097 2476 2158 sumptus.
2524 2087 2706 2143 Senul
2753 2107 2882 2163 ergo
2927 2092 2980 2146 in
3030 2095 3232 2149 somnis
3280 2096 3426 2150 videt

1838 2177 2032 2231 mulier
2055 2180 2341 2247 quemdam
2374 2180 2639 2236 dicentem
2676 2183 2776 2237 sibi
2807 2201 2819 2237 :
2862 2184 3031 2250 Mitte,
3073 2186 3153 2241 fer
3175 2187 3425 2242 similitu-

1836 2267 2016 2323 dinem
2065 2270 2276 2324 abbatis
2317 2270 2624 2336 Theodosii,
2673 2277 2764 2344 qui
2830 2275 2880 2328 in
2938 2277 3156 2348 scopulo
3200 2287 3315 2344 est;
3371 2290 3428 2334 et

1836 2375 2030 2429 aquam
2080 2378 2175 2431 per
2219 2378 2340 2416 eum
2391 2363 2530 2420 Deus
2561 2366 2820 2435 praelebit
2851 2367 2966 2421 tibi.
3024 2367 3212 2424 Mulier
3241 2377 3423 2426 autem

1837 2451 2020 2506 missis
2044 2454 2250 2508 duobus
2275 2458 2583 2511 hominibus
2603 2460 2734 2524 suis,
2761 2462 2968 2530 accepit
2993 2461 3202 2515 icouam
3222 2465 3419 2527 sancti;

1834 2551 1889 2597 et
1923 2545 2162 2612 deposita
2195 2562 2254 2598 ea
2288 2547 2339 2600 in
2380 2556 2618 2616 puteum,
2650 2551 2833 2603 statim
2857 2559 2910 2604 et
2936 2551 3136 2620 absque
3165 2553 3423 2608 dilatione

1833 2651 1972 2706 aqua
1997 2637 2149 2702 exiit,
2184 2639 2253 2691 ita
2287 2648 2345 2691 ut
2372 2641 2631 2695 medietas
2671 2641 2811 2710 putei
2855 2643 3173 2711 repleretur.
3202 2642 3418 2696 Detule-

1835 2737 1960 2780 runt
2001 2742 2127 2798 ergo
2156 2729 2308 2782 nobis
2334 2743 2400 2782 ex
2429 2731 2617 2783 cadem
2644 2746 2803 2800 aqua,
2838 2740 2891 2786 ct
2928 2731 3180 2796 bibimus,
3215 2741 3268 2786 et
3298 2733 3417 2803 glo-

1834 2821 2166 2876 rilicavimus
2195 2823 2359 2877 Demn
2393 2833 2661 2878 nostrum.

2411 2933 2546 2990 Item
2581 2936 2834 3008 ejusdem.

1904 3049 2158 3103 Narravit
2230 3049 2386 3104 nobis
2450 3049 2737 3121 Dionysius
2818 3049 3098 3122 presbyter
3165 3049 3420 3105 Ecclesia:

1831 3141 2116 3196 Ascalonis
2159 3141 2227 3195 de
2275 3141 2468 3196 abbate
2512 3140 2721 3196 Joanne
2771 3143 3136 3206 anachoreta,
3187 3143 3418 3197 dicens:

1833 3233 1968 3300 Quia
1997 3234 2083 3289 hic
2111 3249 2337 3305 magnus
2364 3234 2416 3287 in
2442 3234 2692 3303 praasenti
2720 3234 3066 3303 generatitmc
3095 3233 3196 3287 fuit
3222 3233 3415 3300 homo,

1830 3337 1886 3381 et
1924 3329 1990 3382 ad
2034 3337 2232 3383 statum
2264 3344 2419 3382 suum
2472 3325 2612 3399 [6:2,
2649 3327 2983 3396 probandum
3035 3325 3259 3397 statum]
3309 3325 3420 3379 Deo

1829 3421 2266 3492 beneplacentem
2308 3420 2409 3474 hoc
2449 3421 2514 3475 de
2554 3435 2619 3473 eo
2660 3417 2976 3473 miraculum
3006 3419 3303 3472 asserebat.
3362 3416 3419 3471 In

1828 3529 2012 3584 specu,
2055 3513 2322 3583 inquiens,
2349 3527 2510 3566 senex
2538 3512 2760 3566 selebat
2807 3511 2858 3564 in
2903 3511 3148 3579 partibus
3171 3509 3416 3564 Socchus

1829 3605 2204 3675 possessionis,
2233 3605 2300 3658 ab
2327 3603 2711 3674 Hierosolymis
2738 3602 3007 3657 milliariis
3025 3601 3209 3672 viginti
3243 3600 3412 3656 ferme

1827 3695 2095 3751 distantis.
2142 3693 2431 3765 Imaginem
2475 3702 2655 3748 autem
2695 3693 2928 3749 habebat
2955 3709 3121 3751 senex
3160 3694 3213 3748 in
3245 3709 3411 3764 specu

1828 3798 2030 3844 sanctae
2056 3788 2390 3842 intemerata:
2414 3788 2645 3842 domina:
2677 3796 2876 3843 nostra:
2906 3787 3000 3843 Dei
3040 3787 3333 3844 Genitricis
3362 3796 3418 3842 et

1828 3895 2040 3948 semper
2064 3879 2300 3948 Virginis
2332 3878 2533 3943 Mariae,
2567 3879 2860 3957 habentem
2891 3880 2944 3935 in
2971 3880 3112 3936 ulnis
3135 3880 3413 3936 Christum

1827 3971 2116 4027 Dominum
2181 3981 2447 4028 nostrum.
2513 3973 2952 4045 Quotiescunque
3013 3989 3144 4046 ergo
3202 3973 3416 4028 volebat

1826 4083 2097 4136 quoquam
2141 4083 2386 4138 pergere,
2432 4076 2521 4123 aut
2556 4070 2622 4122 ad
2667 4083 2882 4124 eremos
2933 4068 3274 4139 longinquas,
3321 4075 3416 4120 aut

1827 4157 2256 4229 Hierosolymam
2305 4159 2372 4213 ad
2426 4160 2757 4215 adoraudam
2806 4167 3049 4214 sanctam
3091 4173 3308 4214 crucem
3361 4166 3415 4212 et

1826 4258 2011 4303 sancta
2042 4248 2178 4311 loca,
2222 4248 2303 4301 vel
2339 4250 2502 4304 etiam
2538 4251 2588 4303 in
2631 4248 2762 4304 Sina
2806 4258 2986 4304 monte
3013 4256 3287 4312 oraturus,
3324 4256 3418 4300 aut

1825 4339 1892 4393 ad
1919 4347 2205 4409 martyres,
2243 4339 2333 4409 qui
2360 4340 2427 4394 ab
2456 4339 2843 4412 Hierosolymis
2884 4340 3068 4395 multis
3092 4339 3282 4408 spatiis
3321 4338 3415 4392 ab-

1823 4436 1980 4483 erant
2029 4429 2168 4488 (erat
2211 4431 2355 4482 enim
2395 4431 2603 4485 amicus
2653 4439 2952 4500 martyrum
2984 4428 3180 4498 oppido
3227 4441 3414 4481 senex.

1824 4519 1958 4574 Nam
1994 4535 2136 4573 nunc
2166 4519 2380 4588 quidem
2422 4521 2487 4573 ad
2520 4528 2764 4572 sanctum
2807 4517 3068 4574 Joannem
3119 4516 3412 4585 Ephesum,

1825 4627 1968 4666 nunc
2001 4625 2127 4664 vero
2165 4611 2231 4664 ad
2263 4618 2510 4665 sanctum
2541 4607 2882 4664 Theodorum
2913 4607 3194 4673 Euchaita,
3226 4614 3319 4660 aut
3348 4606 3414 4658 ad

1822 4707 2063 4756 sanctam
2103 4699 2352 4753 Theclam
2401 4698 2701 4753 Seleuciam
2745 4698 3022 4769 pergebat,
3073 4696 3155 4750 vel
3195 4696 3262 4750 ad
3294 4709 3418 4749 san—

1823 4801 1970 4846 ctum
2020 4791 2269 4863 Sergium
2313 4790 2610 4862 Arapham)
2639 4791 2979 4858 perstruebat
3013 4779 3418 4861 [praestruebat]

1822 4884 2103 4940 candelam
2141 4892 2196 4938 et
2228 4881 2608 4944 succendebat,
2634 4881 2793 4935 sicuti
2822 4881 3048 4936 habebat
3077 4875 3422 4936 consuetudi-

1825 4993 1946 5033 nem
1979 4996 1991 5032 :
2025 4986 2079 5031 et
2103 4977 2168 5031 ad
2193 4977 2630 5046 deprecationem
2668 4985 2820 5030 stans
2853 4983 2910 5028 ut.
2949 4974 3051 5028 iter
3085 4970 3423 5049 sibidirige-

1828 5080 1999 5133 I‘L‘llll'.
2031 5067 2242 5122 dicebat
2269 5068 2336 5122 ad
2369 5067 2669 5129 dominam,
2701 5066 2756 5118 in
2783 5064 3072 5136 imaginem
3104 5063 3219 5133 ejus
3241 5069 3428 5118 atten-

1827 5167 2002 5222 dens:
2040 5162 2234 5218 Sancta
2279 5164 2510 5227 domina
2555 5158 2646 5212 Dei
2677 5158 2942 5226 Genitrix,
2988 5160 3240 5229 quoniam
3282 5154 3445 5209 viam

1827 5263 2004 5317 habeo
2049 5258 2258 5327 longam
2301 5267 2389 5323 ad
2435 5251 2838 5321 mubulandum,
2885 5252 3171 5309 multorum
3219 5250 3450 5307 dicunt“

3012 5359 3026 5361 ξ
3042 5359 3086 5364 α-
3128 5345 3341 5380 kqlsnln,
3380 5348 3459 5384 at
