3980 6296
485 349 594 428 su“
1659 369 2018 427 ANASTASII
2059 369 2597 436 uanuomscam.
2993 395 2996 398 α
3653 385 3764 444 571

481 486 758 543 antiquam
777 473 1020 545 quinque
1039 485 1132 532 aut
1155 492 1250 535 sex
1275 487 1537 534 moratus.
1573 478 1731 535 Etsic
1760 480 2070 536 inveniebat
2099 487 2143 546 Α
2176 487 2345 543 rantis
2379 487 2530 545 Ezidi
2567 489 2865 560 levitatem,
2917 495 3150 552 accessit
3192 496 3261 553 ad
3312 513 3462 568 eum,
3509 507 3567 555 et
3593 501 3762 571 coepit

479 561 762 623 candelam
810 563 1117 621 ordinatam
1165 575 1223 622 et
1268 569 1569 635 ardentem,
1601 577 1662 626 ut
1689 587 1809 626 eam
1855 572 1924 627 ad
1965 573 2072 627 iter

478 653 746 727 agendum
791 655 1042 726 egressus
1099 657 1312 716 sinebat
1349 679 1361 714 :
1414 677 1798 734 nunquamque
1843 664 1985 720 illam
2036 681 2068 720 a

476 747 766 817 semetipsa
793 749 1118 806 exstinctam
1143 752 1298 818 vidit,
1330 769 1504 827 neque
1531 771 1560 810 a
1601 771 1794 812 somno
1817 773 2069 827 surgens,

475 851 654 906 neque
675 839 744 894 ab
770 854 955 896 eremo
981 843 1196 901 rediens
1219 846 1273 901 in
1300 847 1638 919 speluncam.

546 929 780 988 Basilius
832 935 1213 994 sanctissimus
1265 941 1552 1012 episcopus
1594 942 1826 1014 Ancyra:
1870 943 2005 999 dixit
2048 963 2067 1000 :

474 1019 913 1080 Demonstratum
939 1037 1042 1094 est,
1085 1032 1230 1100 quod
1273 1032 1497 1104 antiqua
1527 1035 1747 1092 traditio
1770 1035 1840 1092 sit
1881 1051 2066 1094 sacra-

471 1125 592 1166 rum
621 1113 914 1186 imaginum
940 1122 1292 1179 consuetudo.

546 1203 802 1262 Tarasius
837 1211 1209 1270 sanctissimus
1248 1215 1554 1284 patriarcha
1591 1217 1768 1272 dixit:
1806 1216 1926 1274 Jam
1969 1234 2060 1274 sa-

467 1296 585 1350 tiati
615 1312 803 1354 sumus
845 1315 910 1355 ex
941 1305 1180 1372 paternis
1219 1307 1556 1375 testimoniis,
1596 1319 1652 1364 et
1686 1311 2057 1382 cOgnovimus,

467 1386 593 1456 quia
653 1389 830 1458 prisca
895 1394 1115 1450 traditio
1173 1405 1256 1454 est
1304 1401 1692 1456 venerabilium
1763 1402 2054 1473 imaginum

465 1479 689 1536 erectio.
749 1480 1063 1542 Sectatores
1116 1489 1278 1560 igitur
1337 1506 1528 1548 sumus
1579 1503 1891 1550 sanctorum
1949 1493 2053 1550 Pa-

465 1578 630 1626 trum.

532 1663 733 1722 Sancta
783 1669 1025 1739 synodus
1065 1672 1203 1727 dixit
1236 1693 1248 1728 :
1295 1673 1604 1733 Sectatores
1645 1686 1700 1734 et
1731 1677 2048 1734 concordes.

531 1757 838 1830 Stephanus
885 1765 1370 1823 reverendissimus
1417 1771 1713 1826 monachus
1752 1772 1932 1826 dixit:
1983 1772 2051 1826 Et

2174 577 2417 636 divinare
2445 580 2690 651 quaedam
2718 590 2776 638 et
2801 584 3092 654 praedicere
3119 587 3192 644 ei.
3223 588 3304 644 Ex
3332 605 3440 661 quo
3469 590 3637 663 igitur
3669 592 3748 646 fa-

2172 675 2318 724 ctum
2347 679 2450 738 est,
2479 680 2540 728 ut
2569 681 2824 744 acceptus
2852 685 3084 748 tyranno
3103 686 3160 734 et
3187 688 3378 750 gratus
3401 679 3709 738 eﬂiceretur
3738 703 3753 739 :

2171 760 2534 834 Volo,inquit,
2565 767 2739 839 prime
2767 769 3077 827 consiliarie
3102 783 3153 838 ι,
3188 788 3288 842 pro
3311 775 3561 848 symbolo
3594 776 3753 833 bene-

2168 853 2419 910 volentiae
2463 872 2569 927 qua
2614 858 2756 914 circa
2798 871 2851 916 te
2893 859 3086 930 ﬂagro,
3131 863 3340 921 dictare
3387 867 3482 922 tibi
3532 869 3754 924 modum

2168 948 2479 1018 quemdam,
2523 964 2622 1019 per
2667 966 2826 1020 quem
2881 953 3093 1010 facilius
3141 971 3204 1010 ac
3249 957 3480 1014 celerius
3521 959 3752 1029 adipisci

2165 1039 2366 1108 possis,
2389 1048 2449 1095 ut
2483 1041 2712 1096 addatur
2746 1044 2840 1099 tibi
2867 1045 2991 1100 vitze
3020 1036 3321 1118 longitudo:
3347 1060 3402 1104 et
3426 1066 3750 1122 permaneas

2166 1132 2323 1187 annis
2363 1133 2581 1204 triginta
2611 1134 2664 1190 in
2695 1137 2798 1192 hoc
2846 1138 3148 1210 principatu
3195 1149 3305 1208 tuo,
3355 1143 3404 1198 si
3459 1153 3642 1201 tamen
3697 1147 3750 1203 in

2163 1239 2298 1296 opus
2333 1227 2652 1296 perduxeris
2679 1230 2843 1284 verba
2877 1245 3018 1286 mea.
3051 1233 3121 1286 At
3149 1233 3410 1306 insipiens
3440 1237 3530 1293 ille
3563 1247 3747 1310 tyran-

2163 1332 2286 1384 nus,
2313 1327 2495 1374 mente
2519 1320 2745 1375 obtusus
2766 1321 3022 1379 aviditate
3050 1323 3406 1396 longmvitatis
3435 1328 3577 1401 (erat
3598 1331 3742 1386 enim

2160 1417 2372 1464 amator
2394 1409 2709 1466 deliciarum
2733 1421 2788 1468 et
2812 1412 3057 1483 petulans
3085 1413 3398 1492 [petulcusD
3426 1423 3742 1491 respondit:

2159 1499 2294 1568 Quia
2325 1516 2658 1571 quacunque
2682 1502 2999 1568 dictaveris,
3029 1505 3372 1575 paratissime
3398 1508 3540 1566 facio
3570 1530 3582 1566 :
3614 1521 3672 1570 et
3694 1515 3739 1569 si

2157 1589 2268 1646 voti
2298 1606 2519 1662 compos
2541 1591 2824 1658 exstitero,
2851 1595 3104 1652 maximis
3133 1598 3506 1663 te.honoribus
3534 1618 3740 1658 recom-

2154 1680 2430 1751 pensando
2468 1681 2822 1751 locupletabo.
2849 1683 2918 1738 At
2943 1699 3073 1740 vero
3098 1687 3374 1744 veneﬁcus
3405 1699 3573 1761 atque
3601 1693 3739 1748 divi-

2155 1787 2256 1826 nus
2287 1770 2546 1827 Hebrmus
2567 1773 2643 1826 ait
2665 1772 2731 1828 ad
2763 1788 2888 1830 eum
2915 1793 2930 1828 :
2958 1773 3095 1831 lube
3127 1777 3312 1832 statim
3352 1780 3559 1851 absque
3585 1784 3734 1856 omui

458 1845 598 1904 alios
625 1851 842 1907 codices
878 1853 1142 1913 habemus
1169 1859 1236 1914 de
1262 1875 1425 1914 causa
1447 1877 1726 1918 sacrarum
1757 1863 2048 1934 iniaginum
2082 1867 2129 1925 Β
2153 1865 2410 1922 dilatione
2431 1866 2517 1922 vel
2537 1866 2765 1923 induciis
2793 1869 2958 1924 scribi
2985 1885 3082 1940 per
3109 1885 3326 1928 omnem
3365 1874 3730 1946 principatum

461 1953 632 2008 usque
657 1943 724 1996 ad
746 1944 1053 2014 quindecim
1085 1967 1098 2003 :
1127 1958 1183 2006 et
1211 1960 1270 2005 ut
1288 1949 1510 2020 iubetis.

528 2030 785 2093 Tarasius
828 2040 1206 2098 sanctissimus
1249 2045 1558 2114 patriarcha
1597 2045 1781 2102 dixit:
1833 2047 2041 2118 Repleti

455 2133 644 2180 sumus
667 2136 829 2199 atque
857 2133 1120 2187 contenti.

525 2212 725 2272 Sancta
755 2220 993 2290 synodus
1021 2222 1158 2278 dixit
1188 2243 1202 2280 :
1251 2224 1398 2282 Satis
1426 2239 1530 2284 est.

523 2306 783 2366 TaraSius
825 2313 1203 2372 sanctissimus
1233 2319 1538 2389 patriarcha
1569 2321 1705 2377 dixit
1733 2343 1746 2376 :
1775 2321 1950 2390 Quoni

451 2396 880 2456 demonstratum
919 2412 1002 2459 est
1045 2405 1097 2460 in
1127 2410 1452 2477 praecedenti
1499 2410 1752 2478 lectione,
1802 2415 1930 2484 quia
1974 2414 2043 2471 ab

452 2487 718 2555 Hebraeis,
772 2501 826 2547 et
852 2497 1099 2566 paganis,
1147 2507 1204 2553 et
1234 2497 1538 2564 Samaritis,
1595 2521 1660 2560 ac
1705 2505 2037 2575 Maluit-lueis,

449 2587 614 2650 atque
655 2580 1054 2642 Phantasiastis
1106 2602 1357 2646 accusata
1405 2605 1488 2650 est
1531 2596 1772 2654 Ecclesia
1822 2611 2043 2672 propter

445 2673 786 2729 venerabiles
833 2675 1116 2749 imagines,
1167 2692 1221 2738 et
1268 2701 1459 2746 omnes
1499 2691 1780 2748 certilicati
1829 2709 2036 2762 sutums,

439 2761 648 2831 justum
678 2775 762 2822 est
781 2767 945 2823 etiam
974 2770 1196 2828 fratrem
1223 2786 1466 2833 nostrum
1499 2791 1554 2835 et
1581 2782 1837 2838 dilectum
1865 2787 2040 2841 domi-

445 2870 577 2910 num
622 2856 925 2930 Joannem,
977 2873 1035 2918 et
1083 2865 1185 2922 loci
1243 2880 1575 2927 servatorem
1623 2877 2038 2944 apostolicarmn

445 2947 684 3008 Orientis
709 2955 940 3022 sodium,
963 2959 1152 3016 audire
1176 2977 1190 3014 :
1225 2961 1388 3018 habet
1407 2965 1554 3020 enim
1573 2970 1862 3037 quamdam
1895 2971 2036 3027 rela-

445 3042 649 3100 tionem
701 3045 1087 3118 insinuantem,
1139 3055 1280 3110 unde
1325 3058 1556 3128 corporit
1593 3060 1884 3134 imaginum
1911 3066 2034 3120 sub-

443 3137 646 3193 versio.

2146 1951 2646 2032 tuumencyclicam
2676 1961 2980 2032 epistolam,
3023 1971 3083 2018 ut
3128 1979 3344 2020 omnem
3388 1966 3730 2037 imaginalem

2142 2053 2404 2122 picturam
2421 2051 2534 2108 sive
2549 2052 2602 2107 in
2621 2053 2836 2118 tabulis,
2852 2053 2966 2108 sive
2987 2069 3082 2124 per
3101 2057 3308 2112 musiva
3333 2057 3387 2113 in
3402 2075 3467 2129 pa
3477 2059 3722 2123 rictibus.

2142 2143 2256 2198 sive
2284 2142 2338 2197 in
2368 2143 2516 2198 vasis
2537 2143 2707 2198 sacris
2733 2151 2790 2198 et
2814 2145 3053 2200 vestibus
3083 2144 3355 2210 altarium,
3372 2156 3426 2203 et
3454 2160 3720 2220 quotquot

2142 2235 2514 2307 ulziuseemodi
2533 2236 2872 2307 reperiuntur
2888 2238 2941 2293 in
2970 2240 3179 2296 cunctis
3191 2240 3624 2299 Christianorum
3647 2260 3730 2300 ec-

2141 2325 2346 2392 clesiis,
2373 2326 2739 2382 exterminare
2766 2342 2832 2383 ac
2862 2327 3103 2398 perfecte
3129 2328 3402 2401 deponere
3432 2327 3720 2406 [extermi-

2142 2425 2293 2482 nent,
2325 2432 2388 2473 ac
2409 2432 2465 2488 p.
2494 2416 2786 2490 deponant]
2814 2435 2827 2470 :
2855 2433 3064 2475 necnon
3102 2429 3158 2476 et
3197 2429 3466 2492 quotquot
3494 2425 3551 2480 in
3583 2423 3715 2481 foris

2141 2506 2418 2562 civitatum
2441 2507 2508 2563 ad
2536 2515 2784 2562 ornatum
2812 2519 3015 2564 suntet
3039 2510 3288 2567 decorem
3313 2512 3366 2567 in
3393 2529 3718 2588 quacunque

2141 2599 2510 2655 similitudine.
2541 2599 2680 2668 Quin
2724 2598 2939 2656 Satanze
2985 2603 3218 2674 maligna
3253 2605 3574 2675 operatione
3604 2623 3714 2663 mo-

2142 2699 2230 2746 tus
2268 2690 2436 2746 falsus
2472 2692 2690 2747 divinus
2731 2693 2957 2760 addidit,
3007 2708 3224 2750 omnem
3265 2694 3717 2754 similitudinem:

2139 2793 2546 2854 argumentatus
2583 2786 2708 2852 hoc,
2747 2795 2808 2841 ut
2847 2785 3244 2858 importabilem
3278 2790 3596 2846 ostenderet
3623 2790 3726 2845 iui-

2140 2878 2399 2932 nticitiam
2438 2894 2600 2948 quam
2643 2886 2831 2934 contra
2861 2895 2960 2935 nos
2985 2878 3222 2936 habebat
3253 2880 3393 2954 [Gr.,
3422 2882 3642 2950 callide,
3672 2893 3729 2939 ut

2139 2971 2338 3026 nullam
2389 2970 2754 3042 suspicionem
2804 2986 2915 3027 suae
2955 2984 3144 3028 contra
3174 2988 3270 3028 nos
3297 2973 3601 3030 inimicitia:
3630 2975 3727 3030 da-

2141 3061 2268 3135 ret}.
2313 3062 2412 3117 Ast
2441 3072 2724 3134 tyrannus,
2765 3061 3081 3132 deceptione
3110 3071 3323 3134 captus,
3352 3063 3479 3119 huic
3502 3064 3727 3122 levitate

2141 3170 2272 3211 usus
2321 3155 2836 3212 obsecundavitzet
2897 3156 3120 3213 mittens
3171 3158 3420 3228 deposuit
3468 3159 3538 3214 ab
3577 3161 3724 3216 omni

517 3227 717 3284 Sancta
751 3235 988 3303 synodus
1015 3235 1194 3292 dixit:
1225 3239 1289 3294 Et
1315 3243 1632 3311 quaerimus,
1663 3247 1897 3314 domine,
1933 3268 2032 3305 au-
2063 3225 2108 3288 Ο
2139 3244 2416 3316 provincia
2456 3259 2576 3315 quae
2617 3245 2718 3300 sub
2758 3245 2874 3316 ipso
2919 3255 3063 3311 erat,
3099 3225 3321 3303 sanctas
3343 3248 3634 3321 imagines,
3671 3262 3726 3306 et

441 3317 564 3373 dire
586 3319 660 3376 dc
680 3321 802 3378 hoc.

510 3410 748 3472 Joannes
801 3422 1288 3482 reverendissimus
1323 3431 1617 3488 monachus
1667 3443 1723 3490 et
1773 3435 1877 3494 loci
1920 3453 2033 3495 ser-

442 3511 602 3561 ‘vator
628 3508 982 3568 Orientalium
1026 3517 1362 3587 pontificum,
1390 3537 1419 3576 a
1449 3523 1671 3593 pittacio
1698 3525 1848 3600 legit.

514 3597 647 3656 Volo
675 3617 776 3673 ego
801 3605 1019 3662 humilis
1053 3617 1108 3664 et
1145 3620 1465 3669 cunctorum
1492 3597 1818 3676 novissimus
1849 3632 2031 3679 osten-

436 3690 564 3746 dere
576 3707 700 3748 cum
713 3697 858 3752 omni
875 3699 1100 3756 veritate
1113 3716 1300 3758 coram
1315 3710 1566 3776 prmsenti
1580 3726 1643 3766 ac
1653 3727 1709 3768 sa
1718 3723 1837 3768 ncta
1852 3726 2028 3772 vestra

435 3787 492 3834 et
515 3796 668 3836 sacra
709 3787 935 3856 synodo,
972 3790 1205 3858 qualiter
1235 3801 1292 3848 et
1325 3797 1541 3865 quando
1571 3809 1626 3855 et
1657 3803 1796 3857 unde
1826 3805 2029 3860 habue-

435 3870 510 3926 rit
533 3873 746 3930 initium
789 3879 1020 3948 pessima
1065 3890 1122 3936 et
1161 3883 1272 3940 Deo
1318 3903 1482 3944 exosa
1531 3891 1646 3947 hzec
1681 3893 2024 3954 Christianos

435 3968 810 4024 accusantium
861 3979 918 4025 et
965 3972 1228 4044 imagines
1276 3981 1729 4055 conlringeutium
1762 3989 2022 4048 haeresis:

433 4058 759 4125 compendio
804 4060 1070 4118 duntaxat
1114 4070 1384 4126 sermonis
1430 4073 1507 4126 uti
1561 4089 1883 4144 procurans,
1929 4096 2026 4151 per

431 4148 680 4204 chartam
699 4149 938 4219 iudicavi
968 4154 1168 4212 bonum
1197 4159 1310 4214 fieri
1339 4164 1729 4231 narrationem,
1757 4148 2025 4239 quatenus

433 4237 512 4292 nil
542 4254 630 4295 me
657 4243 905 4300 veritatis
946 4245 1135 4304 lateat.
1173 4252 1412 4308 Arabum
1447 4257 1628 4327 itaque
1649 4262 1738 4330 qui
1770 4237 1886 4319 sine
1912 4263 2024 4320 Deo

429 4339 584 4396 sunt,
628 4343 844 4391 mortuo
888 4346 1146 4410 tyranno,
1183 4343 1234 4397 id
1267 4355 1350 4414 est
1405 4349 1716 4406 consiliario
1745 4351 2019 4423 (Seleman

430 4430 612 4478 autem
641 4435 759 4480 erat
789 4427 948 4498 hujus
971 4435 1192 4504 nomen)
1232 4435 1281 4489 ci
1326 4441 1586 4495 successit
1626 4442 1856 4501 Umarus
1881 4461 1896 4500 :
1925 4447 2018 4516 qui

433 4515 499 4570 ad
532 4517 898 4588 principatum
928 4524 1253 4591 ascendens,
1279 4543 1401 4584 uiox
1426 4533 1730 4592 accersicns
1760 4515 1963 4608 pepulit
1984 4552 2016 4594 e

428 4605 574 4664 fossa
611 4609 910 4679 projectum
951 4613 1092 4694 [Gr.,
1116 4632 1150 4673 e
1178 4618 1318 4676 fossa
1355 4620 1778 4700 proﬁciendum}
1819 4605 2012 4685 ldasal-

428 4714 572 4756 mam
612 4717 641 4755 a
688 4712 830 4760 terra
861 4705 985 4772 hac,
1029 4725 1152 4763 cum
1202 4722 1345 4766 esset
1385 4715 1555 4770 hostis
1592 4718 2007 4776 iusanissimus:

429 4793 523 4864 qui
569 4795 755 4866 magni
800 4797 894 4853 Dei
946 4807 1002 4854 et
1050 4800 1351 4859 Salvatoris
1407 4808 1576 4861 nostri
1628 4807 1754 4864 Jcsu
1807 4811 2014 4866 Christi

426 4887 642 4956 gratia,
695 4898 750 4944 et
803 4892 1166 4948 sanctissimae
1217 4896 1310 4950 Dei
1361 4899 1639 4967 genitricis
1690 4917 1810 4970 quae
1858 4903 2007 4958 illum

425 4977 659 5050 peperit,
705 4999 825 5038 cum
872 4985 1190 5044 confusione
1241 4988 1406 5043 multa
1447 4999 1502 5044 et
1545 4993 1846 5060 perditione
1883 5010 2008 5063 pro-

426 5072 557 5140 prizn
603 5071 1002 5133 Saracenorum
1054 5079 1259 5134 militiae
1313 5096 1564 5141 reversus
1611 5091 1696 5138 est
1771 5082 2006 5154 Syriam,

427 5167 507 5222 uil
549 5184 737 5225 eorum
785 5187 904 5242 quze
961 5176 1218 5244 sperabat
1275 5176 1520 5246 adeptus.
1572 5176 1782 5234 Mortuo
1829 5188 2008 5234 autem

2139 3337 2384 3392 residuas
2426 3336 2848 3392 similitudines:
2878 3346 2934 3392 et
2979 3338 3081 3394 hoc
3134 3339 3295 3393 modo
3345 3354 3452 3393 nou
3492 3355 3725 3411 parcens

2134 3428 2437 3498 deturpavil
2464 3427 2735 3484 Ecclesias
2752 3429 2845 3485 Dei
2871 3444 2970 3500 per
2988 3429 3286 3486 veneficum
3306 3431 3594 3488 llehmum
3621 3436 3723 3489 sub

2134 3531 2400 3593 potestate
2427 3537 2521 3576 sua
2557 3521 2710 3588 sitas,
2759 3532 3048 3593 antequam
3080 3524 3386 3594 perveniret
3421 3524 3628 3580 malum
3654 3527 3719 3581 ad

2133 3623 2335 3668 terram
2394 3613 2574 3668 istam.
2627 3613 2797 3669 Porro
2843 3613 3172 3684 fugientibus
3229 3615 3340 3671 Deo
3393 3617 3719 3674 amabilibus

2130 3704 2481 3769 Christianis,
2534 3721 2602 3760 ne
2643 3706 2878 3776 propriis
2901 3705 3150 3763 manibus
3180 3707 3560 3764 subverterent
3591 3726 3717 3765 sai:-

2131 3804 2246 3851 ctas
2277 3795 2561 3866 imagines,
2593 3795 2851 3853 Hebraeos
2896 3797 3004 3853 Deo
3049 3798 3302 3864 odibiles,
3335 3807 3391 3855 et
3423 3799 3714 3858 vilissimus

2127 3886 2337 3942 Arabes
2392 3887 2775 3959 angariabant,
2822 3888 2913 3958 qui
2942 3889 3138 3944 adhoc
3169 3889 3318 3944 missi
3362 3899 3522 3944 erant
3564 3892 3713 3956 Amic

2129 3979 2220 4035 rari
2249 3997 2262 4033 :
2294 3978 2479 4049 sicque
2521 3979 2880 4035 incendebant
2919 3979 3256 4035 venerabiles
3296 3981 3504 4046 iconas,
3537 3993 3592 4036 et
3621 3984 3710 4036 do.

2127 4087 2248 4128 mos
2291 4071 2642 4128 ecclesiarum
2694 4073 2852 4127 modo
2875 4073 3089 4142 quidem
3122 4073 3394 4141 linientes,
3423 4075 3586 4131 modo
3613 4093 3710 4130 au-

2127 4170 2234 4218 tem
2265 4163 2567 4218 eradeutes.
2597 4163 2804 4230 Quibus
2831 4163 3056 4230 auditis,
3081 4164 3582 4236 pseudoepiscopus.
3604 4164 3711 4220 Na-

2124 4252 2294 4319 coliae,
2324 4261 2380 4308 et
2408 4253 2460 4308 hi
2486 4253 2578 4322 qui
2605 4255 2750 4309 circa
2779 4255 2954 4326 ipsum
2991 4263 3168 4321 erant,
3205 4255 3399 4310 imitati
3443 4265 3576 4311 sunt
3615 4259 3706 4312 i‘ni'

2123 4364 2258 4419 quos
2301 4349 2557 4405 videlicet
2603 4347 2820 4406 Judaeos
2849 4358 2904 4405 et
2941 4349 3132 4420 impios
3177 4349 3409 4414 Arabes,
3449 4347 3702 4418 iniuriam

2123 4439 2416 4495 inferentes
2459 4439 2711 4503 ccclesiis
2735 4439 2850 4495 Dei.
2875 4439 3088 4496 .lustum
3116 4449 3297 4496 autem
3321 4440 3528 4510 iudicio
3551 4455 3712 4498 sacro.

2121 4540 2302 4588 vestro
2344 4531 2596 4586 intimare
2643 4531 2870 4597 auditui,
2909 4531 3123 4600 qualem
3143 4531 3325 4601 jmiser
3347 4531 3435 4587 ille
3468 4533 3632 4587 finem
3653 4540 3706 4588 et

2122 4625 2393 4682 veneﬁcus
2424 4624 2682 4680 Hebraeus
2720 4625 3038 4696 susceperit.
3071 4623 3204 4680 Cum
3240 4626 3384 4681 enim
3422 4627 3527 4680 hoc
3560 4627 3700 4699 egis-

2120 4725 2203 4773 set
2230 4717 2508 4789 symbulus
2536 4715 2753 4780 Ezidus,
2779 4732 2884 4772 non
2906 4716 3025 4786 plus
3045 4733 3206 4792 quam
3231 4717 3440 4795 duobus
3463 4718 3626 4774 annis
3651 4726 3704 4772 et

2120 4812 2342 4868 dimidio
2391 4812 2579 4866 vivens
2625 4800 2910 4866 defunctus
2946 4821 3049 4874 est,
3096 4818 3151 4866 et
3179 4811 3419 4882 perrexit
3443 4810 3497 4865 in
3524 4811 3702 4883 ignem

2118 4911 2404 4958 :eternum.
2461 4901 2529 4955 Et
2575 4901 2838 4971 imagines
2881 4901 3101 4971 quidem
3157 4901 3210 4955 in
3270 4901 3496 4971 antiquo
3558 4910 3700 4956 statu

2121 5008 2219 5048 suo
2255 5001 2311 5048 et
2349 4993 2554 5050 honore
2610 4958 2876 5048 restitutae
2925 5000 3073 5047 sunt.
3129 4991 3302 5046 Porro
3348 4991 3508 5061 huius
3561 4991 3703 5046 illius

2119 5083 2308 5144 Ulidus
2361 5083 2578 5139 nomine
2630 5084 2980 5156 indignatus,
3046 5093 3301 5156 tanquam
3367 5085 3698 5140 homicidam

2117 5178 2200 5233 sui
2259 5176 2428 5247 patris
2489 5175 2788 5232 veneﬁcum
2855 5176 3166 5246 turpissima
3219 5187 3394 5231 morte
3459 5176 3694 5232 interfici

428 5257 636 5316 Umaro
678 5261 1001 5333 subrogatus
1027 5275 1114 5323 est
1145 5266 1368 5333 Ezidus,
1421 5269 1502 5324 vir
1547 5268 1764 5340 quidam
1795 5270 1926 5326 levis
1955 5279 2012 5326 et
2111 5267 2298 5338 iussit,
2337 5268 2496 5339 digna
2535 5283 2633 5338 pro
2672 5267 2815 5324 facto
2853 5267 3003 5324 falsae
3041 5268 3390 5324 divinationis
3423 5285 3537 5324 sua:
3574 5285 3697 5340 por-

415 5323 665 5412 !mobilis.
701 5323 1047 5412 Eratvautem
1085 5360 1374 5418 Tiberiade
1404 5323 1598 5417 ductor
1627 5363 1844 5433 quidam
1873 5379 2008 5434 prte-

407 5385 796 5514 ivaricatorum
825 5448 1196 5514 Hebraeorum,
1237 5453 1514 5508 veneficus
1543 5455 1778 5514 divinus.
1812 5455 2008 5512 daemo-

429 5446 796 5502 varicatorum
825 5448 1196 5517 Hebraeorum,
1237 5453 1514 5508 veneficus
1543 5455 1778 5520 divinus,
1812 5455 2009 5512 daemo-

423 5555 552 5595 num
609 5542 819 5602 animas
876 5543 1184 5599 laadeutium
1239 5561 1542 5618 organum,
1596 5547 2006 5618 cognominatus

423 5631 882 5706 Sarzmtapcchys,
935 5635 1132 5707 impius
1171 5637 1422 5692 inimicus
1461 5639 1714 5695 Ecclesiae
1746 5640 1860 5695 Dei.
1902 5639 2002 5708 Qui

423 5723 672 5779 videlicet
705 5728 1068 5797 nequissimus
1105 5728 1359 5783 Hebrmus
1388 5747 1509 5788 cum
1539 5731 1814 5788 didicisset
1843 5731 2003 5802 impe-

2117 5367 2343 5414 tantem.

2187 5452 2578 5508 Sanctissimus
2631 5451 2914 5522 episcOpus
2963 5451 3223 5507 Messana:
3259 5451 3397 5506 dixit
3430 5469 3443 5505 :
3479 5451 3544 5506 Et
3597 5466 3695 5522 ego

2115 5545 2371 5615 puerulus
2406 5561 2556 5601 eram
2585 5545 2637 5600 in
2671 5544 2850 5616 Syria,
2879 5561 3000 5600 cum
3035 5544 3434 5601 Saracenorum
3467 5544 3688 5616 symbo-

2113 5640 2196 5695 lus
2226 5639 2488 5712 imagines
2516 5642 2878 5697 subverteret.

2110 5745 2148 5803 ς
2184 5734 2392 5789 Sabbas
2420 5734 2900 5790 reverendissimus
2939 5737 3235 5792 monachus
3275 5743 3330 5788 et
3360 5734 3690 5806 hegmnenus

497 5849 522 5874 λ
554 5821 824 5898 Anastasii
851 5841 1014 5900 verba
1041 5854 1064 5900 :.
1087 5840 1171 5898 Sic
1207 5841 1342 5900 enim
1371 5838 1540 5896 (inm
1567 5843 1826 5911 appellunt
1859 5861 2021 5914 regrm
2062 5845 2479 5900 safllt'eliOl'lllll.

3947 877 3953 902 l

3957 1889 3959 1910 l

3958 2665 3959 2686 l
