3924 5414
180 429 274 485 373

851 416 1408 477 INTERPRETA'TIO
1447 413 1703 474 δϊΝοω
1745 412 1828 470 VII
1867 411 2281 469 GENEllALlS.
2320 442 2388 452 -—-
2426 409 2634 467 ACTIO
2678 410 2761 465 \‘l.

3312 410 3424 471 5⁸η

157 533 446 594 mmsterii
499 531 669 589 Studii
720 530 857 587 dixit
897 550 911 585 :
954 530 1213 591 Domine.
1254 536 1309 583 et
1354 542 1454 584 nos
1508 523 1712 596 indigni
1742 524 1789 585 Α
1818 529 1903 577 est
1952 522 2257 595 depositus:
2315 522 2427 579 Deo
2472 537 2792 594 perosorum
2852 522 3114 593 imagines
3181 523 3419 582 confrin-

158 631 279 685 servi
338 626 638 683 sanctitatis
690 632 796 682 tua:
856 623 1200 695 expetiturus,
1248 631 1308 677 ut
1364 637 1533 677 sacrm
1585 620 1723 675 ima-

157 721 289 792 gines
329 718 679 773 restituantur
717 716 771 771 in
806 714 1090 770 locissnis
1128 712 1281 783 juxta
1324 712 1558 783 priorem
1596 724 1728 765 ron-

157 810 507 875 saetudinem,
542 818 597 863 et
640 818 699 864 ut
744 808 959 864 litanias
999 806 1277 863 celebrent
1320 806 1392 875 pii
1433 803 1723 861 Christiani

160 918 263 957 eam
295 900 418 955 illis.

218 993 461 1048 Tarasius
498 991 872 1048 sanctissimus
913 992 1222 1062 patriarcha
1259 990 1431 1047 dixit:
1469 988 1608 1058 Quid
1649 990 1727 1046 di-

160 1084 281 1148 citis,
309 1085 647 1140 venerahiles
679 1084 876 1140 fratres
901 1084 925 1137 ’ἒ

218 1176 401 1230 Sancta
454 1174 695 1245 synodus
744 1173 922 1228 dixit:
973 1172 1038 1227 Et
1082 1188 1181 1228 nos
1224 1188 1414 1228 omnes
1458 1171 1730 1227 consenti-

158 1284 278 1327 0W3.

214 1362 393 1417 Petrus
442 1361 557 1417 Deo
608 1360 854 1416 amabilis
895 1359 1338 1430 archipresbyter
1364 1344 1569 1413 etwloei
1610 1371 1729 1411 ser-

158 1464 289 1509 vator
313 1452 643 1508 sanctissimi
680 1468 830 1524 papa:
870 1452 1102 1509 senioris
1134 1451 1321 1507 Romae
1364 1450 1496 1521 legit
1519 1465 1587 1506 ex
1625 1449 1730 1521 pit-

160 1547 296 1601 tacio.

214 1637 421 1693 Tarasio
464 1638 812 1693 sanctissimo
860 1635 1408 1707 Constantinopoleos
1443 1648 1596 1689 nevae
1624 1632 1731 1687 Bo-

160 1746 242 1785 mae
262 1728 603 1800 patriarcha,
629 1740 789 1799 atque
814 1728 960 1783 omni
988 1738 1191 1783 sancta:
1220 1727 1346 1784 huic
1364 1736 1420 1781 et
1437 1724 1729 1782 universali

160 1822 333 1894 synodo
376 1821 576 1878 Petrus
615 1820 1055 1893 archipresbyter
1083 1820 1441 1876 sanctissima:
1475 1818 1731 1875 Ecclesiae

1826 613 2065 684 gentium
2115 614 2339 670 haeresis
2383 614 2472 670 hic
2520 613 2878 669 exterminata
2939 622 3041 671 est.
3095 614 3422 672 Benedictus

1828 706 1968 761 Deus
2015 706 2106 776 qui
2146 706 2275 761 dicit
2323 694 2421 776 per
2468 715 2713 762 sanctum
2758 706 3059 777 apostolum
3108 705 3415 764 Joannem:

1829 797 1941 868 Ego
1982 815 2097 852 sum
2140 797 2308 869 Alplta
2338 808 2385 854 et
2417 797 2613 869 Omega
2653 798 2837 870 (Apoc.
2872 815 2910 864 ι,
2939 799 3050 871 22).
3092 798 3424 855 Benedictus

1829 889 1991 952 Deus,
2037 890 2125 958 qui
2157 889 2241 943 hic
2266 889 2318 943 in
2350 888 2540 960 primis
2562 897 2616 944 et
2652 888 2706 943 in
2738 889 2845 945 ﬁne
2870 888 3030 944 tidem
3060 889 3448 945 orthodoxam

1831 981 2204 1037 conﬁrmavit.

1901 1070 2097 1127 Sancta
2146 1071 2382 1143 synodus
2428 1071 2789 1139 exclamavit,
2839 1088 2937 1144 per
2978 1086 3421 1143 unumquemque

1829 1180 2044 1220 versum
2098 1175 2179 1219 ter
2222 1165 2574 1235 pronuntians
2609 1183 2621 1220 :
2658 1165 2925 1221 Diviuitus
2961 1166 3268 1221 sonantium
3313 1165 3419 1219 Pa-

1831 1264 1971 1310 trum
1997 1253 2256 1313 doctrinae
2284 1271 2381 1312 nos
2405 1264 2763 1313 correxerunt
2791 1274 2804 1311 :
2834 1272 2900 1312 ex
2941 1258 3072 1327 ipsis
3107 1257 3433 1313 haurientes

1831 1348 2114 1404 veritatem
2159 1350 2329 1419 potati
2354 1350 2570 1405 sumus!
2606 1350 2711 1406 Eos
2738 1360 3048 1420 sequentes,
3080 1348 3425 1405 mendacium

1831 1440 2101 1512 persecuti
2127 1442 2348 1497 sumus!
2378 1441 2460 1497 Ab
2483 1443 2565 1497 eis
2590 1442 2764 1497 edocti
2794 1442 3135 1499 venerabiles
3160 1441 3453 1514 imagines-

1835 1532 2161 1589 salutamus!
2190 1534 2272 1589 Ab
2302 1533 2383 1590 cis
2412 1534 2557 1589 ducti
2584 1534 2953 1591 adorationem
2982 1549 3103 1605 quae
3132 1547 3229 1605 per
3254 1534 3424 1589 hono-

1832 1642 1945 1682 rem
1997 1626 2094 1692 lit,
2140 1627 2220 1682 eis
2265 1626 2658 1699 impendimus!
2708 1626 2897 1682 Patres
2944 1626 3290 1697 praedicant:
3326 1626 3423 1681 lilii

1833 1721 2145 1778 obedientes
2170 1736 2392 1789 sumus,
2420 1730 2475 1777 et
2503 1720 2942 1791 congratulantur
2969 1722 3023 1775 in
3054 1720 3187 1775 facie
3231 1719 3421 1775 matris

1834 1815 2108 1871 traditioni
2152 1815 2407 1871 Ecclesia;
2446 1814 2726 1871 catholica:
2778 1811 2919 1888 [Cm
2953 1813 3248 1886 gloriamur
3292 1812 3346 1868 in
3381 1812 3419 1867 l‘.

160 1914 304 1969 sancti
328 1929 389 1969 ac
416 1913 711 1969 laudabilis
744 1914 973 1985 apostoli
1003 1913 1173 1979 Petri,
1198 1922 1255 1968 et
1283 1912 1475 1968 Petrus
1500 1913 1726 1983 presby-
1759 1907 1804 1965 Β
1833 1924 1907 1963 m.
1937 1907 2224 1963 traditione
2262 1908 2322 1962 E.
2364 1906 2473 1981 c.]!
2507 1905 2803 1963 Credentes
2850 1907 2902 1962 in
2944 1923 3110 1962 unum
3154 1905 3321 1961 Deum
3367 1906 3423 1961 in

162 2012 307 2059 teret
344 2005 682 2074 hegumenus
720 2004 1036 2059 monasterii
1080 2004 1255 2060 sancti
1307 2003 1521 2067 Sabbaa,
1570 2004 1728 2060 ambo

162 2094 246 2148 loci
274 2102 578 2149 servatores
615 2093 835 2149 Adriani
883 2108 1035 2164 papae
1077 2093 1312 2149 senioris
1358 2092 1591 2149 Romae:
1635 2093 1730 2149 Ju-

162 2199 277 2243 stnni
329 2188 685 2253 arbitramur,
742 2196 803 2242 ut
862 2188 1161 2244 secundum
1223 2187 1726 2258 pronuntiationem

165 2279 379 2333 ouantium
410 2286 684 2344 nostrum,
719 2280 828 2336 imo
846 2278 1004 2349 juxta
1052 2278 1331 2349 antiquam
1384 2278 1730 2335 traditionem

165 2372 409 2428 catholiczc
438 2372 733 2438 Ecclesim,
772 2373 931 2429 sicuti
960 2387 1149 2428 omnes
1179 2374 1349 2428 sancti
1381 2372 1571 2428 Patres
1602 2373 1733 2429 edo-

163 2473 412 2528 ceutnos,
444 2463 718 2518 veniatin
744 2463 923 2520 medio
967 2471 1213 2518 nostrum
1259 2462 1484 2517 colenda
1534 2462 1728 2534 imago,

162 2564 206 2608 et
233 2554 358 2609 hanc
413 2554 720 2609 salutemus
785 2573 797 2609 :
849 2562 905 2609 et
962 2554 1412 2623 quemadmodum
1470 2554 1736 2625 placuerit

162 2647 289 2701 vobis
310 2648 641 2711 sacerdotes,
688 2648 1033 2717 pronuntiate
1075 2661 1239 2716 snper
1289 2646 1409 2701 hoc.
1474 2648 1541 2702 Et
1588 2646 1735 2703 aliud

163 2739 416 2808 capitulum
471 2742 844 2812 suggerimus,
903 2751 961 2795 ut
1014 2754 1203 2797 ornues
1258 2740 1734 2810 conscriptiones,

162 2846 261 2901 qua:
287 2845 469 2888 contra
506 2834 860 2890 venerabiles
903 2834 1166 2904 imagines
1215 2833 1371 2889 factae
1412 2843 1558 2900 sunt,
1612 2850 1736 2890 eum

162 2925 471 2982 anathemate
536 2926 873 2993 deleantur,
940 2926 1023 2982 vel
1086 2926 1195 2996 igni
1270 2929 1552 2983 tradantur
1612 2945 1625 2984 :
1684 2937 1740 2986 et

164 3017 216 3072 de
270 3018 363 3075 hoc
416 3020 664 3091 petimus
728 3021 1101 3091 pronuntiari,
1168 3030 1229 3077 ut
1290 3024 1504 3080 videtur
1569 3038 1739 3079 sacra:

164 3110 361 3179 synodo.

224 3198 402 3256 Sancta
424 3204 678 3275 synodus
699 3204 835 3259 dixit
869 3223 881 3262 :
913 3208 1124 3277 Veniat,
1153 3210 1277 3265 ﬁat!

1833 2003 2096 2059 Trinitate
2136 2003 2487 2070 laudandum,
2518 2002 2857 2059 honorabiles
2886 2002 3167 2075 imagines
3222 2000 3424 2057 saluta-

1832 2099 1983 2154 mus!
2012 2096 2112 2165 Qui
2139 2097 2219 2154 sic
2244 2112 2304 2153 se
2330 2112 2436 2157 non
2475 2096 2695 2162 habent,
2734 2096 3020 2151 anathema
3050 2095 3190 2151 sint!
3221 2094 3323 2162 Qui
3349 2095 3453 2153 ita.

1832 2204 1938 2247 non
1967 2190 2207 2245 sentiunt
2229 2229 2244 2254 ,
2283 2188 2471 2260 procul
2499 2189 2568 2243 ab
2594 2186 3272 2259 Ecclesiapropellantur!
3313 2185 3423 2241 Nos

1832 2281 2109 2351 antiquam
2132 2280 2519 2351 legislationem
2542 2280 2800 2336 Ecclesia:
2815 2278 3096 2334 catholica:
3111 2279 3390 2349 sequimur
3406 2278 3422 2332 !

1832 2373 1942 2431 Nos
1978 2375 2101 2446 jura
2137 2374 2359 2430 Patrum
2390 2375 2807 2431 conservamus!
2838 2372 2947 2429 Nos
2976 2388 3071 2429 eos
3096 2373 3189 2442 qui
3216 2372 3425 2427 addunt

1833 2464 1918 2521 vel
1964 2464 2217 2520 auferunt
2263 2480 2331 2520 ex
2369 2465 2635 2520 catholica
2682 2463 2958 2528 Ecclesia,
2999 2462 3424 2518 anathematiza-

1833 2560 1984 2614 mus!
2031 2556 2139 2614 Nos
2169 2557 2502 2613 venerabiles
2550 2557 2736 2613 iconas
2782 2554 3112 2611 salutamus!
3163 2553 3429 2624 Superin-

1834 2655 2053 2709 ductam
2092 2655 2386 2709 novitatem
2422 2652 2763 2710 Christianos
2790 2650 3161 2708 accusantium
3193 2650 3424 2705 anathe-

1836 2748 2195 2803 matizamus!
2230 2746 2338 2801 Nos
2363 2760 2459 2801 eos
2487 2745 2578 2816 qui
2610 2746 2686 2800 sic
2713 2758 2773 2799 se
2801 2760 2907 2799 non
2946 2742 3169 2806 trahent,
3199 2741 3427 2796 anathe-

1837 2841 1968 2896 mati
2008 2840 2403 2897 submittimus!
2437 2840 2776 2896 Christianos
2814 2836 3226 2902 accusantibus,
3261 2835 3314 2890 id
3345 2844 3429 2889 est

1820 2931 2103 3003 imagines
2131 2929 2595 3001 confringentihus
2637 2927 2954 2984 anathema!
3007 2925 3103 2982 His
3144 2925 3235 2996 qui
3274 2938 3429 2979 assu-

1840 3032 1994 3080 munt
2018 3024 2161 3080 dicta
2189 3032 2393 3079 sancta:
2415 3022 2734 3093 Scriptum,
2758 3036 2879 3092 quae
2898 3027 3025 3077 sunt
3046 3027 3234 3075 contra
3266 3016 3428 3072 idola.

1841 3114 1896 3170 in
1919 3114 2257 3170 venerabiles
2287 3114 2571 3186 imagines,
2598 3112 2918 3168 anathema!
2961 3110 3058 3166 His
3084 3109 3176 3179 qui
3202 3123 3312 3164 non
3339 3122 3429 3162 sa-

1842 3204 2017 3260 lutant
2054 3212 2275 3261 sanctas
2301 3220 2367 3260 ac
2392 3203 2731 3260 venerabiles
2774 3202 3061 3274 imagines,
3103 3196 3430 3255 anathema!

224 3288 401 3349 Petrus
446 3268 559 3351 Deo
606 3297 862 3353 amabilis
903 3268 1345 3376 archipresbyter
1374 3312 1430 3359 et
1469 3302 1574 3360 loci
1621 3318 1737 3359 ser-
1765 3268 1813 3334 θ
1845 3298 1941 3353 llis
1970 3298 2060 3368 qui
2088 3296 2360 3369 appellant
2387 3310 2573 3352 sacras
2600 3294 2864 3367 imagines
2886 3268 3038 3348 idola
3059 3331 3074 3355 ,
3103 3288 3431 3344 anathema!

166 3388 298 3435 vator
336 3385 679 3440 sanctissimi
726 3402 877 3458 papa:
923 3391 1151 3448 senioris
1204 3392 1390 3448 Romae
1436 3394 1573 3448 dixit
1624 3412 1637 3448 :
1683 3392 1741 3449 Si

162 3468 290 3541 jubet
315 3486 498 3531 sancta
525 3484 717 3532 vestra
746 3480 1017 3549 synodus,
1046 3491 1288 3551 ponatur
1317 3484 1557 3539 crastino
1576 3498 1741 3541 vene-

167 3561 325 3619 rabilis
352 3564 528 3637 imago
546 3607 562 3631 ,
602 3574 661 3622 et
682 3582 871 3625 onmes
898 3571 1195 3628 salutemus
1219 3588 1360 3630 eam.

212 3652 410 3711 Sancta
436 3656 690 3729 synodus
731 3659 865 3716 dixit
897 3677 911 3716 :
942 3661 1093 3729 Fiat,
1126 3664 1249 3719 ﬁat!

224 3745 446 3805 Joannes
487 3752 983 3810 revereudissimus
1028 3757 1326 3813 monachus
1370 3760 1649 3831 presbyter
1692 3768 1748 3813 et

169 3834 253 3892 loci
298 3852 547 3897 servator
597 3842 957 3900 Orientalium
993 3847 1312 3916 pontiﬁcum
1362 3849 1538 3903 dixit:
1572 3849 1746 3904 Bene-

172 3926 325 3985 dictus
355 3932 515 4001 Iiens,
560 3935 660 4004 qui
688 3934 1011 4005 gloriﬁcavit
1045 3941 1364 3996 amatricem
1403 3940 1608 3997 Christi
1653 3941 1746 3995 Ni-

171 4024 434 4080 caensium
470 4027 618 4082 hanc
647 4027 923 4085 civitatem
976 4031 1027 4085 in
1069 4032 1259 4088 diebus
1304 4032 1648 4089 Constantini
1693 4044 1749 4089 ct

170 4107 335 4186 Irentel
357 4125 672 4173 amatorum
716 4118 919 4175 Christi
968 4122 1376 4191 imperatorum.
1425 4123 1750 4180 Benedictus

175 4201 296 4259 Deus
314 4209 401 4277 qui
444 4210 700 4266 exhibuit
726 4224 846 4267 eam
877 4212 1077 4284 duplici
1106 4217 1277 4285 gratia
1301 4217 1538 4286 dignam.
1561 4216 1749 4271 Fidem

176 4296 304 4362 prius
332 4301 417 4356 hic
446 4302 706 4358 Christus
731 4306 1044 4375 expressius
1076 4308 1389 4378 explanavit
1424 4324 1440 4363 :
1473 4325 1617 4365 nunc
1657 4326 1751 4364 auo

178 4394 269 4442 tem
302 4407 394 4461 per
415 4405 673 4449 sanctam
712 4396 979 4467 synodum
1011 4398 1152 4455 haue
1182 4401 1603 4470 dispensationis
1641 4415 1753 4456 sua!

178 4479 394 4547 symbola
443 4485 709 4541 omnibus
751 4487 1139 4545 manifestavtt.
1197 4492 1358 4546 Arius
1404 4492 1622 4548 infamis
1667 4493 1755 4548 hic

195 4733 1084 4764 Mm

1724 4738 3233 4763 Μ

1845 3388 1941 3444 llis
1978 3388 2070 3459 qui
2099 3388 2315 3454 dicunt,
2346 3386 2487 3457 quod
2518 3384 2683 3441 veluti
2731 3384 2798 3438 ad
2846 3382 2985 3438 Deos
3030 3378 3324 3436 Christiani
3367 3376 3435 3431 ad

1846 3478 2031 3534 iconas
2070 3476 2362 3542 accedant,
2392 3471 2716 3530 anathema!
2758 3471 2854 3528 His
2898 3471 2990 3541 qui
3034 3468 3439 3525 comnumieaut

1846 3569 2080 3625 scienter
2122 3567 2374 3638 injuriam
2411 3574 2465 3620 et
2497 3562 2932 3619 iuhonoranziam
2964 3557 3321 3615 inferentibus
3348 3568 3436 3608 ve-

1848 3660 2179 3716 nerabilihus
2230 3657 2553 3728 imaginibus
2575 3697 2590 3724 ,
2622 3655 2942 3712 anathema!
2985 3653 3080 3709 llis
3108 3653 3200 3724 qui
3253 3650 3451 3707 dicunt.

1846 3757 1991 3827 quod
2041 3761 2268 3825 excepto
2314 3752 2534 3808 Christo
2576 3751 2688 3807 Deo
2730 3758 2921 3805 nostro
2947 3747 3085 3803 alius
3109 3745 3316 3802 eruerit
3342 3759 3439 3797 nos

1850 3850 1919 3903 ab
1948 3846 2142 3912 idolis',
2173 3845 2499 3901 anathema!
2536 3843 2631 3898 llis
2667 3842 2758 3912 qui
2790 3840 2991 3896 audent
3031 3838 3215 3893 dicere
3244 3836 3438 3892 catho-

1850 3941 2011 4048 licam
2040 3938 2342 3994 Ecclesiam
2374 3936 2514 3992 idola
2542 3934 2830 4007 aliquando
2871 3932 3140 4004 recepisse
3161 3971 3177 3998 ,
3210 3930 3439 3986 anathe-

1852 4026 1973 4067 m3!

1928 4100 2122 4156 Multos
2151 4114 2324 4156 annos
2362 4097 2787 4170 imperatorum!
2820 4094 3156 4151 Constantini
3189 4102 3244 4150 et
3273 4090 3442 4147 [reum

1855 4209 2171 4265 magnorum
2199 4191 2501 4264 principum
2520 4200 2577 4247 et
2599 4190 2985 4260 imperatorum
3014 4186 3212 4243 multos
3237 4185 3459 4241 annos!-

1855 4286 2209 4342 Paciticorum
2230 4286 2618 4357 imperatorum
2647 4282 2846 4339 multos
2869 4283 3069 4337 annos!
3098 4279 3445 4351 Depositores

1857 4379 2112 4435 novitatis
2148 4392 2268 4447 qua:
2306 4376 2513 4447 pridem
2552 4374 2693 4429 facta
2728 4380 2842 4439 est,
2872 4371 3128 4437 Domine,
3155 4368 3441 4427 conferta!

1857 4472 2011 4527 Piam
2049 4470 2149 4531 da,
2188 4467 2446 4532 Domine,
2480 4466 2644 4520 vitam
2684 4462 2798 4519 eis!

1432 4933 1738 5013 ACTIO
1813 4932 2163 5012 SEXTA.

1590 5121 1873 5135 -ι-ῤ

244 5208 297 5265 in
323 5212 535 5269 neruiue
560 5214 787 5271 Domini
811 5223 867 5270 et
890 5216 1250 5274 dominatoris
1270 5215 1396 5274 lesu
1422 5221 1626 5277 Christi
1651 5224 1761 5277 veri

328 5303 447 5332 no-2
510 5303 559 5326 1η
580 5305 760 5346 ,σι-ηιςη
794 5305 1157 5350 niicgﬁmnrum
1183 5314 1237 5346 pl
1270 5308 1567 5350 onainnrnm
1597 5310 1759 5352 (Ὶηιί.

1875 5121 2062 5134 ————.

1794 5251 1842 5311 Β
1866 5222 2074 5277 vinitns
2108 5216 2590 5275 corroboratorum
2617 5205 3011 5273 imperatorum
3034 5209 3357 5274 congregata
3387 5207 3478 5301 es:

1870 5314 1924 5354 in
1954 5312 2312 5364 Νἰθμυυῖηω
2335 5307 2481 5350 θΙΩΡΑ
2509 5297 2797 5336 Μηίωηηιί
2827 5295 3235 5344 ηἶιὶὶπηρηεῖμω
3257 5289 3444 5324 ηνηιιῖη
