3924 5442
457 424 598 526 "375

1668 421 2029 481 suasrasu
2068 408 2629 479 utceternucanu.

3618 406 3737 477 B76

474 534 716 596 ’1'arasio
762 540 903 596 almo
951 548 1003 597 et
1050 539 1392 596 sanctissimo
1440 539 1845 611 archiepiscopo
1890 538 2068 611 magni
2102 540 2145 596 A
2174 528 2386 589 diabolo
2432 542 2489 588 et
2535 533 2783 606 malignis
2825 535 2942 606 ejus
2991 535 3280 593 virtutibus
3310 551 3409 607 per
3452 523 3746 594 daemonica

490 632 726 689 nominis
753 631 1290 702 Constantinopoleos
1330 645 1481 687 nova:
1526 631 1744 697 Romae,
1776 642 1839 687 et.
1862 631 2068 687 Joanne

479 716 556 779 iac
600 721 809 779 'l’homa
870 724 1335 781 reverendissimis
1385 716 1717 796 presbyteris
1764 727 2065 791 monachis,

476 822 546 869 'et
584 815 799 870 vicariis
833 815 1249 886 apostolicarum
1287 816 1494 873 sodium
1534 815 1822 874 Orientalis
1865 819 2067 874 diame-

490 919 632 961 εροε.
1758 917 1762 920 ⁴

564 995 943 1050 Residentibns
985 1010 1200 1066 quoque
1237 1005 1364 1052 ante
1405 999 1832 1055 sacratissimum
1881 1001 2068 1063 ambo-

476 1084 612 1139 'nem
646 1084 826 1154 templi
858 1080 1213 1141 sanctissimae
1235 1103 1298 1143 ac
1323 1100 1528 1160 magna:
1556 1089 1798 1146 ecclesiae
1824 1106 1943 1162 qua:
1970 1107 2065 1149 co-

474 1176 833 1245 gnominatur
857 1177 1055 1248 Sophia
1081 1195 1095 1232 :
1125 1179 1478 1248 praesentibus
1505 1189 1560 1235 et
1584 1182 1923 1239 audientibus
1949 1184 2064 1253 glo-

470 1267 804 1321 Tiosissimis
852 1277 908 1322 et
957 1268 1502 1340 magniﬁcentissimis
1543 1270 1852 1339 Iudicibus,
1899 1275 2068 1331 idest

472 1357 716 1412 ‘Petruna
748 1357 1173 1414 laudabilissimo
1193 1362 1485 1417 exconsule
1508 1363 1759 1431 patricio,
1790 1375 1843 1418 et
1871 1366 2067 1421 comite

469 1447 605 1505 πυρα
621 1451 973 1507 conservandi
1004 1449 1297 1523 imperialis
1322 1453 1599 1524 obsequii;
1630 1464 1685 1510 et
1725 1464 1836 1513 tota
1878 1467 2066 1515 sancta

471 1541 691 1611 'syuodo
736 1543 1030 1597 secundum
1076 1542 1321 1598 ordinem
1369 1544 1459 1615 qui
1507 1548 1854 1618 pragscriptus
1899 1551 2063 1605 estin

473 1633 659 1703 prima
686 1635 899 1690 actione
931 1651 944 1689 :
997 1636 1350 1705 'przescntihus
1375 1638 1538 1692 etiam
1588 1639 1699 1695 Deo
1744 1640 2066 1699 amabilibus

473 1726 927 1781 archimandritis
975 1735 1031 1780 et
1077 1726 1423 1797 hegnmenis,
1471 1736 1636 1799 atque
1670 1730 1821 1784 omni
1873 1736 2064 1786 mona-

473 1816 1041 1888 ehiea'plenitudine;
1079 1816 1371 1888 propositis
1407 1819 1611 1874 sanctis
1635 1825 1688 1874 et
1728 1819 2063 1878 intemeratis

485 1909 580 1964 Dei
611 1908 948 1980 'Evangeliis.
1517 1924 1523 1937 ‘

469 2021 475 2027 ’
555 1999 811 2055 Leontius
856 1998 1011 2073 [Leo]
1064 1999 1294 2072 inclytus
1339 2015 1372 2055 ιι
1414 2001 1642 2057 secretis
1682 2001 1865 2057 dixit:
1907 2001 2066 2059 Novit

483 2098 671 2147 sattcta
701 2096 755 2145 ct
785 2090 937 2146 beata
969 2092 1226 2164 synodus,
1251 2092 1487 2163 qualiter
1508 2093 1561 2148 in
1587 2093 1908 2164 prtecedcnti
1930 2109 2061 2150 con-

484 2190 647 2237 ventu
680 2182 892 2237 diversa
924 2182 1069 2241 dicta
1100 2183 1391 2254 legerimus
1416 2182 1537 2257 [αι.,
1574 2184 1937 2260 digesser’unt]
1976 2186 2062 2242 di-

474 2274 683 2328 vinitus
728 2274 1181 2343 inseqttctsdorum
1222 2273 1624 2351 haereticorum,
1651 2276 1744 2347 qui
1775 2291 2063 2333 accusave-

482 2374 609 2421 runt
636 2376 881 2422 sanctam
914 2375 969 2421 et
998 2367 1398 2424 immaculatum
1423 2367 1852 2424 Christianorum
1880 2369 2062 2426 Eccle-

483 2460 619 2515 siam
646 2462 712 2514 ad
743 2460 1027 2531 crigendas
1055 2476 1241 2517 sacras
1270 2462 1531 2532 imagines
1564 2459 1705 2535 [Gr.,
1735 2464 1805 2519 ob
1833 2464 2063 2519 erectio-

481 2568 606 2607 nem
630 2567 910 2608 sacrarum
934 2551 1273 2624 imaginum}.
1296 2551 1466 2608 Hodie
1484 2561 1661 2608 autem
1686 2568 1796 2624 pra:
1816 2553 2062 2610 manibus

469 2642 755 2699 habemus
783 2644 1095 2698 eorumdem
1142 2642 1480 2700 Christianos
1529 2644 1898 2700 accusantium
1949 2645 2063 2701 bla-

479 2735 778 2806 sphemiam
807 2735 861 2790 in
886 2736 1126 2806 scriptis,
1153 2737 1203 2791 id
1225 2746 1311 2793 est
1331 2737 1617 2793 absurdam
1637 2746 1693 2792 et
1715 2737 2061 2794 evertendam

480 2835 641 2897 atque
666 2842 765 2898 per
788 2842 850 2883 se
875 2827 1302 2898 redarguendam
1335 2827 1701 2883 deﬁnitionem
1745 2829 2060 2902 pseudosyl-

480 2916 619 2987 logi,
650 2916 702 2971 in
731 2916 982 2973 omnibus
1018 2927 1407 2974 consonantem
1452 2918 1631 2989 impiae
1675 2919 1915 2990 opinioni
1951 2920 2062 2977 Deo

479 3007 758 3063 odibilium
784 3008 1161 3065 haereticorum
1188 3027 1202 3064 :
1233 3010 1329 3065 sed
1354 3018 1409 3064 et
1435 3008 1781 3067 artificiosam
1803 3021 1861 3067 et
1884 3010 2061 3068 edica-

478 3098 754 3154 eissimam
782 3098 900 3166 eius
932 3098 1311 3156 refutationem
1334 3139 1350 3165 ,
1381 3107 1545 3170 quam
1579 3099 1814 3170 Spiritus
1841 3111 2060 3161 sanctus

480 3192 683 3261 liquido
720 3192 951 3263 praebuit
1001 3193 1305 3263 (oportebat
1347 3193 1491 3250 enim
1519 3207 1638 3248 eam
1665 3193 1929 3267 divulgari
1969 3208 2097 3263 sa-_

2172 625 2480 693 simulacra,
2511 635 2566 682 et
2591 637 2853 683 creaturae
2880 628 3057 699 potius
3083 624 3242 700 quam
3271 629 3517 685 Creatori
3546 630 3750 685 servie-

2164 724 2315 783 runt,
2339 716 2482 788 juste
2517 717 2814 775 idololatrte
2843 718 3045 774 decreti
3084 729 3210 775 sunt
3239 721 3510 776 nominari
3540 738 3555 774 :
3598 722 3751 793 (quos

2168 806 2243 877 et)
2280 807 2349 863 iis
2394 809 2484 879 qui
2534 807 2815 865 Christum
2864 810 3176 878 induerunt,
3202 820 3255 865 et
3299 812 3474 883 gratia
3522 812 3643 883 ejus
3687 810 3753 867 ab

2168 897 2324 954 idolis
2355 898 2588 966 liberati,
2617 908 2781 972 atque
2806 901 2873 956 ab
2897 916 3086 957 eorum
3118 918 3303 959 errore
3328 904 3547 969 salvati,
3579 904 3755 975 regale

2167 989 2529 1046 sacerdotium
2560 998 2615 1046 et
2638 1006 2771 1062 gens
2798 1003 2984 1048 sancta
3010 992 3207 1059 effecti,
3247 1002 3572 1064 comparare
3595 1004 3751 1065 atque

2167 1078 2417 1135 conferre
2442 1082 2622 1138 conati
2650 1092 2775 1137 sunt
2812 1080 2953 1155 [Gr.,
2995 1092 3123 1140 sunt
3163 1084 3361 1150 etl‘ccti,
3396 1086 3619 1141 inurere
3658 1100 3751 1140 co-

2171 1171 2282 1225 nati
2314 1171 2501 1244 sunt]:
2528 1172 2622 1228 sed
2656 1173 2862 1228 utinam
2894 1189 3047 1230 more
3075 1174 3519 1247 imperfectorum
3547 1175 3749 1230 aborti-

2168 1274 2357 1316 vorum
2386 1276 2509 1317 mox
2534 1270 2657 1317 nata
2679 1263 2844 1320 verba
2869 1279 3058 1320 eorum
3088 1274 3584 1337 corrumperentur
3609 1263 3751 1338 illa,

2166 1363 2422 1424 corrupta
2454 1355 2682 1429 essent],
2701 1348 3027 1427 'priuSquam
3053 1358 3104 1412 in
3130 1354 3371 1413 Ecclesia
3408 1356 3538 1413 talin
3571 1366 3752 1413 essent

2164 1442 2358 1501 effecta
2396 1447 2668 1518 contagia.
2709 1446 2909 1503 Verum
2948 1448 3076 1519 quia
3106 1463 3227 1504 cum
3265 1448 3447 1520 inepta
3470 1458 3680 1515 essent,
3719 1464 3750 1503 ε

2161 1535 2492 1618 quibusdam
2545 1536 2685 1593 lacte
2729 1538 2933 1592 nutrita
2982 1548 3149 1594 sunt:
3180 1538 3311 1594 licet
3352 1539 3420 1594 ad
3451 1538 3753 1611 perfectam

2166 1627 2404 1682 nondum
2435 1624 2811 1698 pervenissent
2837 1638 3073 1698 atatem,
3111 1630 3228 1686 htee
3271 1629 3545 1700 perimere
3581 1627 3751 1700 gladio

2167 1713 2410 1786 Spiritus
2434 1718 2801 1774 necessarium
2843 1719 3108 1775 ducimus.
3154 1718 3257 1774 Sed
3302 1718 3356 1773 in
3385 1717 3473 1772 his
3502 1718 3751 1773 omnibus

2167 1807 2279 1862 dux
2299 1806 2458 1864 nobis
2485 1809 2558 1864 sit
2582 1808 2830 1866 Christus
2858 1824 3020 1865 verus
3077 1808 3220 1865 Deus
3250 1815 3453 1871 noster,
3503 1807 3603 1877 qui
3634 1806 3750 1861 illn~

1922 1916 1927 1921 ·
1988 1939 1995 1945 .
2093 1891 2143 1952 Β
2170 1898 2340 1954 minat
2365 1914 2582 1956 onmem
2608 1900 2881 1957 imminenti
2905 1902 3217 1957 venientem
3237 1902 3291 1956 in
3318 1900 3463 1955 hunc
3495 1900 3752 1955 mundun;

2166 1989 2352 2062 (locu.
2387 1992 2433 2065 ι)
2454 1993 2546 2065 qui
2572 1993 2720 2051 solus
2758 1994 3064 2052 intellectus
3095 2004 3181 2051 est
3216 1997 3304 2066 pie
3333 1995 3753 2069 intelligendum

2165 2092 2221 2138 et
2253 2084 2672 2150 intellecturum,
2718 2095 2775 2141 et
2821 2100 3003 2142 sermo
3036 2086 3330 2143 dicentium
3369 2096 3427 2143 et
3457 2088 3748 2151 dictorum,

2165 2173 2258 2243 qui
2294 2174 2478 2230 omnia
2506 2174 2758 2230 omnibus
2785 2186 2842 2231 et
2875 2184 2961 2232 est
2999 2188 3056 2233 et
3095 2174 3356 2243 efficitur;
3387 2178 3481 2247 qui
3519 2170 3619 2232 dat
3652 2176 3751 2230 litt-

2164 2280 2325 2337 guam
2366 2267 2665 2339 disciplina:
2717 2270 3111 2341 cognoscendi,
3144 2286 3270 2328 cum
3311 2281 3536 2343 oportet
3573 2270 3750 2327 dicere

2163 2359 2408 2415 verbum.
2449 2360 2751 2417 Declaratio
2779 2361 2926 2417 enim
2963 2377 3272 2418 sermonum
3310 2362 3429 2432 ejus
3457 2362 3746 2429 illuminat,

2163 2462 2219 2507 et
2277 2453 2609 2510 intellectum
2657 2454 2752 2510 dat
2793 2455 3033 2525 parvulis
3076 2456 3193 2527 (Ps.
3220 2457 3442 2528 cxvru);
3480 2467 3749 2529 quatenus

2161 2545 2500 2601 mendacium
2523 2545 2776 2617 pellatur,
2806 2555 2863 2602 et
2896 2547 3103 2604 veritas
3125 2548 3359 2604 introeat
3378 2544 3639 2604 omnibus
3670 2548 3748 2600 lu-

2160 2637 2280 2692 cide
2307 2652 2373 2693 ac
2400 2637 2679 2708 splendide
2705 2638 2915 2710 fulgens
2949 2653 2964 2692 :
3000 2654 3163 2709 quam
3215 2640 3434 2711 pietatis
3482 2639 3748 2694 uiatores

2161 2727 2471 2800 amplexati,
2503 2729 2669 2784 divini
2706 2729 2946 2801 Apostoli
2981 2745 3251 2786 memores
3278 2731 3605 2801 inquientis,
3660 2728 3748 2783 Vra

2159 2819 2288 2876 mihi
2332 2829 2428 2886 est,
2467 2821 2515 2876 si
2560 2837 2664 2875 non
2706 2821 3123 2892 cvangeliznvero
3159 2822 3212 2893 (Ι
3236 2820 3358 2877 Cor.
3389 2822 3513 2893 ts);
3553 2822 3748 2877 debent

2160 2910 2277 2981 ejus
2303 2918 2361 2965 et
2380 2912 2624 2967 advocati
2655 2919 2710 2966 et
2750 2919 3083 2983 protectores
3120 2927 3242 2969 esse
3282 2913 3629 2969 mendacium
3664 2926 3743 2966 re-

2159 3001 2502 3072 darguentes,
2546 3009 2602 3057 et
2638 2999 2799 3057 funda
2844 3002 3069 3073 Spiritus
3104 3002 3422 3073 lapidantes.
3454 3002 3619 3060 Unde
3642 3010 3748 3055 tam

2138 3087 2455 3147 secundum
2485 3090 2815 3162 Scripturas,
2848 3108 3009 3164 quam
3040 3109 3220 3149 mores
3255 3093 3500 3158 Patrum,
3539 3103 3748 3149 scruta-

2158 3181 2337 3238 biliter
2362 3199 2429 3238 ac
2462 3182 2799 3254 syllogistice
2836 3192 3027 3240 contra
3070 3185 3402 3257 stultiloqttia
3439 3185 3742 3251 venientes,

480 3281 756 3350 mentibus
799 3278 1050 3337 affatibus
1092 3278 1235 3353 [ατη
1260 3263 1910 3355 ωηιηιιίειίοηίδυε]ξέι
1945 3283 2059 3339 δίε-
2087 3263 2134 3325 C
2163 3276 2455 3329 secundum
2503 3273 2736 3330 Pbinees
2764 3288 3022 3330 mucrone
3062 3275 3301 3346 spiritus,
3338 3292 3446 3332 una
3489 3276 3747 3348 redargu-

462 3371 627 3441 ιεει-ρί
671 3370 913 3426 fortibus.
937 3370 1377 3442 “rorationibus;
1406 3387 1419 3425 ε
1451 3384 1613 3439 quam
1650 3377 1707 3425 et
1745 3369 2066 3440 subjiciam;
2164 3363 2325 3419 tionis
2355 3364 2514 3435 plaga
2540 3363 2701 3421 facile
2726 3366 2940 3436 hosqui
2963 3367 3067 3422 sibi
3098 3367 3151 3422 iu
3178 3367 3279 3422 hac
3303 3367 3583 3437 impietate
3611 3384 3742 3424 eous

480 3462 547 3516 ad
570 3463 711 3532 quod
737 3461 1017 3532 placuerit.
1122 3504 1127 3509 .

552 3555 754 3612 Sancta
789 3552 1028 3628 synodus
1063 3555 1200 3610 dixit
1238 3572 1252 3609 :
1288 3554 1544 3626 Legatur.

466 3672 473 3677 ·
548 3646 785 3704 Joannes
824 3649 933 3703 Deo
979 3646 1227 3702 amabilis
1258 3646 1521 3704 diaconus
1556 3646 1912 3704 sanctissima:
1943 3661 2060 3701 ma-

479 3753 599 3810 gnae
644 3738 902 3795 Ecclesiae
955 3737 1495 3808 Constantinopoleos
1518 3778 1541 3805 ,
1580 3746 1636 3794 et
1682 3737 2057 3807 cancellarius,

482 3830 629 3902 legit.

479 3970 807 4033 REFUTA
822 3971 965 4057 ΤῙο
993 3972 1121 4052 ejus
1149 3990 1282 4057 qua;
1310 3973 1695 4057 ζρεᾳηοῑηαία
1721 3983 1779 4035 et
1803 3970 2057 4057 fallaci-

560 4049 1033 4133 ter_nominatd
1087 4049 1523 4133 est—Mdeﬁnitt'o
1584 4071 1622 4110 a
1688 4049 2059 4133 congregata

559 4128 745 4190 turba
775 4147 985 4189 eorum
1013 4128 1121 4210 qui
1156 4127 1542 4191 Christianos
1578 4127 1893 4193 accusant.

997 4272 1233 4330 TOMUS
1270 4273 1547 4332 PRIMUS.

548 4365 886 4422 Gratumest
914 4374 1128 4438 semper
1156 4367 1359 4423 odienti
1396 4368 1645 4425 homines
1681 4369 1912 4426 (immuni
1943 4380 2055 4427 tam

477 4470 508 4511 a
535 4455 646 4513 Deo
673 4473 950 4529 separare,
979 4474 1149 4530 quam
1169 4458 1555 4530 multiplicibus
1581 4459 1766 4515 fallere
1793 4461 2056 4518 seductio-

475 4546 635 4602 uibus
664 4548 936 4604 hominem
962 4549 1052 4619 qui
1088 4549 1155 4604 ad
1192 4549 1478 4620 imaginem
1508 4550 1600 4606 Dei
1631 4549 1813 4607 .factus
1838 4560 1920 4608 est
1945 4570 1960 4608 :
1999 4561 2056 4608 et

477 4636 553 4690 nil
582 4636 630 4691 ei
664 4638 834 4708 magis
859 4638 1206 4695 sollicitudini
1235 4649 1290 4695 et
1315 4639 1495 4695 studio
1523 4649 1607 4696 est
1627 4681 1642 4705 ,
1676 4656 1835 4710 quam
1867 4641 2054 4712 pietati

477 4728 750 4794 resistere,
779 4736 837 4784 et
863 4731 1245 4787 ecclesiastica:
1270 4732 1423 4803 pacis
1455 4741 1744 4788 concutere
1784 4735 2051 4789 ordinem.

476 4820 628 4888 Quod
656 4823 818 4877 etiam
855 4832 911 4880 et
953 4825 1007 4879 in
1056 4824 1384 4897 temporibus
1432 4826 1631 4881 nostris
1676 4827 1915 4881 ostendit
1959 4842 2058 4898 per

473 4911 892 4967 conciliabulum
924 4914 1218 4983 quoddam,
1250 4912 1302 4967 in
1329 4929 1437 4983 quo
1462 4914 1553 4983 qui
1582 4915 1889 4985 congregati
1927 4923 2058 4970 sunt

474 5002 730 5072 subjecta:
781 5003 1022 5058 materiae
1074 5002 1216 5076 [Gr.,
1253 5003 1605 5072 expositionis
1659 5014 1909 5059 auctores
1953 5003 2053 5077 eli]

473 5109 730 5149 suasores
786 5103 912 5149 sunt
962 5094 1135 5150 eﬂ‘ccti
1163 5138 1178 5161 ,
1224 5105 1290 5151 et
1342 5096 1626 5166 septimum
1676 5102 1846 5154 semet
1900 5098 2053 5153 dill'a-

475 5196 764 5240 maverunt
797 5200 936 5241 esse
956 5188 1264 5252 concilium,
1303 5187 1529 5257 simplex
1568 5195 1626 5244 et
1659 5187 1869 5244 cunctis
1900 5189 2050 5260 agni-

477 5286 591 5328 tum
629 5277 773 5322 ηιιηιι
809 5287 893 5330 881
935 5279 1194 5330 adversus
1236 5280 1373 5334 ίάοιη
1411 5281 1624 5330 odium-
1666 5281 1828 5334 νρΙυιί
1864 5298 2051 5339 "nam.

2160 3454 2359 3526 glebali
2396 3467 2548 3526 sunt,
2575 3456 2735 3513 simul
2777 3471 3014 3528 pungere
3035 3458 3310 3524 studeant,
3357 3467 3414 3514 et
3460 3459 3744 3514 mendaces

2160 3559 2259 3615 per
2280 3544 2582 3601 evidentem
2619 3547 3009 3603 exhibitionem
3059 3548 3270 3619 linguas
3311 3563 3503 3604 eorum
3538 3550 3743 3605 cunctis

2158 3636 2474 3704 ostendant;
2514 3636 2712 3708 quippe
2733 3653 2855 3708 qua:
2881 3646 2937 3693 et
2957 3647 3146 3693 contra
3175 3638 3422 3694 notitiam
3450 3639 3597 3694 unici
3624 3637 3739 3693 Filii

2158 3727 2277 3796 Dei,
2306 3737 2361 3784 et
2385 3737 2576 3784 contra
2623 3727 2921 3784 Ecclesium
2971 3728 3091 3796 ejus
3117 3728 3291 3796 elata),
3318 3738 3375 3785 et
3400 3729 3739 3800 iniquitatem

2159 3820 2213 3875 in
2240 3819 2512 3877 excelsum
2538 3820 2926 3876 incarnationis
2952 3820 3121 3890 ipsius
3147 3819 3340 3876 locuta:
3368 3828 3536 3876 sunt:
3572 3830 3627 3876 et
3669 3820 3739 3874 ita

2141 3911 2374 3969 demum
2412 3912 2673 3983 disruptis
2698 3912 2928 3969 vinculis
2954 3910 3141 3968 eorum
3165 3913 3341 3985 gladio
3370 3913 3619 3983 spiritus,
3651 3913 3739 3983 qui

2156 4011 2240 4060 est
2267 4002 2500 4060 Verbum
2530 4003 2623 4060 Dei
2656 4003 2873 4075 (Ephes.
2897 4004 2998 4075 γι),
3029 4012 3088 4059 et
3105 4003 3348 4074 deposito
3365 4003 3500 4076 jugo
3522 4003 3735 4059 indisci-

2157 4093 2462 4165 plmationis
2474 4095 2925 4167 eorum,tegmina
2940 4094 3299 4151 versutiarum
3314 4094 3558 4165 ipsorum
3570 4095 3735 4151 omni-

2156 4188 2258 4245 bus
2285 4186 2567 4244 manifesta
2595 4189 2956 4244 constituant:
2979 4188 3103 4259 quia
3124 4187 3390 4243 Dominus
3406 4187 3599 4242 derisit
3621 4200 3731 4249 eos,

2154 4289 2210 4335 et
2237 4280 2588 4337 subsannavit
2608 4295 2722 4345 eos,
2752 4288 2808 4335 et
2835 4280 3084 4350 loquetur
3108 4280 3177 4335 ad
3201 4294 3297 4336 eos
3322 4280 3375 4333 in
3404 4279 3489 4334 ira
3517 4294 3641 4343 sua,
3659 4277 3736 4331 di—

2154 4389 2321 4431 cens:
2352 4374 2614 4430 Discedite
2636 4393 2667 4430 a
2700 4392 2800 4440 me,
2832 4391 2940 4430 non
2986 4374 3103 4429 novi
3144 4390 3232 4428 vos
3258 4372 3475 4446 (Matth.
3505 4372 3624 4439 vn).
3668 4373 3734 4426 De

2153 4466 2353 4537 quibus
2394 4466 2558 4521 etiam
2601 4482 2696 4537 per
2747 4466 3066 4536 prophetam
3107 4464 3398 4521 Jeremiam
3448 4463 3729 4535 prmtlisit:

2163 4555 2209 4611 F
2211 4556 2322 4612 also
2341 4558 2604 4628 propheta?
2623 4558 2978 4612 vaticinantur
2997 4557 3053 4612 in
3076 4558 3284 4612 nomine
3310 4572 3424 4611 meo
3450 4575 3468 4611 :
3499 4572 3602 4610 non
3624 4555 3733 4608 misi

2159 4665 2267 4710 eos.
2296 4660 2343 4704 et
2368 4665 2472 4703 non
2499 4649 2721 4719 prrecepi
2761 4649 2857 4713 eis,
2909 4665 3072 4720 neque
3101 4648 3306 4703 locutus
3360 4664 3481 4701 sunt
3504 4647 3576 4701 ad
3606 4663 3687 4702 eos
3715 4659 3733 4698 :

2156 4739 2401 4794 uisionem
2439 4739 2736 4793 mendacem
2760 4749 2807 4793 et
2845 4739 3220 4794 divinationem
3248 4736 3651 4808 fraudulentam
3689 4747 3733 4791 et

2155 4831 2507 4886 seductionem
2552 4831 2725 4885 cordis
2769 4832 2853 4885 sui
2893 4830 3255 4902 prophetizmtt
3296 4830 3439 4885 vobis
3472 4828 3734 4899 (λα-,ιιι

2155 4932 2336 4994 aaut).
2372 4922 2576 4979 Idcirco
2598 4933 2758 4978 erunt
2787 4922 3010 4995 proiecti
3060 4923 3112 4977 in
3161 4922 3263 4977 viis
3311 4920 3643 4986 Jerusalem,
3689 4921 3735 4975 id

2154 5024 2258 5076 est.
2287 5013 2539 5070 Ecclesiae
2564 5012 2876 5077 catholicis;
2903 5020 2959 5067 et
2995 5012 3333 5068 conculcatio
3363 5014 3626 5068 omnibus
3651 5010 3737 5081 qui

2154 5105 2242 5176 pie
2266 5106 2433 5161 Deum
2461 5105 2803 5160 conﬁtentur.
2836 5103 3086 5174 Laqueus
3112 5105 3255 5159 enim
3278 5101 3438 5159 fortis
3459 5106 3582 5159 viro
3607 5105 3736 5159 labia

2154 5212 2272 5261 sua,
2296 5206 2352 5253 et
2378 5197 2597 5267 capitur
2629 5198 2968 5253 sermonibus
3010 5197 3124 5254 oris
3153 5198 3256 5252 Sui.
3301 5196 3631 5254 Iletributeio
3647 5202 3738 5253 au-

2157 5294 2265 5344 tem
2288 5287 2550 5342 Iahiorum
2581 5286 2699 5338 eius
2727 5287 2943 5336 dabitur
2969 5287 3018 5338 ei
3060 5287 3351 5343 impietatis
3381 5292 3625 5345 amatio.
3658 5290 3743 5344 Ait
