3924 5762
131 455 223 514 377
826 454 1391 513 INTERPRETATIO
1430 454 1681 511 SYNODI
1726 453 1811 510 VII
1854 453 2267 510 GENERALIS.
2307 486 2375 495 —
2410 456 2616 512 ACTIO
2656 456 2736 511 \‘l.
3307 458 3416 514 3Tb

130 582 246 629 vum
274 582 329 628 et
354 571 660 628 maledictis
687 571 941 629 refertum
983 574 1196 629 ostendi
1235 572 1457 643 poterit,
1492 570 1591 625 nisi
1628 583 1713 623 re-
1744 578 1790 634 Α
1820 578 2259 625 connumeratur.
2313 570 2463 627 Sicut
2501 572 2646 628 enim
2677 573 2723 627 si
2767 574 2890 643 quis
2917 587 3011 629 sex
3041 576 3235 633 aureos
3263 591 3421 633 more

130 665 440 736 darguendo
470 679 594 720 cum
636 664 727 720 Dei
764 664 1094 736 aspiratione
1123 665 1385 719 adversus
1425 677 1518 718 eos
1547 661 1719 716 aciem
1826 672 2016 715 versus
2069 660 2306 726 ordinet,
2354 662 2543 718 deinde
2575 673 2811 734 apponat
2853 680 3060 721 aeneum
3110 683 3412 736 nummum,

130 768 496 823 praeparemus
527 772 540 808 :
590 768 751 808 unam
790 753 923 825 ipsis
962 753 1282 823 acquisituri
1325 751 1614 815 cautelam,
1663 759 1721 805 ut
1823 751 2113 821 septimum
2141 752 2282 806 hunc
2308 765 2528 824 propter
2546 756 2771 813 alterius
2790 757 3029 815 materia:
3050 761 3417 817 substantiam

132 844 370 899 videlicet
403 844 543 899 nihil
577 845 790 901 novitcr
834 846 952 899 sine
995 844 1152 900 nobis
1191 852 1353 915 agant
1382 859 1451 900 ex
1478 843 1566 899 his
1600 857 1721 913 quae
1821 842 2129 899 nullatenus
2176 845 2559 915 appellaverit;
2615 849 2879 919 siquidem
2927 866 3118 907 aurum
3169 853 3323 908 multi
3359 863 3416 908 et

130 933 260 1010 [ςτ.,
288 951 456 990 unam
490 936 649 992 nobis
675 936 1020 1007 acquirentes
1047 943 1192 991 cant.
1233 942 1291 989 ut
1310 933 1558 989 videlicet
1588 932 1718 987 nihil
1821 932 2044 1002 pretiosi
2072 934 2343 988 metallum
2373 944 2457 990 est
2481 939 2771 1003 commodi,
2794 955 2870 996 aes
2890 956 3019 996 vero
3043 942 3148 996 vile
3172 950 3227 997 et
3256 943 3417 997 inbo—

129 1045 155 1083 a
182 1028 335 1083 nobis
386 1028 683 1084 iunovetur
710 1043 780 1083 ex
811 1028 894 1083 bis
934 1026 1076 1100 quia]
1110 1027 1177 1082 ad
1225 1026 1464 1082 divinum
1516 1025 1716 1079 cultmn
1819 1024 2061 1079 norabile
2093 1043 2106 1078 :
2146 1024 2224 1080 Ita
2249 1036 2299 1082 et
2322 1016 2449 1083 haec
2470 1044 2595 1084 cum
2624 1044 2848 1085 auremn
2892 1032 2975 1086 vel
3019 1033 3316 1101 pretiosum
3357 1034 3410 1087 in

127 1121 392 1192 pertinere
418 1130 753 1178 noscuntur:
785 1120 880 1176 sed
911 1120 1082 1191 magis
1113 1117 1425 1189 apostolicis
1451 1127 1507 1172 et
1538 1126 1719 1189 patcr-
1818 1114 2162 1186 dogmatibus
2203 1118 2335 1173 nihil
2373 1118 2588 1185 habeat,
2635 1122 2729 1176 sed
2757 1122 2809 1176 in
2835 1123 3085 1178 omnibus
3115 1139 3253 1179 terea
3290 1122 3410 1195 [su-

128 1214 203 1269 nis
233 1214 498 1268 obediant
535 1211 860 1286 [obedimusl
892 1212 1253 1277 documentis,
1287 1227 1496 1266 necnon
1541 1220 1597 1266 et
1628 1226 1716 1265 ec—
1816 1206 2045 1280 bzerata}
2097 1210 2169 1264 sit
2202 1220 2256 1265 et
2305 1212 2534 1281 reproba
2582 1228 2894 1284 venenoque
2938 1215 3216 1272 mortifero
3253 1215 3411 1286 plena

128 1304 437 1359 clesiastieis
481 1304 768 1360 institutis.
810 1304 1085 1377 Rogamus
1106 1312 1284 1358 autem
1314 1318 1409 1358 eos
1441 1301 1533 1372 qui
1574 1302 1715 1357 hanc
1818 1296 2087 1370 [rubigine
2111 1300 2414 1375 mortifera]
2441 1304 2824 1360 sacratissimis
2844 1321 2941 1361 sex
2965 1306 3205 1378 synodis,
3230 1307 3411 1362 aureis

127 1384 313 1447 fuerint
350 1393 541 1464 adepti
584 1394 934 1464 scripturam,
965 1408 1074 1464 quo
1100 1398 1221 1448 eam
1252 1392 1621 1448 serutabiliter
1660 1401 1715 1447 et
1816 1393 2151 1448 carminibus
2190 1394 2411 1464 spiritus
2436 1394 2846 1467 refulgentibus,
2873 1400 3251 1453 connumerari
3300 1415 3408 1455 non

129 1500 221 1540 non
249 1485 570 1540 transitorie
601 1486 784 1556 legant
815 1503 829 1541 :
861 1494 924 1540 ut
951 1483 1157 1556 liquido
1191 1493 1248 1539 et
1284 1498 1543 1555 expresse
1565 1498 1716 1538 com-
1814 1481 2034 1535 meruit.
2095 1481 2312 1539 llabeus
2366 1494 2548 1541 autem
2597 1486 2886 1543 elationem
2935 1486 3051 1557 ejus
3103 1489 3196 1559 qui
3246 1490 3406 1556 dixit,

128 1578 382 1647 perientes
445 1576 806 1633 subtilitatem
838 1576 1181 1647 objectionis,
1225 1575 1464 1631 lauream
1516 1574 1711 1648 [vieto-
1816 1570 2022 1629 Ponum
2051 1575 2297 1630 thronum
2324 1594 2496 1632 meum
2535 1596 2694 1649 supra
2723 1580 2882 1635 nubes
2934 1579 3065 1652 (Isu.
3102 1582 3249 1652 xxiv)
3286 1596 3411 1653 per-

129 1670 250 1723 riatn
288 1685 305 1722 :
344 1669 612 1726 victorias
656 1678 711 1725 et
762 1668 970 1743 laudes]
1028 1668 1121 1726 Dei
1164 1668 1424 1725 Ecclesiae
1474 1667 1711 1724 solvant.
1812 1678 1973 1724 sonat
1996 1670 2391 1742 hujuscemodi.

130 1760 208 1817 Usi
236 1770 361 1817 sunt
381 1771 573 1818 autem
605 1764 886 1834 prommiis
914 1763 1304 1833 hujuscemodi.
2041 1761 2325 1832 Gregorius
2345 1765 2614 1836 episcopus
2649 1764 3000 1823 Neocwsaria:
3029 1767 3150 1837 legit
3172 1785 3191 1824 :

131 1891 167 1947 c
314 1896 327 1908 .
726 1900 779 1912 ..
899 1900 910 1911 .
1423 1898 1434 1910 .
1590 1898 1601 1908 .
1690 1914 1703 1931 ο
1888 1873 1907 1906 ι
1953 1853 2151 1910 Sancta
2178 1871 2374 1928 magna
2403 1866 2459 1912 et
2500 1857 2822 1914 universalis
2860 1860 3120 1931 synodus,
3144 1876 3263 1932 quae
3310 1878 3409 1933 per

171 1911 391 1966 "genus
420 1896 533 1953 Deo
561 1898 805 1955 amabtlu
831 1916 1099 1973 episcopus
1127 1899 1621 1970 Neoctesunwlegtt
1645 1911 1705 1955 ι.
1742 1941 1785 1973 ι,
1824 1965 1838 1973 _
1879 1946 2106 1973 "unum"
2134 1948 2223 1973 ,με
2257 1956 2302 1973 Α,
2340 1948 2641 1973 magna-"
2674 1951 3007 1973 “ﬂung”
3046 1952 3147 1973 nu
3183 1953 3367 1973 “an,

1742 1941 1785 2001 Β
1821 1965 1838 1997 ι
1877 1946 2108 2018 gratiam
2134 1948 2226 2003 Dei
2254 1956 2307 2003 et
2340 1948 2646 2018 piissimam
2672 1951 3010 2006 sanctionem
3046 1952 3154 2007 Deo
3181 1953 3404 2008 redimi-

190 2025 209 2059 ‘
238 2007 530 2114 Τθξξπίηυδ
548 2019 757 2068 sane“:
789 2026 1000 2084 “"8"”
1028 2026 1096 2068 ac
1119 2011 1441 2068 “mer-“"3
1464 2009 1708 2082 septimm
1817 2056 1836 2089 ι
1886 2046 2061 2094 torum
2088 2048 2145 2095 et
2188 2041 2618 2099 orthodoxorum
2664 2041 3051 2113 imperatorum
3096 2052 3405 2099 nostrorum

132 2116 149 2150 ‘
176 2101 377 2172 Ψοδδ·
407 2122 431 2156 ³
576 2189 599 2206 ρ
852 2195 884 2206 η
1119 2194 1131 2206 Ι
1200 2196 1213 2206 θ
1815 2148 1834 2181 ι
1873 2128 2212 2187 Constantini
2256 2139 2311 2189 et
2342 2132 2540 2189 Leonis
2574 2101 2903 2206 congregata
2934 2145 3019 2191 est
3054 2135 3107 2190 in
3133 2135 3234 2191 hac
3296 2137 3407 2191 Deo

1811 2245 1831 2277 ι
1870 2227 2246 2284 conservanda
2285 2227 2435 2297 regia
2461 2228 2618 2293 urbe,
2647 2227 2699 2283 in
2723 2227 2950 2283 colendo
2979 2227 3176 2299 templo
3203 2237 3405 2284 sancta:

185 2300 223 2355 Δ
250 2301 534 2358 mendacio
568 2302 907 2371 inchoantes,
939 2313 996 2360 et
1021 2319 1119 2376 per
1146 2313 1314 2360 totam
1353 2304 1491 2360 hanc
1532 2301 1705 2359 rebel-

1870 2332 1935 2373 ac
1970 2318 2306 2375 intemeratae
2328 2319 2559 2375 domina:
2585 2328 2788 2376 nostra:
2811 2319 2903 2376 Dei
2926 2318 3222 2375 Genitricis
3243 2335 3391 2374 sem-

128 2393 236 2448 lium
264 2394 453 2451 vocum
481 2396 781 2453 novitatem
809 2398 913 2453 hoc
948 2397 1002 2452 in
1044 2396 1452 2466 Opltulatioucm
1493 2411 1677 2451 assum

1873 2420 2078 2478 perque
2110 2407 2351 2481 Virginis
2393 2409 2574 2467 Mariae
2598 2451 2615 2477 ,
2639 2411 2781 2481 quod
2838 2410 3216 2482 appellabatur
3260 2411 3387 2466 Bla-

129 2485 283 2555 pto,in
304 2486 651 2542 mendacium
676 2486 1378 2543 finieruntCht-istianorum
1402 2486 1701 2544 calunmia-
1806 2518 1825 2551 ι
1872 2499 2108 2567 ehem“),
2138 2500 2381 2557 αρηηίνίι
2407 2503 2592 2558 sum“
2619 2517 2849 2558 annexa,
2884 2521 2903 2554 ,

131 2585 271 2632 tores.
307 2575 597 2644 Quomodo
624 2578 769 2634 enim
796 2589 1006 2643 sancta,
1032 2593 1153 2648 qua:
1179 2593 1279 2633 nec
1304 2578 1433 2650 quid
1462 2586 1547 2634 est
1569 2594 1696 2634 sau-
2224 2595 2458 2651 ,ιυιηιηρε
2516 2596 2770 2652 diaconus
2809 2595 2931 2668 ιεθη
2949 2612 2968 2650 ;

130 2678 252 2724 ctum
276 2670 328 2725 in
352 2672 579 2727 notione
603 2672 866 2742 suscepit,
890 2672 1194 2739 praesertim
1218 2686 1342 2727 cum
1379 2671 1450 2727 sit
1472 2671 1679 2742 polluta

1868 2683 1924 2739 Si
1955 2700 2051 2756 per
2069 2686 2303 2740 divinam
2317 2687 2547 2759 gratiam
2571 2702 2758 2743 eorum
2781 2688 3127 2759 congregatio
3148 2687 3289 2744 facta
3313 2704 3400 2746 es-

130 2756 322 2828 profana
355 2770 414 2816 et
445 2762 781 2817 exsecranda
803 2761 828 2815 ?
850 2760 929 2816 illi
974 2776 1211 2830 namque
1247 2762 1337 2830 qui
1374 2761 1428 2816 in
1468 2776 1531 2817 ea
1561 2776 1679 2817 con-

1844 2782 1899 2839 ει,
1924 2773 2105 2829 verbis
2119 2790 2240 2846 qua:
2252 2756 2352 2845 per
2368 2776 2457 2829 Dei
2474 2776 2703 2847 gratiam
2721 2776 2862 2831 dicta
2879 2756 3393 2843 siutiadornuretut‘,

138 2851 316 2920 gregati
340 2861 494 2916 sunt,
538 2862 601 2907 ut
625 2852 938 2924 prophetice
962 2852 1251 2919 fateamur,
1274 2853 1415 2908 inter
1444 2863 1687 2908 sanctum

1848 2864 2089 2919 veritate
2114 2864 2301 2935 utique
2324 2863 2644 2936 refulgeret;
2670 2867 2924 2936 quoniam
2938 2867 3108 2937 gratia
3126 2869 3251 2923 huic
3273 2884 3397 2924 con.

131 2952 173 2998 et
192 2944 437 3014 pollutum
461 2946 968 3012 nondistiuxerunt,
997 2956 1052 3001 et
1070 2946 1214 3001 inter
1234 2945 1492 3001 mundum
1514 2955 1571 3000 et
1592 2946 1680 3000 im-

1843 2966 1972 3012 ucta
2004 2966 2111 3020 est,
2133 2967 2188 3012 et
2213 2973 2497 3028 compares
2516 2958 2618 3014 sibi
2642 2967 2805 3030 atque
2828 2960 3241 3016 contubernales
3278 2961 3392 3016 exi-

131 3037 353 3092 mundum
404 3055 517 3094 non
566 3039 962 3103 discreverunt.
1014 3038 1227 3093 icouam
1276 3038 1543 3094 incantati
1596 3038 1691 3093 Dei
1794 3050 2223 3111 stunt,testante
2246 3048 2453 3104 Joanne
2490 3052 2578 3121 qui
2610 3050 2664 3106 in
2729 3051 2997 3124 theologia
3048 3053 3386 3123 praeeminet,

133 3126 285 3197 Verbi,
308 3131 526 3188 Domini
559 3132 810 3188 videlicet
840 3133 1007 3187 nostri
1031 3131 1157 3187 Jesu
1178 3131 1400 3198 Christi,
1439 3133 1693 3188 similiter
1793 3152 1859 3192 ac
1900 3137 2114 3194 dieeute
2149 3157 2162 3192 :
2205 3138 2392 3194 Gratia
2430 3148 2476 3194 et
2526 3141 2716 3196 veritas
2757 3158 2852 3213 per
2892 3140 3078 3196 Iesum
3119 3140 3387 3196 Christum

130 3230 178 3273 ut
205 3222 402 3283 ieonam
435 3223 677 3290 Satanae,
728 3222 927 3279 idolum
975 3234 1371 3296 nuncupantes.
1409 3225 1688 3293 Quomodo
1796 3228 1940 3296 facta
1996 3239 2070 3283 est
2129 3228 2312 3300 (Jouu.
2345 3229 2407 3296 ι).
2438 3229 2541 3299 Ipsi
2576 3246 2705 3302 ergo
2733 3232 3018 3287 veritatem
3043 3232 3383 3295 deserentes,

132 3323 281 3370 autem
301 3332 497 3389 magna
524 3324 580 3372 et
601 3315 943 3379 universalis,
960 3332 1123 3387 quam
1148 3331 1321 3387 neque
1341 3326 1685 3387 receperunt,
1717 3310 1762 3372 C
1795 3317 1848 3372 in
1883 3334 1988 3388 qua
2029 3318 2281 3374 Salomon
2306 3319 2569 3391 gloriatur
2592 3321 2778 3377 dicens
2806 3340 2819 3376 :
2856 3320 3141 3377 Veritatem
3163 3323 3388 3376 medita—

132 3419 276 3475 neque
298 3407 1118 3478 concordaveruntreliquarqu
1147 3407 1402 3477 prmsules
1424 3408 1691 3463 Ecclesia-
1794 3410 1937 3465 bitur
1970 3420 2153 3481 guttur
2169 3428 2340 3466 meum
2373 3409 2558 3482 (Prov.
2600 3414 2745 3482 vm):
2771 3423 2827 3469 et
2878 3414 3218 3469 mendacium
3269 3429 3393 3469 am-

134 3511 247 3563 rum,
274 3501 366 3556 sed
391 3501 735 3557 anathemati
762 3501 900 3555 hanc
938 3502 1403 3556 transmiserunt?
1449 3500 1566 3556 Non
1595 3502 1691 3556 ha—
1792 3501 2110 3572 plecteutes,
2137 3517 2168 3556 a
2205 3502 2379 3572 gratia
2408 3503 2763 3575 proculdubio
2805 3504 3122 3559 exciderunt
3148 3502 3379 3575 (Goloas.

126 3583 227 3640 'buit
246 3589 382 3644 enim
406 3587 712 3659 adjutorem
738 3588 881 3645 tibus
903 3588 1161 3659 temporis
1186 3586 1555 3645 Romanorum
1602 3605 1692 3659 pa-
1794 3594 1890 3663 tv).
1926 3592 2075 3648 Unde
2105 3607 2207 3650 nec
2237 3608 2425 3650 sermo
2443 3609 2631 3649 eormn
2660 3592 2843 3649 divino
2868 3602 2957 3649 est
2981 3593 3093 3649 sale
3114 3594 3388 3655 conditus.

133 3672 357 3742 paiu,’vel
390 3693 491 3734 eos
517 3678 610 3748 qui
658 3679 803 3734 circa
843 3678 1019 3749 ipsum
1048 3686 1174 3733 sunt
1211 3680 1545 3746 sacerdotes,
1589 3695 1689 3735 nec
1795 3694 1856 3740 ut
1891 3685 1977 3741 det
2018 3686 2248 3755 gratiam
2295 3685 2658 3742 audientibus.
2686 3685 2818 3741 Illud
2841 3694 3020 3741 autem
3059 3686 3202 3755 quod
3250 3684 3389 3740 dici-

132 3767 266 3825 etiatn
305 3787 402 3843 per
441 3772 676 3828 vicarios
698 3770 835 3841 ejus,
865 3787 1039 3843 neque
1064 3788 1161 3842 per
1202 3771 1533 3843 encyclicam
1582 3773 1691 3842 cpi-
1795 3783 1909 3841 tur,
1938 3774 1990 3828 in
2019 3775 2313 3832 venerabili
2336 3775 2535 3846 templo
2562 3785 2920 3848 congregatos
2940 3790 3034 3831 eos
3069 3775 3257 3841 fuisse,
3281 3790 3387 3829 non

133 3861 317 3930 stolam,
344 3864 803 3936 quemadmodum
840 3864 926 3919 lex
960 3864 1128 3919 dictat
1148 3860 1535 3919 conciliorum.
1582 3861 1690 3917 Sed
1794 3874 1875 3922 est
1905 3866 2121 3921 mirum.
2161 3865 2219 3920 In
2258 3867 2362 3922 hoc
2382 3867 2527 3922 enim
2561 3867 2707 3922 nullo
2734 3868 2856 3924 l‘uco
2919 3868 3388 3923 meliorabunlur:

134 3970 213 4010 nec
244 3958 645 4014 consentientes
668 3957 768 4012 sibi
794 3956 1138 4027 patriarchas
1170 3955 1429 4022 Orientis,
1455 3955 1689 4011 Alexan-
1793 3957 2249 4031 quemadmodum
2287 3974 2388 4015 nec
2425 3958 2632 4014 Annam
2660 3969 2715 4015 et
2752 3958 3038 4031 Caipham,
3076 3958 3160 4015 vel
3207 3957 3390 4014 Judai-

131 4046 239 4102 tlrirc
280 4050 503 4116 scilicet,
551 4049 893 4116 Antiochize,
939 4063 1004 4104 ac
1050 4059 1256 4105 sancta:
1298 4048 1555 4114 civitatis,
1602 4048 1687 4103 vel
1793 4067 1915 4108 eum
1944 4066 2133 4108 eorum
2160 4051 2448 4107 concilium
2484 4054 2628 4122 quod
2650 4045 2962 4108 factum'est
2999 4052 3053 4108 in
3084 4050 3382 4117 Christum,

133 4143 501 4200 comministros
525 4152 583 4198 et
620 4157 862 4199 summos
899 4142 1230 4208 sacerdotes,
1258 4143 1350 4214 qui
1388 4157 1512 4198 cum
1555 4141 1688 4213 ipsis
1787 4141 2097 4214 juvitquod
2122 4143 2175 4197 in
2201 4142 2400 4212 templo
2435 4143 2698 4199 adversus
2734 4159 2858 4199 eum
2886 4144 3097 4199 initium
3143 4152 3229 4199 est
3269 4142 3388 4198 sine

134 4232 352 4289 existunt.
387 4234 528 4291 Vere
563 4234 747 4290 fumus
788 4234 1023 4306 caligine
1068 4234 1280 4305 plenus,
1319 4234 1689 4290 obtenebrans
1793 4232 1912 4304 lege
1948 4231 2256 4288 consilium.
2285 4232 2420 4287 Nam
2452 4231 2563 4288 Deo
2584 4232 2754 4304 magis
2780 4232 3113 4289 danmahiles
3135 4233 3387 4289 ostende.

134 4322 285 4379 oculos
311 4326 655 4389 stolidorum,
690 4335 774 4382 est
803 4342 987 4382 sermo
1012 4342 1222 4392 eorum,
1257 4336 1311 4382 et
1336 4343 1442 4382 non
1466 4327 1686 4383 lucerna
1792 4322 2014 4390 bantur,
2045 4323 2174 4393 quia
2206 4324 2262 4377 in
2301 4322 2435 4379 locis
2469 4324 2672 4379 sanctis
2719 4338 2825 4379 non
2887 4332 3100 4389 sancta,
3126 4323 3221 4379 sed
3272 4322 3378 4376 ini-

136 4415 275 4479 posita
299 4434 459 4490 super
485 4418 901 4494 candelabrum,
928 4427 987 4474 ut
1015 4418 1281 4475 illumiuet
1308 4418 1562 4475 omnibus
1593 4418 1685 4490 qui
1791 4415 1930 4469 mica
1963 4415 2071 4469 Deo
2095 4414 2296 4469 fcedera
2328 4414 2665 4485 pepigerunt.
2700 4413 2806 4469 Sed
2834 4414 3039 4469 utinam
3063 4429 3128 4469 ex
3152 4424 3379 4484 paterna

137 4502 179 4555 iu
203 4504 345 4563 domo
382 4517 509 4565 sunt
536 4507 756 4578 (Jlatth.
791 4510 883 4580 v):
919 4524 1018 4578 pro
1060 4524 1125 4564 eo
1156 4510 1299 4579 quod
1339 4508 1584 4566 localiter
1632 4509 1684 4562 in
1789 4520 1922 4561 voce
1947 4505 2266 4575 prommium
2312 4513 2613 4569 sumerent,
2647 4504 2886 4575 Dionysii
2910 4504 3159 4559 videlicet
3193 4503 3378 4558 deilo-

137 4596 301 4666 abdito,
328 4611 381 4657 et
407 4618 517 4658 non
559 4618 725 4674 super
752 4602 1090 4658 orthodoxia:
1129 4611 1366 4657 montem
1391 4601 1533 4657 dicta
1567 4601 1684 4655 fue-
1719 4671 1745 4674 _
1789 4597 1912 4668 qui,
1985 4597 2409 4665 traditionesque
2464 4596 2633 4666 ipsius
2683 4593 2799 4668 [Gn
2827 4636 2843 4662 ,
2905 4597 3012 4651 Sed
3062 4597 3266 4651 utinam
3321 4606 3382 4651 ut

134 4699 236 4743 runt
253 4693 400 4750 verba
433 4671 703 4764 ipsorum.
736 4693 920 4765 Neque
942 4693 1086 4749 enim
1127 4694 1180 4748 in
1220 4708 1435 4748 omnem
1481 4701 1681 4746 terram
1716 4671 1762 4729 Ι)
1789 4703 1855 4743 ex
1881 4702 1934 4757 p.
1962 4680 2015 4741 v.
2041 4703 2123 4757 pr.
2153 4696 2505 4758 sumpserunt
2525 4686 2681 4741 Dion.
2707 4688 2759 4741 d.
2812 4688 3131 4743 traditiones
3165 4703 3381 4759 quoque

137 4793 259 4838 more
315 4787 683 4857 apostolorum
760 4788 929 4842 exivit
968 4802 1135 4843 sonus
1174 4801 1400 4850 eorum,
1470 4793 1564 4839 aut
1626 4785 1679 4838 in
1790 4779 1981 4854 ipsius]
2010 4789 2173 4852 atque
2205 4780 2446 4835 omnium
2478 4790 2789 4835 sanctorum
2816 4781 3038 4835 Patrum
3066 4788 3378 4836 nostrorum

137 4869 243 4928 ﬁnes
270 4878 405 4935 orbis
432 4888 595 4935 terra:
637 4878 804 4934 verba
845 4894 1033 4935 eorum
1069 4877 1244 4949 (l'sal.
1272 4877 1448 4948 xvm).
1494 4891 1686 4949 quem—
1792 4874 2137 4944 incorruptos
2195 4880 2494 4926 servarent.
2536 4869 2644 4926 Sed
2698 4884 2803 4924 non
2866 4879 2953 4926 est
2997 4871 3100 4926 hoc
3160 4870 3213 4924 in
3255 4870 3382 4934 illis,

141 4964 377 5026 admodum
427 4986 523 5026 sex
573 4977 890 5026 sanctarum
952 4980 1010 5025 et
1073 4968 1464 5026 universalium
1520 4983 1686 5041 syno-
1791 4962 1949 5020 sicuti
1973 4971 2171 5019 caetera
2196 4977 2293 5032 per
2332 4970 2501 5016 totam
2532 4959 2929 5031 expositionem
2953 4971 3159 5017 eorum
3208 4960 3388 5016 mani-

141 5053 308 5113 donim.
352 5061 523 5119 Porro
577 5062 813 5131 septima
863 5064 1171 5131 (mutuodo,
1224 5076 1345 5130 quae
1394 5076 1502 5118 non
1550 5076 1681 5118 con-
1791 5053 2067 5111 festabunt
2111 5072 2123 5108 :
2161 5054 2285 5110 licet
2317 5049 2772 5111 inconvenienter
2819 5053 2874 5107 bi
2909 5053 3002 5124 qui
3040 5051 3172 5108 falsa
3196 5054 3382 5109 ovium

138 5150 332 5205 mulavit
362 5168 484 5209 cum
532 5153 969 5225 praecedentibus
1014 5170 1102 5210 sex
1160 5150 1369 5208 sanetis
1413 5169 1478 5209 ac
1521 5165 1682 5209 vene—
1791 5145 1933 5217 pelle
1976 5147 2387 5217 eooperiuntur,
2422 5147 2490 5202 de
2543 5141 2812 5213 theologia
2876 5144 3252 5215 prmfationem
3288 5145 3375 5200 fa-

143 5234 348 5296 raltilibus
394 5240 671 5314 synodis?
720 5239 889 5297 Omne
909 5243 1103 5315 quippe
1155 5240 1470 5310 septimum,
1533 5240 1680 5316 quod
1789 5238 1956 5306 ciant,
1982 5241 2057 5297 ita
2098 5238 2339 5294 dicenles
2379 5255 2393 5291 ε

140 5318 263 5381 fuerit
281 5333 597 5398 ordinatum,
634 5331 694 5385 in
735 5335 1105 5401 supputatione
1131 5332 1552 5406 prmcedenlium
1587 5348 1677 5389 τε·
2195 5328 2480 5400 Gregorius
2518 5327 2792 5398 εΡίποΡυδ
2817 5328 2939 5402 Ῑεέῖδί
2965 5345 2985 5384 -'

144 5427 229 5469 "Im
248 5422 554 5495 subst-quens
583 5422 760 5479 debet
790 5439 927 5489 esse,
957 5441 1116 5496 quam
1147 5423 1294 5495 quod
1336 5439 1524 5483 eorum
1553 5439 1679 5497 qua:
1864 5443 1884 5475 ε
1929 5424 2262 5482 Cunctorum
2309 5437 2472 5478 causa
2511 5430 2562 5475 et
2601 5426 3008 5479 consummatio
3044 5423 3240 5487 deitas,
3266 5433 3390 5491 qua:

138 5503 210 5560 sibi
244 5525 718 5581 connumerantur,
772 5514 899 5570 nihil
941 5522 1250 5592 participat,
1293 5521 1535 5587 profecto
1564 5533 1677 5575 non
1793 5532 1811 5565 ε
1858 5519 2039 5571 omnia
2069 5513 2309 5568 bonitate
2332 5527 2428 5566 sua
2467 5526 2532 5568 ex
2574 5524 2682 5565 non
2709 5513 3073 5571 existentibus
3108 5522 3168 5567 ut
3203 5515 3391 5569 essent

560 2189 799 2250 Joannes
828 2195 1084 2252 diaconus
1110 2194 1269 2266 legit:

181 5662 461 5762 ἰρέξίιψιὶά
512 5667 825 5762 (Fregorius
864 5672 969 5762 1ἱξιρ
1025 5674 1481 5762 Νρραηετιξθξρηείθ
1549 5681 1675 5762 post

1843 5679 2028 5736 untur,
2074 5666 2417 5762 SllltIchl‘ba
2475 5664 2862 5762 synoldnih
2914 5666 3389 5762 salluii)???”

154 5741 217 5762 mn,
231 5734 344 5762 .lh.2-

2062 5737 2414 5762 mn-:AI:n-.n-n
2450 5756 2551 5762 -Α..-.
2603 5737 2824 5762 ιιηηΛ-ιξι.
