3924 5364
500 428 606 487 379

1633 431 2001 491 ANASTASII
2033 427 2575 497 BillLlOTllECARll

3655 444 3763 502 5m
3786 474 3795 479 .

506 558 531 592 s
569 538 834 605 exhibuit,
873 541 990 597 iure
1021 548 1212 597 or’nate
1256 551 1313 597 et
1356 542 1607 600 ordinate
1650 545 1839 614 agitari
1887 544 2075 600 delini-
2102 548 2148 609 Λ
2177 559 2237 601 se
2259 560 2445 603 vocem
2485 563 2583 618 per
2609 547 2914 621 deiloquum
2964 551 3132 609 David
3172 560 3229 608 et
3261 553 3597 624 psalmistam
3636 571 3761 625 pro-

507 653 526 685 ¢
570 633 649 688 vit
688 652 701 688 :
743 643 1012 704 quatenus
1058 635 1411 691 incolumitati
1460 652 1554 707 per
1601 637 1831 708 gratiam
1877 638 2084 695 deuota

507 743 527 776 ι
570 723 898 793 conjuncta,
952 725 1386 782 indeclinabilem
1436 729 1852 798 perpetuitatem
1899 739 1957 785 et
2004 730 2087 785 in—

509 832 529 864 s
572 812 861 870 ﬂexibilem
889 816 955 871 ad
981 826 1209 888 utraque
1230 827 1422 873 nutum
1451 820 1562 874 veri
1593 829 1769 876 status
1790 821 1937 877 salva
1963 838 2087 879 cus-

507 924 526 956 I
576 906 805 961 lodiattt.
845 925 864 959 ι

645 1017 971 1089 Epiphanius
999 1020 1253 1076 diaconus
1295 1018 1365 1094 [et
1395 990 1741 1095 cubuclesius]
1765 1010 1887 1095 legit
1924 1040 1940 1080 :

574 1130 631 1186 Si
665 1131 913 1188 universa
958 1142 1206 1188 creatura
1254 1150 1284 1188 a
1326 1136 1435 1190 Deo
1469 1136 1687 1191 condita
1751 1137 1963 1209 accepit
2020 1153 2088 1193 ex

503 1237 612 1277 non
649 1233 897 1281 exstante
922 1227 1247 1283 subsistendi
1270 1227 1542 1291 virtutem,
1571 1246 1714 1285 nunc
1759 1227 1874 1298 ejus
1903 1230 2089 1302 utique

503 1324 774 1385 pnrcepto
811 1325 956 1372 mota
986 1323 1043 1374 et
1078 1319 1307 1383 directa,
1337 1320 1485 1375 novit
1513 1318 1788 1376 Creatoris
1814 1320 2090 1377 custodire

504 1406 843 1474 mandatum,
884 1417 1140 1479 tanquam
1174 1410 1241 1466 ab
1282 1411 1398 1481 ipso
1455 1427 1670 1483 quoque
1724 1414 2088 1484 provisionem

504 1496 694 1567 adepta
732 1500 846 1555 sive
875 1499 1173 1555 inanimata
1211 1503 1299 1565 sit,
1327 1502 1441 1557 sive
1470 1503 1729 1558 animata.
1769 1503 1873 1575 lpsi
1909 1513 2088 1560 autem

507 1587 849 1644 traditionem
878 1604 998 1660 qua:
1033 1607 1061 1644 a
1085 1590 1306 1647 Christo
1344 1593 1501 1648 nobis
1532 1593 1585 1648 in
1625 1603 1809 1649 sancta
1847 1593 2088 1650 Ecclesia

505 1693 601 1731 sua
626 1678 692 1733 ad
716 1679 1147 1735 recordationem
1193 1680 1485 1737 salutifera:
1521 1682 1941 1753 dispensationis
1981 1697 2093 1740 suae

505 1768 631 1823 data
667 1757 775 1834 est,
810 1769 1279 1825 anathematizare
1325 1781 1808 1844 priesumpserunt,
1843 1774 2091 1845 ignoran-

510 1850 603 1918 tcs
644 1862 787 1932 quod
834 1863 969 1919 nibil
1016 1879 1203 1919 eorum
1234 1879 1354 1935 quae
1400 1865 1454 1921 in
1504 1865 1592 1921 illa
1628 1875 1774 1932 sunt,
1803 1866 1920 1923 sine
1974 1866 2092 1937 ipso

505 1953 669 2009 fuerit
697 1954 898 2011 factum
923 1972 938 2022 ;
979 1965 1032 2011 ct
1060 1959 1417 2013 ostenduntur
1443 1958 1755 2015 inanimatis
1802 1959 2091 2015 insensibi~

504 2045 688 2113 liores,
711 2055 768 2103 et
818 2048 1278 2105 irrationabilibus
1315 2049 1804 2106 irrationabiliorcs
1832 2068 1844 2104 :
1875 2058 1931 2105 et
1980 2065 2087 2105 non

505 2142 679 2198 solum
711 2143 846 2209 hazc,
878 2146 972 2199 sed
1008 2153 1064 2201 et
1082 2145 1223 2201 bene
1260 2161 1319 2201 se
1346 2161 1569 2202 currere
1616 2147 1967 2214 arbitrantes,
1990 2147 2093 2202 lin-

490 2228 670 2306 guam
709 2236 762 2291 in
788 2236 969 2306 pravis
1004 2238 1346 2294 sermonibus
1373 2245 1429 2294 et
1452 2238 1795 2310 dogmatibus
1835 2240 1948 2296 suis
1987 2238 2089 2294 fal-

507 2328 680 2384 lacem
720 2327 1119 2395 demonstrant,
1159 2337 1402 2386 sanctam
1467 2330 1560 2386 Dei
1601 2331 1895 2388 Ecclesium
1934 2332 2094 2389 idolis

506 2418 754 2474 adornati
780 2410 1160 2490 perhibentes;
1193 2430 1355 2491 atque
1383 2422 1723 2478 mendacium
1749 2438 1899 2494 spem
1932 2437 2088 2478 suam

505 2519 791 2582 ponentes,
821 2512 887 2566 ad
915 2525 1035 2566 eam
1075 2510 1361 2585 proferunt
1396 2530 1410 2567 :
1454 2512 1581 2569 Vias
1613 2522 1733 2569 tuas
1763 2514 1904 2569 scire
1933 2513 2092 2569 nolu-

510 2617 629 2656 Inus
659 2599 802 2669 (Job.
834 2586 974 2672 ut),
1000 2616 1174 2674 neque
1206 2602 1489 2673 antiquam
1541 2603 1887 2658 traditionem
1940 2603 2092 2674 sequi

507 2690 879 2763 proponimus.
926 2691 992 2745 Et
1032 2691 1249 2762 quidem
1295 2691 1517 2747 audient
1545 2707 1575 2746 a
1607 2691 1828 2748 Christo
1857 2693 1946 2765 qui
1975 2708 2093 2748 eam

507 2780 753 2838 fundavit
793 2800 806 2835 :
847 2780 1039 2838 Nescio
1095 2799 1182 2839 vos
1239 2783 1470 2855 (Matth.
1519 2800 1625 2853 vn,
1666 2786 1826 2857 xxv);
1886 2787 2096 2859 lingunt

509 2878 687 2930 autem
710 2891 768 2930 se
791 2875 1063 2931 diabolum
1093 2877 1448 2948 triumphare,
1474 2879 1716 2935 dicentes
1741 2868 1815 2934 ita
1840 2898 1855 2935 :

638 3054 643 3060 .
721 3007 1009 3089 Gregorius
1032 3009 1302 3082 episcopus
1334 3009 1689 3069 Neocaesariw
1714 3012 1876 3085 legit:

587 3137 606 3170 1
650 3118 788 3185 Quia
816 3133 944 3175 vero
982 3119 1071 3176 liic
1109 3121 1201 3193 qui
1237 3121 1309 3177 ob
1353 3120 1588 3191 priorem
1635 3122 1938 3181 claritatem
1985 3124 2099 3181 Lu-

517 3229 537 3261 ‹
577 3210 715 3266 cifcr
751 3210 928 3266 dictus
969 3221 1072 3280 est,
1116 3214 1396 3286 pr0prium
1440 3214 1687 3272 ordinem
1735 3217 1880 3273 circa
1932 3219 2099 3274 Deum

517 3321 534 3352 ι
580 3301 900 3358 collocatum
958 3303 1182 3369 habens,
1229 3315 1285 3361 et
1339 3306 1390 3360 in
1447 3306 1722 3362 excelsum
1783 3316 1971 3363 contra
2022 3308 2099 3363 fa-

517 3412 535 3444 1
581 3400 787 3477 olorem
836 3410 992 3451 suum
1045 3411 1262 3452 sensum
1308 3398 1626 3463 extendens,
1688 3398 1925 3455 tenebras
1976 3400 2101 3457 hinc

517 3508 536 3538 ι
582 3505 706 3544 cum
750 3486 1049 3562 apostatica
1090 3491 1291 3546 virtute
1324 3507 1421 3546 sua
1465 3490 1643 3548 factus
1666 3499 1771 3557 est,
1796 3500 1857 3548 et
1898 3507 1963 3547 ex
1990 3492 2102 3564 glo—

514 3600 537 3635 s
582 3574 900 3647 riosisSima,
949 3584 1125 3641 lucem
1155 3585 1408 3651 faciente,
1450 3593 1506 3641 et
1549 3600 1714 3656 super
1761 3584 1934 3642 ilicem
1987 3584 2103 3639 exi-

516 3694 535 3725 ι
580 3660 755 3732 stente
821 3677 913 3733 Dei
960 3678 1361 3750 principalitate
1419 3688 1609 3748 sponte
1659 3679 1876 3745 cadens,
1923 3678 2101 3734 omnis

517 3784 535 3816 1
577 3765 794 3822 malitias
842 3768 1124 3826 ultroneus
1175 3770 1350 3826 factor
1398 3780 1454 3826 et
1506 3760 1759 3827 inventor
1813 3786 1878 3828 ac
1931 3773 2101 3843 magié

518 3874 535 3904 ι
575 3864 689 3911 ster
720 3859 998 3928 apparuit,
1031 3867 1087 3915 et
1112 3858 1407 3917 olIuscatus
1435 3869 1562 3927 est;
1596 3876 1701 3916 non
1742 3861 1924 3916 ferens
1962 3862 2103 3932 aspi—

519 3962 538 3995 ι
576 3960 701 4001 cere
730 3932 1006 4003 hominem
1039 3963 1069 4003 a
1102 3950 1213 4004 Deo
1254 3958 1493 4005 creatum
1536 3965 1636 4021 pro
1674 3943 1741 4005 ἕο
1780 3950 1834 4004 in
1874 3949 2098 4021 gloriam

519 4054 539 4086 α
579 4029 980 4105 intromissum,
1024 4039 1205 4110 inqua
1230 4040 1345 4112 ipse
1371 4041 1547 4096 fuerat
1584 4043 1942 4108 constitutus,
1985 4057 2103 4097 omo

520 4143 539 4175 1
578 4140 700 4180 lieni
754 4128 1016 4184 adversus
1071 4146 1196 4185 eum
1253 4131 1517 4186 malitiam
1570 4146 1724 4187 suam
1776 4133 2099 4201 evacnavit,

522 4234 542 4267 r
581 4222 635 4295 et
666 4232 764 4287 per
792 4219 1166 4289 deccptioncm
1210 4221 1360 4276 illum
1400 4237 1429 4276 a
1474 4222 1654 4277 divina
1697 4223 1868 4295 gloria
1912 4237 1966 4280 et
1993 4224 2104 4280 cla-

520 4322 539 4355 ι
587 4291 747 4362 ritate
793 4307 1025 4364 reddidit
1059 4309 1315 4376 alienum,
1345 4319 1654 4367 creaturam
1700 4291 1878 4384 potius
1936 4329 2099 4385 quam

520 4416 537 4449 ι
582 4397 892 4456 Creatorem
925 4401 1149 4458 adorare
1173 4402 1489 4460 cobortans.
1535 4425 1554 4458 1

674 4535 1005 4609 Epiphanius
1023 4539 1278 4597 diaconus
1301 4539 1373 4615 [et
1393 4541 1747 4617 cubuclesius]
1769 4543 1890 4616 legit
1915 4557 1934 4596 :

588 4655 647 4712 Si
688 4657 907 4729 quidem
954 4666 1144 4715 contra
1176 4659 1440 4717 idolorum
1472 4662 1813 4728 servitutem,
1837 4662 1923 4720 vel
1971 4677 2102 4720 con-
2129 4633 2181 4694 θ

517 4758 601 4804 tra
656 4758 1029 4805 creaturarum
1079 4752 1425 4817 servitutem,
1455 4767 1619 4822 quam
1646 4753 1820 4809 sancti
1872 4753 2101 4824 apostoli

517 4839 622 4910 qui
642 4840 816 4895 induti
838 4848 966 4896 sunt
992 4840 1252 4897 virtutem
1281 4857 1346 4898 es
1380 4842 1509 4909 alto,
1540 4859 1605 4899 ac
1626 4844 1794 4900 divini
1826 4845 2105 4916 propheta:

514 4930 609 5000 qui
641 4938 769 4986 ante
800 4931 1086 4986 vaticinati
1108 4940 1257 4997 sunt,
1283 4932 1472 5003 sicque
1494 4934 1712 4990 demum
1758 4936 1962 5007 egregii
2003 4936 2107 4992 Pa-

517 5028 630 5075 tres
652 5020 823 5074 nostri
846 5020 935 5089 qni
962 5020 1084 5077 illos
1103 5021 1276 5078 secuti
1315 5017 1459 5085 sunt,
1503 5023 1897 5083 interdixerunt
1919 5035 1976 5082 et
2012 5042 2109 5083 ex.

517 5111 713 5167 sccrati
765 5121 914 5162 sum-
965 5128 1147 5168 sermo
1200 5129 1387 5166 eorum
1447 5122 1592 5160 esset
1683 5130 1872 5166 omnes
1922 5119 2108 5172 minue

2126 3268 2175 3331 C

2184 636 2350 695 latam
2388 657 2403 694 :
2448 639 2625 708 Quare
2645 642 2917 698 enarratis
2946 641 3185 714 justitias
3208 661 3378 712 meas,
3408 656 3465 700 et
3491 646 3766 705 assumitis

2185 738 2565 789 testamentum
2616 747 2796 789 meum
2866 748 2965 806 per
3010 749 3073 790 os
3124 734 3409 790 vestrum?
3445 750 3546 790 vos
3588 745 3768 790 autem

2183 822 2379 878 odistis
2406 822 2767 893 disciplinam,
2790 835 2846 879 et
2866 822 3170 894 projecistis
3190 838 3474 880 sermones
3505 837 3657 880 meos
3682 838 3768 878 re-

2099 976 2107 987 .
2186 922 2449 980 trorsum,
2470 915 2776 986 portionem
2826 926 3062 973 vestram
3086 925 3350 980 ponentes
3380 932 3509 973 eum
3540 915 3630 971 bis
3679 914 3768 986 qui

2186 1003 2492 1060 adulterant
2517 1006 2767 1078 dogmata
2793 1007 3035 1064 veritatis
3066 1005 3236 1079 (Psal.
3277 1007 3447 1063 auxi.
3481 1006 3640 1064 Unde
3705 1008 3772 1061 si-

2188 1096 2457 1153 mulantes
2477 1099 2780 1166 veritatem,
2810 1099 2962 1155 aiunt
2991 1118 3003 1154 :

2400 1256 2685 1329 Gregorius
2708 1257 2978 1329 episcopus
3008 1256 3362 1313 Neocwsariw
3388 1256 3516 1329 legit
3544 1274 3565 1312 :

2268 1405 2287 1440 1
2335 1386 2491 1445 Unde
2533 1388 2766 1459 propriae
2793 1403 2984 1457 manus
3013 1404 3149 1459 opus
3190 1388 3345 1445 lictor
3372 1389 3521 1445 Dens
3548 1402 3678 1444 ctua
3705 1388 3775 1444 vi-

2197 1496 2216 1530 1
2260 1476 2430 1534 ἀὶεεει
2473 1476 2647 1533 modis
2677 1477 2927 1533 omnibus
2966 1476 3023 1534 in
3052 1478 3411 1549 perditionem
3441 1479 3772 1539 demersum,

2200 1586 2218 1619 σ
2264 1582 2609 1638 nequaquam
2636 1567 2921 1632 sustinuit,
2950 1568 3046 1626 sed
3072 1578 3195 1641 post
3214 1568 3360 1642 (Gn,
3394 1569 3592 1626 videre
3626 1585 3701 1625 tu.
3724 1585 3777 1625 ο.

2198 1676 2217 1711 ι
2263 1657 2316 1714 in
2334 1672 2390 1728 p.
2417 1656 2609 1713 lubens
2637 1673 2744 1715 non
2766 1672 2982 1730 passus,
3010 1658 3155 1733 post]
3177 1659 3512 1731 diligentiam
3545 1674 3779 1731 φημι·

2198 1768 2219 1803 ε
2264 1749 2437 1821 legem
2462 1761 2624 1822 atque
2650 1752 2943 1824 prepbetas
2960 1768 3058 1824 pro
3077 1754 3238 1825 hujus
3259 1762 3342 1810 est
3362 1753 3559 1811 elfecta
3586 1753 3777 1818 salute,

2200 1860 2220 1895 ι
2266 1843 2610 1915 nondumque
2636 1843 2728 1900 illo
2758 1845 2935 1901 redire
2955 1846 3164 1902 valente
3192 1847 3244 1902 in
3268 1847 3508 1917 priorem
3538 1847 3780 1902 nobilita-

2121 1909 2167 1968 Β
2199 1951 2218 1985 ι
2266 1942 2398 2000 tem,
2432 1909 2682 2006 dignatus
2711 1943 2795 1992 est
2821 1935 3016 1992 Filium
3064 1954 3219 1994 suum
3247 1909 3302 1993 et
3332 1937 3577 1994 Verbum
3608 1939 3664 1993 in
3693 1954 3781 1993 no.

2195 2051 2213 2082 1
2262 2014 2581 2087 νίεείηιίεέι
2619 2031 3016 2101 ρινωάθειίηοιίε
3061 2031 3393 2104 temporibus
3445 2024 3677 2088 mittere
3716 2032 3778 2086 ad

2196 2140 2215 2174 ‹
2266 2129 2487 2177 terram.
2518 2120 2621 2190 Qui
2651 2120 2925 2177 voluntate
2950 2130 3193 2193 paterna,
3222 2131 3278 2178 et
3294 2123 3687 2193 cooperatione
3705 2121 3786 2176 vi-

2197 2232 2216 2265 r
2263 2213 2404 2268 vilici
2431 2222 2485 2268 et
2522 2210 2743 2285 aequalis
2786 2212 2887 2269 sibi
2930 2215 3170 2285 potentia
3216 2206 3477 2286 Spiritus,
3534 2214 3590 2268 in
3637 2223 3782 2269 utero

2197 2323 2218 2357 ‹
2263 2305 2507 2375 virginali
2556 2304 2828 2371 habitans,
2873 2314 2930 2363 et
2975 2314 3041 2362 ex
3086 2317 3272 2362 sancta
3321 2315 3378 2363 et
3418 2306 3776 2362 immaculata

2198 2416 2219 2450 ς
2261 2411 2428 2453 carne
2453 2396 2571 2468 ejus
2599 2397 2653 2452 in
2694 2397 2912 2468 propria
2945 2397 3243 2454 substantia
3260 2395 3403 2471 (Gn,
3446 2394 3782 2468 esistentia,}

2199 2506 2221 2540 ε
2263 2487 2348 2543 vel
2375 2486 2725 2544 subsistentia
2753 2503 2975 2545 carnem
3006 2501 3226 2543 sumens
3249 2487 3403 2543 nobis
3425 2487 3782 2543 consubstan-

2200 2600 2221 2633 ‹
2264 2581 2470 2647 tialem,
2500 2582 2642 2638 hanc
2667 2582 2940 2639 mediante
2966 2581 3148 2636 anima
3168 2581 3472 2636 rationabili
3505 2590 3567 2635 et
3588 2580 3778 2637 intelli-

2200 2693 2221 2726 ι
2265 2674 2411 2746 gibili
2441 2673 2835 2747 compaginavit
2860 2681 3024 2744 atque
3045 2673 3313 2738 formavit,
3338 2681 3394 2729 et
3415 2680 3586 2728 natus
3610 2682 3697 2729 est
3719 2673 3777 2728 ab

2201 2784 2223 2819 ‹
2267 2766 2381 2838 ipsa
2412 2782 2576 2839 super
2594 2781 2808 2823 omnem
2840 2767 3102 2823 rationem
3128 2775 3185 2823 et
3204 2782 3419 2823 omnem
3444 2766 3776 2823 intellectum

2202 2880 2223 2913 c
2265 2870 2320 2917 et
2354 2860 2771 2934 cogitationem;
2804 2874 3128 2930 crucemque
3157 2858 3377 2931 pertulit
3404 2858 3714 2915 ultroneam
3734 2868 3783 2913 et

2202 2971 2220 3006 ι
2266 2963 2496 3009 mortem
2523 2953 2703 3025 elegit,
2735 2962 2899 3022 atque
2924 2952 3084 3008 tertia
3107 2951 3194 3007 die
3219 2964 3515 3021 resurgens
3543 2964 3612 3004 et
3644 2965 3783 3006 mor-

2204 3066 2224 3099 ι
2270 3048 2395 3113 tuis,
2418 3060 2631 3102 onmem
2656 3045 2948 3103 salutarem
2977 3044 3432 3115 dispensationem
3461 3042 3729 3113 implerit.
3756 3060 3775 3094 s

2345 3196 2673 3269 Epiphanius
2707 3197 2961 3252 diaconus
2991 3194 3060 3270 [et
3091 3192 3440 3268 cubuclesius]
3478 3194 3605 3279 legit
3623 3207 3644 3247 :

2272 3331 2363 3387 Ait
2409 3330 2688 3401 Scriptura
2732 3330 2786 3385 in
2837 3329 3019 3385 mundi
3068 3329 3276 3384 factura
3323 3326 3497 3383 Deum
3544 3327 3787 3384 dixisse:

2205 3423 2489 3478 Faciamus
2531 3422 2789 3476 hominem
2850 3421 2919 3475 ad
2966 3421 3254 3492 imaginem;
3288 3430 3337 3474 et
3388 3420 3786 3474 similitudinem

2203 3525 2434 3570 nostram
2473 3511 2625 3584 (Cen.
2666 3514 2727 3585 t).
2765 3512 2955 3584 Ingens
2991 3526 3121 3582 ergo
3157 3519 3241 3566 est
3278 3508 3594 3581 magnitudo
3623 3508 3789 3580 digni-

2204 3606 2350 3672 tatis,
2390 3604 2515 3675 quia
2557 3614 2768 3660 terrena
2805 3602 3037 3674 imagine
3076 3601 3168 3657 Dei
3204 3601 3502 3656 honoratus
3539 3609 3647 3655 est.
3687 3598 3786 3653 Sed

2201 3714 2266 3755 eo
2303 3698 2613 3754 seductionc
2660 3696 2916 3761 cadente,
2966 3711 3030 3751 ac
3067 3710 3171 3751 non
3210 3703 3572 3750 conservante
3607 3694 3786 3764 prima:

2202 3790 2571 3862 plasmationis
2593 3789 2931 3863 dignitatem,
2964 3788 3255 3843 humanum
3282 3800 3452 3856 genus
3485 3786 3539 3841 in
3576 3784 3786 3841 idololas

2203 3883 2359 3940 triam
2385 3882 2746 3954 translapsum
2784 3892 2885 3936 est.
2926 3881 3078 3936 Hunc
3100 3879 3243 3935 Deus
3266 3887 3320 3934 et
3345 3878 3586 3937 Verbum
3616 3877 3784 3933 Patris

2203 3974 2376 4030 factus
2404 3974 2587 4039 homo,
2616 3982 2670 4028 et
2694 3988 2798 4028 non
2837 3980 3038 4026 nudata
3077 3979 3291 4034 natura,
3316 3967 3616 4039 perfectus,
3640 3981 3784 4023 revo-
3808 4024 3815 4031 ,

2202 4082 2332 4124 cans
2371 4082 2400 4122 a
2446 4080 2600 4132 casu,
2627 4074 2791 4137 atque
2816 4079 3102 4121 removens
3134 4077 3257 4118 eum
3284 4063 3353 4118 ab
3386 4068 3581 4118 errore
3629 4061 3784 4118 idolo-

2203 4176 2347 4227 rum,
2373 4162 2550 4216 denno
2603 4159 2658 4214 in
2702 4156 3162 4214 immortalitatem
3209 4155 3392 4227 lingit,
3454 4155 3704 4225 praebens
3741 4153 3785 4208 ci

2204 4253 2401 4309 donum
2429 4253 2545 4308 sine
2571 4251 2906 4323 pemiteutia.
2933 4251 3056 4306 Haec
3086 4251 3279 4305 iterata
3302 4248 3473 4313 lictio,
3500 4248 3598 4303 Dei
3629 4247 3786 4318 magis

2205 4342 2500 4415 inspectrix
2527 4341 2786 4409 eﬂicitur;
2811 4350 2866 4398 et
2886 4340 3054 4412 priori
3087 4338 3305 4395 fictione
3328 4337 3701 4410 praestantior,
3724 4350 3783 4389 ae

2205 4435 2404 4491 donum
2447 4432 2589 4507 [Gr.,
2614 4432 2741 4489 “rec
2773 4433 2954 4502 priore
3003 4429 3320 4487 deiformior
3362 4438 3419 4484 et
3448 4426 3788 4498 praestantior

2207 4520 2529 4582 formatione
2560 4524 2619 4580 lit
2644 4524 2979 4588 reformatio,
3002 4538 3064 4578 ac
3087 4520 3169 4595 d.]
3199 4531 3486 4576 aeternum.
3515 4518 3629 4574 llas
3670 4530 3787 4588 ergo

2208 4619 2469 4675 donorum
2500 4616 2899 4688 magnitudines
2921 4613 3280 4670 obtenebrare
3320 4611 3606 4676 volentes,
3638 4608 3784 4664 aliam

2207 4709 2566 4765 idololatriam
2597 4721 2693 4779 per
2720 4706 2982 4762 facturam
3011 4705 3303 4777 imaginum
3328 4716 3426 4763 Ore
3452 4716 3654 4772 aspero
3676 4715 3787 4773 per»

2208 4802 2396 4857 bibent
2426 4799 2718 4865 introduci,
2749 4803 2806 4855 et
2844 4798 3264 4868 redemptionem
3303 4808 3505 4851 novam
3526 4794 3790 4864 iactanter

2211 4890 2410 4947 factam
2454 4887 2597 4963 [Gr.,
2629 4904 2727 4959 per
2762 4904 2824 4945 se
2870 4887 3091 4960 factam]
3141 4897 3494 4952 asseverant;
3542 4894 3601 4941 et
3636 4884 3788 4940 variis

2210 4980 2391 5038 verbis
2417 4996 2568 5038 suam
2607 4982 2932 5037 sententiam
2961 4986 3313 5042 consucntes,
3351 4977 3661 5034 Ecclesia"!
3703 4975 3786 5032 Dei

2214 5083 2470 5144 tanquam
2517 5082 2794 5129 errantem
2837 5072 3103 5144 iudicant,
3161 5069 3465 5126 mollientes
3518 5082 3788 5125 sermones

2615 5164 2628 5174 ‘
2911 5164 2922 5172 '
3207 5163 3243 5179 "
3262 5176 3307 5182 “‘
3337 5161 3780 5222 ““"-'uianies;
