3980 6296
149 427 252 486 381

881 428 1444 488 INTERPRETATIO
1471 430 1720 490 SYNOD!
1760 433 1848 488 V'll
1888 434 2298 492 CENERALIS.
2330 467 2398 477 —-
2426 438 2629 497 ACTIO
2661 440 2750 496 Vl.

3328 447 3436 504 582

157 563 176 594 ι
224 543 466 605 cultura,
509 549 561 598 et
593 540 820 596 tradidit
845 541 1222 598 adoratioucm
1245 557 1368 614 quae
1407 543 1602 613 spiritu
1657 552 1740 599 est
1767 550 1818 609 Α
1845 545 2142 601 stianormn
2169 587 2186 613 ,
2231 546 2322 617 qui
2370 555 2475 603 tam
2541 547 3062 620 imprwsentiarum,
3114 567 3276 622 quam
3332 556 3426 624 qui

155 656 180 693 ιΔ
219 644 278 692 et
305 637 551 692 veritate.
599 655 618 688 ι

550 732 880 805 Epiphanius
910 736 1168 790 diaconus
1194 735 1316 806 legit
1339 749 1356 788 .'

219 835 404 900 Inviti,
435 851 470 891 ο
508 837 958 907 prmstantissimi,
1002 838 1069 892 ad
1112 837 1397 893 veritatem
1442 838 1739 894 trahimini.

150 924 325 982 Totus
355 927 501 981 enim
529 943 684 982 sacer
711 928 1082 998 apostolorum
1111 938 1308 993 cretus,
1340 939 1396 983 et
1421 939 1607 984 sancta
1640 929 1742 984 Pa-

151 1026 298 1072 trqu
335 1027 644 1073 nostrorum
671 1027 912 1085 caterva,
967 1022 1034 1075 ad
1089 1021 1335 1078 homines
1380 1023 1594 1078 venisse
1646 1022 1740 1077 Dei

145 1107 330 1164 Patris
358 1105 594 1164 Verbum
624 1117 680 1163 et
717 1109 912 1165 Filium
960 1112 1248 1181 praedicat,
1294 1121 1352 1166 ut
1388 1123 1605 1168 erueret
1645 1130 1742 1170 nos

145 1200 217 1254 ab
237 1197 510 1256 idolorum
530 1216 736 1256 errore.
765 1200 876 1258 Sed
900 1211 954 1257 et
976 1205 1367 1273 praenuntiatas
1392 1219 1552 1259 voces
1579 1205 1739 1260 habeo

145 1307 270 1347 mus
290 1307 392 1362 per
418 1293 708 1363 prophetas
757 1293 832 1348 ita
859 1294 1159 1352 clamantes
1195 1314 1209 1350 :
1250 1296 1384 1350 Ecce
1424 1296 1592 1359 enim,
1643 1297 1740 1361 ait,

141 1384 254 1438 dies
286 1385 520 1447 veniunt,
549 1385 676 1438 dicit
706 1384 998 1452 Dominus,
1027 1396 1076 1441 et
1109 1386 1288 1441 delebo
1331 1388 1544 1441 nomino
1574 1387 1746 1441 idolo—

141 1491 260 1528 rum
283 1493 316 1528 a
343 1485 514 1542 terra,
537 1486 586 1530 et
609 1493 711 1530 non
742 1479 839 1532 erit
866 1477 1007 1531 ultra
1051 1479 1303 1533 memoria
1344 1495 1524 1534 eorum
1552 1475 1737 1549 (Zach.

139 1565 285 1634 nn).
311 1565 392 1622 Ita
417 1576 480 1620 ut
510 1582 604 1622 vos
633 1567 878 1622 conﬁteri
909 1569 1084 1624 coacti
1137 1568 1279 1634 sitis,
1329 1570 1472 1640 quod
1519 1586 1618 1624 nos
1670 1570 1739 1625 ab

141 1655 414 1710 idolorum
437 1671 628 1712 errore
665 1657 916 1712 Christus
956 1657 1100 1714 Deus
1125 1669 1310 1715 uoster
1354 1663 1576 1716 eruerit.
1607 1662 1670 1717 Et
1695 1663 1738 1718 si

138 1748 303 1812 eruit,
332 1750 608 1818 quomodo
631 1765 821 1806 rursus
850 1749 1010 1806 idolis
1034 1751 1366 1817 servierunt,
1387 1753 1478 1822 qui
1512 1753 1564 1807 in
1591 1752 1740 1808 illum

137 1841 524 1896 crediderunt?
546 1851 722 1897 cesset
748 1851 927 1898 vestra
961 1841 1220 1906 maledica
1249 1843 1560 1915 garrulitas.
1599 1845 1740 1900 Deus

1846 635 2063 692 luerunt
2119 652 2184 692 ex
2243 654 2352 708 quo
2393 641 2764 695 aununtiatum
2807 649 2892 696 est
2941 642 3310 715 Evangelium,
3337 661 3434 701 ex-

1845 730 2152 800 probrando
2177 739 2234 785 et
2274 732 2575 802 ahjiciendo
2611 731 2728 800 ejus
2775 735 3139 791 narrationem
3176 753 3295 807 quas
3338 753 3437 809 per

1846 823 2123 878 titulorum
2147 823 2411 892 picturam
2433 823 2626 880 ell'ccta
2643 835 2745 880 est.
2778 823 2908 880 Nam
2933 838 3217 896 postquam
3244 838 3432 884 sancta

1844 922 1898 968 et
1927 912 2245 968 universalis
2291 924 2444 968 sexta
2487 915 2724 985 synodus
2774 914 2915 970 facta
2955 925 3058 982 est,
3108 932 3278 987 usque
3306 919 3432 972 dum

1846 1009 1944 1082 ipsi
1985 1013 2297 1083 congregati
2329 1022 2456 1067 sunt
2485 1023 2674 1068 contra
2719 1015 3059 1069 venerabiles
3087 1015 3291 1078 iconas,
3326 1031 3434 1070 non

1844 1103 1964 1174 plus
1992 1120 2152 1173 quam
2181 1105 2517 1176 septuaginta
2548 1107 2926 1176 praeterierunt
2955 1107 3101 1161 anni.
3140 1106 3296 1163 Unde
3320 1123 3436 1164 om-

1847 1195 2004 1250 nibus
2027 1195 2214 1266 liquet,
2238 1198 2381 1266 qnod
2410 1213 2748 1268 nequaquam
2777 1198 2831 1252 in
2856 1198 2940 1252 his
2957 1197 3114 1253 annis
3140 1197 3434 1269 imaginum

1844 1287 2068 1356 picturae
2093 1295 2218 1342 sunt
2257 1287 2490 1352 traditur,
2519 1289 2614 1343 sed
2645 1287 2697 1343 in
2743 1287 3078 1358 temporibus
3104 1296 3314 1342 sextam
3346 1303 3437 1358 sy-

1844 1381 2044 1437 nodum
2066 1380 2493 1450 praacedentibus
2513 1400 2525 1435 :
2545 1391 2598 1438 et
2620 1395 2808 1437 revera
2831 1383 2900 1436 ah
2920 1381 3288 1452 apostolorum
3317 1381 3439 1437 fuc-

1846 1481 1974 1526 runt
1985 1471 2389 1542 praedicatione,
2405 1472 2859 1543 quemadmodum
2875 1473 2928 1526 in
2942 1473 3088 1528 omni
3104 1473 3221 1528 low
3233 1488 3298 1528 ex
3321 1473 3438 1544 ipsa

1845 1563 2054 1619 visione
2065 1573 2378 1619 sanctorum
2396 1563 2716 1634 templorum
2734 1563 3026 1620 ediscimus
3038 1573 3093 1622 et
3107 1562 3292 1619 Patres
3306 1579 3437 1620 san-

1845 1655 1918 1712 cti
1934 1656 2114 1712 testati
2131 1665 2276 1720 sunt,
2293 1665 2454 1726 atque
2469 1655 2820 1712 historiarum
2836 1655 3121 1726 perhibent
3146 1655 3432 1720 relatores,

1845 1746 2237 1818 salvanturque
2313 1748 2578 1804 hactenus
2627 1748 3058 1818 conscriptiones
3107 1763 3316 1804 eorum.
3375 1747 3435 1802 In

1845 1837 2025 1908 primo
2078 1839 2223 1894 enim
2250 1848 2306 1895 et
2333 1840 2774 1911 quingentesimo
2809 1849 2933 1910 post
2959 1839 3173 1911 expleta
3201 1841 3438 1911 quinque

139 1933 378 1988 redemit
407 1933 742 1999 incarnatus,
783 1943 840 1989 et
874 1950 1064 1989 rursus
1092 1935 1468 2006 captivarnur?
1497 1947 1554 1990 et
1582 1936 1649 1992 ab
1674 1951 1740 1992 eo
1771 1922 1818 1984 Β
1847 1946 2114 1986 annorum
2165 1930 2352 1994 millia,
2415 1931 2665 1988 Christus
2699 1933 2843 1988 Deus
2868 1941 3054 1990 noster
3081 1933 3148 1988 ad
3187 1933 3440 1989 homines

138 2024 230 2093 qui
259 2025 609 2095 tyrannidem
643 2026 699 2080 in
729 2040 826 2082 nos
851 2025 1121 2092 exercuit,
1162 2042 1304 2082 nunc
1333 2025 1533 2082 iterum
1583 2043 1743 2098 supe-

140 2114 371 2172 ramur?
394 2115 592 2169 Audite
619 2116 856 2170 divinam
904 2115 1241 2187 Scripturam
1268 2117 1535 2172 dicentem
1565 2116 1740 2188 (Psal.

135 2223 320 2268 cxuv.
343 2208 508 2277 chv)
538 2206 808 2279 :Iiegnum
835 2209 950 2280 ejus
977 2220 1254 2275 internum,
1285 2220 1336 2265 et
1364 2221 1596 2279 potestas
1621 2212 1741 2282 ejus

139 2301 192 2354 in
221 2301 590 2370 generationes
613 2303 1042 2371 generationum;
1071 2311 1126 2358 et
1166 2320 1179 2357 :
1209 2301 1462 2373 Regnabit
1487 2303 1744 2359 Dominus

136 2395 194 2446 in
230 2403 512 2453 internum,
545 2391 688 2448 Deus
717 2403 840 2448 tuus
871 2391 1002 2450 Sion
1021 2395 1077 2448 in
1103 2395 1489 2464 generationem
1516 2404 1564 2450 et
1589 2411 1747 2466 gene-

140 2485 426 2538 rationem.
468 2481 838 2554 Nequaquam,
869 2491 928 2538 ut
955 2484 1313 2553 imperatores
1349 2484 1548 2539 terreni
1581 2485 1742 2540 modo

148 2586 441 2647 superant,
466 2578 628 2633 modo
645 2586 995 2649 superantur,
1025 2578 1098 2632 ita
1123 2587 1178 2633 et
1198 2579 1370 2643 Deus;
1395 2577 1489 2632 sed
1519 2577 1742 2634 victoria

138 2671 259 2741 ejus
285 2671 346 2725 in
389 2674 655 2726 internum
699 2679 902 2727 manet.
949 2669 1136 2741 Neque
1176 2670 1319 2726 enim
1362 2679 1423 2724 ut
1471 2670 1636 2725 homo
1663 2678 1746 2724 est

139 2761 290 2818 Deus
319 2771 381 2818 ut
410 2759 700 2827 formetur,
738 2776 914 2830 neque
939 2770 997 2816 ut
1025 2761 1195 2816 Filius
1215 2761 1472 2826 hominis,
1510 2771 1570 2816 ut
1595 2776 1744 2817 com-

137 2855 388 2910 minetur
407 2854 482 2919 ei,
511 2854 652 2909 sicut
678 2855 943 2924 scriptum
970 2863 1074 2910 est.
1110 2854 1206 2910 llis
1235 2863 1417 2910 autem
1439 2863 1494 2908 et
1513 2853 1744 2924 Aposto-

139 2945 231 3002 lus
261 2955 538 3002 consonat
573 2947 760 3002 dicens
790 2965 806 3001 :
835 2945 964 3003 Sine
993 2949 1295 3016 pmnitentia
1317 2948 1456 3002 enim
1482 2959 1627 3011 sunt,
1661 2948 1744 3004 in-

139 3038 300 3106 quit,
331 3038 473 3092 dona
503 3048 552 3092 et
571 3039 774 3094 vacatio
797 3038 894 3094 Dei
926 3037 1100 3110 (Rom.
1124 3039 1222 3109 ιι).
1255 3041 1424 3096 Porro
1447 3041 1636 3095 eadem
1667 3040 1726 3096 ei

138 3127 335 3183 fantur
353 3169 369 3193 ,
402 3137 572 3185 semet
601 3131 868 3186 adornare
891 3140 1164 3201 putantes.
1194 3132 1548 3190 Subinl‘erunt
1575 3135 1744 3200 enim,

139 3235 266 3277 sese
298 3222 682 3296 impugnantes
725 3241 739 3278 :

540 3333 822 3406 Gregorius
861 3336 1133 3407 episcopus
1182 3337 1304 3408 legit
1335 3353 1350 3392 :

219 3466 240 3500 ι
288 3446 356 3502 Et
389 3445 464 3502 ita
491 3445 708 3502 demum
740 3462 862 3501 cum
893 3448 1264 3519 assumptione
1288 3450 1339 3504 in
1369 3450 1536 3507 cmlos
1560 3466 1744 3507 ascen-

143 3561 164 3594 ι
213 3541 315 3606 dit,
375 3549 595 3597 sanctos
629 3540 918 3611 discipulos
965 3558 1093 3597 suos
1137 3551 1193 3598 et
1245 3545 1520 3614 apostolos
1569 3547 1741 3616 magi-

140 3651 164 3686 s
216 3643 364 3689 stros
395 3632 555 3703 hujus
587 3633 880 3690 salutiferae
911 3634 1032 3690 ﬁdei
1065 3635 1468 3708 derelinquens.
1495 3637 1596 3706 Qui
1639 3639 1743 3696 Ec-

142 3746 164 3780 ¢
214 3727 439 3784 clesiam
490 3737 733 3784 nostram
796 3737 1053 3800 tanquam
1105 3745 1362 3800 sponsam
1417 3731 1534 3800 ejus
1577 3733 1746 3788 variis

143 3839 165 3871 α
209 3821 436 3892 pietatis
465 3829 628 3890 atque
658 3819 888 3876 luciﬁuis
918 3821 1261 3894 dogmatibus
1286 3823 1586 3891 speciosam
1619 3823 1741 3878 red-

146 3930 166 3962 ι
210 3912 432 3976 dentes,
460 3911 722 3982 optimam
751 3910 1257 3985 [formosissimum]
1283 3923 1335 3968 et
1361 3913 1742 3981 clarissimam,

146 4022 165 4054 ι
209 4013 401 4074 utpote
432 4005 753 4074 quibusdam
784 4007 1011 4062 ﬁmbriis
1053 4007 1233 4062 aureis
1258 4008 1613 4063 ostenderunt
1641 4009 1746 4063 cir-

143 4115 164 4150 r
205 4098 594 4155 cumamictam
623 4108 678 4153 et
704 4109 988 4153 variatam.
1031 4098 1195 4168 Cujus
1217 4101 1451 4170 speciem
1480 4100 1745 4170 accipien-

150 4211 168 4241 ι
215 4199 302 4245 tes
324 4189 514 4262 inclyti
539 4189 730 4246 Patres
760 4181 1121 4262 nostri‘atque
1154 4191 1418 4264 magistri,
1455 4208 1663 4248 necnon
1691 4203 1747 4248 et

145 4301 163 4332 ι
208 4292 418 4338 sancta:
463 4291 531 4338 ac
574 4283 914 4339 venerabiles
963 4300 1056 4340 sex
1101 4284 1316 4356 synodi,
1355 4285 1472 4340 sine
1508 4285 1736 4340 dimiuu~

145 4393 163 4425 σ
210 4373 361 4428 tione
399 4384 884 4436 conservaverunt.
938 4394 956 4425 ι

533 4484 864 4556 Epiphanius
904 4486 1160 4542 diaconus
1189 4486 1308 4559 legit
1339 4505 1358 4542 :

210 4599 498 4654 Indoctum
554 4607 610 4653 et
663 4598 988 4654 ineruditum
1041 4615 1261 4656 sensum
1303 4602 1586 4665 habentes,
1645 4617 1745 4658 nec

1846 2022 2093 2088 veniens,
2126 2030 2180 2078 et
2208 2038 2306 2092 per
2336 2023 2560 2094 triginta
2614 2032 2727 2079 tres
2767 2038 2939 2078 annos
2965 2031 3022 2077 et
3053 2038 3272 2078 menses
3301 2039 3438 2094 pene

1845 2115 2085 2187 quinque
2129 2115 2410 2172 nobiscum
2442 2131 2796 2179 conversans,
2832 2130 3085 2188 magnum
3122 2124 3177 2169 et
3202 2115 3440 2172 salutare

1845 2209 2168 2280 mysterium
2197 2219 2397 2265 nostra:
2410 2209 2823 2280 Redemptionis
2843 2220 3102 2282 operatus
3125 2220 3226 2278 est;
3255 2211 3441 2282 sicque

1844 2302 1910 2356 ad
1934 2301 2102 2356 ctelos
2137 2303 2240 2356 iter
2288 2301 2492 2368 ell'ecit,
2543 2303 2848 2359 ascendens
2895 2303 3258 2374 proculdubio
3299 2305 3441 2361 unde

1845 2391 2148 2458 descendit,
2201 2391 2521 2462 praecipiens
2571 2392 2833 2465 apostolis
2861 2393 3058 2449 docere
3107 2395 3289 2450 omnia
3313 2409 3438 2466 qtue

1848 2482 1966 2538 illos
2016 2485 2131 2554 ipse
2181 2485 2460 2541 docuerat.
2491 2485 2538 2540 Α
2571 2486 2907 2557 temporibus
2961 2502 3092 2558 ergo
3120 2488 3239 2543 istis
3269 2503 3443 2558 usque

1847 2575 1914 2628 ad
1941 2574 2354 2646 Constantinum
2401 2577 2787 2647 imperatorem
2815 2577 2906 2648 qui
2937 2578 3147 2649 primus
3185 2594 3250 2633 ex
3281 2580 3441 2635 Chri-

1847 2667 2044 2722 stianis
2089 2667 2354 2737 regnavit,
2416 2668 2753 2723 transierunt
2794 2668 2920 2722 anni
2969 2669 3123 2738 quasi
3181 2669 3435 2735 trecenti,

1846 2774 1968 2813 cum
2017 2759 2168 2828 prius
2195 2757 2536 2829 tyrannidem
2567 2758 2765 2830 pagani
2813 2767 3137 2814 exercerent
3171 2776 3184 2810 :
3217 2759 3436 2828 quando

1848 2851 2060 2906 scilicet
2079 2850 2295 2920 plurimi
2327 2849 2764 2906 Christianorum
2795 2850 2994 2905 bonum
3016 2859 3290 2904 certamen
3315 2865 3433 2905 cer-

1849 2955 2046 3009 tantes,
2075 2945 2334 3016 martyrio
2357 2943 2613 3000 saeculum
2638 2945 2742 2998 hoc
2762 2942 3213 3014 derelinquebant
3238 2945 3436 2998 adver-

1847 3054 1940 3094 sus
1980 3037 2118 3092 idola
2153 3038 2523 3108 insurgentes.
2555 3035 2994 3092 Christianorum
3025 3050 3158 3091 vero
3187 3035 3340 3106 capia
3364 3035 3442 3090 di-

1847 3131 1974 3186 vino
1996 3130 2113 3186 zelo
2133 3139 2429 3196 commota,
2457 3129 2770 3200 templaque
2795 3138 3196 3195 construentes,
3219 3129 3440 3201 quidam

1849 3223 1902 3278 in
1943 3223 2163 3278 nomine
2194 3221 2420 3288 Christi,
2458 3222 2682 3292 quidam
2730 3237 2860 3276 vero
2891 3223 2944 3277 in
2993 3223 3199 3278 honore
3229 3231 3443 3278 sancto-

1773 3313 1820 3374 C
1853 3329 1997 3378 rum,
2025 3313 2117 3368 alii
2141 3313 2498 3368 humanitatis
2527 3313 2582 3368 in
2626 3313 2708 3369 eis
2736 3313 2936 3370 Christi
2967 3315 3063 3370 Dei
3094 3315 3265 3370 nostri
3297 3324 3454 3381 acta,_

1847 3403 1939 3460 alii
1963 3414 2147 3460 autem
2188 3404 2507 3459 certaminis
2547 3414 2848 3476 martyrum
2874 3405 3218 3460 narrationes
3246 3405 3444 3461 colori-

1846 3493 1948 3550 bus
1973 3494 2318 3550 exarabant:
2360 3494 2452 3549 alii
2495 3504 2677 3550 autem
2735 3495 2789 3550 iu
2825 3496 3024 3551 tabulis
3055 3511 3272 3566 semper
3323 3511 3440 3552 me-

1849 3588 2079 3644 moriam
2126 3587 2271 3644 ferre
2299 3588 2544 3644 volentes
2575 3590 2628 3644 in
2667 3589 2748 3644 eis
2773 3588 2919 3661 [Cr.,
2961 3590 3016 3646 in
3047 3587 3265 3662 scipsis]
3297 3590 3440 3646 desi-

1847 3683 2020 3738 derati
2067 3681 2325 3751 martyris
2376 3679 2670 3752 imaginem
2724 3681 3109 3753 depingebant,
3139 3682 3225 3736 vel
3274 3681 3439 3737 etiam

1849 3771 2015 3842 ipsius
2036 3770 2259 3828 Christi.
2314 3770 2421 3827 Sed
2459 3780 2516 3826 et
2555 3772 2608 3826 in
2638 3773 2810 3828 sacris
2836 3773 3083 3830 vestibus
3113 3780 3170 3828 et
3212 3771 3443 3828 cimeliis

1849 3863 2113 3935 imagines
2170 3873 2280 3920 tam
2331 3881 2362 3920 a
2409 3864 2618 3920 sanctis
2649 3865 2906 3921 Pati-ibus
2950 3866 3172 3929 nostris,
3206 3881 3372 3936 quam
3410 3881 3442 3919 a

1847 3954 1954 4025 piis
1977 3955 2112 4010 viris
2133 3955 2581 4027 depingcbantur,
2612 3965 2667 4012 et
2699 3958 2752 4011 in
2798 3957 2932 4029 ipsis
2960 3957 3243 4014 incruenta
3271 3957 3441 4013 sacri-

1850 4050 1970 4106 ﬁcia
2017 4050 2370 4106 celebrabant-
2411 4067 2432 4098 :
2476 4059 2534 4106 et
2561 4067 2736 4122 usque
2779 4052 2846 4106 ad
2877 4067 2976 4107 nos
3022 4053 3137 4108 hare
3161 4051 3344 4106 omnia
3375 4050 3442 4106 li-

1847 4139 2012 4209 quido
2036 4139 2408 4195 demonstrata
2447 4147 2596 4204 sunt,
2643 4149 2699 4194 et
2725 4150 3047 4216 permanent
3075 4143 3128 4196 in
3155 4150 3439 4196 aeternum.

1849 4235 1915 4290 Et
1942 4243 2094 4290 certe
2118 4235 2284 4289 etiam
2317 4235 2370 4290 in
2401 4235 2701 4293 haeresibus
2744 4235 2951 4291 exortis
2980 4235 3102 4291 felle
3149 4251 3216 4292 ac
3243 4235 3444 4290 amari-

1851 4325 2034 4380 tudine
2056 4323 2231 4393 plenis
2253 4326 2514 4381 adversus
2539 4325 2864 4392 Ecclesiam,
2893 4327 2986 4382 sed
3014 4335 3070 4382 et
3097 4340 3191 4382 sex
3221 4325 3444 4396 synodis

1849 4413 2250 4470 universalibus
2266 4414 2360 4469 Dei
2387 4424 2517 4471 nutu
2533 4431 2631 4488 per
2651 4417 2870 4480 diversa
2895 4425 3138 4487 tempora
3165 4417 3218 4470 in
3248 4430 3437 4472 eamm

1847 4507 2191 4562 eversionem
2221 4509 2591 4578 congregatis,
2621 4509 2804 4564 omnia
2843 4523 2966 4580 quae
2993 4509 3189 4564 tradita
3229 4515 3356 4562 sunt
3384 4508 3439 4562 in

1851 4597 2095 4654 Ecclesia
2143 4598 2412 4654 catholica
2443 4599 2559 4656 sive
2596 4600 2803 4670 scripto
2849 4601 2967 4655 sive
2993 4600 3111 4655 sine
3137 4599 3344 4670 scripto
3371 4599 3440 4654 ab

143 4698 435 4746 senserunt
467 4690 764 4761 tyrannica:
803 4707 915 4746 sua:
946 4692 1115 4761 ipsius
1139 4707 1332 4748 vocum
1363 4693 1620 4748 novitatis
1646 4693 1744 4748 ab-
1777 4671 1826 4730 Ῐ)
1851 4691 2092 4763 antiquis
2141 4691 2500 4762 temporibus,
2553 4708 2661 4748 una
2692 4708 2816 4748 cum
2867 4701 3181 4748 sanctarum
3224 4706 3441 4762 quoque

136 4783 432 4854 j'icicndam
459 4781 788 4850 opinionem,
813 4781 1119 4852 [astumque
1135 4793 1182 4837 et
1204 4783 1568 4852 arrogantiam
1594 4800 1746 4840 suam

142 4875 250 4938 isti,
279 4875 376 4946 qui
408 4874 722 4930 tumultuari
749 4877 1370 4932 susurrandoeonantur
1399 4896 1413 4931 :
1447 4885 1502 4931 et
1527 4888 1747 4934 versuto

140 4966 386 5022 volentes
411 4964 718 5020 velamento
743 4979 898 5022 suum
924 4965 1096 5036 ipsius
1137 4981 1377 5038 sensum.
1390 4967 1742 5032 obumbrare,

141 5058 434 5114 ridiculum
461 5057 731 5128 quoddam
775 5073 845 5114 ex
875 5058 1078 5114 desidia
1115 5060 1412 5128 patiuntur,
1463 5058 1747 5116 laudantes

141 5152 370 5206 nultum
399 5166 479 5206 ac
511 5151 797 5222 magniﬁce
833 5151 1264 5208 ecclesiasticam
1303 5151 1696 5221 legislationem
1725 5169 1739 5217 ;

138 5251 191 5295 et
212 5243 364 5298 hanc
401 5242 787 5298 immutilatam
817 5258 1041 5299 servare
1081 5253 1300 5299 sanctas
1326 5259 1418 5299 sex
1445 5254 1502 5298 et
1531 5245 1743 5302 univer-

138 5333 278 5389 sales
303 5333 562 5404 synodos,
587 5333 714 5389 licet
743 5333 1006 5396 uolentes.
1030 5335 1353 5405 promittunt
1373 5334 1518 5408 [Gr.,
1551 5353 1741 5392 assen-

143 5425 370 5498 tiuntur]
401 5466 418 5490 ,
444 5433 500 5481 et
526 5425 706 5481 verbis
733 5425 951 5498 quidem
977 5426 1237 5482 simulant
1256 5427 1536 5496 pietatem,
1560 5437 1742 5483 mente

141 5525 319 5572 autem
371 5518 714 5589 iniquitatem
762 5527 1102 5588 operantur:
1134 5527 1192 5593 et
1227 5518 1384 5576 labiis
1421 5533 1542 5575 eam
1573 5520 1744 5576 hono-

145 5622 284 5679 rant,
307 5613 476 5668 corde
502 5621 684 5668 autem
723 5612 883 5683 longe
923 5613 1126 5668 distant
1165 5612 1234 5670 ab
1261 5613 1346 5667 illa
1376 5612 1512 5683 (lsa.
1547 5613 1698 5683 uix)
1727 5629 1740 5678 ;

144 5703 366 5757 minime
388 5702 792 5758 consentientes
823 5701 1110 5756 admittere
1149 5701 1517 5766 traditionem,
1543 5717 1661 5772 qua:
1690 5701 1742 5754 in

143 5797 288 5860 omni
333 5795 617 5868 praterito
659 5805 902 5864 tempore
948 5811 976 5850 a
1025 5803 1104 5848 tot
1149 5794 1352 5848 sanctis
1393 5801 1600 5848 retenta
1636 5800 1739 5846 est.

151 5893 364 5955 Utinam
396 5891 795 5949 mul'itudinem
845 5890 1033 5948 saltem
1087 5889 1304 5948 reveriti
1349 5897 1529 5946 essent
1582 5888 1740 5943 Chri-

1852 4786 2148 4857 imaginum
2176 4786 2644 4845 demonstratione
2693 4787 3045 4843 corroborata
3085 4793 3214 4841 sunt
3240 4794 3292 4841 et
3325 4794 3439 4839 sta-

1853 4875 2024 4930 bilita.
2051 4875 2252 4931 Sancta
2279 4892 2409 4932 vero
2437 4886 2592 4933 sexta
2619 4885 2675 4934 et
2698 4876 3027 4933 universalis
3055 4875 3294 4947 synodus
3317 4891 3437 4930 cum

1850 4968 2246 5039 promulgasset
2291 4969 2662 5025 deﬁnitionem
2741 4985 2895 5025 suam
2952 4977 3139 5025 contra
3202 4981 3298 5022 eos
3347 4965 3438 5050 qui

1853 5077 2015 5115 unam
2063 5062 2397 5118 voluntatem
2423 5063 2718 5134 praedicant
2761 5063 2816 5117 in
2841 5061 3060 5117 Christo
3088 5060 3200 5116 Deo
3232 5069 3446 5134 nosqu

1851 5160 1905 5204 et
1923 5151 2319 5208 Constantinus
2344 5154 2435 5222 qui
2488 5162 2616 5208 tunc
2643 5152 2966 5225 imperabat,
2994 5161 3050 5207 et
3071 5151 3447 5224 praeceptione

1851 5260 1949 5299 sua
1972 5261 2072 5316 per
2103 5246 2501 5316 beneplacitnm
2555 5246 2649 5300 Dei
2679 5247 2820 5300 hanc
2851 5253 3296 5318 congregaverat,
3329 5243 3442 5306 vita,

1848 5345 1970 5406 post
1993 5335 2262 5392 modicum
2285 5336 2626 5399 excessisset,
2659 5335 3106 5407 Justinianusqne
3134 5333 3277 5388 ﬁlius
3313 5332 3433 5402 ejus

1849 5427 2135 5498 imperium
2161 5427 2484 5483 obtinuisset
2540 5445 2553 5480 :
2589 5427 2751 5483 iidem
2780 5427 2880 5498 ipsi
2929 5429 3019 5500 qui
3055 5427 3106 5480 in
3133 5440 3197 5479 ea
3225 5423 3431 5478 fuerant

1849 5519 2186 5590 congregati,
2245 5533 2434 5573 rursus
2478 5528 2608 5572 nutu
2639 5518 2827 5573 divino
2875 5518 3212 5574 unanimiter
3242 5526 3442 5596 conve-

1851 5611 2066 5666 uieutes
2115 5618 2238 5682 post
2273 5617 2508 5681 quatuor
2564 5609 2648 5664 vel
2683 5609 2920 5680 quinque
2979 5621 3175 5670 annos,
3225 5601 3441 5682 regulas

1847 5702 2137 5760 ediderunt
2167 5717 2268 5771 pro
2293 5699 2634 5757 correctione
2669 5701 3164 5757 ecelesiasticorum
3196 5693 3442 5765 negotio-

1852 5809 1970 5848 rum
1996 5809 2169 5862 usque
2194 5792 2261 5846 ad
2289 5792 2424 5847 duas
2457 5803 2514 5846 et
2535 5800 2774 5848 centum.
2807 5791 2862 5846 lu
2893 5791 3089 5861 quibus
3135 5785 3439 5854 canonibus

1851 5886 2016 5939 etiam
2047 5885 2110 5939 de
2147 5885 2472 5955 imaginibus
2507 5885 2557 5940 in
2594 5884 2957 5956 octuagesima
2979 5879 3217 5946 secunda
3247 5876 3428 5954 regula
