3924 5546
536 447 643 506 385

537 558 906 635 esposuerunt
933 560 1004 615 ita
1033 577 1047 615 :
1075 558 1130 614 In
1156 556 1477 629 quibusdam
1502 553 1893 609 venerabilium
1930 548 2117 619 imagi—
2147 549 2197 608 Α
2273 542 2279 546 ’

540 672 669 710 ιιιιιιι
715 652 943 725 picturis
993 666 1163 721 agnus
1219 650 1388 720 digito
1445 647 1796 720 prtccursoris
1866 654 2123 699 exaratur

543 755 817 808 ostensus,
849 743 939 812 qui
996 742 1049 796 in
1081 741 1308 810 figuram
1338 738 1616 810 praecessit
1648 734 1790 810 [Gr.,
1815 746 2125 805 assumptus

536 834 880 909 cst]grati:e,
930 848 1118 888 verum
1174 831 1328 887 nobis
1358 846 1454 902 per
1481 831 1657 903 legem
1704 836 2124 901 praemonstrans

541 943 763 998 agnum,
795 926 1069 981 Christmn
1101 924 1356 979 videlicet
1384 924 1552 978 Deum
1593 933 1858 976 nostrum.
1905 919 2124 976 Veteres

538 1030 671 1087 ergo
710 1016 917 1086 figuras,
945 1025 1000 1071 et
1029 1014 1266 1078 umbras,
1318 1022 1506 1082 utpote
1548 1012 1796 1067 veritatis
1840 1012 2039 1066 indicia
2068 1018 2125 1065 ct

530 1108 907 1177 praecedentes
951 1107 1299 1162 characteres
1326 1105 1582 1160 Ecclesia:
1609 1105 1838 1160 traditos
1877 1105 2120 1160 salutan-

538 1210 642 1263 tes,
673 1198 902 1271 gratiam
933 1199 1140 1253 honore
1186 1196 1511 1269 perferimus
1556 1207 1611 1252 ct
1643 1199 1952 1263 veritatem,
1984 1199 2124 1254 hanc

538 1300 598 1346 ut
626 1292 762 1362 legis
782 1290 1169 1362 plenitudinem
1200 1290 1570 1345 admittentes.
1596 1289 1668 1345 Ut
1691 1305 1823 1360 ergo
1847 1288 2124 1359 praelectio

537 1383 703 1438 etiam
732 1398 828 1455 per
851 1382 1091 1438 colorum
1141 1381 1491 1453 operationes
1520 1380 1571 1435 in
1616 1381 1857 1436 omnium
1884 1380 2123 1435 vultibus

540 1474 691 1547 [ante
711 1475 954 1530 omnium
985 1471 1198 1546 oculos]
1227 1473 1575 1543 depingatur,
1601 1473 1975 1528 characterem
1997 1472 2121 1545 agni

536 1565 739 1621 Christi
770 1565 864 1621 Dei
916 1565 1088 1620 nostri
1142 1565 1233 1634 qui
1265 1564 1403 1618 tollit
1435 1572 1657 1632 peccata
1687 1563 1891 1626 mundi,
1922 1579 2120 1619 secun-

537 1659 665 1713 dum
695 1657 1113 1722 humanitatem,
1136 1657 1300 1711 etiam
1327 1656 1379 1710 in
1407 1654 1579 1711 ieonis
1606 1672 1669 1710 ex
1700 1656 1803 1711 hoc
1828 1672 1927 1725 pro
1957 1657 2123 1711 veteri

541 1763 679 1821 agno
714 1748 998 1804 definimus
1031 1748 1243 1819 depiugi
1281 1766 1293 1802 :
1327 1762 1423 1817 per
1468 1763 1591 1804 ettm
1626 1747 1876 1802 videlicet
1907 1747 2128 1803 celsitu-

538 1842 720 1896 dinem
767 1841 1082 1897 humilitatis
1118 1840 1209 1895 Dei
1260 1840 1420 1895 Verbi
1477 1841 1905 1905 considerantes,
1954 1848 2009 1895 et
2055 1842 2121 1896 ad

1684 422 2049 492 ‘ANAsrAsn
2088 427 2630 487 nrsuornecsuu

3710 417 3802 477 331

2610 542 2941 614 Epiphanius
2984 544 3238 597 diaconus
3272 539 3391 610 legit
3434 555 3451 593 :

2298 659 2402 727 Qui
2444 656 2780 731 spiritualem
2813 665 3128 727 evprrguant
3167 652 3494 716 Jerusalem,
3527 648 3583 704 id
3621 660 3708 704 est
3727 663 3804 702 ca-

2228 752 2483 807 tholicam
2525 748 2846 814 Ecclesium,
2901 748 2987 804 his
3043 746 3346 818 ﬁgurantur
3388 745 3482 815 qui
3537 752 3799 798 terrenam

2224 859 2605 915 expugnavere
2651 842 2972 898 Jerusalem.
3009 842 3074 895 Et
3101 841 3360 896 festinant
3398 847 3454 893 et
3505 837 3610 908 ipsi
3640 834 3798 905 patric

2226 936 2302 990 uti
2333 949 2612 999 sermone,
2659 932 3113 1003 quemadmodum
3151 930 3423 1001 tutandam
3474 925 3801 994 Rhapsares.

2224 1030 2314 1100 qui
2361 1028 2586 1084 llehrzca
2628 1027 2807 1099 lingua
2834 1035 3022 1082 contra
3054 1023 3217 1080 Israel
3266 1023 3525 1078 utebatur
3550 1019 3603 1089 (Ι
3624 1018 3659 1070 ι’
3686 1017 3801 1088 Βίας.

2226 1122 2404 1191 xvm).
2437 1120 2527 1175 lsti
2578 1120 2722 1175 enim
2770 1117 3010 1175 luerctici
3056 1125 3340 1188 paternam
3401 1112 3714 1170 doctrinam
3761 1119 3804 1163 et

2226 1209 2648 1269 ecclesiasticam
2693 1225 2879 1265 vocem
2921 1217 3109 1264 contra
3146 1207 3338 1262 Patres
3366 1212 3679 1272 contraque
3722 1216 3803 1255 ea.

2227 1302 2480 1359 tholicam
2512 1301 2808 1358 Ecclesium
2842 1312 3074 1356 armant.
3112 1298 3219 1355 Sed
3248 1316 3279 1352 α
3305 1295 3571 1368 fructibus
3592 1335 3609 1358 ,
3640 1292 3803 1361 inquit

2227 1396 2488 1453 Dominus
2508 1436 2523 1460 ,
2553 1410 2732 1449 eorum
2761 1392 3078 1465 cognoscetis
3108 1406 3194 1445 eos
3226 1387 3459 1462 (Matth.
3486 1401 3565 1440 vrr
3591 1382 3634 1454 ).
3662 1383 3804 1438 Com-

2225 1487 2402 1559 parati
2436 1487 2579 1541 enim
2611 1493 2739 1540 sunt
2765 1484 3032 1555 sepulcris
3057 1481 3352 1544 dealbatis,
3383 1493 3508 1549 quae
3540 1475 3680 1531 foris
3702 1474 3805 1544 qui-

2228 1579 2348 1634 dem
2388 1583 2581 1647 pareut
2617 1575 2924 1631 hominibus
2950 1573 3194 1644 speciosa
3224 1589 3237 1625 :
3271 1566 3735 1639 quemadmodum
3761 1574 3805 1616 et

2230 1668 2317 1724 isti
2357 1665 2786 1724 Christianorum
2826 1663 3244 1721 calumniatores
3272 1660 3467 1731 patriis
3514 1657 3678 1728 quasi
3728 1671 3806 1709 co-

2228 1756 2403 1828 operti
2441 1755 2803 1820 sermonibus,
2844 1755 2989 1809 intus
3019 1761 3202 1808 autem
3253 1750 3396 1822 pleni
3434 1758 3569 1804 sunt
3606 1747 3805 1803 ossibus

2231 1855 2288 1903 et
2315 1847 2461 1903 omni
2493 1846 2751 1918 spurcitia
2792 1843 3025 1916 (Matth.
3061 1857 3192 1898 χχιιι
3218 1841 3268 1913 ),
3299 1839 3535 1896 mortuis
3572 1835 3807 1893 videlicet

540 1932 857 1988 memoriam
914 1931 1341 1988 conversationis
1402 1947 1564 2001 quam
1613 1932 1665 1986 in
1717 1946 1883 1986 cm'ne
1933 1931 2122 2002 gessit,
2156 1914 2199 1974 Β
2232 1914 2546 2011 τωιῑάῙεφιέ
2577 1914 2940 2011 dogmatibus,
2973 1937 3083 1992 Nos
3122 1945 3303 1991 autem
3334 1933 3477 1988 idem
3507 1930 3805 1999 sepulcrum

537 2026 809 2098 passionis
860 2042 1076 2097 quoque
1101 2041 1166 2081 ac
1209 2024 1465 2080 salutaris
1511 2024 1700 2079 mortis
1730 2022 1845 2093 ejus
1886 2023 2123 2089 adducti,

539 2116 1113 2186 atque-redemptionis
1139 2131 1259 2186 qum
1288 2115 1416 2172 hinc
1455 2123 1538 2171 est
1561 2115 1761 2170 mutulo
1791 2114 2003 2170 effecta.
2037 2115 2127 2171 Vi-

539 2207 727 2262 demus
757 2222 885 2279 ergo
914 2208 1093 2264 cuncti
1116 2216 1173 2265 et
1192 2207 1565 2280 intelligimus,
1591 2208 1735 2279 quod
1763 2217 1812 2263 et
1837 2218 1963 2264 ante
1992 2225 2124 2264 san-

538 2308 655 2353 ctas
685 2300 920 2370 synodos
949 2308 1005 2354 et
1035 2308 1156 2369 post
1200 2308 1418 2355 sanctas
1446 2299 1679 2370 synodos
1710 2299 2004 2371 imaginum
2032 2300 2126 2354 de-

539 2388 863 2458 scriptiones
898 2389 949 2443 in
990 2390 1236 2445 Ecclesia
1273 2389 1483 2444 traditae
1508 2388 1730 2455 fuerint,
1777 2391 2127 2459 quemadmo-

538 2478 667 2532 dum
704 2487 758 2534 et
802 2479 1098 2551 Evangelii.
1149 2481 1362 2537 Etenim
1414 2497 1511 2552 per
1557 2481 1843 2537 lectionem
1904 2482 2126 2538 auribus

541 2578 850 2639 perceptam
903 2569 1061 2639 hujus
1111 2571 1443 2626 auditionem
1470 2571 1638 2626 menti
1683 2571 2123 2636 transmittiuurs,

539 2671 593 2716 et
637 2661 808 2718 oculis
848 2662 1121 2719 intuentes
1148 2663 1468 2734 imaginales
1498 2662 1723 2729 formas,
1774 2664 1935 2719 simili
1966 2661 2126 2719 modo

537 2751 948 2823 intelligibiliter
993 2754 1328 2810 illustramur
1372 2773 1385 2809 :
1419 2764 1473 2810 ct
1492 2771 1590 2825 per
1615 2755 1749 2810 duas
1777 2768 1863 2809 res
1893 2754 2124 2809 invicem

538 2857 598 2899 se
625 2855 931 2914 sequentes,
982 2846 1268 2902 lectionem
1296 2848 1380 2901 aio
1407 2857 1461 2903 et
1498 2847 1762 2918 picturas,
1791 2846 1951 2900 unius
1978 2846 2117 2900 noti~

540 2938 669 2993 tiam
695 2940 1010 3009 accipimus,
1040 2940 1104 2995 ad
1135 2928 1451 2997 memoriam
1486 2957 1668 2996 rerum
1718 2940 1986 2995 veniendo
2027 2955 2113 3011 ge-

539 3039 765 3085 starum.
801 3031 938 3086 Hinc
964 3040 1019 3087 et
1044 3035 1273 3088 duorum
1309 3032 1839 3103 generalissimorum
1866 3049 2123 3087 sensuum

541 3120 595 3173 in
630 3119 869 3179 Canticis
896 3121 1232 3177 canticorum
1256 3122 1505 3191 cepulata
1544 3124 1657 3177 lucc
1685 3123 1929 3193 Operatio
1952 3114 2125 3192 potuit

532 3211 790 3279 inveniri,
841 3228 963 3268 cum
993 3212 1193 3269 dicitur
1235 3231 1248 3267 :
1302 3211 1527 3267 Ostende
1558 3213 1685 3266 mihi
1715 3211 1903 3281 faciem
1952 3223 2120 3277 tuam,

2229 2030 2572 2095 revelantes,
2610 2029 2665 2085 in
2705 2027 3200 2083 manifestationem
3252 2022 3523 2080 faeiamus
3569 2028 3805 2075 cunctam

2226 2139 2416 2180 eorum
2458 2120 2859 2178 immunditiam
2888 2138 2902 2174 :
2935 2119 3059 2189 quia
3089 2115 3386 2172 secundum
3418 2110 3646 2183 propria
3674 2109 3805 2164 desi-

2228 2214 2380 2270 deria
2425 2220 2746 2284 pervertunt
2780 2226 2899 2282 quae
2934 2209 2986 2263 in
3023 2207 3262 2263 Ecclesia
3300 2203 3578 2260 catholica
3619 2209 3743 2255 sunt
3776 2214 3805 2251 ει

2226 2304 2430 2360 sanctis
2491 2301 2744 2358 Patribus
2776 2301 2940 2355 edita.
2982 2298 3050 2353 Et
3087 2297 3307 2353 vocibus
3339 2294 3567 2365 quidem
3608 2290 3798 2346 eisdem

2230 2403 2483 2459 utuntur,
2512 2394 2607 2448 sed
2641 2401 2821 2447 astute
2847 2397 3184 2445 commutant
3208 2400 3401 2443 sensus
3432 2398 3647 2439 eorum.
3688 2379 3806 2446 Qua

2226 2499 2462 2556 namque
2486 2483 2746 2539 adversus
2770 2481 3002 2535 Ariauos
3028 2478 3126 2548 ipsi
3156 2476 3351 2547 prolati
3380 2483 3543 2538 sunt,
3576 2471 3668 2527 isti
3695 2484 3806 2525 eou-

2227 2586 2309 2633 tra
2325 2575 2883 2638 venerabilesiconas,
2912 2572 3052 2644 stylo
3068 2571 3350 2641 scripturae
3378 2576 3613 2631 mutato,
3647 2564 3799 2620 faten-

2229 2679 2338 2725 tur.
2376 2668 2532 2737 Quod
2566 2668 2708 2723 enim
2746 2662 3115 2721 memorabilis
3151 2661 3311 2717 Pater
3347 2658 3649 2727 Gregorius
3681 2655 3803 2726 Nys-

2225 2775 2456 2815 saeorum
2476 2757 2675 2831 prmsul
2708 2756 2962 2812 Ecclesia:
2990 2757 3042 2810 in
3066 2752 3319 2824 epitaphii
3346 2764 3627 2816 sermone,
3656 2761 3803 2819 quem

2229 2866 2394 2923 super
2429 2858 2622 2906 sancto
2656 2847 2885 2913 Basilio,
2922 2862 3021 2901 suo
3049 2844 3300 2900 videlicet
3327 2856 3496 2898 carne
3524 2856 3592 2896 ac
3621 2838 3800 2910 spiritu

2225 2941 2423 3008 iratre,
2487 2942 2732 2998 scribens
2772 2940 3048 2995 adversus
3101 2937 3334 2992 Arianos
3386 2933 3800 3007 dogmatizarit,

2226 3036 2317 3091 isti
2348 3046 2538 3092 contra
2566 3034 2831 3105 imagines
2857 3030 3310 3101 assumpserunt:
3341 3030 3487 3100 quod
3522 3043 3590 3083 ex
3622 3026 3799 3082 eadem

2224 3125 2544 3197 praefatione
2579 3124 2750 3195 ipsius
2782 3123 3052 3194 periochae
3084 3120 3256 3177 videri
3295 3119 3534 3190 poterit,
3575 3133 3700 3188 qtae
3732 3118 3801 3170 ita

2228 3233 2287 3274 se
2316 3219 2478 3274 habet
2508 3234 2521 3270 :
2555 3216 2754 3287 Utique
2787 3215 2964 3271 nullus
2992 3216 3209 3285 ignorat
3238 3213 3598 3268 intentionem
3626 3218 3800 3266 osten-

537 3313 685 3359 sonet
712 3320 811 3359 vos;
853 3313 943 3358 tua
971 3306 1027 3359 in
1061 3301 1441 3360 ’auribus‘meis
1469 3320 1487 3358 :
1518 3319 1615 3358 eoa:
1638 3305 1775 3357 enim
1800 3313 1891 3356 tua
1927 3302 2119 3367 dulcis,
2150 3278 2196 3340 (ἶ
2227 3310 2417 3375 sionis,
2443 3325 2562 3379 qua:
2595 3278 2838 3381 tempore
2863 3278 3108 3379 magistri
3138 3307 3309 3362 nostri
3335 3305 3530 3361 eli'ecta
3554 3314 3642 3359 est
3667 3304 3797 3376 (Gn,

539 3401 588 3446 et
614 3394 777 3462 [aries
800 3404 891 3448 tua
909 3383 1098 3449 decora
1128 3393 1308 3466 (Cant.
1335 3394 1418 3464 ιι).
1450 3393 1659 3461 Quibus
1679 3392 2042 3447 consonantes
2071 3385 2125 3445 et

535 3484 639 3541 nos
659 3486 934 3557 psallendo
971 3488 1242 3544 dicimus:
1272 3487 1419 3544 Sicut
1459 3487 1776 3552 audivimus,
1802 3487 1878 3540 ita
1918 3496 1966 3540 et
1988 3485 2123 3540 vidi-

534 3594 650 3631 mus
676 3576 847 3651 (l’sal.
883 3580 1072 3649 van).
1112 3568 1207 3635 His
1254 3595 1383 3652 ergo
1410 3580 1482 3633 ita
1528 3593 1588 3634 se
1634 3570 1987 3643 habentibus,
2027 3591 2126 3647 op-

534 3679 764 3738 portune
819 3672 1104 3728 dicendum
1160 3682 1244 3728 cst
1285 3673 1355 3729 ad
1404 3687 1498 3728 eos
1537 3672 1630 3742 qui
1660 3679 1851 3727 contra
1903 3679 2123 3727 sanctas

535 3759 799 3831 imagines
830 3764 1141 3831 garrierunt
1170 3782 1182 3817 :
1222 3763 1372 3818 Vana
1401 3763 1605 3818 locutus
1651 3773 1727 3817 est
1767 3762 2123 3833 unusquisque

537 3848 607 3901 ad
632 3852 928 3919 proximum
974 3870 1158 3919 suum;
1204 3854 1345 3908 labia
1384 3853 1567 3908 dolosa
1596 3854 1651 3908 in
1689 3854 1865 3918 corde,
1894 3864 1942 3907 et
1967 3853 2123 3907 corde

535 3939 697 3995 locuti
723 3952 843 3997 sunt
892 3944 1033 3999 mala
1062 3944 1235 4017 (Psul.
1272 3946 1369 4016 ιιι).
1411 3945 1453 3998 Λ
1483 3945 1681 4013 quibus
1710 3959 1968 3999 cruamur
2000 3958 2125 4015 gra-

539 4034 613 4089 tia
639 4033 842 4092 Christi
873 4039 982 4117 veri
1013 4037 1107 4093 Dei
1136 4038 1435 4094 Salvatoris
1460 4039 1652 4094 nostri.

1002 4172 1237 4230 TOMUS
1280 4173 1663 4233 SECUNDUS.

932 4286 1257 4360 Epiphanius
1293 4292 1546 4345 diaconus
1572 4291 1730 4363 legit:

605 4399 769 4456 Obliti
843 4416 947 4456 non
996 4403 1311 4457 mentientis
1376 4402 1588 4458 Domini
1636 4401 2119 4472 repromissionis‘,

534 4488 694 4562 quam
744 4494 811 4550 de
853 4494 1092 4549 Ecclesia
1136 4510 1234 4550 sua
1259 4495 1577 4567 spepondit,
1605 4494 1731 4563 quia
1769 4503 1937 4565 porta’
1962 4494 2121 4562 inferi

536 4600 639 4638 non
664 4584 1017 4654 pra'valcbunt
1040 4585 1291 4640 adversus
1318 4600 1433 4639 eam
1454 4584 1669 4657 (Matth.
1705 4582 1836 4655 xvr),
1863 4583 2005 4637 nudo
2029 4596 2120 4637 ca-

466 4740 477 4745 ,
532 4677 665 4745 pile,
698 4678 1043 4748 revelataque
1087 4677 1253 4744 facie,
1281 4677 1545 4732 habentes
1578 4677 1884 4732 contrarias
1910 4674 2121 4747 opinio-

533 4786 651 4834 nes,
678 4772 997 4844 impugnant
1030 4772 1211 4836 illam;
1246 4779 1301 4826 et
1353 4770 1599 4825 furantes
1641 4779 1897 4840 paternas
1937 4783 2115 4836 voces,

535 4863 688 4933 quasi
719 4879 844 4921 suas
875 4874 1173 4935 Oppontmt,
1202 4864 1443 4920 dicentes
1464 4864 1534 4918 ita
1562 4881 1575 4917 :

922 4972 1206 5044 Gregorius
1241 4973 1510 5045 cpiscoPus
1559 4972 1679 5044 legit

610 5086 629 5118 ι
674 5065 871 5119 lterum
895 5072 1074 5121 autem
1106 5064 1265 5134 huius
1305 5066 1555 5121 decorem
1585 5066 1769 5121 videre
1799 5080 1905 5119 non
1936 5064 2117 5120 ferens

541 5177 558 5206 ι
606 5155 892 5226 przcdictus
923 5155 1141 5211 malitia:
1183 5156 1497 5222 fabricator,
1546 5172 1650 5211 non
1705 5168 1787 5212 est
1835 5156 2116 5212 fraudatus

543 5265 560 5295 ι
609 5262 706 5315 per
727 5245 935 5301 diversa
965 5254 1204 5315 tempora
1236 5256 1291 5303 et
1318 5248 1508 5303 modus
1534 5246 1769 5317 maligno
1794 5247 2010 5318 ingenio
2038 5248 2115 5302 fa-

541 5356 558 5385 c
607 5334 780 5389 ciendi
846 5336 948 5391 sibi
988 5337 1258 5391 subditum
1315 5352 1486 5408 genus
1524 5337 1817 5391 lnuuanum
1856 5354 1870 5389 :
1909 5339 2002 5392 sed
2060 5339 2112 5393 in

544 5446 563 5477 σ
606 5427 883 5481 schemate
930 5425 1328 5481 Christianismi
1382 5427 1739 5482 idololatriam
1796 5426 1995 5482 sensim
2027 5428 2111 5481 in-

726 5519 760 5546 ἰ
814 5517 915 5546 [1‘-
1014 5519 1245 5546 -ΛιΙη-νζιΊ
1317 5536 1410 5546 νη...

1413 5537 1504 5546 η..-
1518 5521 1643 5546 ,ιι-ιι..
1698 5522 2112 5546 --..ι-ξ......,..ξι..--

2152 4636 2199 4696 D

2225 3403 2324 3460 int.
2362 3419 2462 3460 cur
2497 3404 2592 3459 tali
2630 3412 2873 3473 tempore
2907 3410 3092 3459 noster
3120 3400 3381 3456 claruerit
3406 3396 3647 3470 doctor].
3677 3396 3797 3465 Qui:

2223 3497 2368 3550 enim
2424 3496 2705 3551 hominum
2760 3494 2980 3549 vesania
3031 3493 3180 3549 circa
3233 3492 3374 3548 idola
3425 3490 3799 3561 praedicatione

2223 3587 2424 3643 Christi
2470 3588 2734 3643 exstincta
2772 3585 2977 3652 fuerat,
3015 3592 3072 3641 et
3114 3598 3308 3639 omnes
3343 3589 3505 3638 erant
3544 3582 3599 3636 in
3638 3580 3796 3635 minis

2216 3675 2332 3749 jam
2362 3686 2417 3734 et
2442 3678 2736 3733 abolitione
2763 3692 3026 3732 vanorum
3057 3673 3312 3741 cultum,
3344 3688 3442 3745 per
3471 3682 3647 3729 totum
3677 3686 3799 3744 pene

2222 3768 2409 3824 orbem
2441 3767 2826 3839 praedicatione
2854 3767 3072 3838 pietatis
3100 3773 3331 3821 exorta:
3380 3764 3429 3818 is
3462 3763 3558 3832 qui
3591 3762 3797 3817 tenebat

2226 3857 2477 3912 humanae
2515 3855 2851 3927 deceptionis
2886 3856 3278 3926 principatum,
3323 3853 3566 3922 undique
3596 3849 3793 3907 coerci-

2226 3957 2312 4003 tus
2360 3946 2561 4003 Christi
2601 3948 2820 4003 nomine
2858 3946 2927 4001 ab
2962 3948 3095 4003 orbe
3130 3954 3398 4001 terrarum
3438 3944 3669 3999 abactos
3701 3952 3795 3998 est.

2222 4035 2357 4093 Cum
2412 4044 2592 4091 autem
2647 4037 2701 4091 in
2771 4035 2975 4091 malitia
3031 4035 3248 4106 sapiens
3291 4032 3512 4088 malitia:
3562 4034 3797 4087 inventor

2222 4127 2513 4192 existeret,
2571 4143 2678 4184 non
2738 4136 2822 4182 est
2884 4125 3166 4183 fraudatus
3222 4125 3475 4196 malignis
3522 4106 3795 4196 argumeu:

2226 4223 2295 4279 tis
2347 4224 2414 4279 ad
2462 4223 2768 4280 faciendum
2805 4238 2994 4278 rursus
3033 4236 3131 4292 per
3166 4220 3544 4275 seductiouem
3578 4219 3678 4274 sibi
3709 4217 3794 4271 hu-

2224 4315 2542 4370 manitatem
2592 4314 2892 4385 subjectam
2915 4356 2929 4381 ,
2967 4313 3067 4370 sed
3107 4313 3209 4368 sub
3239 4319 3503 4383 praztextu
3552 4311 3796 4367 Christia-

2224 4409 2411 4465 nitatis
2463 4410 2727 4465 idolorum
2776 4409 3045 4465 culturam
3087 4408 3346 4479 paulatim
3379 4407 3597 4463 induxit
3642 4406 3796 4480 [ατη

2225 4501 2516 4575 reduxit],
2583 4489 2916 4572 persuadens
2974 4499 3394 4571 sophismatibus
3454 4499 3573 4555 suis
3631 4501 3695 4554 ad
3747 4512 3798 4552 se

2226 4604 2534 4666 respectum
2576 4594 2901 4651 habentide
2924 4635 2939 4660 ,
2982 4602 3040 4649 ut
3076 4609 3183 4649 non
3222 4592 3548 4649 recederent
3587 4609 3618 4647 a
3656 4592 3794 4647 cria-

2228 4694 2382 4753 tura,
2430 4687 2526 4741 sed
2565 4686 2705 4741 hanc
2747 4686 3038 4740 adorarent
3082 4692 3138 4739 et
3189 4682 3467 4748 colerent,
3533 4681 3796 4751 Deumque

2226 4775 2496 4833 facturam
2562 4777 2997 4842 arbitrarentur,
3060 4774 3185 4829 Filii
3249 4775 3474 4829 nomine
3536 4787 3796 4843 nuncupa-

2226 4877 2359 4924 tam.
2412 4870 2483 4924 At
2531 4884 2659 4925 vero
2712 4869 2756 4924 si
2807 4884 2873 4923 ex
2923 4882 3032 4923 non
3077 4865 3422 4921 exstantibus
3462 4865 3550 4921 vel
3592 4882 3622 4919 a
3662 4879 3797 4918 ereao

2227 4970 2378 5029 tura,
2427 4963 2514 5020 vel
2553 4978 2585 5017 a
2629 4958 2809 5017 divina
2846 4960 3147 5016 substantia
3190 4959 3245 5014 in
3286 4974 3382 5013 sua
3422 4968 3503 5013 est
3548 4959 3796 5013 alierum

2229 5063 2421 5108 natura
2444 5095 2459 5120 ,
2512 5053 2690 5108 nullus
2738 5062 2824 5107 est
2864 5048 2989 5106 huic
3025 5064 3207 5106 sermo
3249 5047 3597 5109 reddendus,
3633 5047 3725 5102 sed
3751 5045 3797 5099 bi

2224 5147 2336 5215 qui.
2370 5162 2565 5201 nomen
2616 5144 2821 5201 Christi
2877 5151 3141 5199 creaturae
3199 5142 3622 5211 imposuerunt,
3674 5142 3798 5195 hanc

2230 5241 2488 5304 adorent,
2534 5240 2660 5294 huic
2697 5239 3045 5301 deserviant,
3089 5237 3143 5291 in
3182 5249 3247 5290 ea
3286 5250 3440 5305 spem
3482 5236 3677 5290 salutis
3716 5233 3800 5288 hac

2225 5330 2424 5397 beant,
2470 5340 2527 5386 ct
2569 5331 2637 5386 ab
2681 5331 2795 5402 ipsa
2832 5327 3215 5400 praestolentur
3250 5326 3521 5398 judicium
3570 5326 3699 5399 [εχ.
3726 5330 3801 5377 est

2227 5432 2515 5488 creatura,
2564 5431 2621 5478 et
2669 5422 2965 5478 secundum
3012 5419 3287 5489 propriam
3336 5427 3591 5471 natura»
3694 5414 3703 5418 ’

2226 5522 2306 5546 ne!
2350 5529 2377 5546 α
2423 5514 2602 5546 ("uina
2631 5510 2932 5546 anhelat-Ilio
3000 5510 3131 5546 nihil
3163 5510 3230 5546 {In
3259 5510 3319 5546 ﬁt
