3924 5410
134 413 242 470 583

881 411 1430 468 INTERPRETATI')
1469 409 1715 467 SYNODI
1762 408 1842 465 VII
1882 411 2292 468 GENEllALlS.
2320 412 2609 470 -—ACTlO
2654 414 2734 470 Vl.

3308 415 3411 473 586

136 523 346 594 indigni
378 532 540 586 sunt,
574 522 850 592 largiatur,
877 522 1012 576 -Ario
1039 523 1248 577 scilicet
1274 532 1327 575 ct
1357 522 1512 576 Aetio
1541 532 1594 575 et
1625 521 1728 574 Eu-
1757 524 1806 584 Α
1834 523 1977 576 cavit
2005 523 2220 588 dicens,
2253 523 2382 579 Ario
2410 524 2692 586 videlicet,
2725 524 2990 579 Eunomio
3011 563 3025 588 ,
3059 524 3329 588 Eudoxio,
3359 536 3410 580 et

136 617 324 670 nomio
352 626 412 669 et
441 615 689 680 Eudoxio
709 656 721 678 ,
754 615 883 683 quin
915 616 1097 685 potius
1125 624 1180 668 et
1211 615 1394 668 multis
1434 613 1554 668 aliis
1575 654 1589 678 ,
1632 629 1728 682 per

134 723 275 775 quos
303 705 615 760 idololatria
657 722 775 776 quae
809 705 922 774 jam
971 705 1277 769 defecerat,
1329 705 1539 768 denuo,
1589 705 1729 759 sicut

133 796 340 849 dictum
373 804 494 859 est,
531 796 749 849 nomine
777 793 1208 849 Christianitatis
1238 795 1455 848 inducta
1497 803 1578 850 est
1631 795 1728 867 [et

134 887 360 942 omnino
389 895 590 941 nactus
621 895 863 957 apostata
898 888 1147 941 homines
1191 887 1355 941 totius
1396 885 1513 955 ejus
1542 887 1729 957 nequi-

140 978 228 1031 tiae.
259 993 498 1046 capaces
518 1017 532 1041 ,
561 978 744 1031 Arium
775 978 992 1047 inquam
1014 1020 1027 1042 ,
1058 977 1270 1032 Aetium
1292 1019 1306 1042 ,
1341 979 1479 1032 Eun.
1513 979 1647 1032 Eud.
1677 987 1731 1031 et

134 1079 396 1138 praeterea
425 1069 627 1123 multos
664 1069 828 1134 alios,
863 1087 958 1140 per
997 1071 1141 1140 ipsos
1174 1071 1562 1136 idololatriam,
1594 1081 1728 1136 etc.,

135 1158 354 1212 reduxit
457 1159 555 1222 _Et
605 1160 838 1213 obtinuit
890 1161 1135 1215 homines
1188 1160 1434 1231 languor,
1478 1162 1567 1231 qui
1612 1178 1729 1216 scr-

133 1253 353 1306 vierunt
391 1262 664 1307 creaturae
709 1253 888 1322 potius
936 1270 1098 1324 quam
1145 1253 1392 1308 Creatori
1425 1272 1436 1306 :
1474 1254 1543 1307 ita
1578 1265 1635 1308 ut
1680 1267 1734 1310 ct

138 1344 344 1398 auxilio
374 1343 522 1398 illius
551 1347 807 1414 temporis
834 1345 1217 1415 imperatorum
1245 1347 1491 1416 deceptio
1517 1347 1732 1402 confor-

135 1445 364 1497 taretur,
394 1443 453 1490 et
483 1451 676 1490 omnes
706 1435 1030 1491 excellentes
1056 1437 1392 1508 principatus
1418 1455 1515 1510 pro
1539 1440 1729 1494 eodem

134 1526 397 1595 languore
439 1535 736 1582 certarent.
782 1527 800 1599 ί
825 1525 918 1581 Gr.
941 1569 956 1594 ,
998 1528 1132 1583 Cum
1161 1545 1290 1600 ergo
1317 1547 1507 1586 omnes
1537 1546 1730 1601 prope-

135 1617 354 1670 modum
384 1618 640 1672 homines
659 1618 724 1670 ad
756 1629 962 1687 partem
993 1635 1112 1688 quze
1136 1619 1483 1689 praevalebat,
1507 1621 1733 1676 transis-

136 1715 275 1772 sent,
311 1716 466 1771 tunc,
491 1706 623 1778 etcf]
647 1708 800 1762 Tunc
840 1724 904 1762 ex
949 1709 1058 1763 Deo
1079 1710 1480 1765 demonstratur
1507 1727 1734 1782 magnus

135 1799 390 1861 Basilius,
418 1801 875 1870 quemadmodum
905 1802 1046 1857 lilias
1088 1804 1187 1858 sub
1218 1803 1403 1858 Achab
1439 1803 1561 1874 (111
1603 1802 1730 1874 Reg.

1831 611 2008 666 Aetio.
2054 611 2154 681 Ipsi
2199 622 2379 667 autem
2430 623 2594 683 prout
2652 614 2895 669 dicerent
2956 613 3113 678 Filii,
3145 615 3412 672 dicentes

1830 701 2067 766 Christi,
2119 711 2327 758 mutato
2370 721 2533 760 sensu
2579 705 2632 759 in
2676 705 3067 776 vcnerabilium
3117 707 3414 777 imaginum

1832 794 2213 850 formationem
2266 796 2657 868 blasphemiam
2713 799 2894 854 conati
2951 808 3077 854 sunt
3127 814 3410 872 usurpare.

1831 883 1998 954 lgitur
2023 894 2080 938 et
2110 886 2161 938 in
2192 885 2295 940 hoc
2337 887 2604 957 falsiloqui
2647 889 2867 958 quidam
2897 897 2951 942 et
2981 889 3270 945 mendaces
3297 905 3412 944 ma-

1832 977 2184 1043 nifestantur,
2219 979 2308 1050 qui
2339 990 2396 1034 et
2427 980 2663 1036 inferunt
2694 996 2814 1050 quae
2841 980 2989 1034 licita
3019 981 3242 1036 minime
3266 995 3412 1036 com-

1831 1071 2155 1138 probantur.

2235 1161 2516 1233 Gregorius
2543 1164 2812 1233 episcOpus
2841 1163 2963 1234 legit
2988 1179 3008 1218 :

1909 1294 1928 1327 ι
1956 1275 2249 1346 Propterea
2274 1277 2722 1347 quemadmodum
2739 1279 2864 1332 olim
2887 1277 3044 1334 Jesus
3065 1280 3258 1334 salutis
3273 1281 3416 1350 quod

1839 1385 1857 1417 ι
1892 1375 2094 1420 nostne
2123 1375 2315 1421 auctor
2339 1377 2393 1422 et
2420 1376 2826 1421 consummator
2865 1368 3297 1437 sapientissimos
3338 1370 3415 1424 dt-

1839 1475 1858 1510 ο
1892 1459 2128 1529 scipulos
2155 1475 2281 1513 suos
2314 1460 2487 1514 sancti
2523 1458 2756 1529 Spiritus
2787 1461 3016 1516 imluens
3043 1462 3241 1516 virtute
3262 1503 3276 1526 ,
3316 1478 3417 1532 pro

1845 1567 1863 1599 ι
1899 1549 2282 1604 ἰηιηιίηιιῑὶοηρ
2325 1549 2554 1613 talium,
2586 1550 2640 1603 in
2674 1565 2890 1604 omnem
2937 1559 3136 1606 terram
3177 1553 3415 1608 direxit:

1840 1661 1858 1693 ι
1896 1643 1967 1696 ita
1997 1657 2137 1696 nunc
2165 1641 2392 1697 famulos
2423 1658 2552 1698 suos
2581 1652 2637 1697 et
2675 1643 3039 1712 apostolorum
3067 1646 3380 1701 consimiles
3399 1688 3414 1710 ,

1839 1750 1857 1784 ι
1899 1732 2084 1787 fideles
2128 1733 2380 1786 videlicet
2410 1735 2766 1804 imperatores
2797 1744 3013 1790 nostros
3041 1738 3246 1803 erexit,
3278 1737 3416 1807 ejus-

1846 1840 1864 1874 ι
1895 1825 2016 1877 dem
2049 1823 2284 1893 Spiritus
2311 1825 2577 1894 sapientia
2608 1826 2886 1894 przeditos,
2917 1836 2973 1881 et
2999 1827 3190 1898 dignos
3217 1830 3418 1885 virtute

139 1891 224 1956 i7,
258 1899 308 1944 et
339 1909 449 1962 seq.
472 1892 513 1963 )-,
548 1893 641 1960 qui
681 1893 984 1947 sacerdotio
1008 1893 1120 1963 jam
1159 1895 1556 1964 quodammodo
1592 1896 1731 1951 deci-

1845 1935 1862 1967 ‹
1898 1915 2068 1971 factos
2089 1958 2102 1980 ,
2135 1917 2200 1970 ad
2242 1917 2628 1987 perfectionem
2671 1919 2876 1974 scilicet
2904 1929 2960 1973 et
2989 1921 3289 1975 doctrinam
3323 1939 3417 1977 no.

137 1984 280 2037 denti
314 1985 582 2037 auxilium
613 1985 862 2052 pra-hens
888 2026 901 2047 ,
935 1984 1100 2040 veluti
1142 1985 1432 2054 quamdam
1474 1985 1730 2042 deﬁcien-

136 2083 240 2128 tem
283 2073 568 2129 lucernam
611 2075 835 2128 verbum
866 2075 987 2129 fidei
1018 2090 1115 2146 per
1145 2077 1374 2146 gratiam
1414 2092 1533 2147 qua:
1574 2076 1730 2130 inha-

137 2166 348 2220 bitabat
385 2167 440 2220 in
475 2181 580 2232 eo,
619 2181 810 2221 rursus
861 2167 1300 2238 resplendesecre
1355 2168 1502 2224 fecit.
1556 2170 1731 2226 luteu-

137 2257 332 2310 damus
384 2257 530 2326 quod
585 2272 771 2311 verum
817 2267 938 2323 est,
989 2259 1112 2328 quia
1170 2269 1313 2313 totus
1353 2260 1510 2330 hujus
1557 2261 1732 2319 Patris

135 2363 335 2401 sensus
382 2348 652 2402 adversus
695 2349 808 2401 Arii
862 2349 1000 2403 furia
1050 2349 1358 2406 laborantes
1412 2352 1729 2407 intenditur.

137 2438 273 2492 Dicit
320 2439 466 2492 enim
507 2448 757 2493 sanctum
795 2440 1050 2495 Basilium
1106 2441 1208 2496 illis
1263 2445 1595 2513 temporibus
1640 2444 1732 2498 de-

137 2539 543 2595 monstratum,
578 2530 778 2599 quibus
821 2533 1016 2596 Arius,
1056 2533 1381 2598 Eunomius,
1424 2534 1728 2599 Eudnxins,

135 2622 519 2688 slacedonius,
549 2632 600 2679 et
635 2624 726 2693 qui
758 2624 901 2678 circa
935 2625 1051 2679 illos
1071 2665 1085 2691 ,
1113 2627 1404 2680 dissimiles
1433 2625 1730 2699 [Αηοιιιοοί]

134 2715 351 2770 scilicet
378 2724 434 2769 et
461 2715 788 2770 Semiariani
809 2756 824 2779 ,
855 2726 1159 2772 creaturam
1192 2717 1386 2772 Filium
1415 2727 1470 2772 et
1497 2719 1730 2772 Verbum

137 2807 320 2862 Patris
361 2816 418 2862 et
455 2807 627 2862 Deum
665 2818 910 2863 nostrum
951 2809 1280 2875 fatebantur,
1320 2819 1572 2880 tanquam
1623 2811 1732 2866 Deo

135 2897 392 2964 quidem,
430 2899 523 2952 sed
567 2909 758 2953 creato
799 2900 1099 2954 servientes
1129 2899 1148 2971 ι
1175 2898 1291 2965 Gr.,
1331 2909 1584 2970 tauquam
1625 2902 1732 2956 Deo

137 2986 207 3039 illi
239 2987 336 3055 qui
369 2998 590 3042 creatus
620 2999 767 3051 erat,
796 3004 902 3043 ser.
930 2989 966 3062 1.
1019 2989 1168 3045 Unde
1199 2991 1463 3046 idolorum
1495 2991 1732 3046 cultores

130 3078 272 3147 jnste
304 3095 423 3134 tam
455 3081 525 3135 ab
555 3082 675 3151 ipso
707 3097 868 3151 quam
902 3099 931 3136 a
965 3083 1230 3138 catholica
1273 3084 1514 3140 Ecclesia
1559 3085 1732 3140 nomi-

137 3183 361 3239 nantur,
394 3189 461 3228 eo
490 3175 632 3243 quod
661 3191 782 3228 eum
811 3189 971 3243 quem
1000 3175 1223 3242 colunt,
1251 3190 1318 3230 ex
1363 3191 1466 3230 non
1510 3188 1729 3232 exstan-

139 3267 280 3320 tibus
308 3274 374 3319 ut
401 3274 546 3320 esset
575 3264 850 3320 fateantur
889 3266 1140 3321 effectum
1163 3309 1178 3333 ,
1223 3268 1380 3322 sicuti
1423 3269 1599 3322 omnis
1638 3285 1729 3325 eo-
1756 3247 1801 3310 (ἶ

140 3373 255 3411 rum
307 3373 437 3427 quae
482 3358 699 3432 condita
755 3368 910 3423 sunt,
951 3367 1218 3413 creatura.
1276 3359 1461 3429 Itaque
1514 3370 1730 3416 sanctas

139 3451 410 3520 imagines
441 3448 738 3504 Christiani
767 3464 946 3518 neque
971 3450 1104 3504 deos
1133 3451 1523 3514 nominarunt,
1557 3467 1731 3522 neque

139 3552 194 3595 ut
222 3543 332 3596 diis
363 3541 772 3606 deservierunt,
814 3556 990 3611 neque
1027 3558 1178 3612 spem
1209 3543 1398 3597 salutis
1428 3558 1538 3598 suae
1567 3544 1618 3597 in
1652 3544 1731 3598 cis

139 3635 437 3704 aliquando
469 3634 805 3699 habuerunt,
849 3649 1022 3704 neque
1051 3634 1120 3687 ab
1150 3635 1254 3689 illis
1283 3644 1601 3705 exspectant
1646 3635 1730 3689 fu-

140 3735 319 3779 turum
348 3725 616 3795 judicium
641 3765 656 3789 ,
690 3723 792 3778 nisi
813 3724 881 3778 ad
905 3724 1332 3779 recordationem
1370 3733 1422 3778 et
1461 3724 1731 3779 monirnen

141 3833 230 3870 eas
279 3817 585 3880 habentes,
633 3823 692 3870 et
736 3829 920 3870 amore
964 3815 1110 3869 circa
1153 3815 1365 3868 illarum
1416 3815 1729 3884 principalia

141 3910 472 3979 ﬂagrantes,
505 3907 604 3962 has
629 3915 688 3961 et
715 3907 946 3976 amplexi
977 3917 1134 3973 sunt,
1167 3915 1224 3961 et
1253 3909 1579 3961 honoranter
1605 3907 1734 3961 ado-

145 4009 403 4053 ravernnt
426 4017 440 4052 :
475 4014 582 4053 non
618 4007 795 4052 tamen
823 3999 1016 4053 divinae
1038 4000 1122 4054 his
1147 3999 1428 4054 servitutis
1449 3999 1530 4053 vel
1557 4000 1733 4055 cultus

139 4090 376 4144 cilicium
409 4086 791 4158 impenderunt
821 4088 1044 4159 (abesto
1071 4088 1405 4158 calumnia),
1436 4089 1530 4144 sed
1560 4103 1733 4159 neque

143 4183 258 4236 aliis
287 4181 627 4252 quibuslibet
657 4180 839 4235 rebus.
868 4181 1055 4234 Ariani
1086 4191 1266 4235 autem
1309 4190 1572 4236 creatura:
1601 4196 1736 4236 con-

146 4284 496 4329 numerantes
530 4272 622 4326 Dei
655 4271 850 4326 Filium
883 4280 937 4325 et
969 4271 1206 4326 Verbum
1229 4311 1243 4335 ,
1274 4273 1342 4325 ah
1371 4288 1435 4326 eo
1464 4288 1614 4343 spem
1656 4287 1737 4328 sa-

144 4368 266 4422 lutis
297 4384 414 4423 sua:
445 4366 816 4436 przedicabaut
842 4365 1072 4430 habere,
1109 4372 1162 4418 et
1191 4379 1289 4435 per
1326 4379 1448 4419 eum
1492 4363 1732 4420 futurum

140 4459 401 4528 judicium
430 4458 590 4515 efﬁci.
627 4457 798 4526 Hujus
828 4459 902 4512 rei
947 4458 1120 4528 gratia
1152 4459 1403 4528 egregius
1441 4458 1604 4513 Pater
1645 4475 1737 4512 ar-

145 4570 311 4623 guens
345 4553 468 4608 illos
497 4554 573 4606 ait
602 4566 616 4604 :
649 4551 830 4614 lianc,
884 4549 937 4604 id
975 4558 1059 4604 est
1096 4559 1440 4616 creaturam,
1471 4551 1728 4618 adorare,

148 4646 270 4700 huic
296 4644 619 4700 servitutem
649 4642 908 4696 exhibere
931 4681 945 4706 ,
980 4641 1032 4694 in
1061 4655 1123 4696 ea
1155 4640 1344 4695 salutis
1376 4655 1527 4711 spem
1560 4642 1730 4696 habeo

149 4753 239 4803 re,
279 4738 347 4791 ab
390 4738 505 4806 ipsa
551 4742 870 4804 exspectare
916 4732 1198 4803 judicium.
1248 4734 1388 4803 Ergo
1434 4733 1732 4802 probantur

149 4829 392 4883 veritatis
421 4827 816 4882 adulteratores
842 4824 1000 4894 hujus
1028 4825 1218 4880 vocum
1252 4825 1506 4879 novitatis
1537 4840 1734 4895 propu-

151 4933 433 4991 gnatores,
477 4929 528 4974 et
573 4919 870 4974 secundum
912 4917 1226 4987 prophetam
1272 4915 1426 4988 (Im.
1454 4933 1467 4970 ι
1493 4916 1510 4986 )
1540 4931 1736 4988 caupo-

152 5025 272 5073 nes;
305 5011 598 5065 miscentes
625 5009 807 5062 vinum
835 5021 988 5076 aqua:
1020 5025 1031 5060 :
1063 5016 1116 5062 et
1147 5023 1252 5062 non
1279 5007 1454 5061 solum
1486 5007 1607 5072 hoc,
1639 5006 1734 5061 sed

151 5114 202 5158 et
231 5104 440 5158 falsarii
473 5112 824 5173 paternarum
858 5100 1209 5155 traditiontun
1242 5098 1419 5154 effecti
1451 5110 1599 5154 sunt.
1636 5099 1736 5154 Eo-

153 5195 269 5247 dem
299 5194 501 5264 quippe
527 5191 736 5248 deifero
766 5190 928 5245 Patre
957 5191 1204 5256 dicente,
1237 5188 1330 5244 Dci
1364 5186 1498 5260 [Gn
1523 5230 1537 5253 ,
1567 5189 1686 5244 Filii
1715 5186 1736 5260 ]

153 5287 434 5339 VOCﬂIiﬂno
463 5285 790 5321 ειηωῖηηοη-νκ
873 5282 971 5318 inci
1017 5283 1254 5320 vn'anlnc
1298 5282 1349 5318 in
1395 5282 1732 5322 ἶηισὶσίνηιηοιε

1841 2026 1859 2058 ε
1893 2018 2102 2074 stram,
2133 2020 2295 2079 atque
2327 2011 2755 2068 destructionem
2787 2011 3206 2066 dmmonicarum
3239 2015 3416 2068 muni-

1839 2119 1857 2152 ‹
1889 2102 2094 2156 tionum
2128 2104 2504 2158 extollentium
2533 2119 2590 2158 se
2621 2113 2808 2159 contra
2860 2106 3140 2160 scientiam
3175 2104 3302 2172 Dei,
3337 2116 3420 2162 at-

1839 2211 1858 2246 ι
1893 2209 1997 2264 que
2029 2195 2463 2266 redargulionem
2495 2195 2776 2251 diabolica:
2806 2197 3296 2266 argumentationis
3326 2212 3420 2269 pa-

1839 2304 1858 2337 ι
1892 2285 2026 2339 riter
2053 2295 2109 2340 et
2137 2287 2358 2340 erroris.
2397 2307 2415 2340 ι
2490 2357 2495 2362 κ

2216 2415 2545 2488 Epiphanius
2576 2419 2830 2474 diaconus
2863 2419 2982 2491 legit
3009 2435 3026 2474 :

1903 2527 2038 2596 Quis
2078 2529 2288 2585 locutus
2328 2540 2412 2586 est
2446 2533 2788 2601 iniquitatem
2822 2531 2983 2586 talem
3024 2531 3077 2586 in
3129 2531 3417 2588 Excelsum

1834 2621 2175 2691 aliquando?
2237 2639 2356 2693 quin
2425 2624 2521 2677 liat
2581 2626 2683 2680 hac
2753 2625 3029 2694 impietate
3093 2626 3418 2680 crudelior?

1833 2716 1877 2772 Ο
1904 2717 2286 2772 irreverentem
2325 2727 2379 2771 et
2412 2717 2697 2787 malignam
2749 2717 3176 2786 blasphemiam!
3219 2732 3251 2769 o
3293 2718 3421 2771 abs-

1833 2806 2102 2860 conditam
2169 2805 2410 2860 fraudem
2473 2815 2529 2860 et
2591 2807 2800 2860 variam
2853 2806 3177 2861 falsitatem!
3233 2817 3291 2860 ut
3349 2822 3417 2862 ex

1834 2896 2002 2966 ipsius
2066 2896 2261 2950 diaboli
2321 2899 2790 2968 argumentatione
2847 2897 3092 2952 instructi
3153 2898 3414 2962 ellantur;

1833 2989 1957 3058 quia
1978 2988 2242 3044 visionem
2273 2998 2326 3044 et
2350 2989 2576 3053 vultum,
2601 3006 2720 3059 quae
2760 2992 2909 3046 clare
2940 3006 3040 3046 nos
3077 3000 3131 3045 et
3159 3005 3418 3062 expresse

1834 3080 1902 3135 ad
1950 3079 2176 3149 gloriam
2212 3081 2304 3134 Dei
2354 3096 2515 3134 manu
2549 3081 2946 3150 quodammodo
2973 3082 3196 3145 ducunt,
3239 3090 3294 3136 et
3324 3096 3421 3151 per

1833 3187 1952 3241 qua:
1980 3172 2295 3227 lmmilitatis
2331 3172 2708 3228 celsitudinem
2764 3173 2858 3228 Dei
2901 3171 3059 3226 Verbi
3111 3172 3421 3227 considera-

1835 3281 1978 3330 mus,
2006 3273 2061 3320 et
2090 3265 2155 3318 ad
2180 3254 2606 3320 conversationis
2626 3265 2741 3334 ejus
2767 3281 2926 3336 quam
2957 3265 3007 3318 in
3044 3282 3207 3320 carne
3231 3265 3418 3337 gessit,

1836 3358 1888 3413 id
1915 3368 2020 3422 est,
2048 3357 2311 3428 passionis
2353 3366 2406 3412 et
2438 3356 2689 3411 salutaris
2737 3357 2924 3411 mortis
2950 3355 3067 3425 ejus
3103 3357 3419 3410 memoriam

1835 3447 2125 3511 trahimur,
2149 3447 2475 3501 dwmonicas
2503 3445 2833 3500 munitiones
2874 3446 3197 3500 extollentes
3223 3462 3281 3499 se
3327 3445 3420 3498 ad-

1833 3551 2022 3592 versus
2075 3538 2356 3592 scientiam
2389 3536 2505 3601 Dei,
2549 3545 2606 3592 et
2641 3535 2962 3590 diabolicam
2993 3534 3418 3606 argumentatio—

1833 3642 1957 3683 nem
1995 3637 2050 3682 et
2088 3643 2330 3682 errorem
2375 3627 2493 3682 ausi
2538 3635 2666 3681 sunt
2712 3642 3040 3696 nuncupare.
3076 3625 3420 3680 Inlenderunt

1832 3734 1960 3774 vero
1989 3736 2174 3773 arcum
2201 3734 2356 3774 suum
2403 3735 2508 3773 rem
2557 3734 2818 3782 amaram,
2856 3728 2908 3770 ut
2944 3718 3187 3787 sagittenl
3231 3718 3284 3770 in
3329 3733 3420 3770 oc-

1834 3813 1986 3866 cultis
2040 3810 2435 3866 immaculatum
2466 3808 2642 3881 (Psal.
2689 3809 2866 3880 Lxm).
2926 3808 2983 3864 Si
3021 3810 3164 3863 enim
3193 3807 3420 3863 conﬁtc-

1836 3913 2043 3967 rentur,
2073 3918 2170 3974 pro
2197 3903 2572 3957 imminutione
2600 3903 2864 3958 idolorum
2892 3902 3108 3957 indutos
3127 3901 3326 3955 virtute
3355 3916 3418 3955 ex

1835 3994 1945 4050 alto
1973 4002 2190 4049 sanctos
2221 3995 2536 4063 discipulos,
2555 3994 2881 4048 adveniente
2911 4009 3073 4063 super
3097 4008 3190 4048 eos
3217 3991 3421 4062 Spiritu

1835 4093 2048 4150 saneto,
2105 4084 2270 4138 fuisse
2323 4084 2549 4148 missos,
2606 4099 2713 4138 non
2767 4082 2953 4152 utique
2998 4083 3241 4138 dicerent
3291 4081 3424 4136 alios

1837 4189 2070 4242 erectos,
2111 4187 2395 4248 postquam
2436 4177 2671 4232 obtinuit
2704 4177 2915 4231 illorum
2968 4177 3184 4231 traditio
3225 4183 3280 4230 ct
3328 4175 3422 4230 do-

1837 4272 2011 4326 ctrina
2040 4284 2212 4325 annos
2245 4269 2464 4326 circiter
2511 4270 2882 4339 octingentos,
2931 4278 2987 4323 et
3025 4269 3213 4323 Patres
3248 4267 3420 4323 sancti

1839 4361 1978 4417 hanc
2006 4369 2064 4416 ut
2090 4375 2345 4416 ancoram
2391 4375 2638 4416 securam
2679 4359 3138 4415 conﬁrmaverunt
3163 4369 3218 4414 et
3256 4358 3422 4414 szabi-

1837 4453 2056 4510 lierunt.
2104 4452 2281 4508 Semel
2324 4452 2469 4507 enim
2513 4452 2888 4506 universaliter
2921 4452 3096 4520 erepti
3124 4467 3220 4520 per
3261 4451 3420 4506 Chri-

1838 4555 1980 4601 stum
2020 4545 2088 4599 ab
2120 4545 2293 4610 idolis,
2348 4560 2454 4598 non
2502 4557 2722 4612 egemus
2773 4558 2936 4612 super
2965 4543 3123 4596 idolis
3163 4542 3421 4612 conqueri

1841 4637 1984 4709 [6:3,
2019 4635 2291 4706 reprendij
2323 4651 2336 4688 :
2373 4634 2476 4687 nisi
2527 4634 2665 4687 forte
2693 4642 3024 4703 praesumant
3061 4633 3264 4697 dicere,
3299 4648 3421 4687 mu-

1842 4727 2101 4784 tationem
2131 4725 2333 4779 factam
2384 4724 2436 4777 in
2484 4722 2744 4784 Ecclesia,
2770 4730 2825 4775 ct
2851 4720 2999 4793 leges
3029 4722 3163 4777 alias
3191 4729 3247 4776 et
3277 4721 3424 4776 ordi-

1842 4819 2090 4876 nationes
2134 4816 2387 4880 traditas;
2433 4815 2748 4869 inducentcs
2792 4813 2948 4870 nobis
2995 4814 3308 4869 occasiones
3352 4813 3400 4866 ir

1842 4911 2192 4968 rationabiles
2219 4918 2274 4963 ct
2307 4907 2591 4980 negatione
2620 4905 2865 4962 refertas.
2901 4906 3014 4962 Hoc
3037 4908 3182 4962 enim
3210 4917 3428 4959 rumore

1847 5006 2013 5060 fortes
2045 5004 2132 5061 isti
2167 5003 2561 5057 tumultuantes
2603 5001 2878 5064 dicebant,
2924 5000 3063 5056 sicut
3102 5000 3230 5055 olim
3271 4997 3430 5053 Jesus

1844 5096 2032 5153 salutis
2061 5103 2261 5154 nostra:
2287 5102 2477 5149 auctor
2507 5105 2563 5150 et
2601 5102 3028 5148 consummatur.
3061 5092 3196 5146 llinc
3225 5088 3432 5144 accedit

1842 5191 1922 5244 eis
1951 5191 2135 5250 dicere
2165 5208 2178 5244 :
2213 5187 2379 5242 Omne
2406 5190 2550 5255 quod
2589 5184 2897 5252 antiquetur
2926 5197 2972 5241 et
3007 5185 3246 5249 senescit,
3277 5195 3435 5253 prope

1841 5281 2110 5322 {nou-3:..."
2145 5281 2197 5320 Ρ·
2243 5277 2411 5308 ἰιι-ἠ’
2457 5279 2582 5316 ν·ιῆ
2608 5295 2619 5305 ·
2657 5283 2703 5310 οι
2735 5273 2858 5316 “ﬂia
2885 5279 3159 5324 ftntimlnl0
3185 5284 3259 5308 κιο·
3309 5285 3410 5306 ⁶⁹¹⁰
