3924 5620
497 407 598 469 387

1653 401 2012 458 ANASTASH
2053 400 2592 458 BlBLlOTHECARll

497 524 703 591 dicunt)
726 520 792 575 ad
816 516 1200 590 perfectionem
1231 515 1445 588 quidem
1477 524 1714 570 nostram
1739 524 1795 571 et
1823 517 2072 586 magiste-
2099 519 2147 579 Α
2177 531 2433 587 spernere
2466 537 2478 571 :
2523 517 2725 573 idcirco
2770 529 2987 589 spernet
3037 517 3153 575 illos
3184 511 3465 584 Dominus,
3496 529 3554 575 et
3597 531 3752 576 emt

499 615 658 667 rium.
704 611 772 666 Et
801 625 944 666 cum
991 609 1226 680 episcopi
1270 618 1452 664 essent
1480 609 1574 679 qui
1605 608 1764 664 talem
1814 609 2077 681 synodum

497 704 890 765 adunaverunt,
919 710 973 754 et
1007 700 1390 770 perfectionem
1417 700 1828 772 apostolicarum
1853 701 2082 771 disposi-

499 797 705 852 tionum
739 795 1023 855 haberent.
1051 803 1119 848 et:
1139 793 1279 850 alios
1313 794 1624 850 debuissent
1665 793 1945 864 perlicere,
1976 808 2080 848 non

497 889 568 942 ab
612 887 733 941 aliis
785 885 990 955 perlici.
1028 882 1160 939 Nam
1207 885 1378 955 magis
1433 893 1728 940 renuerunt
1779 884 2080 940 doctrinam

499 976 798 1047 magisterii
839 991 902 1029 ac
933 973 1238 1034 traditionis
1277 982 1585 1030 sanctorum
1633 975 1998 1046 apostolorum
2028 984 2083 1030 et

502 1067 787 1122 illustrium
841 1065 1061 1120 Patrum
1115 1075 1444 1120 nostrorum.
1500 1064 1651 1120 Unde
1701 1075 1979 1121 consortes
2029 1073 2085 1120 et

497 1157 785 1228 participes
813 1155 1120 1210 nullatenus
1148 1155 1350 1210 ostensi
1392 1165 1518 1210 sunt
1550 1155 1741 1211 borum
1769 1155 2083 1210 eruditionis

495 1255 552 1300 ct
596 1245 873 1310 doctrinm,
925 1260 992 1300 eo
1038 1245 1181 1315 quod
1233 1262 1336 1300 non
1388 1256 1777 1302 consenserunt
1811 1247 2083 1302 traditioni

496 1352 706 1400 eorum,
759 1345 814 1390 et
849 1337 1177 1406 imprecatur
1224 1337 1305 1392 eis
1353 1337 1630 1407 psalmista
1661 1337 1826 1392 David
1856 1336 2080 1392 dicens:

499 1427 777 1498 Disperdat
803 1428 1060 1482 Dominus
1089 1427 1330 1482 universa
1356 1427 1495 1482 labia
1539 1427 1746 1492 dolosa,
1777 1440 1821 1482 et
1851 1427 2083 1498 linguam

497 1518 883 1589 magniloquam
926 1516 1099 1590 (Psal.
1130 1517 1231 1589 tu).
1262 1518 1415 1573 Dicat
1442 1527 1497 1574 ct
1521 1518 1679 1575 nobis
1713 1519 1948 1588 psallens
1989 1533 2082 1572 ve-

497 1609 696 1664 raciter
745 1612 856 1680 ipse
895 1609 1168 1675 David,et
1215 1626 1315 1666 nos
1362 1627 1466 1665 una
1514 1627 1636 1667 cum
1683 1611 1840 1682 ipso:
1872 1610 2084 1665 Inimici

504 1700 802 1769 defecerunt
850 1702 1065 1770 framea:
1093 1701 1146 1754 in
1197 1701 1374 1771 ﬁnem,
1407 1711 1455 1756 et
1506 1703 1740 1757 civitates
1771 1719 1948 1756 eorum
1997 1701 2086 1754 de-

503 1792 738 1844 struxiin
771 1790 948 1861 (Psal.
976 1792 1073 1864 IX).
1109 1792 1333 1858 Quando
1377 1791 1689 1848 defecerunt
1732 1791 1936 1846 inimici
1977 1789 2085 1844 fra-

498 1895 653 1944 meae,
681 1889 736 1934 ct
763 1880 1031 1946 civitates,
1063 1882 1113 1936 id
1145 1891 1229 1938 est
1257 1883 1582 1938 munitiones
1622 1882 1777 1952 ejus?
1819 1897 1996 1938 nonne
2026 1881 2078 1936 in
2115 1869 2156 1927 Β

497 1967 698 2023 Christi
751 1971 1172 2047 humanatioue?
1221 1972 1287 2026 de
1329 1987 1437 2042 quo
1481 1973 1742 2043 scriptum
1795 1981 1897 2038 est,
1957 1971 2080 2043 quia

499 2059 714 2128 fortium
743 2061 936 2115 dividet
966 2062 1132 2133 spolia
1178 2060 1314 2134 (Isa.
1361 2065 1501 2133 Lm).
1533 2064 1612 2118 An
1665 2078 1825 2134 super
1854 2065 2083 2135 pseudo-

499 2149 705 2220 syllogo
751 2160 804 2205 et
851 2149 1084 2207 factione
1112 2153 1349 2222 ipsorum
1394 2155 1655 2224 scriptum
1689 2165 1788 2220 est,
1819 2155 1944 2225 quia
1976 2153 2084 2209 iui-

498 2239 621 2294 mici
655 2239 969 2296 defecerunt
996 2241 1213 2297 frameae
1247 2244 1299 2297 in
1331 2242 1531 2298 linem?
1573 2244 1720 2304 Etsi
1750 2245 1802 2298 in
1838 2246 2000 2299 linem
2029 2254 2085 2300 et

497 2347 595 2402 per
619 2334 798 2387 omnia
823 2333 1135 2389 defecerunt
1182 2334 1399 2390 framea:
1432 2336 1655 2402 inimici,
1691 2337 2085 2407 impietatisque

504 2428 752 2483 civitates
802 2429 1090 2486 destructze
1119 2441 1264 2496 sunt,
1296 2433 1565 2502 quomodo
1599 2433 1711 2487 haec
1763 2433 1956 2488 iterum
2000 2449 2084 2489 re-

499 2517 762 2572 aidillcata
811 2527 867 2574 et
921 2529 1175 2575 renovata
1226 2537 1349 2578 esse
1402 2523 1728 2594 garrierunt,
1765 2530 1824 2577 ut
1872 2523 2086 2579 sibimet

500 2609 775 2663 ascribant
824 2611 1245 2680 destructionem
1298 2627 1505 2679 eorum,
1553 2622 1609 2668 et
1660 2613 2084 2683 redemptionem

501 2699 720 2753 humani
752 2703 965 2768 generis
985 2716 1105 2770 quae
1130 2717 1196 2756 cx
1227 2701 1330 2756 illis
1353 2700 1544 2757 eﬂecta
1585 2702 1705 2757 est?
1745 2701 2080 2772 Derogantes

499 2809 694 2863 magno
749 2793 940 2848 salutis
1003 2803 1201 2849 nostra:
1257 2794 1516 2867 mysterio
1573 2803 1631 2849 et
1690 2793 2083 2864 dispensationi

499 2883 725 2951 Christi,
750 2886 839 2955 qui
870 2896 925 2942 et
967 2902 1130 2957 super
1157 2887 1337 2942 omnia
1382 2887 1696 2945 benedictus
1740 2887 1879 2944 Deus
1909 2889 1960 2943 in
1987 2905 2087 2944 s:eo

499 2973 620 3028 cula
682 2974 1023 3030 seculorum.
1081 2977 1273 3033 Amen.
1327 2978 1528 3034 Deinde
1574 2978 1972 3035 adulationibus
2017 2981 2083 3035 ad

502 3063 857 3137 imperatores
896 3066 1001 3131 usi,
1041 3067 1112 3121 ita
1143 3068 1294 3122 aiunt
1318 3087 1331 3101 α

911 3173 1191 3248 Gregorius
1221 3179 1488 3249 episcopus
1517 3177 1639 3250 legit
1659 3190 1681 3232 :

579 3310 598 3342 ι
635 3290 737 3358 Qui
767 3291 950 3346 divino
995 3291 1130 3357 zelo,
1167 3293 1260 3364 qui
1309 3293 1414 3348 illis
1459 3294 1620 3358 inest,
1664 3295 1815 3361 moti,
1851 3296 2085 3352 ﬁdelium

507 3401 528 3433 ‹
569 3383 862 3440 Ecclesiam
895 3385 1200 3440 daemonum
1233 3387 1546 3458 subreptam
1571 3387 1882 3444 seductiouc
1909 3390 2090 3447 videre

507 3493 526 3526 ι
567 3490 673 3530 non
703 3476 990 3545 patientes.
1025 3497 1044 3528 ι

894 3587 1220 3659 Epiphanius
1249 3591 1502 3647 diaconus
1534 3591 1655 3665 legit
1686 3609 1704 3648 :

575 3702 700 3758 Hanc
729 3703 990 3768 dicentes,
1035 3719 1211 3774 neque
1238 3716 1607 3778 cognoverunt
1638 3713 2090 3780 repromissiones

501 3809 638 3864 quas
666 3794 932 3850 catholica
961 3795 1220 3852 Ecclesia
1245 3798 1483 3868 suscepit
1511 3814 1545 3854 a
1586 3799 1805 3856 Christo
1836 3802 1926 3871 qui
1965 3816 2087 3856 eam

506 3887 776 3951 fundavit,
808 3902 981 3957 neque
1004 3903 1102 3958 per
1131 3889 1556 3960 redemptionem
1595 3907 1716 3960 quae
1755 3902 1841 3948 est
1879 3893 1933 3947 in
1962 3892 2087 3949 Iesu

502 3974 724 4031 Christo
772 3977 1002 4032 Domino
1038 3987 1225 4034 nostro
1276 3980 1603 4035 conﬁtentur
1658 3982 1853 4037 salvari
1918 3999 2087 4052 genus

505 4065 820 4120 humanum.
875 4067 1022 4133 Quos
1058 4071 1202 4124 enim
1251 4068 1497 4126 Christus
1548 4074 1766 4143 proprio
1817 4085 2088 4132 mercatus

504 4163 590 4210 est
625 4158 909 4226 sanguine,
943 4159 1137 4213 iterum
1163 4159 1377 4216 diabolo
1402 4164 1661 4217 vendunt.
1691 4163 1838 4232 Quos
1871 4167 2085 4237 propria

505 4257 680 4302 morte
707 4248 1018 4314 vivilicavit,
1047 4250 1147 4320 ipsi
1183 4251 1361 4307 toxico
1391 4251 1656 4310 labiorum
1695 4271 1916 4312 suorum
1943 4273 2089 4313 mor-

505 4337 733 4405 tilicant,
765 4349 820 4395 et
859 4341 913 4396 in
954 4341 1203 4413 laqueum
1245 4343 1442 4399 inferni
1475 4346 1811 4419 demergunt.
1852 4348 2087 4405 Antlinnt

504 4426 728 4483 Cantica
753 4430 1088 4486 canticorum
1115 4441 1302 4502 aperte
1327 4433 1394 4488 ad
1423 4434 1720 4492 Ecclesiam
1761 4453 1828 4492 ex
1857 4453 2086 4508 persona

503 4516 705 4574 Christi
736 4522 1010 4576 cantantia
1041 4540 1055 4576 :
1088 4521 1217 4577 Tota
1265 4525 1399 4579 bona
1428 4524 1692 4600 [pulchra]
1737 4546 1792 4584 es
1844 4533 2084 4600 proxima

2185 611 2326 678 apud
2352 625 2541 665 omnes
2569 610 2658 680 qui
2699 611 2754 665 in
2783 625 2846 664 ea
2876 613 2985 665 uati
3031 620 3173 676 sunt,
3221 613 3493 682 reprobati
3537 623 3595 667 et
3635 628 3755 667 ana-

2183 700 2518 755 thematizati
2558 719 2570 755 :
2602 701 2801 757 mansit
2829 701 2973 757 enim
3014 703 3449 774 inexpugnabilis
3490 713 3548 758 et
3590 704 3756 758 incor-

2181 789 2453 860 ruptibilis
2509 788 2652 862 [Gr.,
2711 791 3056 864 inconcussa]
3119 802 3175 847 et
3231 792 3546 850 immobilis.
3600 792 3754 848 Porro

2183 881 2580 936 adulationibus
2625 881 2895 950 replentes
2935 897 3014 944 os,
3071 883 3138 937 ad
3194 883 3567 938 narrationem
3623 899 3652 937 a
3705 897 3756 938 se
3831 938 3838 948 ,

2182 981 2455 1044 gestorum
2496 973 2704 1028 faciunt
2745 973 3056 1044 gloriantes.

2572 1081 2852 1153 Gregorius
2891 1085 3160 1154 episcopus
3202 1085 3321 1156 legit
3352 1098 3371 1136 :

2260 1215 2277 1246 ι
2309 1195 2481 1249 Omne
2509 1208 2782 1252 sacratum
2812 1208 3250 1254 convocaverunt
3294 1198 3406 1254 [κιο
3457 1198 3757 1255 amabilium

2188 1307 2207 1340 ι
2255 1289 2631 1358 episcoporum
2665 1289 2968 1360 collegium,
3023 1298 3081 1344 ut
3144 1306 3397 1362 syno..ce
3433 1291 3488 1345 in
3543 1291 3758 1360 idipsnm

2191 1396 2207 1428 ι
2253 1376 2526 1442 eli‘ectum,
2556 1387 2611 1432 et
2640 1379 3031 1450 scripturarum
3059 1380 3410 1450 quaestionem
3463 1379 3669 1434 faciens
3701 1381 3759 1436 de

2190 1487 2208 1519 ι
2255 1468 2557 1522 seductoria
2588 1469 2998 1525 similitudinum
3032 1471 3271 1527 colorum
3295 1471 3637 1543 operatione,
3652 1488 3758 1541 qua:

2192 1575 2209 1608 ‹
2255 1559 2436 1613 avellit
2461 1575 2528 1613 ex
2570 1574 2782 1614 summa
2815 1571 2869 1617 et
2912 1561 3022 1617 Deo
3067 1563 3279 1620 decibili
3312 1564 3468 1619 latria
3497 1565 3566 1619 ad
3602 1565 3761 1618 humi-

2191 1667 2208 1696 ι
2251 1645 2353 1703 lem
2387 1656 2440 1702 et
2472 1649 2805 1704 materialem
2840 1661 3106 1707 creaturae
3139 1651 3357 1708 latriam
3386 1653 3625 1708 hominis
3652 1669 3761 1708 sen-

2193 1759 2208 1788 ι
2257 1757 2396 1806 sum,
2428 1741 2538 1796 Deo
2569 1754 2839 1808 movente,
2867 1745 3178 1813 pronuntiet
3207 1745 3336 1815 quid
3363 1745 3468 1799 sibi
3506 1744 3669 1799 fuerit
3688 1746 3759 1800 vi-

2194 1849 2210 1880 ι
2258 1846 2375 1884 sum
2424 1848 2436 1884 :
2485 1831 2717 1886 scientes
2748 1833 2888 1901 quod
2943 1833 3201 1903 scriptum
3242 1844 3326 1890 est
3370 1835 3423 1889 in
3458 1835 3758 1904 prophetis:

2194 1941 2212 1973 (
2258 1921 2393 1989 Quia
2436 1921 2578 1977 labia
2625 1923 2968 1977 sacerdotum
3001 1924 3304 1978 custodient
3352 1923 3668 1987 scientiam;
3714 1934 3761 1978 et

2192 2033 2210 2066 ι
2257 2014 2427 2085 legem
2455 2014 2743 2084 exquirent
2772 2029 2838 2069 ex
2871 2030 2965 2069 ore
3005 2015 3266 2085 ipsorum,
3289 2016 3433 2086 quia
3464 2015 3642 2086 angeli
3673 2015 3761 2070 Do-

2193 2125 2210 2158 ε
2257 2107 2384 2160 mini
2412 2105 2796 2176 omnipotentis
2824 2112 2949 2160 sunt
2976 2104 3234 2178 (Malacli.
3270 2107 3351 2177 ιι).
3393 2125 3411 2158 ι

2560 2215 2889 2287 Epiphanius
2931 2217 3189 2272 diaconus
3230 2217 3397 2288 legit:

2255 2329 2605 2386 Immemores
2619 2328 2713 2384 Dei
2726 2326 2889 2384 Verbi
2916 2329 3218 2385 nativitatis
3236 2344 3301 2384 ex
3325 2328 3573 2400 Virgine,
3597 2329 3764 2400 hujus-

2186 2435 2289 2490 que
2331 2420 2510 2491 magni
2537 2429 2595 2476 et
2623 2419 2876 2475 salutaris
2917 2420 3161 2491 mysterii
3192 2419 3338 2490 quod
3381 2421 3500 2490 ipse
3530 2421 3588 2474 in
3615 2435 3766 2476 carne

2185 2513 2408 2569 veniens
2455 2512 2609 2568 nobis
2645 2511 2884 2575 donavit,
2917 2525 3114 2566 ernens
3145 2526 3244 2566 nos
3269 2512 3338 2566 ab
3384 2511 3658 2567 idolorum
3695 2527 3771 2565 ero

2185 2621 2313 2661 rore
2334 2645 2348 2671 ,
2378 2619 2443 2660 ac
2487 2606 2679 2660 hortnn
2709 2604 2898 2660 insana
2946 2605 3365 2674 superstitione:
3393 2605 3613 2675 ipsique
3647 2605 3774 2660 hanc

2185 2697 2413 2752 salutem
2447 2702 2790 2764 usurpantes,
2837 2693 3174 2764 gloriamque
3219 2695 3319 2750 sibi
3361 2695 3654 2750 cumulare
3691 2711 3774 2748 vo-

2184 2786 2376 2851 lentes,
2404 2786 2616 2858 iuglorii
2638 2801 2670 2840 a
2692 2785 2956 2842 catholica
2981 2784 3218 2840 Ecclesia
3243 2785 3633 2856 przedicantur.
3658 2785 3779 2853 Qui-

2184 2877 2286 2933 bus
2309 2887 2494 2947 aperte
2525 2875 2720 2930 aﬂ'atur
2747 2868 2994 2932 Christus
3020 2875 3163 2931 Deus
3189 2884 3374 2932 noster
3399 2891 3500 2946 per
3541 2878 3774 2946 prophe-

2191 2977 2302 3023 tam
2334 2967 2560 3024 dicens:
2615 2966 2922 3028 Sacerdo:cs
2969 2980 3266 3037 spreverunt
3313 2968 3501 3039 legem,
3550 2979 3604 3023 et
3649 2971 3778 3023 coin-

2186 3061 2723 3130 quinaveruntsancta
2739 3073 2872 3114 mea.
2893 3056 3043 3114 Inter
3062 3068 3296 3114 sanctum
3318 3069 3366 3114 et
3391 3059 3656 3129 pollutum
3679 3076 3774 3116 non

2184 3148 2538 3205 distinxerunt
2557 3188 2573 3215 ,
2601 3159 2646 3204 et
2670 3149 2806 3203 inter
2829 3148 3084 3208 mundum
3105 3158 3154 3204 et
3182 3149 3518 3204 immundum
3546 3167 3654 3204 non
3679 3151 3772 3203 dis-

2111 3219 2156 3282 c
2187 3240 2452 3298 tinxerunt
2482 3238 2697 3309 (Ezech.
2728 3237 2888 3309 xm).
2924 3237 3029 3310 Ipsi
3069 3239 3214 3295 enim
3262 3239 3450 3296 iconas
3477 3241 3698 3296 Domini
3727 3250 3773 3294 et

2187 3343 2496 3389 sanctorum
2531 3333 2649 3404 ejus
2695 3349 2725 3386 a
2761 3333 3150 3389 daemoniorum
3182 3334 3337 3390 icoua
3369 3349 3477 3390 non
3524 3331 3776 3390 distinxe-

2189 3433 2334 3490 runt,
2359 3438 2454 3480 eas
2485 3422 2735 3479 similiter
2777 3423 2920 3479 idola
2967 3424 3332 3490 nominantes,
3362 3433 3420 3480 et
3445 3423 3774 3496 calumniose

2185 3522 2507 3570 accusantes
2533 3513 2854 3580 Ecclesiam,
2887 3531 3052 3585 quam
3081 3515 3371 3585 acquisivit
3406 3516 3636 3586 proprio
3661 3531 3775 3571 san-

2187 3604 2348 3676 guine
2379 3603 2629 3660 Christus
2671 3605 2815 3661 Deus
2858 3616 3076 3673 noster;
3125 3607 3603 3679 seductoriamque
3644 3607 3777 3665 colei

2189 3709 2306 3749 rum
2329 3696 2700 3765 operationem
2725 3696 3001 3767 Evangelii
3017 3697 3417 3754 enarrationem
3441 3695 3771 3755 susurrando

2187 3784 2439 3854 fatentes,
2469 3803 2632 3859 quam
2676 3789 3040 3845 venerabilem
3089 3798 3145 3845 et
3190 3799 3436 3845 sanctam
3483 3791 3676 3847 ﬁdeles
3701 3790 3774 3844 di-

2186 3887 2316 3933 cunt
2339 3886 2396 3934 et
2438 3881 2757 3947 nominant;
2793 3896 2899 3937 non
2950 3879 3195 3950 profecto
3241 3881 3573 3951 aspicientes
3616 3882 3682 3936 ad
3725 3881 3770 3935 id

2189 3971 2332 4040 quod
2364 3971 2590 4037 videtur,
2621 3973 2716 4028 sed
2759 3973 2826 4028 ad
2851 3987 2916 4029 ea
2953 3989 3073 4043 quae
3116 3975 3169 4029 in
3200 3975 3316 4044 ipso
3345 3975 3651 4044 signantur.
3677 3974 3774 4028 Au-

2186 4063 2397 4118 dientes
2423 4063 2566 4119 eﬂim
2595 4065 2849 4131 auribus,
2896 4066 3079 4121 Gloria
3113 4067 3230 4132 tibi,
3266 4067 3516 4132 Domine,
3572 4067 3772 4138 procla-

2185 4162 2337 4208 maut
2365 4192 2380 4216 ,
2419 4161 2476 4209 et
2509 4152 2750 4211 videntes
2789 4142 2993 4222 oculis,
3034 4157 3277 4212 eamdem
3309 4158 3499 4228 utique
3531 4158 3771 4228 delerunt

2189 4242 2377 4314 gloriae
2400 4244 2689 4300 actionem.
2721 4245 2778 4301 lu
2809 4248 3124 4302 memoriam
3148 4249 3344 4320 quippe
3372 4249 3625 4306 venimus
3646 4265 3770 4305 con-

2185 4332 2511 4388 versationis
2553 4333 2690 4404 ejus,
2741 4350 2846 4404 qua
2893 4351 3014 4390 cum
3064 4336 3373 4393 hominibus
3420 4347 3769 4394 conversatus

2186 4431 2290 4483 est.
2319 4423 2592 4494 Quidquid
2621 4426 2765 4480 enim
2800 4427 3040 4482 narratio
3081 4428 3133 4481 in
3171 4429 3388 4498 scriptis
3435 4429 3693 4496 insinuat,
3718 4431 3766 4484 id

2186 4512 2360 4583 ipsum
2384 4522 2438 4568 et
2477 4514 2684 4585 pictura
2721 4516 3019 4571 denuntiat.
3051 4516 3238 4585 Qualia
3265 4534 3396 4575 vero
3435 4519 3770 4591 impudentcr

503 4627 643 4676 mea,
671 4621 776 4665 tota
802 4612 936 4666 bona
979 4630 1056 4679 es,
1077 4624 1126 4668 et
1164 4615 1370 4670 naucula
1399 4583 1502 4672 non
1523 4627 1597 4673 est
1622 4583 1752 4676 ἔπλεε
1777 4583 1954 4690 (cant.
1985 4624 2084 4693 tv).

2190 4603 2555 4674 iactanterque
2583 4607 2811 4661 verbosa
2857 4605 3011 4664 fauce
3034 4609 3362 4679 garrierunt,
3398 4611 3764 4681 inspiciamus.

503 4698 646 4754 Ecce
671 4700 780 4770 jam
819 4702 1105 4756 audierunt
1131 4712 1299 4758 totam
1329 4719 1449 4760 eam
1495 4707 1689 4763 bonam
1719 4725 1840 4766 esse
1867 4719 1923 4766 et
1961 4727 2085 4783 pro.

504 4791 704 4845 ximam
756 4791 980 4856 Christi,
1029 4808 1094 4848 ac
1138 4793 1206 4848 ab
1251 4796 1398 4850 omni
1443 4799 1650 4853 macula
1707 4799 1962 4869 liberam;
2015 4804 2084 4860 ad

502 4900 664 4954 quam
697 4892 753 4939 et
782 4900 879 4954 per
923 4885 1116 4940 Isaiam
1157 4885 1392 4941 affatur:
1427 4887 1495 4943 In
1522 4907 1680 4950 πωπω
1711 4909 1826 4946 mea
1872 4894 2086 4964 ἀερίοιπί

505 4986 682 5028 tauros
712 4984 846 5039 tuos,
866 4985 913 5029 et
936 4976 990 5030 in
1013 4987 1287 5046 conspectu
1317 4993 1431 5033 meo
1459 4995 1513 5033 es
1534 4981 1885 5053 semper(lsa.
1910 4985 2080 5053 xux).

507 5059 574 5119 Et
593 5069 862 5134 quomodo
891 5084 1011 5138 quae
1050 5067 1150 5122 has
1205 5071 1652 5138 repromissiones
1680 5073 1905 5143 accepit,
1958 5073 2083 5128 sub-

507 5154 704 5224 ripitur
732 5171 760 5207 a
798 5157 1100 5212 daemonum
1142 5159 1365 5214 adversa
1391 5161 1623 5216 virtute?
1651 5172 1706 5218 et
1730 5164 1965 5219 maxime
1992 5164 2082 5220 ubi

505 5236 753 5328 Christus
801 5254 884 5300 est
936 5257 1097 5318 caput
1152 5249 1448 5304 secundum
1487 5253 1719 5308 divinum
1765 5254 2080 5328 Apostolum

622 5334 634 5346 ⁸
788 5333 797 5340 ⁸
928 5334 970 5358 ξ,-
1007 5351 1022 5356 -
1062 5345 1075 5354 ι
1181 5339 1191 5349 ⁶
1232 5340 1357 5360 l.......
1533 5341 1561 5352 ”·
1602 5341 1644 5362 ἓν
1774 5346 1905 5368 ,ΛΑ-,ς
2020 5347 2048 5368 ,Ξ

512 5323 578 5350 ιύπ

2186 4692 2315 4761 Quae
2348 4693 2530 4748 avellit
2563 4711 2629 4750 ex
2655 4712 2867 4752 summa
2895 4708 2950 4752 et
2975 4698 3087 4755 Deo
3114 4700 3328 4756 decibili
3364 4701 3526 4758 latria
3557 4705 3626 4760 ad
3675 4705 3765 4759 bu-

2185 4783 2367 4839 milcm
2393 4800 2456 4840 ac
2487 4787 2819 4844 materialcm
2854 4798 3116 4845 creaturae
3148 4790 3382 4846 latriam.
3414 4791 3460 4848 0
3495 4795 3763 4849 vesaniam

2183 4873 2419 4946 linguam
2463 4886 2524 4931 ut
2565 4877 2800 4948 gladium
2849 4889 3062 4936 acutam
3104 4889 3160 4938 et
3199 4882 3483 4938 mendacio
3512 4883 3762 4940 infectam

2186 4961 2522 5038 habentium,
2577 4971 2976 5027 immaculatam
3024 4973 3184 5028 ﬁdem
3227 4973 3666 5030 Christianorum
3713 4976 3763 5031 in

2187 5059 2477 5132 imaginum
2527 5063 2909 5118 aestimantium
2957 5065 3275 5119 commutari
3303 5064 3618 5133 culturam;
3654 5068 3761 5138 qui-

2184 5167 2290 5224 que
2320 5155 2714 5213 contumeliose
2735 5157 3038 5227 profautur,
3066 5155 3322 5212 humilem
3339 5171 3405 5212 ac
3431 5159 3761 5214 materialem

2183 5253 2445 5300 creaturae
2470 5245 2682 5300 latriam
2711 5248 2850 5302 hanc
2877 5247 3236 5317 appellantes!
3269 5247 3462 5304 Nullus
3506 5249 3762 5306 Christia-

2185 5351 2373 5389 norum
2405 5337 2682 5392 hominum
2709 5338 2801 5390 aui
2831 5339 2932 5388 sub
2956 5337 3094 5388 caelo
3126 5345 3280 5392 sunt.
3310 5339 3535 5410 imagini
3567 5342 3760 5396 cultum
