3924 5804
144 373 245 430 589

849 376 1406 434 ΙΝΤΕΙΠἪΕΤΑΤΙΟ
1447 375 1694 433 SY'NODI

1863 375 2364 434 GENERAUS,»
2402 381 2605 441 ACTIO
2645 383 2705 438 Vl
2716 425 2727 436 .

3324 388 3428 444 590

145 501 351 544 ciorum
383 489 576 562 ipsius,
616 491 776 547 habet
805 492 1045 549 Ecclesia
1080 494 1313 563 reposita
1345 509 1356 546 :
1420 507 1487 548 ex
1536 490 1736 562 quibus
1767 496 1815 552 Α
1842 505 1874 544 a
1895 499 2080 546 sancta
2110 492 2203 548 Dei
2236 493 2502 550 catholica
2532 495 2794 563 Ecclesia,
2832 497 2885 554 in
2916 497 3061 555 nullo
3091 499 3158 556 ab
3185 499 3428 556 insensa-

140 585 298 638 etiam
325 585 627 656 imaginum
655 594 738 640 est
769 585 993 642 factura.
1027 586 1130 657 Ipsi
1172 597 1436 658 przeterea
1462 595 1588 639 esse
1643 596 1732 635 an-

139 685 302 744 guunt
335 676 630 732 dicentes:
669 676 986 733 Pronuntiet
1023 677 1166 748 quod
1209 677 1312 733 sibi
1332 676 1503 732 luerit
1529 677 1726 730 visum.

139 763 314 818 Latuit
349 779 450 820 eos
481 766 625 836 quod
654 767 721 822 ab
755 783 849 822 ore
883 768 1162 824 Dominico
1188 767 1447 838 scriptum
1471 775 1588 822 est:
1623 764 1726 831 Qui

138 857 363 927 loquitur
392 875 428 911 a
455 860 749 929 semetipso,
781 859 1048 930 propriam
1077 860 1297 932 gloriam
1324 860 1508 930 qurerit
1543 859 1726 930 (Joan.

136 950 246 1016 vn).
283 947 461 1018 Igitur
492 950 594 1019 ipsi
648 958 913 1006 testantur
957 966 1017 1006 se
1047 967 1076 1005 a
1120 951 1427 1023 semetipsis
1463 949 1634 1011 all’ari,
1673 957 1727 1004 et

136 1052 233 1091 non
273 1053 302 1092 a
334 1037 554 1110 Spiritu
591 1054 798 1097 sancto.
827 1042 981 1109 Quis,
1011 1053 1185 1111 putas.
1221 1045 1334 1098 htee
1369 1041 1589 1097 audiat?
1621 1041 1724 1095 nisi

136 1127 264 1184 forte
290 1131 387 1200 qui
437 1145 545 1186 non
571 1131 734 1188 fuerit
764 1133 1018 1203 Spiritus.
1054 1135 1256 1190 Deinde
1293 1135 1587 1205 gloriantes
1618 1149 1724 1189 non

136 1219 182 1271 in
211 1218 462 1282 Domino,
503 1223 598 1277 sed
627 1223 680 1277 in
708 1223 887 1297 lingua
926 1240 1044 1288 sua,
1076 1227 1154 1280 sic
1184 1225 1370 1278 aiunt:

331 1334 621 1406 Gregorius
651 1340 922 1410 episcopus
964 1339 1316 1396 Neoca’saria:
1358 1340 1518 1413 legit:

203 1463 222 1496 ι
257 1445 321 1501 Et
359 1462 500 1504 ecce
547 1465 691 1505 nunc
729 1460 1053 1523 congregata
1097 1468 1252 1508 sacra
1282 1454 1539 1525 synodus,
1568 1455 1722 1525 cujus

141 1556 154 1586 ι
191 1553 482 1594 numerum
527 1540 816 1612 implen‘nts
855 1545 1079 1600 trecenti
1114 1546 1332 1617 triginta
1370 1557 1515 1613 octo,
1558 1564 1721 1618 syno-

139 1650 155 1680 ι
197 1631 344 1687 dicas
367 1644 664 1703 sequentes
690 1635 1082 1706 legislationes,
1119 1638 1506 1709 amplectentcs
1554 1644 1725 1698 susci-

139 1743 153 1772 l
191 1723 365 1793 pimus
415 1733 475 1781 et
522 1726 881 1794 prmdicamtts
925 1729 1174 1800 dogmata
1229 1747 1323 1788 seu
1384 1734 1720 1801 traditiones,

137 1833 152 1863 t
192 1829 323 1884 quas
357 1815 495 1887 ipsa:
525 1817 876 1885 roborantes,
923 1835 1114 1876 secure
1162 1838 1264 1880 nos
1299 1832 1481 1882 tenere
1522 1843 1719 1885 sanxe-

136 1923 152 1954 ι
192 1917 328 1960 runt.
366 1927 385 1959 1

525 1999 854 2071 Epiphanius
892 2004 1146 2061 diaconus
1193 2005 1335 2078 legit.

188 2106 516 2178 Populosum
549 2109 810 2167 habentes
839 2114 1127 2170 concilium
1175 2116 1409 2185 jactant,
1437 2119 1506 2176 de
1539 2122 1725 2177 multi-

131 2200 300 2254 tudine
354 2201 680 2272 glorianies.
738 2202 950 2260 Turhas
975 2207 1176 2277 quippe
1209 2220 1397 2264 contra
1426 2210 1724 2268 Ecclesium

129 2302 516 2363 congregantes
537 2294 869 2362 garrierunt,
893 2311 960 2351 os
989 2312 1092 2352 non
1123 2298 1326 2355 habens
1365 2302 1564 2356 ostium
1595 2319 1722 2373 ape-

131 2379 337 2444 rientes,
382 2382 535 2450 quod
568 2383 774 2438 licitutn
802 2400 909 2440 non
939 2395 1042 2452 est,
1078 2387 1415 2458 iniquitatem
1453 2392 1507 2446 in
1537 2393 1722 2449 Excel-

129 2485 232 2523 sum
263 2470 426 2526 locuti
478 2483 644 2539 sunt;
685 2483 742 2530 et
783 2477 1080 2533 secundum
1131 2479 1417 2538 Hebraeum
1463 2485 1717 2556 populum

128 2575 442 2631 creverunt,
487 2575 544 2620 et
593 2568 838 2625 vilissimi
882 2571 1010 2626 facti
1055 2586 1182 2629 sunt
1228 2575 1424 2646 (Exod.
1468 2595 1566 2644 vn,
1611 2597 1714 2636 sec.

129 2649 301 2722 LXX).
332 2654 444 2710 Sed
476 2673 582 2713 non
623 2661 960 2732 beneplacuit
1003 2665 1055 2721 in
1101 2669 1181 2723 eis
1216 2669 1461 2726 Domino.
1495 2672 1720 2739 Quare?

128 2748 360 2813 quoniam
407 2750 482 2805 ab
523 2751 765 2809 Ecclesia
812 2771 931 2812 sese
966 2759 1251 2828 pellentes,
1295 2773 1617 2819 erraverunt
1663 2766 1713 2821 in

127 2852 314 2906 eremo,
348 2840 405 2896 in
441 2842 727 2914 inaquoso,
761 2848 942 2902 vinum
973 2852 1271 2921 Spirituale,
1301 2855 1445 2924 quod
1479 2856 1714 2914 laztillcat

128 2930 274 2984 corda
301 2932 590 2990 hominum
625 2935 801 3008 (Psal.
840 2943 980 3015 cm),
1027 2959 1134 2999 non
1178 2945 1460 3003 habentes.
1502 2947 1712 3008 Rursus

128 3036 286 3080 autem
312 3029 508 3083 eadem
535 3030 600 3086 de
629 3034 938 3104 semetipsis
969 3035 1112 3107 [Gr.,
1148 3038 1359 3113 iisdem]
1396 3050 1712 3100 asseverant

126 3117 273 3171 verbo
326 3119 550 3187 quidem
604 3120 900 3194 figurantes
951 3129 1237 3199 synodicas
1291 3134 1489 3188 sectari
1531 3135 1706 3207 legum

125 3210 427 3278 positiones,
458 3213 618 3269 factis
658 3226 840 3271 autem
878 3231 1096 3292 negant,
1123 3232 1176 3277 et
1215 3224 1703 3284 dinumerantuni-

126 3303 342 3358 versales
373 3306 635 3377 synodos,
665 3309 908 3365 dicentes
949 3329 963 3366 :

533 3414 818 3488 Gregorius
844 3421 1111 3491 episcopus
1137 3421 1278 3494 legit.

189 3545 205 3578 ι
243 3526 559 3585 Secundum
598 3532 816 3602 quidem
873 3534 1106 3604 primum
1158 3552 1464 3595 sermonem
1519 3549 1706 3598 sancta

131 3635 144 3665 ε
183 3615 315 3690 [Gr.,
351 3618 538 3676 Primo
568 3624 786 3692 quidem
817 3624 933 3681 loco
963 3627 1177 3702 sancta]
1210 3638 1265 3685 et
1291 3631 1612 3688 universalis
1638 3649 1704 3690 ac

131 3727 146 3758 ε
185 3725 370 3782 magna
416 3714 676 3784 synodus,
724 3731 845 3785 qua:
883 3720 1025 3788 apud
1062 3719 1298 3776 Nicaeam
1326 3721 1599 3778 celebrata
1627 3733 1710 3780 est

131 3813 146 3846 ι
184 3799 275 3854 sub
297 3812 503 3858 sancta:
536 3805 816 3860 memoria:
856 3807 1214 3867 Constantino
1249 3811 1441 3884 Magno
1476 3815 1709 3886 impera-

131 3903 145 3936 t
187 3896 325 3957 tore;
357 3907 479 3963 qua:
505 3894 888 3966 impiissimum
915 3899 1104 3954 Arium
1135 3917 1163 3955 a
1189 3905 1514 3960 sacerdotali
1541 3907 1706 3977 depo-

129 3993 144 4025 t
182 3981 280 4034 suit
310 3982 613 4054 dignitate,
649 4002 715 4041 eo
747 3989 889 4058 quod
913 3990 1118 4046 diceret
1153 4003 1460 4050 creaturam
1490 3995 1705 4051 increa-

130 4085 146 4117 ι
186 4078 288 4125 tum
334 4071 534 4129 Filium
594 4077 708 4144 Dei,
762 4079 852 4150 qui
907 4084 1382 4141 consubstantialis
1451 4087 1598 4144 Patri
1653 4099 1708 4144 et

133 4178 146 4211 ι
187 4162 402 4235 Spiritui
425 4179 638 4236 sancto,
671 4180 725 4226 et
750 4188 845 4243 per
864 4175 1046 4231 omnia
1072 4179 1230 4233 unius
1259 4179 1443 4249 gloriae
1465 4196 1528 4236 ac
1549 4182 1707 4238 unius

134 4273 146 4304 ε
187 4267 264 4312 est
291 4260 554 4316 honoris:
587 4278 708 4333 quae
737 4273 792 4319 et
817 4281 847 4320 a
873 4265 980 4323 Deo
1017 4267 1244 4325 electura
1271 4269 1414 4343 [Gr.,
1446 4274 1704 4328 dictatum

133 4364 146 4394 ι
189 4348 414 4406 salubris
456 4351 580 4407 fidei
618 4363 819 4412 nostrae
868 4359 1090 4428 protulit
1137 4361 1459 4434 symbolum.
1509 4364 1707 4436 Sicque

135 4454 148 4486 ι
188 4441 392 4498 demum
411 4454 632 4502 centum
658 4445 800 4519 [Gr.,
828 4447 1030 4504 Deinde
1053 4452 1294 4526 centum]
1317 4455 1706 4528 quinquaginta

137 4549 150 4578 ι
188 4545 491 4592 sanctorum
538 4537 763 4594 Patrum
804 4543 895 4612 qui
937 4558 1304 4602 convenerunt
1333 4549 1384 4603 in
1418 4550 1520 4606 hac
1558 4552 1702 4622 regia

137 4641 150 4670 ι
192 4626 314 4683 urbe
340 4631 442 4685 sub
473 4632 677 4702 majore
708 4633 1010 4691 Theodosio
1035 4638 1360 4709 imperatore
1399 4661 1410 4696 :
1439 4659 1560 4713 quze
1591 4643 1701 4698 Ma-

140 4731 152 4761 ι
193 4718 465 4774 cedonitnn
504 4722 1060 4783 Pneumatomachum
1094 4731 1389 4798 damnavit,
1443 4744 1696 4805 tanquam

140 4823 153 4852 ι
192 4807 237 4862 in
266 4813 664 4871 sanctissimum
704 4817 961 4887 Spiritum
991 4822 1472 4894 hlasphemantem,
1505 4838 1558 4882 et
1594 4844 1698 4884 non

142 4915 154 4944 ι
195 4914 302 4954 esse
330 4904 646 4962 homousion
688 4907 836 4964 Patri
863 4921 917 4967 et
958 4911 1094 4969 Filio
1128 4916 1292 4988 impie
1328 4919 1698 4990 dogmatizan-

142 5005 156 5038 ι
197 4999 295 5046 tem
343 5012 357 5048 :
392 4996 563 5066 ipsum
593 5014 812 5069 quoque
842 5002 1092 5062 salutaris
1117 5006 1239 5063 lidei
1273 5018 1468 5064 nostra:
1491 5011 1702 5081 symbo-

144 5094 159 5125 ι
200 5079 296 5135 lum
323 5083 482 5140 latius
511 5090 807 5159 expressit,
839 5092 1004 5148 Deum
1034 5099 1194 5153 etiam
1228 5106 1282 5153 et
1310 5079 1553 5155 sanetum
1578 5117 1697 5155 Olli-

145 5187 160 5218 ι
197 5172 510 5243 nipotentcm
542 5177 810 5252 Spiritum
834 5182 1072 5243 ﬁrmans.
1121 5209 1140 5243 ι

508 5316 843 5389 Epiphanius
883 5321 1130 5382 diaconus
1155 5327 1280 5398 legit
1305 5346 1323 5380 .-

198 5423 299 5482 ‘ilas
323 5439 532 5484 sanctas
575 5431 914 5489 universales
950 5436 1082 5496 duas
1116 5439 1355 5513 synodos
1395 5441 1554 5497 etiam
1598 5442 1701 5495 im-

145 5513 246 5582 pius
262 5521 459 5590 recepit
486 5520 790 5588 Nestorius,
817 5533 870 5578 et
894 5528 982 5596 qui
1014 5535 1183 5600 partis
1215 5529 1331 5598 ejus
1351 5544 1504 5588 erant
1531 5535 1704 5588 luere—

146 5606 329 5665 tici.lta
356 5625 409 5666 et
432 5614 618 5669 horum
657 5614 899 5672 factiosa:
933 5623 1168 5683 cohortis
1214 5623 1449 5694 synodus
1491 5627 1588 5681 has
1620 5639 1705 5678 re-

139 5698 340 5768 cipiens,
369 5703 525 5760 aliam
555 5707 809 5762 haeresim
840 5710 1164 5783 introduxit,
1203 5732 1232 5770 a
1265 5729 1368 5784 qua
1407 5718 1494 5785 qui
1527 5718 1706 5771 inten-

1837 583 1907 637 tis
1936 583 2068 639 viris
2094 584 2483 656 discrepantes,
2515 589 2606 658 qui
2635 588 2802 645 solem
2831 590 3078 646 videntes
3116 608 3238 648 esse
3267 610 3429 664 super

1836 683 2061 742 terram,
2085 677 2272 733 dicunt
2293 681 2358 735 ad
2382 681 2612 737 invicem
2639 701 2651 736 :
2681 683 2800 738 Pra:
2834 684 3084 742 claritate
3107 685 3237 742 solis
3258 685 3427 743 stella:

1834 768 2112 824 absconsze
2149 779 2314 837 sunt,
2353 780 2407 827 et
2438 773 2554 829 dies
2596 786 2698 840 est,
2737 786 2792 832 et
2822 793 2927 832 non
2968 788 3050 834 est
3078 795 3184 835 nox
3211 800 3224 836 :
3254 781 3426 836 mani-

1833 857 2122 912 festissima
2148 869 2202 914 et
2233 861 2538 919 certissima
2567 865 2740 921 otioso
2764 883 3014 924 sermone
3041 871 3425 930 ratiocinantes

1831 947 2130 1004 deliberant
2154 949 2298 1021 [Gr.,
2330 955 2704 1029 concludunt],
2743 959 2816 1012 ita
2845 960 3136 1018 subdentes
3162 978 3176 1017 :

2239 1061 2520 1138 Gregorius
2558 1071 2828 1142 episcopus
2866 1072 3025 1144 legit:

1904 1197 1923 1230 ι
1970 1177 2095 1234 Post
2125 1180 2223 1235 has
2266 1181 2624 1238 ducentorum
2662 1199 2974 1243 sanctorum
3005 1189 3240 1246 Patrum.
3279 1195 3420 1263 apud

1835 1289 1850 1319 ι
1900 1269 2169 1341 Ephesum
2199 1271 2351 1341 prius
2397 1275 2724 1334 conveniens
2753 1279 2851 1334 sub
2884 1279 3086 1349 juniori
3119 1281 3420 1340 Theodosio

1834 1379 1850 1409 ι
1897 1359 2225 1430 imperatore
2256 1377 2376 1431 quae
2413 1362 2722 1428 Iudaeorum
2761 1383 2980 1425 sensum
3022 1371 3334 1441 habentem,
3361 1384 3419 1432 et

1833 1469 1850 1501 ι
1897 1450 2170 1507 hominem
2193 1453 2480 1510 colentem.
2505 1454 2812 1514 Nestorium
2837 1463 3215 1521 condemnavit
3241 1485 3253 1521 :
3283 1483 3419 1538 quo-

1834 1560 1850 1592 ι
1899 1542 2043 1598 niam
2077 1545 2404 1614 praedicabat
2437 1547 2711 1606 Christum
2756 1568 2999 1609 seorsum
3038 1569 3103 1612 ex
3143 1558 3254 1614 Deo
3288 1560 3417 1615 Ver-

1831 1652 1848 1682 4
1896 1633 2045 1700 hum,
2076 1645 2132 1690 et
2168 1637 2444 1694 Christum
2473 1640 2704 1696 alterum
2745 1645 2838 1713 qui
2868 1655 3013 1702 esset
3045 1663 3114 1704 ex
3141 1650 3366 1706 muliere
3397 1671 3412 1706 :

1831 1741 1848 1772 ι
1894 1727 2090 1794 partim
2139 1731 2500 1802 privatimque
2555 1750 2762 1804 ponens
2815 1737 2982 1792 Deum
3027 1738 3297 1808 Verbum,
3357 1755 3416 1801 et

1829 1835 1851 1869 ι
1894 1821 2092 1888 partim
2141 1823 2414 1880 hominem
2445 1846 2456 1879 :
2489 1829 2621 1883 duas
2653 1829 2778 1886 hinc
2805 1831 3189 1890 subsistentias
3218 1837 3272 1890 iu
3303 1853 3414 1894 uno

1762 1894 1803 1952 Β
1841 1931 1858 1962 ι
1903 1909 2118 1969 Christo
2139 1915 2512 1988 dogmatizans
2530 1960 2545 1986 ,
2576 1931 2632 1976 et
2657 1937 2861 1993 negans
2885 1926 3149 1982 unitatem
3177 1943 3298 1999 quae
3319 1947 3416 2003 per

1835 2028 1853 2060 ‹
1896 2011 2300 2066 subsistentiam
2353 2012 2491 2068 facta
2550 2023 2677 2070 est:
2738 2019 3039 2073 secundum
3087 2036 3250 2090 quam
3307 2038 3413 2079 non

1834 2118 1853 2152 ι
1898 2102 2051 2170 quasi
2076 2101 2215 2156 alter
2241 2119 2363 2159 cum
2394 2104 2566 2160 altero
2586 2109 2932 2170 coadoratur,
2961 2112 3056 2166 sed
3091 2128 3232 2168 unus
3261 2114 3416 2169 intel—

1831 2213 1851 2244 ι
1894 2193 2080 2264 ligitur
2118 2196 2370 2264 Christus
2396 2197 2552 2255 Iesus
2583 2200 2750 2256 Filius
2777 2201 3107 2272 unigenitus,
3140 2221 3245 2260 una
3285 2207 3414 2262 ado-

1830 2304 1848 2338 ι
1900 2287 2109 2343 ratione
2137 2289 2484 2345 honorandus
2513 2307 2636 2346 cum
2668 2294 2886 2364 propria
2928 2310 3111 2350 carne.

2198 2401 2528 2472 Epiphanius
2567 2405 2821 2460 diaconus
2860 2407 3027 2477 legit:

1891 2509 2017 2566 Haec
2047 2520 2104 2567 et
2132 2512 2421 2586 Eutycbes,
2462 2525 2518 2571 et
2556 2517 2866 2584 Dioscorus,
2896 2531 3058 2589 atque
3089 2522 3181 2592 qui
3211 2523 3404 2577 confu-

1819 2603 2036 2658 sionem
2080 2603 2308 2660 duarum
2357 2607 2408 2661 in
2452 2607 2670 2664 Christo
2717 2618 3035 2665 naturarum
3078 2614 3407 2681 praedicant,

1819 2695 2175 2751 admiserunt.
2220 2695 2326 2752 Sed
2373 2699 2614 2754 haeretici
2658 2713 3075 2771 permanserunt
3110 2705 3272 2760 aliam
3302 2708 3411 2761 hae-

1819 2786 1979 2842 resim
2034 2787 2351 2844 inferentes.
2427 2791 2568 2859 Ergo
2625 2793 2711 2848 his
2773 2796 3311 2851 connumerahuntur
3355 2811 3410 2852 et

1817 2877 1934 2948 ipsi,
1971 2889 2225 2948 tanquam
2253 2889 2528 2936 versutum
2555 2898 2748 2938 vocum
2787 2885 3081 2941 novitatem
3125 2886 3180 2940 in
3216 2889 3410 2942 catho-

1813 2968 1972 3026 licam
1995 2971 2292 3028 Ecclesiam
2324 2974 2639 3031 inferentes.
2681 2977 2747 3030 Et
2785 2978 2949 3034 veluti
2981 2980 3158 3050 pueri,
3205 2982 3296 3052 qui
3343 2995 3408 3036 ea

1813 3078 1935 3132 quae
1974 3078 2006 3118 a
2043 3065 2290 3134 patrihus
2327 3067 2439 3122 suis
2473 3069 2752 3125 evidenter
2790 3072 2930 3126 dicta
2983 3071 3037 3128 et
3095 3072 3236 3129 facta
3290 3074 3411 3128 illu-

1811 3153 1955 3231 serie
1980 3154 2279 3209 adinvicem
2315 3166 2604 3224 enarrant;
2639 3159 2708 3214 ita
2747 3169 2803 3215 et
2832 3161 2921 3216 isti
2962 3176 3083 3232 qua:
3127 3165 3195 3219 ab
3231 3165 3409 3219 omnis

1735 3274 1778 3336 Ο
1812 3241 1913 3298 bus
1940 3244 2223 3300 manifeste
2257 3245 2523 3314 sciuntur,
2561 3249 2718 3304 docte
2748 3249 2924 3323 [more
2951 3253 3256 3327 doctorum]
3285 3257 3404 3324 opi-

1811 3342 2013 3391 nantur
2037 3336 2302 3405 proferre,
2336 3339 2658 3411 tradet-eque
2699 3343 3010 3413 scripturae;
3053 3347 3146 3401 sed
3197 3347 3405 3404 ridendi

1809 3427 2062 3482 omnibus
2103 3427 2230 3483 facti
2273 3438 2421 3484 sunt.
2458 3431 2525 3486 Et
2566 3448 2753 3489 rursus
2790 3450 2925 3488 vana
2965 3436 3406 3495 confabulatione

1811 3524 2026 3571 utentes
2054 3518 2243 3574 dicunt
2267 3537 2282 3576 :

2203 3634 2487 3708 Gregorius
2526 3641 2794 3711 episcopus
2841 3640 3010 3713 legit:

1885 3763 1904 3796 ι
1939 3744 2142 3802 Deinde
2190 3747 2531 3807 Chalcedone
2567 3767 2761 3825 magna
2801 3763 2858 3809 et
2897 3755 3274 3826 Opinatissima
3302 3773 3400 3830 sy-

1813 3854 1833 3887 ς
1872 3835 2064 3903 nodus,
2103 3853 2222 3908 qua
2263 3842 2364 3897 sub
2408 3841 2683 3900 Marciano
2719 3846 2832 3902 Deo
2885 3846 3104 3930 amabili
3155 3849 3405 3922 principe

1816 3945 1834 3978 ι
1863 3931 2158 3997 concurrit,
2195 3947 2422 4004 quaque
2461 3934 2783 3994 Dioscorum
2819 3950 2875 3995 et
2923 3940 3192 3996 infelicem
3233 3943 3402 4016 Euty-

1817 4035 1834 4069 ι
1873 4019 2031 4074 ehem
2056 4022 2557 4092 anathematizavit,
2584 4030 2945 4098 praedicantes
2975 4048 3080 4088 non
3107 4035 3157 4088 in
3188 4035 3398 4092 duabus

1815 4134 1834 4166 α
1861 4117 2072 4170 naturis
2098 4127 2218 4187 post
2243 4135 2511 4175 summam
2559 4121 2654 4177 Dei
2693 4125 2843 4179 verbi
2876 4128 3158 4192 unitatem,
3183 4143 3306 4198 quae.
3337 4129 3405 4184 in.

1815 4225 1832 4257 ‹
1879 4207 2226 4263 subsistentia
2257 4209 2396 4264 laeta
2429 4221 2533 4277 est,
2559 4214 2807 4269 eumdem
2838 4225 2894 4270 et
2922 4233 3088 4272 unum
3121 4218 3398 4274 Christum

1815 4313 1833 4345 ι
1879 4304 1935 4350 et
1968 4296 2254 4353 Dominum
2278 4316 2399 4355 eum
2429 4318 2594 4358 carne
2618 4303 2945 4372 subsistere;
2973 4309 3066 4362 sed
3092 4324 3159 4363 ex
3189 4311 3400 4364 duabus

1815 4403 1834 4436 ι
1881 4388 2089 4443 naturis
2141 4389 2436 4445 unitionem
2486 4390 2719 4457 factam,
2767 4406 2822 4449 et
2877 4411 3036 4448 uuam
3083 4399 3297 4452 mistam
3341 4407 3400 4453 et

1815 4495 1833 4529 ε
1880 4477 2156 4534 confusam
2185 4479 2450 4536 cliectam.
2481 4483 2749 4538 Przeterea
2779 4495 2834 4539 et
2867 4502 2985 4556 qua:
3014 4485 3396 4544 Constantino-

1816 4587 1834 4619 ι
1881 4569 1986 4640 ροΙί
2033 4571 2285 4626 convenit
2322 4582 2538 4626 centum
2577 4575 2858 4644 sexaginta
2897 4577 3136 4648 quinque
3179 4588 3396 4635 sancto-

1735 4641 1778 4698 ί)
1812 4667 1828 4711 ἀ
1877 4675 1994 4713 rum
2035 4660 2255 4715 Patrum
2297 4663 2396 4717 sub
2425 4641 2735 4720 Iustiniano
2771 4669 2909 4724 diva:
2949 4671 3390 4729 recordationis:

1811 4769 1830 4802 ι
1874 4765 1995 4818 quae
2035 4750 2520 4810 anathematizavit
2566 4757 2876 4828 Origenem,
2908 4762 2999 4831 qui
3030 4770 3085 4816 et
3116 4762 3390 4818 Adaman-

1814 4858 1831 4892 ς
1879 4841 1985 4894 tius
2004 4841 2182 4898 dictus
2219 4852 2319 4907 est,
2350 4843 2659 4917 Evagrium,
2712 4847 3019 4921 Didymum,
3064 4867 3188 4908 cum
3229 4868 3396 4925 paga-

1816 4953 1835 4986 ι
1881 4935 1965 4990 nis
1986 4936 2307 5006 conscriptis
2327 4953 2548 5006 eorum;
2579 4951 2738 5012 atque
2766 4943 3114 5002 Theodorum
3144 4944 3395 5015 Mopsue—

1816 5047 1833 5079 ς
1881 5037 2118 5094 stenum,
2161 5038 2216 5082 et
2257 5031 2547 5090 Diodorum
2588 5045 2983 5108 praeceptorem
3015 5037 3270 5104 Nestorii,
3303 5037 3400 5094 Se-

1817 5137 1834 5170 ι
1883 5134 2094 5190 verum,
2132 5120 2370 5188 Petrum,
2393 5124 2649 5194 Zooram,
2673 5142 2796 5181 cum
2827 5129 3018 5207 impiis
3064 5130 3404 5201 dogmatibus

1814 5230 1834 5264 ι
1879 5228 2098 5284 eorum;
2133 5222 2189 5270 et
2235 5215 2428 5270 laetam
2477 5217 2618 5291 [Gr.,
2667 5218 2904 5299 dictam]
2953 5229 3062 5284 ma:
3105 5221 3406 5291 epistolam,

1813 5326 1834 5360 ι
1875 5325 1998 5378 quae
2027 5310 2286 5369 scribitur
2328 5309 2395 5362 ad
2426 5309 2618 5366 Marini
2649 5311 2878 5372 Persam
2928 5343 2941 5377 ;
2976 5328 3181 5378 sancta:
3212 5322 3266 5367 et
3294 5326 3410 5366 ma-

1813 5420 1831 5466 ς
1875 5416 1996 5471 gnte
2033 5409 2239 5476 quarta:
2263 5400 2450 5469 synodi
2485 5404 2569 5472 pia
2593 5405 2970 5472 corroborans
2998 5412 3272 5480 dogmata.
3316 5423 3335 5455 ι
3424 5417 3426 5419 '

2183 5511 2513 5582 Epiphanius
2569 5518 2823 5572 diaconus
2868 5525 2997 5598 legit
3028 5540 3048 5578 :

1881 5627 1990 5684 Has
2023 5637 2242 5688 sanctas
2269 5633 2322 5679 et
2348 5627 2686 5687 universales
2725 5641 2998 5705 synodos,
3023 5643 3083 5692 et
3115 5624 3422 5699 91⁸80θά⁸⁸1⁸

1810 5726 1890 5772 tes
1917 5734 2048 5789 eas,
2083 5725 2436 5784 susceperunt
2486 5719 2707 5792 Sergius
2751 5714 3420 5777 Cnnclqniinnmlilanng.
