3924 5596
482 375 683 445 Siti.

1650 376 2012 437 ANASTASII
2036 377 2593 439 BIBLIOTHECARII

3672 375 3776 445 591

483 496 629 552 circa
660 492 803 566 ipsos
832 499 958 549 sunt
983 506 1146 546 unam
1177 489 1525 569 voluntatem
1554 492 1605 547 in
1646 492 1865 552 Christo
1889 494 2077 551 dicen-
2102 497 2151 556 A
2180 494 2403 565 choram
2431 505 2639 557 certam
2678 497 2948 554 catholica
2981 498 3221 556 Ecclesia
3269 499 3388 555 haec
3429 479 3687 571 dogmata
3720 499 3779 558 ει

485 570 734 643 ιθδζδθιι
776 592 834 638 ut
874 582 1115 639 lneretici
1160 584 1694 639 anathematizantur
1737 603 1767 640 a
1814 587 2079 643 catholica

484 677 754 739 Ecclesia,
793 692 890 747 per
914 674 1166 731 hmrcsim
1193 691 1346 730 suam
1381 693 1518 730 vana
1552 675 1857 747 loquentes.
1900 677 1992 735 Sic
2026 688 2082 735 et

484 772 575 827 isti
602 768 733 826 licet
758 777 811 824 et
837 768 939 824 has
965 777 1182 824 sanctas
1220 769 1457 839 synodos
1496 768 1814 838 admittant,
1860 781 2081 844 propter

489 865 742 923 haeresim
774 874 953 921 tamen
993 879 1144 919 suam
1185 864 1567 934 ahjiciuntura
1597 862 1861 921 catholica
1898 865 2082 921 Eccle-

490 958 569 1015 sia
599 978 613 1014 :
642 968 696 1015 et
724 973 895 1013 vanus
924 956 1029 1013 illis
1057 966 1141 1013 est
1166 974 1328 1028 super
1354 959 1457 1014 hoc
1487 946 1707 1025 sermo,
1744 968 1798 1013 et
1840 958 2079 1025 otiosus,

488 1070 555 1109 ac
585 1053 730 1108 nulla
765 1052 1117 1122 responsione
1144 1052 1478 1124 condignas;
1516 1051 1775 1122 quoniam
1807 1052 1858 1106 in
1896 1041 2082 1122 appel-

485 1144 687 1201 latione
729 1152 1044 1199 sanctarum
1091 1144 1444 1214 synodorum,
1489 1142 1574 1197 his
1610 1143 1874 1198 resultant
1903 1151 1958 1199 et
1986 1143 2082 1197 ad-

483 1243 795 1288 versantur.
834 1233 901 1287 Et
946 1233 991 1287 si
1043 1233 1263 1303 quidem
1313 1232 1620 1304 ignorantia
1669 1234 1774 1289 hoc
1812 1231 2078 1299 fecerunt,

483 1327 724 1384 amentia
772 1335 859 1382 est
901 1335 958 1381 et
1006 1326 1505 1396 indisciplinatione
1543 1326 1762 1396 plenum
1799 1343 1813 1381 :
1853 1324 1997 1398 quod
2035 1325 2081 1382 si

484 1420 749 1485 scienter,
779 1418 1059 1490 impietate
1084 1425 1140 1472 et
1163 1417 1309 1472 omni
1338 1417 1572 1472 absurda
1599 1416 1951 1472 conscientia.
1974 1415 2084 1473 Aut

483 1509 632 1565 enim
662 1509 951 1564 ostendant
977 1508 1135 1563 nobis
1159 1508 1424 1579 synodum
1449 1507 1825 1562 adversantem
1851 1506 2081 1578 synodo,

485 1599 591 1654 nisi
616 1598 757 1655 forte
782 1614 848 1654 ex
882 1598 991 1654 illis
1014 1614 1137 1668 quae
1174 1598 1423 1652 alienata:
1458 1605 1586 1653 sunt
1620 1613 1650 1651 a
1682 1598 1948 1653 catholica
1981 1597 2082 1653 Ec—

488 1694 673 1756 clesia,
699 1702 757 1747 et
777 1692 1271 1755 anathematizaue,
1299 1691 1752 1761 quemadmodum
1778 1699 2080 1746 eteorum:

486 1796 585 1840 aut
612 1785 921 1856 probabiles
944 1794 1266 1854 sequantur,
1297 1793 1353 1839 et
1387 1792 1605 1841 sanctas
1630 1802 1647 1851 ;
1686 1794 1744 1839 et
1775 1799 1895 1854 qua:
1919 1782 2080 1838 dimi-

2185 585 2387 653 recepit
2429 592 2485 639 et
2525 584 2780 656 signavit,
2825 596 2989 657 atque
3034 589 3228 643 horum
3278 590 3596 658 magisterio
3640 605 3773 661 opus

2183 690 2290 730 non
2321 674 2505 731 habet.
2540 673 2742 732 Verum
2786 693 2909 734 cum
2953 676 3152 735 divinls
3197 680 3543 750 dogmatibus
3588 696 3772 757 eorum

2182 767 2346 822 etiam
2394 762 2739 826 venerabiles
2782 770 3047 843 imagines
3093 762 3455 843 receperunt,
3516 782 3575 831 et
3628 775 3772 855 cultu

2182 861 2416 933 quodam
2443 873 2498 918 et
2523 864 2728 920 honore
2747 862 2936 919 Patres
2959 866 3127 920 nostri
3153 866 3342 936 dignas
3361 865 3772 934 judicaverunt,

2181 966 2237 1012 et
2264 957 2437 1027 pietas
2465 968 2758 1014 erexerunt
2784 975 2877 1015 eas
2906 959 2958 1014 in
2990 974 3041 1013 v.
3059 960 3391 1016 nerahilibus
3419 960 3637 1031 templis
3652 977 3773 1035 quae

2182 1047 2253 1103 ab
2281 1049 2361 1104 eis
2386 1050 2652 1106 aediﬁcata
2682 1060 2809 1107 sunt
2841 1070 2854 1107 :
2884 1052 2979 1107 sed
3006 1061 3063 1108 et
3100 1053 3152 1108 in
3191 1051 3337 1107 omni
3376 1067 3625 1123 congruo
3660 1052 3774 1109 loco

2181 1137 2560 1210 depinxerunt,
2588 1150 2644 1198 et
2666 1142 2765 1198 has
2790 1143 3026 1214 amplexi
3052 1153 3193 1198 sunt.
3218 1142 3323 1213 Ipsi
3348 1151 3537 1199 autem
3559 1158 3773 1200 omnem

2182 1230 2420 1289 divinam
2450 1241 2728 1289 catervam
2768 1250 2954 1290 eorum
2997 1235 3384 1292 transcendere
3414 1249 3774 1307 praesumpse-

2184 1329 2327 1385 runt,
2360 1332 2413 1378 et
2443 1323 2705 1380 adversus
2744 1325 2846 1381 hos
2872 1323 3056 1385 sedem
3104 1341 3259 1380 suam
3306 1325 3653 1390 locaverunt,
3691 1340 3777 1379 su-

2185 1414 2492 1484 perbientes
2536 1417 2831 1472 secundum
2877 1426 3087 1487 patrem
3134 1416 3426 1482 mendacii,
3468 1416 3524 1472 id
3553 1425 3639 1471 est
3664 1416 3774 1472 dia-

2183 1504 2407 1561 bolum:
2434 1516 2491 1563 et
2520 1517 2709 1565 sancta
2741 1510 3249 1580 eoinquinaverunt,
3292 1510 3618 1582 injuriisque
3654 1509 3775 1565 atie-

2182 1606 2419 1664 eerunt,
2463 1606 2629 1669 atque
2675 1600 2783 1670 igni
2835 1601 3251 1657 mandaverunt.
3306 1600 3352 1657 0
3394 1607 3770 1672 argumentum

2185 1685 2466 1761 [facinus],
2513 1706 2548 1746 o
2593 1692 2854 1748 audacem
2898 1693 3257 1748 dementiam!
3302 1692 3561 1749 Recedet
3588 1704 3775 1748 sensus

2187 1791 2395 1843 eorum,
2427 1786 2483 1834 et
2513 1790 2696 1850 parcet
2729 1781 2925 1852 populo
2960 1796 3059 1837 suo
3100 1782 3360 1838 Dominus
3403 1783 3473 1837 ab
3518 1781 3631 1838 hac
3663 1798 3774 1838 cor-

425 1882 428 1884 ’
487 1884 677 1932 serunt
705 1876 757 1929 in
790 1875 1054 1939 Ecclesia,
1091 1885 1145 1929 et
1179 1876 1267 1932 isti
1298 1876 1618 1946 suscipiant.
1665 1875 1732 1929 Et
1774 1876 1819 1930 si
1859 1875 2076 1946 quidem
2108 1858 2154 1919 Β
2185 1871 2423 1941 ruptrice
2450 1872 2869 1933 malitia‘eorum
2898 1892 2911 1928 :
2942 1874 3143 1946 tiatque
3169 1881 3229 1928 ut
3254 1878 3449 1930 omnes
3472 1874 3570 1944 qui
3597 1874 3775 1930 catho-

483 1966 1213 2037 susceperintvenerahiles
1258 1968 1483 2031 ieonas,
1522 1966 1845 2022 catholicam
1892 1965 2081 2022 Eccle-

485 2057 622 2112 siam
649 2063 949 2122 sectantur,
984 2066 1172 2128 utpote
1216 2073 1246 2112 a
1286 2057 1492 2113 sanctis
1537 2072 1635 2112 sex
1683 2057 2079 2112 universalibus

484 2154 769 2216 susceptas
789 2146 1029 2217 synodis.
1059 2146 1117 2202 Si
1149 2163 1277 2204 vero
1308 2164 1414 2204 non
1444 2157 1726 2205 sectantur
1751 2147 2076 2204 catholicam

487 2235 809 2304 Ecelesiam,
843 2252 1002 2293 nemo
1033 2237 1154 2293 illos
1183 2238 1368 2294 audiet
1390 2253 1497 2294 non
1521 2247 1812 2309 sequentes
1841 2238 1951 2294 Deo
1981 2239 2077 2294 de-

485 2326 700 2383 cibilem
745 2328 1123 2401 traditionem.

876 2437 1164 2510 Gregorius
1198 2442 1473 2514 epiacopus
1511 2442 1635 2513 legit
1663 2461 1682 2498 :

570 2567 590 2599 ς
639 2547 902 2605 Similiter
934 2560 989 2606 et
1021 2565 1083 2609 ea
1111 2567 1233 2622 qum
1261 2555 1595 2624 temporibus
1618 2555 1965 2611 Constantini
2002 2556 2079 2627 pii

494 2660 514 2692 ι
561 2641 822 2712 principis
849 2643 904 2697 in
932 2644 1033 2699 hac
1059 2659 1088 2699 a
1127 2644 1240 2699 Deo
1283 2646 1655 2701 conservanda
1700 2646 1833 2701 urbe
1863 2657 2078 2701 centum

494 2750 513 2781 ο
560 2734 901 2804 septuaginta
966 2744 1277 2791 sarietorum
1343 2735 1563 2791 Patrum
1624 2738 1905 2803 convenit;
1961 2753 2082 2808 quae

492 2844 511 2877 σ
559 2827 1041 2883 anathematizavit
1099 2838 1156 2884 et
1214 2828 1481 2898 abiectum
1551 2829 1679 2886 fecit
1737 2828 2080 2886 Theodorum

496 2937 514 2967 ει
559 2916 1009 2991 Pharanitanum,
1059 2920 1257 2992 Cyrum
1294 2922 1742 2987 Alexandrinum,
1783 2922 2079 2979 Honorium

492 3026 512 3060 ι
561 3009 911 3091 ῐὶοιξιειιιιιιη,⁸
940 3010 1210 3083 Sergium,
1261 3011 1522 3079 Paulum,
1568 3013 1837 3087 Pyrrhum
1879 3025 1937 3072 et
1982 3016 2084 3072 Pe-

493 3119 511 3149 ι
561 3110 726 3167 trum,
765 3102 971 3170 quihic
994 3104 1256 3172 prmsules
1281 3107 1637 3173 exstiterunt;
1679 3108 2083 3182 Macer-iamque

493 3210 512 3243 ι
560 3192 980 3259 Antiochenam,
1018 3204 1073 3250 et
1104 3195 1439 3266 Stephanum
1475 3198 1799 3270 discipulum
1824 3204 1983 3274 ejus:
2012 3220 2080 3260 eo

492 3301 511 3332 ι
557 3282 703 3351 quod
739 3283 985 3348 dicerent
1029 3301 1192 3340 uitam
1238 3288 1573 3344 voluntatem
1612 3300 1667 3345 et
1707 3294 2076 3361 Operationcm

493 3388 512 3420 ι
558 3370 613 3426 in
651 3370 864 3437 duabus
893 3372 1056 3430 unius
1082 3374 1286 3431 Christi
1318 3376 1413 3432 Dei
1442 3379 1614 3436 nostri
1642 3382 1870 3437 naturis.
1914 3402 1932 3435 ι

870 3488 1199 3561 Epiphanius
1235 3493 1492 3549 diaconus
1528 3495 1651 3567 legit
1680 3508 1700 3548 :

559 3598 656 3655 His
695 3600 1018 3657 ratiunculis
1056 3603 1236 3661 nullus
1275 3615 1360 3662 est
1399 3606 1741 3665 refutationis
1772 3625 1952 3667 sermo
1988 3596 2081 3668 ne?

483 3695 777 3761 cessarius,
808 3711 876 3751 eo
897 3698 1045 3767 quod
1077 3699 1190 3754 sint
1216 3700 1334 3756 haec
1371 3702 1620 3773 superius
1651 3703 1949 3760 confutata.
1981 3705 2081 3761 So-

484 3785 758 3853 phismate
793 3797 977 3843 autem
1016 3789 1244 3859 profano
1280 3801 1503 3849 sanctas
1538 3797 1775 3866 synodos
1795 3796 1994 3854 iterum
2026 3799 2079 3854 in

486 3873 733 3951 medium
753 3873 1013 3943 atl‘erunt,
1044 3877 1119 3933 ita
1148 3879 1395 3938 dicentes
1420 3900 1434 3938 :

881 3984 1164 4056 Gregorius
1199 3991 1471 4061 episcopus
1507 3992 1629 4064 legit
1652 4011 1675 4048 :

563 4109 583 4141 ι
626 4091 760 4162 [pste
808 4094 973 4165 igitur
1014 4107 1218 4154 saneta:
1265 4109 1320 4155 et
1367 4103 1702 4160 universales
1746 4122 1839 4162 sex
1886 4110 2077 4183 synodi

490 4199 510 4231 ι
554 4183 644 4251 pie
672 4198 735 4238 ac
766 4183 874 4239 Deo
898 4186 1239 4256 placabiliter
1261 4191 1513 4262 dogmata
1539 4195 1896 4255 immaculata:
1925 4201 2080 4257 Chri-

493 4293 510 4324 ι
558 4276 858 4332 stianortlm
911 4278 1031 4335 tidci
1081 4296 1436 4353 exponentes,
1480 4296 1533 4342 et
1573 4291 1784 4345 traditis
1823 4294 2080 4350 divinitus

492 4384 511 4414 ι
558 4364 864 4437 Evangeliis
890 4369 1131 4437 imbuta},
1161 4388 1324 4429 unam
1352 4377 1755 4435 subsistentiam
1789 4383 1841 4436 in
1872 4384 2080 4439 duahus

490 4473 510 4505 ‹
557 4456 768 4511 tiaturis
803 4467 857 4513 et
896 4460 1265 4519 voluntatibus
1311 4474 1367 4520 et
1412 4470 1820 4537 operationibus
1870 4473 1923 4527 in
1972 4488 2077 4529 uno

493 4567 511 4597 ι
551 4546 776 4605 Christo
828 4551 1058 4610 Domino
1108 4565 1294 4613 nostro
1338 4570 1392 4613 et
1440 4561 1550 4615 Deo
1602 4563 1972 4631 tradiderunt;
2023 4576 2079 4620 et

2186 1961 2343 2017 licam
2373 1972 2652 2018 sectantur
2683 1962 2828 2035 [Gr.,
2856 1979 3046 2020 omnes
3074 1964 3220 2020 cath.
3251 1962 3557 2037 sectentur]
3596 1963 3776 2019 Sede.

2183 2052 2343 2117 siam,
2390 2053 2654 2123 recipiant
2692 2054 3034 2124 evangelieas
3064 2052 3330 2124 picturas,
3364 2061 3423 2109 et
3456 2053 3775 2124 martyrico—

2183 2156 2304 2198 rum
2329 2145 2690 2211 certaminum
2733 2144 3116 2213 formationes;
3145 2154 3200 2202 et
3227 2146 3326 2201 has
3355 2146 3773 2217 amplectantur,

2181 2237 2641 2306 quemadmodum
2687 2239 2991 2310 antiquitus
3036 2248 3227 2294 sancta
3256 2238 3351 2295 Dei
3379 2238 3631 2296 Ecclesia
3665 2254 3778 2295 sas-

2182 2329 2346 2398 cepit.
2373 2329 2566 2386 Adhuc
2596 2339 2778 2387 autem
2805 2346 2903 2387 sua
2926 2333 3312 2388 continuantes
3335 2330 3576 2387 artiﬁcia
3605 2330 3776 2388 taliter

2188 2419 2541 2478 maledicunt.

2606 2531 2891 2606 Gregorius
2915 2537 3187 2610 episcopus
3209 2538 3331 2609 legit
3356 2554 3378 2592 τ

2264 2667 2281 2701 ι
2321 2649 2451 2718 Qua:
2481 2664 2604 2707 cum
2637 2650 2807 2707 multo
2843 2653 3022 2708 studio
3061 2664 3115 2709 et
3152 2663 3384 2714 tractatu
3422 2668 3479 2716 et
3511 2676 3617 2715 nos
3645 2661 3775 2732 aspi-

2191 2760 2209 2794 ι
2246 2742 2457 2798 ratione
2515 2743 2688 2799 sancti
2745 2742 2981 2815 Spiritus
3039 2749 3416 2807 examinantes
3472 2761 3532 2807 et
3584 2768 3773 2824 cogno-

2191 2851 2209 2885 ι
2244 2841 2474 2901 secutos,
2507 2835 2812 2892 invenimus
2841 2837 2894 2892 in
2924 2838 3097 2909 ipsum
3136 2845 3667 2914 opportunissimum
3694 2863 3772 2903 sa-

2191 2942 2210 2974 α
2246 2922 2373 2978 tutis
2429 2933 2630 2980 nostrre
2687 2925 2911 3001 dogma,
2968 2927 3020 2983 id
3074 2940 3158 2986 est
3214 2931 3266 2986 in
3319 2932 3773 3005 diSpensationem

2190 3030 2211 3064 1
2247 3012 2472 3079 Christi,
2503 3014 2743 3070 illicitam
2772 3018 3038 3087 pictorum
3069 3030 3242 3074 artem
3290 3021 3773 3094 blasphemantem,

2190 3123 2210 3157 ι
2246 3113 2302 3161 ει
2326 3107 2730 3163 subvertentem
2758 3111 2973 3165 easdem
3005 3121 3221 3168 εειιιοῐειε
3248 3123 3301 3168 et
3328 3115 3673 3172 ιιηίιότεειιοε
3690 3132 3771 3173 εει

2193 3214 2212 3247 ε
2248 3198 2483 3270 synodos
2514 3200 2772 3257 divinitus
2796 3202 3051 3259 collectas
3079 3211 3133 3259 et
3159 3205 3469 3276 inspiratas.
3513 3228 3533 3261 ι

2608 3322 2937 3396 Epiphanius
2971 3328 3224 3385 diaconus
3255 3327 3419 3399 legit;

2254 3436 2321 3491 Et
2348 3437 2583 3492 studium
2612 3444 2668 3491 et
2698 3444 2959 3494 tractatus
3000 3439 3165 3494 etiam
3214 3440 3267 3495 in
3319 3440 3488 3509 malo,
3514 3444 3769 3513 quemado

2182 3527 2399 3582 modum
2427 3528 2680 3583 studebat
2705 3537 2761 3583 ct
2786 3529 3056 3584 tractabat
3081 3545 3202 3585 cum
3230 3532 3560 3602 Achitophcl
3595 3543 3768 3611 contra

2181 3629 2390 3691 patrem
2421 3635 2577 3675 suum
2609 3619 2959 3686 Abessalom;
2999 3620 3078 3676 sic
3116 3630 3170 3676 et
3206 3621 3307 3693 ipsi
3338 3633 3533 3678 contra
3564 3636 3770 3681 sanctos

2181 3709 2404 3765 Patres:
2430 3717 2486 3766 et
2513 3719 2574 3764 ut
2600 3710 2882 3765 videbatur
2912 3710 3097 3766 Achab
3122 3726 3188 3766 ex
3215 3712 3395 3767 divina
3424 3715 3771 3786 inspiratione

2181 3800 2777 3870 pseudoprophetarum
2800 3801 2938 3855 dicta
2966 3802 3271 3872 suscipere;
3303 3804 3398 3858 scd
3425 3814 3483 3860 et
3508 3806 3613 3862 iste
3637 3807 3771 3862 frau-

2182 3891 2340 3947 datus
2369 3901 2451 3947 est
2477 3908 2571 3963 spe
2601 3891 2691 3964 (ΙΙ
2712 3891 2843 3964 Reg.
2874 3908 2964 3959 xv,
2988 3909 3102 3961 xw,
3126 3896 3280 3968 xvn).
3314 3896 3404 3951 Ait
3430 3906 3617 3955 autem
3643 3898 3770 3954 Pro-

2182 3988 2460 4043 verbiator
2491 4005 2504 4042 :
2549 3987 2684 4042 Sunt
2728 3988 2824 4043 via:
2861 4003 2979 4059 quae
3025 3989 3266 4043 videntur
3304 3991 3415 4045 viro
3455 4002 3614 4047 recte:
3646 4009 3769 4053 esse,

2181 4076 2463 4131 novissima
2488 4084 2662 4131 tanien
2683 4093 2864 4132 earum
2889 4087 3126 4148 mergunt
3153 4079 3206 4133 in
3230 4079 3559 4149 profundum
3586 4081 3771 4150 inferni

2182 4161 2366 4237 (Prov.
2402 4168 2536 4237 XIV).
2585 4164 2735 4221 Talia
2783 4176 2837 4222 et
2886 4168 2975 4223 isti
3025 4168 3346 4239 passi'sunt
3386 4189 3401 4226 :
3443 4172 3645 4243 quippe
3681 4172 3768 4240 qui

2182 4258 2433 4326 passione
2471 4257 2675 4313 homini
2709 4259 2903 4329 placita
2954 4257 3116 4332 [Gr.,
3148 4262 3460 4318 hominibus
3488 4250 3766 4335 plaecndi}

2181 4353 2456 4423 superati,
2507 4370 2571 4409 ex
2621 4355 2843 4426 proprio
2868 4365 3059 4411 ventre
3096 4355 3329 4429 prolati,
3377 4368 3635 4428 putantes
3658 4359 3768 4428 qui-

2182 4445 2302 4497 dem
2335 4444 2453 4499 vias
2486 4461 2612 4501 suas
2664 4455 2881 4511 rectas,
2934 4446 2988 4501 in
3042 4447 3295 4517 laqueum
3348 4456 3532 4503 autem
3582 4448 3767 4503 iul‘emi

2182 4533 2498 4590 obedientes
2527 4536 2626 4590 sibi
2662 4537 2997 4608 demergunt.
3033 4536 3315 4606 Quomodo
3341 4541 3486 4594 enim
3520 4540 3575 4593 in
3607 4541 3765 4610 ipsum

491 4655 510 4687 ε
557 4639 717 4695 unius
2111 4606 2724 4722 5opportunissimonr,
2772 4636 2832 4680 ut
2876 4629 3060 4722 aiunt,
3109 4629 3533 4722 dispensationis
3576 4630 3764 4722 Christi

491 4745 511 4777 ι
557 4729 880 4787 docuerunt.
917 4753 936 4786 ι

862 4842 1190 4915 Epiphanius
1228 4850 1482 4906 diaconus
1521 4856 1644 4926 legit
1676 4875 1695 4911 :

556 4950 601 5005 Ο
628 4952 917 5012 elationem
966 4968 1021 5013 et
1062 4976 1281 5017 sensum
1326 4970 1863 5039 :u-rogantissinnnn!
1906 4978 2074 5043 Quasi

487 5041 798 5112 imperitam
831 5055 885 5100 et
911 5047 1220 5107 divinorum
1259 5054 1564 5124 degtnatum
1609 5061 1848 5132 ignaram
1890 5041 2075 5122 Eccle-

488 5138 624 5193 siam
675 5141 871 5198 docere
914 5146 1192 5215 nituntur,
1253 5154 1340 5208 cui
1401 5157 1657 5213 nimirum
1708 5162 2073 5220 testimonium

485 5237 826 5328 perhibetur,
854 5245 997 5312 quod
1019 5248 1167 5302 omni
1199 5251 1462 5321 sapientia
1493 5256 1653 5325 plena
1685 5260 1756 5315 sit
1781 5277 1794 5313 :
1820 5263 2078 5328 quemad-

488 5325 708 5379 modum
756 5344 947 5405 magua
993 5350 1125 5391 voce
1168 5341 1448 5408 spiritibus
1496 5345 1825 5402 exclamavit
1864 5352 2076 5409 divinus

463 5401 799 5486 lApostolus,
839 5422 929 5492 qui
963 5424 1103 5482 hanc
1134 5437 1491 5491 sacramentis
1516 5438 1746 5508 imbuit,
1783 5442 1972 5498 dicens
2009 5447 2081 5503 de

489 5507 578 5556 illa
611 5529 622 5553 τ
660 5508 730 5552 ΠΙ
775 5513 1064 5566 imminent
1115 5524 1489 5578 ητὶηεὶηιηξὺηδ
1527 5540 1574 5574 et
1612 5532 1953 5590 poleuuﬁh,“
1987 5554 2079 5572 ηρ..

2187 4716 2502 4786 InySterium
2548 4717 2843 4789 imaginum
2874 4717 3036 4774 factio
3063 4735 3092 4774 a
3121 4720 3330 4790 pictore.
3358 4720 3505 4777 facta
3535 4736 3631 4776 ore
3661 4719 3766 4775 bla—

2182 4810 2406 4879 spheme
2439 4810 2705 4866 refertur?
2750 4813 2835 4868 vel
2878 4814 3149 4884 quomodo
3182 4810 3377 4871 iterum
3419 4829 3637 4873 sanctas
3680 4831 3766 4871 sex

2184 4904 2520 4960 universales
2549 4907 2786 4976 synodos
2815 4907 3081 4977 pictorum
3115 4924 3205 4965 ars
3234 4911 3462 4979 spernit,
3497 4920 3553 4966 et
3582 4920 3766 4980 przetcr

2180 4992 2510 5048 voluntatem
2539 5010 2727 5049 earum
2758 4997 2810 5050 in
2839 4997 3081 5053 ccclesiis
3108 5009 3234 5055 sunt
3264 4999 3529 5070 imagines
3566 5002 3767 5070 posita,

2179 5099 2301 5137 cum
2335 5084 2495 5139 iidem
2547 5086 2647 5156 ipsi
2683 5086 2846 5141 divini
2878 5087 3070 5143 Patres
3113 5089 3283 5144 nostri
3337 5089 3666 5146 didascalice
3711 5105 3768 5145 ac

2179 5175 2484 5231 voluntarie
2503 5179 2811 5247 expressius
2836 5179 3190 5249 eXplanantes
3215 5179 3404 5251 salutis
3431 5192 3639 5236 nostra:
3665 5196 3767 5251 my-

2179 5267 2426 5333 sterium,
2456 5268 2508 5321 in
2536 5261 2939 5325 venerabilihus
2972 5271 3185 5342 templis
3236 5271 3620 5343 ﬁguraverinl,
3660 5282 3769 5327 arte

2180 5357 2450 5428 pictorum
2479 5359 2584 5425 usi,
2616 5369 2672 5414 et
2699 5375 2806 5414 non
2836 5370 2895 5415 ut
2917 5361 3005 5416 isti
3043 5360 3317 5418 fatentur?
3355 5361 3493 5430 Quis
3521 5365 3769 5419 saeratis-

2180 5447 2440 5501 simorum
2471 5446 2690 5515 Patrum
2720 5458 3030 5505 nostrorum
3076 5452 3129 5505 in
3170 5453 3345 5522 ipsum
3372 5454 3770 5524 opportunissi-

2182 5556 2324 5566 n‘.-.u-
