3924 5666
101 351 199 407 395

820 350 1371 409 INTEBPRETA’NO
1410 351 1656 409 SVNODI
1701 351 1787 405 \‘ll
1828 349 2240 408 GENERALIS.
2282 382 2351 392 -—
2388 350 2590 407 ACTIO
2627 349 2710 405 V’l.

3280 351 3384 407 δεδι

101 463 398 534 desipiunt.
453 461 524 518 Ut
569 462 712 520 enim
763 475 1008 533 apparet,
1053 465 1300 520 arbitrati
1352 475 1502 529 sunt,
1553 463 1695 534 quod
1725 466 1768 524 Α
1799 463 2178 532 prehensibilis
2217 482 2229 516 :
2271 465 2366 520 sed
2413 464 2805 519 humanitatem
2861 460 3004 534 [Cm
3033 463 3126 516 sed
3152 465 3386 519 cii-cuui—

103 568 263 608 nemo
338 561 602 624 agnoscat
659 554 876 608 verbum
949 569 1043 609 eos
1095 555 1343 610 veritatis
1415 556 1690 611 fraudare.

100 643 301 699 Omnes
329 643 554 713 quidem
587 641 862 697 manuales
888 650 1033 698 artes
1073 659 1192 714 qum
1231 661 1260 698 a
1290 645 1515 700 consilio
1542 661 1696 699 man-

103 737 355 790 datorum
404 736 500 790 Dei
550 732 836 799 declinant,
867 733 1184 804 abjicicndae
1210 744 1336 791 sunt
1368 753 1382 790 ι
1414 752 1534 806 qua:
1563 751 1694 790 vero

103 829 170 882 ita
198 843 258 882 se
289 844 401 883 non
427 829 648 895 habent,
675 829 767 884 sed
797 828 863 882 ad
883 829 1049 882 vitam
1081 839 1320 884 nostram
1349 846 1454 884 non
1481 829 1694 885 inutiles

101 932 217 973 esse
267 921 600 990 probantur,
640 920 766 974 nihil
815 920 1066 974 indecens
1106 919 1323 981 habent,
1374 935 1548 990 neque
1600 923 1696 975 has

103 1012 273 1064 sancti
300 1021 490 1081 patres
512 1012 678 1066 nostri
704 1019 1022 1082 respueruut
1051 1013 1134 1066 vel
1166 1012 1496 1080 abjecerunt.
1527 1013 1696 1067 Porro

105 1099 143 1153 si
176 1099 411 1169 pictura:
461 1109 578 1155 arte
628 1101 680 1155 in
730 1101 954 1172 eﬂigiem
1002 1102 1349 1174 turpitudinis
1399 1102 1521 1171 quis
1568 1117 1696 1157 usus

104 1190 306 1257 fuerit,
354 1193 659 1264 respuenda
687 1204 741 1249 et
771 1195 930 1251 noxia
980 1205 1066 1251 est
1095 1213 1108 1249 :
1143 1204 1332 1266 utputa
1380 1195 1424 1248 si
1459 1195 1698 1265 pinxerit

104 1284 222 1353 quis
263 1285 473 1355 ﬁguras
515 1287 973 1351 meretriculares,
1009 1288 1122 1342 sive
1157 1285 1486 1357 spectacula,
1528 1284 1694 1339 infra-

104 1386 332 1447 ctusque
363 1376 698 1442 saltatorios,
725 1387 781 1435 et
809 1381 1080 1435 circorum
1129 1379 1394 1444 visiones;
1445 1386 1501 1432 et
1542 1377 1699 1447 quid-

104 1465 232 1535 quid
265 1465 416 1521 aliud
443 1467 533 1522 bis
559 1468 734 1523 simile
779 1469 848 1524 ab
893 1478 1012 1522 arte
1053 1467 1220 1522 fuerit
1255 1466 1491 1530 factum,
1529 1466 1699 1536 turpis

104 1569 186 1614 est
213 1559 535 1616 adinveutio
581 1560 761 1632 [turpe
787 1561 1156 1633 exercitium].
1210 1562 1281 1616 At
1307 1575 1434 1615 vero
1463 1560 1506 1614 si
1539 1558 1696 1613 indu-

105 1651 364 1705 striorum
390 1651 631 1706 virorum
652 1651 795 1707 vitas
823 1661 880 1706 et
898 1652 1313 1723 martyricorum
1339 1649 1697 1705 certaminum

105 1741 420 1806 relationes,
453 1752 509 1796 et
545 1742 734 1798 horum
774 1743 1076 1798 narrandas
1104 1743 1402 1812 passiones,
1435 1748 1491 1796 et
1519 1739 1698 1810 magni

1795 555 2028 624 scriptus
2053 555 2350 611 secundum
2396 555 2810 627 humanitame
2839 572 2853 619 ;
2903 572 2966 610 ex
2999 555 3208 610 duabus
3237 558 3379 612 enim

1794 647 2003 701 naturis
2033 647 2282 701 novimus
2316 647 2610 710 Christum,
2649 657 2704 701 et
2731 647 2783 701 in
2817 647 3024 701 duabus
3055 647 3265 701 naturis
3297 647 3381 700 in-

1795 737 1988 804 divise,
2015 737 2066 792 id
2091 747 2194 802 est,
2217 739 2394 792 divina
2424 747 2478 792 et
2504 738 2758 792 humana.
2791 735 2906 791 Una
2934 751 3062 807 ergo
3095 737 3383 805 incircum-

1795 832 2020 901 5cripta,
2041 839 2096 885 et.
2127 847 2227 885 una
2251 832 2656 900 circumscripta
2691 833 2742 885 in
2769 845 2874 886 uno
2894 829 3108 886 Christo
3130 831 3342 886 videtur
3367 848 3379 883 :

1795 929 1851 976 et
1881 921 2056 991 imago
2086 936 2191 974 non
2223 922 2519 976 secundum
2549 920 2905 976 substantiam
2937 920 3217 990 principali
3249 921 3388 976 assi—

1798 1011 2038 1078 milatur,
2068 1012 2162 1067 sed
2197 1020 2404 1067 tantum
2437 1012 2732 1067 secundum
2765 1026 2959 1066 nomen
2993 1021 3049 1066 et
3091 1013 3386 1066 secundum

1796 1105 2117 1177 positionem
2167 1106 2536 1161 membrorum
2587 1104 2958 1176 ﬁguratorum.
3005 1103 3192 1175 Neque
3239 1105 3388 1159 enim

1799 1197 2089 1269 imaginem
2132 1199 2254 1266 quis
2291 1197 2535 1252 scribens
2577 1195 2810 1251 hominis
2841 1194 3068 1263 alicujus
3093 1235 3109 1261 ,
3151 1195 3387 1250 animam

1800 1288 1852 1342 in
1896 1288 2128 1360 imagine
2174 1289 2372 1358 quati-it
2403 1305 2418 1342 :
2446 1287 2746 1357 praesertim
2795 1302 2921 1342 cum
2949 1285 3266 1352 diﬁ'erentia
3306 1287 3388 1340 in-

1800 1379 2179 1450 comparabilis
2220 1381 2290 1435 sit
2333 1379 2528 1434 anima:
2568 1379 2804 1434 hominis
2842 1389 2896 1434 ct
2934 1379 3128 1434 divinae
3155 1387 3385 1432 naturae.

1801 1469 1933 1525 Nam
1963 1471 2052 1525 illa
2081 1472 2296 1541 quidem
2329 1471 2570 1526 increata
2617 1478 2736 1534 est,
2775 1479 2830 1524 et
2871 1470 3163 1532 conditrix,
3192 1479 3246 1524 et
3271 1469 3390 1524 sine

1804 1571 2043 1632 tempore
2073 1575 2088 1614 :
2123 1562 2223 1617 ista
2254 1575 2386 1616 vero
2413 1569 2598 1617 creata
2635 1569 2689 1615 et
2718 1561 3046 1632 temporalis,
3088 1569 3142 1615 et
3172 1561 3241 1616 ab
3274 1562 3391 1630 ipsa

1801 1653 2034 1706 condita.
2082 1652 2147 1706 Et
2183 1653 2359 1707 nullus
2399 1652 2688 1722 aliquando
2718 1651 2856 1706 bene
2891 1651 3238 1706 sentientium
3271 1652 3390 1706 visa

1803 1740 2038 1802 hominis
2069 1742 2301 1813 imagine
2323 1743 2600 1814 cogitavit,
2622 1743 2766 1812 quod
2797 1751 3078 1812 separetur
3102 1757 3198 1810 per
3219 1741 3388 1812 picto-

106 1833 198 1888 Dei
239 1841 294 1888 et
332 1834 637 1889 Salvatoris
673 1836 840 1890 nostri
873 1833 999 1890 Jesu
1035 1834 1237 1889 Christi
1281 1829 1698 1900 dispensationis
1736 1825 1776 1882 Β
1805 1848 1916 1887 rem
1949 1833 2112 1887 homo
2141 1833 2208 1886 ah
2237 1833 2437 1887 anima.
2488 1832 2602 1886 Non
2643 1833 2786 1887 enim
2833 1823 3171 1903 solummodo
3208 1833 3390 1886 anima

106 1925 427 1995 mysterium
476 1926 699 1996 pingere
747 1925 1098 1988 voluerimus,
1140 1934 1254 1979 tum
1299 1923 1567 1992 pictorum
1617 1921 1699 1975 usi

108 2017 358 2082 artiﬁcio,
393 2017 737 2072 invenientur
774 2017 928 2072 valde
961 2025 1109 2072 recte
1147 2023 1453 2086 operanles.
1486 2013 1699 2069 Etenim

107 2109 282 2179 pietur
308 2124 530 2164 crucem
569 2107 785 2172 format,
819 2117 873 2163 et
904 2108 1082 2164 nullus
1113 2123 1300 2162 eorum
1331 2106 1422 2177 qui
1451 2105 1589 2161 bene
1615 2121 1702 2161 sa-

108 2201 280 2270 piunt,
308 2200 580 2270 depictam
608 2216 823 2256 crucem
854 2199 1022 2268 ejicit,
1051 2183 1224 2272 neque
1252 2199 1430 2253 divina
1457 2213 1581 2252 eum
1611 2198 1701 2252 de-

109 2294 275 2347 nudat
305 2293 480 2363 gratia
516 2307 530 2345 :
563 2292 690 2346 licet
735 2291 908 2363 pictor
958 2307 1079 2346 eam
1128 2289 1400 2345 coloribus
1447 2295 1703 2358 operatus

107 2385 398 2440 exstiterit.
431 2385 749 2454 Rursusque
774 2399 938 2454 super
967 2382 1119 2438 libris
1155 2381 1405 2436 similiter
1433 2380 1703 2450 accipien-

110 2476 232 2530 dum
259 2485 366 2532 est.
408 2475 545 2554 Nam
590 2476 634 2530 si
666 2485 850 2546 turpes
879 2475 1094 2546 quidem
1123 2474 1466 2528 narrationes
1492 2471 1614 2542 quis
1645 2471 1698 2524 in

111 2567 261 2623 libris
293 2569 621 2638 depinxerit,
657 2576 843 2637 turpes
874 2575 1000 2622 sunt
1027 2574 1082 2622 et
1112 2563 1410 2637 rejiciendi,
1441 2572 1602 2632 atque
1634 2562 1701 2616 ab

110 2657 290 2712 auditu
321 2657 641 2712 Christiano
669 2656 933 2711 alienandi
964 2670 978 2709 :
1009 2655 1052 2712 si
1089 2669 1218 2708 vero
1244 2653 1504 2708 divinitus
1533 2650 1701 2721 inspi-

111 2757 222 2801 rata
256 2748 423 2802 verba
463 2763 561 2803 seu
608 2747 952 2804 narrationes
996 2748 1258 2801 ducentes
1303 2745 1370 2798 ad
1418 2745 1697 2814 pietatem,

111 2839 433 2896 laudandum
465 2849 551 2896 est
575 2850 631 2895 et
657 2839 1068 2903 admittendum,
1097 2848 1154 2895 et
1182 2837 1420 2894 Ecclesia
1449 2835 1702 2908 dignissic

110 2946 254 2984 tuum
272 2931 651 2999 judicandum.
677 2930 912 3000 ldipsum
934 2930 1096 2984 etiam
1125 2944 1286 2998 super
1311 2929 1465 2982 icona
1489 2925 1700 2979 Domini

113 3024 276 3077 nostri
296 3022 430 3078 Jesu
454 3024 654 3079 Christi
679 3039 742 3078 ac
762 3031 1069 3078 sanctorum
1091 3023 1228 3089 ejus,
1251 3031 1311 3076 ut
1331 3020 1698 3092 praediximus,

113 3117 426 3172 existimare
470 3106 857 3174 necessarium.
909 3116 1046 3172 Nam
1099 3125 1154 3173 et
1206 3117 1567 3174 si‘cilharam
1617 3114 1700 3168 vel

115 3208 269 3262 tibias
297 3208 426 3277 quis
462 3217 721 3277 operatus
753 3206 953 3273 fuerit,
999 3207 1170 3278 turpis
1209 3215 1292 3261 est
1322 3205 1568 3276 operatio
1607 3219 1622 3257 :
1653 3204 1698 3257 si
1731 3179 1773 3240 (ἶ

115 3307 287 3352 autem
324 3299 455 3368 quid
480 3313 762 3371 sacrorum
792 3313 1066 3363 vasorum,
1099 3297 1428 3367 acceptabile
1455 3310 1470 3349 :
1499 3285 1555 3350 et
1582 3293 1702 3348 nul-

117 3407 195 3446 .us
226 3406 417 3447 eorum
462 3392 554 3462 qui
587 3391 724 3446 bene
767 3392 1004 3462 sapiunt,
1041 3391 1144 3446 arti
1176 3391 1416 3461 derogat,
1456 3390 1499 3443 si
1530 3389 1582 3442 in
1618 3387 1702 3440 his

119 3498 229 3551 quae
255 3482 416 3553 hujus
448 3493 577 3538 sunt
604 3483 732 3537 vita:
757 3483 1086 3549 necessaria,
1118 3483 1251 3538 utile
1279 3482 1407 3552 quid
1437 3480 1699 3536 eﬂ’ecerit.

119 3575 469 3632 Considerare
515 3577 660 3632 enim
708 3586 923 3648 oportet
966 3578 1318 3632 intentionem
1368 3584 1424 3632 et.
1462 3575 1699 3636 modum,

120 3683 211 3738 per
235 3685 396 3740 quem
441 3668 710 3739 perfectio
755 3669 934 3742 [opus]
987 3671 1183 3725 artium
1218 3669 1276 3724 ﬁt
1309 3686 1320 3723 :
1351 3677 1407 3724 et
1435 3667 1701 3736 siquidem

123 3761 188 3812 ad
221 3761 476 3830 pietatem
517 3770 748 3830 spectat,
788 3761 1121 3830 acceptabile
1150 3779 1163 3816 :
1195 3761 1239 3815 si
1268 3773 1395 3814 vero
1417 3759 1484 3812 ad
1515 3772 1704 3827 quam-

123 3847 245 3903 libet
286 3850 721 3920 turpitudinem,
767 3851 964 3905 odibile
999 3859 1053 3904 et
1090 3848 1355 3918 abjectum
1387 3856 1488 3904 est.
1535 3845 1704 3901 Porro

121 3941 447 3995 accusationi
477 3941 796 3997 insistentes
831 3941 1084 4012 deinceps
1113 3941 1266 3995 aiunt
1293 3959 1305 3994 :

538 4049 827 4121 Gregorius
856 4051 1126 4122 episcopus
1155 4050 1274 4121 legit
1305 4065 1323 4104 :

192 4181 210 4213 ι
239 4163 566 4220 Statuerunt
595 4174 774 4246 autem
824 4164 1221 4237 [Stabilientem
1253 4161 1456 4236 autem]
1510 4161 1703 4217 Nesto-

131 4267 151 4303 ξ
181 4254 307 4308 rium
356 4255 694 4324 partientetn
744 4255 796 4309 in
843 4254 1075 4310 ﬁliorum
1120 4254 1430 4309 dualitatem
1459 4268 1582 4306 eum
1613 4253 1703 4321 qui

132 4360 150 4394 ε
181 4356 394 4415 propter
444 4362 547 4400 nos
597 4347 759 4400 homo
805 4345 978 4401 factus
1025 4354 1147 4412 est,
1198 4361 1364 4400 unum
1407 4343 1602 4400 Filium
1651 4355 1708 4398 et

133 4452 151 4487 t
185 4433 411 4492 Verbum
442 4437 559 4492 Dei.
603 4457 620 4488 ι

540 4550 873 4620 Epiphanius
903 4551 1154 4606 diaconus
1182 4549 1303 4622 legit
1330 4567 1349 4606 :

190 4661 380 4717 lterum
411 4663 554 4718 sicut
589 4663 971 4739 przeiliximus,
1011 4671 1219 4718 tantum
1249 4661 1622 4734 pronuntiant,
1651 4670 1707 4717 et

132 4767 222 4807 non
247 4756 557 4810 ostendunt.
583 4754 866 4822 Quomodo
893 4756 1035 4811 sistit
1064 4755 1392 4821 Nestorium,
1415 4754 1506 4824 qui
1534 4755 1707 4824 pingit

134 4840 402 4915 imaginem
433 4846 672 4900 Christi?
714 4844 996 4902 Nestorius
1036 4849 1170 4903 duos
1215 4847 1354 4903 ﬁlios
1391 4845 1703 4908 introducit,

132 4947 279 4988 unum
320 4934 552 4991 Verbum
595 4937 812 5000 Patris,
844 4937 1071 5004 alterum
1102 4954 1226 4994 eum
1262 4938 1355 5008 qui
1387 4948 1560 4993 estex
1587 4938 1707 4992 V’ir-

130 5021 257 5094 ginc.
295 5027 420 5082 Veri
449 5040 626 5084 autem
658 5029 954 5084 Christiani
986 5047 1151 5086 unum
1179 5029 1538 5099 eumdemque
1570 5045 1704 5085 con-

131 5117 337 5173 titeutur
359 5119 546 5175 Filium
573 5129 630 5175 et
659 5119 941 5175 Christum
966 5132 1020 5177 et
1047 5124 1335 5178 Dominum
1361 5139 1373 5175 :
1399 5131 1454 5176 et
1481 5122 1705 5195 pingen-

132 5214 200 5258 tes
227 5210 430 5265 iconam
475 5212 783 5268 secundum
826 5210 877 5263 id
903 5215 1041 5280 quod
1079 5216 1314 5270 Verbum
1345 5228 1474 5268 caro
1501 5212 1704 5272 factum

1801 1925 2050 1994 privatur
2082 1925 2280 1994 imago,
2313 1927 2405 1979 sed
2436 1933 2492 1979 et
2521 1924 2636 1993 ipsa
2674 1925 2976 1979 substantia
3007 1925 3274 1992 corporis,
3305 1925 3388 1978 vi-

1801 2013 2002 2070 delicet
2037 2014 2311 2079 carnibus,
2353 2013 2602 2070 medullis
2653 2011 2799 2086 [Cr.,
2829 2001 3135 2087 musculis],
3188 2016 3388 2078 nervis,

1800 2106 2012 2162 ossibus
2060 2115 2115 2161 et
2160 2106 2465 2170 elementis,
2504 2105 2556 2160 id
2605 2115 2690 2161 est
2739 2107 3024 2176 sanguine,
3065 2107 3389 2176 phlegmate,

1801 2196 1953 2267 nigra
2000 2205 2058 2252 et
2102 2198 2268 2252 rubea
2315 2197 2530 2252 cholera
2563 2215 2576 2250 :
2612 2213 2841 2269 quorum
2882 2199 3298 2270 temperantiam
3336 2198 3393 2252 in

1803 2288 2042 2360 imagine
2069 2289 2239 2344 videri
2277 2289 2627 2359 impossibile.
2660 2289 2716 2344 Si
2754 2290 2897 2343 enim
2930 2289 3042 2342 haec
3076 2289 3128 2343 in
3158 2289 3394 2360 imagine

1802 2377 2147 2440 vidissemus,
2180 2378 2319 2432 hanc
2352 2378 2539 2448 utique
2562 2378 2674 2446 jam
2709 2369 3004 2442 hominem,
3032 2387 3088 2434 et
3120 2395 3224 2434 non
3260 2379 3396 2433 ima-

1801 2467 1979 2538 ginem
2004 2466 2239 2521 hominis
2265 2467 2717 2522 nominassemus.
2749 2467 2892 2538 Ergo
2921 2468 3059 2538 perit
3091 2465 3390 2540 [properat]

1803 2573 1908 2612 una
1935 2573 2058 2612 cum
2088 2557 2310 2626 reliquis
2343 2557 2768 2628 problematibus
2806 2559 2920 2613 suis
2956 2559 3121 2613 etiam
3153 2572 3392 2629 praesens

1805 2649 2170 2718 vaniloquium
2209 2666 2222 2702 :
2255 2647 2367 2703 risu
2395 2656 2657 2719 przeterea
2704 2648 2862 2718 digna
2903 2657 3028 2702 sunt
3053 2663 3173 2722 qua:
3207 2647 3391 2719 profe-

1805 2756 1866 2794 l'll
1874 2758 1904 2794 ιι
1911 2749 1964 2794 tu
1974 2757 2017 2794 Γ.

2192 2851 2472 2924 Gregorius
2512 2854 2782 2924 episcopus
2822 2853 2942 2940 legit
2975 2870 2992 2907 :

1881 2984 1900 3016 ‹
1934 2963 2151 3021 Necnon
2184 2975 2238 3022 et
2258 2966 2450 3021 Arium
2480 2975 2537 3022 et
2565 2947 2904 3032 Dioscorum,
2933 2975 2987 3020 et
3010 2966 3389 3038 Eutychetem.

1811 3079 1829 3111 ι
1870 3068 1925 3114 et
1945 3059 2336 3131 Severum,qui
2365 3058 2736 3114 confusionem
2764 3067 2817 3114 et
2845 3058 3154 3114 mistionein
3179 3059 3234 3114 in
3261 3059 3395 3114 dua-

1811 3169 1829 3201 ι
1867 3149 1967 3206 bus
2002 3151 2211 3206 naturis
2241 3151 2402 3205 unius
2430 3149 2633 3205 Christi
2661 3150 3048 3220 dogmatizant.
3085 3168 3102 3200 ο

2185 3259 2518 3331 Epiphanius
2557 3259 2810 3314 diaconus
2833 3258 2954 3331 legit
2985 3275 3006 3312 :

1873 3374 1918 3431 Ο
1946 3375 2367 3430 ineonsideratas
2397 3382 2452 3428 et
2485 3373 2658 3428 aniles
2687 3387 2874 3427 eorum
2915 3367 3142 3432 fabulas.
3189 3379 3244 3425 et
3270 3370 3392 3424 abs-

1802 3466 2072 3520 conditam
2101 3464 2376 3519 fraudem!
2426 3463 2622 3518 lterum
2645 3464 2788 3517 enim
2812 3462 3013 3517 eisdem
3052 3471 3264 3532 gratum
3289 3461 3395 3515 illis

1803 3563 1888 3612 est
1920 3555 2194 3610 immorari
2226 3553 2661 3626 garrulitatibus.
2711 3553 2822 3607 Aut
2863 3553 3008 3606 enim
3036 3552 3286 3622 ignorant
3313 3551 3392 3605 di-

1803 3648 2117 3703 versitatem
2133 3663 2161 3700 a
2185 3662 2242 3702 se
2255 3662 2477 3702 numera
2486 3655 2600 3701 toru
2609 3662 2658 3700 m
2675 3645 3076 3710 haereticorum,
3095 3654 3188 3698 aut
3203 3655 3395 3714 sponte

1804 3739 2014 3812 garrire
2055 3747 2368 3809 procurant.
2414 3737 2530 3792 Arii
2575 3739 2719 3794 enim
2756 3751 2819 3792 ac
2850 3737 3090 3792 Dioscori
3133 3747 3188 3791 et
3232 3736 3397 3808 Euty—

1804 3828 1980 3884 chetis
2008 3829 2242 3884 haereses
2271 3829 2562 3884 contrariae
2597 3837 2723 3884 sunt
2755 3827 3022 3892 Nestorio,
3060 3837 3115 3881 et
3165 3827 3396 3882 invicem

1806 3922 2194 3986 adversantur,
2250 3920 2378 3976 licet
2425 3935 2585 3991 pares
2633 3921 2686 3975 in
2741 3919 3016 3990 impietate
3081 3919 3396 3990 persistant.

1806 4015 1969 4070 Arius
1999 4014 2142 4069 enim
2173 4029 2237 4068 ex
2267 4028 2372 4068 non
2419 4011 2779 4075 exstantibus,
2825 4022 2886 4067 ut
2925 4021 3092 4076 esset,
3124 4011 3396 4080 inquiens,

1807 4116 2072 4162 :eternum
2103 4115 2154 4161 et
2185 4107 2484 4162 increatum
2526 4104 2763 4160 Verbum
2796 4105 2888 4159 Dei
2920 4113 2974 4158 et
3015 4103 3214 4169 Patris,
3241 4102 3400 4156 addi-

1809 4198 1889 4254 dit
1914 4197 2176 4268 impietati
2207 4192 2316 4251 sua:
2342 4196 2506 4250 etiam
2537 4195 2696 4249 aliam
2725 4195 2998 4258 hazresiiu,
3045 4208 3152 4248 non
3200 4193 3402 4248 habere

1811 4291 1998 4345 dicens
2028 4289 2305 4344 Christum
2332 4288 2569 4342 animam
2599 4284 2938 4350 rationalem,
2969 4284 3061 4338 sed
3090 4299 3188 4354 pro
3218 4283 3400 4352 anima
3484 4320 3488 4323 -

1809 4383 2174 4448 divinitatem,
2204 4397 2368 4451 quam
2393 4390 2450 4436 et
2470 4380 2650 4449 passio
2681 4378 2965 4447 tetigisset.
2992 4376 3286 4432 Dioscorus
3309 4392 3404 4430 au-

1809 4481 1917 4530 tem
1935 4482 1988 4528 et
2013 4473 2285 4544 Eutyches
2299 4470 2548 4525 Nestorio
2567 4467 2769 4522 dicenti
2791 4467 2929 4521 duas
2946 4476 3171 4521 naturas
3193 4473 3248 4519 et
3267 4468 3398 4520 sub-

1734 4533 1783 4592 Β
1808 4564 2084 4620 sisteutias
2099 4533 2153 4617 in
2172 4562 2411 4624 Christo,
2428 4575 2493 4614 ex
2518 4559 2744 4613 adverso
2757 4557 2923 4621 ducti,
2941 4565 3164 4612 naturas
3178 4555 3406 4611 confun-

1808 4654 2020 4718 dentes,
2047 4667 2210 4707 unam
2241 4665 2375 4704 vaue
2399 4648 2563 4703 locuti
2599 4654 2757 4711 sunt;
2789 4654 2845 4700 et
2872 4646 3110 4716 procula
3137 4644 3282 4714 regia
3315 4643 3402 4696 via

1809 4744 2142 4808 incedentes,
2155 4756 2276 4812 qute
2288 4756 2395 4797 non
2412 4740 2645 4795 declinat
2658 4751 2830 4808 neque
2842 4737 2910 4792 ad
2933 4739 3211 4794 dexteram
3229 4749 3410 4804 neque

1811 4836 1878 4891 ad
1904 4834 2203 4899 sinistram,
2227 4833 2296 4889 ab
2311 4830 2612 4904 apostolica
2634 4838 2689 4886 et
2713 4837 2941 4900 paterna
2966 4829 3211 4887 doctrina
3233 4833 3413 4879 retro-

1812 4927 1954 4984 versi
1976 4937 2123 4984 sunt.
2153 4927 2222 4982 Et
2249 4941 2370 4998 qua:
2406 4921 2828 4982 communicatio
2855 4923 2944 4980 vel
2987 4932 3286 4982 consensus
3327 4932 3418 4972 ca-

1816 5019 2027 5078 tholica:
2055 5027 2256 5077 sanctae
2286 5019 2382 5076 Dei
2429 5018 2686 5076 Ecclesiae
2713 5021 2934 5084 propter
2956 5009 3299 5074 venerabiles
3337 5007 3420 5077 pi-

1814 5124 2019 5176 cturas,
2050 5129 2173 5169 cum
2208 5113 2342 5169 Ario
2365 5117 2423 5166 ct
2462 5111 2724 5170 Diuscoro
2749 5114 2797 5178 et
2831 5105 3118 5180 Eutyche?
3149 5101 3253 5160 nisi
3278 5097 3426 5168 (ιιιοίὶ

1817 5216 2028 5263 tantum
2077 5207 2269 5263 inanes
2315 5213 2444 5262 sunt
2487 5214 2768 5263 sermones
2797 5211 3020 5271 eorum,
3063 5212 3118 5260 et
3157 5190 3428 5259 corrupti-

1815 5297 1976 5361 biles,
2019 5305 2077 5352 et
2113 5299 2180 5352 ab
2219 5293 2524 5368 apostolico
2569 5291 2826 5351 mandato
2860 5291 3068 5364 alieni,
3115 5285 3263 5364 quod
3294 5283 3372 5337 ait
3413 5297 3430 5333 ε

1819 5387 2002 5442 Sermo
2029 5400 2192 5444 vester
2228 5401 2434 5458 semper
2465 5388 2536 5442 sit
2575 5391 2630 5443 in
2667 5383 2838 5456 gratia
2884 5382 2989 5442 Dei
3040 5388 3150 5446 sale
3192 5373 3433 5432 conditus

1817 5477 2043 5551 (Coloss.
2077 5481 2172 5551 IV).
2218 5480 2368 5548 Quos
2411 5485 2468 5531 et
2514 5477 2861 5536 abominatus
2908 5482 3072 5536 multi
3114 5459 3436 5531 certaminis

1815 5570 1918 5625 Job
1938 5569 2156 5626 dicebat
2183 5587 2196 5623 :
2231 5570 2291 5625 Si
2322 5567 2620 5625 comedilur
2651 5566 2802 5639 panis
2823 5564 3031 5638 absque
3062 5559 3217 5626 sale?
3254 5552 3299 5608 si
3321 5564 3437 5604 vero

3226 5660 3243 5666 Α
3253 5652 3267 5666 Δ
3294 5653 3417 5666 Α-ιοη

131 5309 205 5350 est
229 5309 280 5354 et
309 5302 564 5358 habitavit
596 5303 652 5358 in
689 5298 854 5354 nobis
883 5298 1062 5370 (Joan.
1091 5303 1154 5376 l),
1185 5306 1237 5360 id
1267 5311 1368 5367 est,
1401 5303 1560 5360 homo
1584 5322 1708 5378 per-

136 5387 321 5454 fectus,
372 5396 520 5449 valde
571 5400 732 5448 recte
780 5398 836 5441 et
873 5390 957 5458 pie
987 5393 1207 5451 faciunt.
1250 5393 1707 5468 Circumscriptus

134 5489 205 5532 est
233 5484 360 5554 enim
393 5484 533 5540 Deus
568 5480 827 5537 Verbum
877 5494 1037 5539 carne
1063 5526 1078 5549 ,
1127 5487 1192 5540 ad
1234 5498 1332 5538 nos
1381 5484 1706 5553 profectum,

134 5585 225 5624 non
261 5582 425 5631 tamen
466 5575 590 5646 quis
629 5568 972 5646 excogitavit
1010 5577 1348 5631 divinitatem
1379 5575 1496 5644 ejus
1523 5579 1710 5650 depin-
