3924 5550
503 389 612 456 593

1657 384 2019 442 ANASTASII
2055 360 2601 443 BIBLIOTHECARII

3661 390 3755 444 585

508 525 651 568 nunc
690 507 909 578 quidem
951 505 1190 560 dicentes
1221 517 1337 559 eam
1383 518 1505 558 cum
1552 500 1801 559 Nestorio
1843 502 2009 572 impio
2034 511 2088 557 et
2116 502 2163 563 Α
2193 502 2433 559 unitione
2458 520 2578 575 qum
2616 522 2712 576 per
2754 506 3155 563 subsistentiam
3199 505 3252 562 in
3296 523 3461 564 carne
3518 506 3655 562 facta
3683 519 3757 563 est

509 602 743 658 divisere
791 595 1153 663 commisceri,
1208 594 1477 666 pingendo
1522 595 1576 649 in
1620 595 1792 651 ieonis
1840 595 2093 649 humani-

507 700 675 748 tatem
702 688 1067 754 Dominieam;
1103 701 1246 741 nunc
1272 700 1401 742 vero
1429 702 1551 742 cum
1580 686 1823 758 Eutyche
1861 701 1925 743 ac
1969 687 2091 742 Dio-

508 796 668 838 scoro
697 778 975 837 sceleratis
1015 777 1342 835 confundere
1374 794 1386 831 :
1421 792 1545 832 nam
1590 776 1935 833 manifestum
1985 787 2088 845 est,

511 876 652 930 sicut
698 888 857 944 supra
911 880 1186 928 ostensum
1234 879 1338 936 est,
1368 870 1511 941 quod
1559 871 1830 927 contrarie
1875 871 2095 927 sibimet

504 964 770 1028 sentiant,
801 962 928 1017 licet
953 970 1178 1031 uterque
1202 960 1479 1031 impugnet
1503 959 1822 1017 Ecclesiam.
1860 958 1918 1017 Si
1947 961 2092 1017 enim

512 1054 838 1117 dederimus,
878 1052 1021 1122 quod
1066 1050 1372 1106 Nestorium
1402 1050 1695 1107 secundum
1734 1053 1971 1123 ipsorum
2000 1066 2095 1107 vo-

510 1160 629 1200 cem
681 1153 943 1215 sequatur
987 1144 1248 1208 Ecclesia,
1292 1143 1647 1211 mentiuntur,
1684 1144 1927 1202 dicentes
1972 1158 2092 1201 eam

510 1252 633 1291 cum
662 1236 902 1307 Eutyche
921 1250 985 1292 ac
1014 1235 1271 1291 Dioscoro
1302 1250 1507 1307 sapere.
1542 1234 1598 1291 Si
1622 1252 1749 1292 vero
1778 1237 1955 1306 potius
1973 1251 2093 1293 eam

510 1329 679 1398 (quod
710 1329 1044 1383 contrarium
1072 1328 1178 1400 est)
1224 1327 1453 1400 Eutychi
1484 1342 1548 1384 ac
1575 1326 1836 1385 Dioscoro
1869 1343 2096 1386 consen-

513 1422 616 1476 tire
657 1420 1052 1491 permittimus,
1089 1421 1251 1476 etiam
1282 1421 1334 1475 in
1377 1421 1479 1477 hoc
1514 1421 1931 1477 manifestantur
1962 1421 2097 1478 falso

509 1510 812 1580 loquentes.
851 1511 921 1567 Ut
966 1513 1111 1567 enim
1140 1527 1319 1567 sermo
1364 1513 1676 1582 praecedens
1700 1515 1955 1580 ostendit,
1988 1513 2092 1570 Ne-

513 1604 715 1657 storius
740 1612 796 1657 et
832 1604 1103 1675 Eutychcs
1130 1605 1201 1659 ab
1223 1604 1449 1659 invicem
1476 1604 1751 1674 impietate
1798 1606 2094 1672 variantur,

513 1703 570 1750 et
601 1695 969 1751 irrationabile
997 1709 1058 1751 ac
1088 1695 1418 1766 superﬂuum
1444 1708 1530 1752 est
1568 1696 1875 1767 huiusmodi
1907 1711 2096 1753 eorum

515 1795 819 1842 commeatu
828 1802 899 1842 ω.

1006 1876 1243 1935 TOMUS
1284 1876 1603 1937 TERTIUS.

908 1987 1237 2059 Epiphanius
1265 1989 1518 2044 diaconus
1544 1990 1664 2062 legit
1693 2006 1713 2047 :

521 2090 529 2103 ’
588 2102 656 2156 Et
682 2088 806 2172 quia
834 2102 888 2156 in
914 2102 1084 2173 spinis
1112 2114 1347 2170 arantes,
1377 2105 1444 2159 ab
1469 2105 1780 2176 apostolicis
1802 2107 2105 2166 seminibus

518 2184 692 2246 aliena
741 2191 1043 2261 profantur,
1093 2201 1151 2249 et
1193 2193 1567 2250 luereticorutn
1612 2197 1940 2252 zizaniorum
1982 2213 2104 2269 ger-n

518 2280 665 2352 mina
709 2279 1059 2346 fructificant,
1090 2282 1156 2336 ad
1202 2298 1298 2338 eos
1341 2283 1601 2341 Dominus
1643 2301 1741 2355 per
1782 2288 2101 2358 prophetam

518 2370 763 2423 clamat:
809 2370 1054 2425 Pastores
1083 2370 1236 2425 multi
1278 2383 1619 2442 corruperunt
1665 2375 1869 2429 vineam
1907 2392 2103 2443 meam,

518 2460 749 2515 demoliti
795 2471 916 2515 sunt
966 2462 1257 2530 portionem
1303 2480 1472 2518 meum
1521 2463 1655 2536 (Jer.
1688 2467 1817 2537 xu),
1867 2466 1982 2523 haec
2021 2468 2107 2522 di-

519 2556 705 2606 centes
737 2564 752 2600 :

526 2630 529 2714 ί
929 2634 1208 2710 Gregorius
1232 2640 1500 2713 episcopus
1525 2641 1647 2714 legit
1670 2659 1690 2699 .'

597 2768 615 2800 ι
652 2746 806 2805 Unde
827 2739 1035 2818 justum
1056 2749 1306 2805 arbitrati
1329 2766 1535 2818 sumus,
1558 2741 1826 2809 subtiliter
1844 2769 1942 2825 per
1965 2770 2103 2826 pra!-

525 2859 544 2891 ι
583 2827 789 2895 sentem
813 2839 1179 2895 definitionem
1202 2850 1443 2897 nostram
1464 2844 1767 2910 ostendere,
1791 2846 1882 2915 qui
1903 2845 2107 2902 faciant

527 2951 544 2981 ι
579 2940 635 2985 et
659 2931 841 2985 colant
870 2944 1131 2986 errorem.
1175 2928 1427 2987 Omnium
1459 2932 1623 3002 igitur
1647 2934 1971 2990 deiferorum
2001 2935 2104 2991 Pa-

528 3039 545 3068 ι
585 3027 727 3072 trum
771 3027 827 3074 et
867 3027 1178 3073 sanctarum
1220 3033 1285 3074 ac
1333 3020 1719 3077 universalium
1752 3025 2101 3095 synodorum,

529 3123 545 3161 ι
582 3111 673 3179 qui
709 3125 896 3180 puram
931 3119 986 3164 et
1014 3111 1494 3168 incontaminatam
1523 3124 1577 3169 ct
1605 3113 1714 3170 Deo
1735 3129 2011 3190 acceptam
2040 3120 2104 3175 tl-

2191 592 2283 647 Dei
2318 594 2495 649 Verbi.
2526 594 2621 665 Et,
2650 604 2708 649 ut
2740 604 2980 666 apparet,
3024 607 3280 667 paternas
3305 614 3467 653 voces
3496 614 3758 668 nunquam

2191 682 2435 755 legerunt
2479 701 2687 756 :porro
2737 687 2781 741 si
2828 687 3093 758 legerunt,
3131 690 3461 745 transeundo
3509 689 3758 760 legerunt,

2190 783 2245 831 et
2294 790 2399 831 non
2447 778 2756 832 scrutando.
2822 776 3111 849 Deiloquus
3165 778 3458 850 Gregorius
3512 778 3765 833 interimit

2192 863 2350 921 inane
2378 865 2615 937 ipsorum
2650 878 3044 932 commentum,
3091 868 3163 923 ita
3198 867 3384 923 dicens
3406 866 3612 939 κοῖαι.
3650 866 3685 920 ε).
3711 868 3767 920 dc

2193 953 2358 1030 Filio)
2385 974 2399 1011 :
2429 955 2565 1013 Cum
2594 967 2799 1012 natum
2828 958 3057 1023 distent,
3091 973 3210 1013 cum
3244 957 3612 1013 intellectibus
3637 972 3763 1025 quo-

2192 1061 2298 1116 que
2342 1048 2655 1103 dividuntur
2699 1044 2843 1120 [Gr.,
2892 1047 3095 1102 distant
3136 1046 3575 1103 consideratione
3626 1044 3770 1099 intel-

2195 1138 2383 1203 lectus,
2407 1139 2566 1194 simul
2587 1137 2921 1210 dividuntur]
2946 1147 3001 1194 et
3022 1138 3237 1192 nomina
3267 1156 3280 1192 :
3305 1147 3359 1191 et
3383 1152 3579 1191 onmes
3603 1135 3767 1190 sancti

2193 1229 2385 1285 Patres
2427 1229 2597 1284 nostri
2642 1229 3008 1284 confusionem
3052 1244 3159 1283 non
3202 1228 3580 1290 admittentes,
3625 1241 3772 1295 sepa-

2196 1328 2342 1375 ratas
2387 1318 2575 1375 dicunt
2621 1318 2897 1373 intellectu
2934 1317 3070 1373 duas
3111 1328 3329 1372 naturas
3369 1316 3585 1371 ratione
3630 1313 3771 1371 dide-

2195 1410 2402 1477 rcntite,
2432 1402 2554 1466 non
2613 1409 2913 1466 divisionis.
2962 1408 3130 1481 igitur
3178 1416 3273 1463 aut
3314 1407 3497 1476 ignota
3550 1416 3637 1462 est
3676 1406 3771 1459 illis

2195 1500 2360 1557 etiam
2405 1500 2461 1556 in
2496 1501 2599 1556 hoc
2636 1513 2766 1556 vera
2813 1500 3120 1571 dogmatum
3161 1497 3395 1568 agnitio,
3442 1504 3539 1550 aut
3580 1495 3773 1552 calum-

2196 1592 2416 1649 niantur
2464 1601 2681 1650 sanctos
2724 1592 2917 1648 Patres
2965 1600 3213 1657 nostros,
3255 1589 3398 1661 quod
3446 1589 3597 1643 nullo
3627 1587 3772 1642 modo

2199 1683 2378 1740 dicant
2397 1682 2716 1739 divisionem
2744 1682 2797 1738 in
2824 1683 3050 1737 duarum
3080 1690 3392 1735 naturarum
3414 1679 3660 1734 unitione
3676 1679 3772 1732 dis-

2197 1776 2535 1847 pensationis
2559 1775 2782 1832 Christi.
2823 1775 2889 1830 Et
2936 1774 3219 1830 Nestorins
3252 1771 3472 1844 quidem
3509 1771 3670 1825 rebus
3696 1768 3770 1823 di-

2126 1860 2173 1922 B
2202 1867 2334 1923 vidit
2360 1875 2606 1933 naturas,
2652 1867 2838 1924 dicens
2865 1866 3094 1921 alterum
3137 1864 3232 1919 Dei
3264 1861 3525 1927 Verbum,
3556 1874 3614 1915 et
3654 1861 3770 1914 alte-

2200 1974 2321 2015 rum
2347 1974 2472 2016 eum
2493 1960 2585 2030 qui
2610 1969 2696 2015 est
2720 1974 2788 2013 ex
2817 1957 3056 2030 Virgine,
3079 1956 3133 2011 in
3157 1956 3428 2012 hominem
3454 1953 3772 2025 specialiter,

2200 2049 2336 2106 etin
2368 2049 2534 2104 Deum
2578 2049 2902 2119 specialiter.
2944 2047 3217 2128 Catholica
3249 2062 3377 2101 vero
3414 2044 3659 2100 Ecclesia
3702 2045 3775 2097 iu-‘

2200 2137 2424 2195 confuse
2456 2139 2706 2194 confessa
2744 2138 3062 2200 unitionem,
3114 2135 3387 2191 intellectu
3429 2133 3549 2189 solo
3595 2132 3772 2187 dividit

2201 2240 2425 2287 naturas
2449 2230 2697 2297 indivise,
2729 2244 2893 2284 unum
2918 2228 3275 2297 eumdemque
3300 2224 3552 2281 confessa
3577 2224 3773 2278 Emma«

2202 2322 2327 2379 nttel
2360 2323 2521 2378 etiam
2550 2332 2671 2393 post
2697 2321 3015 2378 unitioncm.
3044 2317 3213 2374 Porro
3239 2315 3493 2386 iniuriam
3518 2316 3777 2387 Spirantcs

2203 2414 2257 2469 in
2287 2414 2400 2469 suis
2427 2413 2597 2481 nasis,
2628 2411 2862 2469 efferunt
2888 2430 2901 2468 :

2597 2521 2877 2595 Gregorius
2916 2521 3185 2593 episcopus
3221 2518 3392 2592 legit:

2278 2661 2297 2695 α
2346 2642 2479 2710 Quis
2526 2648 2612 2697 est
2644 2641 2952 2703 insensatus
2987 2638 3291 2695 intellectus
3338 2638 3464 2693 vani
3511 2636 3786 2707 scriptoris

2208 2755 2226 2788 ι
2276 2731 2572 2808 [pictoris],
2600 2743 2820 2805 propter
2855 2731 3106 2787 lrivolum
3146 2739 3201 2787 et
3233 2739 3388 2801 turpe
3428 2730 3646 2789 lucrum
3683 2740 3787 2785 stu-

2209 2846 2229 2881 t
2269 2827 2447 2883 dentis
2477 2826 2621 2897 quod
2649 2824 2855 2881 studeri
2883 2839 2987 2880 non
3016 2822 3225 2896 potest?
3264 2823 3449 2886 idest,
3481 2823 3652 2879 corde
3677 2836 3787 2876 cre-

2209 2934 2230 2968 ι
2269 2915 2382 2972 dita
2421 2924 2479 2971 et
2517 2915 2629 2972 oris
2654 2912 2992 2971 confessione
3035 2911 3247 2984 prolata
3291 2911 3552 2966 manibus
3582 2909 3793 2981 pollutis

2210 3026 2230 3059 ς
2272 3005 2527 3062 formare.
2560 3024 2586 3056 ιλ

2598 3115 2926 3188 Epiphanius
2964 3114 3217 3170 diaconus
3245 3113 3389 3185 legit.

529 3220 545 3250 ⁶
583 3201 703 3301 [[ωη
729 3211 784 3301 ξξι
808 3199 1201 3301 οοξιῖξδδδίοξκῖιξῖ
1234 3211 1475 3301 ξιοείτθιη
1498 3204 1572 3259 ita
1594 3206 1930 3263 ιτεδίάθτυηι
1960 3208 2102 3282 [δν-ν
2131 3217 2176 3280 C
2276 3228 2568 3301 Apoplexia
2597 3227 2810 3283 esthoc
2840 3225 3022 3281 dicere
3051 3223 3137 3280 vel
3161 3222 3367 3280 sentire
3397 3241 3416 3276 :.
3444 3236 3627 3293 neque
3652 3221 3798 3277 enim

529 3311 545 3342 ι
585 3288 848 3347 Omnibus
877 3291 1038 3362 igitur
1068 3291 1304 3357 deiferis,
1325 3302 1458 3360 etc.,
1486 3308 1676 3364 puram
1698 3306 1752 3351 ct
1777 3297 2102 3356 incontami-

529 3403 546 3439 ς
582 3393 764 3438 natam
801 3381 1184 3456 tradentibus],
1234 3392 1293 3440 ut
1335 3385 1539 3440 nullum
1577 3387 1795 3442 modum
1826 3389 2105 3448 divisionis

529 3497 547 3525 ι
586 3475 669 3529 vel
699 3472 1034 3530 confusionis
1058 3475 1394 3547 excogitaret
1442 3476 1639 3547 aliquis
1666 3477 1718 3533 in
1747 3479 1892 3534 illam
1920 3480 2107 3537 inetia-

527 3583 545 3613 ι
588 3563 747 3617 bilem
798 3573 853 3617 et
898 3563 1134 3633 ignotam
1172 3564 1491 3632 unitionem,
1530 3581 1651 3637 quae
1692 3582 1854 3640 super
1887 3584 2103 3628 omnem

529 3676 547 3710 ι
579 3671 802 3712 sensum
831 3667 888 3711 et
927 3657 1308 3728 cogitationem
1355 3669 1461 3726 est,
1505 3661 1732 3716 duarum
1772 3663 1980 3720 scilicet
2006 3681 2107 3736 per

528 3768 546 3797 ι
584 3748 986 3803 subsistentiam
1016 3757 1332 3805 naturarum
1369 3751 1526 3807 unice
1554 3752 1938 3812 demonstratae
1982 3771 2106 3827 per-

527 3859 551 3891 ι
584 3854 749 3896 ξοιιεὲ.
790 3859 809 3892 ι

909 3930 1238 4003 Epiphanius
1265 3934 1519 3990 diaconus
1542 3935 1663 4007 legit
1693 3952 1713 3992 :

593 4042 734 4099 Vere
776 4058 931 4098 suum
975 4059 1217 4101 errorem
1265 4047 1620 4103 ostenderunt
1669 4049 1939 4106 subtiliter
1966 4067 2101 4109 vana

521 4136 818 4206 sapientes.
868 4134 1132 4192 Omnibus
1155 4138 1300 4192 enim
1342 4139 1544 4194 sanctis
1587 4138 1839 4197 Pultibus
1880 4145 2101 4212 nostris,

519 4226 611 4295 qui
635 4225 687 4279 in
710 4225 914 4280 sanctis
939 4240 1030 4280 sex
1055 4226 1448 4283 universalibus
1469 4230 1689 4301 synodis
1711 4244 2102 4303 convenerunt,

520 4315 855 4371 venerabiles
884 4315 1144 4388 imagines
1169 4318 1343 4387 pictas
1377 4319 1430 4373 in
1481 4323 1685 4378 sanctis
1713 4325 1923 4395 templis
1947 4336 2003 4382 et
2045 4327 2100 4383 in

517 4404 638 4461 aliis
659 4407 1083 4477 ceugruentibus
1122 4408 1256 4465 locis
1285 4410 1685 4469 stabilientibus
1725 4423 1781 4470 et
1805 4417 2101 4488 suscipien-

519 4498 661 4554 tibus
696 4499 818 4565 bas,
849 4499 948 4570 ipsi
979 4500 1403 4571 reprobavernnt
1422 4519 1519 4575 per
1538 4506 1799 4576 quasdam
1828 4508 2100 4566 falsidicas

516 4592 865 4661 ratiunculas,
887 4608 1125 4648 errorem
1147 4595 1404 4660 dicentes,
1429 4605 1484 4652 et
1502 4597 1856 4655 idololatriatn
1874 4601 2100 4658 alteram

514 4689 711 4748 praeter
735 4683 1087 4740 daemonicam
1112 4685 1470 4757 subrogantes
1495 4706 1508 4742 :
1533 4698 1588 4743 et
1613 4690 1747 4746 duas
1775 4706 1860 4747 res
1881 4692 2102 4748 sibimet

515 4775 866 4832 adversantes
912 4791 1017 4830 non
1068 4778 1440 4834 discreverunt
1484 4782 1553 4837 ab
1599 4782 1849 4839 invicem.
1896 4784 2096 4840 Eorum

514 4867 656 4920 enim
681 4882 800 4936 qua:
824 4868 892 4923 ad
920 4867 1149 4939 gloriam
1177 4869 1375 4925 Christi
1403 4870 1497 4926 Dei
1527 4874 1721 4941 nostri,
1748 4881 1804 4930 et
1831 4889 2099 4931 rememo-

516 4957 780 5010 rutionem
823 4958 875 5011 in
917 4972 1082 5012 carne
1109 4960 1537 5016 conversationis
1565 4961 1683 5031 ejus
1712 4973 1923 5034 patrata
1949 4974 2096 5033 sunt,

515 5054 569 5099 et
594 5059 780 5099 eorum
811 5061 931 5115 qua:
954 5059 1176 5118 propter
1198 5048 1425 5119 gloriam
1456 5059 1511 5105 et
1556 5054 1873 5110 memoriam
1899 5056 2098 5112 daemo-
2125 5074 2129 5081 ί

515 5135 729 5189 niorum
754 5152 783 5189 a
813 5138 1038 5206 paganis
1066 5149 1123 5195 et
1145 5141 1465 5209 quibusdam
1511 5143 1710 5200 Judteis
1749 5146 1840 5216 qui
1891 5145 1971 5201 eis
2008 5147 2098 5203 de-
2130 5156 2133 5159 λ

515 5226 777 5292 serviunt,
801 5227 942 5282 facta
964 5239 1113 5297 sunt,
1139 5247 1301 5286 unam
1329 5242 1385 5288 et
1400 5236 1648 5291 eamdem
1676 5236 2095 5295 nominationem

514 5332 610 5372 ore
635 5333 735 5372 suo
762 5319 1152 5377 circumferunt
1169 5364 1183 5391 ,
1212 5333 1265 5379 et
1295 5327 1579 5396 scriptura:
1606 5330 1819 5385 tradere
1845 5345 1949 5385 non
1973 5340 2100 5386 sunt

515 5408 761 5474 reveriti,
792 5409 1081 5466 miscentes
1108 5427 1228 5482 quae
1258 5415 1470 5472 misceri
1500 5434 1605 5474 non
1650 5427 1899 5491 possunt,
1925 5428 1979 5475 et
2005 5436 2100 5477 ex-

516 5507 769 5550 cnsantes
792 5501 1169 5550 excusationes
1200 5505 1252 5550 in
1287 5509 1535 5550 mantia.
1577 5509 1861 5550 Πίυἰαῖηηία
1887 5520 1936 5550 nl
1972 5527 2099 5550 nnn.

2206 3318 2310 3375 viri
2339 3316 2621 3388 prudentis
2644 3323 2728 3371 est
2750 3314 2969 3386 culpare
2999 3312 3369 3384 inculpabilcs.
3399 3310 3539 3367 Nam
3569 3326 3692 3383 qua:
3714 3322 3795 3365 est

2205 3425 2393 3467 eorum
2418 3407 2624 3464 sinistri
2644 3406 2910 3463 sermonis
2929 3402 3276 3476 excogitatio,
3300 3404 3418 3459 htec
3432 3402 3798 3459 deliramenta-

2207 3501 2537 3574 intelligeudi
2564 3501 2620 3556 in
2661 3499 2905 3556 ecclesia:
2932 3498 3125 3555 dicatis
3155 3498 3350 3554 rebus?
3372 3496 3433 3553 Si
3466 3497 3515 3553 is
3539 3498 3638 3568 qui
3680 3496 3784 3566 pin-

2207 3596 2307 3668 git,
2332 3602 2557 3665 propter
2588 3600 2744 3662 turpc
2785 3590 2995 3646 lucrum
3039 3589 3252 3645 dicatur
3291 3588 3581 3659 imaginari
3613 3586 3783 3642 Domi-

2209 3701 2336 3741 nmn
2360 3693 2615 3740 nostrum
2637 3682 2932 3738 secundum
2955 3679 3098 3750 quod
3127 3678 3288 3734 homo
3312 3678 3588 3749 perfectus
3624 3678 3785 3733 factus

2206 3786 2315 3843 est,
2345 3782 2400 3831 et
2437 3782 2655 3831 sanctos
2683 3773 2801 3843 ejus
2832 3789 2846 3828 :
2885 3778 3100 3842 oportet
3133 3769 3253 3825 illos
3281 3768 3445 3823 etiam
3479 3768 3571 3839 qui
3611 3768 3798 3824 divina

2207 3868 2496 3940 Evangelia
2528 3866 2796 3931 scribunt,
2828 3864 3094 3930 incusare,
3130 3873 3185 3918 et
3208 3876 3301 3917 eos
3327 3861 3416 3931 qui
3449 3876 3670 3917 crucem
3696 3875 3783 3932 per

2207 3962 2418 4018 colores
2441 3967 2693 4026 exarant,
2725 3956 2921 4014 stultos
2941 3956 3177 4027 pictores
3200 3954 3473 4025 appellare
3502 3970 3569 4008 ac
3612 3955 3801 4009 dicerc‘

2207 4052 2353 4124 quod
2379 4059 2787 4123 propter'turpe
2816 4048 3029 4104 lucrum
3075 4047 3182 4102 hoc
3214 4045 3439 4102 faciant.
3479 4046 3691 4117 Ergone
3732 4054 3782 4100 et

2208 4146 2361 4210 faber
2388 4145 2480 4217 qui
2506 4156 2724 4199 crucem
2760 4140 2913 4206 facit,
2939 4138 3182 4194 stultitia:
3207 4138 3506 4194 fabricator
3541 4138 3779 4193 nomina-

2208 4239 2385 4303 bitur;
2416 4245 2472 4291 et
2512 4236 2745 4290 latomus
2772 4247 3015 4289 mensam
3045 4232 3292 4287 sanctam
3329 4229 3579 4286 incidens
3604 4239 3661 4285 et
3683 4226 3782 4283 for-

2207 4343 2385 4403 mans,
2416 4326 2658 4383 stultitiae
2681 4324 2916 4381 latomus
2957 4332 3077 4389 est;
3111 4330 3167 4377 et
3195 4319 3428 4387 aurifex,
3457 4331 3513 4377 et
3542 4330 3779 4393 argenta-

2208 4423 2343 4488 rius,
2372 4428 2428 4475 et
2459 4427 2637 4474 textor
2665 4416 2950 4474 similiter?
2988 4416 3172 4486 Itaque
3202 4416 3356 4487 juxta
3390 4415 3611 4471 illorum
3641 4427 3797 4470 τωο.

2206 4513 2352 4566 niam
2383 4508 2635 4579 discessit
2676 4507 2855 4563 omnis
2899 4505 3180 4575 disciplina
3226 4514 3281 4560 et
3308 4521 3399 4561 ars
3443 4521 3475 4560 a
3508 4505 3622 4562 Deo
3663 4505 3777 4560 data

2208 4610 2319 4657 tant
2346 4599 2412 4654 ad
2441 4598 2668 4670 gloriam
2694 4613 2869 4662 suam,
2901 4612 3063 4666 quam
3091 4597 3157 4651 ad
3182 4607 3383 4653 statum
3407 4599 3535 4653 vita:
3566 4606 3775 4654 nostne.

2203 4696 2271 4749 Et
2298 4695 2426 4765 quia
2443 4702 2707 4748 venerunt
2733 4692 2785 4745 in
2811 4691 3128 4762 ignorantia:
3147 4704 3209 4745 ac
3232 4690 3584 4761 malignitatis
3608 4705 3779 4762 super-

2202 4787 2487 4851 ﬂuitatem,
2540 4800 2606 4839 ex
2657 4783 2835 4840 divina
2880 4783 3160 4853 Setiptura
3203 4791 3261 4838 et
3294 4783 3500 4839 sanctis
3539 4782 3780 4837 Patribus

2201 4877 2403 4932 nostris
2433 4876 2654 4932 audiant
2681 4874 2885 4930 laudari
2916 4874 3235 4944 sapientiam
3274 4886 3394 4943 qua:
3423 4876 3549 4928 data
3581 4883 3665 4929 est
3692 4890 3776 4927 aa-

2201 4976 2335 5021 tunc
2383 4973 2583 5021 nostra:
2625 4979 2723 5034 per
2765 4977 3017 5033 magnum
3065 4962 3310 5017 datorem
3344 4961 3513 5016 Deum
3550 4956 3657 5031 qui'
3686 4958 3803 5016 nos

2200 5057 2462 5122 cundidit,
2489 5065 2545 5111 et
2585 5055 2801 5125 quidem
2846 5052 2946 5109 Job
2977 5052 3043 5108 de
3082 5052 3193 5108 Deo
3221 5060 3575 5106 asseverante
3607 5070 3622 5106 :
3653 5051 3774 5119 Quis

2202 5149 2349 5204 dedit
2394 5148 2710 5203 mulieribus
2739 5157 2965 5203 texturae
3010 5144 3372 5217 sapientiam?
3403 5143 3527 5216 (Job
3554 5162 3772 5211 nunt,

2200 5253 2303 5292 sec.
2332 5237 2517 5309 LXX.)
2557 5238 2745 5293 Divina
2772 5253 2987 5307 quoque
3028 5236 3309 5307 Scriptura
3343 5245 3576 5292 testatur
3603 5238 3772 5292 Domi-

2203 5341 2329 5385 num
2359 5330 2574 5386 dedisse
2602 5330 2925 5402 sapientiam
2952 5330 3188 5385 Beseleel
3211 5331 3263 5384 in
3288 5344 3506 5384 omnem
3537 5328 3773 5383 fabrilem

2151 5453 2160 5461 -
2203 5420 2562 5492 disciplinam,
2598 5423 2670 5477 ita
2703 5424 2891 5479 dicens
2920 5440 2932 5475 :
2965 5419 3077 5493 Ego
3101 5421 3277 5476 vocavi
3306 5436 3370 5475 ea:
3399 5422 3609 5474 nomine
3631 5417 3777 5473 Besso

2203 5512 2300 5550 In!
2329 5513 2489 5550 ilium
2523 5511 2642 5550 Πνὶὅ
2669 5514 2761 5550 ΙίΙεὶ
2793 5512 2870 5550 ns
2896 5514 2959 5550 Αρ
2982 5514 3115 5550 ινει...
3158 5513 3288 5550 ΙηΑη
3321 5531 3333 5542 ο
3354 5524 3401 5550 αι
3432 5514 3641 5550 ὅιιηιιηί
3667 5528 3774 5550 η-
