3980 6296
229 393 322 452 397

938 387 1493 447 INTERPRETATIO
1531 389 1779 447 SYNODI
1819 389 1901 446 VII
1941 391 2347 452 GENEliALlS.
2389 428 2458 436 —
2497 399 2698 457 ACTIO
2735 402 2820 458 Vl.

3364 415 3467 468 393

224 521 267 564 et
320 511 611 562 diversitate
670 504 949 575 lignorum.
1001 505 1234 578 Dedique
1280 506 1328 560 ei
1373 506 1568 560 socium
1633 505 1784 559 Etiab
1815 514 1863 571 Α
1891 505 1957 560 Ει
1979 508 2274 564 secundum
2305 517 2558 566 naturam
2585 529 2692 584 qua
2722 515 2868 571 visus
2897 525 2996 583 est,
3029 519 3318 592 imaginem
3355 527 3471 594 ejus

219 603 376 672 ﬁlium
417 600 719 654 Achisamec
761 601 825 653 de
861 599 1000 652 tribu
1031 597 1170 653 Dan.
1216 595 1284 652 Et
1326 599 1380 652 in
1425 598 1580 652 corde
1615 599 1782 652 omnis

219 691 393 746 eruditi
432 691 584 758 posui
614 689 945 759 sapientiam,
975 698 1028 742 ut
1059 689 1255 758 faciant
1284 700 1470 742 cuncta
1495 705 1614 760 quia
1640 706 1775 760 pra:-

215 781 314 848 cepi
341 780 431 834 tibi
461 779 658 850 (Exod.
687 781 858 849 XXXI).
900 779 1105 846 Quibus
1133 794 1438 835 consonans
1463 780 1776 850 Gregorius,

215 872 296 939 qui
342 869 538 924 multus
575 878 656 925 est
692 871 745 924 in
794 870 1084 941 theologia,
1135 870 1380 940 profatur
1427 870 1610 943 (Greg.
1641 871 1772 927 Naz.

215 962 350 1017 Orat.
374 963 487 1031 fuit.
513 962 568 1014 in
591 960 632 1016 S
656 960 845 1032 Basil.)
875 979 888 1015 :
919 962 984 1016 Et
1003 962 1280 1016 descendit
1301 963 1526 1031 spiritus
1543 963 1772 1027 Domini,

211 1064 256 1108 et
285 1054 492 1108 deduxit
529 1069 626 1108 eos
654 1071 667 1107 :
700 1063 754 1110 et
779 1053 1002 1124 spiritus
1027 1053 1324 1124 disciplina:
1366 1055 1590 1126 replevit
1615 1055 1776 1112 Bese-

210 1144 300 1199 leel
321 1145 617 1215 principem
649 1145 922 1200 fabrorum
953 1146 1308 1202 tabernaculi.
1335 1147 1478 1218 Ergo
1502 1150 1592 1219 qui
1620 1149 1778 1205 disci-

209 1239 365 1308 plinas
414 1240 531 1303 Dei,
580 1255 702 1310 qua:
748 1239 1053 1295 hominibus
1098 1240 1236 1296 datae
1280 1249 1428 1307 sunt,
1476 1242 1774 1312 depravant

210 1328 336 1404 [ϐω
374 1331 704 1405 vituperant]
742 1343 798 1388 et
834 1333 1253 1402 reprehendunt,
1287 1333 1544 1391 divinitus
1587 1351 1772 1406 repro-

206 1425 434 1480 batorum
463 1426 657 1482 lueresi
679 1427 1052 1483 connumerati
1082 1436 1138 1482 et
1157 1435 1352 1484 suntet
1377 1428 1650 1495 dicuntur,
1677 1430 1770 1485 ad-

204 1515 392 1581 dentes,
441 1517 738 1572 secundum
782 1517 925 1588 quod
969 1518 1250 1587 scriptum,
1282 1528 1562 1590 peccatum
1609 1525 1771 1591 super

203 1617 461 1678 peccatum
493 1607 632 1680 (lsa.
676 1609 856 1679 xxiii).
894 1607 957 1663 Hi
987 1624 1118 1680 ergo
1145 1609 1234 1679 qui
1283 1610 1522 1682 germani
1563 1619 1619 1666 et
1659 1625 1768 1666 non

204 1697 340 1751 nothi
375 1696 528 1753 stolis
559 1697 775 1753 amicta:
812 1713 1026 1769 sponsae
1053 1699 1275 1764 Christi,
1305 1707 1359 1755 et
1388 1701 1651 1756 maculam
1682 1703 1766 1758 vel

202 1803 369 1858 rugam
406 1804 511 1845 non
568 1789 842 1856 habentis,
891 1791 1170 1847 catholica:
1221 1791 1468 1847 videlicet
1509 1793 1766 1850 Ecclesiae

202 1879 281 1934 lilii
305 1891 448 1947 sunt,
478 1881 577 1938 soli
605 1881 717 1938 Deo
744 1882 1079 1938 rationabilia
1109 1883 1373 1940 sacriﬁcia
1395 1893 1450 1939 et
1475 1885 1764 1942 servitutes

198 1969 484 2037 oﬁ‘erentes,
514 1988 620 2044 per
657 1973 922 2029 visibilem
963 1987 1184 2030 sensum
1229 1975 1498 2030 intuentes
1537 1991 1764 2056 venera—

199 2060 340 2116 bilem
366 2061 660 2135 imaginem
687 2064 914 2129 Christi,
945 2071 1004 2118 et
1039 2064 1255 2134 proprie
1281 2079 1347 2120 ac
1373 2066 1641 2121 veraciter
1668 2067 1762 2122 do-

197 2151 338 2206 uiuae
381 2163 583 2210 nostra:
626 2165 827 2210 sanctae
870 2155 963 2211 Dei
1007 2155 1308 2227 genitricis,
1343 2166 1761 2227 sanctorumque

195 2242 482 2313 angelontm
501 2255 557 2300 et
579 2247 823 2302 omnium
851 2255 1182 2312 sanctorum,
1211 2248 1639 2315 sanctiﬁcantur,
1663 2264 1760 2320 per

193 2336 602 2393 recordationem
639 2338 832 2394 horum
880 2348 1114 2396 mentem
1156 2355 1310 2396 suam
1349 2339 1660 2408 informant,
1704 2351 1758 2397 et

192 2427 336 2482 corde
380 2429 432 2484 in
460 2445 630 2484 unum
664 2430 832 2486 Deum
871 2433 1103 2487 credunt
1141 2433 1208 2488 ad
1249 2432 1536 2502 justitiam,
1579 2441 1635 2488 et
1662 2448 1758 2488 ore

191 2518 494 2575 conﬁtentur
514 2521 592 2576 ad
615 2520 842 2578 salutem
871 2522 1050 2594 (Rom.
1074 2523 1150 2592 χ).
1193 2523 1454 2579 Similiter
1495 2534 1550 2580 et
1580 2525 1756 2580 Evan-

188 2609 366 2682 gelinm
390 2611 702 2684 audientes,
716 2604 1056 2669 auditorium
1077 2629 1300 2670 sensum
1324 2616 1756 2673 sanctiﬁcatione

189 2712 246 2753 ac
263 2700 424 2770 gratia
466 2700 702 2772 replent,
740 2711 800 2758 et
840 2703 1004 2759 corde
1053 2703 1362 2776 intelligunt
1398 2720 1588 2762 eorum
1633 2722 1754 2776 qua:

187 2793 364 2860 scripta
389 2802 516 2849 sunt
537 2794 929 2851 narrationem.
955 2793 1156 2851 Deinde
1198 2791 1402 2852 frustra
1428 2793 1596 2852 inﬂati
1625 2796 1754 2867 quid

185 2881 353 2938 aiunt?
1033 2951 1040 2958 ι

581 2973 860 3047 Gregorius
893 2976 1159 3047 episcopus
1189 2975 1308 3048 legit
1341 2990 1362 3029 :

249 3104 266 3140 ι
306 3085 456 3144 Fecit
477 3087 631 3144 enim
653 3087 758 3144 iste
802 3086 927 3142 talis
965 3087 1276 3159 imaginem,
1321 3088 1605 3144 nominans
1628 3103 1748 3145 eam

188 3196 203 3229 |
242 3177 502 3236 Christum
526 3194 549 3237 :
587 3188 645 3237 et
671 3189 756 3236 est
784 3195 978 3236 nomen
1009 3181 1150 3250 quod
1181 3191 1266 3236 est
1299 3181 1568 3247 Christus,
1606 3181 1747 3237 Deus

187 3286 202 3318 α
241 3278 290 3324 et
325 3269 522 3326 homo.~
555 3269 700 3341 Ergo
723 3277 780 3324 et
821 3269 1004 3340 imago
1038 3269 1133 3324 Dei
1163 3277 1218 3324 et
1264 3270 1516 3325 hominis.
1558 3270 1742 3340 Itaque

187 3378 206 3409 ο
237 3369 322 3416 aut
343 3359 792 3430 circumscripsit,
817 3359 1112 3415 secundum
1141 3360 1286 3429 quod
1325 3359 1500 3415 visum
1528 3371 1626 3417 est.
1647 3376 1744 3416 va-

185 3470 200 3502 ι
237 3453 378 3509 nitati
406 3469 543 3521 sate,
585 3454 1202 3524 incircumscriptionem
1238 3454 1457 3510 deitatis
1498 3456 1738 3511 circum-

184 3562 200 3592 ι
235 3545 516 3614 scriptione
565 3553 762 3600 create
789 3545 1002 3612 carnis;
1036 3555 1128 3600 aut
1167 3544 1411 3601 confudit
1449 3545 1742 3601 inconfusi-

183 3650 199 3683 ι
235 3634 382 3691 bilem
425 3637 730 3692 unitiouem
777 3636 922 3691 illam
951 3677 968 3702 ,
1021 3635 1354 3692 confusionis
1401 3637 1736 3706 iniquitatem

182 3740 198 3772 ι
236 3723 544 3791 incurrens;
577 3725 713 3781 duas
741 3725 1103 3796 blasphemias
1128 3740 1195 3780 ex
1226 3725 1328 3778 hoc
1355 3723 1543 3778 deitati
1571 3725 1738 3794 appli-

182 3836 196 3867 ι
235 3835 354 3875 caus
383 3836 481 3891 per
516 3817 1078 3890 circumscriptionem
1113 3827 1168 3872 et
1193 3814 1586 3871 confusionem.
1617 3815 1735 3871 Eis-

181 3929 197 3962 ι
237 3913 345 3968 dem
373 3929 503 3984 ergo
540 3922 595 3969 et
625 3914 670 3970 is
705 3913 798 3984 qui
824 3911 1087 3975 adoravit,
1127 3907 1473 3980 blasphemiis
1507 3907 1734 3963 submit-

180 4019 195 4051 ι
238 4005 356 4058 titur
387 4023 400 4058 :
431 4017 486 4061 et
521 4022 601 4060 va:
625 4007 870 4075 utrisque
899 4002 1198 4067 consimile,
1249 4001 1374 4073 quia
1435 4016 1556 4056 cum
1608 4001 1736 4058 Ario

180 4111 194 4142 ι
232 4101 281 4148 et
310 4095 568 4151 Dioscoro
609 4105 664 4152 et
707 4095 948 4168 Eutyche
973 4101 1136 4165 atque
1173 4109 1296 4150 cum
1341 4092 1734 4165 Accphalorum

178 4200 195 4234 ι
232 4181 407 4241 δίετεδί
432 4194 775 4241 erraverunt.
811 4203 830 4235 ι

1774 3223 1818 3284 C

543 4319 869 4394 Epiphanius
900 4323 1152 4380 diaconus
1188 4322 1343 4394 legit:

227 4435 337 4495 Non
376 4447 462 4495 est
499 4438 770 4510 pictorum
815 4437 1128 4494 adinventio
1154 4437 1446 4507 imaginum
1499 4435 1729 4503 factura,

174 4527 252 4581 sed
275 4529 546 4586 catholicae
575 4529 830 4586 Ecclesia:
856 4527 1220 4600 approbabilis
1245 4527 1510 4599 legislatio
1535 4538 1590 4582 et
1621 4537 1729 4583 tra-

171 4617 288 4674 ditio
313 4635 329 4674 :
357 4630 519 4692 atque
546 4620 856 4691 antiquitati
881 4634 1182 4691 congruens
1205 4620 1510 4676 reverentia
1534 4635 1728 4675 secun-

172 4710 280 4765 dum
302 4697 538 4768 divinum
563 4713 818 4768 Basilium
843 4712 946 4784 (De
972 4710 1176 4783 Spiritu
1195 4721 1376 4768 sancto
1400 4711 1467 4766 ad
1489 4712 1725 4783 Amphil.

174 4803 414 4878 rap.29).
456 4805 847 4862 Testimonium
899 4805 1147 4877 perbibet
1191 4806 1304 4877 ipsa
1355 4819 1536 4859 rerum
1590 4805 1728 4861 anti-

173 4898 330 4966 quitas
385 4908 441 4954 et
493 4898 685 4969 spiritu
751 4899 1090 4954 inductorum
1145 4905 1359 4968 patrum
1402 4907 1728 4953 -nostrorum

172 4985 416 5053 doctrina,
441 4986 569 5058 quia
598 4987 841 5043 videntes
867 4985 966 5042 ha's
988 4986 1042 5041 in
1069 4985 1470 5041 venerabilibus
1493 4986 1727 5057 templ's,

173 5073 382 5132 libenter
415 5086 766 5148 susceperunt
799 5093 813 5132 :
839 5085 896 5134 et
927 5077 1028 5147 ipsi
1055 5075 1382 5132 venerabilia
1411 5075 1605 5146 templa
1637 5077 1730 5132 de-

175 5165 416 5235 dicantes,
468 5170 566 5224 has
611 5169 832 5240 pingere
877 5168 1229 5232 studuerunt;
1285 5167 1337 5221 in
1381 5168 1576 5236 quibus
1620 5169 1730 5224 Deo

176 5265 372 5327 accepta
419 5268 543 5314 vota
598 5274 695 5314 sua
744 5268 800 5314 et
845 5259 1128 5315 incruenta
1181 5256 1452 5314 sacriﬁcia
1501 5257 1730 5312 Domino

174 5356 468 5402 cunctorum
517 5348 628 5404 Deo
670 5349 1000 5405 obtulerunt.
1039 5349 1208 5418 Igitur
1247 5361 1436 5405 eorum
1471 5356 1555 5403 est
1582 5349 1728 5418 inge-

175 5435 306 5491 nium
331 5447 386 5493 et
411 5439 650 5505 traditio,
675 5447 731 5494 et
759 5453 865 5495 non
898 5440 1153 5510 pictoris;
1201 5453 1328 5494 nam
1354 5437 1576 5510 pictoris
1613 5437 1725 5493 sola

175 5541 256 5583 ars
276 5539 357 5584 est
382 5549 398 5584 :
431 5531 711 5602 dispositio
739 5529 1082 5586 manifestum
1107 5539 1193 5586 est
1221 5530 1366 5600 quod
1394 5531 1467 5586 sit
1508 5537 1728 5584 sancto—

174 5628 281 5670 rum
309 5628 518 5688 patrum
561 5621 656 5691 qui
703 5621 1110 5677 dedicaverunt.
1155 5619 1360 5676 Nome‘n
1409 5630 1589 5675 autem
1621 5635 1730 5690 quo

175 5704 408 5766 Christus
423 5711 635 5778 dicitur,
660 5714 920 5768 indicium
942 5713 1255 5769 estdeitatis
1278 5723 1334 5769 et
1354 5714 1726 5780 humanitatis,

177 5797 384 5855 duarum
409 5802 648 5866 videlicet
671 5804 1034 5874 perlectarum
1057 5804 1358 5863 Salvatoris
1385 5816 1722 5869 naturarum.

1757 4571 1806 4630 Ι)

1884 595 2176 652 Christiani
2225 599 2448 670 pingere
2497 614 2622 658 sunt
2670 605 2867 670 edocti,
2915 618 2970 664 et
3015 623 3122 666 non
3172 617 3466 670 secundum

1883 702 2046 756 quam
2096 689 2381 747 invisibilis
2427 703 2546 748 erat
2583 712 2597 747 :
2644 697 2761 766 ipsa
2799 699 2944 755 enim
2993 701 3492 778 incircumscripta.

1882 789 1985 834 est.
2020 781 2186 837 Deum
2213 786 2412 855 quippe
2441 802 2601 843 nemo
2631 790 2763 845 vidit
2803 807 3058 863 unquam,
3081 809 3152 850 ex
3175 796 3466 868 Evangelio

1881 868 2063 939 (Joan.
2094 871 2134 942 ι)
2168 874 2493 932 audivimus.
2542 877 2784 935 Humana
2833 898 2963 953 ergo
3005 896 3197 941 natura
3249 888 3468 945 Christo

1879 960 2113 1030 depicto,
2163 963 2372 1021 scilicet
2411 966 2572 1036 juxta
2623 973 2765 1041 quod
2795 975 2998 1031 veritas
3054 978 3464 1044 demonstravit,

1877 1054 2170 1109 secundum
2195 1071 2390 1112 nomen
2419 1067 2623 1116 tantum
2651 1061 2942 1119 Christiani
2971 1067 3299 1124 conﬁtentur
3319 1087 3466 1125 com-

1876 1143 2152 1199 niunicare
2198 1145 2482 1218 imaginem
2517 1151 2566 1213 ei
2597 1153 2742 1222 quod
2780 1156 3078 1227 principale
3105 1167 3208 1224 est,
3256 1171 3312 1216 et
3355 1178 3464 1217 non

1874 1233 2170 1288 secundum
2206 1236 2588 1295 substantiam.
2622 1241 2724 1312 Ipsi
2754 1253 2934 1300 autem
2960 1247 3144 1303 stolidi
3175 1249 3352 1308 eﬁ‘ecti
3381 1254 3463 1307 iii-

1872 1320 2214 1382 diﬂ‘erentem
2275 1327 2462 1386 dicunt
2511 1345 2632 1390 esse
2689 1333 3002 1406 imaginem
3028 1352 3085 1394 et
3139 1342 3460 1413 principale,
3517 1393 3532 1403 .

1873 1421 2038 1482 atque
2086 1414 2140 1470 in
2175 1416 2299 1473 aliis
2343 1420 2664 1478 substantiis
2713 1439 2837 1481 esse
2887 1427 3059 1498 ipsam
3102 1431 3460 1489 substantiam

1871 1499 2015 1572 [Gr.,
2049 1503 2104 1558 in
2150 1505 2272 1562 aliis
2301 1517 2356 1564 et
2396 1509 2518 1566 aliis
2545 1514 2866 1571 substantiis
2891 1533 3012 1576 esse
3041 1523 3285 1578 eamdem
3325 1527 3484 1582 sub--

1869 1596 2152 1671 Stantiani]
2188 1599 2456 1668 judicant.
2485 1603 2554 1659 Et
2583 1607 2706 1674 quis
2735 1621 2920 1665 eorum
2963 1627 3072 1668 non
3106 1614 3349 1672 derideat
3376 1618 3459 1673 iii-

1869 1688 2378 1760 disciplinationem,
2423 1696 2533 1752 imo
2556 1697 2739 1769 lugeat
2771 1701 3142 1772 impietatem?
3183 1707 3241 1761 In
3267 1724 3454 1778 repro-

1867 1778 1995 1835 bum
2016 1783 2216 1856 quippe
2229 1800 2449 1842 sensum
2469 1791 2716 1846 conversi
2743 1792 3040 1862 loquuntur
3057 1812 3178 1867 quae
3204 1815 3308 1854 non
3331 1815 3458 1856 cou-

1797 1865 1838 1923 li
1868 1871 2110 1938 veniunt,
2130 1873 2464 1931 confusionis
2481 1889 2700 1933 causam
2723 1878 2978 1954 [crimen]
3003 1865 3348 1943 susurrantes
3362 1889 3454 1943 ha-

1864 1960 1993 2016 bere
2013 1977 2110 2033 per
2131 1966 2516 2024 venerabilium
2546 1969 2839 2041 imaginum
2859 1974 3109 2031 effectum
3131 1978 3448 2042 Ecclesium.

1861 2060 1918 2105 et
1943 2054 2216 2124 applicare
2228 2071 2348 2112 eam
2371 2058 2640 2117 divinitati
2666 2063 3187 2139 circumscriptionis
3215 2073 3450 2140 speciem

1860 2157 2165 2206 asserentes
2189 2168 2202 2204 :
2229 2151 2527 2225 deindeque
2553 2155 2895 2226 iniquitatem
2927 2175 3090 2232 super
3111 2163 3448 2234 iniquitatem

1858 2247 2212 2305 apponentes,
2245 2255 2326 2296 vin
2355 2245 2753 2301 transmittunt.
2783 2245 2892 2303 Sed
2926 2260 3278 2308 convertetur
3295 2255 3477 2313 dolor.

1857 2345 2047 2384 eorum
2075 2331 2130 2385 in
2157 2343 2320 2404 caput
2338 2335 2600 2406 ipsorum.
2627 2339 2686 2393 Si
2709 2339 2854 2395 enim
2883 2342 2974 2411 qui
3005 2343 3279 2402 maledicit
3301 2349 3445 2403 anti-

1856 2433 1962 2488 quo
1989 2419 2178 2487 lsrael,
2208 2423 2528 2482 maledictus
2547 2437 2661 2494 est;
2688 2430 2781 2500 qui
2809 2431 3100 2500 benedicit,
3130 2436 3445 2494 benedictus

1855 2518 1938 2563 est
1965 2509 2158 2580 (Nunt.
2185 2516 2334 2588 xxxv)
2363 2535 2376 2571 :
2402 2532 2609 2589 quanto
2646 2522 2821 2593 magis
2845 2525 2936 2594 qui
2965 2541 3104 2582 novo
3126 2527 3288 2584 Israel
3306 2571 3321 2596 ,
3352 2533 3445 2601 qui

1856 2598 2260 2672 intelligibiliter
2287 2607 2432 2663 videt
2465 2609 2655 2678 Deum,
2698 2612 2752 2667 id
2781 2624 2884 2680 est,
2917 2615 3010 2680 Dei
3042 2617 3299 2675 Ecclesiae
3329 2598 3445 2676 uia-

1854 2688 2058 2758 ledicit,
2100 2703 2184 2749 est
2231 2695 2614 2757 maledictione
2662 2702 2933 2772 repletus?
2975 2704 3108 2773 Quis
3136 2719 3319 2765 autem
3347 2728 3442 2770 eos

1852 2797 1960 2838 non
1996 2777 2393 2855 exsecrabitur,
2421 2805 2546 2846 cum
2585 2793 2718 2851 Ario
2747 2806 2804 2851 et
2835 2796 3092 2856 Dioscoro
3118 2811 3173 2858 et
3199 2803 3443 2876 Eutyche

1851 2875 2116 2944 dicentes,
2149 2888 2315 2953 atque
2347 2897 2470 2939 cum
2512 2885 2912 2957 Acepbalorum
2937 2892 3132 2952 bieresi
3161 2875 3317 2954 illam,
3345 2916 3440 2956 cr-

1851 2982 1993 3035 rare,
2017 2969 2150 3041 ipsis
2171 2972 2272 3028 hos
2301 2974 2626 3034 habentibus
2645 2991 3003 3053 praeceptores
3023 2995 3078 3041 et
3098 2996 3302 3046 tutores
3327 3007 3440 3049 sua:

1849 3058 2020 3149 ipsius
2063 3077 2200 3117 nova
2225 3064 2474 3135 eligentis
2519 3068 2832 3127 haereseos?
2873 3073 2932 3129 ln
2977 3076 3435 3149 subsequentibus

1849 3148 1994 3202 enim
2024 3149 2289 3208 Eusebius
2309 3153 2580 3226 Pamphili
2607 3159 2674 3215 ab
2695 3161 2777 3216 eis
2805 3162 2858 3217 in
2890 3148 3259 3224 testiinonium
3287 3173 3439 3227 duci-

1852 3246 1958 3302 tur,
1995 3241 2088 3309 qui
2131 3245 2200 3298 ab
2224 3245 2372 3300 omni
2409 3245 2654 3305 Ecclesia
2685 3254 2951 3312 catholica
2981 3261 3224 3316 noscitur
3250 3276 3438 3333 patro-

1827 3330 1948 3385 'nus
1970 3345 2092 3387 esse
2128 3334 2245 3390 Arii
2275 3336 2579 3408 haereseos,
2611 3347 3068 3412 quemadmodum
3102 3353 3154 3406 in
3181 3330 3435 3413 omnibus

1843 3424 2166 3494 conscriptis
2187 3427 2300 3483 suis
2318 3433 2858 3507 evpositionibusque
2879 3443 3214 3511 continetur;
3239 3461 3435 3504 secun~

1841 3512 1969 3566 dttm
2013 3515 2287 3574 adorabile
2325 3520 2492 3576 Deum
2537 3524 2774 3582 Verbum
2817 3530 3005 3587 dicens
3032 3543 3088 3587 et
3125 3537 3430 3594 ministrum

1843 3600 2018 3658 Patris
2041 3614 2096 3660 et
2121 3610 2354 3664 secunda
2394 3611 2670 3684 dignitatis
2701 3618 2989 3676 habentem
3015 3663 3032 3690 ,
3063 3626 3131 3679 ab
3161 3627 3429 3687 homousii

1840 3692 2093 3750 diﬁ‘ereus
2124 3697 2424 3768 majestate,
2460 3712 2514 3756 et
2537 3711 3012 3768 commutationem
3037 3714 3181 3787 [Cr.,
3208 3730 3428 3778 sentcn-

1842 3785 1928 3840 tiae
1957 3789 2532 3850 consubstantialitatis
2562 3809 2888 3871 repugnans,
2939 3815 2994 3860 et
3039 3785 3266 3884 conum]
3299 3829 3427 3869 san-

1838 3887 1939 3935 cta:
1957 3883 2138 3938 carnis
2159 3884 2369 3940 Domini
2399 3887 2452 3942 in
2477 3889 2774 3948 divinitatis
2799 3904 3084 3966 naturam;
3117 3918 3180 3955 ac
3209 3883 3304 3972 per
3324 3905 3426 3960 hoc

1838 3969 2206 4028 conhisionem
2235 3975 2625 4047 dogmatizans,
2677 3999 2777 4039 nec
2823 3985 3037 4043 iconam
3069 3969 3278 4064 recip—it,
3329 4000 3426 4054 sed

1838 4075 2012 4130 neque
2039 4064 2216 4119 omnis
2241 4065 2569 4124 Arianorum
2621 4073 2882 4131 scelerata
2913 4079 3177 4138 collectio.
3229 4084 3428 4142 Praedi-

1836 4159 1966 4206 cant
2011 4155 2155 4209 enim
2204 4155 2321 4212 sine
2374 4160 2552 4215 anima
2606 4164 2854 4221 rationali
2903 4169 3174 4228 hominem
3221 4175 3424 4234 factum

1835 4243 2002 4299 fuisse
2025 4245 2310 4303 Dominum
2349 4261 2614 4320 nostrum,
2655 4265 2710 4310 et
2751 4273 2850 4327 pro
2876 4263 3054 4316 anima
3085 4265 3421 4325 divinitatem

1835 4332 2036 4391 habere
2053 4377 2068 4401 ,
2094 4345 2150 4391 ut
2172 4339 2474 4408 passionem
2505 4343 2558 4397 in
2585 4357 2703 4400 eam
2729 4348 2976 4416 eﬁ‘erant,
3000 4353 3156 4410 sicuti
3190 4367 3418 4415 testatur

1833 4424 2125 4498 Gregorius
2151 4429 2432 4500 deiloquus
2457 4432 2702 4504 (Grcgor.
2734 4435 2988 4494 Nazianz.
3032 4443 3082 4496 in
3112 4456 3260 4513 epist.
3289 4446 3323 4499 2
3351 4450 3420 4500 ad

1834 4517 2164 4592 C(edonium)
2189 4537 2203 4574 :
2228 4531 2284 4578 et
2311 4532 2496 4594 utpote
2513 4525 2768 4582 deitatem
2793 4545 3005 4600 passam
3035 4532 3287 4603 fatentes,
3311 4555 3415 4594 non

1831 4610 2122 4666 admittunt
2148 4613 2456 4685 imaginem.
2489 4615 2749 4672 Similiter
2776 4628 2832 4674 et
2863 4619 3095 4679 Severus
3116 4626 3410 4682 confusiu-

1829 4702 1898 4758 lis
1933 4704 2154 4761 minime
2179 4706 2417 4778 suscepit
2449 4707 2735 4780 imaginem
2779 4711 2983 4768 Christi
3022 4715 3114 4770 Dei
3161 4719 3327 4772 nostri
3363 4722 3415 4774 iu

1830 4794 2094 4860 Ecclesia,
2136 4796 2277 4852 sicut
2319 4797 2536 4867 plurimi
2577 4799 2819 4856 historici
2866 4813 3101 4858 narrant.
3138 4805 3416 4872 Quomodo

1831 4900 1960 4956 ergo
1984 4886 2168 4940 Arium
2191 4895 2246 4941 et
2275 4886 2592 4944 Dioscorum
2623 4905 2688 4946 ac
2717 4891 3089 4963 Eutycheteni,
3119 4896 3418 4967 Acephalu-

1834 4992 1951 5030 rum
1980 4977 2188 5033 scilicet
2216 4979 2465 5035 haeresim
2493 4991 2735 5037 secutam
2760 4984 2928 5039 fuisse
2953 4986 3273 5041 catholicam
3308 4990 3412 5044 Ec-

1836 5067 2057 5122 clesiam
2088 5078 2355 5136 asserant,
2381 5086 2502 5141 qua:
2527 5073 2763 5142 suscepit
2793 5074 3104 5144 imaginales
3136 5077 3408 5143 hismrias,

1837 5158 2140 5212 mirandum
2182 5169 2303 5215 est:
2336 5162 2462 5217 dum
2505 5179 2698 5234 magna
2747 5174 3012 5232 eructcnt,
3053 5175 3107 5223 ct
3152 5173 3412 5238 quasdam

1833 5246 2176 5317 blasphemas
2202 5251 2536 5308 ratiunculas
2556 5268 2622 5310 ex
2654 5254 2834 5326 lingua
2857 5271 2952 5310 sua
2971 5272 3091 5327 quae
3117 5275 3233 5314 sine
3258 5271 3412 5330 porta

1834 5348 1936 5404 est,
1968 5339 2234 5410 in.aerem
2274 5339 2523 5408 fundant,
2551 5351 2605 5398 et
2632 5359 2739 5399 non
2779 5345 2943 5400 aliud.
2992 5348 3230 5404 Audiant
3277 5367 3409 5422 ergo

1833 5437 2096 5492 veraciter
2127 5453 2140 5489 :
2179 5435 2436 5505 Superior
2461 5436 2960 5508 circumscriptione
3003 5450 3107 5506 est,
3147 5444 3412 5511 quemad-

1833 5531 2046 5586 modum
2072 5531 2330 5596 diximus,
2368 5530 2545 5586 divina
2575 5543 2766 5587 natura
2804 5551 2818 5587 :
2856 5549 2924 5588 an
2965 5535 3143 5604 potius
3178 5537 3407 5590 humana

1833 5621 1972 5694 [Gr.,
2016 5632 2074 5676 at
2111 5637 2244 5677 vero
2270 5621 2526 5695 humana]
2557 5631 2639 5678 est
2663 5625 3090 5694 circumscripta.
3137 5625 3204 5678 Et
3231 5625 3408 5680 nullus

1830 5714 1968 5768 bene
2011 5713 2354 5767 sentientium
2385 5714 2850 5785 circumscriptam
2895 5716 3080 5770 dicens
3117 5714 3405 5768 humanam

1830 5817 2096 5876 naturam,
2125 5821 2249 5861 cum
2273 5806 2374 5876 hac
2396 5805 2792 5866 circumscribit
2822 5823 2938 5862 eam
2965 5822 3084 5876 qua:
3119 5806 3407 5862 incircum-
