3980 6296
483 388 592 447 3—99

1630 383 1994 448 ANASTASII
2031 385 2479 448 BIBLIOTHECA
2488 386 2580 447 [lli

3651 393 3766 452 400

478 507 680 576 scripta
710 515 809 561 est.
837 504 1050 563 Etenim
1091 503 1352 561 Dominus
1393 501 1689 560 secundum
1716 503 1862 574 quod
1905 504 2070 558 homo
2097 510 2145 566 Α
2172 503 2471 560 secundum
2504 503 2648 574 quod
2681 501 2912 560 Verbum
2939 501 3077 562 caro
3103 503 3308 564 factum
3335 516 3452 574 est;
3487 516 3544 564 et
3574 508 3768 565 multi-

477 597 752 666 perl’ectus
795 607 932 664 erat,
979 615 1101 653 cum
1148 606 1292 653 esset
1334 597 1387 650 in
1427 593 1672 662 Galilaaa,
1712 610 1820 650 non
1856 603 1976 651 erat
2013 595 2069 650 in

474 686 686 752 Iudaea,
712 697 764 742 et
789 690 892 744 hoc
918 689 1030 759 ipse
1043 686 1274 742 aiiirmat
1294 688 1480 744 dicens
1499 705 1511 742 :
1529 686 1730 741 Eamus
1745 687 1800 740 in
1819 687 2068 741 Judream

474 778 668 831 iterum
717 777 893 849 (Joan.
929 779 1027 849 χι).
1057 777 1124 832 Ει
1163 793 1286 832 cum
1332 778 1399 832 de
1439 776 1646 832 Lazaro
1673 777 1960 832 dissereret
1987 775 2070 831 di-

475 869 698 939 scipulis
722 870 856 936 suis,
885 870 956 924 ita
979 869 1112 925 dixit
1145 887 1158 922 :
1189 869 1418 925 Gaudeo
1434 879 1646 940 propter
1669 885 1781 935 vos,
1809 869 1933 941 quia
1964 885 2067 923 non

473 977 616 1016 eram
643 962 715 1015 ibi
756 961 968 1032 (Ibid.).
999 961 1168 1017 Porro
1188 961 1482 1017 secundum
1509 961 1655 1032 quod
1693 960 1835 1016 Deus
1864 969 1969 1025 est,
2011 961 2067 1015 in

475 1054 619 1107 omni
649 1053 766 1108 loco
793 1054 1176 1110 dominationis
1205 1067 1315 1108 suae
1339 1062 1539 1122 praesto
1562 1059 1665 1117 est,
1691 1065 1919 1106 manens
1945 1063 2064 1104 mo-

473 1147 557 1200 dis
581 1146 834 1201 omnibus
856 1133 1378 1216 incircumscriptus.
1401 1143 1684 1212 Quomodo
1705 1158 1835 1215 ergo
1859 1143 2066 1198 vanilo-

473 1239 616 1307 quiis
636 1239 955 1308 quibusdam
991 1239 1225 1292 vanitate
1247 1239 1394 1292 vocis
1418 1246 1844 1308 perstrepentes,
1868 1237 2063 1292 verbo-

473 1339 666 1388 santur
689 1332 886 1386 infreni
915 1333 1092 1402 lingua
1117 1331 1360 1385 dicentes
1388 1348 1401 1384 :
1429 1329 1870 1400 Circumscripsit
1889 1331 2067 1400 pictor

471 1425 765 1495 secundum
790 1424 933 1492 quod
965 1424 1136 1478 visum
1163 1431 1245 1477 est
1276 1422 1500 1476 vanitati
1527 1437 1638 1477 sua:
1667 1420 2067 1476 incircumscri-

467 1515 656 1585 ptibile
705 1515 920 1570 deitatis
954 1514 1458 1584 circumscriptione
1504 1521 1700 1568 creatae
1749 1512 1966 1568 carnis?
2005 1512 2061 1568 Si

471 1607 880 1677 circumscripta
909 1615 994 1660 est
1041 1605 1284 1661 reclinati
1329 1614 1384 1660 et
1423 1600 1704 1660 cunabulis
1738 1603 1961 1658 involuti
2009 1604 2062 1658 in

468 1701 732 1769 praesepio
760 1709 886 1753 natu
895 1714 951 1753 ra
967 1695 1108 1770 [Gr.,
1123 1711 1246 1752 cum
1259 1695 1473 1768 natura]
1504 1694 1857 1752 humanitatis
1872 1703 2062 1750 natura

469 1791 767 1846 divinitatis
800 1791 938 1860 ejus,
972 1789 1130 1844 simul
1165 1786 1573 1856 circumscripta
1592 1793 1678 1840 est
1700 1785 1866 1841 etiam
1897 1784 1950 1838 in
1967 1784 2061 1838 de-

2168 594 2336 666 plices
2385 595 2732 666 garrulitates
2778 611 2809 651 a
2854 611 2914 652 se
2956 597 3144 666 procul
3191 599 3478 670 repellunt,
3526 599 3766 670 simplici

2169 688 2333 744 corde
2363 688 2545 743 omnia
2574 703 2694 758 qua:
2721 689 2918 744 tradita
2944 697 3070 744 sunt
3109 691 3162 745 in
3189 691 3428 747 Ecclesia
3457 692 3766 763 suscipien-

2171 787 2284 844 tes;
2321 787 2377 834 et
2425 777 2700 834 intuentes
2745 778 3024 848 picturas,
3071 779 3206 834 nihil
3255 781 3401 835 aliud
3432 780 3768 852 intelligunt,

2169 867 2272 924 nisi
2307 882 2427 937 quae
2455 867 2736 938 signantur
2766 867 2822 922 in
2849 867 3000 938 ipsis.
3049 867 3260 924 Etenim
3290 884 3415 924 cum
3446 867 3687 924 viderint
3709 870 3766 924 in

2168 958 2381 1029 pictura
2408 958 2710 1028 parientem
2741 957 3014 1029 Virginem
3052 969 3107 1014 et
3133 958 3353 1028 angelos
3372 974 3534 1030 supra
3553 969 3768 1014 stantes

2167 1063 2290 1104 cum
2323 1047 2653 1118 pastoribus,
2687 1047 2990 1120 recogitant
3015 1049 3183 1104 Deum
3225 1049 3582 1104 humanatum
3606 1049 3764 1104 nasci

2167 1150 2396 1210 propter
2421 1139 2653 1194 salutem
2687 1150 2974 1206 nostram;
3014 1149 3070 1194 et
3113 1139 3444 1195 confitentur
3471 1141 3716 1195 dicentes
3749 1158 3765 1194 :

2169 1230 2217 1285 ls
2230 1230 2452 1300 quisine
2465 1244 2632 1285 carne
2655 1241 2798 1296 erat,
2823 1245 2952 1286 caro
2969 1229 3142 1285 iactus
3166 1241 3273 1295 est,
3301 1229 3534 1286 Verbum
3549 1230 3764 1285 incras-

2167 1330 2345 1378 satum
2374 1330 2492 1386 est,
2521 1321 2793 1376 increatus
2835 1332 3079 1386 creatus,
3139 1319 3530 1391 impalpabilis,
3571 1320 3766 1392 palpa-

2170 1423 2256 1470 tus
2294 1425 2386 1478 est
2412 1433 2426 1471 :
2455 1425 2618 1487 atque
2647 1433 2814 1472 unum
2845 1418 3206 1488 eumdemque
3232 1417 3562 1473 conﬁtentur
3583 1419 3772 1488 perle-

2167 1518 2313 1566 ctum
2343 1512 2398 1566 in
2429 1512 2633 1576 deitate
2677 1523 2732 1567 et
2772 1511 3072 1592 perfectum
3101 1512 3155 1566 in
3188 1509 3764 1592 liutnanitate,.DeunI

2167 1604 2434 1666 veraciter
2457 1613 2514 1660 et
2535 1605 2810 1661 hominem
2833 1589 3117 1674 veraciter.
3141 1602 3410 1678 Praeterea
3449 1589 3658 1658 dictum
3679 1610 3768 1656 est

2170 1705 2316 1752 retro
2335 1696 2404 1752 de
2427 1697 2656 1753 scelesta
2672 1695 2904 1752 Nestorii
2931 1696 3144 1764 haeresi,
3171 1696 3296 1766 quia
3327 1693 3626 1765 imaginum
3650 1692 3766 1748 eiii-

2166 1787 2280 1856 gies
2303 1786 2357 1841 in
2385 1787 2534 1842 nullo
2557 1803 2684 1842 cum
2718 1803 2782 1843 ea
2810 1788 3173 1851 concordant;
3214 1795 3272 1842 et
3306 1785 3636 1862 suﬁicientcr
3676 1785 3762 1837 di-

468 1881 610 1950 picta
642 1879 877 1950 imagine
920 1878 1272 1933 humanitatis
1303 1876 1420 1945 ejus
1449 1875 1918 1945 incircumscripta
1944 1874 2058 1929 dei-
2092 1875 2132 1932 Β
2162 1888 2308 1932 ctum
2334 1887 2436 1934 est.
2467 1878 2622 1946 Quod
2653 1879 2697 1936 si
2720 1880 3046 1952 oportuerit,
3071 1889 3126 1936 et
3155 1881 3349 1936 iterum
3389 1881 3622 1936 dicetur.
3651 1879 3768 1958 Ρη-⁸

469 1983 554 2026 tas
585 1970 701 2040 ejus
743 1987 757 2026 :
799 1970 1048 2026 similiter
1076 1978 1132 2025 et
1161 1970 1214 2024 in
1242 1983 1405 2024 cruce
1449 1968 1493 2022 si
1532 1967 1940 2036 circumscripta
1978 1974 2064 2020 est

469 2072 664 2116 natura
712 2061 857 2134 [cum
889 2060 1026 2133 nat.]
1067 2060 1421 2115 humanitatis
1448 2069 1642 2113 natura
1673 2057 1889 2113 deitatis
1921 2055 2056 2126 ejus,

467 2155 628 2210 simul
657 2151 1066 2222 circumscripta
1097 2162 1180 2207 est
1201 2161 1252 2206 et
1276 2152 1328 2206 in
1357 2151 1570 2221 depicta
1598 2149 1840 2220 imagine
1865 2149 2050 2203 huma-

468 2245 657 2299 nitatis
685 2241 802 2313 ejus
844 2241 1307 2310 incircumscripta
1336 2241 1510 2295 deitas
1536 2240 1674 2310 ejus.
1709 2238 1769 2294 Si
1814 2253 1945 2293 vero
1972 2237 2060 2292 illa

469 2350 574 2388 non
603 2343 688 2390 est
711 2333 884 2389 factus
912 2330 1051 2406 [Gr.,
1078 2331 1218 2387 facta
1251 2345 1354 2385 non
1382 2328 1530 2402 sunt]
1557 2369 1572 2394 ,
1603 2343 1702 2384 nec
1730 2329 1830 2383 hoc
1853 2328 2055 2398 utique.

470 2424 668 2498 Utique
700 2426 1082 2497 cognovissent
1123 2421 1312 2486 deiferi
1344 2421 1590 2494 Dionysii
1623 2421 1826 2476 dictum
1854 2420 1910 2474 in
1944 2435 2060 2475 ser-

470 2533 632 2573 mone
655 2518 722 2572 de
750 2515 1054 2573 hierarchia
1086 2515 1159 2569 ita
1187 2513 1526 2585 perhibentis
1553 2512 1691 2584 (cap.
1732 2511 1788 2582 2)
1822 2529 1834 2564 :
1876 2508 2060 2580 Neque

464 2610 608 2664 enim
639 2620 786 2664 certa
837 2604 980 2680 [6:2,
1025 2604 1240 2677 exacta]
1285 2603 1582 2662 similitudo
1625 2612 1712 2658 est
1754 2601 2062 2658 causalibus

462 2714 517 2759 et
539 2703 749 2768 causis;
803 2703 896 2758 sed
953 2700 1156 2756 habent
1204 2698 1422 2768 quidem
1477 2695 1716 2753 causalia
1769 2709 2059 2751 causarum

463 2796 848 2851 convenientes
890 2793 1152 2861 imagines
1183 2811 1196 2845 :
1236 2791 1367 2860 ipsae
1399 2797 1580 2843 autem
1613 2802 1796 2844 causa:
1823 2785 2056 2842 causali-

463 2886 565 2938 bus
604 2883 1002 2954 supereminet"
1034 2889 1088 2936 et
1129 2878 1548 2950 superstabilita:
1579 2885 1726 2942 sunt,
1757 2874 2057 2930 secundum

463 2975 716 3045 principii
764 2974 844 3029 sui
891 2974 1177 3027 rationem.
1227 2971 1410 3040 Itaque
1451 2977 1732 3025 ostensum
1774 2977 1860 3023 est
1893 2965 2056 3022 etiam

461 3068 675 3139 bisqui
723 3082 892 3138 pauca
933 3064 1231 3135 intelligere
1271 3070 1518 3134 possunt,
1545 3060 1690 3132 quod
1726 3074 1922 3115 vanam
1963 3072 2057 3112 vo-

460 3174 583 3214 cum
623 3158 912 3227 quamdam
950 3155 1240 3210 novitatem
1269 3154 1615 3209 introducere
1645 3153 1794 3207 tenet
1821 3149 2052 3206 resarci-

459 3263 621 3308 natus
647 3267 832 3307 eorum
857 3266 1056 3316 sermo,
1087 3258 1273 3304 contra
1301 3248 1624 3314 Erclcsiam,
1653 3254 1711 3302 et
1737 3261 1843 3302 non
1863 3253 2052 3302 contra
2082 3231 2126 3292 C
2627 3231 3638 3316 itif:uitiltliuufuju?IT.
3657 3231 3693 3314 δῖ

2096 3329 2104 3339 .
2166 3312 2183 3343 ι
2231 3293 2355 3348 licet
2384 3293 2562 3348 anima
2589 3334 2604 3359 ,
2645 3295 2784 3350 sicut
2823 3303 2877 3350 ct
2914 3311 3172 3367 corpore,
3216 3307 3271 3352 et
3298 3299 3366 3354 ab
3398 3300 3484 3355 his
3523 3301 3756 3357 indivisa

457 3342 722 3411 pictorem
754 3355 956 3411 agones
987 3354 1281 3418 apponens.
1316 3337 1486 3393 Porro
1509 3335 1893 3408 impudentiam
1923 3350 2066 3391 con-

460 3435 754 3499 tinuantcs,
787 3444 993 3488 temere
1015 3433 1202 3488 dicunt
1247 3450 1259 3485 :

853 3545 1136 3619 Gregorius
1182 3547 1449 3616 cpiscopus
1496 3545 1668 3616 legit:

529 3682 553 3714 ‹
603 3657 908 3716 ηιιπιηθηιιῐ
933 3671 1112 3715 autem
1144 3661 1212 3715 ab
1248 3659 1330 3714 his
1374 3659 1463 3729 qui
1504 3658 1640 3714 bene
1679 3647 1938 3719 sentiunt,
1989 3669 2054 3709 eo

463 3774 480 3804 ε
528 3754 672 3822 quod
707 3751 1302 3822 incomprehensibilem
1325 3760 1378 3805 ct
1404 3747 1931 3816 incircumscriptam
1977 3745 2053 3798 di-

463 3865 478 3893 ι
528 3845 710 3898 vinam
737 3842 934 3898 Christi
966 3852 1212 3895 naturam
1244 3841 1466 3911 pingere
1497 3845 1781 3901 conentur,
1810 3834 2052 3908 profecto

456 3955 480 3986 4
530 3935 597 3989 ad
627 3935 786 3988 aliam
811 3933 1121 4004 confugient
1152 3932 1305 3986 mala:
1343 3930 1760 3986 machinationis
1782 3928 2054 3986 defensio-

463 4044 481 4074 ι
528 4039 677 4090 nem,
733 4023 859 4094 quia
922 4023 1088 4078 solius
1130 4022 1310 4077 carnis
1345 4020 1489 4076 illius
1530 4035 1691 4090 quam
1727 4018 1961 4073 vidimus
1997 4025 2054 4071 et

461 4131 482 4164 ι
527 4113 881 4182 palpavimus,
911 4122 1110 4166 etcum
1139 4128 1246 4182 qua
1271 4109 1576 4166 conversati
1608 4125 1812 4173 sumus,
1837 4109 2050 4164 iconam

463 4223 482 4256 ι
528 4203 900 4274 depingimus;
931 4205 1073 4274 quod
1099 4211 1182 4257 est
1213 4202 1436 4272 impium
1490 4209 1543 4257 et
1581 4199 1887 4257 Nestoriani
1923 4213 2047 4269 pes-

465 4314 483 4345 ι
529 4294 651 4349 simi
685 4310 878 4349 sensus
913 4294 1172 4349 inventio.
1222 4312 1240 4344 ι

839 4408 1170 4480 Epiphanius
1199 4408 1454 4464 diaconus
1479 4406 1602 4480 legit
1631 4423 1650 4463 :

525 4519 719 4575 Adhuc
743 4519 946 4574 eisdem
977 4519 1364 4574 continuantur
1384 4517 1632 4586 artiﬁciis
1659 4516 1781 4574 falsi
1811 4527 2048 4575 asserto-

2168 1978 2348 2025 tantes
2382 1978 2562 2025 autem
2591 1971 2726 2035 inse
2749 1971 2879 2042 quid
2910 1971 3233 2043 intelligere,
3273 1971 3425 2026 aiunt
3457 1988 3472 2026 ε

2559 2078 2846 2150 Gregorius
2883 2069 3156 2152 episcopus
3195 2079 3316 2152 legit
3347 2095 3366 2133 :

2240 2209 2259 2242 ι
2305 2189 2669 2246 Tractandum
2685 2199 2768 2246 est
2783 2191 2927 2246 enim
2943 2191 2996 2246 in
3015 2190 3138 2257 hoc,
3156 2191 3281 2262 quia
3298 2191 3344 2247 si
3360 2193 3659 2248 secundum
3675 2209 3762 2248 or-

2170 2302 2188 2334 ‹
2236 2282 3047 2350 thodoxosPatressimulcaro,
3079 2283 3239 2340 simul
3277 2283 3372 2339 Dei
3409 2283 3572 2340 Verbi
3605 2301 3758 2351 caro,

2170 2393 2188 2424 ι
2234 2390 2509 2445 nunquam
2555 2375 2862 2444 partitionis
2901 2390 3117 2430 sensum
3161 2376 3494 2445 suscipiens,
3526 2377 3619 2431 sed
3650 2387 3760 2432 tota

2168 2487 2184 2518 ι
2229 2482 2295 2522 ex
2323 2476 2437 2522 toto
2457 2483 2486 2521 a
2509 2467 2688 2522 divina
2713 2475 2905 2522 natura
2929 2476 3176 2538 suscepta
3202 2475 3259 2523 et
3279 2467 3488 2539 integre
3510 2467 3759 2524 deiﬁcata

2167 2581 2184 2612 ι
2228 2570 2342 2627 est,
2375 2563 2644 2632 quomodo
2675 2561 2985 2627 scindetur,
3025 2561 3106 2614 vel
3156 2562 3446 2632 separatim
3493 2571 3763 2620 statuetur

2165 2672 2183 2703 ι
2232 2652 2302 2707 ab
2337 2652 2424 2708 bis
2461 2653 2555 2723 qui
2591 2653 2755 2722 impie
2803 2653 2906 2708 hoc
2944 2668 3105 2724 agere
3150 2654 3454 2708 conantur?
3496 2653 3764 2714 Similiter

2165 2763 2183 2794 α
2228 2753 2409 2799 autem
2451 2753 2506 2800 et
2548 2759 2710 2815 super
2753 2743 2872 2814 ejus
2917 2745 3147 2801 habetur
3185 2745 3387 2801 anima.
3434 2748 3762 2804 Assumente

2165 2853 2183 2886 ι
2229 2834 2426 2904 quippe
2464 2833 2586 2890 Filii
2615 2835 2817 2892 deitate
2847 2824 2899 2891 in
2932 2823 3148 2908 propria
3178 2851 3408 2908 persona
3440 2839 3628 2894 carnis
3670 2856 3762 2893 na-

2165 2943 2183 2976 ‹
2233 2937 2440 2989 turam,
2476 2927 2658 3006 anima
2688 2929 2976 2984 mediatrix
3005 2928 3194 3003 eﬂ‘ecta
3223 2938 3310 2985 est
3333 2930 3476 3000 inter
3505 2933 3758 2988 deitatem

2164 3037 2181 3069 ι
2224 3027 2281 3073 et
2302 3018 2484 3073 carnis
2507 3021 2960 3087 crassitudinem;
2991 3029 3047 3076 et
3075 3021 3213 3076 sicut
3235 3022 3396 3078 simul
3420 3039 3571 3089 caro,
3599 3025 3757 3080 simul

2164 3127 2182 3160 ι
2230 3107 2324 3164 Dei
2357 3109 2507 3165 verbi
2535 3125 2667 3165 caro
2705 3118 2790 3165 est
2831 3128 2846 3164 ;
2892 3111 2962 3166 ita
2994 3111 3154 3167 simul
3185 3115 3366 3168 anima
3391 3153 3407 3178 ,
3450 3115 3618 3170 simul
3665 3116 3754 3171 Dei

2164 3217 2182 3249 ι
2234 3199 2393 3254 Verbi
2423 3200 2601 3255 anima
2627 3209 2711 3256 est
2740 3219 2753 3256 :
2795 3209 2851 3257 et
2888 3211 3114 3274 utraque
3145 3204 3340 3271 simul,
3367 3207 3626 3263 deiﬁcata
3657 3210 3758 3264 sci-

2165 3403 2183 3435 ι
2229 3386 2428 3440 deitate
2458 3394 2710 3442 manente
2740 3387 2903 3441 etiam
2934 3387 2988 3443 in
3020 3389 3135 3460 ipsa
3164 3390 3528 3461 disjunclione
3559 3395 3756 3449 animae

2163 3499 2182 3526 ο
2229 3494 2256 3531 a
2287 3491 2514 3547 corpore
2543 3479 2594 3532 in
2625 3479 2928 3534 voluntaria
2959 3481 3229 3552 passione.
3265 3481 3365 3538 Ubi
3395 3485 3543 3539 enim
3573 3487 3752 3540 anima

2164 3588 2182 3618 ο
2227 3567 2460 3634 Christi,
2495 3569 2565 3624 ibi
2606 3579 2660 3625 et
2696 3571 2868 3626 dcitas
2898 3590 2910 3625 :
2954 3583 3009 3627 et
3045 3575 3134 3629 ubi
3167 3590 3366 3646 corpus
3402 3576 3608 3635 Christi
3631 3622 3644 3646 ,
3685 3581 3753 3636 ibi

2163 3685 2179 3713 ι
2225 3672 2278 3717 et
2317 3663 2509 3720 deitas.
2545 3683 2566 3716 ι

2529 3777 2857 3851 Epiphanius
2896 3782 3150 3837 diaconus
3189 3783 3308 3854 legit
3333 3798 3352 3836 :

2226 3886 2452 3954 Quando
2487 3885 2718 3956 aliquem
2752 3889 2946 3943 tacturi
2993 3900 3119 3944 sunt
3159 3905 3505 3961 nequaquam
3538 3909 3750 3950 sern‘o-

2155 3993 2277 4033 nem
2312 3979 2664 4034 subversores
2689 3979 2970 4036 catholica:
3009 3980 3266 4037 Ecclesiae
3293 3979 3439 4055 [Gr.,
3469 3985 3564 4054 qui
3591 4002 3748 4041 aver-

2156 4079 2272 4124 tunt
2311 4085 2370 4126 se
2411 4086 2441 4124 a
2479 4069 2744 4126 catholica
2788 4070 3077 4146 Ecclesia],
3110 4083 3392 4131 assumunt
3417 4074 3604 4147 aliqua
3631 4093 3750 4148 qua:

2152 4175 2344 4216 omnes
2369 4161 2694 4232 profitentur
2724 4180 2737 4217 :
2769 4170 2830 4217 ut
2855 4179 2954 4234 per
2977 4179 3195 4220 sensum
3221 4166 3422 4223 bonum
3451 4169 3545 4239 qui
3585 4170 3639 4224 in
3667 4171 3749 4225 his

2151 4267 2275 4308 esse
2300 4251 2566 4318 cernitur,
2592 4267 2694 4310 nec
2715 4253 2782 4310 de
2809 4254 3410 4326 reliquisincredibiles
3436 4258 3516 4332 [id
3537 4270 3618 4316 est
3647 4263 3748 4316 tide

2151 4343 2331 4400 minus
2373 4342 2543 4416 digni]
2581 4335 2914 4414 iudicentur.
2951 4343 3584 4419 Pauca-enimquaidam
3611 4352 3754 4407 bene

2151 4434 2599 4506 pronuntiantes,
2639 4445 2698 4492 et
2738 4438 3137 4507 quodammodo
3182 4439 3379 4510 glareis
3406 4445 3747 4514 margaritas

2151 4525 2600 4592 commiscentes,
2643 4534 2808 4597 atque
2849 4527 2919 4583 ad
2951 4528 3216 4584 vomitum
3261 4532 3544 4602 pmprium
3588 4548 3744 4605 repe-

457 4625 546 4666 res
573 4611 720 4667 circa
743 4611 1050 4676 veritatem,
1083 4610 1150 4666 ad
1173 4610 1537 4680 impudentem
1559 4609 2044 4666 contradictionem
2077 4590 2125 4649 ί)
2151 4619 2365 4683 dantes,
2399 4617 2553 4672 aiunt
2584 4590 2756 4673 scindi
2787 4625 2843 4673 et
2871 4621 3162 4690 separatim
3191 4590 3552 4678 statui-unum
3583 4590 3744 4682 Ciiri.

453 4703 723 4758 conversi.
759 4701 956 4755 Verum
985 4701 1359 4756 convenientia
1380 4701 1481 4756 sibl
1510 4701 1778 4768 dicentes,
1801 4703 2046 4758 incidunt

452 4795 508 4848 in
559 4794 809 4863 laqueum
854 4793 1230 4863 blasphemiae;
1280 4801 1334 4846 et
1373 4795 2045 4850 amentiae'continuanles

448 4889 638 4951 verba,
689 4888 740 4942 id
775 4896 860 4942 est
907 4886 1505 4955 incomprehensibilem
1544 4899 1601 4943 et
1647 4889 2048 4944 incircumscri-

449 4990 598 5051 ptam
625 4979 860 5033 divinam
882 4977 1082 5032 Christi
1108 4985 1380 5041 naturam,
1404 4988 1664 5034 accusant
1685 4981 2042 5045 Christianos,

452 5071 694 5125 dicentes
725 5070 865 5123 hanc
893 5084 987 5123 eos
1013 5069 1482 5123 circumscribere.
1514 5070 1715 5125 Deinde
1749 5070 2068 5124 artiﬁciose:

451 5161 754 5232 loquentes,
803 5174 990 5214 eorum
1035 5160 1361 5214 assumendo
1392 5175 1700 5229 personam,
1739 5160 1874 5216 falso
1915 5175 2043 5230 pro-

451 5256 724 5315 nuntiant,
752 5251 877 5320 quia
918 5250 1083 5304 solius
1109 5251 1292 5306 carnis
1333 5252 1476 5306 illius
1505 5267 1666 5320 quam
1707 5253 1943 5308 vidimus
1985 5261 2042 5308 et

452 5340 818 5411 palpavimus,
849 5349 906 5394 et
930 5355 1050 5394 cum
1079 5355 1184 5408 qua
1231 5342 1536 5396 conversati
1587 5357 1792 5407 sumus,
1825 5342 2037 5398 iconam

451 5429 791 5501 depingimus
831 5447 842 5482 :
887 5441 946 5484 ut
999 5433 1152 5500 quasi
1199 5447 1267 5486 ex
1317 5432 1420 5486 hoc
1472 5433 1667 5487 iterum
1709 5434 1761 5486 in
1805 5432 2037 5491 Nestorii

451 5521 839 5592 blasphemiam
874 5522 1168 5579 Ecclesiaui
1195 5524 1473 5580 inducant.
1500 5524 1650 5580 Unde
1669 5533 1728 5580 et
1755 5524 1997 5580 inferunt
2021 5546 2034 5582 :

453 5616 603 5681 Quod
624 5628 708 5671 est
728 5619 970 5687 impium,
993 5628 1050 5673 et
1069 5619 1370 5674 Nestoriani
1396 5619 1614 5689 pessimi
1637 5635 1828 5692 sensus
1853 5621 2041 5675 inven-

453 5710 544 5759 tio.
581 5707 718 5776 Ergo
740 5712 1020 5763 veritatem
1045 5711 1288 5764 audiant.
1316 5710 1611 5766 Christiani
1635 5727 1800 5766 unum
1823 5713 2040 5768 Emma-

455 5795 576 5848 nuel
607 5797 839 5851 scientes
877 5798 1147 5854 Christum
1181 5799 1486 5866 Dominum,
1529 5801 1703 5871 ipsum
1745 5803 2040 5875 depingunt

2141 4717 2292 4770 ,stum
2323 4707 2394 4764 ab
2422 4706 2507 4762 his
2538 4706 2632 4777 qui
2664 4707 2931 4778 recipiunt
2959 4710 3296 4766 venerabiles
3325 4711 3628 4784 imagin'eas
3664 4718 3742 4788 pi-

2149 4807 2350 4854 cturas.
2387 4797 2455 4852 Et
2485 4797 2911 4867 vituperabiliter
2951 4798 3218 4868 edantur,
3266 4817 3542 4878 nunquam
3573 4810 3744 4878 parii-

2148 4889 2314 4946 tionis
2352 4903 2570 4944 sensum
2619 4887 2788 4944 fuisse
2833 4899 3135 4960 receptum.
3181 4891 3377 4962 Liquet
3421 4909 3553 4966 ergo
3598 4900 3743 4969 quod

2149 4985 2462 5056 ignorentur
2490 4986 2560 5042 ab
2592 4986 2673 5042 eis
2701 4985 2922 5044 Patrum
2947 5002 3127 5044 voces.
3175 4987 3427 5056 Studiose
3466 4990 3614 5063 [Gr.,
3644 5010 3740 5050 co—

2143 5077 2426 5150 gitatione]
2455 5079 2654 5150 quippe
2679 5094 2872 5136 omnes
2899 5083 3297 5150 separationem
3324 5071 3556 5140 duarum
3585 5098 3741 5142 natu-

2146 5181 2327 5220 rarum
2359 5167 2672 5235 expressius
2701 5169 3031 5238 praedicant,
3063 5173 3155 5228 sed
3184 5187 3290 5228 non
3326 5175 3518 5240 rebus,
3553 5188 3615 5233 ut
3651 5197 3738 5235 su-

2143 5258 2326 5328 perius
2350 5257 2551 5314 dictum
2575 5268 2684 5325 est,
2707 5261 2868 5317 sicuti
2901 5263 3215 5333 blaspheme
3243 5265 3530 5324 Nestorius
3555 5272 3738 5328 dicere

2142 5363 2306 5404 ausus
2329 5357 2434 5404 est.
2462 5347 2619 5404 Nulla
2643 5359 2824 5407 autem
2848 5361 2931 5408 est
2956 5355 3144 5425 procul
3170 5357 3334 5414 dubio
3363 5360 3506 5417 ratio
3526 5362 3741 5420 dissen-

2145 5438 2315 5494 sionis
2341 5439 2424 5495 vel
2455 5441 2818 5510 separationis
2843 5483 2858 5508 ,
2907 5453 3001 5499 aut
3041 5445 3269 5515 alicujus
3306 5450 3624 5521 divisionis,
3655 5459 3734 5513 vel

2147 5546 2333 5587 rursus
2360 5535 2616 5588 essentia
2637 5535 2967 5593 confusionis
2981 5579 2998 5604 ,
3041 5541 3496 5618 quemadmodum
3513 5599 3522 5606 ,
3537 5551 3733 5607 crebro

2143 5620 2282 5676 falso
2309 5622 2611 5680 concionati
2640 5633 2789 5690 sunt,
2819 5643 2916 5698 pro
2944 5644 3010 5684 eo
3037 5631 3180 5700 quod
3208 5632 3444 5705 pingitur
3469 5635 3732 5695 Dominus

2147 5711 2444 5766 secundum
2476 5713 2527 5768 id
2567 5714 2712 5785 quod
2756 5717 2918 5774 homo
2964 5718 3067 5776 fuit
3107 5723 3396 5791 perfectus.
3441 5728 3607 5785 Aliud
3649 5740 3750 5786 est-

2147 5804 2290 5860 enim
2341 5805 2548 5877 imago,
2599 5817 2654 5864 et
2699 5811 2843 5868 aliud
2891 5815 3232 5889 principrl-v;
3275 5829 3326 5875 et
3371 5823 3740 5892 proprietates.
