3924 5652
140 382 234 438 λοι

847 389 1408 452 ENTERPRETATIO‘
1438 395 1688 456 S'YNODI
1732 397 1816 454 VII
1855 399 2264 459 GENERAUS.
2310 434 2377 445 -ο
2413 404 2612 461 ΜΖΤΙΟ
2655 404 2736 459 \‘l.

3303 410 3411 466 In:

139 495 457 594 principalis
483 499 783 560 nullatenus
802 503 926 574 quis
944 519 1132 562 eorum
1155 509 1246 578 qui
1271 524 1463 566 sanum
1482 511 1722 583 sapiunt,
1754 515 1800 574 Α
1823 513 1966 587 juria
1997 524 2051 570 et
2098 517 2426 584 maledictio,
2473 521 2602 591 quin
2647 495 2827 592 potius
2871 528 2923 578 ct
2977 521 3241 594 impietas.
3280 526 3410 593 Quae

137 586 192 640 in
221 587 458 659 imagine
500 594 714 662 quierit.
745 594 799 649 in
831 595 1064 668 imagine
1092 602 1292 672 quippe
1322 602 1396 656 nil
1425 602 1570 659 aliud
1597 617 1723 658 vera

137 685 272 736 ratio
295 684 468 749 novit,
494 700 655 755 quam
679 689 974 745 secundum
1000 707 1195 748 nomen
1220 695 1621 752 communicare
1646 695 1721 751 illi

133 771 286 840 cujus
332 783 418 830 est
467 776 685 848 imago,
738 789 794 836 et
837 797 945 837 non
991 785 1290 840 secundum
1337 785 1720 851 substantiam,

127 862 277 933 juxta
309 867 454 934 quod
484 869 676 926 crebro
694 867 806 937 jam
832 871 1068 930 diximus
1098 874 1272 931 coacti
1298 891 1365 931 ex
1393 876 1524 947 ipsis
1548 876 1720 949 [ipso-

133 952 276 1026 rum]
323 956 804 1025 disputationibus.
848 960 1089 1034 Inopiam
1131 966 1278 1021 enim
1321 967 1468 1038 passi
1518 967 1722 1040 aliquid

128 1045 342 1103 dicendi
407 1060 597 1107 contra
647 1055 973 1113 catholicam
1026 1058 1326 1116 Ecclesiam
1352 1100 1368 1127 ,
1414 1061 1605 1118 eadem
1657 1062 1723 1119 de

125 1143 331 1201 eisdem
358 1146 616 1216 edantur,
647 1167 781 1207 vana
811 1153 964 1210 fauce
992 1155 1294 1226 loquentes,
1321 1167 1377 1214 et
1400 1158 1720 1215 exercitium

126 1235 270 1310 [ατη
297 1239 788 1316 vaniloquentiam]
816 1246 1160 1318 audientibus
1189 1247 1466 1305 facientes.
1494 1249 1724 1321 Propter

124 1331 269 1400 quod
297 1341 354 1387 et
379 1331 591 1388 ridendi
629 1335 770 1405 apud
797 1351 986 1393 omnes
1014 1349 1408 1407 monstrantur,
1434 1341 1723 1412 aliquando

122 1422 518 1492 partitionem,
576 1423 866 1495 aliquando
917 1442 1046 1484 vero
1101 1430 1474 1488 confusionem
1533 1433 1720 1489 dicen-

124 1523 242 1578 tes,
309 1515 716 1584 paratissimam
777 1518 1031 1590 linguam
1076 1516 1342 1580 habentes
1399 1525 1467 1580 ad
1528 1527 1719 1582 subse-

121 1607 398 1674 quendum
447 1606 598 1681 [Gr.,
636 1609 704 1664 ad
749 1610 929 1668 verbis
975 1613 1334 1687 peccandum]
1375 1617 1515 1672 unde
1549 1624 1606 1672 et
1641 1617 1720 1674 di-

120 1707 252 1754 eunt
293 1716 308 1754 :
1127 1761 1130 1765 .

435 1837 440 1844 .
510 1793 792 1868 Gregorius
827 1799 1097 1870 episcopus
1133 1799 1298 1874 legit:

194 1923 216 1957 ε
263 1904 322 1962 Si
353 1907 520 1979 igitur
547 1908 600 1964 in
627 1911 878 1981 passione
906 1911 1280 1982 inseparabilis
1306 1914 1505 1971 mansit
1530 1916 1599 1971 ab
1629 1915 1714 1973 his

125 2016 142 2047 ι
189 1997 472 2064 divinitas,
501 2001 777 2072 quomodo
805 2002 1066 2060 insensati
1107 2013 1163 2061 et
1201 2015 1394 2063 cuncta
1426 2007 1716 2064 irrationa-

125 2105 141 2135 ι
186 2075 400 2143 bilitate
434 2087 648 2159 repleti,
680 2089 924 2146 dividunt
959 2108 1181 2149 carnem
1210 2111 1330 2164 qua:
1370 2110 1494 2151 cum
1520 2095 1715 2152 divini-

123 2195 140 2227 ι
187 2188 300 2234 tate
327 2194 575 2236 connexa
604 2192 659 2236 et
681 2181 928 2238 deificata
952 2193 1058 2249 est,
1081 2193 1135 2240 et
1158 2186 1312 2257 quasi
1336 2187 1454 2254 puri
1483 2187 1716 2243 hominis

122 2291 138 2322 ι
189 2272 484 2343 imaginem
513 2273 738 2345 pingere
760 2276 1004 2331 tentant?
1028 2275 1163 2332 Nam
1187 2287 1244 2333 et
1273 2278 1326 2332 in
1361 2279 1464 2334 isto
1487 2278 1540 2334 in
1569 2278 1714 2333 aliud

122 2381 139 2413 ι
186 2363 496 2432 iniquitatis
519 2364 840 2420 barathrum
873 2366 1136 2433 incidunt,
1157 2378 1472 2439 separantes
1495 2385 1713 2425 carnem

122 2472 140 2504 ι
187 2468 219 2507 a
257 2454 578 2520 divinitate,
609 2463 664 2510 et
697 2456 924 2526 privata:
957 2458 1319 2515 subsistentia:
1339 2459 1483 2514 illam
1503 2475 1716 2516 asseve-

121 2564 139 2596 ι
185 2556 395 2612 rantes,
426 2556 485 2602 et
513 2547 676 2603 aliam
709 2563 999 2619 personam
1022 2551 1175 2606 carni
1205 2553 1527 2620 tribuentes,
1551 2569 1713 2624 quam

119 2657 136 2687 ι
179 2649 238 2693 et
276 2639 582 2708 imaginare
610 2639 690 2712 [id
715 2649 790 2695 est
830 2640 1512 2719 imaginibusexprimere]
1543 2644 1718 2701 faten-

121 2749 138 2779 ε
183 2737 314 2784 tur:
357 2745 427 2785 ex
470 2731 575 2785 hoc
603 2731 953 2789 ostendentes
981 2743 1192 2804 quartae
1232 2750 1477 2806 personae
1507 2737 1711 2794 addita-

121 2841 139 2872 ι
180 2832 429 2879 mentum
453 2823 507 2879 in
532 2824 802 2881 Trinitate
829 2845 842 2880 :
868 2843 1031 2898 super
1051 2828 1169 2885 ιιωο
1190 2841 1246 2886 et
1268 2833 1714 2904 assumptionem,

119 2935 134 2964 ι
179 2931 305 2986 qua:
346 2917 610 2973 divinitus
638 2927 723 2975 est
751 2929 1000 2991 suscepta
1015 2962 1040 2987 .,
1081 2922 1337 2980 atbeoton
1368 2924 1718 2996 depingentes

117 3024 135 3055 ι
178 3004 302 3078 [σν.
328 3047 345 3071 ,
392 3014 453 3062 et
496 3007 641 3079 quod
688 3023 756 3064 ex
798 3011 1169 3082 assumptione
1229 3014 1536 3071 deificatum
1585 3026 1670 3074 est
1697 3058 1714 3084 ,

117 3116 134 3146 ι
178 3097 465 3163 atbeoton,
501 3098 555 3153 id
583 3107 668 3156 est
696 3115 804 3157 non
830 3101 1139 3159 deificatum
1167 3104 1564 3180 depingentes].
1593 3105 1714 3164 Col-

114 3204 132 3235 ι
172 3185 522 3289 ligiturfrgo
560 3189 628 3289 ab
659 3190 752 3289 bis
792 3192 898 3289 qui.
913 3191 1114 3248 Christi
1152 3193 1440 3289 imaginem
1480 3197 1710 3289 pingen-
1738 3227 1783 3289 ρ

114 3295 132 3327 ‹
179 3279 305 3332 dam
347 3277 493 3352 [Gr.,
527 3279 698 3353 pingi]
742 3282 1088 3350 existimant,
1117 3293 1214 3340 aut
1236 3285 1708 3344 divinitatem'cir—

113 3385 132 3416 ι
173 3370 571 3440 cumscriptam
594 3381 650 3426 et
670 3387 837 3428 carne
857 3372 1160 3440 confusam,
1177 3383 1270 3431 aut
1290 3392 1487 3448 corpus
1506 3377 1710 3436 Christi

114 3477 132 3509 ι
172 3459 438 3517 atheoton
466 3470 523 3518 et
549 3461 784 3519 divisum
805 3503 822 3530 ,
849 3479 914 3520 ac
957 3479 1246 3535 personam
1279 3469 1501 3539 privatae
1535 3473 1709 3528 subsi-

115 3568 136 3600 ‹
178 3553 400 3608 stentia:
442 3569 608 3624 super
632 3568 856 3610 carnem
888 3553 965 3628 [in
1003 3557 1188 3630 carne]
1221 3559 1336 3614 dari
1367 3574 1382 3614 :
1414 3560 1620 3618 similes
1654 3565 1708 3620 in

111 3661 128 3690 ι
174 3642 282 3698 hoc
319 3641 504 3698 eﬁ‘ecti
555 3643 997 3702 Nestorianorum
1043 3647 1434 3719 impugnationi
1485 3668 1606 3723 qum
1655 3653 1706 3709 in

112 3752 130 3782 σ
172 3733 346 3790 Deum
377 3743 483 3789 est.
518 3734 577 3789 ln
608 3735 774 3791 talem
817 3736 1210 3808 blasphemiam
1254 3748 1417 3810 atque
1462 3741 1712 3814 impieta-

109 3843 128 3872 ε
177 3830 289 3878 tem
329 3824 678 3880 incurrentes
715 3826 1118 3884 confundantur
1153 3837 1208 3886 et
1246 3841 1623 3900 revereantur,
1652 3844 1710 3890 et

111 3925 129 3964 α
174 3924 399 3971 cessent
428 3916 521 3985 qui
553 3924 790 3987 patrant,
821 3927 877 3974 et
909 3919 1240 3988 desiderant,
1271 3932 1328 3978 et
1357 3925 1544 3979 colunt
1574 3925 1709 3980 ima-

110 4025 127 4057 I
174 4006 394 4079 ginem,
444 4024 566 4079 qua:
603 4007 873 4068 fallaciter
911 4013 981 4068 ab
1025 4014 1106 4070 eis
1153 4013 1295 4071 facta
1337 4025 1394 4072 et
1434 4018 1577 4072 dicta
1622 4027 1708 4074 est

108 4118 128 4150 ς
173 4095 407 4157 Christi.
439 4101 628 4159 Cesset
667 4105 831 4159 etiam
864 4119 894 4159 a
923 4106 1080 4162 nobis
1107 4123 1176 4163 ex
1204 4123 1359 4177 tequo
1385 4119 1440 4165 et
1470 4107 1705 4167 Nestorii

109 4211 127 4241 ε
168 4193 421 4262 partitio,
469 4203 636 4266 atque
680 4195 838 4262 Arii,
875 4197 1119 4256 Dioscori
1165 4206 1221 4254 et
1260 4199 1611 4273 Eutychetis,
1651 4211 1707 4256 et

110 4302 129 4332 ι
174 4281 369 4340 Severi
411 4284 690 4357 confusio,
719 4301 842 4356 quae
876 4297 1005 4343 sunt
1037 4289 1297 4346 immensa
1329 4291 1468 4348 mala
1500 4291 1645 4367 [Gr.,
1673 4308 1706 4350 e

108 4394 127 4424 ι
174 4375 452 4436 diametro
493 4379 795 4452 pugnantia
837 4379 1054 4455 maia],
1092 4390 1149 4438 et
1179 4383 1457 4456 impietate
1490 4400 1706 4458 compa-

107 4485 125 4516 1
173 4483 278 4523 ria.
311 4487 332 4522 ι

489 4582 817 4654 Epiphanius
855 4585 1112 4640 diaconus
1146 4585 1275 4668 tegit
1308 4601 1328 4639 :

171 4718 538 4790 Nequaquam
559 4734 655 4790 per
673 4735 838 4775 unam
857 4720 998 4775 viam
1022 4721 1344 4791 gradiuntur
1361 4719 1702 4776 Christianos

101 4807 501 4865 calumniantis
543 4811 811 4866 haereseos
850 4806 1302 4882 propugnatores,
1345 4812 1699 4880 quemadmo-

100 4897 235 4954 dum
264 4901 438 4956 moris
451 4909 544 4955 est
565 4897 907 4967 orthodoxis,
929 4903 1021 4973 qui
1045 4904 1114 4958 de
1136 4902 1334 4958 divinis
1359 4903 1700 4975 dogmatibus

101 4991 473 5060 disputantes,
500 4992 700 5063 regiam
723 4995 869 5048 viam
896 5001 1103 5049 tantum
1135 4997 1391 5059 retinent,
1413 5005 1464 5051 et
1492 4996 1595 5052 hac
1615 4995 1702 5052 vel

99 5081 230 5138 illac
262 5083 416 5138 nullo
453 5092 606 5152 pacto
640 5087 936 5143 declinant.
981 5087 1087 5145 Sed
1116 5097 1421 5146 evertentes
1450 5091 1566 5147 vias
1593 5089 1698 5145 Do-

101 5178 271 5244 mini,
302 5180 604 5236 contrarias
635 5182 924 5255 Opiniones
959 5184 1100 5254 apud
1129 5198 1187 5238 se
1216 5180 1474 5250 colligunt
1504 5201 1517 5237 :
1552 5192 1606 5238 et
1641 5183 1695 5238 in

101 5284 199 5325 tuo
229 5286 402 5325 sensu
429 5269 777 5339 abundantes,
805 5273 1080 5344 sapientes
1109 5290 1203 5346 per
1233 5273 1416 5328 omnia
1446 5290 1567 5331 esse
1597 5290 1694 5344 pti-

98 5371 312 5416 tantur.
346 5361 460 5415 Sed
495 5367 702 5424 audiant
735 5369 808 5422 ab
849 5364 981 5422 Isaia
1003 5410 1017 5434 ,
1039 5369 1128 5438 qui
1167 5364 1493 5422 tlducialiter
1517 5367 1648 5422 dicit
1677 5385 1692 5421 :

102 5453 199 5508 Va:
226 5454 327 5522 qui
358 5440 605 5522 sapienter
629 5462 757 5516 estis
793 5457 849 5512 in
877 5461 1038 5516 oculis
1068 5460 1251 5516 vestris
1269 5496 1287 5522 ,
1316 5467 1365 5510 et
1396 5477 1572 5514 coram
1601 5475 1690 5514 vo-

88 5543 429 5611 bismelipsis
456 5547 716 5610 prudentes
755 5547 894 5620 (lsa.
927 5550 1000 5615 v).
1033 5550 1244 5605 Etenim
1271 5562 1391 5616 qua:
1419 5565 1691 5619 nunquam

1823 607 1970 661 enim
2002 608 2267 666 Diodorus
2299 618 2460 682 atque
2486 611 2803 670 Theodorus
2832 615 3188 686 Mopsuestia),
3219 636 3281 674 ac
3313 619 3410 674 Ne-

1821 699 2025 757 storius
2051 690 2406 776 etEutyches
2438 714 2493 760 et
2531 707 2825 764 Dioscorus
2851 717 2905 763 et
2935 708 3171 765 Severus
3201 727 3411 766 assum-

1822 802 1980 860 psere
2023 801 2212 848 contra
2254 795 2534 851 veritatem
2576 797 2780 852 rabiem
2810 807 3155 864 eructantes,
3191 800 3288 870 ipsi
3319 816 3411 857 ca-

1822 882 2037 939 tholica.-
2077 884 2333 941 Ecclesia:
2373 888 2658 943 tribuunt:
2691 900 2747 944 et
2776 891 2918 947 malo
2956 892 3156 947 malum
3189 893 3414 948 commi-

1821 982 2036 1031 sccntes
2075 975 2348 1046 applicant
2382 975 2666 1051 [addunt],
2701 979 2840 1036 hanc
2875 981 3053 1052 impiis
3094 982 3213 1037 istis
3244 977 3414 1036 haeres

1822 1063 1945 1120 ticis
1991 1067 2274 1138 conspergi
2317 1068 2660 1138 perhibentes
2695 1069 2841 1142 [cum
2891 1072 3020 1143 imp.
3047 1072 3084 1126 i.
3121 1068 3412 1152 h..sentire

1821 1153 1986 1227 per.],
2009 1167 2064 1211 et
2091 1158 2387 1214 stoliditate
2414 1167 2470 1215 et
2501 1159 2791 1216 inutilitate
2818 1163 2980 1218 verba
3013 1163 3208 1219 referta
3236 1165 3411 1236 possis

1821 1246 2031 1311 dentes,
2062 1255 2117 1302 et
2163 1248 2306 1304 sicut
2350 1264 2621 1318 caupones
2663 1252 2895 1306 miscent
2929 1253 3115 1307 vinum
3153 1269 3316 1324 aqua,
3357 1254 3422 1310 id"

1819 1344 1904 1392 est
1930 1353 2115 1393 verum
2141 1353 2447 1394 sermonem
2473 1355 2594 1396 cum
2622 1356 2900 1412 perverso,
2925 1351 2980 1398 et
3008 1351 3310 1415 temperant
3340 1342 3412 1400 fel

1820 1428 2220 1484 amaritudinis.
2253 1427 2489 1486 Hart-esis
2513 1431 2658 1485 enim
2704 1431 2946 1488 Dioscori
2993 1442 3049 1487 et
3096 1432 3412 1504 Eutychetis

1819 1518 2092 1572 contraria
2118 1527 2204 1574 est
2227 1517 2500 1587 Nestorio,
2523 1523 2974 1593 quemadmodum
2998 1522 3112 1592 jam
3133 1523 3369 1579 diximus
3393 1539 3407 1576 :

1818 1615 1981 1677 atque
2001 1609 2308 1666 contrarias
2335 1610 2574 1668 haereses
2601 1612 2656 1667 in
2685 1628 2790 1667 una
2821 1614 3073 1684 opinione
3101 1623 3264 1685 atque
3288 1629 3412 1684 pro-

1818 1698 2053 1756 fessione
2082 1716 2202 1758 esse
2249 1705 2510 1774 possibile
2551 1720 2657 1760 non
2689 1718 2772 1762 est
2802 1725 2814 1760 :
2850 1707 3302 1777 quemadmodum
3340 1707 3415 1763 al-

1818 1790 1944 1845 butn
1971 1799 2027 1846 et
2058 1792 2294 1863 nigrum,
2324 1794 2409 1849 vel
2438 1795 2670 1851 calidum
2700 1807 2758 1853 et
2788 1796 3038 1870 frigidum
3081 1787 3414 1869 impossibile

1747 1873 1793 1932 Β
1821 1889 1905 1937 est
1932 1882 2102 1938 videri
2139 1883 2193 1938 in
2231 1874 2340 1963 uno
2367 1885 2633 1956 subjecto,
2662 1887 2714 1942 in
2744 1903 2852 1943 uno
2879 1889 3176 1960 eodemque
3210 1899 3414 1961 tempo-

1821 1986 1900 2028 re.
1933 1970 2120 2043 Neque
2146 1973 2290 2029 enim
2315 1975 2370 2030 in
2399 1970 2524 2032 nive
2552 1978 2828 2033 inventum
2858 1988 2941 2034 est
2969 1979 3259 2050 aliquando
3289 1981 3415 2036 cali-

1817 2068 1966 2132 dum,
1999 2084 2173 2139 neque
2205 2070 2259 2125 in
2308 2071 2432 2142 igne
2474 2072 2750 2144 frigidum.
2785 2074 2954 2129 Porro
2985 2075 3236 2130 amentiae
3268 2070 3411 2144 ipso-

1819 2175 1938 2215 rum
1967 2161 2311 2219 inutilitatem
2341 2164 2766 2222 manifestiorem
2809 2166 3072 2222 dicemus.
3111 2165 3408 2239 Imaginem

1816 2252 1962 2308 enim
2017 2262 2073 2309 et
2123 2254 2421 2325 principale
2479 2255 2708 2327 idipsum
2766 2258 2953 2312 dicunt
2997 2257 3212 2314 veloces
3275 2273 3405 2329 erga

1819 2345 2143 2402 calumniam
2177 2367 2189 2402 :
2219 2355 2272 2404 et
2299 2349 2501 2404 idcirco
2530 2349 2582 2404 in
2622 2349 2968 2406 confusiones
2997 2359 3050 2405 et
3081 2351 3407 2421 partitiones

1820 2435 2082 2492 inducunt
2107 2453 2200 2494 eos
2227 2439 2318 2508 qui
2351 2440 2644 2511 depingunt
2675 2442 3037 2512 evangelicam
3067 2442 3402 2499 relationem.

1820 2527 2278 2600 Eutychianorum
2304 2532 2470 2599 enim,
2513 2533 2566 2588 id
2612 2541 2697 2588 est
2741 2549 2928 2588 eorum
2972 2534 3065 2604 qui
3110 2535 3409 2605 praedicant

1817 2635 1980 2674 unam
2011 2630 2258 2676 naturam
2291 2625 2585 2679 secundum
2613 2626 3020 2696 subsistentiam
3067 2627 3121 2680 in
3161 2619 3406 2681 unitione

1817 2709 2051 2776 Christi,
2081 2726 2145 2766 ac
2188 2727 2286 2782 per
2311 2712 2415 2768 hoc
2457 2714 2824 2784 dogmatizant
2849 2715 3240 2781 confusionem,
3271 2717 3418 2779 veri:

1821 2800 1946 2856 tatis
1977 2803 2358 2858 transmutatio
2388 2803 2520 2858 nihil
2550 2804 2692 2858 aliud
2726 2805 2778 2859 in
2818 2804 2924 2860 illis
2959 2814 3075 2870 est,
3121 2805 3223 2860 nisi
3262 2806 3424 2876 quod

1819 2893 2222 2950 subsistentiam
2249 2905 2306 2952 et
2343 2891 2592 2952 naturam
2638 2897 2870 2968 idipsum
2917 2897 3183 2954 deﬁniunt
3214 2916 3227 2953 :
3263 2901 3427 2970 quod_

1819 2983 1965 3040 aliud
1991 3000 2112 3040 esse
2142 2994 2306 3055 atque
2330 2987 2473 3042 aliud
2502 2988 2703 3042 alumni
2744 2987 3025 3044 catholica:
3066 2997 3266 3044 norunt
3306 2989 3408 3049 Ec-

1818 3078 2014 3134 clesiae.
2084 3077 2499 3135 Subsistentiam
2561 3081 2705 3136 enim
2761 3081 2989 3140 dicimus
3046 3081 3424 3147 substantiam

1817 3173 2108 3241 quamdam
2131 3179 2251 3228 'cum
2281 3173 2724 3244 praprietatibus,
2751 3175 2819 3229 ab
2844 3190 2910 3230 eo
2934 3175 3078 3246 quod
3104 3183 3187 3230 est
3209 3175 3409 3247 hyphe-

1817 3270 1984 3317 stanae
2015 3259 2157 3334 [Gr.,
2205 3258 2584 3334 hypbestante,
2633 3263 2685 3318 id
2729 3273 2811 3319 est
2856 3263 3194 3336 subsistere].
3236 3265 3423 3326 Porro.

1814 3360 1993 3407 autem
2016 3360 2265 3406 naturam
2289 3353 2526 3408 fatemur
2542 3367 2654 3408 rem
2674 3369 2771 3424 per
2785 3369 2842 3410 se
2859 3354 3240 3412 subsistentem
3259 3353 3402 3426 [Gr.,

1812 3442 2197 3516 existentem],
2237 3459 2344 3500 non
2387 3445 2714 3516 indigentem
2757 3445 2863 3500 alio
2905 3446 2974 3500 ad
3020 3445 3101 3501 sui
3141 3445 3408 3500 stabilita-

1813 3543 1921 3590 tem
1965 3533 2475 3608 [constitutionem],
2505 3537 2572 3590 ab
2614 3552 2679 3591 eo
2724 3535 2866 3606 quod
2915 3545 2999 3600 est
3051 3537 3400 3609 pephycente.

1812 3625 1926 3682 Hoc
1945 3635 2206 3697 prmterea
2233 3629 2392 3683 modo
2412 3636 2468 3682 et
2497 3627 2585 3683 isti
2610 3629 2894 3700 imaginem
2915 3629 3116 3685 Christi
3141 3637 3196 3684 et
3225 3629 3399 3701 ipsum

1811 3719 2087 3775 Christum
2117 3720 2249 3775 nihil
2281 3717 2483 3794 distare
2508 3735 2606 3793 per
2630 3723 2990 3778 substantiam
3027 3723 3235 3778 dicunt.
3259 3723 3395 3777 Nam

1810 3810 1856 3865 si
1882 3795 2242 3866 differentiam
2273 3819 2516 3877 nossent,
2553 3827 2895 3882 nequaquam
2938 3813 3036 3867 has
3059 3827 3253 3867 vocum
3297 3829 3398 3868 no-

1809 3901 2004 3960 vitales
2031 3911 2344 3973 portentose
2370 3901 2791 3974 praetenderent.
2821 3901 3084 3959 Omnibus
3114 3904 3258 3959 enim
3289 3905 3402 3959 evi-

1809 3992 1943 4049 dens
1971 4003 2077 4058 est,
2115 3994 2241 4064 quia
2275 3976 2532 4050 aliud'est
2551 3993 2750 4065 imago,
2773 4003 2828 4048 et
2856 3993 3001 4048 aliud
3028 3993 3392 4064 primitivum:

1807 4086 1911 4142 hoc
1935 4087 2151 4157 quidem
2177 4087 2494 4152 animatum,
2523 4086 2651 4143 illud
2692 4096 2874 4142 autem
2910 4087 3263 4141 inanimatum
3291 4096 3395 4141 est.

1808 4179 1877 4235 Et
1905 4179 2163 4251 quoniam
2190 4180 2458 4237 verbosati
2490 4189 2638 4246 sunt,
2670 4181 2721 4235 in
2746 4181 2980 4251 imagine
3019 4180 3396 4239 circumscribi

1746 4294 1748 4296 τ
1805 4273 2013 4343 pariter
2063 4272 2299 4327 divinam
2353 4265 2624 4338 naturam,
2647 4273 2959 4328 excidentes
3027 4287 3058 4325 a
3110 4281 3258 4327 recta
3310 4287 3398 4326 ra-

1809 4365 1973 4428 tione,
2009 4363 2190 4418 traditi
2211 4372 2337 4417 sunt
2362 4365 2414 4418 in
2445 4364 2728 4434 reprobum
2768 4378 3009 4417 sensum.
3039 4361 3234 4416 Petrus
3251 4362 3392 4416 enim

1805 4467 1862 4512 et
1888 4455 2088 4512 Paulus
2110 4455 2306 4525 depicti
2328 4455 2596 4523 videntur,
2627 4455 2719 4510 sed
2749 4469 2935 4508 eorum
2959 4455 3154 4508 anima:
3177 4455 3228 4507 in
3259 4453 3398 4512 ima-

1728 4583 1779 4644 Β
1808 4548 2023 4620 ginibus
2051 4564 2157 4602 non
2188 4547 2386 4602 adsunt
2412 4565 2425 4601 :
2454 4546 2889 4617 quandoquidem
2952 4561 3052 4602 nec
3105 4548 3219 4616 ipso
3276 4560 3398 4600 cor-

1803 4653 1935 4709 pore
1960 4637 2104 4693 Petri
2131 4644 2413 4707 praesente,
2444 4636 2678 4690 animam
2709 4635 2825 4705 ejus
2851 4634 3045 4711 aliquis
3072 4636 3234 4690 videt.
3261 4634 3398 4689 Cum

1804 4745 1934 4800 ergo
1971 4728 2088 4800 ipsa
2111 4743 2220 4784 non
2248 4727 2564 4798 aSpiciatur,
2591 4725 2714 4796 quis
2734 4740 2922 4780 eorum
2958 4727 3050 4797 qui
3110 4727 3395 4781 veritatem

1804 4827 2104 4885 sectantur,
2163 4817 2322 4884 dicit,
2368 4816 2495 4887 quia
2544 4824 2789 4887 separata
2843 4823 2926 4871 est
2969 4833 3098 4873 caro
3146 4817 3289 4874 Petri
3331 4817 3399 4872 ab

1806 4908 1985 4964 anima
2024 4907 2164 4978 ejus,
2205 4908 2310 4965 nisi
2362 4905 2504 4962 forte
2555 4922 2654 4979 per
2693 4905 3100 4974 intelligentiam
3160 4906 3406 4962 tantum?

1808 5001 2022 5069 Quanto
2048 5001 2224 5074 magis
2253 5000 2720 5068 incircumscripta
2768 5005 2964 5052 natura
3002 4998 3097 5053 Dei
3147 4996 3311 5054 Verbi
3360 5013 3399 5049 a

1803 5094 2216 5165 circumscripta
2239 5105 2408 5149 carne
2429 5105 2549 5160 quae
2566 5092 2632 5144 ah
2649 5103 2714 5144 eo
2732 5089 3033 5160 assumpta?
3049 5086 3233 5160 Neque
3257 5087 3407 5142 enim

1803 5185 2021 5255 quando
2045 5188 2305 5257 fatigatus
2342 5191 2429 5240 est
2471 5199 2538 5237 ex
2569 5183 2780 5242 itinere,
2804 5189 2857 5232 et
2887 5197 2918 5235 a
2952 5182 3178 5240 muliere
3210 5181 3403 5236 Sama-

1805 5278 1980 5332 ritana
2028 5279 2218 5335 bibere
2267 5271 2570 5347 qumrebat,
2601 5281 2655 5328 et
2712 5283 2742 5322 a
2783 5267 2985 5328 Judteis
3039 5273 3401 5342 lapidabatur,

1804 5367 2018 5423 deitatis
2047 5380 2242 5424 natura
2268 5363 2619 5434 fatigabatur,
2651 5359 2734 5416 vel
2764 5360 3033 5430 lapidibus
3055 5363 3408 5422 submitteba-

1806 5469 1892 5514 tur
1923 5476 1936 5512 :
1969 5461 2114 5517 absit
2131 5454 2486 5532 blaSphemia.
2507 5454 2617 5510 Has
2640 5467 2740 5523 ego
2775 5452 3098 5525 multiplices
3117 5451 3408 5524 congloba-

1802 5550 2000 5614 tiones,
2040 5552 2229 5606 volens
2265 5543 2586 5613 imaginales
2601 5545 2838 5615 picturas
2869 5560 3146 5614 respuere,
3179 5541 3404 5598 multum
