3980 6296
500 367 606 424 4ῡῦ

1660 383 2022 444 ANASTASII
2062 383 2605 450 EIBLIOTHECARII

3656 367 3763 457 tot

496 504 742 558 personre
780 489 1204 548 additamentum
1235 495 1290 548 in
1335 503 1521 552 sancta
1570 497 1836 557 Trinitate
1887 501 2080 558 stolide
2104 499 2157 562 Α
2187 521 2210 555 ι
2253 504 2534 561 viuitatem
2559 505 2762 579 [mente
2794 507 3039 579 praedita,
3073 520 3230 565 uneta
3260 487 3344 566 est
3367 525 3467 581 per
3493 510 3762 568 Sriritum

495 583 672 639 locuta
703 593 805 638 est.
835 585 904 638 At
931 601 1029 641 nos
1053 587 1142 656 qui
1187 588 1240 642 in
1294 588 1560 646 catholica
1607 591 1845 648 Ecclesia
1893 603 2080 666 utpote

493 675 694 745 pmprii
718 675 808 728 lilii
834 677 942 731 nati
973 691 1179 743 sumus,
1206 680 1384 734 omnia
1414 696 1536 750 quae
1563 692 1689 737 sunt
1727 683 2078 756 dispensatio:

495 765 581 820 nis
613 765 823 821 Domini
871 768 1040 824 nostri
1089 768 1214 825 Jcsu
1265 770 1466 827 Christi
1513 774 1885 845 suscipientes,
1919 786 2078 850 atque

491 853 678 909 Arium
701 864 752 910 et
776 855 1104 926 Nestorium,
1143 859 1528 930 Apollinarium
1563 877 1777 934 quoque
1809 874 1867 920 et
1919 867 2077 938 hujus

491 945 784 1017 discipulos
807 947 1158 1020 Eutychetem
1207 959 1263 1006 et
1309 951 1624 1010 Dioscorum
1676 955 2073 1025 abominantes,

486 1038 828 1094 venerabiles
879 1039 1138 1113 imagines
1191 1042 1534 1114 suscipimus,
1563 1045 1824 1119 imagines
1866 1059 2074 1111 tantum

489 1136 544 1183 et
573 1129 702 1183 nihil
726 1127 878 1186 aliud
909 1147 1001 1188 eas
1033 1135 1260 1200 cientes,
1295 1137 1591 1194 secundum
1613 1141 1756 1210 quod
1801 1141 2075 1212 principa-

489 1220 555 1275 lis
585 1225 959 1280 tantummodo
986 1239 1176 1281 nomen
1208 1226 1408 1284 habent
1441 1238 1496 1284 et
1538 1246 1646 1290 non
1692 1233 2070 1296 substantiam.

487 1310 680 1367 Cancri
722 1322 903 1369 autem
957 1331 1110 1373 more
1165 1317 1382 1388 oblique
1437 1321 1770 1391 gradientes,
1792 1325 1860 1380 ad
1909 1324 2072 1383 aliam

485 1398 834 1473 blasphemia:
860 1403 1132 1462 ducuntur
1160 1407 1322 1474 viam,
1347 1409 1588 1468 dicentes
1617 1429 1632 1467 :

875 1533 1154 1608 Gregorius
1199 1541 1472 1609 episcopus
1507 1540 1627 1614 legit
1658 1559 1677 1598 :

560 1687 580 1718 ι
605 1667 894 1724 ἰςειοηιυν
939 1678 994 1725 et
1039 1663 1332 1740 exsultent,
1369 1683 1426 1731 et
1472 1676 1793 1736 ﬁducialiter
1819 1689 1980 1752 agant
2013 1683 2076 1745 hi.

488 1753 508 1810 ὰ
557 1758 648 1829 qui
684 1775 870 1814 veram
896 1761 1097 1818 Christi
1142 1764 1428 1838 imaginem
1473 1763 1842 1828 sincerissima
1886 1773 2064 1838 anima

489 1865 509 1898 ι
556 1847 761 1904 faciunt
805 1860 860 1906 et
916 1851 1242 1923 desiderant,
1285 1865 1342 1912 et
1396 1859 1600 1927 colunt,
1626 1871 1682 1917 et
1739 1862 1794 1918 in
1849 1863 2078 1920 salutem
2111 1850 2154 1910 Β

489 1935 508 1992 i
553 1942 747 1998 animte
775 1953 830 1999 et
871 1948 1114 2018 corporis
1139 1947 1373 2005 oﬁerunt
1403 1969 1418 2008 :
1449 1967 1608 2026 quam
1659 1954 1773 2025 ipse
1819 1957 2078 2021 sacratis:

489 2049 510 2082 α
555 2032 725 2088 simus
750 2032 1056 2091 immolator
1081 2045 1138 2093 et
1161 2037 1304 2095 Deus
1326 2048 1534 2106 noster,
1566 2057 1632 2098 ex
1658 2043 1817 2100 nobis
1845 2035 1912 2100 ex
1963 2053 2075 2102 toto

489 2140 509 2172 ι
556 2139 788 2179 massam
835 2141 1149 2196 assumens,
1182 2121 1477 2188 secundum
1541 2119 1754 2204 tempus
1841 2137 2082 2207 propriae,

489 2229 510 2262 ς
555 2214 822 2282 passionis
861 2216 912 2270 in
942 2226 1124 2290 typum
1151 2228 1206 2274 et
1232 2223 1745 2292 remen'iorationem
1787 2227 2074 2300 evidentis-

490 2321 510 2353 ι
556 2303 748 2359 simam
784 2307 1005 2362 tradidit
1033 2308 1299 2366 ministris
1320 2311 1451 2368 suis.
1475 2311 1608 2370 Sese
1633 2329 1866 2386 namque
1888 2317 2077 2373 volun-

489 2401 512 2447 ι’
560 2396 692 2451 tarie
718 2398 1014 2456 traditurus
1036 2402 1370 2457 memorabili
1402 2412 1458 2459 et
1481 2405 1709 2462 viviﬁcae
1747 2408 1906 2464 morti
1942 2424 2072 2477 suae,

489 2507 510 2540 α
555 2499 834 2560 acceptum
866 2507 1061 2562 panem
1086 2478 1382 2560 benedixit,
1413 2505 1468 2552 et
1495 2497 1698 2569 gratias
1744 2513 1910 2572 agens
1969 2503 2080 2558 fre-

488 2599 507 2631 ι
551 2581 660 2652 git,
700 2593 756 2636 et
785 2583 918 2652 dans
953 2583 1092 2639 dixit
1127 2602 1141 2638 :
1180 2586 1410 2658 Accipite
1446 2598 1494 2644 et
1535 2591 1787 2646 comedite
1814 2592 1868 2647 in
1894 2595 2077 2670 remis-

489 2691 508 2722 ε
549 2672 746 2726 sionem
777 2683 1142 2743 peccatorum;
1167 2674 1282 2748 Hoc
1303 2687 1378 2732 est
1417 2696 1606 2751 corpus
1644 2699 1814 2739 meum
1856 2681 2072 2756 (Matth.

491 2783 512 2816 ε
553 2766 736 2838 xxvi).
787 2765 1054 2824 Similiter
1097 2777 1153 2825 et
1200 2770 1424 2828 calicem
1472 2777 1690 2834 tradens
1733 2779 1914 2836 dixit:
1976 2781 2075 2837 Hic

489 2877 508 2907 ο
553 2869 627 2912 est
640 2861 852 2930 sanguis
877 2861 1167 2916 meus:hoc
1189 2861 1346 2932 facile
1367 2865 1422 2920 in
1446 2883 1614 2922 meam
1631 2873 2078 2927 commemoratio-

491 2969 508 3000 ι
548 2967 661 3005 nem
691 2951 886 3022 (Marc.
917 2969 1027 3020 xiv,
1053 2953 1356 3030 Luc.xxn).
1393 2977 1412 3012 ς
1445 2957 1622 3016 Veluti
1653 2962 1800 3018 nulla
1825 2963 1932 3019 alia
1955 2979 2077 3036 spe-

490 3057 508 3088 c
557 3039 639 3094 cie
660 3042 726 3093 ah
751 3055 815 3096 eo
839 3042 1010 3098 electa
1037 3045 1136 3100 sub
1163 3047 1322 3112 caelo,
1348 3048 1432 3102 vel
1457 3048 1630 3106 forma
1665 3050 1882 3126 [ﬁgura]
1935 3053 2074 3109 ima-

489 3147 509 3179 ς
556 3130 729 3199 ginarl
754 3129 872 3200 ejus
895 3133 1320 3192 incarnationem
1343 3138 1574 3196 valente.
1607 3142 1740 3198 Vide
1774 3157 1905 3212 ergo
1929 3145 2074 3216 quod

2186 609 2204 644 σ
2253 603 2501 650 sanetum
2525 595 2852 670 divinitate].
2883 597 3146 654 Similiter
3168 607 3224 655 et
3255 601 3511 657 divinitus
3563 603 3763 656 tradita

2183 701 2204 735 ί
2250 684 2427 756 imago
2461 688 2641 742 carnis
2665 687 2800 755 ejus,
2823 689 3036 746 divinus
3057 690 3307 747 videlicet
3334 691 3490 762 panis
3522 691 3766 762 repletus

2179 791 2202 834 ,ι
2249 783 2330 830 est
2356 773 2560 847 Spiritu
2587 787 2774 834 sancto
2810 794 2932 835 cum
2955 781 3138 836 calice
3164 782 3326 837 vitam
3356 781 3581 839 ferentis
3639 791 3768 838 san;

2181 882 2204 916 ι
2245 866 2424 936 guinis
2453 865 2635 923 lateris
2661 867 2796 937 ejus.
2834 869 2960 925 Haec
2977 885 3110 942 ergo
3137 871 3505 927 demonstrata
3529 882 3616 928 est
3633 887 3764 926 vera

2179 975 2199 1008 ι
2249 957 2426 1028 imago
2453 959 2868 1028 dispensationis
2894 977 3014 1032 qua:
3053 964 3105 1018 in
3131 979 3294 1019 carne
3319 963 3460 1020 facta
3489 973 3594 1030 est,
3617 963 3769 1018 scili-

2179 1066 2202 1101 ι
2248 1057 2337 1104 cet
2370 1037 2574 1106 Christi
2599 1050 2695 1106 Dei
2737 1053 3410 1125 nostri,quemadmodum
3461 1070 3628 1127 supra
3682 1054 3765 1110 di-

2180 1160 2200 1193 l
2243 1150 2392 1198 ctum
2421 1151 2538 1208 est;
2566 1159 2727 1214 quam
2757 1145 2872 1216 ipse
2895 1147 3055 1204 nobis
3091 1161 3252 1204 verus
3277 1157 3488 1205 natura:
3525 1147 3768 1203 viviﬁca-'

2177 1252 2198 1292 ι
2245 1241 2330 1292 tor
2351 1243 2409 1292 et
2433 1237 2590 1293 lictor
2619 1252 2752 1294 voce
2774 1241 2990 1312 propria
3021 1243 3260 1298 tradidit.
3295 1262 3315 1296 ι
3403 1306 3410 1310 _

2559 1369 2886 1445 Epiphanius
2909 1375 3160 1430 diaconus
3197 1375 3317 1448 legit
3350 1391 3367 1428 :

2185 1559 2190 1561 _
2240 1501 2418 1572 Patet,
2445 1505 2680 1576 qualiter
2710 1509 2912 1565 omnis
2966 1524 3148 1565 sermo
3193 1503 3520 1580 propositus,
3545 1511 3769 1580 quando

2172 1595 2339 1652 semel
2365 1611 2397 1651 a
2423 1598 2658 1657 veritate
2675 1613 2903 1656 aversus
2919 1609 3035 1668 est,
3051 1602 3106 1656 in
3132 1601 3330 1657 multas
3355 1609 3409 1658 et
3428 1597 3768 1671 periculosas

2171 1687 2465 1755 pravitates
2503 1704 2534 1744 a
2581 1690 2978 1760 consequentia
3036 1689 3342 1746 seductoria
3391 1690 3707 1762 proferatur
3749 1707 3774 1745 τ’

2171 1779 2368 1849 quippe
2401 1780 2544 1850 quod
2570 1789 2626 1836 et
2663 1781 2760 1837 isti”
2799 1785 3184 1852 praeceptores
3209 1782 3469 1839 novitatis
3522 1781 3764 1853 perpessi

2181 1879 2328 1926 sunt.
2353 1872 2542 1930 Aversi
2573 1874 2717 1932 enim
2744 1889 2777 1930 a
2801 1875 3032 1930 veritate
3071 1883 3292 1948 propter
3343 1874 3643 1947 imaginum
3687 1873 3767 1932 fa-

2174 1961 2430 2030 ctionem,
2467 1964 2630 2022 etiam
2673 1965 2726 2020 in
2755 1964 2985 2022 alteram
3015 1975 3317 2021 extremam
3344 1964 3647 2036 apoplexia
3687 1966 3773 2020 in~

2173 2051 2380 2109 saniam
2411 2053 2612 2125 delapsi
2643 2065 2789 2110 sunt.
2814 2055 3028 2112 Etenim
3055 2057 3211 2128 quasi
3249 2071 3318 2112 ex
3363 2055 3626 2127 Delphico
3671 2059 3770 2111 tri-

2172 2143 2310 2213 pode
2356 2144 2571 2216 obliqua
2626 2146 2741 2202 haec
2780 2155 2836 2202 et
2891 2146 3192 2218 perniciosa
3246 2147 3500 2218 dogmata
3545 2146 3768 2215 oraculo

2174 2238 2448 2293 consecuti
2477 2248 2602 2294 sunt
2625 2238 2933 2312 [vaticinati
2968 2239 3141 2314 sunt].
3174 2240 3281 2296 Sed
3311 2241 3538 2296 audiant
3563 2257 3598 2296 a
3644 2255 3770 2312 pro.

2171 2327 2393 2384 verbiali
2421 2329 2583 2385 verbo
2607 2344 2622 2384 :
2653 2329 2895 2402 Laqueus
2923 2331 3074 2401 fortis
3101 2331 3208 2386 uiro
3243 2330 3384 2386 labia
3405 2347 3526 2398 sua,
3547 2341 3597 2386 et
3627 2331 3769 2401 capi-

2175 2427 2264 2472 tur
2307 2421 2506 2491 proprii
2540 2420 2704 2476 verbis
2761 2423 2867 2476 oris
2919 2421 3104 2493 (Prov.
3151 2422 3250 2493 vt).
3285 2421 3456 2492 Ligna
3518 2421 3666 2478 enim
3713 2429 3770 2476 et

2174 2508 2356 2567 fenum
2377 2519 2434 2566 et
2456 2511 2706 2583 stipulam
2731 2519 3116 2588 apposueram,
3145 2527 3376 2584 quorum
3391 2511 3517 2566 ﬁnis
3538 2511 3593 2567 in
3620 2527 3768 2566 com-

2174 2602 2497 2661 bustionem.
2531 2602 2720 2660 Nullus
2743 2605 2888 2660 enim
2914 2604 3200 2676 aliquando
3227 2603 3477 2659 tubarum
3507 2603 3764 2674 Spiritus,

2177 2704 2496 2750 sanctorum
2552 2695 2806 2752 videlicet
2867 2695 3278 2766 apostolorum,
3323 2704 3419 2751 aut
3474 2695 3763 2751 illustrium

2175 2783 2397 2839 Patrum
2424 2793 2756 2852 nostrorum,
2787 2786 3129 2842 incruentum
3153 2785 3486 2842 sacriﬁcium
3516 2793 3762 2842 nostrum

2176 2873 2319 2945 quod
2369 2873 2422 2930 in
2463 2875 3032 2931 commemorationem
3078 2874 3279 2931 Christi
3321 2875 3418 2932 Dei
3463 2875 3642 2932 nostri
3703 2887 3763 2930 ac

2177 2964 2354 3021 omnis
2383 2965 2805 3036 dispensationis
2855 2964 2973 3036 ejus
3003 2963 3249 3032 etlicitur,
3272 2966 3412 3022 dixit
3471 2966 3764 3040 imaginem

2177 3053 2422 3124 corporis
2448 3055 2583 3125 ejus.
2619 3054 2806 3126 Neque
2840 3055 2986 3112 enim
3017 3065 3345 3128 acceperunt
3367 3073 3400 3112 a
3433 3057 3670 3114 Domino
3691 3057 3764 3112 sic

2178 3145 2358 3202 dicere
2381 3145 2464 3201 vel
2482 3146 2748 3216 conﬁteri,
2772 3147 2865 3206 sed
2888 3147 3116 3204 audiunt
3133 3148 3440 3220 evangelice
3489 3149 3764 3206 dicentem

491 3221 516 3270 ιΔ
561 3221 738 3290 imago
776 3223 974 3279 viviﬁci
1000 3226 1242 3297 corporis
1265 3228 1382 3300 ejus
1403 3231 1636 3300 pretiose
1655 3247 1720 3290 ac
1741 3233 2070 3290 honorahi1i~
2097 3225 2144 3288 C
2171 3251 2294 3292 eum
2321 3254 2335 3291 :
2385 3235 2506 3292 Nisi
2531 3239 2968 3294 manducaveritis
3017 3256 3227 3295 carnem
3253 3237 3384 3295 Filii
3433 3239 3689 3308 hominis,
3719 3251 3765 3294 et

491 3333 509 3364 ι
558 3323 639 3370 ter
666 3314 808 3371 facta
835 3317 906 3372 sit
937 3315 1052 3390 [Gr.
1082 3319 1163 3374 En
1213 3335 1346 3392 ergo
1403 3323 1582 3396 imago
1623 3325 1776 3382 vivit.
1809 3342 1923 3384 cor.
1947 3343 2070 3400 qua:

491 3423 510 3456 ι
557 3415 696 3476 pret.
729 3422 793 3476 ac
841 3408 970 3464 hon.
1011 3409 1097 3485 ﬁt]
1149 3409 1289 3479 Quid
1337 3414 1481 3471 enim
1533 3426 1942 3490 argumentatus
1988 3429 2072 3478 est

491 3515 510 3546 r
556 3497 607 3552 in
644 3498 748 3554 hoc
778 3501 1212 3572 sapientissimus
1241 3507 1418 3564 Deus?
1443 3509 1634 3567 Nonne
1661 3520 1721 3566 ut
1757 3513 2072 3570 ostenderet

491 3607 510 3639 ι
555 3598 610 3646 et
631 3592 962 3662 exprimeret
998 3596 1276 3654 evidenter
1315 3599 1472 3658 nobis
1510 3603 1822 3660 hominibus
1871 3613 2072 3676 myste-

490 3699 510 3732 α
556 3682 694 3737 rium
731 3685 873 3754 quod
899 3697 1156 3758 operatus
1177 3699 1258 3746 est
1285 3707 1384 3762 per
1405 3693 1858 3765 dispensationem
1881 3699 2071 3754 suam?

493 3789 512 3820 ι
558 3773 683 3844 quia
718 3775 859 3830 sicut
883 3777 935 3832 id
961 3781 1102 3848 quod
1125 3796 1190 3837 ex
1231 3785 1387 3841 nobis
1413 3787 1669 3858 suscepit,
1702 3789 1930 3844 materia
1957 3791 2068 3846 sola

493 3883 512 3914 ι
559 3874 642 3920 est
663 3867 909 3926 humana:
937 3873 1252 3932 substantia:
1299 3892 1397 3948 per
1436 3879 1619 3934 omnia
1666 3880 2070 3952 perlectte,non

493 3975 512 4006 ι
559 3957 842 4028 ﬁgurantis
865 3966 1080 4036 proprie
1099 3967 1480 4026 subsistentem
1518 3986 1828 4042 personam,
1858 3982 1917 4029 ut
1965 3989 2070 4030 non

493 4065 512 4097 «ι
560 4049 985 4110 additamentum
1030 4071 1275 4126 personae
1335 4060 1599 4117 divinitati
1629 4063 1918 4120 intercidat
1948 4082 1962 4119 :
1998 4065 2068 4121 ita

495 4158 514 4189 ι
557 4149 612 4198 et
637 4141 926 4214 imaginem
980 4150 1266 4206 materiam
1307 4153 1658 4224 praecipuam,
1691 4154 1742 4210 id
1787 4147 2072 4228 est,pauis

491 4249 512 4280 ‹
557 4231 920 4290 substantiam
952 4240 1207 4308 praecepit
1231 4240 1436 4310 oll'erri,
1463 4258 1568 4299 non
1624 4243 1943 4314 ﬁgurantem
1973 4248 2072 4304 ho-

493 4344 509 4370 ι
559 4321 721 4377 minis
769 4325 1036 4396 formam,
1078 4343 1147 4384 ne
1201 4331 1503 4388 idololatria
1572 4335 2066 4395 subintroducatur.

491 4432 508 4463 ι
556 4411 851 4488 Sicutergo
877 4433 1072 4490 corpus
1091 4421 1292 4479 Christi
1315 4425 1457 4495 quod
1479 4427 1771 4483 secundum
1797 4438 2063 4496 naturam,

491 4523 509 4552 ε
556 4514 802 4561 sanctum
835 4521 940 4575 est,
979 4520 1165 4582 utpote
1193 4515 1450 4572 divinitus
1492 4519 1888 4577 sanctiﬁcatum
1919 4521 2064 4596 [Gr.,

491 4619 507 4647 ι
553 4607 735 4671 utpote
777 4599 1132 4677 deiﬁcatum];
1167 4605 1239 4664 ita
1264 4607 1614 4666 manifestum
1643 4620 1748 4677 est,
1771 4613 1911 4683 quod
1969 4614 2068 4668 ad-

491 4711 509 4742 ι
551 4693 791 4764 optione,
827 4695 878 4750 id
905 4704 1008 4760 est,
1040 4695 1152 4765 ipsa
1181 4697 1359 4768 imago
1385 4698 1500 4769 ejus
1527 4710 1715 4756 saneta
1759 4711 1862 4768 est,
1888 4711 2072 4772 utpote

490 4801 506 4832 ι
554 4799 650 4854 per
677 4785 966 4855 quamdam
995 4786 1482 4844 sanetiﬁcationem
1505 4791 1696 4861 gratia:
1736 4791 2067 4847 sanctiﬁcata
2121 4863 2124 4866 g

490 4895 506 4924 ι
559 4873 703 4946 [Gr.,
733 4874 1030 4948 deiﬁcata].
1070 4875 1182 4932 lloc
1209 4878 1351 4932 enim
1385 4892 1439 4934 et
1483 4891 1756 4936 mercatus
1794 4892 1878 4937 est
1899 4880 2074 4953 [indu-

490 4986 509 5018 ι
559 4967 690 5022 strie
729 4967 941 5041 gessit],
975 4975 1036 5021 ut
1065 4967 1318 5034 diximus,
1346 4969 1606 5026 Dominus
1626 4971 1800 5036 Jesns,
1833 4981 1895 5026 ut
1933 4972 2074 5027 sicut

491 5081 508 5112 ε
557 5077 774 5117 carnem
825 5078 986 5134 quam
1037 5064 1292 5134 suscepit,
1314 5065 1532 5136 propria
1561 5066 1858 5120 secundum
1905 5072 2066 5118 natu-

489 5174 505 5201 ι
555 5168 672 5206 ram
737 5155 1164 5210 sanctiﬁcatione
1207 5169 1276 5212 ex
1329 5157 1444 5227 ipsa
1486 5156 1729 5212 unitione
1755 5155 2066 5222 deiﬁcavit;

489 5266 507 5296 ι
555 5245 803 5301 similiter
833 5257 887 5302 et
914 5247 1254 5304 eucharistize
1278 5264 1494 5319 panem,
1523 5264 1630 5304 non
1679 5257 1741 5304 ut
1773 5247 1964 5304 lalsam
1989 5248 2071 5318 [ut

490 5356 508 5387 ι
556 5353 662 5393 non
692 5337 757 5410 Ε]
789 5337 1080 5408 imaginem
1111 5340 1372 5396 naturalis
1397 5341 1598 5406 carnis,
1622 5355 1719 5410 per
1737 5340 1910 5395 sancti
1951 5337 2068 5410 Spi-

489 5450 507 5480 ι
554 5430 692 5484 ritus
749 5429 1039 5484 adventum
1085 5431 1553 5498 sanctiﬁcandum,
1581 5430 1820 5486 divinum
1876 5444 2072 5500 corpus

489 5539 506 5569 ι
552 5519 664 5574 ﬁeri
691 5517 856 5573 voluit
883 5517 1152 5574 mediante
1190 5524 1489 5588 sacerdote,
1511 5521 1602 5591 qui
1648 5519 1972 5576 oblationem
2009 5519 2075 5574 de

490 5630 508 5661 ι
553 5609 1121 5680 communiseparans,
1149 5609 1215 5664 ad
1246 5609 1728 5665 sanctiﬁcationem
1767 5610 2075 5682 pertingere

495 5722 510 5751 ι
561 5702 712 5757 facit.
751 5703 936 5772 itaque
966 5699 1169 5757 Christi
1199 5715 1324 5757 caro
1351 5701 1649 5758 secundum
1677 5709 1927 5756 naturam
1952 5700 2069 5754 aui-

493 5814 508 5842 ι
555 5789 696 5848 inata
724 5803 777 5849 ct
805 5791 1359 5864 intelligihilis,‘uncta
1381 5802 1461 5850 est
1489 5793 1898 5869 Spiritusancto
1925 5790 2080 5850 indi-

2171 3327 2404 3384 biberitis
2464 3329 2578 3399 ejus
2611 3331 2951 3402 sanguinem,
2979 3347 3080 3386 non
3136 3331 3397 3386 intrabitis
3439 3332 3497 3386 in
3548 3348 3765 3403 regnans

2170 3421 2416 3476 caelorum
2439 3419 2624 3494 (Joan.
2663 3424 2761 3494 tv).
2793 3422 2890 3478 Et:
2917 3422 3021 3488 Qui
3049 3423 3334 3478 mandueat
3359 3440 3528 3478 meam
3555 3439 3764 3478 carnem

2169 3522 2217 3570 ct
2259 3514 2385 3569 bibit
2421 3514 2730 3584 sanguinem
2761 3531 2952 3578 meum,
2979 3514 3033 3568 in
3062 3531 3142 3569 me
3182 3524 3380 3581 manet,
3401 3524 3452 3570 et
3499 3531 3595 3586 ego
3626 3516 3682 3570 in
3707 3531 3764 3570 eo

2172 3605 2368 3678 (ibid.).
2385 3605 2483 3660 Et:
2509 3607 2730 3676 Accepto
2753 3623 2905 3677 pane.
2920 3605 3119 3678 gratias
3145 3622 3324 3678 agens,
3345 3607 3522 3677 fregit,
3547 3617 3599 3660 et
3625 3606 3762 3662 dedit

2171 3694 2440 3768 discipulis
2454 3692 2585 3761 suis,
2605 3705 2653 3750 et
2667 3695 2739 3750 ait
2762 3711 2780 3750 :
2806 3685 3033 3766 Accipite
3057 3705 3106 3750 et
3129 3696 3380 3752 comedite
3392 3713 3412 3763 ;
3438 3697 3536 3751 hoc
3558 3707 3637 3753 est
3652 3715 3763 3752 cor-

2175 3803 2272 3857 pus
2297 3803 2485 3841 meum.
2511 3785 2600 3850 Et,
2625 3787 2885 3854 accipiens
2904 3784 3140 3852 calicem,
3174 3787 3373 3856 gratias
3389 3787 3518 3858 egit,
3541 3797 3594 3842 et
3623 3787 3760 3842 dedit

2173 3875 2280 3932 illis
2307 3877 2485 3931 dicens
2517 3892 2536 3931 :
2560 3871 2729 3932 Bibite
2751 3893 2816 3930 ea:
2831 3876 2926 3930 hoc
2955 3892 3130 3931 omnes
3145 3893 3163 3930 :
3183 3877 3270 3931 hic
3289 3885 3365 3932 est
3383 3877 3524 3932 enim
3544 3879 3760 3949 sangtds

2171 3986 2314 4026 meus
2336 3972 2452 4026 novi
2464 3971 2769 4030 testamenti,
2787 3969 2875 4039 qui
2890 3985 2985 4040 pro
3005 3969 3181 4024 multis
3197 3969 3493 4040 eﬂ'undetur
3505 3972 3564 4026 in
3583 3972 3763 4027 remis-

2170 4062 2366 4117 sionem
2378 4071 2704 4134 peccatorum
2719 4060 2931 4132 (Matth.
2948 4060 3271 4126 xxviJlarc.
3290 4061 3590 4128 xxrv,lLur.
3607 4061 3758 4132 ειη).
3791 4117 3794 4120 .

2174 4153 2244 4208 Et
2268 4168 2372 4208 non
2401 4152 2555 4217 dixit,
2579 4151 2808 4222 accipite
2830 4161 2886 4207 et
2911 4152 3175 4207 comedite
3205 4151 3490 4222 imaginem
3517 4151 3762 4223 corporis

2171 4241 2298 4300 mei.
2333 4243 2440 4300 Sed
2461 4251 2516 4297 et
2537 4241 2737 4298 Paulus
2761 4242 2976 4298 divinus
3021 4241 3296 4312 apostolus
3328 4255 3395 4297 ex
3431 4242 3636 4317 divinis
3659 4243 3759 4298 Do-

2170 4335 2300 4391 mini
2338 4335 2557 4392 vocibus
2606 4334 2880 4400 hauriens,
2936 4333 3037 4387 ait:
3089 4332 3202 4404 Ego
3241 4333 3416 4404 accepi
3468 4333 3759 4396 afDomiuo

2167 4427 2308 4498 quod
2352 4436 2401 4481 et
2441 4424 2636 4480 tradidi
2659 4423 2824 4490 "vobis,
2857 4415 3103 4494 quoniam
3132 4424 3185 4478 in
3207 4441 3310 4495 qua
3344 4427 3494 4479 nocte
3516 4426 3760 4500 tradeba-

2173 4527 2278 4582 tur,
2306 4516 2502 4584 accepit
2537 4531 2746 4585 panem,
2791 4524 2840 4568 et
2865 4514 3064 4583 gratias
3107 4530 3288 4584 agens,
3325 4513 3480 4584 fregit
3507 4523 3557 4567 et
3587 4517 3758 4568 dixit:

2174 4608 2404 4677 Accipite
2429 4616 2475 4660 et
2503 4605 2791 4667 comedite;
2836 4603 2950 4658 Hoc
2987 4614 3062 4658 est
3089 4620 3276 4672 corpus
3301 4614 3475 4658 meum
3493 4607 3639 4676 quod
3668 4621 3756 4674 pro

2173 4701 2316 4765 vobis
2337 4700 2640 4770 frangitur:
2685 4699 2782 4752 hoc
2811 4698 2969 4767 facite
2995 4697 3048 4751 in
3078 4713 3244 4752 meum
3305 4700 3758 4752 commemoratio-

2174 4809 2311 4846 nem.
2343 4789 2601 4848 Similiter
2628 4799 2677 4844 et
2719 4789 2934 4843 calicem
2975 4798 3246 4858 postquam
3275 4788 3511 4852 coenavit,
3539 4789 3757 4842 dicens:

2177 4883 2278 4938 Hic
2307 4883 2446 4938 calix
2495 4899 2682 4936 novum
2723 4890 3088 4936 testamentum
3123 4889 3198 4934 est
3224 4880 3278 4936 in
3315 4894 3430 4934 meo
3468 4881 3758 4950 sanguine:

2175 4975 2270 5029 hoc
2308 4975 2483 5044 facile,
2512 4975 2916 5045 quotiescunque
2949 4971 3200 5036 biberitis,
3234 4971 3290 5026 in
3336 4988 3505 5026 meam
3534 4989 3762 5026 comme-

2171 5067 2536 5122 morationem.
2563 5065 2979 5135 Quotiescunque
3007 5067 3142 5118 enim
3161 5063 3547 5118 manducahitis
3571 5079 3756 5132 panem

2171 5157 2330 5220 hunc,
2357 5165 2405 5210 et
2435 5156 2648 5209 calicem
2671 5155 2809 5209 hunc
2837 5155 3035 5220 bibatis,
3061 5165 3276 5208 mortem
3303 5151 3516 5208 Domini
3551 5167 3756 5206 annun-

2171 5244 2389 5311 tiabitis,
2420 5245 2584 5299 donec
2610 5245 2802 5300 veniat.
2853 5243 2904 5313 (Ι
2929 5243 3051 5298 Cor.
3104 5243 3205 5314 xl.)
3229 5243 3372 5313 Ergo
3414 5241 3624 5312 liquido
3670 5243 3760 5298 de.

2175 5346 2530 5394 monstratum
2579 5345 2684 5401 est,
2716 5336 2858 5408 quod
2897 5349 3160 5404 nusquam
3211 5333 3469 5390 Dominus
3491 5333 3580 5388 vel
3633 5347 3759 5403 apo-

2175 5429 2322 5496 stoli,
2351 5437 2444 5484 aut
2470 5430 2658 5486 Patres
2689 5429 2976 5500 imaginem
3009 5427 3262 5482 dixerunt
3281 5424 3610 5481 sacriﬁcium
3639 5425 3756 5479 sine

2177 5521 2459 5592 sanguine,
2503 5523 2646 5592 quod
2683 5536 2779 5592 per
2807 5521 3142 5578 sacerdotem
3167 5517 3412 5584 oﬁ‘ertur,
3443 5518 3537 5573 sed
3585 5518 3754 5587 ipsum

2177 5625 2374 5681 corpus
2401 5619 2457 5666 et
2493 5610 2668 5682 ipsum
2694 5610 3030 5682 sanguinem.
3057 5609 3122 5662 Et
3161 5616 3286 5663 ante
3313 5605 3757 5663 sanctiﬁcationis

2179 5701 2396 5771 quidem
2427 5700 3057 5774 celebrationcin,‘typos
3104 5697 3425 5768 quibusdam
3452 5695 3551 5768 [Gr
3579 5737 3598 5760 ,
3622 5695 3730 5762 Con

2182 5792 2616 5867 SUlilDlalionClll,
2649 5789 2888 5860 autitypa
2939 5787 3290 5862 quibusdam]
3321 5798 3632 5872 sanctorum
3659 5785 3756 5842 ra-

3975 1391 3977 1428 l

3975 1469 3977 1512 i
