3916 5766
471 413 577 470 ιον
629 395 632 397 Α

1639 384 2002 476 ANASTASII
2041 414 2590 474 mauoruecsnn

3633 397 3726 454 ιοε

474 525 687 582 Gabriel
731 547 763 584 a
811 529 922 590 Deo
970 531 1040 586 ad
1090 531 1396 604 Virginem;
1426 541 1473 588 et
1527 513 1790 602 ingressus
1832 530 1902 584 ad
1942 513 2056 584 eam
2085 533 2133 593 Α
2160 530 2495 596 sacerdotes,
2537 535 2594 584 et
2635 525 2944 584 sacerdotes
2976 533 3084 580 tam
3114 518 3353 579 Orientis
3385 494 3729 571 etOcciden-

441 617 605 693 .dixit
634 631 652 668 :
682 618 807 684 Ave,
853 621 1025 689 gratia
1055 621 1229 692 plena,
1261 621 1522 676 Dominus
1549 631 1750 686 tecurn;
1791 619 2058 674 benedicta

472 717 526 760 tu
559 709 694 763 inter
731 711 972 766 mulieres
1008 712 1160 784 (Luc.
1197 715 1259 784 ι).
1298 713 1441 785 Ergo
1471 727 1537 767 ex
1577 712 1867 782 Evangelio
1904 709 2059 766 audi-

470 799 650 855 vimus
674 811 883 871 gestum
911 805 1233 874 mysterium
1265 820 1363 875 per
1385 805 1634 877 angelum
1663 804 1730 860 ad
1760 803 2056 874 Virginem,

472 899 528 944 et
554 907 963 949 eommonemur
987 913 1000 950 :
1030 904 1085 951 et
1113 897 1165 950 in
1197 895 1493 968 imaginem
1513 895 2061 952 intuentes‘similiter

473 984 616 1051 quod
646 995 855 1055 gestum
885 998 1001 1054 est,
1025 989 1364 1046 manifestius
1395 989 1760 1058 intelligimus.
1801 987 1971 1044 Porro
2003 995 2059 1042 et

472 1075 527 1126 in
576 1076 736 1130 aliam
787 1094 975 1160 rursus
1032 1079 1541 1149 indisciplinationis
1603 1079 1746 1135 viam
1809 1077 2056 1134 conversi

473 1174 618 1230 sunt,
660 1167 901 1222 dicentes
932 1188 944 1222 :

861 1278 1147 1350 Gregorius
1183 1282 1453 1351 episcopus
1491 1283 1612 1353 legit
1643 1298 1662 1334 :

552 1401 568 1432 ι
617 1384 801 1455 Neque
839 1387 1142 1444 orationem
1191 1406 1402 1445 sacram
1446 1392 1874 1447 sanctiﬁcantem
1905 1393 2056 1459 illud,

478 1493 496 1525 ι
545 1485 601 1530 ιιι
630 1493 694 1531 ex
724 1481 826 1534 hoc
866 1481 931 1535 ad
970 1482 1454 1538 sanetillcationem
1499 1484 1568 1538 ab
1616 1498 1681 1538 eo
1728 1485 1869 1552 quod
1914 1499 2061 1539 com-

481 1588 498 1615 ‹
548 1582 706 1622 mune
750 1578 854 1630 est.
895 1570 1290 1628 transferatur:
1322 1573 1415 1629 sed
1458 1582 1640 1628 manet
1683 1589 1969 1629 commune
1998 1588 2062 1628 ac

479 1679 496 1706 ο
548 1659 1014 1731 inhoimrandum,
1065 1666 1519 1734 quemadmodum
1566 1667 1670 1722 hoc
1716 1667 1891 1737 pictor
1932 1665 2061 1722 eﬂ‘e-

479 1770 496 1798 t
548 1751 640 1805 ('il.
687 1771 706 1803 ι
932 1783 976 1794 γρ
1184 1754 1186 1756 ’

851 1867 1180 1938 Epiphanius
1217 1859 1470 1927 diaconus
1509 1871 1628 1943 legit
1661 1889 1679 1926 :

549 1977 614 2032 Et
642 1979 789 2047 quod
818 1995 1005 2036 verum
1036 1994 1120 2038 est
1147 1986 1386 2040 audiant.
1436 1985 1601 2041 Multa
1649 2000 1770 2056 quae
1814 1987 1866 2040 in
1905 1986 2062 2041 nobis

477 2082 690 2124 sacrata
722 2080 868 2137 sunt,
895 2073 1199 2150 orationem
1234 2092 1447 2132 sacram
1479 2092 1587 2132 non
1617 2077 1904 2148 recipiunt,
1939 2092 2060 2132 cum

479 2160 602 2215 inde
632 2170 686 2215 et
711 2177 776 2216 ex
803 2163 920 2232 ipso
943 2165 1159 2220 nomine
1185 2165 1341 2236 plena
1371 2167 1482 2222 sint
1510 2167 1874 2223 sanetitudine
1905 2167 2063 2221 simul

477 2263 531 2306 et
574 2255 766 2324 gratia.
801 2255 869 2310 Et
915 2266 1198 2326 propterea
1245 2258 1362 2313 haec
1411 2267 1470 2312 ut
1524 2273 1710 2314 revera
1759 2257 2065 2312 veneranda

476 2346 806 2420 honoramus
854 2356 910 2402 et
952 2349 1289 2415 salutamus,
1336 2350 1448 2420 ipse
1476 2351 1618 2404 enim
1654 2361 1810 2423 typus
1838 2350 2065 2406 vivilicze

477 2437 657 2492 erucis
685 2437 888 2508 absque
913 2439 1158 2495 oratione
1188 2457 1340 2496 saera
1375 2440 1618 2506 elieclus,
1651 2457 1817 2512 penes
1847 2456 1944 2496 nos
1974 2455 2063 2495 co-

474 2530 626 2593 litur,
659 2539 713 2584 et
743 2532 1195 2610 contentihsumus
1223 2535 1394 2603 ﬁgura
1423 2533 1540 2603 ejus
1569 2533 1637 2588 ad
1665 2531 2062 2600 suscipiendam

477 2619 982 2678 sanctiﬁcationem.
1019 2623 1084 2677 Et
1123 2638 1221 2693 per
1250 2623 1626 2679 adorationem
1655 2639 1775 2694 qua:
1804 2623 1946 2679 facta
1980 2633 2064 2679 est

474 2726 506 2760 a
536 2708 690 2764 nobis
717 2710 768 2763 in
795 2725 940 2776 eum,
977 2720 1032 2766 et
1060 2727 1154 2782 per
1181 2721 1364 2766 notam
1416 2712 1468 2767 in
1514 2711 1694 2768 fronte
1730 2727 2059 2783 expressam,

478 2809 641 2868 atque
671 2817 769 2870 per
797 2801 1132 2871 signaculum
1165 2803 1309 2874 quod
1344 2804 1396 2857 in
1441 2818 1568 2858 aere
1596 2819 1692 2875 per
1728 2804 1952 2875 digitum
1983 2805 2058 2869 fit,

478 2889 696 2961 abigere
747 2891 1004 2965 [insequi]
1043 2893 1315 2950 dannones
1351 2877 1650 2965 speramus.
1702 2893 1966 2950 Similiter
2011 2905 2066 2951 et

475 2983 531 3036 in
564 2983 797 3054 imagine
824 3000 922 3054 per
954 2987 1191 3041 nominis
1236 2987 1641 3044 annotationem
1692 2989 1760 3043 ad
1804 2989 2062 3060 primitivi

478 3074 744 3128 honorem
772 3075 1086 3131 reducimur
1113 3094 1126 3131 :
1165 3087 1220 3131 et
1252 3077 1553 3132 salutantes
1582 3092 1647 3132 ac
1675 3077 2065 3134 honorabiliter

478 3165 786 3231 adorantes,
816 3168 1144 3237 percipimus
1169 3167 1673 3223 sanctiﬁcationem.
1720 3168 1855 3224 Nam
1888 3178 1939 3225 et
1970 3183 2060 3224 sa-

2086 1891 2135 1951 B

2163 622 2254 686 tis,
2289 637 2450 692 quam
2477 620 2630 674 Arcti
2655 627 2709 675 et
2735 614 3101 689 Mesembria,
3143 605 3478 667 anathemati
3503 601 3730 659 destina-

2159 721 2353 768 verunt
2383 727 2478 767 eos
2505 711 2596 781 qui
2624 711 2699 766 ita
2724 713 3029 767 senserunt.
3073 707 3280 762 Verum
3309 700 3581 757 modicam
3612 710 3727 765 paro

2160 807 2270 859 tem
2301 804 2493 858 harum
2523 802 2830 858 dimccscon
2857 786 3204 859 Seduxerunt,
3247 801 3302 849 et
3340 807 3372 846 a
3410 797 3526 845 toto
3553 783 3730 841 Eccle-

2160 893 2253 948 sia:
2280 889 2506 962 corpOre
2534 891 2881 956 reciderunt,
2927 896 3021 942 aut
3066 888 3480 942 contemnentes
3529 871 3732 929 Domini

2160 999 2348 1040 vocem
2391 984 2700 1039 dicentem:
2733 981 2837 1048 Qui
2865 981 3000 1035 enim
3031 993 3194 1034 unum
3236 991 3300 1031 ex
3342 968 3579 1026 minimis
3616 965 3734 1019 meis

2161 1077 2276 1130 istis
2305 1074 2738 1130 scandalizaverit
2761 1113 2776 1138 ,
2826 1070 3030 1142 expedit
3057 1068 3103 1122 ei
3130 1076 3186 1121 ut
3222 1062 3580 1135 suspendatur
3606 1055 3734 1110 mola

2160 1169 2397 1223 asinaria
2433 1169 2574 1222 circa
2608 1164 2801 1220 collum
2838 1164 2972 1234 ejus,
3015 1169 3064 1216 et
3114 1159 3447 1228 demergatur
3497 1153 3556 1206 in
3601 1165 3736 1202 mare

2161 1257 2376 1326 (Matth.
2407 1256 2582 1328 xvm).
2615 1255 2681 1310 Et
2709 1241 3379 1328 ipsum'nonreverentes,
3427 1247 3619 1311 utpote
3651 1237 3736 1289 ad-

2160 1363 2348 1403 versus
2377 1347 2666 1418 imaginem
2693 1345 2810 1416 ejus
2843 1327 3047 1398 rabiem
3077 1347 3421 1401 exercentes,
3471 1347 3578 1387 nec
3622 1344 3737 1383 san-

2160 1447 2275 1494 ctos
2304 1437 2420 1506 ejus
2449 1437 2776 1493 erubescunt
2801 1453 2814 1489 :
2846 1436 2940 1490 sed
2971 1442 3025 1488 et
3049 1432 3307 1488 adversus
3332 1427 3478 1495 ipsos
3504 1431 3740 1478 commo-

2161 1542 2354 1590 verunt
2382 1533 2612 1605 linguas,
2648 1532 2724 1586 ita
2751 1531 2989 1587 dicentes
3015 1546 3028 1582 :

2548 1641 2829 1716 Gregorius
2867 1643 3136 1713 episcopus
3174 1638 3336 1709 legit:

2238 1777 2255 1810 ‹
2303 1756 2543 1813 Deﬁcere
2579 1769 2678 1810 nos
2701 1769 2729 1808 a
2760 1752 2994 1818 ratione,
3023 1765 3090 1806 eo
3117 1747 3261 1818 quod
3293 1757 3460 1816 super
3486 1743 3742 1799 immacuo

2168 1869 2184 1900 ι
2235 1849 2357 1903 lata:
2382 1855 2436 1902 ct
2463 1860 2676 1916 semper
2700 1842 2968 1912 gloriosa},
2994 1853 3114 1910 qua:
3143 1835 3357 1907 proprie
3383 1833 3483 1888 Dei
3510 1829 3737 1901 genitrix

2167 1956 2185 1989 ι
2234 1945 2332 2000 est,
2360 1944 2416 1991 et
2440 1935 2848 2005 pr0phetarum,
2875 1927 3240 2000 apostolorum
3267 1935 3486 1994 quoque
3511 1935 3577 1973 ac
3600 1932 3741 1972 mar-

2167 2048 2185 2080 ι
2237 2038 2434 2098 tyrum,
2471 2040 2592 2081 cum
2628 2025 2736 2079 sint
2771 2023 2891 2093 puri
2925 2020 3192 2082 homines,
3221 2023 3277 2070 et
3307 2029 3413 2068 non
3439 2025 3510 2065 ex
3541 2009 3744 2064 duabus

2168 2137 2186 2170 ι
2235 2117 2460 2182 naturis,
2493 2113 2773 2171 divinitate
2797 2112 3004 2168 scilicet
3033 2119 3088 2165 et
3118 2105 3457 2163 humanitate
3485 2117 3502 2155 :
3532 2110 3590 2156 et
3622 2100 3742 2168 quia

2168 2229 2186 2261 ι
2232 2216 2446 2279 Oportet
2477 2207 2545 2262 ad
2582 2205 2716 2260 istos
2740 2204 2963 2268 dicere.
3017 2200 3158 2272 quod
3207 2197 3381 2268 primo
3429 2194 3741 2254 destructo,

2169 2321 2186 2353 ι
2235 2314 2334 2356 nec
2372 2299 2456 2354 his
2494 2297 2565 2354 sit
2601 2311 2757 2368 opus.
2804 2314 2823 2350 ι

2543 2407 2873 2480 Epiphanius
2912 2406 3166 2460 diaconus
3203 2401 3368 2473 legit:

2235 2524 2420 2594 Neque
2444 2522 2680 2594 primum
2711 2517 3023 2590 evangelice
3044 2524 3135 2572 aut
3159 2510 3473 2584 apostolica,
3500 2517 3598 2564 aut
3620 2507 3744 2563 seri.

2164 2617 2465 2692 pluraliter,
2497 2625 2589 2670 aut
2622 2622 2868 2686 paterne,
2899 2619 2991 2666 aut
3026 2614 3430 2678 argumentose,
3461 2611 3540 2668 et,
3573 2609 3635 2656 ut
3662 2601 3743 2654 ab-

2163 2719 2336 2774 solute
2362 2715 2628 2779 dicamus,
2652 2721 2744 2766 aut
2775 2711 2861 2780 pie
2890 2704 3308 2764 destructionem
3339 2701 3593 2755 fecerunt
3614 2738 3634 2761 .
3659 2695 3746 2748 sed

2164 2827 2229 2867 ex
2263 2808 2480 2881 proprio
2507 2813 2698 2861 ventre
2724 2800 3157 2874 pronuntiantes,
3186 2794 3467 2852 catholica:
3494 2788 3747 2846 Ecclesia

2164 2880 2276 2958 Dei
2294 2900 2640 2961 restiterunt;
2677 2908 2851 2963 neque
2878 2892 2943 2947 de
2966 2888 3259 2961 propositis
3289 2887 3637 2941 intemerata:
3664 2880 3748 2934 do-

2164 2993 2325 3048 minae
2366 2996 2566 3044 nostra:
2603 2984 2880 3057 genitricis
2921 2981 3018 3037 Dei
3064 2978 3386 3050 imaginibus
3415 2983 3513 3029 aut
3539 2981 3749 3027 sancto-

2164 3069 2286 3136 rum
2311 3087 2394 3135 est
2423 3077 2528 3132 illis
2554 3091 2718 3131 verax
2746 3073 2831 3128 vel
2855 3072 2974 3144 pius
2998 3085 3178 3126 sermo
3207 3064 3492 3122 resistendi
3526 3083 3540 3117 :
3571 3076 3750 3132 quem-

2165 3170 2452 3228 admodum
2477 3167 2610 3236 jam,
2640 3165 2804 3221 dante
2829 3165 2940 3218 Deo
2961 3161 3208 3224 verbum,
3237 3155 3748 3214 demonstravimus.

476 3271 570 3310 Cm
613 3256 845 3318 diversa.
875 3273 1002 3315 V353
1046 3259 1336 3324 habentes.
1391 3259 1506 3315 haec
1555 3258 1853 3315 salutamus
1901 3269 2063 3331 atque
2087 3237 2134 3303 Ο
2166 3265 2321 3320 Prius
2350 3262 2494 3317 enim
2521 3259 2781 3322 diximus,
2809 3271 2878 3311 ex
2907 3253 3110 3310 sanctis
3133 3250 3382 3306 Patribus
3407 3245 3750 3306 haurientes,

477 3349 878 3420 amplectimur,
914 3362 970 3408 et
998 3353 1345 3408 sanctitatem
1373 3351 1664 3422 quamdam
1692 3351 1971 3422 percipere
1997 3353 2065 3408 ab

477 3442 558 3497 eis
585 3457 886 3513 speramus.
911 3443 1099 3515 Itaque
1125 3453 1220 3498 aut
1249 3460 1466 3500 crucem
1495 3454 1548 3500 et
1574 3459 1728 3500 sacra
1752 3459 1879 3499 vasa
1907 3445 2068 3502 stulte

479 3532 676 3587 dicturi
723 3543 850 3589 sunt
896 3535 1205 3590 communia
1234 3545 1288 3590 et
1317 3535 1712 3602 inhonoranda,
1749 3536 1908 3592 sicuti
1942 3536 2069 3594 fecit

478 3637 540 3676 ea
571 3623 726 3678 faber
763 3633 818 3678 et
847 3623 1020 3695 pictor
1049 3634 1103 3679 et
1135 3633 1332 3690 textor,
1382 3639 1448 3680 eo
1495 3625 1639 3696 quod
1681 3643 1786 3681 non
1836 3627 2070 3683 habeant

481 3719 783 3774 orationem
829 3735 1040 3774 sacram
1081 3720 1516 3777 sanctiﬁcantetn
1548 3722 1636 3778 illa
1668 3741 1683 3776 :
1714 3731 1808 3777 aut
1839 3732 1986 3778 certe
2013 3732 2068 3778 et

479 3808 818 3885 venerabiles
845 3809 1109 3880 imagines
1141 3819 1394 3878 tanquam
1425 3827 1610 3866 sacras
1655 3820 1710 3867 et
1755 3812 1975 3867 s'anctas
2013 3820 2068 3866 et

479 3899 824 3954 honorandas
853 3899 1160 3955 admittent.
1192 3899 1460 3956 Caeterum
1499 3901 1740 3957 volentes
1767 3913 1822 3958 et
1849 3901 1953 3957 alia
1994 3903 2067 3957 zi-

479 3988 653 4042 zaniis
700 3988 939 4044 immista
980 3989 1226 4060 plautare
1270 3976 1714 4062 semina,quasi
1760 4007 1828 4048 ex
1871 3992 2066 4063 spiritu

479 4081 773 4150 pythonico
803 4082 967 4137 etiam
1001 4082 1180 4138 adhuc
1207 4081 1460 4137 elfantur.

877 4170 1160 4266 Gregorius
1199 4196 1469 4266 episcopus
1507 4195 1630 4267 legit
1658 4235 1670 4249 .

558 4328 578 4359 ι
622 4308 679 4364 Si
715 4323 845 4365 vero
873 4310 1090 4380 quidam
1135 4325 1323 4366 eorum
1364 4311 1455 4381 qui
1500 4311 1550 4366 in
1593 4311 1685 4367 tali
1717 4327 1906 4370 errore
1934 4314 2068 4370 deti-

489 4420 506 4452 ι
556 4409 776 4468 nentur,
813 4401 1072 4467 dixerint,
1099 4411 1246 4458 recte
1273 4403 1488 4472 quidem
1520 4417 1551 4457 a
1581 4399 1737 4459 nobis
1765 4413 1821 4458 et
1847 4405 1936 4474 pie
1961 4403 2068 4460 dici

486 4513 505 4543 ι
553 4506 616 4547 ea
645 4507 765 4562 qua:
794 4493 848 4547 in
878 4493 1286 4550 subversionem
1321 4493 1572 4564 imaginis
1597 4509 1717 4564 quae
1741 4492 1945 4552 Christi
1987 4493 2068 4549 di-

485 4604 504 4633 ι
551 4583 716 4649 citur,
749 4593 1088 4652 asseruntur,
1119 4594 1341 4656 propter
1377 4585 1766 4656 inseparabiles
1793 4595 1848 4642 et
1881 4587 2068 4641 incon-
2093 4592 2145 4653 ι)

486 4697 504 4727 ι
553 4675 702 4731 fusas
738 4675 872 4732 duas
910 4686 1156 4743 naturas,
1191 4693 1311 4747 quae
1338 4676 1392 4732 in
1425 4693 1528 4732 una
1559 4677 1911 4734 subsistentia
1939 4694 2072 4735 con-
2108 4699 2110 4703 ·

485 4790 502 4819 ι
551 4777 859 4824 venerunt:
894 4769 988 4824 sed
1032 4768 1261 4824 deﬁcere
1309 4785 1408 4825 nos
1453 4785 1484 4824 a
1536 4770 1770 4837 ratione,
1819 4785 1884 4825 eo
1925 4771 2068 4842 quod

485 4881 501 4910 ι
551 4857 694 4930 [Gr.,
718 4858 966 4914 dubitare
989 4872 1056 4913 eo
1075 4857 1156 4930 q.]
1183 4873 1346 4926 super
1373 4857 1736 4914 immaculata;
1761 4875 1826 4914 ac
1855 4875 2068 4931 semper

487 4973 503 5001 ι
552 4951 820 5020 gloriosae,
852 4965 974 5020 quae
1002 4952 1220 5020 proprie
1249 4952 1344 5004 Dei
1373 4952 1600 5022 genitrix
1630 4961 1730 5015 est,
1761 4960 1816 5006 et
1837 4953 2068 5023 prophe-

487 5063 502 5091 ι
555 5053 755 5106 tarum,
802 5042 1180 5110 apostolorum
1213 5057 1427 5112 quoque
1474 5051 1530 5096 et
1573 5052 1893 5114 martyrum,
1943 5059 2065 5098 cum

488 5152 505 5180 ι
555 5134 664 5186 sint
691 5132 810 5200 puri
843 5132 1112 5197 homines,
1143 5143 1196 5188 et
1237 5147 1342 5187 non
1373 5147 1440 5188 ex
1474 5132 1683 5187 duabus
1714 5133 1943 5196 naturis,
1990 5134 2069 5186 di-

491 5244 506 5270 ‹
559 5222 786 5275 vinitate
827 5222 1033 5277 scilicet
1070 5233 1125 5278 et
1164 5224 1522 5288 humanitate,
1558 5223 1612 5277 in
1640 5240 1746 5278 una
1775 5223 2071 5278 subsisten-

492 5331 508 5358 ι
560 5312 653 5374 tia,
684 5311 855 5363 instar
882 5311 1042 5366 unius
1067 5311 1288 5379 Christi,
1329 5313 1396 5368 ad
1439 5311 1673 5368 fiendum
1702 5312 1964 5382 imagines
1991 5312 2070 5366 in-

493 5425 508 5450 ε
560 5400 939 5457 terdictionem
978 5400 1221 5456 facimus.
1266 5421 1286 5455 ι

866 5507 1192 5576 Epiphanius
1232 5513 1481 5568 diaconus
1521 5511 1642 5584 legit
1674 5527 1692 5564 :

558 5621 746 5675 Nullus
793 5633 984 5674 eorum
1028 5618 1122 5686 qui
1161 5619 1214 5672 in
1253 5623 1516 5678 catholica
1562 5624 1801 5680 Ecclesia
1850 5623 2070 5678 enutriti

489 5719 633 5766 sunt.
675 5707 1004 5762 ἰιιιριιριριιῑι
1049 5707 1135 5758 νει
1175 5709 1448 5764 ,ιίτρχρνίι
1497 5715 1620 5758 md“
1779 5723 1786 5726 .
2027 5714 2035 5718 .

2165 3356 2290 3428 quia
2321 3351 2573 3424 imaginis
2598 3350 2774 3407 honor
2817 3346 2884 3402 ad
2928 3343 3224 3416 principale
3270 3339 3498 3404 transit;
3539 3346 3597 3392 et
3631 3334 3753 3405 quia

2164 3446 2256 3516 qui
2287 3445 2527 3499 intuetur
2555 3437 2842 3512 imaginem
2872 3437 3014 3508 regis
3035 3476 3050 3501 ,
3093 3435 3332 3488 intuetur
3361 3430 3415 3485 in
3445 3444 3512 3484 ea
3543 3441 3748 3498 regem.

2164 3536 2266 3604 Qui
2302 3550 2432 3605 ergo
2473 3533 2662 3589 ado’rat
2703 3530 3015 3602 imaginem,
3060 3526 3116 3582 in
3169 3539 3234 3580 ea
3285 3523 3478 3578 adorat
3526 3531 3750 3589 regem:

2165 3626 2309 3681 illius
2336 3624 2481 3680 enim
2513 3622 2685 3678 forma
2716 3630 2771 3676 et
2797 3619 3009 3690 species
3035 3626 3119 3672 est
3144 3615 3322 3684 imago
3361 3610 3507 3683 [ατη
3537 3610 3593 3663 in
3623 3609 3754 3662 ima-

2164 3715 2313 3789 gine]
2340 3733 2352 3769 :
2384 3723 2440 3770 et
2477 3715 2620 3769 sicut
2667 3712 2760 3783 qui
2812 3709 3066 3780 injuriam
3112 3704 3272 3761 infert
3320 3702 3464 3772 regis
3507 3698 3751 3770 imagini,

2163 3825 2379 3881 paruam
2418 3807 2543 3880 jure
2588 3804 2914 3878 perpetitur,
2963 3810 3218 3871 tanquam
3262 3797 3353 3868 qui
3403 3793 3507 3866 ipsi
3550 3805 3753 3855 causa,

2163 3898 2415 3954 videlicet
2459 3895 2619 3967 regi,
2675 3891 3110 3948 inhonorantiam
3160 3887 3388 3951 intulit,
3438 3895 3754 3954 quanquam

2165 3991 2345 4061 imago
2375 3986 2511 4044 nihil
2544 3987 2691 4042 aliud
2735 3986 2808 4040 sit
2849 3998 3012 4055 quam
3053 3982 3259 4053 lignum
3291 3987 3346 4034 et
3371 3969 3591 4034 coleres
3616 3988 3755 4030 cera

2165 4081 2386 4138 immisti
2434 4089 2488 4137 et
2532 4077 2814 4149 temperati
2845 4091 2860 4129 :
2892 4077 2968 4131 ita
2995 4085 3051 4130 et
3079 4075 3183 4129 hoc
3214 4072 3374 4128 modo
3400 4069 3495 4140 qui
3527 4068 3754 4140 ﬁguram

2165 4172 2449 4242 cujuslibet
2489 4170 2804 4235 inhonorat,
2847 4168 2900 4223 in
2943 4167 3180 4238 idipsum
3225 4160 3380 4232 cujus
3426 4161 3609 4231 imago
3649 4165 3750 4218 est,

2165 4263 2336 4320 refert
2370 4260 2643 4332 iniuriam.
2690 4258 2801 4315 Sed
2847 4267 2905 4314 et
2952 4257 3066 4328 ipsa
3116 4263 3310 4310 natura
3355 4266 3541 4306 rerum
3576 4250 3754 4312 docet,

2168 4347 2294 4426 quia
2327 4354 2453 4409 dum
2483 4352 2662 4422 imago
2691 4349 3069 4414 inhonoratur,
3103 4345 3288 4415 utique
3327 4338 3633 4413 principale
3670 4338 3750 4392 in-

2168 4448 2486 4504 honoratur.
2527 4442 2643 4498 Hoc
2666 4456 2855 4497 omnes
2884 4439 3128 4495 homines
3155 4437 3354 4499 sciunt,
3384 4432 3641 4504 ipsosque
3667 4443 3755 4483 co-

2171 4545 2438 4609 gnoscunt
2483 4525 2743 4590 adversus
2786 4531 2978 4586 Patres
3020 4529 3320 4598 insurgere,
3369 4531 3426 4578 et
3471 4519 3756 4576 catholicae

2174 4625 2430 4685 Ecclesiae
2457 4621 2731 4679 traditioni
2759 4620 3013 4676 resistere
3035 4658 3048 4681 ,
3089 4627 3250 4686 atque
3284 4619 3540 4666 naturam
3577 4622 3753 4664 rerum

2175 4735 2282 4776 non
2308 4717 2483 4789 sequi.
2511 4716 2714 4772 lterum
2741 4722 2924 4769 autem
2955 4708 3211 4766 refertam
3246 4704 3535 4761 mendacio
3558 4703 3755 4758 haben-

2177 4822 2258 4868 tes
2283 4812 2541 4883 linguam,
2569 4808 2867 4878 opinantur
2893 4802 3165 4860 oﬁendere
3214 4795 3520 4872 [fraudare]
3558 4793 3752 4850 verita-

2176 4914 2301 4970 tem,
2335 4904 2576 4958 dicentes
2603 4914 2619 4951 :

2583 5053 2866 5126 Gregorius
2893 5051 3158 5121 episcopus
3186 5047 3305 5117 legit
3328 5059 3346 5096 :

2247 5193 2266 5225 ι
2301 5173 2687 5229 Verumtamen
2727 5169 2971 5225 dicamus
3018 5177 3080 5218 ea
3117 5177 3238 5233 qua:
3278 5167 3402 5214 sunt
3449 5172 3638 5212 eorum
3675 5155 3757 5210 de-

2179 5283 2197 5316 ι
2225 5263 2560 5319 structionis.
2633 5259 2896 5328 Quoniam
2961 5255 3178 5325 quidem
3245 5259 3434 5306 nostra
3501 5246 3753 5302 catholica

2179 5374 2196 5404 ι
2228 5351 2660 5407 Christianorum
2698 5346 2936 5403 Ecclesia
2973 5343 3148 5399 media
3176 5341 3318 5396 inter
3341 5338 3680 5395 Judaismum
3706 5343 3755 5387 et

2180 5463 2198 5494 ι
2231 5443 2602 5514 paganismum
2631 5441 2894 5502 existens,
2940 5443 3252 5490 neutrorum
3291 5430 3567 5486 solemnes
3607 5440 3756 5482 czere-

2182 5555 2198 5583 ι
2233 5535 2440 5588 monias
2465 5531 2650 5596 habet,
2689 5528 2784 5584 sed
2816 5542 2954 5582 nova
2985 5525 3200 5594 pietatis
3226 5532 3282 5578 et
3309 5515 3753 5592 mysticisacriﬁ-

2184 5643 2196 5673 ι
2228 5623 2295 5678 cii
2317 5615 2575 5677 divinitus
2599 5621 2777 5666 lrmliti
2806 5617 2993 5664 semita
3019 5615 3242 5670 incedit.
3265 5610 3530 5667 Judaismi
3549 5609 3758 5666 αυίάθηι
