3916 5340
102 391 194 449 409

771 391 1326 450 INTERPRETATIO
1366 393 1617 450 SYNODl
1661 392 1746 448 Ἧι
1785 386 2194 453 GENERALIS.
2229 377 2301 438 Σ-
2337 398 2543 456 ACTIO
2577 397 2665 453 Vl.

3251 369 3358 443 no

102 524 119 554 ι
144 499 400 558 idolorum
450 499 764 569 factionem,
810 515 865 559 et
910 505 1172 560 idolorum
1216 505 1420 560 cultum
1461 503 1672 558 abomi-
1702 505 1750 564 Α
1781 519 1884 558 non
1912 503 2041 569 Deo,
2070 508 2145 560 ait
2169 506 2450 577 Scriptura
2481 487 2660 579 (Deut.
2696 501 2891 573 xxxii).
2935 501 2977 557 Α
3027 501 3182 556 nobis
3226 512 3359 565 ergo

102 613 118 644 ι
143 608 291 657 nans,
319 591 414 661 qui
462 605 655 650 auctor
697 605 752 651 et
794 596 1045 652 inventor
1086 595 1462 651 abominabilis
1511 593 1672 664 hujus

101 706 117 735 ς
139 689 262 740 artis
291 686 477 743 tactus
504 699 585 745 est
609 706 624 745 :
654 706 804 761 spem
827 692 970 746 enim
1002 690 1416 748 resurrectionis
1444 704 1548 746 non
1572 690 1672 743 ha-

99 794 118 826 s
142 777 281 841 beas,
309 777 541 846 dignum
569 782 852 838 ludibrium
876 782 977 838 sibi
997 781 1293 847 adinvenit,
1316 788 1375 835 ut
1399 796 1506 836 non
1534 794 1670 850 pra:-

100 887 115 917 ι
140 879 331 923 sentem
371 875 534 941 quasi
565 883 879 944 przesentem
909 890 1006 946 per
1036 873 1357 929 derisionem
1393 872 1666 928 exhibeat.

99 976 113 1006 σ
141 957 190 1010 Si
214 973 346 1029 ergo
369 961 447 1015 nil
478 973 855 1020 extraneorum
881 975 966 1021 est
1003 965 1056 1020 in
1088 980 1178 1031 ea,
1204 964 1398 1020 merito
1438 971 1498 1018 ut
1532 963 1666 1018 alie-

98 1066 112 1096 t
142 1064 257 1101 num
288 1053 461 1107 etiam
489 1054 614 1120 hoc,
646 1064 699 1111 et
732 1057 1012 1112 datmonici
1049 1071 1238 1112 sensus
1280 1057 1519 1112 virorum
1567 1056 1664 1111 ad-

97 1159 110 1189 t
139 1140 396 1210 inventio,
425 1155 705 1202 avertatur
729 1165 758 1202 a
788 1148 983 1204 Christi
1011 1149 1300 1205 Ecclesia.)
1595 1131 1598 1136 ’

204 1275 541 1347 Epiphanius
579 1282 832 1338 diaconus
871 1281 940 1355 [et
974 1282 1322 1356 cubuclesius]
1359 1283 1478 1355 legit
1515 1298 1536 1338 :

149 1405 608 1468 lmmensurabilis
634 1427 696 1468 ac
721 1412 926 1469 frivolae.
963 1414 1214 1470 dictionis
1254 1430 1441 1470 eorum
1484 1413 1663 1472 littera

88 1499 379 1568 plenissime
406 1503 773 1562 deliramentis
792 1515 1097 1576 procurata,
1127 1508 1488 1578 importunum
1510 1507 1665 1576 quid-

90 1591 196 1642 dam
230 1600 282 1644 et
317 1591 487 1649 nimis
523 1593 634 1649 risu
674 1595 890 1666 dignum
928 1596 1129 1652 existit.
1179 1597 1236 1652 In
1271 1598 1663 1668 posterioribus

91 1674 214 1747 [Gr.,
244 1682 718 1756 antecedentibus]
747 1683 891 1740 enim
935 1685 986 1740 in
1038 1686 1332 1757 praecipitia
1373 1693 1429 1741 et
1479 1687 1663 1742 fauces

91 1767 367 1842 {barathra}
402 1787 506 1840 per
539 1774 868 1830 ratiunculas
897 1791 1023 1832 suas
1060 1777 1264 1832 inducti
1297 1785 1421 1832 sunt
1460 1795 1473 1831 :
1520 1790 1664 1831 nunc

89 1868 244 1911 autem
275 1859 328 1913 in
358 1861 695 1929 profundum
729 1863 923 1919 inferni
969 1881 1028 1920 se
1063 1865 1379 1929 intulerunt,
1428 1864 1660 1920 mediam
1690 1862 1738 1922 B

89 1949 206 2003 inter
230 1950 574 2007 Judaismum
615 1963 671 2009 et
707 1957 1073 2026 paganismum
1099 1955 1507 2026 pronuntiantes
1542 1947 1670 2011 esse.

86 2042 500 2100 Christianorum
551 2047 868 2102 Ecclesiam.
929 2048 1130 2103 Deinde
1168 2049 1361 2102 iterum
1411 2045 1552 2100 intra
1602 2061 1662 2102 se

85 2133 314 2190 cadentes
337 2137 531 2191 dicunt
557 2136 683 2209 [sibi
716 2155 820 2194 non
847 2148 1160 2194 constantes
1188 2137 1413 2212 dicunt].
1441 2147 1664 2196 neutro-

85 2241 186 2278 rum
234 2227 510 2284 solemnes
553 2231 904 2286 caaremonias
949 2232 1168 2287 habere.
1220 2231 1388 2303 igitur
1440 2244 1533 2288 aut
1586 2235 1660 2290 ibi

84 2317 419 2385 mentiuntur,
465 2327 559 2373 aut
610 2319 697 2374 hic
739 2321 1015 2376 veritatem
1058 2337 1164 2376 non
1204 2324 1407 2378 dicunt.
1447 2323 1554 2379 Sed
1601 2334 1659 2380 ut

86 2405 237 2459 verius
263 2408 505 2473 dicatur,
536 2409 756 2464 sibimet
781 2413 1131 2466 mentiuntur.
1159 2409 1490 2468 Mendacium
1513 2415 1658 2469 enim

83 2514 170 2550 non
196 2501 352 2554 modo
378 2501 600 2556 veritati
629 2493 976 2568 contradicit,
1009 2505 1102 2560 sed
1144 2514 1201 2560 et
1244 2506 1345 2561 sibi
1358 2498 1370 2571 ,
1406 2515 1465 2561 ut
1507 2523 1664 2562 sacer

83 2590 334 2656 psalmista
395 2593 576 2663 inquit
623 2593 812 2649 David.
875 2595 1094 2650 Mentita
1122 2604 1198 2650 est
1225 2598 1394 2659 enim.
1423 2600 1521 2664 ait,
1560 2601 1663 2654 ini-

79 2684 227 2748 quitus
253 2685 353 2737 sibi
382 2683 562 2754 (Psat.
604 2685 774 2757 xxvi).
814 2685 1044 2742 Basilius
1082 2702 1210 2758 ergo
1248 2687 1660 2745 Caesariensium

82 2773 274 2840 prasut,
325 2773 486 2845 cujus
535 2776 589 2830 in
629 2792 846 2832 omnem
891 2786 1091 2832 terram
1135 2778 1303 2832 exivit
1353 2794 1551 2844 sonus,
1603 2779 1660 2835 in

83 2863 472 2932 ipsoprotemio
499 2865 766 2922 sermonis
796 2866 879 2920 sui
909 2874 1096 2922 contra
1144 2865 1482 2924 Sabellianos
1526 2869 1661 2923 scri-

81 2952 145 3019 pti
173 2953 244 3006 sic
273 2953 352 3008 ait
386 2968 402 3006 :
442 2953 723 3024 [inpugnat
750 2952 1061 3011 Judaismus
1087 2957 1486 3027 paganismum,
1517 2967 1662 3014 uter-

81 3057 170 3110 que
195 3060 320 3099 vero
348 3045 853 3103 Christianismum.
891 3047 998 3119 Ipsi
1036 3057 1218 3104 autem
1261 3051 1354 3120 qui
1397 3059 1662 3122 putantur

82 3132 186 3202 [sibi
218 3133 496 3207 videntur]
527 3151 692 3206 super
721 3135 909 3194 Patres
933 3153 1054 3194 esse
1086 3140 1375 3210 sapientes,
1427 3143 1657 3197 mediam

1771 603 1825 648 et
1855 609 1952 664 per
1980 610 2078 649 nos
2113 608 2198 650 est
2226 596 2424 651 malum
2455 606 2617 667 atque
2655 593 2813 663 hujus
2835 592 3142 653 adversum,
3171 596 3226 641 et
3249 601 3358 641 non

1768 702 1836 743 ex
1863 687 2118 756 subjectis
2144 690 2407 744 materiis.
2448 689 2649 743 Idolum
2674 687 2838 748 enim,
2860 694 2919 739 ut
2949 685 3026 737 ait
3047 679 3356 751 Apostolus,

1769 777 1898 847 quid
1925 779 2051 832 est?
2075 787 2129 833 et
2150 778 2502 850 idolothytum
2535 777 2662 848 quid
2690 785 2795 841 est,
2821 775 2922 830 nisi
2947 773 3090 844 quod
3111 786 3232 841 quae
3255 770 3360 823 ima

1768 869 1973 926 molant
2011 880 2218 941 gentes,
2273 870 2552 926 daemoniis
2597 869 2896 931 immolant,
2943 875 2999 920 et
3046 879 3152 918 non
3207 859 3363 916 Deo?

1769 959 1821 1031 (I
1851 959 1974 1015 Cor.
2023 960 2102 1032 χ.)
2145 959 2316 1017 Porro
2344 960 2633 1031 plurimum
2661 967 2927 1022 errantes,
2967 965 3021 1011 et
3049 952 3274 1022 injurias
3303 959 3360 1005 et

1767 1054 2048 1109 mendacia
2079 1053 2363 1126 ﬁngentes,
2402 1053 2724 1118 deliberant,
2763 1059 2816 1108 et
2845 1049 3085 1104 inferunt
3111 1042 3361 1112 hujusce-

1765 1146 1931 1202 modi.

2165 1233 2445 1307 Gregorius
2487 1236 2754 1307 episcopus
2792 1232 2912 1303 legit
2953 1245 2972 1282 :

1843 1365 1861 1400 ι
1891 1347 2138 1416 Quicscat
2178 1365 2307 1420 ergo
2333 1364 2493 1403 omne
2520 1364 2581 1403 os
2601 1348 2896 1415 obloquens
2931 1345 3111 1411 iniqua
3145 1347 3201 1394 et
3226 1353 3359 1393 con-

1770 1458 1790 1492 s
1819 1439 2100 1496 tumeliosa
2124 1449 2310 1494 contra
2338 1448 2577 1492 nostrum
2610 1438 2719 1491 Deo
2751 1443 3028 1504 acceptum
3067 1428 3356 1485 consilium

1771 1549 1790 1584 ι
1819 1540 1979 1601 atque
2003 1531 2345 1586 sententiam.
2387 1529 2572 1583 Sancti
2597 1528 2738 1583 enim
2763 1527 2853 1596 qui
2884 1526 2992 1579 Deo
3017 1523 3357 1594 placuerunt,

1771 1641 1790 1675 ι
1820 1621 1960 1678 etab
1985 1624 2098 1692 ipso
2138 1630 2265 1677 sunt
2300 1619 2564 1689 dignitate
2608 1617 2910 1674 sanctitatis
2958 1612 3226 1675 honorati,
3269 1609 3354 1662 vi-

1770 1735 1789 1768 ‹
1821 1724 1954 1769 vunt
1999 1730 2212 1785 semper
2259 1713 2388 1777 Deo,
2441 1712 2566 1766 licet
2632 1711 2756 1765 hinc
2804 1704 3170 1778 migraverint.
3209 1701 3356 1767 Quos

1772 1825 1793 1861 ι
1820 1807 1910 1877 qui
1948 1808 1998 1862 in
2028 1815 2235 1861 mortua
2262 1814 2377 1860 arte
2405 1814 2567 1875 atque
2594 1801 2801 1866 odihili,
2825 1812 3096 1868 nunquam
3117 1794 3352 1854 vivente,

1769 1917 1787 1948 ι
1818 1897 1911 1952 sed
1942 1898 2008 1950 ab
2050 1897 2374 1951 adversariis
2422 1893 2665 1965 paganis,
2713 1905 2851 1946 vane
2897 1897 3129 1958 reperta,
3158 1890 3352 1956 pensat

1769 2007 1787 2040 ι
1815 1988 2047 2059 erigere,
2065 1988 2418 2058 blasphemus
2445 1987 2767 2041 ostenditur.
2805 2003 2822 2036 ι

2150 2118 2474 2190 Epiphanius
2512 2115 2767 2171 diaconus
2805 2115 2969 2184 legit:

1832 2230 1890 2285 ln
1921 2231 2005 2286 his
2029 2245 2149 2300 quae
2179 2233 2246 2284 ab
2277 2230 2356 2284 eis
2406 2242 2551 2283 nunc
2601 2227 2739 2281 dicta
2787 2232 2914 2280 sunt
2967 2233 3257 2277 extraneos
3299 2225 3357 2272 et

1763 2323 1968 2378 alienos
1995 2338 2055 2377 se
2081 2338 2111 2376 a
2153 2321 2246 2377 Dei
2286 2336 2416 2391 pace
2444 2320 2848 2382 demonstrant;
2897 2330 3058 2386 quam
3105 2312 3374 2366 videlicet

1764 2411 2022 2466 Dominus
2068 2421 2252 2468 noster
2297 2412 2380 2466 his
2417 2409 2508 2480 qui
2549 2423 2803 2481 germane
2851 2422 2915 2462 ac
2959 2405 3078 2459 sine
3124 2402 3246 2458 dolo
3300 2402 3354 2454 in

1763 2502 1910 2557 illum
1941 2501 2189 2566 credunt,
2211 2501 2414 2555 dimisit
2438 2501 2624 2555 dicens
2650 2497 2881 2554 :Pacem
2905 2513 3072 2552 meam
3099 2495 3167 2550 do
3187 2493 3351 2554 vobis,

1761 2607 1941 2660 pacem
1990 2607 2156 2645 meam
2203 2592 2437 2661 relinquo
2486 2589 2628 2644 vobis
2670 2588 2852 2656 (Joan.
2902 2586 3036 2655 le).
3077 2581 3356 2650 Quomodo

1761 2681 1904 2734 enim
1940 2696 2067 2750 pax,
2097 2680 2140 2733 si
2170 2689 2360 2734 contra
2383 2693 2571 2733 eorum
2597 2677 2882 2734 consilium
2931 2683 2987 2730 et
3031 2671 3355 2728 sententiam

1761 2769 2028 2825 catholica
2057 2768 2295 2823 Ecclesia
2336 2768 2581 2837 erigitur,
2629 2765 2930 2822 confortata
2965 2771 3019 2818 et
3058 2759 3356 2816 certiiicata

1764 2859 2141 2915 traditionibus
2173 2859 2334 2914 suis?
2372 2857 2473 2924 Qui
2502 2858 2644 2912 enim
2675 2856 2855 2911 divino
2891 2854 3007 2912 zelo
3053 2859 3354 2914 moventur,

1762 2964 1976 3019 semper
2004 2949 2255 3004 Patribus
2279 2955 2334 3002 et
2361 2946 2631 3002 traditioni
2655 2944 3146 3002 ecclesiasticarum
3177 2940 3356 3010 legum

1761 3040 2138 3094 concordant:
2171 3053 2293 3092 eum
2333 3051 2461 3090 vero
2491 3036 2582 3104 qui
2634 3033 2911 3090 contrarie
2955 3046 3013 3086 se
3062 3030 3244 3092 habet,
3299 3035 3358 3081 ut

1764 3132 2041 3186 inimicum
2072 3129 2350 3200 etl‘ugiunt.
2403 3128 2514 3183 Hos
2544 3142 2676 3197 ergo
2711 3135 2966 3194 tanquam
3013 3137 3108 3176 eos
3149 3120 3239 3190 qui
3287 3135 3354 3174 ex

80 3224 458 3289 perhibuerunt
511 3239 630 3282 esse
682 3226 1108 3284 Christianorum
1169 3230 1331 3287 ﬁdem
1378 3233 1520 3288 inter
1561 3235 1659 3290 hos
1686 3213 1732 3274 C
1767 3228 1876 3275 toto
1908 3235 2135 3289 corpore
2173 3217 2426 3273 Ecclesiae
2454 3231 2574 3271 sese
2615 3215 2942 3276 reciderunt,
2995 3225 3100 3264 non
3142 3215 3359 3263 cessant

79 3313 196 3367 duos
221 3315 594 3383 adversarios.
643 3315 954 3375 Judaismus
1000 3320 1216 3390 quidem
1258 3322 1493 3393 inopiam
1523 3323 1663 3378 divi-

81 3405 284 3471 nitatis,
335 3417 393 3462 at
438 3423 570 3464 vero
615 3411 962 3480 paganismus
1004 3413 1402 3470 multitudinem
1439 3416 1662 3472 deorum

80 3496 286 3551 induxit.
328 3497 632 3570 Gregorius
661 3500 806 3555 enim
833 3501 926 3571 qui
957 3518 988 3556 a
1017 3504 1283 3572 theologia
1312 3507 1663 3576 cognomina-

81 3594 169 3649 tur,
199 3589 490 3664 utriusque
515 3588 873 3660 abjectionem
902 3590 1137 3658 faciens,
1187 3595 1258 3648 ita
1307 3595 1437 3651 dicit
1482 3596 1657 3667 (Orat.

77 3675 121 3728 in
144 3675 331 3732 Christi
369 3679 510 3748 nul.)
543 3693 560 3733 :
591 3679 684 3734 Dei
713 3694 893 3736 autem
925 3698 1046 3738 cum
1084 3683 1272 3740 dixem
1301 3725 1316 3750 ,
1356 3685 1534 3743 Patris
1577 3690 1662 3744 aio

77 3781 119 3821 et
147 3769 259 3823 Filii
287 3779 345 3825 et
379 3771 623 3841 Spiritus
645 3775 818 3829 sancti
850 3789 866 3829 :
903 3790 1078 3845 neque
1103 3791 1266 3846 supra
1310 3779 1422 3835 haec
1462 3780 1663 3836 deitate

77 3861 375 3926 excedente,
411 3875 470 3917 ut
496 3879 606 3918 non
637 3864 825 3936 vulgus
853 3866 1076 3921 deorum
1111 3869 1536 3937 introducamus,
1568 3888 1662 3928 ne-

77 3963 166 4014 que
199 3951 341 4006 intra
376 3952 494 4007 haec
522 3952 744 4008 deﬁnita
774 3972 788 4008 :
815 3971 884 4011 ne
913 3955 1214 4012 divinitatis
1242 3959 1419 4030 inOpia
1451 3961 1663 4032 judice-

80 4055 184 4093 mur
205 4041 604 4116 [damnentur],
632 4055 726 4099 aut
749 4056 970 4117 propter
993 4049 1364 4105 monarchiam
1378 4050 1661 4119 judaizan-

78 4137 164 4194 tes,
203 4131 286 4186 vel
335 4143 561 4204 propter
595 4133 818 4205 deorum
849 4137 1059 4208 copiam
1093 4139 1507 4209 paganizantes;
1542 4158 1658 4198 ma-

78 4219 170 4274 lum
198 4224 346 4278 enim
382 4225 436 4279 in
468 4235 699 4297 utroque
732 4228 928 4293 simile,
958 4229 1086 4286 licet
1111 4231 1166 4286 in
1185 4234 1482 4290 contrariis
1511 4233 1663 4291 inve-

79 4310 258 4368 niatur.
311 4315 386 4368 Et
439 4331 561 4386 quae
615 4317 824 4375 Veteris
862 4308 1078 4391 quidem
1126 4331 1252 4378 sunt
1306 4324 1658 4395 Testamenti,

78 4405 201 4470 quod
226 4408 401 4461 tenuit
429 4407 760 4464 Isracliticus
793 4411 1040 4481 populus,
1083 4412 1177 4469 Dei
1227 4415 1447 4471 traditio
1492 4427 1612 4472 erat
1642 4436 1685 4482 :_

80 4511 392 4566 paganorum
446 4510 633 4556 autem
663 4541 681 4568 ,
735 4503 1058 4560 daemonum.
1118 4505 1262 4577 Ergo
1307 4515 1363 4564 et
1410 4509 1499 4565 hic
1535 4525 1658 4565 cum

79 4586 322 4645 divinitus
361 4593 577 4647 traditis
630 4595 913 4664 praeceptis
953 4594 1248 4652 daemonica
1298 4613 1657 4656 connumera-

79 4692 256 4736 verunt
291 4691 350 4736 et
381 4683 864 4757 commiscuerunt,
893 4685 1183 4757 imaginem
1211 4687 1422 4744 Domini
1452 4688 1655 4745 idolum

79 4775 480 4836 pronuntiantes
506 4815 521 4840 ,
571 4775 877 4832 daemonum
923 4777 1248 4849 imaginibus
1293 4781 1653 4836 consimilem.

79 4863 480 4921 Calumniantur
523 4881 656 4938 ergo
703 4875 759 4921 et
800 4867 936 4922 Abel
971 4878 1028 4924 et
1053 4868 1167 4925 Noe
1193 4879 1248 4926 et
1269 4871 1541 4927 Abraham
1573 4887 1660 4928 sa-

79 4955 394 5011 criﬁciorqu
435 4973 619 5022 causa,
655 4974 776 5027 qum
812 4959 879 5014 ab
924 4960 1058 5030 ipsis
1098 4975 1195 5030 per
1241 4961 1489 5016 animalia
1533 4970 1660 5018 sunt

80 5047 263 5111 oblata,
294 5057 352 5102 et
390 5047 648 5118 Moysem,
682 5059 738 5103 et
773 5047 1012 5116 Samuel,
1039 5059 1093 5106 et
1119 5050 1308 5117 David,
1343 5061 1399 5107 et
1424 5053 1663 5123 reliquos

81 5143 434 5206 patriarchas;
467 5141 592 5211 quia
627 5149 686 5195 et
715 5141 816 5210 ipsi
843 5151 1099 5200 extranea
1131 5153 1186 5200 et
1213 5159 1419 5215 pagana
1455 5144 1662 5203 sacriﬁ-

81 5233 151 5284 ria
179 5234 290 5289 Deo
323 5235 740 5290 sacriﬁcabant:
765 5249 1068 5306 quanquam
1107 5235 1386 5307 Scriptura
1417 5240 1662 5295 testimo-

1688 4562 1737 4619 D

1763 3316 1876 3373 veri
1908 3314 2243 3377 adoratores,
2278 3311 2369 3380 qui
2409 3311 2462 3364 in
2491 3309 2684 3380 spiritu
2726 3317 2782 3362 et
2827 3306 3056 3360 veritate
3100 3303 3208 3358 Deo
3242 3315 3358 3355 ser-

1761 3411 1916 3466 viunt.
1944 3407 2125 3479 (Joan.
2155 3405 2252 3476 tv),
2284 3413 2340 3459 et
2367 3403 2680 3474 imaginales
2701 3400 2936 3470 picturas
2959 3397 3011 3452 in
3035 3394 3355 3449 relationem

1762 3511 1818 3557 et
1852 3497 2419 3556 commemorationem
2455 3502 2662 3548 tantum
2691 3489 2911 3552 trahent,
2941 3495 2996 3540 et
3027 3485 3124 3538 has
3146 3481 3354 3552 amplc-

1763 3599 1982 3647 ctuntur
2009 3597 2170 3656 atque
2217 3584 2476 3647 salutant,
2527 3589 2713 3636 contra
2766 3576 3053 3646 reprobum
3098 3572 3356 3628 divinitus

1761 3679 2044 3739 consilium
2069 3691 2255 3732 eorum
2287 3683 2447 3743 atque
2469 3671 2812 3732 sententiam,
2861 3667 3083 3721 thorace
3113 3661 3358 3716 veritatis

1763 3770 1954 3835 induti,
1996 3769 2226 3839 pugione
2251 3766 2475 3838 spiritus
2499 3777 2754 3833 pungere.
2795 3758 2978 3814 Sancti
3000 3757 3143 3810 enim
3163 3754 3358 3809 Patres

1762 3864 1854 3934 qui
1887 3879 1918 3917 a
1956 3860 2153 3916 steculo
2192 3859 2304 3915 Deo
2354 3857 2695 3928 placuerunt,
2745 3851 2812 3908 ad
2853 3857 3095 3906 nostram
3126 3847 3356 3902 salutem

1761 3965 1925 4025 atque
1954 3952 2241 4008 utilitatem
2287 3950 2428 4004 vitas
2450 3963 2582 4013 suas
2627 3943 2964 4014 conscriptas
2989 3939 3146 3996 nobis
3173 3937 3362 3993 dimit-

1762 4053 1955 4110 tentes,
1982 4044 2145 4099 etiam
2169 4057 2230 4098 ea
2257 4055 2377 4111 qua:
2402 4056 2432 4094 a
2461 4055 2520 4094 se
2545 4047 2665 4092 acta
2689 4044 2834 4101 sunt,
2858 4049 2955 4105 per
2975 4033 3199 4104 picturze
3225 4045 3356 4085 nar-

1762 4139 2027 4194 ratioocm
2061 4137 2114 4190 in
2143 4134 2405 4191 catholica
2438 4131 2673 4186 Ecclesia
2706 4128 3068 4190 tradiderunt,
3112 4124 3166 4179 in
3205 4137 3356 4178 com-

1761 4231 2204 4288 memorationem
2232 4229 2398 4283 animi
2432 4226 2626 4291 nostri,
2650 4216 2723 4279 iet
2751 4224 2818 4278 ad
2864 4221 3194 4278 erectionem
3221 4232 3354 4272 con-

1760 4323 2080 4380 versationis
2107 4337 2237 4377 sum.
2305 4319 2514 4374 Etenim
2539 4326 2759 4372 sanctus
2779 4314 3010 4369 Basilius
3032 4313 3084 4366 in
3107 4323 3357 4366 sermone

1761 4431 1860 4472 suo
1900 4431 2062 4486 super
2117 4415 2272 4468 laude
2323 4422 2632 4469 sanctorum
2671 4409 3027 4479 quadraginta
3054 4413 3356 4474 martyrum

1762 4508 1840 4563 sic
1869 4508 1944 4562 ait
1975 4525 1989 4561 :
2019 4508 2132 4578 Age
2161 4507 2360 4574 itaque,
2390 4505 2441 4558 in
2473 4490 2706 4556 medium
2749 4515 2844 4556 eos
2883 4515 2982 4568 per
3029 4509 3372 4553 commemo-'

1765 4598 2028 4653 rationem
2058 4596 2403 4656 adducentes,
2435 4606 2777 4648 communem
2802 4591 3087 4646 utilitatem
3114 4591 3356 4660 ipsorum

1764 4688 1849 4743 his
1875 4687 1966 4757 qui
1997 4694 2288 4756 praesentes
2314 4692 2458 4749 sunt,
2484 4683 2910 4760 constituamus,
2938 4688 3360 4754 praemonstran-

1765 4786 1846 4833 tes
1875 4777 2126 4832 omnibus
2159 4774 2304 4830 velut
2342 4775 2394 4828 in
2433 4775 2641 4845 pictura
2680 4774 2924 4829 virorum
2977 4773 3135 4828 fortia
3192 4771 3357 4825 facta.

1766 4867 1901 4923 Nam
1931 4877 1988 4922 et
2013 4865 2277 4923 bellorum
2315 4866 2588 4935 praeconia
2630 4871 2686 4918 et
2725 4865 3016 4920 verborum
3070 4863 3363 4931 scriptores

1769 4956 2045 5013 multoties
2067 4967 2121 5011 ct
2148 4955 2383 5025 pictores
2417 4957 2724 5026 designant,
2753 4953 2842 5008 alii
2868 4955 3088 5026 quidem
3111 4964 3366 5007 sermone

1768 5048 2117 5113 adornantes,
2169 5047 2256 5102 alii
2306 5061 2436 5101 vero
2481 5045 2681 5106 tabulis
2732 5042 2877 5116 [Gr.,
2933 5048 3008 5102 illi
3051 5043 3270 5114 quidem
3319 5059 3364 5096 s.

1767 5139 1834 5193 ad
1863 5138 1916 5192 hi
1946 5156 2075 5196 vero
2108 5136 2172 5209 t.]
2215 5146 2548 5205 exarantes;
2597 5132 2906 5202 multosque
2954 5136 3022 5192 ad
3063 5117 3371 5188 virilitatém

1767 5243 2060 5289 erexerunt
2090 5231 2343 5299 utrique.
2369 5227 2505 5296 Qua:
2539 5237 2774 5290 namque
2806 5240 2992 5285 sermo
3016 5220 3254 5282 historiae
3281 5231 3375 5286 per

2610 5327 2748 5340 ..ιη-ι.-
2782 5325 2894 5340 Α---
3046 5319 3374 5340 ---2--.ἶ1η1ἱηκ
