3916 5562
540 382 640 439 ιιι

1546 422 1551 427 ·
1632 450 1639 453 .
1706 399 2071 463 ANASTASII
2108 403 2667 470 BIBLIOTHECARII

3707 411 3800 469 ιιι

539 514 559 553 ι
605 494 856 563 Domini,
884 496 1073 573 inoqua
1098 500 1441 561 obumbravit
1466 506 1746 579 plenitudo
1791 514 2090 575 divinitatis
2109 557 2126 584 ,
2157 522 2205 583 Α
2235 522 2380 577 enim
2411 525 2659 583 homines
2684 528 2875 599 procul
2914 528 3076 585 dubio
3117 529 3288 587 simus
3311 522 3635 596 sensibiies,
3664 533 3805 587 relata

540 605 561 637 ι
600 601 700 656 per
722 603 884 658 quam
922 591 1076 646 nobis
1108 593 1287 650 illuxit
1317 596 1408 652 lux
1436 600 1846 671 inaccessibilis,
1873 607 2136 666 excelsio-

542 697 561 749 ς
612 695 726 736 rem
748 682 933 747 caelis,
962 694 1016 740 ct
1035 688 1364 745 sanctiorem
1391 692 1695 762 cherubim,
1718 697 1772 752 in
1797 699 1891 757 vili
1917 700 2137 772 gentilis

542 786 563 826 ι
608 780 727 828 arte
754 773 977 846 pingere
1015 777 1256 835 audent?
1294 779 1402 837 Aut
1431 782 1631 842 iterum
1672 802 1770 845 eos
1810 791 1902 861 qui
1942 807 2136 851 conre-

543 878 563 912 s
608 865 824 933 gnaturi
850 877 977 923 sunt
1001 868 1250 939 Christo,
1297 862 1769 951 consessumsquef
1791 881 1905 940 ﬁeri
1931 883 2135 957 [futuri

541 973 581 1019 ς.
607 972 672 1011 ac
696 956 1069 1034 judicaturi],
1111 980 1177 1023 ac
1211 965 1458 1037 judicare
1506 974 1694 1031 orbem
1722 956 2022 1046 terrarum,
2047 991 2136 1037 at-

541 1061 563 1099 ι
604 1061 709 1115 que
736 1048 1194 1139 conformes'lore,
1225 1056 1441 1133 [futuri]
1467 1061 1652 1134 gloriae
1682 1064 1884 1136 ipsius,
1909 1070 2131 1139 quibus,

541 1150 561 1182 ι
609 1142 667 1187 ιιι
695 1150 850 1190 sacra
877 1138 1063 1195 dicunt
1091 1141 1330 1214 eloquia,
1372 1148 1566 1220 dignus
1593 1166 1698 1207 non
1727 1165 1849 1211 erat
1895 1138 2137 1219 mundus:

538 1240 557 1272 ι
605 1222 791 1291 (llebr.
823 1227 1055 1299 xr),.nou
1096 1234 1429 1293 erubescunt
1471 1240 1659 1311 gentili
1705 1255 1825 1301 arte
1869 1248 2127 1320 pingere?

536 1330 563 1395 ι.
584 1311 764 1381 ⁸Νθιξις»
785 1318 926 1372 enim
954 1331 1040 1376 cst
1066 1320 1415 1393 Christianis,
1446 1330 1538 1401 qui
1577 1347 1730 1403 spem
1770 1311 2126 1398 resurrectio-

535 1423 565 1474 ι,
603 1406 690 1462 uis
716 1408 949 1479 habent,
977 1412 1281 1484 dmmonum
1303 1420 1587 1478 cultricum
1617 1427 1857 1497 gentium
1884 1434 2126 1492 moribus

536 1492 563 1593 0;
605 1498 702 1564 uti,
730 1509 784 1555 et
809 1511 1046 1571 sanctos,
1076 1508 1167 1577 qui
1203 1509 1293 1564 tali
1328 1519 1383 1566 et
1420 1521 1567 1569 tanta
1592 1492 1763 1589 gloria
1810 1506 2133 1593 resplende-t

533 1580 563 1663 «ξ
606 1589 758 1659 bunt,
778 1593 846 1657 in
871 1594 1099 1668 ingloria
1129 1610 1184 1656 et
1206 1612 1416 1661 mortua
1438 1608 1666 1663 materia
1692 1609 1905 1679 injuriis
1934 1631 2131 1687 cumu—j

532 1700 558 1765 ι⁴
598 1681 731 1738 lare.
763 1684 879 1743 Nos
904 1689 1046 1743 enim
1077 1692 1146 1746 ab
1189 1692 1379 1750 alienis
1423 1712 1529 1753 non
1560 1701 1885 1773 suscipimus
1928 1707 2131 1783 proba:

538 1758 558 1824 ε
609 1774 783 1831 tiones
814 1777 934 1832 ﬁdei
964 1788 1185 1838 nostrae.
1222 1783 1433 1841 Etenim
1474 1788 1754 1849 daemoniis
1782 1794 1947 1850 Deum
1976 1776 2126 1866 prae-ﬁ

2235 616 2588 675 sensibilibus
2616 620 2822 676 utimur
2853 621 2923 678 ad
2958 622 3323 692 cognitionem
3350 630 3403 677 et
3432 638 3805 679 commemora-

2236 706 2439 765 tionem
2463 711 2644 767 munis
2679 711 2983 771 divinae'ac
3020 714 3126 785 piae
3165 715 3494 771 traditionis.
3537 716 3736 772 Deinde
3757 728 3804 772 ut

2234 799 2631 859 adulteratores
2670 803 2918 862 veritatis
2939 843 2958 871 ,
3003 805 3381 863 subvertentes
3417 805 3539 863 vias
3582 806 3805 861 simulet

2234 891 2620 965 intelligentiae
2646 897 2884 967 Domini,
2910 898 3142 957 dicunt:

2244 1016 2259 1019 '
2354 1016 2357 1017 '
2514 1006 2517 1009 Α
2637 1008 2923 1082 Gregorius
2947 1011 3219 1085 episcopus
3246 1011 3370 1086 (egit
3396 1026 3418 1066 .'

2306 1135 2328 1173 ι
2366 1116 2542 1191 Super
2587 1122 2693 1180 hoc
2736 1139 2865 1198 ergo
2911 1125 3223 1184 examinato
3246 1136 3302 1184 et
3330 1134 3666 1199 pertractate
3703 1127 3801 1181 edi-

2233 1226 2254 1262 ι
2298 1219 2388 1267 cto
2417 1209 2559 1285 [Gr.,
2596 1210 2869 1289 dogmate]
2902 1226 3112 1284 nostro,
3143 1220 3484 1289 praebeamus
3508 1226 3569 1272 ct
3595 1234 3662 1274 ex
3687 1219 3802 1272 divi-

2231 1318 2253 1354 ι
2296 1302 2732 1376 nitus'inspirata
2767 1305 3044 1378 Scriptura
3071 1347 3090 1375 ,
3119 1318 3174 1366 et
3214 1324 3284 1365 ex
3314 1307 3691 1381 probabilibus
3717 1309 3795 1363 Pa-

2232 1407 2253 1442 ι
2292 1393 2473 1459 tribus
2510 1395 2711 1452 nostris
2759 1398 3044 1459 manifesta
3095 1400 3401 1457 testimonia
3444 1399 3796 1471 conSpirantis

2230 1498 2252 1532 ι
2295 1480 2472 1551 nobis,
2489 1492 2543 1538 et
2567 1486 2877 1547 roborantia
2896 1485 3272 1559 hujuscemodi
3294 1489 3436 1559 piam
3459 1489 3807 1545 intentionem

2229 1562 2253 1641 «ί
2295 1584 2565 1640 nostram;
2593 1575 2789 1646 quibus
2810 1592 2916 1632 non
2939 1578 3279 1635 contradicat
3307 1578 3399 1647 qui
3430 1578 3631 1633 horum
3654 1576 3800 1629 habet

2227 1680 2254 1730 ιΔ
2294 1663 2724 1734 experimentum
2751 1681 2764 1718 :
2796 1664 2887 1736 qui
2912 1673 3091 1722 autem
3136 1666 3367 1737 ignorat,
3396 1664 3576 1720 discat
3602 1672 3661 1718 et
3690 1664 3800 1719 reti-

2227 1769 2257 1823 ι⁸
2292 1752 2544 1823 ηθθιηίιιει
2594 1764 2655 1810 ut
2700 1754 2835 1821 Dei;
2883 1765 2941 1811 et
2978 1758 3275 1812 secundum
3316 1755 3551 1827 primam
3593 1755 3798 1827 quidem

535 1882 561 1949 ι⁴
601 1865 907 1929 dicantibus
954 1869 1171 1940 Jesum,
1219 1874 1529 1947 increpabat
1567 1896 1693 1948 eos,
1736 1844 2057 1957 dediguairus
2089 1905 2121 1944 a

2230 1860 2251 1896 ι
2292 1845 2562 1905 rationem
2590 1860 2656 1899 ex
2689 1844 2806 1916 ejus
2848 1860 2981 1901 voce
3030 1846 3288 1901 divinitus
3329 1844 3497 1910 dicta,
3523 1857 3647 1913 qua:
3688 1844 3794 1899 ait:

536 1975 556 2008 ι
602 1960 932 2019 (immunibus
985 1965 1351 2025 testimonium
1401 1971 1601 2030 habere
1650 1975 1848 2047 (Marc.
1896 1995 1956 2047 ι,
1984 1978 2129 2064 ἰυυ..

535 2065 555 2101 ι
603 2064 711 2106 IV).
750 2070 770 2106 ι

669 2048 711 2121 )’
750 2070 770 2106 ι
917 2122 1251 2198 Epiphanius
1279 2131 1531 2190 diaconus
1556 2134 1681 2208 legit
1709 2151 1731 2192 :

559 2246 568 2257 ·
601 2229 644 2284 Α
679 2230 928 2293 laudibus
957 2237 1295 2307 inchoantes,
1328 2245 1520 2302 volunt
1547 2248 1908 2319 simpliciores
1940 2252 2122 2311 subri-

526 2335 658 2391 pere
684 2326 974 2385 ad‘vanum
1019 2346 1239 2390 sensum
1269 2351 1452 2392 suum.
1485 2337 1592 2396 Sed
1639 2342 1733 2412 qui
1778 2345 2120 2415 prudentiam

528 2417 798 2485 serpentis
826 2420 1025 2478 habent
1054 2432 1110 2480 et
1138 2442 1243 2481 non
1273 2430 1592 2497 versutiam,
1616 2434 2124 2510 simplicitatemque

528 2508 813 2578 columine,
842 2528 1045 2573 norunt
1069 2528 1126 2575 et
1152 2525 1498 2582 sermonibus
1530 2536 1587 2582 et
1615 2528 1861 2588 laudibus
1896 2508 2124 2591 inteme-

530 2608 705 2655 natam
734 2612 792 2658 et
820 2604 1220 2667 immaculatam
1252 2628 1379 2671 vere
1403 2630 1467 2671 ac
1512 2621 1732 2690 proprie
1760 2621 1853 2678 Dei
1899 2626 2121 2696 genitri-

529 2705 649 2745 cem
678 2701 735 2748 et
770 2708 992 2755 sanctos
1034 2700 1325 2770 honorare,
1353 2714 1410 2762 et
1429 2707 1619 2764 horum
1648 2711 1878 2770 virtutes
1914 2731 2011 2787 per
2037 2718 2120 2773 hi-

527 2783 759 2840 storicos
786 2786 951 2846 libros
981 2791 1049 2846 ad
1075 2796 1392 2853 memoriam
1421 2801 1700 2867 reducere,
1728 2814 1784 2858 ct
1810 2783 1997 2863 rursus
2023 2825 2121 2880 per

528 2869 848 2942 itnaginalcs
877 2879 1208 2939 titulationes
1236 2896 1362 2941 nota
1392 2886 1570 2945 facere
1598 2894 1894 2950 certamina
1924 2907 1980 2953 et
2013 2869 2119 2957 iur-

528 2959 785 3058 titudines
824 2981 1045 3036 eorum,
1095 2981 1258 3044 atque
1308 2977 1410 3034 hos
1454 2982 1807 3053 magniﬁcare
1852 2991 2119 3058 supremis

531 3050 849 3122 honoribus,
880 3067 937 3114 et
975 3060 1115 3118 scire
1159 3064 1279 3121 illos
1322 3050 1617 3127 secundum
1645 3089 1861 3132 sacrum
1892 3081 2118 3151 Aposto-

526 3139 639 3195 lum
673 3144 963 3206 dissolutos
986 3167 1111 3208 cum
1137 3154 1354 3214 Christo
1384 3175 1504 3217 esse
1530 3162 1786 3238 (Philipp.
1830 3170 1893 3239 ι),
1940 3139 2005 3226 ἐι
2035 3173 2118 3227 in-

528 3233 808 3291 tercedere
832 3252 931 3305 pro
963 3242 1120 3300 nobis
1142 3284 1158 3309 ,
1186 3254 1242 3301 et
1267 3233 1547 3308 sinceram
1570 3269 1635 3310 ac
1656 3233 1921 3314 summam
1956 3260 2112 3318 tidem

526 3326 918 3384 etservitutcm
950 3331 1005 3387 in
1047 3335 1242 3406 spiritu
1272 3347 1331 3394 et
1359 3343 1594 3400 veritate
1633 3347 1733 3402 soli
1760 3348 1873 3406 Deo
1896 3351 2114 3421 oﬂ‘erre,

526 3422 585 3471 et
620 3432 728 3473 non
774 3422 1187 3499 quibuscunque
1211 3435 1478 3491 creaturis
1502 3453 1623 3509 qua:
1662 3442 1766 3497 sub
1788 3444 1928 3501 ctelo
1965 3450 2139 3502 sunt.”

525 3505 664 3574 Quid
690 3517 870 3567 autem
914 3518 1200 3574 materiam
1238 3505 1610 3582 sumentesvut
1647 3536 1894 3600 turpem,
1927 3545 2117 3591 contu-

525 3600 703 3655 meliis
750 3603 935 3660 volunt
987 3607 1205 3667 allicere
1263 3616 1590 3673 veritatem?
1637 3635 1774 3690 quos
1831 3628 2115 3695 oportebat

524 3691 706 3759 potius
744 3697 888 3765 quod
915 3697 1067 3768 pejus
1087 3714 1173 3759 est
1196 3703 1382 3777 fugere
1403 3748 1420 3774 ,
1448 3718 1503 3764 et
1529 3713 1671 3781 quod
1701 3691 1891 3772 melius
1917 3729 2000 3774 est
2028 3736 2118 3776 se-

524 3783 685 3846 ctari,
700 3794 754 3839 et
767 3788 1066 3855 priscorum
1083 3798 1352 3853 recordari
1375 3810 1684 3858 sanctorum
1699 3807 2111 3877 sacrificiorum,

525 3886 647 3941 quae
676 3888 710 3929 a
758 3875 1039 3949 Scriptura
1086 3883 1407 3952 laudantur;
1452 3895 1722 3961 quomodo
1761 3895 1908 3962 Deo,
1954 3875 2114 3957 modo

524 3978 657 4021 vero
701 3962 1038 4057 daemonibus
1081 3976 1409 4037 oti‘errentur
1449 4001 1462 4037 :
1515 4000 1822 4057 quanquam
1872 3992 2114 4049 existens

525 4058 754 4113 materia
779 4055 926 4116 omni
950 4061 1091 4135 [Gr.,
1114 4070 1333 4138 quando
1357 4072 1467 4129 Deo
1487 4055 1873 4147 atterebantur,
1897 4083 2139 4151 quando

525 4160 658 4202 vero
690 4149 1054 4222 (immanibus;
1082 4172 1392 4229 quanquam
1439 4163 1631 4218 eadem
1675 4149 1928 4225 existens
1944 4182 2114 4229 mate-

526 4235 631 4302 ria,
661 4240 831 4314 omni]
859 4254 981 4299 erat
1005 4250 1256 4321 contagio
1283 4250 1464 4320 plena,
1492 4262 1546 4308 et
1573 4253 1873 4323 subjectum
1903 4269 2112 4317 tantum

525 4329 1275 4400 aspicientes,caiumniantur
1289 4341 1583 4398 Ecclesium
1599 4346 1877 4416 gentilium
1894 4350 2116 4422 ﬁgmen-

527 4427 703 4475 torum
734 4422 936 4480 habere
964 4427 1182 4485 indicia.
1227 4431 1334 4489 Sed
1372 4450 1478 4489 non
1521 4437 1646 4505 quia
1675 4441 1898 4495 materia
1931 4443 1984 4498 in
2032 4446 2114 4500 di-

523 4513 700 4569 versis
724 4518 1206 4577 contrarietatibus
1253 4539 1434 4580 rerum
1464 4526 1613 4583 utilis
1641 4531 2000 4600 exprobratur
2029 4534 2112 4591 vel

525 4605 696 4674 turpis
740 4609 1065 4677 OSteuditur,
1114 4615 1458 4685 despicienda
1503 4629 1589 4674 est
1638 4621 1756 4692 ejus
1794 4625 2020 4682 utilitas.
2052 4629 2109 4685 Si
2140 4606 2191 4665 Ῐ)

522 4698 668 4753 enim
694 4700 1002 4759 studuerint
1033 4705 1237 4790 taliter-
1255 4708 1557 4781 intelligere
1589 4723 1645 4768 et
1693 4717 1960 4788 accipere,
1992 4720 2109 4791 pol-

521 4787 742 4846 lucntur
780 4792 936 4865 [Gr.,
972 4787 1238 4871 abibunt]
1268 4802 1449 4858 omnia
1482 4807 1777 4863 secundum
1816 4787 1967 4881 ipsos
1991 4787 2113 4884 quae

522 4881 634 4938 Deo
672 4895 805 4941 sunt
846 4888 1058 4953 dicata,
1089 4904 1246 4945 sacra
1294 4893 1501 4949 scilicet
1533 4899 1886 4968 vestimenta,
1917 4913 1973 4958 et
2018 4920 2135 4960 va-r

521 4975 669 5029 scula
699 4992 875 5033 sacra.
908 4979 1117 5036 Etenim
1142 4983 1234 5052 qui
1262 4999 1383 5055 quae
1417 5003 1747 5058 paganorum
1770 5003 1896 5048 sunt
1929 4996 2110 5065 sapie-

522 5064 691 5127 baut,
736 5082 802 5121 ex
860 5085 993 5125 auro
1017 5079 1072 5126 et
1116 5084 1343 5144 argento
1385 5076 1524 5131 idola
1577 5064 2005 5150 construebant,
2045 5102 2111 5144 ac

523 5159 780 5215 libamina
804 5177 870 5217 ex
894 5166 1019 5220 vino
1042 5167 1296 5232 libabant,
1322 5179 1380 5225 et
1397 5187 1460 5225 ex
1494 5172 1663 5227 farina
1688 5175 1878 5246 lagana
1905 5180 2111 5237 militia:

524 5254 647 5307 ρωΙὶ
681 5254 980 5310 οηῖετθικιηῑ
1009 5259 1062 5312 hi
1090 5261 1182 5329 qui
1203 5276 1270 5317 ex
1301 5262 1541 5319 Hebraeis
1568 5264 1861 5323 idololatra:
1890 5269 2108 5328 fiebant.

527 5342 716 5398 Restat
741 5360 872 5417 ergo
902 5349 981 5403 eis
1010 5349 1260 5409 incusare
1278 5357 1601 5412 catholicam
1633 5358 1952 5426 Ecclesium,
1981 5365 2110 5433 quia

524 5437 721 5492 Damni
777 5452 873 5486 Mr
923 5440 1210 5492 historiam
1259 5446 1430 5499 libros
1477 5450 1609 5496 om;
1660 5466 1787 5492 ιιιηα
1838 5452 2109 5498 damn"...

2227 1956 2248 1992 ι
2292 1935 2519 2008 Spiritus
2549 1948 2625 1995 est
2652 1938 2815 2006 Deus,
2842 1949 2891 1996 et
2927 1941 3018 2011 qui
3041 1940 3266 1995 adorant
3290 1955 3435 2005 eum,
3457 1939 3512 1994 in
3538 1938 3728 2009 spiritu
3757 1947 3799 1990 et

2226 2049 2246 2084 ι
2289 2031 2504 2087 veritate
2550 2039 2747 2102 oportet
2784 2031 3009 2087 adorare
3054 2028 3252 2103 (Joan.
3293 2030 3428 2103 tv);
3473 2038 3529 2085 et
3567 2029 3797 2084 iterum:

2228 2140 2259 2195 ι
2295 2122 2465 2177 Nemo
2488 2122 2659 2178 Deum
2687 2122 2812 2178 uidit
2837 2140 3066 2195 unquam
3087 2120 3269 2194 (Joau.
3302 2120 3343 2191 ι)
3365 2138 3384 2186 ;
3404 2130 3487 2177 et:
3521 2118 3705 2189 Neque
3725 2136 3799 2175 ro-

2227 2194 2259 2267 ι⁷
2289 2230 2401 2271 cem
2429 2214 2677 2279 audistis,
2699 2230 2861 2286 neque
2878 2194 3097 2286 speciem
3123 2213 3238 2285 ejus
3263 2213 3462 2267 uidistis
3489 2209 3678 2283 (Joan.
3710 2210 3759 2281 v)
3783 2226 3797 2276 ;

2226 2323 2250 2360 ι
2291 2315 2347 2363 et
2369 2306 2715 2363 bcatiiicante
2741 2320 2835 2363 eos
2858 2304 2952 2377 qui
2986 2320 3098 2362 nou
3127 2302 3381 2359 viderunt
3403 2317 3564 2370 eum,
3597 2308 3657 2356 et
3687 2315 3797 2356 cre-

2226 2416 2246 2450 s
2289 2396 2563 2453 diderunt.
2595 2415 2618 2451 ι

2383 2508 2721 2582 Epiphanius
2741 2508 2995 2565 diaconus
3029 2517 3079 2564 et
3107 2506 3433 2565 cubuclesius
3461 2505 3586 2577 tegit
3609 2522 3633 2562 :

2287 2623 2424 2681 Cum
2472 2624 2639 2695 aliqui
2686 2631 2867 2689 recta,
2899 2623 3195 2680 secundum
3237 2621 3382 2693 quod
3421 2621 3525 2677 sibi
3566 2619 3794 2685 videtur,

2217 2718 2471 2788 dogmata
2525 2724 2795 2772 conantur
2841 2724 3155 2787 pervertere
3178 2754 3195 2782 ,
3245 2724 3409 2770 nemo
3448 2713 3706 2778 miretur,
3755 2714 3796 2767 si

2218 2808 2511 2879 Scriptum
2550 2806 2733 2863 verbis
2759 2815 3005 2862 utuntur.
3042 2804 3178 2861 Nam
3206 2813 3263 2861 et
3289 2819 3482 2861 omnes
3520 2804 3798 2860 imresiar—

2217 2899 2334 2954 cina:
2353 2898 2423 2954 de
2445 2897 2704 2955 divinitus
2730 2897 2989 2968 inspirata
3032 2895 3313 2967 Scriptura
3352 2894 3561 2950 erroris
3586 2896 3670 2951 sui
3698 2894 3798 2951 mi-

2215 2989 2387 3062 ligunt
2411 2990 2748 3054 occasiones,
2775 3002 2897 3060 quae
2921 3003 3021 3060 per
3051 2986 3316 3059 Spiritum
3360 2992 3614 3043 sanctum
3660 2997 3798 3042 recte

2215 3082 2361 3138 dicta
2406 3092 2533 3139 sunt
2578 3081 2833 3154 malignis
2871 3080 3118 3138 sensibus
3154 3081 3273 3137 suis
3313 3080 3711 3136 adulteratam.
3739 3080 3799 3134 Et

2217 3175 2322 3231 hoc
2347 3188 2557 3229 summa
2586 3171 2969 3244 praenuntiavit
2998 3171 3362 3242 apostolorum
3401 3172 3529 3227 tuba
3552 3212 3569 3236 ,
3609 3171 3797 3226 Petrus

2217 3265 2468 3322 videlicet
2493 3264 2681 3320 dicens
2713 3281 2726 3319 :
2766 3263 2898 3332 Quae
2922 3263 3126 3319 indocti
3166 3271 3223 3318 et
3265 3261 3553 3319 instabiles
3584 3276 3797 3332 perver-

2219 3364 2339 3411 tunt
2361 3357 2653 3412 secundum
2675 3369 2772 3411 sua
2794 3353 3062 3411 desideria
3085 3352 3172 3428 (11
3191 3352 3338 3408 Petr.
3376 3353 3485 3423 ιιι).
3518 3352 3797 3424 Proprium

2215 3456 2300 3503 est
2321 3447 2470 3502 enim
2499 3446 2794 3512 htereticis,
2816 3446 3114 3502 secundum
3146 3459 3245 3501 sua
3284 3445 3559 3500 desideria
3592 3460 3800 3514 perver-

2216 3546 2335 3593 tere
2378 3537 2683 3593 divinorum
2725 3544 2783 3592 et
2822 3549 3077 3593 verorum
3132 3533 3415 3591 scientiam
3464 3533 3796 3605 dogmatum.

2213 3627 2557 3684 Generaliter
2585 3628 2730 3683 enim
2756 3627 2959 3683 sanctis
2993 3627 3248 3683 Patribus
3292 3625 3517 3692 nostris,
3551 3626 3799 3681 Dominus

2214 3721 2409 3775 creauit
2448 3736 2530 3775 nte
2571 3721 2781 3774 initium
2823 3721 3088 3775 variarum
3130 3736 3353 3775 suarum
3382 3720 3457 3799 in
3500 3736 3661 3786 opera
3708 3735 3798 3772 sua

2215 3808 2401 3883 (Prov.
2452 3812 2595 3883 vm),
2643 3811 2698 3866 in
2748 3811 3202 3881 dispensationem
3252 3809 3455 3866 Christi
3506 3811 3797 3866 secundum

2214 3913 2434 3957 carnem
2462 3899 2660 3956 factam
2688 3901 3112 3966 assumentibus,
3136 3900 3298 3954 Arius
3324 3909 3382 3954 et
3409 3900 3730 3964 Eunomius,
3748 3908 3799 3953 et

2214 3993 2306 4063 qui
2332 3991 2490 4063 juxta
2521 3993 2666 4063 ipsos
2695 4000 2843 4057 sunt,
2876 3993 2933 4048 in
2958 4005 3246 4062 supernam
3281 4000 3338 4046 et
3370 3990 3616 4045 divinam
3646 4006 3798 4061 gene-

2214 4086 2478 4139 rationem
2527 4090 2891 4154 aceeperunt,
2920 4097 2985 4137 ac
3031 4095 3131 4154 per
3171 4083 3275 4136 hoc
3301 4096 3336 4137 a
3378 4089 3531 4136 recta
3576 4079 3796 4136 scientia

2216 4188 2362 4236 retro
2389 4177 2686 4233 redierunt.
2718 4176 2927 4231 Rursus
2963 4183 3144 4230 autem
3182 4173 3552 4245 Apollinarius
3577 4189 3798 4246 evange-

2215 4273 2377 4329 licam
2404 4271 2593 4327 vocem
2621 4268 2764 4324 male
2785 4266 3098 4339 intelligens
3122 4284 3137 4321 :
3168 4267 3338 4322 Nemo
3361 4269 3604 4323 ascendit
3634 4271 3687 4323 in
3705 4284 3799 4322 εω-

2213 4365 2345 4431 lum,
2376 4364 2479 4419 nisi
2505 4363 2595 4434 qui
2620 4362 2686 4417 de
2707 4361 2835 4417 curto
2861 4361 3126 4417 descendit
3155 4359 3331 4416 Filius
3360 4360 3592 4416 hominis
3622 4362 3778 4433 (Joan

2215 4458 2310 4528 tu)
2337 4473 2352 4510 :
2378 4455 2446 4510 ad
2476 4454 2798 4524 pravitatem
2814 4465 3114 4509 conversus
3135 4460 3241 4519 est,
3262 4451 3471 4518 dicens,
3489 4467 3618 4507 cum
3642 4468 3799 4509 carne

2217 4547 2307 4604 illa
2352 4546 2694 4605 descendisse
2742 4545 2912 4602 Deum
2959 4542 3195 4601 Verbum
3217 4584 3232 4610 ,
3280 4559 3445 4615 quam
3496 4544 3705 4601 habens
3748 4546 3796 4598 in

2214 4636 2368 4693 cmiis
2388 4644 2540 4702 erat,
2570 4640 2830 4691 aeternam
2856 4636 3163 4708 quamdam
3190 4643 3247 4693 et
3282 4637 3796 4694 consubstantialem

2212 4726 2318 4783 sibi
2347 4743 2361 4782 :
2388 4734 2445 4782 et
2463 4725 2817 4797 apostolicum
2842 4726 3111 4796 quoddam
3133 4725 3337 4783 dictum
3358 4725 3643 4795 obiiciens,
3661 4729 3796 4798 quod

2213 4817 2480 4889 perhibet:
2498 4815 2771 4872 Secundus
2781 4818 2937 4871 homo
2947 4815 3206 4872 Dominus
3221 4817 3288 4872 de
3298 4818 3426 4873 cado
3440 4817 3493 4888 (1
3508 4817 3631 4874 Cor.
3650 4822 3795 4885 xm):

2211 4919 2267 4964 et
2278 4908 2421 4965 dicat
2439 4905 2579 4981 [Gr.,
2596 4905 3014 4982 decipiebatur],
3033 4908 3331 4964 secundum
3349 4909 3493 4978 quod
3509 4910 3613 4965 sibi
3632 4910 3795 4963 visum

2213 5000 2410 5055 fuerat.
2435 4998 2683 5069 Nullique
2704 4998 3030 5064 mirandum,
3055 4998 3101 5055 si
3124 5006 3179 5056 et
3203 5013 3356 5055 nova:
3387 4999 3551 5071 hujus
3571 5001 3796 5070 pravita-

2217 5097 2286 5151 tis
2303 5103 2600 5151 sectatores
2619 5076 2686 5148 cx
2705 5094 2882 5150 divina
2910 5092 3193 5165 Scriptura
3215 5094 3371 5151 nobis
3394 5095 3675 5165 proferunt
3688 5094 3798 5162 opi—

2213 5186 2429 5241 niones:
2451 5202 2516 5241 ex
2539 5187 2815 5256 magistris
2834 5186 2977 5242 enim
2997 5186 3112 5241 suis
3123 5196 3448 5256 acceperunt
3463 5188 3793 5242 occasiones.

2212 5277 2387 5335 Voces
2405 5280 2547 5334 enim
2571 5294 2692 5350 qua:
2715 5295 2877 5352 super
2903 5278 3160 5335 invisibili
3188 5287 3243 5334 et
3264 5278 3794 5350 incomprehensibili

2213 5366 2494 5426 divinitate
2508 5370 2667 5426 dicta:
2676 5380 2823 5437 sunt,
2846 5371 2899 5440 in
2917 5371 3100 5426 carnis
3115 5371 3571 5441 dispensationem
3589 5370 3795 5425 Domini

2214 5460 2385 5502 men-3
2410 5459 2536 5510 Iosn
2563 5459 2786 5508 Christi-
2817 5459 2907 5508 nui
2934 5470 3017 5510 est
3037 5477 3178 5516 unus
3198 5477 3265 5518 ex
3296 5472 3481 5517 sancta
3512 5461 3792 5522 Trin-itote.
