3916 5716
143 354 234 410 613

788 345 1342 405 ΙΝΤΕΠΡΒΕΤᾹΤΙΟ
1380 344 1631 402 SYNODI

1757 389 1760 399 ι
1794 343 2203 410 GENERALIS,
2243 377 2312 387 —
2349 347 2552 404 ACTIO
2591 347 2677 402 VI.

3259 352 3363 425 tit

140 471 336 531 ridistis,
364 482 407 522 SI
441 465 754 521 Intellcvcrit
788 465 909 534 quis
935 481 1098 534 super
1116 464 1475 530 humanitate,
1506 471 1677 518 totum
1708 463 1756 525 Α
1787 461 2126 529 meditantes,
2173 464 2223 518 in
2273 464 2742 536 pra-locutionibus
2794 463 2906 522 suis
2962 465 3030 520 ad
3073 466 3361 526 dictionem

137 559 449 630 Evangelium
473 556 780 612 subvertet?
811 555 906 610 Ubi
939 557 1080 610 enim
1103 570 1361 626 ponemus
1387 554 1512 609 illud
1538 553 1679 622 quod

137 653 357 714 fatemur,
379 650 526 705 Dixit
557 649 804 703 Dominus
825 650 1095 718 discipulis
1118 649 1226 703 suis
1249 646 1461 718 (Matth.
1499 644 1676 714 XXIII).

132 744 212 798 Et:
236 743 368 796 Dixit
399 741 652 815 Dominus
676 741 744 794 ad
772 740 989 795 Juda’os
1012 741 1101 807 qui
1122 740 1190 793 ad
1219 757 1272 794 se
1298 748 1541 794 venerant
1564 754 1584 792 :
1614 737 1679 791 Et

132 837 354 890 Dominus
365 836 500 889 dixit
516 849 534 886 :
549 832 636 888 Va:
650 834 785 888 vobis
801 833 996 887 Scriba:
1006 844 1051 888 et
1060 831 1316 886 Pharisazi
1332 831 1582 902 ?(.I!atth.
1598 828 1677 900 Υ.)

132 928 209 983 Vel
236 942 412 982 rursus
436 926 704 996 quomodo
731 925 1107 996 intelligemus,
1139 923 1386 995 Aperiens
1413 939 1470 977 os
1499 939 1674 988 suum,

127 1017 311 1070 docebat
337 1016 472 1070 eos?
496 1014 772 1086 (Joan.v.)
815 1012 1183 1085 signiﬁcanter
1211 1013 1326 1068 hate
1365 1027 1529 1082 super
1579 1012 1679 1066 hu-

128 1108 376 1164 manitate.
433 1107 566 1161 Illud
595 1115 772 1161 autem
801 1121 815 1158 :
869 1106 1052 1176 Neque
1090 1121 1262 1180 vocem
1291 1106 1403 1175 ejus
1430 1106 1675 1170 audistis,

127 1214 261 1267 neque
286 1198 504 1267 speciem
533 1196 647 1266 ejus
688 1197 908 1260 vidistis,
945 1210 1104 1265 super
1141 1194 1321 1250 divina
1349 1195 1670 1251 substantia.

124 1286 397 1342 Secundum
438 1287 490 1340 id
521 1286 662 1342 enim
704 1287 846 1356 quod
893 1287 1053 1343 homo
1080 1285 1258 1342 factus
1285 1295 1370 1343 est
1404 1286 1675 1357 perlectus

121 1377 238 1432 Deus
272 1377 526 1436 Verbum.
562 1387 617 1430 ut
641 1378 1004 1448 prmdiximus,
1051 1388 1106 1434 et
1132 1393 1318 1434 vmm
1347 1379 1672 1448 audivimus,

119 1478 164 1522 et
185 1468 404 1537 speciem
429 1467 549 1537 ejus
577 1469 807 1525 vidimus
833 1470 996 1525 etiam
1024 1478 1146 1540 post
1193 1472 1668 1528 resurrectionem.

120 1559 338 1628 Palpatus
366 1570 452 1615 est
473 1561 641 1627 enim,
670 1570 724 1616 ct
753 1577 1018 1633 apparens
1045 1561 1340 1633 discipulis,
1371 1561 1672 1618 disserebat

117 1651 181 1703 eis
200 1651 258 1704 de
282 1665 464 1720 regno.
498 1652 698 1707 Deinde
723 1661 779 1708 et
802 1652 1039 1707 divinam
1062 1654 1378 1710 servitutem
1403 1663 1459 1708 et
1479 1655 1671 1709 adora-

117 1744 285 1797 tionem
313 1758 328 1797 :
363 1759 530 1812 quam
573 1744 862 1802 Christiani
898 1761 1078 1800 veram
1110 1755 1166 1802 et
1207 1746 1478 1803 sinceram
1507 1746 1666 1800 ﬁdem

1785 568 1885 623 qua
1917 555 2241 624 pnecipitur,
2266 553 2388 608 Non
2412 556 2570 625 facies
2595 572 2797 610 onmem
2825 556 3242 625 similitudinem,
3276 559 3362 614 fu-

1781 645 1932 715 giunt
1963 663 1976 699 :
2010 657 2063 700 ct
2091 646 2366 702 veritatem
2395 647 2446 701 in
2473 647 2730 717 iujustitia
2753 647 3110 716 possidentes,
3135 659 3190 704 et
3209 665 3363 705 suam

1775 738 2039 808 justitiam
2065 739 2302 794 volentes
2342 749 2598 806 statuere,
2639 750 2895 795 exercent
2935 756 2995 796 se
3023 742 3087 796 ad
3119 741 3364 812 impieta-

1781 839 1887 886 tem
1921 849 1934 885 :
1972 841 2026 888 et
2060 831 2112 886 in
2144 831 2545 886 insubsistcntia
2586 832 2850 888 mendacii
2872 831 3184 904 gloriantes,
3213 849 3242 888 a
3268 849 3362 890 ve-

1778 924 1940 980 ritate
1963 925 2287 981 alienantur.
2319 922 2493 980 Voces
2512 925 2655 980 enim
2685 940 2806 995 qure
2833 925 2961 980 olim
3003 926 3055 980 in
3079 925 3194 997 lege
3221 926 3362 982 datze

1776 1025 1902 1072 sunt
1943 1015 2138 1086 popqu
2185 1013 2347 1071 Israel
2375 1015 2465 1084 qui
2508 1013 2676 1070 vitulo
2722 1015 2907 1072 serviit
2935 1012 3130 1085 (Exod.
3163 1014 3358 1087 xxx"),

1775 1113 1831 1160 et
1874 1102 2250 1177 Egyptiarum
2288 1103 2742 1160 abominatiouum
2790 1105 3216 1175 experimentum
3263 1105 3360 1161 ba-

1773 1197 1911 1261 buit,
1942 1196 2368 1254 Christianorum
2399 1207 2625 1254 sacrata:
2665 1207 2894 1253 catervae
2931 1206 3263 1268 coaptantes,
3297 1213 3359 1254 se

1771 1289 2047 1362 publicant
2060 1297 2115 1346 et
2131 1297 2479 1362 portentuosc
2491 1289 2783 1360 loquuntur
2797 1286 2934 1362 (Gn,
2951 1299 3000 1346 et
3021 1289 3353 1362 capiuntur],

1771 1379 1944 1434 adusti
1973 1378 2128 1436 labiis
2153 1379 2264 1434 oris
2290 1378 2394 1434 sui.
2425 1377 2640 1434 Utinam
2665 1378 3073 1444 intellexissent,
3101 1380 3224 1449 quia
3256 1379 3358 1435 Do-

1770 1472 1950 1528 minus
1986 1471 2302 1529 inducturus
2327 1487 2423 1529 eos
2466 1473 2518 1527 in
2548 1481 2748 1527 terram
2799 1473 3252 1544 repromissionis,
3289 1489 3356 1539 eo

1769 1565 1910 1636 quod
1936 1564 2241 1620 habitarent
2273 1565 2326 1621 in
2359 1580 2422 1621 ea
2456 1574 2644 1634 gentes
2672 1564 2912 1621 colentes
2950 1565 3114 1632 idola,
3142 1575 3199 1621 et
3227 1567 3356 1621 ado—
3403 1581 3406 1584 ’

1769 1662 1952 1710 rantes
1979 1655 2264 1722 dtemonia,
2291 1655 2462 1711 solem
2494 1669 2710 1726 quoque
2750 1670 2814 1709 ac
2853 1653 3032 1709 lunam
3063 1654 3355 1724 stellasque

1769 1755 1823 1802 et
1850 1746 1984 1801 alias
2015 1755 2314 1811 creaturas,
2343 1747 2437 1803 sed
2480 1756 2534 1802 et
2568 1745 2834 1809 volucres,
2880 1754 2935 1802 et
2963 1745 3352 1816 quadrupedia,

117 1833 498 1888 insehabentes
518 1834 666 1906 [fort.
686 1851 810 1890 vera
833 1845 888 1891 et
905 1837 1114 1892 sincera
1137 1836 1316 1892 ﬁdein
1340 1852 1400 1892 sc
1422 1836 1664 1910 habent],
1699 1815 1743 1874 Β
1771 1843 1934 1905 atque
1988 1836 2228 1905 repentia
2253 1877 2268 1900 ,
2327 1845 2383 1891 ct
2432 1850 2536 1890 non
2596 1833 2763 1890 Deum
2805 1815 2994 1890 vivum,
3040 1843 3097 1890 et
3141 1849 3352 1900 verum,

112 1923 386 1980 atiectuosa:
407 1941 475 1981 ac
504 1926 789 1983 honoranti
823 1928 1125 1984 adorationi
1149 1928 1481 1984 consimilem
1529 1944 1667 2000 prte-

109 2015 280 2071 dicaut.
317 2017 374 2071 lu
425 2019 512 2074 bis
540 2019 736 2089 quippe
781 2021 990 2077 duabus
1026 2021 1190 2078 rebus
1232 2029 1318 2076 est
1366 2020 1494 2076 illud
1523 2021 1666 2091 quod

107 2109 221 2174 apud
257 2123 349 2167 eos
389 2124 707 2178 perversum
751 2120 836 2167 est
877 2128 891 2166 :
938 2128 1108 2182 quare
1150 2121 1206 2168 et
1237 2112 1663 2168 Christianorum

105 2197 496 2256 mlumniatores
515 2210 643 2260 sunt
661 2212 714 2257 et
742 2201 1096 2274 appellantur.
1123 2203 1320 2259 Dicunt
1348 2205 1512 2269 enim,
1537 2205 1661 2273 quia

104 2287 352 2344 decentem
387 2289 558 2346 Deum
583 2291 952 2348 adorationem
979 2302 1035 2348 et
1058 2293 1372 2350 servitutem
1419 2293 1665 2362 imagini-

103 2379 182 2433 bus
207 2379 436 2436 oﬁ‘eruut
461 2383 778 2451 Christiani,
812 2395 868 2443 et
895 2386 1024 2457 quia
1064 2384 1660 2455 incomprehensibilem

103 2469 308 2524 divinam
342 2481 600 2528 naturam
641 2475 1110 2533 circumscribunt.
1156 2474 1202 2533 0
1249 2475 1659 2545 abnegationcm

98 2570 137 2612 et
178 2560 542 2627 stoliditatem,
588 2573 642 2618 et
670 2565 928 2634 quidquid
977 2566 1063 2622 his
1094 2566 1238 2620 aliud
1271 2565 1491 2620 attinet!
1542 2563 1658 2620 Non

97 2650 220 2702 enim
249 2651 426 2706 locum
461 2654 624 2707 habet
649 2669 848 2719 sermo,
895 2654 988 2709 sed
1031 2654 1317 2710 maledicto
1361 2653 1549 2724 plenus
1576 2662 1661 2709 est

96 2753 139 2795 et
161 2743 459 2798 calumniis.
497 2744 790 2800 Christiani
821 2745 1017 2816 quippe
1044 2745 1409 2801 adorationem
1453 2759 1574 2814 quae
1603 2745 1655 2799 in

94 2834 259 2900 spiritu
285 2845 340 2890 et
368 2837 604 2890 veritate
644 2846 726 2891 est
763 2837 944 2902 (Joan.
973 2838 1067 2910 iv),
1110 2851 1282 2907 neque
1310 2835 1654 2907 imaginibus,

93 2939 242 2990 neque
266 2926 463 2982 divinae
486 2927 671 2997 ﬁgura:
692 2927 868 2983 crucis
893 2928 1151 2997 impartiti
1178 2937 1333 2994 sunt;
1365 2928 1458 2984 sed
1482 2940 1655 2996 neque

91 3015 348 3073 invisibilis
405 3027 461 3074 et
513 3020 1069 3089 incomprehensibilis
1111 3029 1316 3076 natura:
1365 3021 1652 3090 imaginem

89 3123 300 3174 unquam
346 3109 619 3174 fecerunt,
649 3112 744 3165 sed
773 3111 1064 3167 secundum
1091 3112 1232 3181 quod
1258 3111 1492 3167 Verbum
1524 3125 1652 3167 caro

1771 1926 1938 1997 legem
1968 1927 2128 1982 dabat
2168 1944 2181 1981 :
2229 1925 2349 1982 Non
2392 1925 2553 1996 facies
2582 1925 2679 1980 tibi
2716 1923 2934 1992 idolum,
2962 1941 3124 1998 neque
3148 1941 3354 1980 onmem

1767 2018 2184 2083 similitudinem,
2211 2035 2531 2089 quacunque
2558 2018 2610 2071 in
2638 2017 2764 2072 cwlo
2789 2033 3021 2082 sursum,
3044 2028 3091 2072 et
3112 2033 3358 2084 qutecun-

1764 2125 1864 2180 quc
1902 2109 1956 2162 in
2009 2119 2148 2164 terra
2196 2109 2438 2162 deorsum
2483 2105 2679 2177 (Exod.
2732 2107 2848 2176 xx).
2907 2105 3352 2178 Quandoquidem

1765 2197 2052 2264 subinl'ert,
2081 2197 2398 2253 abstrahens
2417 2212 2511 2252 eos
2537 2197 2604 2252 ab
2628 2195 2926 2253 idololatria
2954 2215 2968 2253 :
3001 2197 3126 2252 Non
3159 2197 3353 2252 adora-

1765 2288 1842 2343 bis
1869 2305 1952 2355 ea,
1990 2304 2151 2357 neque
2179 2288 2369 2343 servies
2400 2287 2524 2341 illis.
2561 2286 2748 2358 (Ibid.)
2795 2287 2929 2343 Cum
2959 2296 3137 2342 autem
3174 2287 3354 2342 taber-

1764 2380 2014 2436 naculum
2048 2379 2335 2436 testimonii
2367 2379 2662 2435 secundum
2696 2379 2906 2434 Domini
2946 2379 3348 2450 dispositionem

1761 2468 1967 2525 faceret
2002 2469 2172 2524 ﬁdelis
2199 2467 2430 2524 famulus
2469 2467 2588 2537 ejus
2615 2467 2851 2539 Moyses,
2887 2468 3134 2523 universa
3170 2477 3351 2523 osten-

1761 2560 1894 2616 deus
1921 2560 2127 2615 servire
2147 2558 2242 2626 illi,
2269 2558 2552 2614 sensibiles
2581 2558 2860 2612 cherubim
2886 2559 3135 2612 humanae
3159 2557 3346 2611 forma:

1760 2654 1931 2710 instar
1974 2652 2380 2722 iutclligentium
2426 2649 2606 2724 [typos
2632 2647 3068 2720 intelligibilium]
3111 2663 3175 2702 ex
3213 2661 3348 2702 auro

1758 2745 2009 2816 patravit,
2033 2742 2420 2797 obumbrantes
2438 2740 2888 2810 propitiatorium,
2916 2738 3188 2798 Christum
3204 2751 3346 2808 prae-

1760 2835 2018 2904 ﬁgurans.
2070 2832 2188 2905 Ipse
2227 2839 2313 2887 est
2349 2831 2491 2886 enim
2517 2831 2828 2902 propitiatio
2865 2839 3210 2900 peccatorum
3247 2843 3346 2882 no-

1753 2936 2010 2990 strorum,
2034 2935 2093 2980 ut
2121 2926 2197 2980 ait
2224 2923 2435 2980 divinus
2457 2923 2731 2992 apostolus
2758 2923 2809 2994 (1
2829 2924 2969 2980 Joan
2991 2923 3074 2994 ιι).
3092 2923 3233 2995 Ergo
3249 2937 3347 2993 per

1755 3020 1889 3076 duas
1931 3035 2018 3074 res
2058 3033 2151 3074 eos
2201 3017 2496 3072 introduxit
2536 3015 2602 3072 ad
2652 3016 2746 3071 Dei
2797 3016 3178 3088 cognitionem,
3211 3014 3344 3069 illud

1757 3111 1972 3182 quidem
2004 3108 2232 3164 dicendo
2269 3107 2404 3181 [tum
2430 3105 2562 3179 dic.]
2595 3124 2608 3162 :
2657 3106 2941 3162 Dominum
2983 3105 3149 3160 Deum
3192 3114 3342 3158 tuum

88 3173 260 3252 factum
299 3209 411 3263 est,
441 3209 496 3254 et
527 3173 788 3256 habitavit
832 3203 885 3256 in
931 3203 1086 3258 nobis
1109 3173 1293 3271 (Joan.
1321 3202 1387 3271 ι),
1422 3216 1484 3256 ea
1531 3216 1652 3272 quae
1679 3173 1726 3236 Ο
1756 3173 2024 3265 adorabis,
2053 3211 2101 3255 et
2132 3199 2228 3270 ipsi
2249 3173 2349 3254 soli
2371 3173 2561 3254 servies
2582 3197 2794 3270 (Matth.
2829 3197 2904 3268 tv)
2936 3215 2950 3252 :
2983 3197 3086 3252 hoc
3115 3212 3242 3251 vero
3264 3195 3343 3249 la-

86 3286 305 3342 luunanze
335 3290 761 3360 dispensationis
793 3291 909 3360 ejus
941 3301 1086 3359 sunt,
1123 3293 1350 3362 pingunt
1382 3301 1438 3348 et
1463 3293 1652 3363 imagi-

84 3387 254 3432 nautur
305 3378 662 3450 [imaginibus
707 3381 1062 3454 exprimunt].
1121 3382 1474 3449 Scieutesque
1523 3381 1648 3451 quia

79 3467 273 3533 spiritus
301 3477 396 3522 est
427 3469 586 3532 Deus,
615 3478 664 3525 ct
694 3484 789 3526 eos
822 3469 912 3540 qui
955 3470 1184 3526 adorant
1205 3485 1348 3534 eum,
1373 3470 1424 3524 in
1455 3470 1648 3540 spiritu

77 3568 119 3610 ct
145 3561 368 3617 veritate
397 3571 607 3632 Oportet
638 3563 884 3627 adorare,
931 3564 1297 3619 adorationem
1333 3572 1389 3620 et
1415 3564 1648 3619 servitu-

78 3662 164 3704 tem
193 3669 312 3722 qua:
359 3670 462 3722 per
510 3653 665 3711 ﬁdem
716 3665 822 3720 est,
873 3656 972 3725 ipsi
1027 3655 1125 3711 soli
1175 3657 1311 3719 Deo,
1359 3655 1448 3726 qui
1484 3670 1648 3726 super

71 3759 238 3800 oniiics
265 3747 318 3799 in
352 3746 622 3800 Trinitate
644 3747 912 3810 laudatur,
941 3747 1190 3804 oﬂ'erunt.
1229 3747 1362 3802 Nam
1404 3748 1642 3803 divinum

73 3843 231 3904 typum
272 3837 458 3892 crucis
504 3847 560 3893 et
607 3840 939 3895 venerabiles
972 3840 1233 3909 imagines
1285 3838 1555 3896 desiderio
1589 3849 1643 3896 et

71 3927 239 3982 allecto
266 3929 584 4001 ﬂagrantes,
615 3933 904 3987 secundum
927 3933 1299 4002 principalium
1327 3934 1641 3992 relationem

68 4019 372 4085 salutamus,
403 4031 457 4075 et
494 4021 878 4076 honorabiliter
921 4023 1228 4078 adoramus.
1261 4022 1410 4078 Vana
1459 4025 1642 4094 itaque

67 4117 111 4160 et
128 4109 326 4173 inania,
358 4126 452 4165 seu
483 4110 818 4166 clandestina
849 4111 988 4184 (Gn,
1028 4112 1266 4186 inﬁrma]
1312 4116 1638 4172 omnimodis

64 4208 207 4266 atque
240 4199 382 4253 levia
431 4215 620 4254 eorum
673 4201 882 4270 eloquia
926 4218 1046 4258 esse
1092 4212 1516 4260 monstrautura
1547 4221 1638 4260 ve-

65 4288 218 4349 ritate.
244 4291 708 4360 quemadmodum
734 4301 790 4348 et
827 4304 1019 4349 ctrtera
1046 4295 1223 4350 aliena
1254 4311 1283 4348 a
1313 4297 1513 4367 pietate
1553 4299 1636 4354 in-

63 4378 367 4449 telligentes,
397 4381 553 4436 aiunt
578 4400 590 4432 :

468 4487 750 4561 Gregorius
769 4493 1038 4564 episcopus
1058 4493 1179 4565 legit
1202 4512 1215 4549 :

121 4616 137 4646 ε
175 4599 241 4653 Et
269 4600 322 4654 in
350 4602 536 4656 Veteri
569 4602 914 4658 Testamento
943 4604 1153 4661 dicente
1181 4607 1246 4661 ad
1293 4607 1528 4679 Moysem
1579 4619 1634 4664 et

61 4705 76 4735 ι
114 4692 176 4742 ad
214 4692 470 4760 populum
519 4707 535 4746 :
583 4690 708 4746 Non
753 4693 914 4761 [acies
953 4695 1149 4750 tibimet
1201 4696 1420 4762 idolum,
1472 4715 1634 4768 neque

59 4797 74 4828 ι
112 4798 310 4836 omnem
335 4784 758 4850 similitudinem,
802 4803 1118 4856 quacunque
1150 4789 1205 4842 in
1234 4788 1359 4842 coelo
1397 4806 1627 4853 sursum,

57 4888 73 4919 ί
111 4882 154 4924 et
175 4891 502 4945 qua’cunque
525 4876 580 4928 in
611 4886 754 4930 terra
781 4876 1023 4931 deorsum
1057 4877 1233 4948 (Deut.
1263 4879 1318 4951 v)
1347 4897 1360 4932 :
1391 4894 1456 4934 co
1485 4881 1626 4948 quod

55 4977 71 5010 ι
111 4961 158 5015 in
176 4973 358 5018 monte
373 4965 442 5019 de
473 4965 650 5020 medio
676 4965 816 5034 ignis
838 4981 1020 5022 vocem
1048 4969 1332 5024 verborum
1357 4985 1451 5023 vos
1476 4969 1626 5022 audi-

55 5068 70 5098 ι
110 5053 282 5117 vistis,
308 5065 363 5110 et
389 5055 800 5111 similitudinem
830 5071 935 5110 non
965 5057 1194 5127 vidistis,
1228 5060 1322 5116 sed
1348 5075 1550 5115 vocem.
1599 5079 1619 5113 ι

433 5163 766 5236 Epiphanius
795 5164 1041 5222 diaconus
1069 5167 1187 5242 legit
1214 5185 1234 5224 :

108 5267 241 5325 Hinc
256 5273 592 5328 occasionem
621 5273 918 5342 impietatis
935 5277 1236 5346 attrahunt,
1253 5279 1408 5349 quasi
1431 5293 1623 5348 pueros

45 5355 363 5418 Christianos
394 5363 824 5432 sopbismatibus
849 5367 960 5422 suis
981 5379 1329 5436 portentuosa
1358 5370 1502 5424 rabie
1535 5370 1617 5424 iu-

44 5442 193 5499 licerc
223 5450 466 5506 nitentes.
503 5453 640 5520 Quia
683 5451 852 5520 igitur
885 5456 929 5510 si
971 5471 1066 5524 per
1099 5457 1245 5532 (Gr.,
1275 5458 1436 5512 veluti
1469 5458 1616 5511 larva

42 5537 358 5604 territantes,
379 5543 518 5610 quod
545 5542 592 5596 si
615 5538 741 5610 per]
771 5539 1054 5614 imaginum
1076 5548 1427 5620 scriptionem
1451 5544 1616 5601 habes

40 5625 85 5676 in
111 5634 675 5687 commemorationem
709 5629 997 5700 Christum,
1028 5637 1111 5692 vel
1141 5645 1366 5694 sanctos
1395 5635 1532 5704 ejus,
1559 5635 1616 5688 in

1753 3290 1946 3346 ciendo
1995 3289 2130 3362 [tum
2178 3287 2311 3362 fac.]
2359 3304 2557 3345 aureos
2597 3298 2652 3344 et
2703 3288 3000 3345 conﬁatiles
3052 3289 3339 3345 cherubim

1750 3381 2137 3438 obumbrantes
2163 3380 2596 3451 propitiatorium
2622 3379 2800 3451 (Deut.
2830 3381 2928 3450 vi),
2975 3381 3027 3435 id
3074 3391 3178 3446 est,
3211 3382 3332 3434 asto-

1749 3482 1935 3528 rantes
1969 3472 2096 3528 illud
2129 3491 2142 3528 :
2175 3481 2229 3528 et
2265 3487 2364 3544 per
2385 3472 2646 3528 visionem
2673 3479 2727 3526 et
2753 3471 2993 3526 auditum
3023 3471 3338 3527 sublevabat,

1747 3582 1841 3622 eos
1871 3567 1938 3622 ad
1967 3566 2251 3622 Dominum
2290 3566 2460 3621 Deum
2488 3563 2844 3630 adorandum,
2871 3575 2928 3618 et
2969 3563 3070 3618 soli
3103 3563 3176 3617 illi
3219 3579 3332 3619 ser-

1746 3657 2019 3712 viendum.
2047 3657 2154 3712 Sed
2184 3657 2270 3712 isti
2292 3655 2646 3728 perversitate
2676 3657 2890 3726 plenum
2917 3655 3178 3711 habentes
3206 3671 3331 3711 sen-

1745 3763 1888 3812 sum,
1937 3749 2100 3803 etiam
2149 3747 2504 3820 apostolicum
2555 3747 2756 3803 dictum
2814 3758 3122 3820 proponunt
3146 3747 3332 3820 hujus-

1742 3839 1888 3895 modi
1911 3855 1927 3894 :

2144 3929 2426 4002 Gregorius
2455 3930 2722 4003 episcopus
2751 3929 2913 4002 legit:

1816 4079 1837 4114 ι
1877 4060 1948 4115 Et
1977 4070 2420 4116 commutaverunt
2449 4060 2669 4132 gloriam
2698 4060 3109 4124 incorruptibilis
3138 4060 3236 4115 Dei
3273 4062 3329 4113 in

1745 4167 1766 4202 ι
1809 4151 2203 4205 similitudinem
2229 4152 2474 4222 imaginis
2494 4152 2844 4222 corruptibilis
2871 4151 3096 4206 hominis
3122 4167 3141 4205 :
3164 4159 3211 4205 et
3241 4167 3328 4204 σου

1743 4261 1762 4294 ι
1802 4242 2032 4308 luerunt,
2064 4252 2112 4299 et
2134 4243 2420 4298 servierunt
2441 4252 2694 4298 creatura:
2715 4245 2887 4313 potius
2907 4259 3063 4313 quam
3087 4241 3330 4296 Creatori

1741 4351 1760 4385 ι
1805 4333 1982 4401 (Rom.
2010 4337 2071 4405 l).
2121 4335 2189 4389 Et
2228 4349 2417 4390 rursus
2450 4351 2464 4387 :
2512 4333 2580 4387 Et
2621 4335 2666 4388 si
2693 4349 2998 4407 noveramus
3036 4332 3325 4387 secundum.

1739 4442 1759 4474 ι
1803 4441 2010 4478 carnem
2033 4424 2322 4488 Christum,
2352 4424 2442 4477 sed
2465 4439 2602 4476 nunc
2622 4422 2736 4491 jam
2763 4437 2865 4477 non
2896 4423 3129 4476 norimus
3159 4437 3275 4475 eum
3301 4461 3315 4474 .

1659 4517 1712 4578 Ῑ)
1744 4532 1762 4564 ι
1801 4530 1894 4582 per
1957 4512 2113 4580 ﬁdem
2167 4513 2299 4565 enim
2364 4509 2726 4574 ambulamus,
2779 4527 2880 4564 non
2942 4527 3036 4581 per
3097 4511 3320 4581 speciem

1741 4621 1760 4653 ι
1807 4601 1892 4672 (II
1921 4601 2043 4655 Cor.
2078 4603 2152 4672 v).
2181 4601 2246 4654 Et
2268 4602 2457 4656 eodem
2486 4601 2848 4670 approbanter
2873 4601 3086 4656 dicente
3117 4620 3134 4659 :
3175 4600 3319 4669 Erga

1739 4709 1758 4742 ι
1803 4692 1932 4758 ﬁdes
1974 4707 2040 4745 ea:
2081 4690 2290 4756 auditu,
2341 4689 2553 4745 auditus
2585 4699 2756 4744 autem
2802 4706 2894 4760 per
2949 4688 3173 4745 Verbum
3221 4689 3320 4745 Dei

1735 4800 1755 4835 ‹
1801 4781 1972 4855 (Rom.
1998 4783 2076 4855 χ).
2119 4802 2139 4836 ι

2119 4893 2450 4965 Epiphanius
2475 4895 2728 4950 diaconus
2759 4895 2877 4964 legit
2902 4908 2922 4946 :

1802 5004 1986 5063 Palam
2009 5005 2292 5063 dicendum
2313 5015 2418 5070 est,
2451 5010 2580 5078 quia
2605 5005 2703 5076 ipsi
2724 5017 3023 5075 comparati
3049 5018 3173 5064 sunt
3191 5022 3322 5077 gen-

1727 5097 1893 5164 tibus,
1919 5113 2040 5167 quaz
2061 5108 2533 5156 commutaverunt
2558 5098 2775 5170 gloriam
2800 5096 2916 5165 Dei,
2938 5111 2995 5158 et
3015 5102 3318 5159 servierunt

1726 5197 1993 5245 creatum
2018 5191 2196 5261 potius
2214 5204 2375 5261 quam
2406 5187 2675 5250 Creatori,
2699 5202 3094 5250 commutantes
3118 5202 3172 5246 et
3197 5206 3296 5261 per

1726 5289 2004 5340 vertentes
2031 5297 2222 5338 sensus
2251 5281 2583 5352 apostolicos
2607 5279 2898 5336 secundum
2917 5300 3012 5342 sua
3030 5283 3318 5342 desideria.

1725 5367 1864 5426 Nam
1879 5376 2129 5430 omnibus
2150 5383 2358 5428 certum
2384 5384 2492 5437 est,
2525 5374 2648 5445 quia
2679 5386 2916 5441 paganos
2938 5378 3164 5433 irridere
3179 5372 3323 5426 vide-

1723 5466 1816 5514 tur
1855 5461 2167 5531 Apostolus,
2189 5459 2418 5517 dicendo
2453 5481 2465 5516 :
2508 5456 2973 5522 Commutaverunt
2993 5466 3213 5540 gloriam
3237 5460 3320 5512 in-

1719 5555 2075 5623 corruptibilis
2103 5555 2196 5608 Dei
2211 5555 2262 5608 in
2280 5551 2682 5612 similitudinem
2707 5555 2952 5624 imaginis
2966 5549 3317 5623 corruptibilis

1717 5639 1966 5696 hominis.
2001 5643 2164 5698 Infert
2192 5642 2336 5696 enim
2361 5657 2373 5693 :
2401 5653 2452 5695 et
2471 5647 2762 5708 volucrum,
2785 5654 2832 5697 et
2853 5640 3252 5713 quadrupedum
3265 5645 3316 5690 et
