3980 6296
514 398 623 502 iis

1682 437 2046 497 ANASTASH
2085 433 2624 526 BlllLlOTllECARll

3665 406 3784 493 uti

517 557 806 614 reciderint
835 517 1274 625 disputationem,
1311 559 1368 606 ut
1393 550 1547 622 quasl
1572 567 1638 608 ex
1674 552 1777 606 hoc
1797 519 2168 632 simplicia-ﬂ
2194 549 2463 616 gnovimns
2490 546 2774 602 secundum
2805 561 3012 600 carnem
3060 521 3344 608 Christum,
3370 545 3460 600 sed
3483 562 3621 599 nunc
3655 547 3774 615 jam

517 664 606 703 res
627 647 917 717 decipiant,
957 643 1109 713 quasi
1140 643 1205 698 dc
1224 641 1466 700 ecclesiae
1495 641 1872 713 imaginalibus
1894 639 2096 695 descri-

515 741 790 811 ptionihus
823 737 1096 814 apostolus
1142 737 1242 790 hoc
1280 734 1610 807 przetendat;
1642 733 1943 805 praesertim
1971 747 2092 786 cum

517 819 603 884 illa
638 845 758 899 qua:
783 827 1212 892 subinl‘eruntur,
1249 827 1589 882 manifestam
1636 826 1870 880 habeant
1909 822 2094 893 expla-

519 911 812 976 nationem.
847 919 1136 980 Volucrum
1179 919 1322 980 enim
1364 929 1416 974 et
1445 918 1849 989 quadrupedum
1885 926 1941 972 et
1976 931 2095 971 ser-

517 1013 757 1080 pentium
815 1010 1144 1064 mentionem
1199 1008 1348 1073 fecit,
1377 1019 1434 1064 et
1463 1009 1586 1080 quia
1618 1009 1918 1064 servierunt
1948 1021 2099 1062 crea-

518 1105 653 1158 t'urae
699 1103 878 1172 potius
921 1117 1081 1172 quam
1110 1101 1374 1156 Creatori.
1409 1099 1687 1155 Noverunt
1716 1098 2096 1154 historicorum

516 1183 778 1251 librorum
804 1194 1140 1264 peritissimi,
1181 1195 1305 1262 quia
1332 1191 1571 1264 .Egyptii
1595 1191 1723 1245 olim
1749 1192 1913 1245 boves
1956 1189 2099 1244 colc-

515 1287 666 1350 bant,
714 1297 766 1342 et
797 1286 902 1340 alia
948 1283 1336 1354 quadrupedia,
1375 1291 1428 1336 et
1469 1281 1699 1336 volatilia
1751 1282 1959 1335 diversa
1985 1320 2001 1346 ,
2045 1286 2100 1334 et

519 1392 752 1438 muscas,
799 1384 854 1430 et
889 1375 1214 1431 crabronum
1263 1372 1587 1437 habitacula,
1637 1380 1691 1426 et
1742 1371 1929 1426 viliora
1981 1371 2100 1425 istis

521 1469 818 1523 animantia
851 1487 862 1521 :
893 1466 1072 1521 Persze
1115 1480 1244 1520 vero
1273 1465 1441 1519 solem
1470 1473 1525 1519 et
1551 1465 1748 1534 ignem.
1796 1462 1972 1519 Graeci
2004 1477 2100 1516 au-

524 1568 633 1612 tem
675 1573 837 1626 super
871 1558 973 1612 hoc
1019 1557 1166 1611 omni
1217 1565 1482 1610 creaturze
1529 1555 1867 1620 servierunt;
1904 1555 1999 1609 sed
2043 1562 2102 1610 et

519 1645 868 1701 Hebraeorum
898 1645 1144 1715 quidam,
1189 1654 1249 1699 ut
1297 1643 1435 1699 liber
1463 1643 1772 1713 Regnorum
1819 1651 2006 1697 narrat
2045 1650 2100 1697 et

517 1723 902 1804 pr0phetarum
931 1733 1231 1789 relationes.
1271 1731 1406 1787 Nam
1430 1734 1629 1797 dicant,
1660 1733 1874 1804 quando
1923 1732 2102 1788 stultae

517 1824 674 1879 factze
717 1831 840 1878 sunt
877 1833 1083 1894 gentes,
1131 1833 1187 1878 et
1232 1823 1576 1878 obscuratum
1604 1831 1688 1878 est
1718 1822 1978 1892 insipiens
2005 1809 2104 1878 cor

2194 652 2297 690 non
2327 637 2560 691 novimus
2583 635 2669 704 (II
2700 635 2822 691 Cor.
2859 636 2914 704 v)
2940 655 2952 690 :
2983 636 3058 691 ita
3077 635 3388 708 dieit(liom.
3422 637 3478 691 ll
3517 637 3569 690 in
3600 635 3663 689 II
3703 637 3776 688 ad

2195 721 2344 795 Cor.)
2381 743 2394 778 :
2426 724 2703 781 Neminem
2745 727 2997 800 novimus
3035 724 3328 782 secundum
3374 741 3595 781 carnem
3645 725 3779 780 lide-

2195 811 2344 868 lium.
2370 815 2505 883 Quid
2532 818 2674 871 enim
2695 825 2750 872 et
2774 818 2825 872 si
2842 817 2894 872 in
2917 831 3079 872 carne
3103 817 3261 872 sunt?
3283 816 3376 872 sed
3399 816 3505 871 vita
3537 817 3624 870 illa
3655 833 3780 871 car-

2197 904 2333 960 nalis
2358 906 2610 976 pcriit,et
2635 907 2922 961 desursum
2940 907 3051 961 nati
3081 922 3269 962 sumus
3298 906 3513 976 spiritu,
3539 916 3592 962 et
3614 908 3780 961 aliam

2198 996 2446 1051 novimus
2471 996 2786 1052 civilitatem
2813 995 2867 1052 et
2899 982 3392 1062 conversationem,
3419 1007 3476 1052 et
3520 998 3685 1051 vitam
3727 1007 3784 1050 et

2197 1085 2637 1141 constitutionem
2689 1101 2810 1155 quae
2851 1086 2902 1140 in
2938 1086 3094 1141 caelis
3135 1094 3238 1141 est.
3265 1085 3461 1140 Iterum
3485 1085 3730 1156 ejusdem
3765 1103 3790 1138 τ

2197 1176 2485 1232 Auctorem
2517 1192 2642 1233 csse
2677 1177 2948 1232 Christum
2977 1180 3316 1234 demonstrat
3347 1196 3361 1232 :
3405 1180 3548 1234 unde
3589 1189 3645 1232 et
3701 1179 3786 1232 in-

2203 1267 2323 1322 tulit
2355 1287 2368 1322 :
2395 1267 2462 1322 Et
2489 1269 2539 1323 si
2562 1285 2870 1324 noveramus
2899 1268 3163 1324 Christum
3213 1270 3499 1324 secundum
3547 1286 3783 1336 corneus,

2199 1357 2290 1410 sed
2332 1374 2472 1411 nunc
2502 1358 2620 1428 jam
2653 1375 2755 1412 non
2797 1359 3053 1413 novimus.
3084 1358 3181 1415 Dic
3210 1359 3362 1425 mihi,
3393 1359 3632 1430 nunquid
3660 1375 3788 1415 car-

2200 1464 2323 1504 nem
2348 1449 2616 1518 deposuit,
2641 1459 2696 1506 et
2730 1467 2872 1506 nunc
2897 1465 3004 1506 non
3033 1460 3117 1506 est
3141 1466 3263 1506 cum
3293 1452 3556 1522 corpore?
3600 1451 3785 1506 absit:

2199 1542 2398 1597 etenim
2423 1551 2478 1596 et
2501 1557 2644 1596 nunc
2669 1541 2722 1596 in
2749 1557 2914 1596 carne
2936 1550 3039 1596 est.
3067 1540 3166 1596 Hic
3191 1541 3336 1597 enim
3361 1540 3544 1606 Iesus,
3577 1540 3666 1610 qui
3700 1555 3790 1595 as-

2202 1640 2448 1702 sumptus
2473 1642 2558 1688 est
2595 1648 2624 1686 a
2670 1632 2826 1688 nobis
2852 1633 2906 1687 in
2944 1632 3163 1697 caelum,
3193 1632 3274 1688 sie
3316 1632 3501 1690 veniet
3541 1631 3682 1701 (Aet.
3719 1632 3784 1694 ι).

2204 1723 2317 1788 Sic,
2343 1723 2649 1792 quomodo?
2673 1725 2725 1778 in
2747 1737 2912 1779 carne
2941 1739 3064 1778 cum
3086 1737 3335 1794 corpore.
3361 1721 3788 1793 Quomodoergo

2203 1813 2280 1868 ait
2307 1831 2320 1868 :
2356 1813 2422 1866 Et
2445 1815 2491 1868 si
2520 1831 2830 1868 noveramus
2853 1816 3138 1868 secundum
3162 1830 3370 1869 carnem
3387 1813 3671 1878 Christum,
3699 1830 3790 1867 seu

519 1914 735 1968 eorum?
760 1922 1047 1983 antequam
1071 1913 1426 1969 credidissent
1457 1915 1512 1968 in
1542 1913 1842 1980 Christum,
1871 1931 1939 1968 an
1955 1925 2105 1983 post-

2211 1918 2344 1956 nunc
2373 1903 2488 1973 jam
2514 1920 2616 1957 non
2644 1905 2884 1958 novimus
2907 1905 2933 1957 7
2977 1903 3104 1973 quia
3131 1911 3188 1959 et
3211 1903 3256 1959 si
3283 1902 3597 1974 passibilem
3623 1918 3794 1958 nove-

519 2020 682 2074 quam
714 2005 1092 2060 crediderunt?
1138 2007 1324 2075 utique
1371 2015 1658 2073 antequam
1691 2006 2050 2060 credidissent
2087 2023 2100 2058 :

521 2095 867 2150 manifestum
897 2096 1041 2151 enim
1073 2097 1199 2151 hoc.
1229 2095 1285 2150 Si
1308 2097 1452 2150 enim
1474 2095 1730 2160 dixerint,
1757 2103 2106 2165 posteaquam

521 2185 868 2240 crediderunt
900 2186 952 2240 in
983 2185 1260 2240 Christum
1290 2195 1500 2256 gentes,
1532 2194 1794 2240 creatum
1846 2201 1910 2239 ac
1951 2184 2108 2240 idolis

523 2274 848 2339 deservisse,
879 2277 1300 2348 dispensationis
1327 2277 1530 2332 Christi
1559 2279 1650 2332 Dei
1679 2279 1848 2333 nostri
1873 2278 2105 2348 prophe-

525 2368 614 2422 tia:
642 2370 936 2424 secundum
971 2370 1118 2440 ipsos
1165 2370 1454 2425 mendaces
1487 2380 1668 2434 erunt,
1719 2385 1838 2440 quae
1870 2384 2109 2440 pronun-

438 2488 446 2494 -
525 2461 670 2515 tiatte
697 2471 826 2515 sunt
873 2462 939 2516 de
969 2462 1228 2516 Ecclesia.
1283 2462 1401 2516 Erit
1437 2459 1736 2517 Jerusalem
1799 2471 2007 2526 sancta,
2053 2471 2108 2518 et

525 2553 842 2620 alienigenm
871 2569 977 2608 non
1007 2554 1313 2609 transibunt
1339 2568 1434 2624 per
1464 2570 1582 2609 eam
1601 2554 1765 2628 ultra.
1798 2554 1863 2609 Et
1895 2572 1908 2608 :
1947 2553 2108 2609 Mise-

523 2646 806 2698 ricordiam
833 2661 999 2698 meam
1027 2662 1129 2698 non
1165 2645 1462 2716 dispergam
1489 2645 1554 2699 ab
1599 2647 1697 2711 eis,
1743 2663 1904 2714 neque
1932 2645 2111 2714 profa-

523 2735 657 2789 nabo
683 2745 1044 2790 testamentum
1073 2752 1278 2801 meum;
1305 2746 1351 2789 et
1383 2753 1498 2804 qua:
1529 2735 1816 2806 procedunt
1852 2735 1916 2789 de
1959 2733 2108 2788 labiis

523 2825 650 2877 meis
678 2841 780 2878 non
808 2824 1002 2894 faciam
1033 2826 1181 2878 irrita
1218 2822 1392 2896 (Psal.
1424 2825 1709 2894 LXX-XVIII).
1767 2823 1824 2880 Si
1865 2839 1996 2879 vero
2040 2824 2110 2879 ab

529 2915 803 2984 agnitione
856 2913 950 2968 Dei
993 2915 1214 2972 exsules
1260 2915 1542 2981 facientes,
1571 2924 1625 2970 et
1649 2924 1773 2970 ante
1793 2915 1991 2971 Christi
2017 2916 2109 2970 ad-

523 3011 741 3056 ventum
769 3003 950 3058 traditi
994 3013 1119 3059 sunt
1163 3005 1216 3058 in
1266 3006 1554 3075 reprohnm
1603 3021 1844 3072 sensum,
1894 3006 2110 3061 dia‘tolo

523 3094 842 3159 servientes,
872 3109 1008 3148 vana
1039 3104 1122 3149 est
1158 3095 1420 3151 adversus
1449 3096 1787 3152 Christianos
1834 3097 2110 3152 accusatio

526 3199 646 3251 quae
676 3200 818 3239 nunc
846 3186 913 3240 ab
939 3187 1018 3240 eis
1040 3185 1291 3251 cllicitur,
1315 3197 1368 3241 et
1406 3188 1726 3244 llducialiter
1746 3188 1891 3243 dicet
1920 3189 1986 3244 ad
2015 3203 2109 3244 eos

2211 2006 2395 2045 ramus
2419 1991 2714 2056 Christum,
2754 1993 2850 2047 sed
2885 1991 2997 2060 jam
3025 2007 3167 2048 nunc
3198 2007 3326 2048 non.
3355 1991 3492 2046 Nam
3542 2003 3791 2047 nostrum

2207 2081 2502 2136 secundum
2530 2097 2748 2136 carnem
2787 2097 2932 2147 esse,
2953 2090 3038 2137 est
3071 2083 3126 2136 in
3151 2073 3388 2152 peccatis
3415 2096 3538 2136 esse
3571 2099 3585 2135 :
3610 2091 3662 2136 et
3687 2097 3792 2136 non

2207 2172 2500 2226 secundum
2529 2167 2751 2226 Carnem
2781 2186 2924 2236 esse,
2973 2171 3026 2225 in
3062 2171 3300 2241 peccatis
3323 2185 3428 2224 non
3455 2186 3602 2227 esse.
3639 2171 3798 2226 Chri-

2207 2263 2276 2316 sti
2309 2277 2437 2317 vero
2470 2277 2590 2318 esse
2621 2263 2914 2317 secundum
2965 2277 3212 2328 carnem,
3251 2270 3336 2318 est
3367 2263 3420 2317 in
3449 2255 3796 2331 passionibus

2209 2367 2329 2407 esse
2353 2361 2595 2416 naturae;
2627 2361 2685 2406 ut
2707 2361 2833 2421 puta
2873 2353 3128 2420 sitiendo,
3158 2353 3469 2417 esuriendo,
3497 2351 3795 2423 fatigando,

2208 2443 2547 2497 dormiendo.
2583 2442 2873 2498 Peccatum
2898 2444 3042 2499 enim
3073 2441 3179 2500 non
3211 2443 3356 2509 fecit,
3390 2459 3491 2498 nec
3535 2444 3694 2499 dolus
3721 2445 3798 2499 iit-

2208 2541 2398 2589 ventus
2420 2543 2502 2589 est
2533 2535 2586 2588 in
2621 2550 2718 2590 ore
2755 2537 2874 2606 ejus
2898 2535 3034 2607 (Isa.
3064 2536 3205 2608 un).
3238 2536 3392 2592 Unde
3432 2543 3490 2592 et
3532 2537 3751 2592 dicebat
3778 2555 3792 2591 :

2210 2624 2338 2691 Quis
2367 2643 2432 2680 ea:
2455 2625 2594 2680 vobis
2618 2637 2797 2696 arguet
2825 2643 2906 2681 me
2945 2628 3009 2682 de
3036 2638 3245 2698 peccato
3269 2628 3295 2681 ?
3323 2626 3504 2699 (Joan.
3537 2628 3686 2698 Vill.)
3735 2628 3798 2682 Et

2208 2719 2446 2774 iterum:
2486 2716 2635 2772 Venit
2667 2720 2907 2790 princeps
2959 2721 3142 2773 mundi
3191 2719 3370 2790 hujus,
3411 2731 3456 2774 et
3497 2720 3552 2774 in
3586 2737 3670 2774 me
3697 2737 3796 2773 non

2208 2809 2398 2862 invenit
2426 2797 2714 2878 quidquam
2739 2807 2923 2878 (Joa'n.
2979 2811 3115 2876 xw).
3139 2809 3306 2880 Igitur
3345 2824 3450 2863 non
3495 2810 3793 2864 secundum

2209 2911 2428 2951 carnem
2452 2896 2726 2952 Christum
2755 2911 2898 2963 esse,
2927 2907 3010 2952 est
3031 2898 3144 2969 jam
3168 2899 3236 2952 ab
3262 2897 3347 2954 his
3387 2898 3634 2953 tristitiis
3665 2898 3794 2953 libe-

2210 2986 2340 3049 rari,
2373 2994 2428 3040 et
2454 3000 2560 3041 non
2584 2986 2790 3055 absque
2812 3001 2980 3041 carne
2999 3001 3138 3040 esse.
3158 2985 3370 3040 Etenim
3396 3001 3521 3040 cum
3561 2985 3683 3056 ipsa
3713 3002 3799 3042 νεα

2210 3075 2322 3128 nict
2343 3075 2682 3145 judicaturus
2711 3075 2899 3130 orbem
2933 3074 3320 3145 impassihilem
3345 3088 3466 3128 eam
3496 3075 3712 3131 habens
3747 3083 3801 3131 et

2212 3163 2674 3234 incorruptibilem
2709 3181 2723 3218 :
2760 3165 2813 3220 in
2835 3165 2978 3235 quod
3006 3174 3061 3220 et
3083 3181 3180 3220 nos
3211 3167 3586 3232 transibimus,
3635 3167 3801 3223 conli-

527 3271 692 3328 lsaias
737 3273 975 3329 clamans
1001 3292 1015 3328 :
1051 3273 1142 3348 Va:
1167 3277 1258 3346 qui
1289 3277 1518 3330 scribunt
1547 3277 1802 3333 malitiam
1829 3295 1848 3343 ;
1877 3279 2108 3332 sorriben-

2211 3264 2402 3323 gurato
2421 3267 2664 3324 corpore
2703 3255 2859 3311 nobis
2900 3254 3092 3311 eﬂ'ecto
3121 3256 3336 3326 corpori
3369 3255 3640 3312 claritatis
3661 3257 3798 3327 ejus.

525 3375 600 3419 les
627 3365 786 3429 enim,
818 3364 1072 3420 malitiam
1101 3366 1332 3420 scribunt
1358 3366 1494 3436 (lsa.
1524 3385 1576 3431 χ,
1607 3386 1707 3423 sec.
1737 3367 1928 3441 LXX).
1947 3370 2113 3438 Igitur

527 3455 758 3525 maligne
793 3471 856 3512 ac
888 3458 1320 3528 tergiversatorie
1345 3461 1670 3528 apostolicus
1690 3470 1746 3516 et
1775 3471 2004 3518 caeteras
2025 3477 2113 3516 sa-

523 3562 629 3600 crae
657 3546 950 3617 Scriptura:
976 3563 1136 3602 voces
1161 3549 1512 3618 accipientes,
1545 3549 1806 3605 festinant
1849 3566 2132 3624 magnum‘

523 3635 713 3690 salutis
742 3646 937 3691 nostra:
961 3638 1276 3708 mysterium
1303 3638 1719 3708 dispensationis
1759 3639 1962 3696 Christi
2015 3641 2112 3696 Dei

525 3728 718 3790 nostri,
757 3743 853 3797 per
897 3744 1058 3798 quem
1107 3730 1369 3799 redempti
1399 3746 1586 3785 sumus
1631 3731 1698 3785 ab
1720 3747 1907 3788 errore
1938 3731 2112 3788 idolo-

525 3831 666 3880 rum,
697 3828 1025 3886 pervertere,
1057 3826 1114 3873 et
1164 3818 1217 3873 in
1255 3833 1314 3874 se
1359 3817 1588 3890 gloriam
1620 3821 1916 3877 transferre
1946 3840 1960 3876 :
2015 3823 2113 3877 sed

530 3907 709 3962 nullus
742 3909 825 3965 eis
862 3910 1041 3985 credit
1084 3909 1542 3986 Christianorum.
1592 3911 1926 3967 Confitemur
1969 3908 2122 3968 enim

530 3998 791 4062 universi,
836 4001 903 4055 ab
951 4016 1139 4057 errore
1187 4001 1452 4057 idolorum
1493 4009 1550 4057 et
1593 4003 1660 4058 ab
1685 4005 1828 4059 omni
1859 4003 2117 4075 religione

533 4089 716 4158 gentili
743 4091 1014 4146 Christum
1029 4107 1214 4148 verum
1243 4093 1409 4148 Deum
1437 4102 1682 4150 nostrum
1707 4095 1759 4150 in
1783 4094 2117 4166 profectione

529 4193 649 4245 sua,
683 4196 790 4250 qua
812 4181 1105 4237 secundum
1127 4198 1346 4246 carnem
1366 4184 1551 4240 ad'nos
1571 4185 1740 4252 venit,
1779 4201 1878 4244 nos
1902 4187 2132 4256 penitus.

531 4268 882 4324 abstraxisse.
934 4270 1102 4327 Porro
1145 4273 1191 4328 si
1237 4273 1338 4342 ipsi
1377 4274 1479 4330 hoc
1523 4276 1744 4333 minime
1789 4275 2139 4333 confitentur,

533 4355 701 4428 fuisse
746 4358 968 4427 factum,
1023 4376 1122 4419 nec
1147 4363 1565 4432 confessionem,
1620 4382 1722 4422 nec
1775 4370 2115 4426 vocationem

535 4445 650 4515 ejus
673 4448 891 4518 habent.
910 4449 1064 4508 Unde
1091 4453 1350 4510 adversus
1387 4469 1482 4511 eos
1506 4457 1797 4527 Apostolus
1823 4459 1899 4513 ait
1929 4476 1943 4514 :
1975 4458 2116 4525 Quid

531 4541 670 4594 enim
696 4543 874 4609 habes,
895 4545 1035 4614 quod
1061 4561 1164 4612 non
1190 4548 1469 4617 accepisti?
1490 4548 1540 4620 (1
1558 4549 1680 4609 Cor.
1697 4550 1794 4622 tv.)
1814 4553 1884 4606 At
1900 4552 1944 4607 si
1961 4567 2116 4608 acce—

2213 3346 2479 3402 Prauerea
2504 3347 2738 3418 Cyrillus
2760 3347 3158 3403 Alexandrinus
3175 3357 3544 3419 propugnator
3575 3349 3802 3404 sincerae

2216 3434 2339 3490 fidei
2372 3444 2590 3500 nostrze,
2621 3436 2918 3506 explanans
2949 3437 3106 3491 nobis
3151 3436 3290 3491 idem
3337 3437 3570 3503 dictum,
3623 3437 3805 3492 taliter

2215 3526 2638 3597 interpretatur:
2675 3543 2798 3581 nam
2828 3528 2953 3597 quia
2979 3527 3152 3582 factus
3193 3527 3354 3582 homo
3377 3535 3460 3582 est
3490 3528 3804 3599 unigenitus

2214 3616 2312 3672 Dei
2344 3618 2606 3684 Verbum,
2629 3628 2685 3673 et
2709 3619 2861 3674 radix
2893 3620 3111 3690 generis
3137 3620 3388 3690 apparuit
3409 3621 3673 3686 secunda,
3697 3638 3802 3679 non

2209 3708 2363 3778 juxta
2390 3708 2616 3778 primam
2642 3711 2768 3780 qua:
2792 3719 2877 3766 est
2906 3725 2972 3763 ex
3002 3709 3195 3778 Adam,
3243 3712 3338 3766 sed
3387 3712 3441 3766 in
3481 3713 3804 3770 melioribus

2215 3797 2708 3868 incomparabiliter
2747 3798 3150 3869 intelligendam
3191 3807 3248 3855 et
3272 3800 3602 3857 exiStentetu
3625 3811 3802 3858 trans-

2216 3890 2518 3946 formamur
2553 3891 2621 3946 ad
2649 3891 2839 3945 vitam.
2885 3890 3003 3946 Non
3037 3892 3181 3946 enim
3221 3908 3410 3948 sumus
3455 3894 3560 3949 sub
3607 3904 3802 3960 morte,

2218 3981 2314 4037 sed
2339 3980 2442 4036 sub
2468 3981 2584 4051 ipso
2613 3981 2790 4037 Verbo
2815 3983 2958 4052 quod
2999 3992 3194 4038 cuncta
3243 3983 3481 4038 vivificat
3503 4002 3519 4040 :
3543 3993 3604 4040 et
3647 4001 3804 4042 nemo

2215 4087 2300 4133 est
2338 4079 2390 4133 in
2417 4089 2604 4141 carne,
2645 4075 2698 4130 id
2723 4084 2826 4142 est,
2868 4077 2921 4131 in
2954 4075 3272 4131 infirmitate
3300 4078 3524 4143 carnali,
3553 4081 3700 4150 quod
3724 4090 3805 4135 est

2217 4169 2515 4239 corruptio.
2553 4165 2669 4222 Non
2724 4175 2904 4222 autem
2941 4168 3043 4224 hoc
3073 4167 3207 4223 dicit
3241 4167 3459 4234 Paulus,
3505 4173 3655 4240 quod
3699 4188 3802 4226 non

2217 4259 2288 4315 sit
2309 4259 2362 4314 in
2390 4273 2554 4314 carne
2575 4256 2843 4313 Christus.
2867 4256 3004 4312 Nam
3033 4266 3088 4312 et
3110 4259 3155 4314 si
3178 4258 3330 4324 dicit,
3358 4257 3638 4315 Neminem
3667 4264 3808 4317 novi-

2217 4366 2332 4405 mus
2359 4350 2646 4404 secundum
2666 4365 2898 4416 carnem,
2930 4364 3036 4404 non
3057 4359 3237 4405 tamen
3265 4348 3367 4404 hoc
3388 4350 3668 4422 significat
3696 4370 3710 4408 :
3734 4353 3806 4408 si-

2218 4441 2434 4511 quidem
2461 4440 2732 4510 quomodo
2757 4449 3000 4496 mortuus
3029 4441 3147 4496 est?
3174 4441 3276 4496 hoc
3299 4441 3444 4496 enim
3493 4444 3681 4499 carnis
3725 4445 3809 4499 in-

2222 4532 2454 4588 firmitas
2498 4541 2601 4589 est.
2632 4533 2774 4604 Ergo
2813 4533 2957 4604 quod
2992 4533 3144 4598 dicit,
3175 4533 3279 4589 hoc
3307 4543 3428 4589 est:
3453 4533 3688 4590 Factum
3727 4545 3808 4592 est

541 4639 758 4700 perunt,
807 4631 1400 4703 illamredemptionem
1425 4637 1672 4698 confiteri
1720 4621 2036 4706 debuerant,
2057 4649 2112 4696 et

2221 4639 2351 4680 caro
2379 4623 2639 4689 Verbum,
2670 4632 2725 4680 et
2747 4639 2846 4695 pro
2869 4624 3120 4680 omnibus
3148 4632 3361 4680 mortua
3383 4633 3466 4680 est
3491 4643 3504 4679 :
3531 4634 3590 4680 et
3615 4627 3698 4682 sic
3719 4642 3810 4682 co-

539 4723 818 4792 suscipere
844 4723 1127 4795 imagines,
1143 4740 1262 4795 quae
1284 4736 1411 4782 sunt
1437 4727 1787 4785 ecclesiastici
1814 4731 2025 4786 decoris
2057 4731 2112 4786 in
2137 4777 2140 4786 .

536 4812 813 4868 oculorum
859 4821 1138 4885 aspectum
1177 4817 1332 4873 nobis
1372 4816 1596 4884 effectae,
1641 4830 1696 4875 et
1739 4823 2117 4880 enarrationes

541 4903 864 4975 evangelicae
894 4920 990 4974 per
1017 4920 1110 4962 eas
1145 4906 1200 4963 in
1248 4919 1456 4964 mentes
1490 4919 1704 4964 nostras
1743 4921 2034 4983 assumpta:
2062 4912 2116 4968 in

543 4997 1112 5054 commemorationem
1143 5008 1198 5054 et
1226 4999 1542 5054 relationem
1589 5000 1910 5072 evangelicae
1949 5003 2119 5068 histo-

543 5083 658 5154 t‘izn,
689 5085 849 5140 sicuti
880 5087 1124 5142 crebrius
1165 5087 1369 5144 dictum
1419 5095 1523 5143 est.
1572 5088 1638 5142 Et
1683 5091 1933 5158 quoniam
1981 5089 2115 5144 alias

536 5193 749 5248 quoque
774 5174 1096 5251 apostolicas
1117 5192 1278 5234 voces
1299 5186 1626 5249 proponunt,
1651 5179 1928 5235 dicentes:
1960 5179 2027 5234 Et
2069 5182 2114 5234 si
2143 5163 2150 5194 ί

539 5285 842 5324 noveramus
865 5267 1127 5328 Christum
1156 5269 1438 5323 secundum
1468 5286 1699 5336 carnem,
1724 5271 1814 5324 sed
1839 5287 1975 5324 nunc
2000 5270 2116 5340 jam
2143 5273 2150 5284 '

539 5370 641 5414 nun
694 5363 924 5418 novimus
954 5380 973 5418 :
995 5382 1085 5436 per
1133 5361 1290 5435 fidem
1317 5363 1453 5416 enim
1495 5363 1845 5427 ambulamus,
1877 5380 1980 5418 non
2025 5349 2146 5434 per-

538 5453 755 5520 speciem
784 5453 868 5524 (II
894 5453 1015 5510 Cor.
1043 5459 1098 5523 ν)
1130 5475 1143 5511 :
1181 5457 1233 5512 in
1266 5455 1502 5512 medium
1543 5455 1878 5525 proferamus
1923 5456 2112 5510 harum
2143 5527 2150 5534 .

541 5539 863 5612 interpretes
889 5551 944 5599 et
970 5544 1256 5616 magistros
1279 5543 1644 5615 magnivocos.
1675 5543 1907 5599 Joannes
1938 5544 2116 5614 itaque

499 5628 512 5636 “
542 5633 631 5700 qui
660 5633 948 5704 fulgentius
973 5652 1106 5691 auro
1133 5647 1188 5692 et
1232 5636 1407 5707 lapide
1437 5636 1674 5708 possidet
1703 5635 2070 5707 magisterium
2097 5675 2113 5701 ,

541 5723 900 5794 interpretans
930 5727 1169 5798 Apostoli
1197 5728 1398 5784 dictum
1425 5717 1567 5800 quod
1591 5729 1665 5782 ait
1691 5747 1702 5782 :
1729 5727 1912 5800 Itaque
1931 5746 1996 5784 ex
2021 5730 2116 5783 hoc

543 5821 634 5866 n08
683 5815 933 5872 nemiuem
978 5817 1208 5876 norimus
1239 5821 1522 5875 secundum
1563 5836 1791 5876 carnem.
1845 5819 1909 5877 Ei
1939 5823 1984 5878 εἰ
2031 5839 2119 5879 σο-

2221 4719 2506 4789 gnovimus
2532 4733 2654 4774 eum
2685 4714 2981 4775 secundum
3013 4733 3231 4774 carnem
3255 4759 3272 4786 ,
3317 4727 3697 4794 verumtamen
3740 4737 3805 4776 ex

2221 4813 2324 4868 hoc
2347 4809 2460 4880 jam
2491 4827 2596 4866 non
2622 4810 2890 4866 novimus.
2923 4809 3060 4865 Nam
3101 4818 3156 4864 et
3185 4811 3232 4866 si
3259 4819 3344 4866 est
3367 4827 3513 4867 nunc
3553 4812 3610 4866 in
3641 4827 3810 4867 carne

2224 4901 2548 4974 (resurrexit
2573 4902 2719 4957 enim
2747 4901 2910 4956 tertio
2937 4901 3046 4967 die,
3074 4909 3128 4957 et
3144 4901 3388 4956 ascendit
3408 4901 3462 4956 in
3489 4902 3686 4973 ctelos)
3717 4903 3808 4958 sed

2223 5008 2386 5062 supra
2423 5007 2642 5047 carnem
2691 4989 3029 5062 intelligitur.
3076 4989 3192 5045 Non
3237 4990 3380 5046 enim
3407 4991 3520 5061 jam
3551 4993 3808 5058 moritur,

2224 5096 2400 5158 neque
2427 5081 2588 5136 aliam
2617 5081 2857 5151 aliquam
2907 5080 3091 5135 carnis
3133 5080 3508 5135 infirmitatem
3549 5081 3805 5145 sustinet,

2222 5174 2316 5228 sed
2347 5173 2430 5228 his
2458 5172 2710 5228 omnibus
2755 5181 2836 5228 est
2884 5173 3062 5244 potior
3099 5181 3353 5243 tanquam
3405 5173 3566 5228 Deus.
3601 5175 3809 5229 Videtis

2223 5281 2372 5336 ergo,
2401 5260 2722 5337 adversarii,
2755 5267 2881 5337 quia
2923 5282 3028 5322 non
3073 5267 3246 5322 solum
3297 5267 3626 5338 apostolicus
3646 5283 3808 5325 voces

2225 5359 2554 5428 pervertitis,
2587 5360 2680 5415 sed
2727 5360 2933 5415 sanctis
2969 5358 3220 5414 Patribus
3259 5359 3646 5414 adversamini.
3703 5360 3807 5430 ipsi

2223 5450 2365 5504 enim
2400 5465 2496 5520 per
2523 5449 2757 5504 antelata
2808 5450 2949 5505 dicta
3001 5447 3275 5505 Christum
3303 5450 3647 5520 passionibus
3673 5451 3808 5506 libe-

2226 5551 2398 5596 ratum
2435 5549 2554 5614 post
2591 5543 3040 5598 resurrectionem
3083 5544 3392 5609 ostendunt,
3446 5552 3501 5597 et
3557 5559 3658 5598 nos
3707 5544 3802 5599 do-

2221 5643 2348 5688 cent
2395 5644 2649 5705 tauquam
2681 5635 2987 5692 conformes
3025 5635 3246 5692 ell'ectos
3279 5635 3490 5705 corpori
3540 5635 3806 5690 claritatis

2224 5724 2380 5794 ejus,
2428 5741 2534 5782 non
2589 5727 2882 5784 secundum
2931 5743 3151 5784 carnem
3201 5726 3476 5782 ambulare
3509 5767 3525 5794 ,
3582 5726 3636 5782 id
3683 5737 3806 5790 est,

2225 5837 2330 5877 non
2381 5820 2576 5879 sectari
2623 5819 2866 5878 carnales
2910 5821 3229 5892 voluptates.
3275 5817 3442 5876 Porro
3497 5833 3592 5876 vos
3646 5819 3801 5875 vesti-
