3916 5778
60 343 145 395 ili

753 340 1306 400 INTERPRETATIO
1344 343 1592 402 SYNODl
1636 343 1720 400 Vll
1759 345 2166 404 GENEBALIS.
2206 380 2275 390 —
2312 350 2516 410 ACTIO
2557 352 2640 409 Vl.

3212 360 3314 415 M8

58 464 126 529 ειη
185 457 381 512 horum
471 471 714 528 persequi
789 459 1013 514 minimc
1079 459 1348 530 patientes
1373 501 1390 526 ,
1467 461 1624 517 aliter
1651 473 1697 531 Α
1732 479 1750 511 ι
1788 461 1854 517 Et
1883 463 1936 517 in
1966 464 2067 520 hoc
2095 468 2414 523 memoriam
2457 469 2671 537 habete,
2705 463 2798 525 ﬁlii
2830 469 3032 539 dilecti,
3063 489 3133 531 ne
3163 476 3317 533 indu-

57 563 201 618 quam
265 545 462 602 Patres
530 547 832 616 sapiendo,
896 563 1091 602 vanam
1157 550 1448 619 quamdam
1510 551 1623 622 glo-

57 642 172 693 riam
232 635 591 711 [opinionem]
643 639 1027 706 introducitis,
1076 649 1132 695 et
1173 641 1314 695 viam
1366 657 1474 697 non
1526 643 1622 697 tri—

56 740 148 782 tam
196 729 542 785 ambulantes
569 771 584 795 ,
635 740 842 785 vosmet
881 740 937 785 et
979 740 1276 787 sectatores
1313 742 1526 788 vestros
1565 732 1620 787 in

53 821 331 890 praecipitia
401 830 458 875 et
527 821 707 878 fauces
768 822 1071 878 inducenda
1101 863 1116 888 ,
1174 823 1229 878 in
1295 823 1620 894 profundum

55 912 230 968 inferni
302 914 644 986 demergitis.
711 916 909 971 Verum
988 915 1140 972 vobis
1219 932 1380 972 nemo
1448 918 1622 974 credit

53 1021 140 1058 non
165 1006 522 1074 sequentibus
559 1015 868 1062 sanctorum
911 1006 1132 1062 Patrum
1181 1018 1490 1065 nostrorum
1525 1010 1619 1066 do-

51 1095 283 1148 ctrinam.
333 1094 483 1150 Sane
525 1096 649 1152 illud
689 1097 831 1167 quod
862 1098 1081 1163 dicitur,
1137 1097 1246 1153 Per
1281 1101 1439 1169 ﬁdem
1481 1102 1620 1156 enim

50 1186 384 1252 mubulamus,
411 1204 516 1241 non
533 1205 624 1257 per
643 1190 861 1259 speciem
879 1230 894 1252 ,
929 1191 1068 1245 idem
1093 1189 1330 1247 Joannes
1351 1193 1618 1263 interpre-

53 1286 190 1341 tans,
240 1279 322 1332 sic
379 1279 457 1332 ait
511 1280 680 1349 (hom.
725 1280 793 1334 10
839 1281 892 1334 in
943 1280 1004 1334 ll
1052 1283 1121 1335 ad
1157 1281 1308 1353 Cor.)
1342 1301 1354 1336 :
1389 1283 1467 1339 Ne
1496 1285 1620 1353 quis

51 1369 172 1421 dicat
206 1385 218 1418 :
248 1367 380 1437 quid
412 1370 578 1439 ergo?
625 1370 852 1426 dicendo
882 1389 895 1424 :
931 1371 1180 1438 Quandiu
1211 1390 1392 1428 sumus
1413 1376 1467 1428 in
1504 1391 1619 1428 cor-

48 1476 170 1529 pore,
198 1461 600 1529 peregrinamur
639 1480 671 1515 α
713 1461 937 1516 Domino
961 1504 976 1528 ,
1027 1473 1084 1518 ut
1125 1465 1254 1535 quid
1288 1466 1402 1520 hinc
1439 1466 1618 1521 dicis?

48 1549 200 1603 Alieni
227 1565 359 1620 ergo
386 1549 652 1606 efficimur
678 1553 746 1608 ab
769 1568 833 1608 eo
865 1555 954 1609 hic
975 1555 1307 1612 existentes?
1333 1557 1474 1613 Ante
1499 1573 1619 1613 cor-

49 1639 188 1702 rexit,
218 1638 410 1694 dicens
452 1658 464 1693 :
510 1639 615 1696 Per
643 1643 800 1711 ﬁdem
835 1645 1202 1711 ambulamus,
1247 1663 1350 1701 non
1387 1663 1480 1716 per
1504 1663 1618 1716 spe-

49 1732 189 1793 ciem;
211 1740 266 1784 et
287 1729 376 1785 hic
398 1731 615 1802 quidem
641 1727 762 1787 eum
793 1736 1017 1801 scimus,
1044 1737 1138 1791 sed
1165 1752 1268 1790 non
1293 1737 1364 1790 ita
1393 1737 1626 1807 liquido.

1731 573 1749 606 ι
1784 557 1922 612 catis
1949 557 2210 631 imagines
2237 561 2290 616 in
2335 563 2634 628 ecclesias,
2679 579 2858 636 neque
2900 566 2952 622 in
2998 574 3312 627 cmmeteria

1729 663 1747 696 ι
1785 656 2137 715 sanctorum;
2185 651 2280 705 sed
2326 667 2423 721 per
2463 655 2780 708 memoriam
2821 655 3014 712 habete
3065 658 3232 714 Deum
3260 661 3313 716 in

1727 753 1746 786 ι
1780 737 2036 794 cordibus
2070 741 2292 806 vestris;
2334 742 2429 797 sed
2479 757 2655 815 neque
2703 744 2754 799 in
2803 745 3022 801 domum
3067 763 3313 804 commu-

1727 847 1745 880 ι
1783 845 1906 885 nem
1941 849 1956 884 :
2000 847 2105 886 non
2148 833 2292 888 enim
2326 835 2544 905 expedit
2575 836 2886 893 Christiano
2925 853 3021 909 per
3045 842 3231 896 oculos
3259 851 3315 896 et

1726 939 1744 972 ι
1784 922 2098 992 vagationes
2126 925 2322 980 mentis
2353 925 2553 982 efferri.
2604 926 2704 994 Qui
2749 938 2806 983 et
2849 929 2983 984 alios
3034 946 3314 1004 sermones

1727 1031 1743 1064 ι
1779 1015 2031 1084 exposuit
2053 1015 2106 1070 in
2133 1017 2542 1074 subversionem
2566 1019 2966 1077 elﬁciendarum
2991 1023 3310 1094 imaginum,

1727 1121 1746 1164 ι
1781 1107 2020 1174 quosqui
2049 1121 2288 1161 amorem
2304 1107 2542 1165 discendi
2571 1110 2794 1178 habent,
2825 1120 3128 1182 qumrentcs
3159 1113 3313 1169 inve—

1726 1210 1744 1243 ι
1783 1193 1951 1248 nient.
2005 1213 2024 1245 ι

2078 1327 2408 1400 Epiphanius
2437 1331 2692 1387 diaconus
2718 1333 2884 1404 legit:
2938 1417 2940 1419 g
3037 1363 3044 1370 ι

1788 1451 2072 1510 Amatores
2121 1455 2363 1512 discendi
2427 1459 2919 1516 ecclesiasticarum
2971 1450 3320 1535 negotiorum

1717 1546 2038 1600 scrutinium
2079 1544 2220 1620 [Gr.,
2254 1548 2490 1605 Studiosi
2523 1551 2576 1606 in
2608 1555 2914 1609 scrutandis
2949 1556 3108 1610 rebus
3135 1559 3309 1611 cccle-

1717 1633 2016 1708 siasticis],
2064 1652 2158 1692 eos
2192 1639 2282 1709 qui
2328 1639 2486 1696 aliter
2523 1643 2769 1711 sapiunt,
2816 1660 3075 1715 suamque
3123 1647 3308 1702 volunt

1717 1734 1956 1782 statuere
1983 1728 2277 1798 justitiam,
2306 1740 2362 1786 et
2386 1733 2580 1788 divinat
2611 1737 2884 1803 resistere,
2917 1750 3182 1795 noverunt
3210 1759 3306 1796 no-

49 1825 102 1879 Et
123 1823 243 1880 alibi
284 1825 464 1881 dicit:
505 1827 660 1882 Nunc
684 1828 913 1882 videmus
960 1829 1014 1882 in
1057 1829 1265 1897 speculo
1303 1841 1348 1884 et
1387 1831 1440 1884 in
1486 1831 1612 1884 teni-

1721 1816 1826 1871 this
1868 1827 1924 1874 et
1968 1819 2119 1876 falsis
2166 1825 2656 1894 conscriptionibus
2701 1828 3014 1895 innitentes,
3050 1840 3305 1902 tanquam

47 1929 218 1986 gmale,
246 1928 372 1972 tunc
410 1926 586 1972 autem
625 1918 763 1986 facie
798 1920 866 1971 ad
901 1917 1088 1986 faciem
1133 1917 1184 1988 (Ι
1208 1917 1331 1974 Cor.
1357 1921 1499 1990 xui).
1547 1919 1615 1974 Et

47 2007 141 2061 haec
163 2010 381 2078 quidem
406 2008 566 2062 ambo
593 2007 795 2078 egregii
822 2005 1010 2062 Patres
1039 2008 1322 2074 dixerunt;
1357 2010 1610 2079 quoniam

46 2109 89 2152 et
117 2101 164 2153 in
193 2101 313 2154 aliis
343 2099 506 2154 dictis
532 2099 644 2164 suis
664 2098 1186 2170 Apostolus-liquido
1211 2100 1366 2156 nobis
1392 2117 1627 2176 sensum.

47 2191 248 2256 indicat,
283 2191 471 2245 dicens
501 2209 514 2244 :
549 2190 702 2256 Quod
732 2191 870 2244 enim
911 2191 1045 2245 videt
1073 2193 1210 2256 quis,
1239 2193 1364 2262 quid
1393 2195 1614 2264 sperat?

46 2278 97 2333 Si
117 2292 283 2334 autem
308 2280 449 2350 quod
473 2297 576 2334 non
603 2280 856 2345 ridemus,
879 2275 1171 2350 speramus,
1195 2299 1286 2351 per
1303 2285 1611 2352 patientiam

43 2380 377 2436 exspectamus
419 2368 598 2438 (Rom.
629 2375 772 2441 vm).
824 2370 1170 2442 Perspicuum
1196 2389 1326 2444 ergo
1352 2382 1454 2437 est,
1483 2375 1610 2444 quia

42 2477 123 2529 per
147 2462 304 2515 fidem
337 2461 698 2524 ambulamus,
731 2470 786 2516 et
829 2453 935 2518 non
983 2478 1081 2532 per
1127 2465 1385 2534 speciem.
1428 2463 1613 2536 Neque

41 2553 167 2606 enim
211 2554 455 2608 videmus
499 2551 587 2610 hic
635 2555 799 2609 Deum
826 2596 841 2618 ,
896 2554 990 2611 scd
1041 2557 1314 2612 credimus
1353 2557 1406 2611 in
1438 2574 1606 2613 eum:

40 2645 149 2714 quia
185 2654 239 2700 et
271 2660 334 2700 ea
381 2661 504 2716 qua:
552 2647 824 2712 condidit,
871 2647 976 2704 ﬁde
1005 2648 1237 2702 dicimus
1281 2648 1349 2702 ab
1374 2664 1439 2702 eo
1470 2649 1610 2705 facta

40 2737 223 2801 fuisse;
279 2737 734 2807 quemadmodum
794 2754 985 2809 magna
1035 2737 1270 2810 Spiritus
1317 2756 1448 2795 voce
1498 2741 1611 2811 ipse

41 2830 314 2898 praedicat,
361 2829 551 2884 dicens
583 2847 598 2885 :
627 2826 764 2884 Fide
790 2829 1130 2900 intelligimus
1165 2841 1346 2901 aptata
1376 2849 1485 2884 esse
1512 2850 1611 2886 sa:-

38 2921 144 2973 cula
193 2917 356 2973 Verbo
401 2921 531 2986 Dei,
573 2930 626 2974 ut
668 2937 732 2975 ea:
776 2921 1118 2976 inuisibilibus
1162 2921 1385 2976 visibilia
1429 2922 1609 2991 ﬁerent

41 3010 211 3078 (Hebr.
268 3010 370 3081 xi).
433 3011 498 3064 Et
556 3011 981 3080 contemplantes
1017 3014 1343 3067 ordinatum
1401 3025 1606 3068 motum

41 3103 392 3156 universitatis
417 3143 432 3167 ,
483 3104 550 3157 ad
605 3103 1014 3173 intelligentiam
1062 3105 1307 3159 venimus
1342 3106 1432 3160 Dei
1459 3119 1478 3170 ,‘
1514 3108 1604 3176 qui

1716 1910 1929 1978 spurios
1975 1922 2028 1966 et
2072 1929 2175 1968 non
2232 1917 2480 1986 proprios
2528 1919 2782 1976 Ecclesia:
2825 1924 3109 1980 catholicae
3146 1925 3303 1990 ﬁlios,

1717 1998 1939 2054 minime
1969 2010 2024 2055 ut
2054 2001 2248 2060 fratres
2296 2006 2614 2076 admittere;
2663 2011 2774 2066 imo
2818 2029 2946 2069 vero
2992 2016 3308 2072 abdicantes

1715 2088 1941 2145 dicunt:
1979 2093 2166 2148 Semen
2211 2093 2468 2176 Chanaan
2509 2110 2557 2152 et
2604 2119 2705 2156 non
2750 2104 2893 2158 Juda
2940 2106 3100 2175 (Dan.
3142 2106 3300 2177 xtu);

1715 2171 1948 2236 scientes
1990 2183 2058 2237 ab
2096 2173 2433 2256 evangelista.
2473 2189 2656 2244 dicunt
2688 2206 2700 2244 :
2733 2171 2990 2248 Eaieruut
3031 2212 3096 2250 cx
3134 2200 3301 2264 nobis,

1714 2275 1805 2328 sed
1832 2293 1934 2331 non
1961 2290 2108 2332 erant
2134 2297 2197 2334 ea:
2226 2283 2392 2337 nobis.
2440 2283 2502 2339 Si
2532 2288 2666 2340 enim
2691 2300 2858 2343 essent
2890 2307 2953 2344 ex
2981 2294 3155 2358 nobis,
3181 2313 3304 2364 per-

1713 2369 2240 2450 mansissentgutique
2288 2373 2556 2428 nobiscum
2606 2376 2659 2448 (Ι
2687 2377 2850 2433 Joan.
2885 2384 2968 2450 ιι).
3011 2383 3076 2436 Ει
3105 2385 3300 2440 iterum

1713 2447 2082 2515 sacratissimo
2111 2462 2370 2532 Apostolo
2408 2466 2619 2522 dicente
2651 2483 2666 2522 :
2698 2469 2836 2545 Quia
2875 2447 3143 2527 intrabunt
3189 2486 3304 2544 post

1711 2548 1996 2604 discessum
2029 2569 2198 2606 meum
2247 2554 2370 2633 lupi
2400 2574 2584 2627 graves
2626 2561 2678 2612 in
2727 2578 2846 2627 vos,
2888 2579 2989 2616 non
3031 2579 3302 2633 parcentes

1711 2641 1873 2709 gregi,
1901 2652 1955 2694 ut
1979 2631 2242 2697 abducant
2266 2631 2551 2726 discipulos
2572 2660 2688 2718 post
2711 2668 2786 2705 se.
2819 2651 2888 2706 Et
2918 2631 3080 2707 videte
3103 2672 3166 2709 ne
3185 2673 3319 2726 quis

1712 2745 1797 2782 vos
1838 2731 2060 2800 decipiat
2101 2749 2193 2801 per
2232 2723 2614 2806 philosophiam
2663 2749 2711 2792 et
2766 2741 2974 2795 inanem
3029 2723 3301 2812 fallaciam

1712 2819 1850 2889 (Act.
1885 2822 1998 2892 xx).
2047 2821 2110 2875 Et
2138 2840 2325 2880 rursus
2353 2827 2493 2881 idem
2528 2846 2543 2882 :
2576 2829 2755 2882 Nolite
2787 2835 2928 2886 omni
2952 2835 3301 2908 spirituicre-

1710 2910 1831 2963 dere
1880 2910 1929 2980 (Ι
1957 2911 2119 2967 Joan.
2145 2925 2242 2984 tv).
2295 2915 2459 2972 Decet
2502 2934 2634 2990 ergo
2671 2908 3107 2995 unumquemque
3145 2927 3302 2983 Chri-

1709 3008 1966 3073 stianum,
2006 3012 2096 3080 qui
2133 3010 2295 3067 falsos
2337 3012 2502 3068 libros
2553 3015 2739 3082 audit,
2777 3019 2892 3094 .hos
2917 3034 3201 3096 exspuere,
3237 3037 3300 3076 ac

1710 3099 2014 3154 nullatenus
2032 3102 2338 3158 admittere.
2370 3103 2580 3159 Etenim
2612 3106 2718 3161 divi
2749 3111 2975 3184 apostoli
3006 3111 3071 3163 ad
3102 3111 3300 3167 Laodi-

41 3195 202 3248 omnia
243 3194 298 3248 ίη
348 3195 635 3265 sapimus.
664 3194 826 3251 rem,
851 3195 962 3250 ιιοο
998 3211 1128 3268 ergo
1155 3206 1238 3251 εει
1269 3212 1282 3250 ;
1315 3197 1602 3253 Perﬁde."
1633 3197 1677 3257 ί]
1707 3205 1901 3245 censes
1932 3191 2105 3247 fertur
2135 3195 2258 3249 Iicta
2293 3197 2517 3266 epistola
2551 3198 2604 3252 in
2639 3200 2958 3268 quibusdam
2992 3203 3144 3259 libris
3171 3221 3303 3275 apo-

42 3286 392 3349 ambulamus,
435 3295 492 3341 et
527 3302 634 3341 non
660 3302 757 3358 per
793 3287 1031 3357 speciem
1063 3306 1076 3341 :
1108 3297 1163 3344 et
1189 3304 1294 3344 non
1323 3299 1381 3343 ut
1416 3290 1514 3359 ipsi
1540 3306 1608 3346 ex

45 3379 520 3450 indisciplinatione
547 3379 740 3450 lingua:
769 3381 1129 3454 depravantes
1151 3395 1368 3436 sensum
1395 3392 1611 3451 aposto-

45 3470 206 3534 licum,
239 3472 292 3526 in
319 3472 710 3527 venerabilium
743 3473 1036 3544 imaginum
1065 3472 1354 3529 factionem
1387 3489 1612 3546 accepe-

44 3574 153 3618 runt
176 3565 317 3636 quod
339 3566 549 3621 dictum
579 3575 680 3621 est.
720 3565 989 3623 Doctrinis
1016 3584 1146 3640 ergo
1171 3569 1360 3638 patriis
1389 3569 1608 3634 auditis,

44 3655 129 3710 has
144 3671 454 3726 sequamur.
474 3667 532 3712 et
552 3666 872 3728 przesentem
897 3659 1189 3714 novitatem
1212 3659 1608 3725 abominemur,

44 3746 260 3803 dicentes
293 3767 306 3802 :
338 3745 496 3802 0divi
553 3748 827 3802 ecclesiam
871 3749 1275 3822 malignantium
1301 3788 1322 3820 ,
1377 3762 1426 3806 et
1488 3770 1608 3807 cum

43 3838 190 3906 impiis
213 3856 318 3895 non
343 3840 534 3896 sedebo
572 3839 742 3910 (Psal.
777 3848 926 3912 xxv).

526 3975 765 4040 TOMUS
788 3983 1110 4053 QUINTUS.
1199 3959 1205 3964 ’

413 4095 746 4167 Epiphanius
774 4097 1026 4152 diaconus
1051 4097 1171 4170 legit
1199 4114 1217 4151 :

102 4212 351 4278 Quoniam
383 4212 453 4266 ad
483 4211 749 4266 malitiam
790 4222 1072 4268 currentes
1099 4214 1264 4284 pedes
1300 4231 1507 4281 eorum,
1537 4217 1628 4279 ir-_

44 4304 164 4357 rctiti
184 4315 309 4360 sunt
332 4305 449 4361 suis
476 4303 716 4374 laqueis.
745 4319 873 4361 ecce
899 4315 1177 4361 ostensum
1201 4317 1304 4372 est,
1335 4311 1606 4364 neminem

46 4408 100 4446 ex
128 4396 201 4450 his
225 4397 317 4466 qui
352 4396 405 4450 in
436 4394 680 4450 Ecclesia
723 4396 913 4450 nutriti
958 4406 1115 4462 sunt,
1160 4397 1385 4468 gloriam
1418 4399 1512 4455 Dei
1553 4400 1606 4454 in

49 4485 308 4556 imaginum
362 4485 680 4551 facturam,
732 4485 817 4541 vel
865 4487 918 4540 in
966 4487 1125 4541 aliam
1175 4489 1606 4559 qualemcunque

1711 3281 1832 3335 stoli
1859 3279 2063 3350 jacere,
2090 3301 2252 3354 quam
2275 3285 2468 3341 Patres
2495 3291 2663 3344 nostri
2693 3293 3072 3362 reprobaverc,
3097 3304 3156 3349 ut
3177 3296 3302 3350 alie-

1711 3389 1833 3427 nam
1867 3377 1934 3427 ah
1963 3376 2080 3445 ipso
2110 3395 2122 3430 :
2151 3385 2207 3431 et
2251 3377 2528 3433 Manichtei
2574 3385 2872 3436 secundum
2913 3383 3178 3439 Thomam
3215 3387 3299 3440 in-

1713 3467 2004 3519 troducunt
2045 3467 2380 3538 evangelium
2404 3509 2420 3534 ,
2461 3471 2602 3539 quod
2650 3472 2914 3526 catholica
2942 3474 3181 3528 Ecclesia
3211 3478 3298 3544 pie

1712 3567 1968 3628 tanquam
1991 3559 2223 3615 alienum
2245 3564 2461 3617 avertit.
2490 3564 2564 3618 lta
2591 3575 2646 3618 et
2669 3581 2908 3634 praesens
2931 3569 3295 3624 testimonium

1711 3648 1906 3702 dicitur
1936 3650 2170 3717 quidem.
2205 3652 2297 3706 sed
2325 3668 2430 3726 non
2457 3665 2538 3724 est
2566 3657 2738 3712 sancti
2767 3656 2945 3712 Patris
2976 3661 3142 3714 nostri
3171 3661 3296 3731 Epic

1711 3740 1916 3812 phanii.
1937 3740 2065 3814 plpse
2095 3757 2325 3813 namque
2355 3747 2602 3817 egregius
2632 3746 2792 3803 Pater
2818 3752 3126 3819 octuaginta
3151 3754 3324 3820 capia

1712 3832 1941 3909 tutorum
1969 3834 2395 3908 editionefacta,
2433 3847 2658 3912 cunctas
2707 3839 2939 3896 lucreses
2981 3842 3321 3910 publicavit,

1623 3979 1628 3994 ε
1710 3937 1948 3993 paganas
1962 3924 2173 4001 scilicet
2195 3933 2249 3980 et
2264 3923 2538 3993 Judaicas,
2554 3936 2608 3982 et
2622 3938 2887 3998 quotquot
2900 3941 3020 3999 post
3035 3931 3267 3986 Christia
3279 3961 3296 3973 -

1713 4014 1946 4068 nismttm
1992 4015 2148 4070 facta:
2176 4027 2322 4084 sunt,
2361 4013 2566 4074 nullam
2589 4021 2870 4094 dimittens
2901 4040 2914 4076 :
2942 4034 2998 4079 et
3025 4025 3070 4079 si
3100 4025 3294 4097 imagi-

1711 4122 1838 4184 num
1869 4107 2157 4163 factionem
2184 4110 2415 4165 alienam
2446 4127 2474 4165 a
2520 4113 2739 4170 Christo
2777 4126 2980 4180 nosset,
3015 4118 3153 4173 hanc
3191 4119 3296 4172 uti-

1710 4217 1815 4272 que
1852 4204 1906 4257 in
1946 4220 2172 4259 numero
2223 4206 2499 4262 hmreseon
2543 4210 2840 4264 statuisset.
2896 4211 2961 4265 Et
3013 4228 3199 4267 rursus
3249 4214 3322 4268 si.

1710 4298 2075 4366 expositiones
2119 4300 2255 4364 has,
2307 4317 2427 4370 qua:
2469 4312 2595 4356 sunt
2634 4305 2906 4365 adversus
2960 4307 3298 4362 venerabiles

1711 4389 1994 4461 imagines,
2023 4373 2263 4446 Ecclesia
2291 4394 2640 4462 suscepisset,
2670 4410 2774 4448 non
2807 4396 2993 4463 utique
3035 4397 3296 4465 imagines

1711 4481 2061 4553 pingerentur
2105 4485 2173 4538 ad
2223 4465 2475 4540 ornatum
2507 4489 2933 4559 venerandorum
2977 4492 3295 4559 templorum

48 4586 381 4632 commutasse
411 4585 743 4632 creaturam,
903 4594 1046 4632 nunc
1073 4588 1128 4632 el
1164 4589 1482 4634 cancrorum
1512 4581 1606 4634 de-
1637 4567 1680 4623 υ
1708 4580 1762 4625 et
1790 4574 2360 4629 commemorationem
2387 4585 2648 4629 nostram.
2693 4577 2772 4630 EX
2987 4580 3128 4634 enim
3160 4581 3320 4634 SCl'i-.

49 4670 370 4724 structionem
403 4668 694 4734 faciamus,
734 4670 1076 4726 attxiliatrice
1104 4671 1307 4736 hahita,
1339 4687 1459 4740 qme
1496 4687 1601 4727 non

49 4757 269 4823 vincitur,
299 4760 550 4814 veritate.
605 4759 820 4813 Etenim
850 4759 951 4828 ipsi
987 4761 1371 4816 additamentis
1402 4761 1610 4840 malum

51 4848 290 4905 abundare
326 4850 590 4914 volentes,
620 4849 786 4904 etiam
817 4859 1035 4905 sanctos
1065 4849 1254 4906 Patres
1285 4852 1335 4904 in
1367 4853 1600 4906 medium

53 4939 393 5006 adduxerunt,
441 4957 540 5008 eos
589 4940 936 5008 obloquendo
982 4949 1169 4995 contra
1210 4941 1600 4997 venerabilium

54 5027 305 5102 imaginum
336 5036 605 5105 picturam
637 5031 838 5086 effatos
865 5030 1055 5098 fuisse,
1081 5033 1342 5088 addentes
1366 5049 1379 5085 :

361 5166 650 5240 Gregorius
681 5163 956 5233 episcopus
989 5163 1108 5235 legit
1139 5176 1158 5220 ‘:

111 5320 126 5350 ι
153 5302 307 5360 Porro
333 5306 554 5378 atqualia
594 5311 655 5357 et
689 5298 1060 5368 apostolorum
1097 5301 1344 5373 discipuli
1385 5310 1440 5356 et
1483 5316 1605 5357 suc-

61 5407 312 5451 icessores
335 5397 596 5467 deiloqui,
635 5387 902 5445 videlicet
929 5389 1114 5447 Patres
1145 5393 1317 5450 nostri
1355 5395 1600 5448 edocent.

58 5497 72 5526 ι
103 5479 217 5538 Dicit
241 5500 359 5557 ergo
386 5489 435 5542 in
481 5479 786 5556 patrandis
826 5477 992 5548 signis
1040 5481 1436 5540 famosissimus
1475 5484 1600 5554 Epi-

57 5589 70 5616 ι
97 5573 297 5637 phanius
330 5576 552 5648 Cyprius
594 5591 608 5628 :
662 5568 953 5626 Attenditc
991 5573 1274 5643 vosipsos,
1325 5583 1380 5629 et
1424 5583 1626 5644 tenete,

56 5665 370 5722 itt'aditicmes
429 5682 566 5737 quas
633 5659 1007 5727 suscepistis;
1075 5679 1144 5719 ne
1199 5665 1482 5722 declinetis
1532 5667 1598 5719 ad

56 5771 67 5778 .
101 5754 329 5778 .l-_.-____
387 5773 548 5778 ______-
599 5753 672 5778 -..1
713 5748 988 5778 ,ἀπῆρα-ιι...
1053 5754 1256 5778 Α-.ει.---
1294 5757 1404 5778 _--|.:

534 5773 548 5778 -
599 5753 672 5778 -.³
713 5749 988 5778 οἶαιῖοίιυι-ννι
1053 5754 1256 5778 Α-.ει..-,
1294 5755 1547 5778 ---Ι.2-.Ι“,.-ι
1585 5773 1594 5778 -

1711 4661 1883 4730 pluris
1907 4701 1921 4725 ,
1968 4677 2106 4729 quas
2137 4663 2393 4718 novitatis
2437 4674 2798 4733 praeceptores
2831 4668 2884 4720 in
2929 4671 3294 4724 testimonium

1709 4752 2026 4822 proferunt,
2077 4770 2262 4809 earum
2301 4756 2540 4834 habetur
2585 4758 2820 4814 eversio.
2871 4758 3104 4817 Sanctus
3151 4761 3298 4816 enim

1708 4845 2045 4915 Epiphanius
2090 4849 2423 4916 temporibus
2467 4861 2588 4906 erat
2635 4849 2922 4904 Theodosii
2952 4863 3006 4907 et
3032 4853 3248 4907 Arcadii
3283 4871 3296 4906 :

1707 4939 2072 4992 extenduntur
2117 4953 2248 5007 ergo
2296 4955 2469 5010 usque
2517 4944 2587 4998 ad
2658 4949 2980 5012 praesentem
3055 4943 3302 4998 haeresim

1711 5028 1863 5098 quasi
1892 5028 2019 5082 anni
2049 5030 2452 5104 quadringenti.
2477 5031 2550 5089 Et
2572 5036 2739 5092 libros
2765 5030 3027 5090 adversus
3048 5034 3310 5102 imagines

1711 5119 1890 5175 nullus
1928 5119 2365 5181 Christianorum
2417 5131 2674 5203 recepit,
2725 5121 2829 5174 nisi
2876 5120 3004 5182 falsi
3039 5125 3338 5198 prasentis.

1710 5214 1968 5268 novitatis
1995 5227 2300 5277 assertores
2328 5239 2342 5276 :
2375 5228 2431 5272 et
2469 5219 2519 5274 si
2564 5234 2643 5283 tot
2675 5215 2830 5272 annis
2859 5215 2913 5270 in
2945 5221 3186 5284 Ecclesia
3215 5234 3345 5274 non.

1709 5313 1836 5358 sunt
1865 5307 2088 5374 recepti,
2129 5323 2309 5377 neque
2354 5321 2502 5362 nunc
2551 5305 2907 5377 recipiantur,
2949 5327 3021 5368 eo
3050 5311 3189 5383 quod
3229 5307 3348 5362 ali-.

1708 5395 1926 5464 quando
1955 5397 2154 5466 recepti
2185 5414 2295 5454 non
2336 5396 2583 5460 fuerint.
2628 5395 2925 5469 Epistolam
2970 5405 3136 5466 enim,
3169 5412 3324 5467 quam

1709 5485 1926 5556 quidam
1955 5499 2143 5540 eorum
2180 5489 2503 5556 proferunt,
2567 5494 2713 5551 falso
2739 5494 3168 5564 suprascr-imam
3193 5485 3358 5551 ejusa

1708 5579 1828 5638 dem
1861 5579 2033 5638 sancti
2067 5579 2354 5647 Epiphanii
2385 5576 2739 5646 Cypriorum
2773 5577 2964 5635 insulzn
2994 5577 3234 5652 pmsulis
3268 5574 3360 5627 ad.

1707 5669 2070 5728 Theodosium
2099 5671 2492 5746 imperatorem
2544 5695 2660 5736 nos
2691 5673 2749 5727 in
2779 5670 3039 5742 manibus
3072 5665 3363 5734 accipien-.-.
