3916 5566
591 414 697 474 ιιθ

1750 407 2136 465 anasnsn
2166 384 2708 465 simoniacam!

3737 422 3813 480 ιω

592 528 772 584 nimus
796 541 850 581 ιιι
880 524 986 582 ﬁne
1010 523 1252 598 epistolae
1290 518 1616 578 sententiam
1656 514 1960 592 huiusmodi
1997 517 2174 574 conti-
2202 523 2248 581 Α
2278 517 2536 587 templum
2588 519 2974 575 dedicaverunt
3037 521 3090 576 in
3134 523 3453 595 Cypriorum
3527 526 3690 586 insula
3728 534 3813 603 ejus

590 617 708 673 neri
732 635 745 671 :
768 617 893 688 quia
918 616 1190 673 multoties
1218 614 1430 671 locutus
1459 627 1582 668 cum
1609 608 1993 667 comministris
2016 606 2171 674 meis,

589 719 652 764 ut
695 707 1359 778 auferreniurimagines,
1405 714 1653 774 receptus
1680 718 1786 757 non
1829 715 1949 757 sum
1977 701 2045 756 ab
2069 701 2169 766 eis,

591 817 766 872 neque
776 799 964 857 audire
978 813 1164 856 vocem
1180 812 1356 855 meam
1368 797 1559 852 saltem
1579 793 1851 866 paululum
1867 795 2009 866 passi
2024 805 2169 849 sunt.

589 893 937 949 lntendamus
963 905 1111 962 ergo,
1158 890 1248 960 qui
1298 888 1502 944 fuerint
1545 886 1879 957 temporibus
1906 885 2018 955 jam
2062 902 2174 942 me-

588 982 783 1037 morati
826 981 1002 1037 Patris
1037 982 1207 1037 nostri
1249 978 1534 1050 Epiphanii
1575 979 1628 1033 in
1672 979 1910 1034 Ecclesia
1938 978 2173 1034 illustres

589 1075 865 1145 magistri,
909 1083 964 1129 et
994 1072 1320 1145 incorruptae
1347 1071 1671 1127 munitiones
1700 1071 1951 1127 Ecclesia:
1977 1088 1991 1124 :
2025 1071 2172 1125 Basi-

584 1164 689 1222 lius
715 1181 941 1237 magnus
971 1166 1023 1222 in
1048 1181 1213 1237 opere
1241 1177 1297 1221 et
1335 1180 1586 1221 sermone
1608 1207 1623 1231 ,
1651 1162 1942 1235 Gregorius
1966 1178 2168 1235 cogno-

586 1267 769 1315 mento
815 1258 1154 1330 Theologus,
1203 1256 1494 1329 Gregorius
1543 1256 1888 1329 Nyssensium
1936 1256 2171 1312 civitatis

583 1347 801 1420 praesul,
853 1347 1018 1405 Pater
1059 1347 1282 1403 Patrum
1323 1347 1393 1402 ab
1433 1347 1685 1403 omnibus
1728 1347 2071 1409 nominatus:
2114 1355 2170 1402 et

581 1436 849 1505 Joannes,
884 1441 1039 1511 cujus
1066 1455 1098 1494 a
1131 1439 1309 1511 lingua
1335 1455 1438 1494 vox
1471 1438 1627 1497 melle
1655 1438 1861 1494 dulcior
1888 1438 2165 1503 eilluebat,

581 1528 725 1584 unde
768 1539 823 1585 et
874 1545 1173 1602 cognomen
1221 1529 1371 1584 aurei
1415 1530 1527 1584 oris
1573 1528 1802 1599 accepit.
1848 1528 2069 1598 insuper
2113 1538 2181 1603 et

578 1615 930 1686 Ambrosius,
959 1620 1368 1692 Amphilochius
1387 1660 1403 1685 ,
1432 1628 1487 1675 et
1523 1619 1753 1693 Cyrillus
1782 1617 2165 1691 Hierosolymi-

580 1717 759 1765 tanus.
795 1710 853 1767 Si
894 1711 1059 1781 igitur
1086 1712 1200 1782 ipse
1242 1710 1332 1781 qui
1373 1710 1695 1781 conscripsit
1733 1712 1922 1766 horum
1950 1710 2164 1782 exposi-

579 1799 781 1856 tionem
832 1800 1097 1857 dictorum
1145 1810 1331 1857 contra
1389 1800 1724 1856 venerabiles
1770 1800 2061 1872 imagines,
2106 1816 2166 1858 se

576 1981 690 2034 vita
720 1990 1059 2052 supererant,
1088 1981 1359 2053 quomodo
1389 1980 1523 2036 falsa
1551 1979 1691 2036 dicta
1718 1994 1836 2050 qua:
1866 1981 1965 2051 ipsi
1993 1981 2166 2039 sancti

577 2068 768 2126 Patres
807 2085 912 2126 non
954 2078 1308 2142 receperunt,
1349 2086 1448 2126 nos
1489 2069 1579 2141 qui
1632 2070 1686 2125 in
1735 2069 1897 2125 tinem
1937 2070 2165 2126 smcuio-

575 2174 696 2214 rum
732 2159 1048 2216 devenimus
1087 2167 1144 2217 et
1189 2159 1416 2217 scientia
1463 2174 1529 2215 ac
1564 2174 1816 2215 sermone
1854 2160 2164 2227 deﬁcimus,

573 2251 703 2321 quia
735 2267 834 2308 nec
857 2250 1103 2323 discipuli
1131 2264 1320 2308 eorum
1347 2251 1494 2324 digni
1527 2266 1714 2308 sumus
1743 2252 1947 2317 vocari,
1979 2263 2166 2310 contra

574 2343 876 2399 Ecclesium
907 2344 1269 2416 recipiemus?
1296 2345 1452 2401 Absit
1480 2345 1743 2401 scelerata
1782 2361 1846 2401 ac
1878 2346 2165 2403 temeraria

572 2434 858 2503 expositio.
898 2434 1205 2490 Caruerunt
1249 2443 1397 2491 recto
1441 2449 1690 2492 sermone
1727 2434 1898 2508 [recta
1932 2434 2163 2508 ratione]

572 2523 666 2594 qui
710 2524 815 2581 hoc
858 2532 1045 2581 contra
1090 2524 1387 2581 Ecclesium
1437 2525 1538 2581 nisi
1587 2534 1752 2581 sunt:
1800 2526 1855 2581 in
1890 2527 2045 2582 nobis
2093 2526 2165 2582 sit

574 2614 853 2671 Christum
905 2615 1540 2689 diligentibusApostoli
1596 2617 1829 2684 dictum,
1887 2628 2166 2675 teneamus

571 2708 890 2764 traditiones
920 2723 1053 2779 quas
1083 2709 1426 2780 accepimus,
1468 2719 1525 2764 et
1566 2707 1822 2781 profanas
1847 2722 2037 2766 vocum
2069 2725 2162 2767 no-

569 2797 766 2854 vitates
811 2799 1145 2866 devitemus,
1182 2806 1237 2854 et
1278 2798 1558 2856 mendacia
1610 2799 1726 2855 haec
1769 2813 1889 2855 esse
1928 2799 2164 2855 sciamus

570 2889 655 2961 (II
713 2889 891 2946 Thess.
941 2897 1008 2959 tt,‘
1055 2888 1120 2945 ΙΙ
1171 2888 1307 2946 Tim.
1359 2905 1444 2959 nt,
1497 2889 1634 2948 Tim.
1679 2891 1785 2961 tn).
1828 2890 1975 2947 Libri
2019 2893 2164 2948 enim

569 2982 743 3038 sancti
767 2981 946 3037 Patris
970 2982 1141 3039 nostri
1172 2981 1484 3054 Epiphanii,
1514 2982 1630 3038 sive
1654 2983 1746 3053 qui
1768 2983 1967 3037 dicitur
1985 2982 2162 3053 Ancy-

569 3082 742 3140 rotos,
771 3075 884 3131 sive
910 3074 1125 3145 reliqui,
1166 3075 1220 3130 in
1255 3089 1472 3131 omnem
1495 3075 1683 3130 orbem
1708 3085 1975 3130 terrarum
2004 3071 2161 3130 diﬂ‘a-

570 3172 808 3231 mantur,
855 3173 914 3220 et
957 3180 1123 3221 sonus
1159 3180 1348 3222 eorum
1378 3164 1649 3236 vulgatus,
1693 3174 1743 3220 et
1772 3163 2161 3234 propemodum

2280 608 2550 678 discipuli,
2575 611 2917 668 nominantes
2939 612 3339 684 iiiud'ejusdem
3361 620 3622 676 vocabulo
3648 622 3808 691 Patris;

2277 707 2332 754 et
2378 714 2501 755 cum
2543 699 2726 757 [multis
2773 701 2895 757 aliis
2936 703 3246 762 tituiaribus
3294 707 3523 777 picturis
3574 710 3813 782 imaginem

2276 788 2393 860 ejus
2423 792 2473 846 in
2513 791 2629 863 ipso
2659 793 2859 863 templo
2890 793 3226 851 locavenmt.
3257 797 3323 852 Et
3355 798 3401 854 si
3433 800 3537 854 iste
3571 801 3816 861 talitcrve-

2276 881 2596 936 nerabilium
2631 884 3036 941 abominaretur
3065 889 3265 942 vultum
3292 889 3613 963 imaginum,
3638 910 3817 964 quomo-

2274 966 2344 1024 do
2369 972 2612 1044 discipuli
2643 971 2758 1043 ejus
2790 975 3151 1047 imaginaliter
3175 977 3321 1034 hunc
3345 980 3724 1051 depingerent:
3748 984 3817 1039 iu.

2275 1061 2471 1126 dicate,
2495 1079 2685 1119 omnes
2710 1064 2802 1134 qui
2850 1067 3067 1130 auditis,
3103 1075 3159 1121 et
3184 1070 3467 1125 veritatem
3511 1087 3541 1125 a
3582 1075 3817 1128 mendacio

2274 1162 2557 1222 separate:
2589 1155 2714 1226 quia
2747 1171 2852 1211 non
2881 1156 3055 1214 Patris
3083 1159 3348 1216 editiones
3397 1162 3510 1226 hat,
3566 1162 3658 1217 sed
3690 1163 3819 1220 Mani-

2273 1245 2472 1299 chaicm
2495 1246 2741 1316 quaedam
2772 1256 2937 1302 sunt:
2970 1264 3105 1318 quas
3141 1248 3410 1320 fugiamus
3450 1264 3509 1307 ut
3556 1252 3673 1309 felle
3705 1270 3823 1310 ama:

2274 1334 2526 1392 ritudiuis
2553 1336 2779 1408 plenas.
2819 1338 2923 1409 Ipsi
2962 1342 3107 1396 enim
3143 1351 3198 1397 et
3247 1345 3583 1400 confusionis
3620 1346 3819 1402 introdu-

2272 1436 2448 1483 ctorcs
2477 1429 2619 1485 hanc
2648 1430 2879 1501 elligiem
2906 1432 3127 1490 minime
3152 1446 3503 1505 receperunt,
3529 1437 3719 1509 quippe
3740 1456 3817 1495 non

2272 1519 2540 1574 veraciter
2585 1519 2935 1576 bumanatum
2979 1522 3149 1579 Deum
3192 1524 3425 1582 Verbum
3477 1543 3644 1583 carne
3690 1528 3819 1586 fuisse

2270 1610 2700 1681 dugmatizantes
2718 1654 2733 1676 ,
2763 1614 2857 1669 sed
2881 1630 2979 1684 per
3006 1616 3347 1685 phantasiam
3377 1626 3430 1673 et
3466 1618 3818 1686 conjecturam.

2269 1697 2560 1769 Propterea
2604 1709 2660 1755 et
2703 1701 2790 1757 isti
2830 1702 3172 1771 phantasiam
3219 1705 3403 1776 passi,
3442 1706 3568 1763 aliis
3607 1723 3699 1778 pro
3732 1710 3820 1764 aliis

2210 1810 2211 1815 π
2270 1792 2561 1849 intellectis
2578 1834 2592 1858 ,
2623 1792 2904 1864 proferunt
2929 1794 3083 1851 lucc:

578 1905 685 1946 non
718 1904 993 1962 receptum
1033 1891 1164 1948 dicit
1207 1907 1239 1946 a
1284 1891 1486 1947 sanctis
1529 1888 1781 1946 Patribus
1816 1892 1907 1960 qui
1949 1900 2076 1945 tunc
2112 1889 2167 1945 in
2199 1878 2247 1939 Β

2674 1950 2956 2027 Gregorius
2988 1956 3260 2028 episcopus
3288 1914 3412 2028 legit
3432 1995 3451 2009 .

2341 2105 2360 2138 ι
2405 2085 2666 2143 Similiter
2693 2096 2872 2143 autem
2911 2096 2965 2144 et
3005 2087 3299 2160 Gregorius
3329 2088 3617 2161 deiloquns
3655 2090 3703 2144 in
3730 2105 3826 2145 car-

2270 2197 2289 2230 ι
2334 2178 2568 2235 minibus
2616 2180 2730 2236 suis
2778 2180 2945 2235 dicit:
2986 2178 3187 2253 injuria
3227 2191 3313 2236 est
3358 2182 3519 2237 iidem
3567 2184 3754 2238 habere
3786 2184 3823 2237 in

2271 2285 2290 2319 s
2336 2267 2632 2336 coloribus,
2661 2277 2716 2325 et
2743 2285 2846 2324 non
2882 2268 2937 2325 in
2963 2271 3146 2326 corde.
3180 2270 3309 2339 Quae
3336 2270 3480 2327 enim
3512 2272 3571 2327 in
3595 2272 3825 2328 colorilms

2271 2376 2290 2410 ι
2336 2367 2442 2425 est,
2475 2358 2634 2416 facile
2661 2358 2914 2415 diluitur:
2944 2375 3064 2432 qua:
3104 2376 3233 2418 vero
3263 2361 3318 2417 iu
3346 2360 3624 2435 profundo
3643 2364 3826 2427 mentis,

2269 2473 2289 2506 ι
2330 2452 2420 2510 illa
2449 2464 2534 2513 est
2562 2454 2693 2510 mihi
2723 2455 2993 2513 amabilis.
3042 2474 3063 2510 ι
3129 2454 3133 2461 ’

2655 2587 2990 2662 Epiphanius
3023 2590 3277 2648 diaconus
3305 2590 3428 2664 legit
3448 2609 3470 2647 :

2334 2724 2595 2782 Perverse
2664 2740 2853 2782 rursus
2901 2724 3292 2798 intelligentes,
3347 2734 3403 2782 et
3447 2724 3601 2782 aliud
3662 2727 3830 2783 dictum

2261 2817 2509 2890 Gregorii
2539 2816 2797 2889 'l‘beologi
2826 2816 3143 2889 proferunt,
3190 2816 3331 2890 quod
3364 2834 3395 2873 a
3431 2816 3605 2876 Patre
3645 2819 3831 2891 quidem

2264 2909 2336 2965 ita
2364 2910 2633 2982 prolatum
2662 2918 2783 2965 est:
3594 2916 3597 2925 ’

2323 3053 2501 3116 lnjuria
2525 3051 2765 3116 estan
2787 3050 2975 3103 habere
2991 3053 3042 3116 in
3064 3051 3327 3116 cohibes,
3350 3058 3515 3104 etnon
3536 3055 3593 3103 in
3616 3053 3833 3111 cordatus,

2288 3114 2391 3177 Qui
2414 3115 2628 3167 ﬂuentes
2648 3114 2932 3178 diluuntur;
2955 3114 3049 3166 sed
3069 3114 3186 3165 mibi
3218 3125 3415 3178 gratum
3435 3124 3516 3167 est
3554 3116 3832 3180 minutiam.

569 3268 670 3326 per
688 3255 999 3310 universam
1038 3253 1336 3312 Ecclesium
1375 3232 1550 3327 sparsi
1577 3265 1720 3325 sunt.
1752 3232 1953 3309 [larum
1981 3261 2161 3309 autem
2188 3232 2235 3295 α
2334 3264 2417 3323 Ab
2450 3263 2573 3323 is“;
2602 3274 2781 3323 autem
2811 3263 3130 3336 falsiloquiis
3155 3265 3227 3320 ita
3256 3283 3271 3319 :

570 3344 1000 3402 ratiuncularum
1062 3361 1183 3418 quae
1239 3355 1430 3403 contra
1498 3345 1840 3402 venerabiles
1900 3344 2165 3417 imagines

569 3444 931 3502 murmurant,
962 3436 1069 3492 duo
1097 3435 1178 3493 vel
1210 3445 1321 3493 tres
1356 3450 1455 3508 per
1481 3437 1791 3492 universum
1820 3435 2008 3492 orbem
2039 3433 2161 3490 libri

567 3540 677 3581 non
698 3526 1068 3591 inveniuntur,
1101 3527 1205 3584 nisi
1233 3526 1375 3585 forte
1399 3528 1609 3582 noviter
1637 3526 1827 3598 scripti
1851 3526 1960 3583 sint
1985 3544 1998 3581 :
2026 3535 2082 3582 et
2113 3526 2161 3582 si

565 3622 753 3669 essent
774 3614 887 3669 noti
913 3615 967 3671 in
991 3616 1256 3673 catholica
1281 3615 1547 3684 Ecclesia,
1568 3614 1711 3674 sicut
1733 3616 1821 3673 ille
1843 3616 1935 3687 qui
1961 3616 2163 3672 dicitur

567 3708 870 3776 Ancyrotos
902 3709 1074 3764 sancti
1114 3709 1431 3779 Epiphanii,
1480 3709 1533 3764 in
1563 3709 1816 3767 omnibus
1846 3713 1950 3765 est'
1972 3707 2161 3766 Eccle-

567 3798 666 3853 siis
687 3798 970 3866 dilatatus,
1013 3799 1088 3856 ita
1118 3809 1173 3856 et
1211 3801 1310 3871 ipsi
1346 3801 1552 3856 dilatati
1592 3801 1910 3857 existerent.
1950 3798 2057 3858 Sed
2101 3808 2161 3858 ut

567 3890 813 3945 extranei
840 3900 893 3946 et
925 3891 1086 3947 alieni
1116 3901 1172 3947 et
1199 3890 1377 3948 falsati
1396 3933 1412 3959 ,
1440 3892 1678 3948 nondum
1709 3892 1765 3946 in
1792 3890 2033 3948 Ecclesia
2062 3906 2158 3948 ca-

570 3983 769 4039 tholica
805 3985 1007 4055 recepti
1048 3993 1197 4050 sunt,
1232 3999 1408 4055 neque
1452 3994 1839 4056 apparuerunt.
1887 3983 2030 4056 Ergo
2057 3999 2177 4041 nec.

568 4086 737 4137 tiune,
781 4079 842 4127 ut
875 4087 989 4142 pax-
1025 4071 1123 4130 Dei
1172 4073 1226 4129 in
1268 4074 1521 4130 omnibus
1558 4072 1815 4130 Ecclesiis
1852 4082 1909 4131 et
1937 4074 2157 4145 antiqua

569 4162 793 4219 traditio
816 4164 993 4234 degat.
1024 4162 1111 4221 Ne
1125 4164 1382 4222 emittant
1407 4173 1591 4223 autem
1625 4164 1837 4238 linguas
1858 4164 2153 4237 vaniloqui,

567 4252 963 4310 calumniantes
1008 4269 1104 4312 eos
1146 4255 1242 4326 qui
1277 4256 1719 4329 recte~saplunt,
1771 4255 1916 4327 quod
1967 4264 2158 4313 sancto

569 4342 874 4414 Epiphanio
916 4345 1270 4401 adversentur
1318 4345 1372 4401 bi
1422 4346 1513 4416 qui
1560 4346 1830 4417 recipiunt
1875 4346 2155 4417 antiquam

568 4434 962 4507 legislationem
1003 4437 1287 4495 catholica:
1320 4437 1612 4495 Ecclesize:
1638 4438 1782 4508 quod
1813 4451 2152 4508 nequaquam

566 4541 755 4580 verum
800 4534 907 4582 est.
958 4525 1425 4598 Couscriptionem
1481 4528 1626 4584 enim
1678 4525 1981 4596 abjicimus,
2029 4542 2155 4583 san-

565 4627 714 4673 ctum
751 4632 879 4674 vero
911 4616 1128 4675 Patrem
1157 4619 1432 4677 doctorem
1464 4619 1720 4677 Ecclesia:
1747 4620 2027 4676 catholicae
2054 4636 2156 4677 no-

2185 4587 2232 4647 Ι)

2332 3357 2530 3428 lnjuria
2566 3364 2649 3414 est
2689 3355 2850 3413 iidem
2892 3356 3096 3412 habere
3127 3356 3183 3411 in
3221 3354 3529 3422 coloribus,
3565 3364 3625 3411 et
3662 3369 3761 3411 non
3789 3351 3836 3410 in

2262 3450 2446 3506 corde.
2486 3448 2618 3517 Quae
2660 3447 2802 3504 enim
2847 3447 2901 3503 in
2938 3446 3210 3504 coloribus
3238 3456 3354 3514 est,
3386 3445 3551 3503 facile
3599 3448 3835 3504 diluitur:

2261 3556 2384 3612 quae
2407 3554 2536 3596 vero
2565 3540 2618 3595 in
2649 3537 3167 3611 profundomentis,
3198 3537 3288 3593 illa
3316 3545 3399 3594 est
3423 3538 3563 3593 mihi
3588 3538 3834 3593 amabilis.

2260 3632 2667 3689 Obturaverunt
2697 3644 2886 3694 aures,
2938 3637 2993 3686 et
3032 3626 3218 3685 oculos
3248 3627 3601 3693 clauserunt,
3631 3636 3687 3683 et
3716 3636 3839 3682 recta

2237 3720 2561 3792 intelligere
2588 3717 2880 3776 noluerunt
2903 3716 2959 3774 hi
2983 3716 3077 3788 qui
3103 3724 3427 3787 spreverunt
3456 3714 3841 3772 ecclesiasticas

2261 3809 2601 3866 traditiones.
2640 3807 2929 3864 Auditione
2954 3807 3152 3878 quippe
3180 3805 3500 3871 audierunt,
3538 3816 3599 3861 et
3643 3820 3748 3860 non
3774 3808 3839 3858 in-

2261 3902 2620 3977 tellexerunt:
2668 3910 2725 3957 et
2761 3899 3008 3955 videntes
3036 3897 3321 3963 viderunt,
3350 3903 3406 3952 et
3434 3913 3545 3952 non
3598 3908 3842 3969 cognove-

2259 4002 2406 4050 runt.
2432 3991 2701 4050 Obctecati
2729 3990 2874 4046 enim
2901 3998 3029 4046 sunt
3050 3987 3249 4053 corde,
3282 3996 3340 4044 et
3371 3996 3638 4059 paternas
3665 3986 3843 4042 doctri-

2257 4099 2358 4142 nas
2370 4080 2488 4157 [Gr.
2514 4082 2665 4148 add.,
2696 4096 2761 4139 ac
2785 4067 3127 4151 traditiones]
3146 4088 3533 4150 perverterunt
3561 4080 3839 4136 sectmduia

2259 4189 2360 4231 sua
2390 4172 2681 4231 desideria.
2715 4170 2948 4228 Sanctus
2978 4182 3213 4241 namque
3249 4169 3549 4241 Gregorius
3579 4170 3842 4241 deiloquus

2258 4262 2313 4318 in
2341 4261 2585 4318 metricis
2605 4260 2936 4318 editionibus
2950 4260 3067 4315 suis
3086 4258 3409 4315 sententiam
3426 4272 3598 4330 quam
3620 4254 3841 4330 protule-

2258 4347 2387 4409 runt
2400 4351 2523 4423 ipsi,
2537 4352 2773 4418 dictans,
2789 4350 3078 4422 quemdam
3101 4349 3360 4406 moralem
3375 4364 3696 4406 sermonem
3716 4349 3845 4405 indu-

2256 4445 2354 4511 cit,
2370 4442 2671 4500 informans
2682 4442 2849 4498 vitam
2865 4451 3130 4507 nostram,
3144 4449 3204 4497 ut
3215 4440 3537 4497 recedamus
3549 4456 3584 4495 a
3601 4450 3845 4511 tempora-

2257 4534 2399 4590 libus
2421 4542 2478 4590 et
2499 4532 2790 4589 mundanis
2809 4532 3043 4603 negotiis
3063 4540 3120 4587 et
3136 4530 3444 4588 carnalibus
3464 4530 3842 4601 voluptatibus,

2258 4634 2421 4698 atque
2463 4633 2738 4681 sectemur
2770 4624 2937 4679 vitam
2972 4622 3309 4695 spiritualem
3346 4637 3468 4693 qua).
3499 4625 3576 4678 ad
3617 4622 3844 4679 emisti:

566 4709 762 4765 vimus.
794 4709 1005 4766 Etenim
1047 4712 1400 4768 sacratissimi
1430 4711 1637 4778 Patres,
1666 4712 1757 4782 qui
1794 4711 1849 4766 in
1878 4721 2071 4783 quarta
2099 4721 2157 4768 et
2255 4719 2434 4784 ducit;
2463 4726 2523 4774 et
2546 4733 2652 4774 non
2669 4716 2955 4774 credamus
2980 4716 3109 4772 huic
3134 4714 3356 4782 mundo,
3379 4724 3436 4770 et
3462 4716 3844 4788 temporalibus

565 4798 860 4855 universali
899 4807 1086 4856 sancta
1122 4799 1549 4857 Chalcedonensi
1597 4803 1803 4873 synodo
1839 4803 2153 4874 congregati
2254 4824 2375 4880 quae
2404 4823 2508 4864 non
2538 4814 2892 4879 permanent,
2932 4820 3033 4863 nec
3056 4805 3382 4876 perdurant,
3413 4818 3539 4875 quae
3568 4815 3631 4860 et
3655 4806 3846 4861 colores

564 4901 723 4958 sunt,
767 4891 1051 4963 epistolam
1088 4893 1304 4963 quidem
1346 4909 1467 4965 qua:
1516 4892 1715 4950 dicitur
1759 4895 1865 4951 ibte
1910 4891 2151 4967 episcopi
2254 4899 2589 4955 nominavit:
2631 4898 2729 4954 sed
2757 4898 3063 4954 hatreamus
3099 4896 3282 4967 potius
3309 4895 3661 4966 spiritalibus
3689 4905 3743 4951 et
3767 4910 3844 4949 ve-

565 4981 783 5038 Edessae
809 4984 876 5038 ad
897 4982 1068 5039 Marin
1093 4984 1314 5041 Persam
1339 4985 1952 5053 auathematizaveruut,
1985 4988 2149 5043 veluti
2255 4988 2355 5055 ris,
2385 5003 2506 5060 qua:
2534 4988 2587 5043 in
2615 4987 2780 5043 corde
2810 4985 3121 5041 firmitatem
3164 4986 3394 5050 habent,
3435 4994 3486 5040 et
3529 4996 3845 5054 pertinacem

566 5070 816 5128 Nestorio
852 5072 1314 5130 concordantem:
1355 5074 1609 5130 similiter
1634 5082 1690 5129 et
1734 5075 1934 5144 quintae
1962 5077 2155 5148 synodi
2258 5081 2311 5136 in
2342 5089 2624 5136 :eternum.
2652 5078 2787 5134 Nam
2818 5078 3076 5135 saeculum
3102 5088 3347 5133 nostrum
3382 5076 3673 5143 ﬂuxibile,
3711 5080 3845 5134 ineo-

565 5159 792 5217 Patres:
838 5163 984 5219 ibam
1011 5173 1193 5220 autem
1235 5179 1597 5235 nequaquam.
1634 5165 1749 5220 Non
1776 5165 1923 5220 enim
1964 5183 2152 5222 verum
2255 5167 2395 5224 latus
2420 5178 2502 5224 est
2528 5183 2766 5239 pra-scus
2791 5168 2921 5222 vita.
2953 5166 3109 5223 Sicut
3143 5167 3288 5222 enim
3313 5166 3466 5222 color
3486 5176 3551 5221 et
3582 5178 3846 5221 atramen-

566 5252 837 5322 apparuit,
868 5255 1012 5323 quod
1042 5253 1147 5311 lba:
1188 5255 1353 5312 fuerit
1381 5256 1607 5326 epistola
1634 5273 1648 5310 :
1686 5257 1813 5312 hinc
1844 5257 1897 5311 in
1926 5259 2175 5314 anatheor
2256 5268 2370 5314 tum
2398 5260 2507 5314 cito
2536 5259 2778 5325 diluitur,
2811 5258 2937 5313 licet
2974 5274 3005 5312 a
3041 5258 3247 5328 pictore
3283 5256 3664 5312 conﬁciantur
3695 5257 3796 5330 [vel
3820 5274 3846 5308 a

567 5346 836 5402 matismis
876 5361 982 5402 non
1028 5348 1177 5404 ibam
1228 5348 1560 5405 anathemati
1609 5349 2006 5417 submiserunt,
2055 5352 2151 5407 sed
2255 5351 2463 5422 pictore
2488 5349 2963 5423 transfer-matur]:
2997 5350 3073 5405 ita
3099 5349 3228 5406 etin
3270 5349 3471 5404 mundo
3494 5349 3642 5413 isto,
3674 5364 3846 5419 quem-

567 5436 790 5472 Ληῖιοιιιίη
800 5452 848 5468 m
